4068 6264
467 295 538 356 35
1401 324 1404 326 τ
1685 294 1896 366 ,ΕΠΤΗ
1907 293 2037 354 ΥΜΙ

2146 295 2466 356 ,IGABENI
2669 335 2674 338 -
2783 343 2785 345 .
3641 297 3712 358 36

468 409 638 468 ditus.
667 405 760 476 qui
794 420 896 460 nec
927 405 1042 474 ipse
1075 415 1258 462 rectus
1284 414 1402 460 erat
1423 407 1743 462 orthodoxa:
1766 409 1888 464 ﬁdei
1916 409 2036 463 eul-

2146 409 2294 476 δόξου
2325 413 2571 480 πίστεως,
2601 413 2714 468 ἀλλ’
2743 415 2806 468 ὲκ
2832 415 2928 484 τῆς
2953 414 3172 488 διδαχῆς
3198 409 3266 487 ἦν
3297 413 3389 468 τοῦ
3413 414 3712 485 Νεστορίου

468 509 574 556 tor.
593 498 688 552 sed
702 514 864 566 prava
882 499 1122 552 Ncstorii
1147 499 1397 554 doctrina
1419 499 1678 570 falsisque
1693 501 2036 571 dogmatibus

469 591 769 655 laborabat,
808 607 967 660 quem
996 590 1158 644 etiam
1185 591 1533 648 lllohatnedes
1589 608 1808 648 meraco
1854 593 2038 650 ebrius

469 683 641 751 gladio
672 696 771 732 suo
801 680 1021 742 occidit;
1048 695 1208 748 quant
1241 682 1310 735 ob
1345 697 1458 736 rem
1491 681 1598 735 vini
1637 692 1826 751 potum
1859 683 2066 738 iuter--.

472 770 627 824 dixit.
661 769 790 822 Post
813 778 1118 837 susceptam
1158 779 1337 822 autem
1375 779 1599 834 rectam,
1635 779 1692 824 ut
1731 771 1780 824 ei
1822 770 2035 826 videba-

469 869 573 920 tur,
600 860 936 928 religionem,
975 869 1081 912 tota
1117 861 1223 912 vita
1250 859 1371 928 ejus
1399 861 1536 914 nihil
1573 862 1718 914 aliud
1754 861 1856 916 fuit
1873 879 2038 932 quam

469 949 701 1011 luxnria,
751 949 1160 1014 obsceniactus,
1193 951 1476 1015 adulteria,
1510 951 1874 1006 masculorum
1909 969 2040 1007 con-

467 1043 705 1102 cubitus,
744 1041 941 1106 caedes,
985 1041 1292 1106 latrocinia,
1329 1043 1562 1110 injuriae.
1591 1044 1654 1096 Et
1684 1043 1728 1098 si
1755 1044 1886 1112 quid
1926 1044 2039 1098 dia-

467 1133 624 1187 bolus
661 1135 786 1186 mali
827 1131 978 1196 fecit,
1019 1135 1072 1185 in
1101 1133 1202 1187 hac
1251 1136 1438 1186 mundi
1463 1134 1723 1200 vanitate,
1763 1135 1818 1190 id
1849 1135 2038 1189 Moba-

469 1227 654 1280 tit-cdes
677 1240 891 1293 quoque
925 1224 1186 1294 patravit;
1218 1223 1326 1278 imo
1347 1233 1402 1278 et
1433 1234 1711 1292 parentem
1745 1241 1902 1280 suum
1938 1228 2040 1280 Sa-

469 1329 646 1372 tanam
665 1317 958 1384 superavit:
980 1318 1122 1384 quod
1143 1316 1183 1366 si
1211 1331 1305 1370 vos
1323 1318 1666 1384 negaveritis,
1687 1319 2042 1376 nihilominus

467 1408 716 1464 doctrina
757 1410 876 1476 ejus
915 1409 964 1460 id
999 1416 1250 1470 testatur,
1279 1418 1333 1462 et
1363 1409 1500 1464 facta
1529 1411 1641 1478 ipsa
1674 1412 2038 1468 conclamant.

469 1501 537 1552 At
589 1514 748 1552 verus
772 1509 960 1552 noster
979 1497 1418 1552 Christianorum
1449 1501 1590 1555 Dcus
1613 1503 1662 1554 in
1692 1503 1918 1572 impuris
1943 1505 2044 1557 hu-

464 1590 708 1658 jusmodi
741 1592 1100 1658 turpibusque
1135 1590 1448 1644 hominibus
1470 1607 1578 1646 non
1603 1593 1918 1663 requiescit,
1947 1595 2040 1650 sed

467 1681 624 1750 longe
655 1683 724 1734 ab
757 1683 840 1736 his
871 1682 1043 1736 abest.

542 1795 628 1846 M.
663 1795 800 1847 Audi
823 1799 1000 1863 itaque
1027 1797 1268 1864 politiam
1297 1795 1685 1866 ejus,vilaequc
1706 1797 2034 1858 mercedem.

467 1895 518 1936 et
543 1885 807 1938 doctrina:
833 1887 1059 1938 exitum.
1095 1889 1183 1940 Ait
1207 1903 1490 1940 numerum
1527 1886 1910 1956 prophetarum
1939 1887 2035 1941 Dei

469 1977 552 2029 sui
583 1978 748 2028 fuisse
771 1986 991 2028 centum
1017 1987 1070 2029 et
1093 1979 1282 2046 viginti
1315 1988 1548 2046 quatuor
1579 1977 1938 2030 millia.Nunc
1959 1979 2043 2032 di-

465 2068 572 2120 cite
601 2068 733 2120 mihi
769 2085 782 2120 :
818 2067 988 2120 fuitne
1031 2067 1138 2123 Deo
1169 2071 1432 2123 adversus
1454 2069 1684 2137 aliquem
1737 2069 1960 2134 bellum,
1989 2079 2050 2124 ut

467 2167 548 2211 tot
573 2158 929 2210 auxiliaribus
955 2160 1164 2229 egeret?
1187 2161 1265 2213 An
1285 2159 1600 2213 defecerant
1623 2159 1888 2213 adversus
1913 2177 2038 2214 eum

469 2249 666 2317 angeli,
700 2249 928 2316 ideoque
958 2258 1171 2303 tantum
1199 2253 1351 2318 quasi
1391 2250 1586 2303 vallum
1617 2249 1824 2304 ferebat
1855 2254 2056 2307 utubi-0

471 2354 588 2393 eum
637 2340 776 2394 bello
828 2341 1171 2410 opponeret?
1217 2343 1376 2410 Atqui
1415 2353 1598 2395 “Oslel'
1625 2357 1752 2396 vere
1801 2342 2049 2416 Christus

475 2434 634 2495 Deus,
667 2449 776 2486 uno
809 2441 1148 2487 terraemotus
1193 2434 1301 2487 ictu
1338 2443 1672 2499 consternat,
1710 2435 2047 2489 concutitur-

469 2540 576 2593 que
606 2526 800 2578 coelum
836 2540 898 2578 ac
928 2535 1068 2580 terra
1101 2537 1150 2580 et
1183 2541 1303 2594 qnze
1326 2527 1378 2578 in
1411 2536 1549 2580 terra
1579 2535 1728 2581 sunt.
1760 2526 2045 2596 Reliquum

469 2625 552 2668 est
582 2629 640 2667 ut
671 2616 802 2668 mihi
835 2616 1242 2680 demonstretis,
1269 2633 1367 2672 cur
1389 2632 1526 2686 opus
1552 2618 1716 2672 fuerit
1742 2629 1960 2672 centum
1985 2635 2048 2674 ac

469 2707 658 2775 viginti
681 2717 912 2774 quatuor
935 2708 1175 2762 millibus
1199 2708 1608 2778 prophetarum?
1620 2707 1888 2762 Caeterum
1910 2711 2048 2764 reci-

473 2806 582 2851 tatc
607 2799 762 2851 nobis
791 2799 1009 2852 nomina
1043 2799 1275 2862 illorum,
1305 2809 1358 2853 et
1393 2801 1537 2853 unde
1569 2799 1790 2867 fuerint,
1835 2810 1892 2854 et
1922 2787 2044 2855 illo-

477 2903 601 2942 rum
627 2889 846 2957 patrias,
875 2899 1036 2959 atque
1065 2891 1347 2944 stationes.
1376 2891 1505 2945 Nam
1527 2901 1809 2961 postquam
1832 2893 2049 2964 religio-

473 2993 534 3034 se
577 2981 660 3033 vel
693 2984 874 3050 potius
905 2982 1208 3051 irreligiose
1237 2983 1513 3046 vixerunt,
1561 2991 1772 3038 vestros
1829 3001 2045 3054 quoque

2139 507 2498 576 ἐσφαλμένων
2531 507 2820 576 δογμάτων
2847 523 2862 538 ·
2899 507 3080 560 ὅντινα
3113 508 3206 561 καὶ
3245 508 3540 577 μεθυσθεὶς
3571 504 3714 562 οἶνον

2139 597 2376 667 ἄκρατον
2403 598 2692 652 ἀπέκτεινε
2717 601 2780 668 τῇ
2813 597 2976 651 αὐτοῦ
3007 597 3254 667 μαχαίρᾳ
3287 614 3301 628 ·
3331 598 3424 650 καὶ
3449 598 3536 651 διὰ
3559 597 3716 652 τοῦτο

2141 690 2233 742 καὶ
2261 688 2357 758 τὴν
2388 689 2693 743 οἱνοποσίαν
2725 687 3014 742 ἐκώλυσεν.
3051 688 3206 742 Μετὰ
3229 688 3286 740 δὲ
3317 688 3416 760 τὴν
3447 689 3713 742 δοκοῦσαν

2140 780 2302 834 αὑτοῦ
2352 780 2680 847 θεοσέϐειαν,
2725 780 2754 849 ἥ
2807 781 3006 848 μᾶλλον
3047 780 3324 843 ἀσέϐειαν,
3366 781 3486 844 ὅλος
3530 783 3558 832 6
3603 781 3718 852 βίος

2141 871 2304 926 αὐτοῦ
2333 869 2400 943 ἦν
2431 872 2683 937 άσωτίαι,
2721 871 2949 942 πράξεις
2975 872 3224 941 αἰσχραὶ,
3244 875 3516 942 μοιχεῖαι,
3550 876 3683 945 (ipse
3703 905 3716 914 -

2141 966 2425 1030 νοκοιτίαι,
2461 965 2636 1033 φόνοι,
2676 964 2944 1035 ἁρπαγαὶ,
2983 963 3189 1017 ἀδικίαι
3215 979 3230 994 ·
3262 966 3356 1018 καὶ
3388 967 3442 1018 εί
3465 983 3514 1018 τι
3547 967 3716 1020 κακὸν

2142 1055 2398 1124 ἐποίησεν
2434 1056 2462 1108 6
2483 1054 2724 1117 διάϐολος
2755 1058 2812 1108 ἑν
2841 1055 2918 1126 τῷ
2949 1054 3139 1124 κόσμῳ
3168 1054 3342 1124 τούτῳ
3372 1056 3450 1126 τῷ
3478 1059 3714 1127 ματαίῳ,

2141 1148 2170 1198 6
2192 1145 2434 1213 Μωάμεδ
2461 1139 2616 1208 οὗτος
2645 1146 2921 1216 εποίησεν,
2949 1148 3044 1200 καὶ
3075 1146 3155 1198 ἔτι
3189 1145 3352 1198 πλέον
3381 1147 3476 1199 τοῦ
3509 1148 3716 1218 πατρὸς

2145 1241 2306 1294 αὐτοῦ
2344 1240 2436 1294 τοῦ
2477 1241 2712 1294 Σατανᾶ.
2749 1243 2856 1294 Καὶ
2893 1241 2987 1293 ἐὰν
3023 1243 3182 1310 ὑμεῖς
3213 1243 3538 1312 ἀρνήσεσθε,
3574 1246 3604 1311 ή
3637 1245 3718 1296 δι-

2143 1331 2408 1384 δασκαλία
2443 1331 2606 1384 αὐτοῦ
2639 1334 2906 1401 μαρτυρεί
2936 1331 3028 1384 καὶ
3061 1331 3160 1402 βοᾷ
3191 1332 3262 1384 τά
3295 1333 3620 1403 πράγματα.
3655 1334 3718 1387 ’0

2143 1421 2198 1474 δὲ
2227 1424 2432 1494 ἀληθὴς
2459 1425 2587 1488 Θεὸς
2614 1425 2771 1494 ἡμῶν
2799 1425 2910 1476 τῶν
2941 1425 3285 1493 Χριστιανῶν
3311 1427 3370 1478 ὲν
3405 1429 3516 1488 τοῖς
3547 1425 3719 1480 τοιού-

2141 1531 2258 1571 τοις
2293 1515 2602 1584 ἀνθρώποις
2647 1517 2890 1586 αἰσχροί;
2927 1517 3023 1569 καὶ
3066 1516 3399 1585 ἀκαθάρτοις
3443 1519 3542 1570 οὐκ
3587 1519 3720 1570 ἁνα-

2147 1607 2397 1674 παύεται,
2432 1608 2566 1661 ἀλλά
2591 1607 2688 1662 καὶ
2715 1611 2931 1679 μακρὰν
2960 1610 3156 1679 ἀπέχει
3187 1611 3284 1664 ἀπ’
3308 1612 3506 1667 αὐτῶν.

2223 1791 2302 1845 ιδ’.
2339 1792 2605 1844 ’Λκουσον
2639 1790 2768 1860 γοῦν
2801 1793 2900 1862 τὴν
2941 1793 3215 1848 πολιτείαν
3249 1797 3340 1849 καὶ
3377 1795 3583 1848 ἔπαθλα
3615 1796 3718 1865 τῆς

2150 1884 2293 1952 ζωῆς
2333 1883 2520 1948 αὐτοῦ,
2559 1885 2655 1936 καὶ
2699 1885 2766 1937 τὰ
2814 1883 3157 1956 πληρώματα
3197 1888 3295 1956 τῆς
3339 1888 3714 1955 διδασκαλίας,

2149 1974 2400 2040 λέγοντος
2438 1975 2521 2026 ὅτι
2559 1973 2790 2044 ἀριθμὸς
2823 1976 3059 2046 ὑπάρχει
3093 1977 3224 2046 (τῶν
3257 1979 3574 2048 προφητῶν)
3623 1981 3718 2032 τοῦ

2149 2064 2284 2116 Θεοῦ
2313 2063 2478 2116 αὐτοῦ
2507 2063 2746 2133 χιλιάδες
2789 2063 2986 2116 ἑκατὸν
3014 2067 3454 2136 εἰκοσιτέσσαρες
3491 2066 3590 2136 (ϐ).
3625 2066 3718 2118 M-

2151 2171 2291 2208 πατε
2325 2157 2491 2224 ἡμῖν·
2529 2151 2675 2224 εἶχεν
2703 2155 2731 2205 6
2765 2153 2896 2216 Θεὸς
2927 2153 3070 2207 κατά
3103 2171 3246 2216 τινος
3283 2153 3586 2226 [πόλεμονῙ,
3623 2157 3720 2209 καὶ

2150 2247 2325 2300 ἐδέετο
2357 2248 2674 2315 συμμαχίας
2703 2247 2959 2316 τοιαύτης
2987 2262 3000 2310 ;
3043 2247 3114 2298 "H
3142 2249 3458 2317 ἀπέστησαν
3487 2247 3636 2317 αὐτῷ
3667 2249 3716 2300 οί

2149 2337 2372 2406 ἄγγελοι
2409 2336 2600 2402 αὑτοῦ,
2638 2340 2734 2390 καὶ
2764 2339 2821 2390 ὲν
2851 2337 3032 2407 τούτῳ
3072 2337 3236 2406 ἔφερε
3277 2339 3528 2392 τοσοῦτον
3573 2339 3716 2408 πλῆ-

2151 2429 2240 2490 θος
2283 2429 2568 2496 φωσσάτου
2611 2427 2684 2498 (7)
2739 2429 2873 2498 πρὸς
2917 2428 2977 2480 τὸ
3020 2433 3242 2500 ποιῆσαι
3287 2429 3718 2499 ἀντιπαράταξιν

2151 2520 2426 2589 militum;
2479 2520 2589 2572 Καὶ
2619 2521 2728 2590 γὰρ
2785 2523 2812 2573 6
2857 2522 3129 2592 ἡμέτερος
3182 2521 3432 2590 ἀληθινὸς
3483 2522 3716 2590 Χριστὸς

2149 2615 2176 2666 6
2205 2611 2338 2674 Θεὸς
2369 2611 2525 2682 ἡμῶν
2549 2613 2637 2664 διὰ
2672 2615 2878 2682 μικρᾶς
2911 2613 3145 2682 στιγμῆς
3177 2612 3404 2681 σεισμοῦ
3435 2612 3718 2664 συστέλλε-

2147 2721 2259 2770 ται,
2301 2707 2394 2758 καὶ
2433 2707 2784 2777 συντρομάσῃ
2811 2706 2840 2756 6
2873 2704 3096 2775 οὐρανὸς
3131 2705 3223 2757 καὶ
3257 2705 3289 2773 ἡ
3323 2707 3392 2773 γῆ
3429 2706 3524 2757 καὶ
3555 2704 3624 2756 τά
3655 2705 3716 2756 ὲν

2147 2801 2214 2869 τῇ
2269 2801 2362 2868 γῇ.
2419 2799 2620 2852 Λοιπὸν
2676 2798 2888 2862 δείξατε
2945 2801 3076 2868 ἡμῖν
3133 2798 3214 2860 τίς
3275 2799 3310 2868 ή
3361 2799 3518 2868 χρεία
3577 2797 3716 2868 αὕτη

2148 2889 2254 2942 τῶν
2276 2889 2446 2944 εἰκοσι
2470 2891 2748 2960 τεσσάρων
2773 2893 2864 2944 καὶ
2888 2892 3083 2942 ἑκατὸν
3107 2889 3362 2960 χιλιάδων
3383 2890 3675 2958 προφητῶν
3697 2903 3716 2920 ο

2151 2981 2288 3054 πλὴν
2323 2983 2519 3054 φέρετε
2553 2984 2688 3054 πρὸς
2720 2984 2868 3052 ἡμᾶς
2897 2983 2966 3034 τὰ
2992 2982 3231 3050 ὀνόματα
3267 2981 3468 3046 αὐτῶν,
3497 2983 3590 3033 καὶ
3619 2981 3716 3032 πό-

469 3074 972 3140 pseudopropltctas
1002 3073 1371 3128 erudiverunt:
1394 3089 1622 3143 quorum
1649 3077 2037 3144 prophetarum

2147 3073 2236 3126 θεν
2268 3075 2410 3138 εἰσὶ,
2444 3074 2538 3126 καὶ
2587 3075 2651 3125 ἐκ
2693 3074 2848 3135 ποίας
2875 3075 3079 3143 χώρας,
3112 3075 3205 3126 καὶ
3237 3074 3301 3126 ὲκ
3336 3074 3492 3125 ποίου
3525 3073 3712 3124 τόπου.

471 3164 689 3216 nomina
735 3163 1082 3218 Moltamedes
1127 3165 1328 3235 scripta
1370 3166 1573 3234 reperit
1599 3167 1654 3220 in
1687 3169 1850 3222 herba
1915 3185 2048 3238 qua-

471 3255 616 3304 dam.
654 3251 879 3306 llerbam
901 3253 1040 3306 illam
1079 3257 1296 3318 coemit,
1321 3257 1506 3324 quaeei
1541 3257 1748 3326 profuit
1783 3259 1850 3313 ad
1895 3275 2046 3314 scor—

475 3341 733 3395 tationem
771 3355 1082 3410 protervam
1114 3353 1168 3398 et
1195 3345 1476 3412 eiIrcnem,
1508 3349 1642 3401 adeo
1673 3357 1734 3403 ut
1765 3365 2045 3420 nunquam

472 3432 592 3499 ejus
623 3433 889 3501 cupiditas
927 3445 980 3488 et
1001 3436 1224 3490 lascivia
1243 3437 1446 3504 expleri
1479 3440 1740 3507 potuerit.
1775 3439 1888 3495 Cur
1915 3459 2046 3515 ergo

475 3525 752 3578 hominem
789 3525 1084 3594 impurum,
1117 3527 1466 3595 homicidam,
1497 3541 1914 3600 praepotentem,
1963 3549 2048 3589 ra-

477 3631 684 3686 pacem,
721 3619 1006 3686 latronem,
1039 3621 1280 3689 planum,
1313 3623 1494 3678 dicitis
1524 3624 1846 3693 prophetam
1905 3626 2050 3698 lega-

477 3719 702 3779 tumque
742 3712 863 3765 De't?
891 3721 946 3766 et
973 3713 1116 3780 quod
1149 3715 1292 3768 Deus
1337 3716 1584 3784 angelum
1622 3731 1780 3770 suum
1839 3719 2050 3774 miserit

473 3803 540 3856 ad
578 3803 975 3858 Moltamedent?
1001 3808 1133 3870 Quis
1159 3807 1314 3861 adest
1345 3809 1520 3872 testis,
1542 3809 1689 3864 hunc
1729 3827 1760 3863 ι
1787 3810 1900 3866 Deo
1921 3811 2046 3866 mis-

475 3909 592 3947 sum
633 3909 754 3948 esse
783 3897 1104 3964 prophetam
1139 3914 1200 3951 ac
1251 3898 1524 3968 legatum?
1549 3900 1760 3965 Quibus
1786 3917 1848 3956 ex
1883 3905 2045 3958 mira-

477 3985 616 4039 Culis
646 3988 889 4041 ostendis
921 4003 1048 4042 eum
1083 3988 1425 4058 prophetam?
1463 3989 1688 4045 Ubinam
1719 3993 1886 4061 ipsius
1919 4010 2048 4063 pro-

477 4079 700 4146 phetiae?
723 4077 906 4142 Qualis
933 4079 1034 4132 fuit
1090 4081 1265 4148 angeli
1322 4081 1478 4146 visio,
1536 4097 1642 4149 qua
1695 4084 1784 4136 ille
1825 4087 2048 4142 edoctus

479 4169 580 4224 fuit
601 4172 854 4232 scortari,
881 4181 936 4222 et
953 4171 1222 4222 cinaatlum
1268 4185 1450 4239 agere,
1493 4172 1724 4240 aliisque
1763 4173 2048 4244 ﬂagitiosis

477 4261 691 4314 actibus
727 4274 946 4328 Operam
982 4260 1131 4324 dare,
1186 4275 1320 4327 quos
1341 4276 1440 4331 ego
1489 4263 1720 4318 recitare
1758 4266 2049 4333 prohibeor

479 4366 550 4404 ne
571 4359 807 4404 mentem
836 4351 1144 4404 auditorum
1179 4351 1486 4419 inquinent?
1515 4352 1656 4408 Vere
1721 4373 1896 4413 vanus
1932 4376 2052 4415 ves-

483 4453 562 4496 ter
599 4443 756 4506 Deus,
784 4445 1010 4511 ejusque
1045 4443 1290 4512 angelus,
1324 4445 1415 4514 qui
1445 4462 1538 4502 vos
1553 4447 1742 4504 docuit
1779 4466 1942 4508 omne
1966 4469 2053 4524 ge-

479 4549 582 4588 nus
615 4533 845 4588 luxuriat
873 4543 1108 4601 patrare.

2153 3165 2262 3215 Καὶ
2288 3163 2396 3232 γὰρ
2421 3164 2560 3232 μετὰ
2587 3163 2644 3214 τὸ
2669 3164 2992 3233 θεοσεϐῆσαι
3020 3165 3052 3234 ἢ
3091 3164 3292 3232 μᾶλλον
3319 3163 3586 3233 ἀσεϐῆσαι
3611 3163 3718 3214 ἐδί-

2147 3254 2312 3318 δαξαν
2335 3257 2424 3306 καὶ
2449 3255 2573 3318 τοὺς
2599 3255 3048 3325 ψευδοπροφήτας
3077 3255 3231 3324 ὑμῶν
3249 3271 3261 3284 ·
3290 3248 3364 3308 ὧν
3387 3255 3455 3307 τὰ
3479 3253 3718 3324 ὀνόματα

2151 3346 2330 3399 αὐτῶν
2393 3345 2502 3398 τῶν
2566 3346 2862 3416 προφητῶν
2925 3343 3054 3414 εὗρε
3127 3349 3488 3416 γεγραμμένα
3539 3347 3596 3397 ὲν
3649 3345 3716 3412 τῇ

2153 3437 2375 3508 βοτάνῃ.
2423 3437 2667 3506 Βοτάνην
2703 3439 3010 3509 ἐξωνήσατο
3065 3439 3518 3507 συμϐαλλομένην
3569 3437 3717 3505 αὐτῷ

2151 3535 2228 3592 εἰς
2253 3531 2509 3599 πορνείαν
2540 3531 2770 3600 ἄσχετον
2787 3533 2880 3585 καὶ
2906 3533 3226 3598 ἀκόλαστον,
3257 3532 3332 3593 ὡς
3364 3533 3436 3601 μὴ
3465 3531 3711 3600 κορέννυ-

2151 3619 2274 3674 σθαι
2316 3622 2478 3674 αὐτὸν
2527 3622 2626 3691 τῆς
2669 3623 2964 3692 ἐπιθυμίας
3007 3627 3102 3677 καὶ
3143 3625 3240 3693 τῆς
3285 3623 3555 3693 λαγνείας.
3599 3622 3719 3682 Πῶς

2149 3717 2241 3772 οὖν
2270 3719 2555 3790 ἄνθρωπον
2576 3721 2904 3791 ἀκάθαρτον,
2933 3721 3120 3786 φονέα,
3151 3721 3437 3788 δυνάστην,
3467 3718 3715 3788 ἂρπαγα,

2149 3811 2374 3882 λῃστὴν,
2401 3811 2622 3878 πλάνον,
2651 3812 2840 3880 λέγετε
2866 3813 3028 3866 αὑτὸν
3060 3815 3346 3883 προφήτην
3373 3813 3468 3864 καὶ
3489 3809 3720 3862 ἀπόστο-

2149 3903 2239 3957 λον
2269 3903 2442 3972 Θεοῦ;
2490 3907 2583 3958 καὶ
2621 3907 2704 3958 ὅτι
2742 3906 3062 3958 ἀπέστειλεν
3111 3909 3139 3958 6
3181 3905 3312 3966 Θεὸς
3354 3905 3442 3956 τὸν
3487 3901 3716 3969 ἄγγελον

2149 3997 2314 4050 αὑτοῦ
2341 3997 2474 4068 πρὸς
2497 3997 2590 4050 τὸν
2618 3997 2860 4068 Μωάμεδ
2882 4015 2897 4062 ;
2921 3998 3015 4060 Τίς
3035 3999 3184 4052 ἐστιν
3208 3997 3237 4048 6
3269 3995 3562 4066 μαρτυρῶν
3591 3993 3714 4060 περὶ

2151 4089 2367 4155 τούτου,
2393 4090 2476 4142 ὅτι
2507 4091 2572 4144 ὲκ
2597 4091 2731 4144 Θεοῦ
2759 4092 3016 4160 ἐπέμφθη
3049 4094 3333 4162 προτήτης
3361 4091 3454 4143 καὶ
3481 4089 3716 4141 ἀπόστο-

2149 4181 2276 4248 λος;
2315 4182 2409 4234 Ἐκ
2437 4183 2606 4235 ποίων
2634 4183 2874 4252 σημείων
2903 4183 3168 4244 δεικνύεις
3197 4184 3358 4234 αὐτὸν
3393 4183 3714 4251 προφήτηνῖ

2155 4274 2268 4328 Καὶ
2299 4275 2400 4328 ποῦ
2431 4277 2572 4328 εἰσιν
2601 4276 2658 4326 αἱ
2679 4275 2844 4328 αὑτοῦ
2873 4278 3233 4345 προφητεῖαις
3273 4274 3430 4327 una
3449 4274 3541 4324 καὶ
3561 4273 3718 4326 ὁποία

2077 4411 2130 4470 D
2153 4361 2222 4437 ἦν
2246 4369 2280 4436 ἡ
2307 4365 2402 4419 τοῦ
2425 4366 2657 4435 ἀγγέλου
2685 4366 2804 4433 θέα,
2835 4365 2902 4419 δι’
2934 4361 2994 4420 οὗ
3027 4365 3276 4434 ἐδιδάχθη
3307 4363 3592 4435 πορνεὺειν
3622 4365 3718 4416 καὶ

2157 4461 2656 4532 ἀρσενοκοιτεύειν,
2717 4463 2811 4514 καὶ
2870 4459 3035 4522 ἄλλας
3099 4459 3390 4526 ἀθεμίτους
3455 4455 3716 4527 πράξεις.

2151 4555 2210 4619 ἐξ
2255 4551 2328 4610 ὧν
2349 4559 2410 4610 οὐ
2450 4557 2684 4624 δύναμαι
2710 4556 2889 4623 λέγειν
2927 4554 3016 4606 διὰ
3043 4554 3107 4605 τὸ
3139 4550 3260 4604 νοῦν
3303 4550 3460 4618 ἡμῶν
3500 4548 3719 4618 μολύνε-

483 4650 637 4714 σθαι;
702 4647 941 4716 Ἀληθῶς
994 4647 1224 4716 μάταιος
1279 4650 1307 4701 ὁ
1361 4651 1491 4714 Θεὸς
1541 4651 1693 4722 ὑμῶν
1745 4654 1840 4708 καὶ
1881 4659 1909 4710 6
1947 4659 2112 4714 αὐτοῦ
2173 4652 2428 4724 ἄγγελος,
2495 4651 2552 4714 ὃς
2594 4649 2838 4714 διέταξεν
2887 4648 3030 4717 ὑμᾶς
3084 4643 3176 4698 τοῦ
3229 4645 3490 4714 πράττειν
3540 4643 3720 4697 πᾶσαν

476 4742 789 4796 ἀκολασίαν.

551 4837 635 4890 15.
667 4835 872 4890 Deinde
919 4836 1050 4892 dicit
1080 4837 1234 4893 vobis
1270 4844 1377 4895 tres
1408 4855 1528 4896 esse
1551 4841 1606 4895 in
1647 4845 1898 4913 paradiso
1945 4845 2053 4901 flu-

477 4929 616 4991 vios,
648 4943 876 4997 quorum
920 4929 1127 4997 primus
1171 4931 1328 4985 melle
1369 4931 1505 4998 ﬂuit,
1545 4934 1682 4987 alter
1725 4936 1882 4999 lacte,
1925 4938 2052 4992 vino

477 5021 691 5074 tertius.
738 5016 1200 5090 Kqua'nusquam
1253 5022 1494 5078 est.Jam
1537 5040 1812 5080 meracum
1861 5027 2046 5082 vinum

475 5115 741 5176 bibentes,
765 5118 1072 5170 necessario
1097 5117 1308 5182 ebriati,
1328 5129 1382 5172 et
1410 5121 1613 5189 absque
1643 5135 1810 5176 sensu
1853 5123 2045 5193 jacen—

477 5217 558 5264 tcs
604 5223 727 5264 cum
774 5208 1084 5278 gravedine,
1129 5211 1385 5268 paradiso
1427 5227 1534 5265 non
1583 5213 1859 5279 fruemini,
1901 5229 2044 5283 pra:-

479 5308 722 5368 terquam
746 5301 943 5354 laboris
969 5299 1156 5369 requie
1179 5319 1192 5352 :
1215 5309 1269 5354 et
1286 5301 1507 5355 honoris
1527 5301 1644 5357 loco
1670 5305 2043 5374 ignominiam,

477 5399 574 5453 pro
625 5401 790 5455 regno
823 5403 1063 5456 pinnam,
1099 5404 1456 5459 vermemquc
1525 5393 1742 5462 vigilem
1800 5395 2047 5463 experie—

478 5475 635 5562 mini.
660 5475 884 5531 Narrate
915 5481 1072 5536 nobis
1089 5481 1251 5536 etiam
1283 5481 1350 5536 de
1371 5483 1578 5538 can‘telo
1637 5485 1856 5552 femina,
1884 5502 2044 5553 quam

559 5617 633 5686 (6)
672 5617 761 5671 Sic
821 5619 1177 5676 afﬁrmantem
1215 5627 1729 5681 facitilohamedem
1755 5627 2052 5680 Zamcltasc

483 5689 664 5756 cerius
697 5689 837 5756 apud
875 5690 1196 5747 M't'accium
1226 5694 1282 5747 in
1308 5697 1635 5752 refutatione
1669 5713 1808 5750 surtu
1831 5699 1919 5749 22.

569 5755 645 5826 (7)
702 5755 989 5814 ιῐωσσάτον
1069 5765 1410 5830 vocabulum,
1467 5769 1608 5838 quod
1651 5767 1822 5822 ϐιηςοὶ
1891 5765 2052 5820 etiam

2221 4851 2306 4899 ιε’.
2359 4837 2491 4896 Εἶτα
2527 4840 2690 4893 πάλιν
2737 4837 2886 4905 λέγει
2932 4836 3068 4906 πρὸς
3101 4837 3245 4904 ὑμᾶς
3287 4835 3370 4888 ὅτι
3407 4838 3463 4888 ὲν
3496 4834 3574 4904 τῷ
3611 4849 3719 4886 πα-

2151 4935 2381 5008 ραδείσῳ
2415 4931 2525 4986 είσὶ
2574 4933 2723 5000 τρεῖς
2769 4927 3000 4996 ποταμοί
3022 4943 3038 4959 ο
3078 4927 3108 4978 6
3140 4927 3240 4995 μὲν
3270 4924 3350 4989 εἷς
3378 4928 3487 4996 ῥέει
3521 4927 3661 4991 μέλι,
3693 4929 3720 4978 6

2146 5029 2202 5080 δὲ
2241 5027 2425 5096 ἕτερος
2458 5022 2685 5090 γάλα,·ὀ
2715 5021 2771 5073 δὲ
2813 5021 2996 5089 τρε-τος
3038 5017 3232 5086 μεστὸς
3261 5019 3407 5070 οἰνου
3433 5033 3448 5048 ·
3481 5018 3622 5088 ὕδωρ
3662 5019 3720 5070 δὲ

2149 5119 2418 5187 οὐδαμῶς.
2483 5115 2644 5168 Ἀλλὰ
2693 5115 2784 5166 τὸν
2837 5109 2979 5164 οἶνον
3038 5111 3277 5178 ἄκρατον
3335 5113 3598 5174 πίνοντες,
3661 5111 3720 5174 ἐξ

2152 5213 2394 5280 ἀνάγκης
2432 5208 2494 5260 ὲκ
2535 5206 2634 5274 τῆς
2686 5203 2854 5273 μέθης
2882 5200 2976 5253 τοῦ
3005 5201 3246 5268 ἀκράτου
3277 5199 3422 5250 οἴνου
3476 5199 3532 5249 ὲν
3564 5199 3716 5249 ἀναι-

2155 5301 2352 5373 σθησία
2416 5299 2720 5368 κειτόμενοι
2765 5291 3233 5364 καρηϐαροῦντες,
3280 5291 3434 5342 οὐδὲν
3481 5288 3718 5342 ἀπολαύ-

2151 5409 2304 5447 ουσιν
2329 5395 2386 5445 ὲν
2415 5390 2492 5461 τῷ
2539 5387 2856 5459 παραδείσῳ
2904 5385 3018 5437 ἀλλ’
3059 5385 3089 5452 ἢ
3125 5385 3294 5436 κόπον
3322 5383 3580 5445 ἀνέσεως,
3621 5381 3721 5435 καὶ

2154 5485 2275 5538 ἀντὶ
2304 5483 2470 5555 τιμῆς
2499 5482 2744 5550 ἀτιμίαν,
2779 5481 2867 5532 καλ
2903 5478 3021 5530 ἀντὶ
3047 5477 3322 5547 βασιλείας
3351 5477 3594 5538 κόλασιν,
3623 5478 3719 5529 καὶ

2153 5625 2325 5678 multo
2364 5624 2703 5694 antiquiores
2753 5619 3043 5692 Eutltymio
3089 5637 3118 5675 a
3165 5619 3372 5674 Latinis
3426 5621 3538 5687 jam
3574 5621 3719 5674 esci-

2153 5705 2364 5750 \‘Cl’ﬂlll.
