4068 6264
282 344 339 406 31
1495 346 1953 410 DISPUTATIO
1990 350 2088 410 DE
2126 352 2329 413 FIDE.
3459 356 3531 416 33

288 455 534 524 σκώληκα
565 454 665 507 τὸν
702 454 1033 525 ἀκοίμητον.
1070 454 1273 512 Εἴπατε
1310 458 1443 528 ἡμῖν
1479 459 1573 513 καλ⁹
1605 459 1733 529 περὶ
1764 460 1866 529 τῆς

1966 461 2147 517 dicitis
2204 463 2259 517 in
2317 463 2568 533 paradiso
2614 463 2800 520 herbis
2832 466 3020 536 pasci,
3074 483 3191 539 quae
3249 469 3318 525 ab
3375 470 3531 528 initio

287 550 547 617 καμήλου,
575 547 649 617 ἦν
685 547 879 614 λέγετε
910 549 1216 618 νεμομένην
1249 550 1306 602 ὲν
1336 548 1413 619 τῷ
1445 551 1778 620 παραδείσῳ,
1817 552 1851 622 ἢ

1962 564 2142 608 creata
2207 555 2525 611 immortalis
2545 571 2667 612 esse
2722 558 2776 611 in
2799 560 3049 627 paradiso
3101 564 3318 629 meruit,
3370 574 3530 633 prout

288 645 399 694 κατ’
426 642 593 709 ἀρχὰς
639 638 931 691 κτισθεῖσα
978 640 1076 707 τὴν
1122 640 1424 693 ἀθανασίαν
1462 641 1652 695 ἔλαϐεν
1691 645 1747 695 ὲν
1776 642 1854 711 τῷ

1959 654 2139 697 vester
2168 648 2431 715 propheta
2460 648 2741 701 mentitur:
2784 665 2908 703 nam
2967 664 3114 705 certe
3168 653 3306 707 Deus
3346 666 3533 710 noster

292 735 629 805 παραδείσῳ,
683 730 1020 799 ψευδομένου
1067 730 1157 783 τοῦ
1195 732 1350 800 ὑμῶν
1395 738 1709 803 προφήτου,
1760 733 1851 786 τοῦ

287 826 417 879 Θεοῦ
464 826 620 894 ἡμῶν
666 824 1094 893 προπέμποντος
1129 823 1221 875 τὸν
1272 823 1441 893 Ἀδὰμ.
1492 825 1572 887 εις
1611 826 1710 893 τὴν
1749 825 1852 896 γῆν

288 920 341 983 ἐξ
386 913 453 987 ἦς
514 916 783 985 ἐγεγόνει.
856 917 962 967 Καὶ
1036 913 1223 966 ἔκτοτε
1275 914 1343 968 τὰ
1386 915 1564 967 πάντα
1627 916 1850 970 θάνατον

286 1010 607 1063 ὲνεδύσαντο
627 1022 640 1036 °
671 1008 808 1076 μόνη
840 1006 895 1057 δὲ
922 1008 953 1073 ἡ
984 1003 1230 1075 κάμηλος
1253 1006 1408 1075 ὑμῶν
1438 1006 1624 1059 ἔλαϐεν
1652 1007 1853 1061 ἀθανα-

286 1101 429 1153 σίαν.
465 1101 522 1152 El
564 1096 656 1151 οῦν
688 1097 958 1159 ἀθάνατός
989 1100 1134 1149 ἐστιν
1170 1099 1203 1168 ἡ
1253 1097 1499 1168 κάμηλος
1544 1098 1717 1167 ὑμῶν,
1754 1116 1851 1152 κα-

282 1190 385 1251 θῶς
421 1191 583 1258 ὑμεῖς
635 1205 808 1257 φατε,
855 1188 1005 1249 ἐντὸς
1046 1187 1141 1239 τοῦ
1180 1189 1513 1257 παραδείσου
1537 1226 1552 1251 ,
1583 1190 1703 1241 κατ’
1733 1189 1851 1252 ἔτος

280 1280 623 1349 αὐξανομένη
656 1281 781 1341 τοὺς
812 1277 1100 1339 τοσούτους
1144 1280 1390 1347 χρόνους,
1428 1280 1687 1346 ἐγέμισεν
1724 1280 1789 1332 ἂν
1822 1283 1851 1333 6

284 1373 611 1442 παράδεισος
642 1373 705 1422 ἐκ
745 1368 829 1422 τοῦ
869 1370 1035 1436 ὄγκου
1065 1370 1254 1439 αὐτῆς,
1291 1370 1382 1421 καὶ
1414 1370 1584 1433 οὐδεὶς
1617 1370 1724 1434 τῶν
1752 1372 1847 1424 ἀν-

280 1464 515 1532 θρώπων
544 1462 837 1529 δυνήσεται
868 1458 1128 1511 εἰσελθεῖν
1158 1462 1355 1516 ἐκεῖσε.

351 1548 450 1612 ις’.
518 1549 795 1610 Ὡσαύτως
851 1548 1037 1615 λέγετε
1088 1551 1182 1600 καὶ
1237 1550 1365 1611 περ)¹
1412 1547 1506 1601 τοῦ
1565 1551 1705 1614 Μὲκ,
1766 1552 1848 1603 ὅτι

278 1637 426 1701 οἶκος
457 1640 614 1693 Θεοῦ.
660 1639 948 1705 Λιγὸντων
988 1638 1144 1707 ήμῶν
1174 1639 1281 1691 τῶν
1326 1641 1669 1710 Χριστιανῶν
1712 1643 1848 1712 πρὸς

283 1735 456 1802 ὑμᾶς,
497 1733 671 1786 Πόθεν
710 1731 1015 1802 ἀπέρχεσθε
1074 1736 1165 1783 καὶ
1225 1736 1581 1802 προσκυνεῖτε
1626 1734 1846 1803 ἡμερῶν

1956 735 2220 788 Adamum
2240 737 2487 803 praemisit
2510 738 2562 789 in
2589 748 2807 805 terram,
2828 739 2895 793 de
2922 756 3025 809 qua
3042 753 3291 810 sumplus
3332 746 3526 800 fuerat.

1958 826 2033 880 Ex
2072 843 2178 896 quo
2204 837 2447 897 tempore
2483 830 2663 885 omnia
2712 833 2872 886 morti
2917 833 3138 887 fuerunt
3166 838 3419 896 obnoxia.
3443 853 3532 891 so-

1956 918 2115 988 laque
2139 929 2316 973 vestra
2341 922 2580 975 camelos
2606 923 3066 978 immortalitatem
3113 931 3300 980 sortita
3326 936 3432 982 est.
3471 926 3527 981 Si

1956 1024 2083 1079 ergo
2109 1010 2426 1065 immortalis
2455 1022 2539 1066 est
2566 1025 2742 1068 vestra
2777 1016 3034 1079 camelos,
3088 1028 3146 1069 ut
3186 1032 3281 1070 vos
3328 1019 3526 1078 dicitis.

1956 1099 2096 1152 intra
2134 1100 2443 1168 paradisum
2479 1118 2493 1166 ;
2524 1116 2692 1169 eaque
2723 1102 2952 1170 singulis
3002 1103 3158 1155 annis
3203 1120 3297 1171 per
3326 1116 3404 1158 l0t
3430 1123 3527 1158 sae—

1955 1190 2074 1243 cula
2105 1200 2351 1261 augetur,
2391 1202 2539 1244 certe
2565 1192 2844 1261 paradisus
2867 1194 3108 1262 pondere
3140 1194 3283 1249 illius
3323 1199 3523 1251 labora-

1957 1282 2058 1345 bit,
2094 1283 2385 1350 nullusque
2420 1282 2721 1351 jam;homo
2747 1284 3097 1353 illucingrcdi
3133 1290 3353 1353 poterit.

2027 1544 2114 1599 16.
2149 1543 2399 1599 Narratis
2425 1546 2630 1613 pariter
2671 1546 2736 1599 de
2777 1546 2980 1610 Mccca,
3025 1547 3166 1616 quod
3221 1547 3310 1599 Dei
3336 1551 3528 1603 domus

1956 1638 2045 1691 sit.
2095 1636 2430 1706 Rogantihus
2460 1645 2608 1690 certe
2641 1652 2734 1690 vos
2767 1638 3107 1701 Christianis,
3140 1655 3375 1707 quonam
3399 1642 3530 1692 ado-

1954 1745 2074 1783 rare
2098 1729 2333 1799 pergatis
2377 1737 2526 1783 tanto
2571 1728 2780 1782 dierum
2825 1730 3043 1798 spatio?
3088 1739 3139 1783 et
3186 1731 3402 1783 ubinam
3460 1732 3529 1784 sit

277 1824 499 1876 τοσοῦτο
536 1826 849 1894 micantia;
887 1826 980 1877 ml.
1017 1823 1093 1893 πῆ
1124 1820 1216 1875 οῦν
1238 1824 1266 1873 6
1293 1826 1457 1886 τόπος
1482 1826 1721 1891 ὲκεῖνος;
1752 1826 1845 1877 καὶ

1950 1822 2039 1875 ille
2084 1822 2235 1875 locus
2264 1821 2286 1874 ‘l
2311 1822 2487 1875 dicitis
2533 1823 2710 1886 nobis,
2746 1823 2875 1874 illud
2925 1837 3044 1875 esse
3083 1823 3378 1890 hospitium
3411 1824 3525 1889 Dei,

278 1916 409 1983 πρὸς
448 1917 594 1983 ἡμᾶς
632 1933 771 1985 φατε
815 1917 896 1968 ὅτι
922 1917 1161 1969 ὁσπίτιον
1185 1911 1252 1986 ἦν
1274 1915 1368 1966 τοῦ
1396 1915 1552 1978 Θεοῦ,
1584 1916 1844 1985 κελάρην,

280 2007 625 2074 ῆμαγῐριον,
676 2006 709 2075 ἥ
762 2006 1058 2077 ἀγχούρην,
1103 2005 1136 2075 ἢ
1192 2003 1451 2073 χαζήναν.
1504 2004 1845 2072 Σαφηνίσατε

277 2098 409 2167 ἡμῖι
461 2096 592 2168 περὶ
644 2096 736 2149 τοῦ
791 2098 1035 2150 τοιούτου
1087 2096 1367 2149 όσπιτίου·
1429 2095 1523 2147 καὶ
1597 2096 1715 2158 πῶς
1784 2096 1844 2148 ού

278 2188 579 2253 γινώσκετε
617 2188 707 2239 τδν
743 2187 914 2255 τάφον
945 2187 1039 2240 τοῦ
1080 2187 1347 2256 ὑμετέρου
1399 2186 1701 2256 προφήτου,
1753 2187 1847 2237 καὶ

270 2283 469 2347 τιμᾶτε
533 2279 695 2332 αὐτοῦ
764 2280 992 2348 λείψανα
1055 2279 1130 2341 ὼς
1202 2280 1483 2349 προφήτου
1561 2279 1654 2330 τοῦ
1706 2277 1844 2330 Θεοῦ

269 2372 367 2424 καὶ
408 2373 728 2423 ἀποστόλου.
771 2370 883 2424 Καὶ
934 2373 983 2423 εἰ
1030 2373 1127 2440 μὲν
1174 2372 1513 2424 ἀναπαύεται
1560 2372 1588 2423 6
1619 2370 1749 2433 Θεὸς
1787 2373 1845 2424 ἐν

268 2464 345 2531 τῷ
400 2464 626 2533 ὁσπιτξῳ
665 2463 861 2535 ἐκείνῳ
897 2465 990 2516 καὶ
1044 2463 1207 2531 μόνῳ,
1253 2462 1312 2526 ἐξ
1360 2462 1606 2530 ἀνάγκης
1640 2459 1708 2534 ἦν
1750 2462 1846 2514 καὶ

270 2556 509 2624 φοϐερὸν
542 2560 839 2625 μυστήριον
896 2559 952 2608 ὲν
1002 2553 1079 2623 τῷ
1121 2555 1272 2620 τόπῳ
1305 2554 1531 2624 ἐκείνῳ·
1586 2555 1614 2606 ὃ
1656 2572 1707 2607 τι
1742 2554 1843 2607 κᾶν

272 2649 432 2716 ὑμεῖς
478 2649 668 2715 εἴπητε
716 2648 777 2699 τὸ
827 2647 1196 2716 γεγενημένον
1249 2645 1376 2714 περὶ
1415 2644 1509 2697 τοῦ
1543 2646 1841 2714 μαγνήτου,

271 2739 399 2806 περὶ
425 2738 861 2806 πεπλανημένων
890 2738 1207 2806 θαυμάτων,
1241 2735 1275 2788 ἃ.
1316 2735 1516 2797 πάντες
1543 2736 1845 2805 κηρύττου-

273 2845 380 2881 σιν.
424 2827 586 2880 Ἀλλά
616 2832 706 2879 καὶ
736 2828 901 2889 αὐτὸς
935 2830 961 2879 6
987 2826 1153 2889 κύων,
1185 2827 1213 2878 6
1242 2829 1304 2878 ὲκ
1332 2826 1431 2895 τῆς
1461 2826 1656 2895 λίμνης
1694 2824 1845 2896 ἐξερ-

269 2922 494 2989 χόμενο;
526 2920 622 2971 καὶ
659 2921 794 2988 πρδς
828 2918 971 2987 ὑμᾶς
1004 2918 1329 2986 ἐπιφοιτῶν,
1355 2916 1412 2969 ὃν
1444 2918 1600 2985 ὑμεῖς
1626 2917 1842 2969 καλεῖτε

267 3013 427 3081 χάριν
470 3010 625 3062 Θεοῦ·
679 3010 845 3079 βαϐαὶ
880 3010 979 3079 τῆς
1023 3011 1279 3080 τοιαύτης
1321 3009 1718 3078 ἀπανθρωπίας
1749 3012 1842 3061 καὶ

270 3103 583 3170 ἁγνωτίαςῐ
635 3102 874 3154 Τοιαῦτά
943 3105 1047 3154 εἰσι
1102 3101 1195 3153 τοῦ
1256 3105 1534 3172 προφήτου
1584 3100 1736 3171 ὑμῶν
1776 3102 1842 3153 τὰ

267 3194 587 3263 ληρήματα,
620 3195 653 3246 ἀ
679 3195 762 3257 τίς
804 3192 913 3245 τῶν
947 3192 1005 3245 εὖ
1034 3192 1377 3263 φρονούντων
1420 3193 1706 3261 δυνήσεται
1762 3197 1840 3245 εἰ·

268 3290 423 3355 πεῖνς
457 3286 550 3337 τὸν
583 3285 964 3354 μεμισημένον
994 3285 1130 3336 κύνα
1160 3284 1320 3353 χάριν
1346 3283 1503 3335 Θεοῦ.
1535 3284 1644 3335 Καὶ
1682 3283 1842 3337 πάλιν

264 3382 291 3431 6
317 3381 479 3440 αὐτος
512 3377 757 3446 Μωάμεὸ
784 3377 1025 3428 διδάσκει
1057 3377 1229 3443 λέγων
1254 3377 1334 3427 ὅτι
1362 3375 1512 3436 ἐντὸς
1542 3374 1637 3426 τοῦ
1670 3391 1845 3443 παρει-

267 3469 444 3521 δεεσου
496 3467 839 3520 κατενώπιον
891 3467 1024 3518 Θεοῦ
1075 3467 1350 3528 ἀσυνέτως
1398 3467 1494 3518 καὶ
1534 3466 1844 3533 ἀκορέστως

268 3560 498 3628 πορνικὴ
533 3559 681 3627 μίξις
706 3559 919 3625 γίνεται
953 3558 1060 3627 (8)⁶
1103 3556 1356 3627 ὲπιλήψει
1392 3557 1503 3627 γάρ
1534 3574 1601 3626 με
1629 3557 1845 3626 διηγού-

270 3667 426 3718 μενον
460 3653 487 3701 6
532 3650 757 3719 χρόνος,
794 3650 881 3700 ἵνα
915 3648 987 3718 μὴ
1020 3648 1115 3700 καὶ
1150 3648 1312 3700 αὑτὸν
1342 3649 1434 3701 τὸν
1460 3650 1598 3718 ἀέρα
1635 3648 1845 3716 μολύνω

266 3742 629 3811 ἐξηγούμενος
661 3742 783 3803 τοὺς
820 3739 1270 3807 πεπλανημένους
1295 3739 1494 3808 λήρους
1519 3740 1613 3791 καὶ
1681 3758 1848 3809 μεμι-

269 3834 536 3901 σημένους
555 3833 746 3899 λόγους
777 3831 872 3882 τοῦ
912 3832 1179 3899 Μωάμεδ.
1216 3831 1377 3898 Λέγει
1419 3833 1446 3882 ὁ
1494 3831 1843 3900 Σαρακηνόςο

269 3925 591 3993 δενίκημαι,
628 3925 943 3991 νενίκημαι.
972 3917 1041 3973 Ὦ
1074 3922 1185 3983 πῶς
1220 3922 1431 3991 μεγάλη
1457 3923 1489 3990 ἡ
1519 3922 1703 3983 πὶστις
1734 3921 1843 3973 τῶν

267 4016 608 4085 Χριστιανῶν
630 4019 643 4070 l
667 4018 841 4085 Χάριν
868 4012 960 4069 οὖν
986 4015 1092 4083 ἔχω
1122 4014 1364 4085 σοινπερλ⁸
1393 4015 1488 4083 τῆς
1512 4013 1842 4081 θεογνωσιας

1948 1913 2211 1975 etdicitis,
2242 1914 2293 1965 in
2323 1912 2412 1967 Dei
2452 1912 2748 1981 hospitium
2772 1916 2891 1979 ejus
2912 1914 3139 1976 celarin,
3166 1924 3219 1966 et
3242 1916 3526 1984 magirion,

1948 2015 2003 2061 et
2053 2006 2385 2072 achurin,ct
2432 2008 2728 2063 cltazenan.
2788 2006 3087 2075 Explanate
3158 2007 3333 2067 nobis,
3381 2023 3529 2075 quae-

1948 2112 2154 2160 sumus,
2205 2099 2329 2167 quid
2355 2100 2424 2153 sit
2468 2099 2569 2152 hoc
2600 2099 2891 2167 hospitium
2942 2106 3040 2150 :et
3085 2100 3355 2165 quomodo
3405 2113 3530 2166 pro-

1950 2189 2124 2256 phetae
2155 2190 2316 2242 vestri
2358 2190 2667 2258 sepulcrum
2711 2190 2989 2259 ignoretis,
3013 2200 3067 2243 et
3104 2193 3224 2261 ejus
3274 2192 3531 2261 reliquias

1948 2280 2222 2335 honoretis
2252 2290 2308 2334 ut
2339 2282 2427 2335 Dei
2457 2283 2729 2350 prophetia
2750 2294 2911 2350 atque
2943 2282 3122 2351 legati.
3142 2284 3208 2337 Et
3238 2285 3516 2352 siquidem

1942 2372 2153 2424 habitat
2201 2370 2345 2424 Deus
2390 2372 2444 2423 in
2496 2372 2586 2424 illo
2636 2372 2891 2440 hospitio,
2925 2373 3232 2425 necessario
3279 2383 3517 2426 tri-nien-

1946 2464 2075 2517 dum
2104 2462 2420 2531 mysterium
2447 2472 2531 2516 est
2557 2464 2609 2515 in
2636 2462 2754 2516 loco
2772 2462 2862 2515 illo
2886 2479 2900 2516 :
2928 2464 3189 2531 quidquid
3213 2479 3313 2516 vos
3337 2464 3530 2518 dicatis

1946 2556 2013 2609 de
2040 2557 2103 2607 iis
2127 2571 2245 2623 quae
2284 2555 2391 2609 illic
2433 2555 2565 2608 fiunt
2591 2571 2686 2624 per
2724 2566 3031 2622 magnetem
3079 2556 3356 2625 prodigiis,
3401 2572 3521 2625 (lita:

1953 2662 2143 2700 omnes
2162 2647 2470 2700 buccinant.
2508 2645 2614 2699 Sed
2646 2654 2700 2700 et
2733 2649 2846 2715 ipse
2864 2648 3025 2701 canis
3043 2648 3109 2700 de
3137 2656 3328 2717 stagno
3353 2664 3530 2701 emcr-

1946 2753 2079 2805 gens
2120 2748 2173 2790 et
2203 2739 2271 2790 ad
2306 2752 2399 2791 vos
2450 2738 2749 2806 profectus,
2802 2754 2964 2806 quem
3016 2753 3113 2793 vos
3150 2736 3245 2791 Dei
3294 2740 3524 2806 gratiam

1945 2829 2242 2896 appellatis.
2272 2826 2427 2897 Papae
2452 2839 2652 2882 tantam
2672 2830 3121 2883 inhumanitatem
3146 2838 3200 2883 et
3226 2832 3521 2883 inscitiam!

1945 2912 2038 2967 ila:
2095 2924 2222 2967 sunt
2252 2917 2530 2984 prophetae
2564 2918 2729 2971 vestri
2763 2934 2936 2988 nugae,
2971 2934 3105 2986 quas
3154 2934 3379 2973 narrare
3404 2920 3527 2987 quis

1950 3008 2208 3061 cordatus
2239 3010 2441 3076 queat?
2500 3010 2919 3064 abominabilem
2952 3028 3147 3080 nempe
3186 3028 3374 3065 canent
3402 3027 3524 3065 esse

1945 3100 2167 3168 gratiam
2190 3100 2281 3153 Dci
2316 3105 2329 3154 l
2365 3101 2495 3155 Item
2528 3103 2876 3158 Mohamedcs
2899 3119 2996 3157 vos
3018 3103 3195 3166 docet,
3238 3104 3377 3155 intra
3427 3118 3524 3170 pa-

1947 3192 2183 3245 radisum
2232 3203 2357 3246 ante
2383 3206 2733 3263 conspectum
2786 3196 2875 3248 Dei
2909 3195 3102 3248 stolide
3129 3202 3182 3246 et
3235 3194 3523 3247 insatiabi—

1943 3281 2064 3335 liter
2106 3282 2460 3337 fornicariatn
2521 3287 2769 3352 copulam
2834 3282 3185 3351 frequentari.
3258 3282 3525 3335 DeStituet

1944 3389 2031 3426 me
2059 3384 2271 3443 tempus
2300 3376 2423 3429 talia
2478 3384 2811 3432 narrantem.
2854 3374 3143 3443 ipsumque
3199 3391 3380 3428 aerem
3438 3375 3527 3427 in-

1944 3465 2306 3533 qtrinaverim,
2334 3465 2378 3517 si
2405 3464 2589 3533 plenas
2620 3465 2851 3517 falsitate
2875 3477 3063 3532 nugas,
3091 3474 3144 3516 et
3169 3462 3530 3517 detestabiles

1949 3556 2283 3612 Mohauiedis
2297 3572 2574 3611 sermones
2598 3536 2798 3611 rcferre
2817 3557 2998 3609 velim.
3034 3558 3167 3609 Dicit
3194 3554 3529 3608 Saracenus:

1953 3649 2141 3704 Victus
2176 3667 2317 3712 sum.
2354 3665 2548 3703 manus
2581 3650 2669 3701 do.
2703 3648 2876 3712 Quam
2928 3662 3120 3713 magna
3153 3654 3239 3698 est
3267 3644 3525 3697 Christia-

1952 3758 2146 3796 norum
2184 3745 2314 3795 fides
2338 3742 2350 3794 Ξ
2376 3742 2490 3811 Ago
2531 3741 2691 3810 igitur
2739 3740 2832 3793 tibi
2860 3739 3061 3809 gratias
3090 3738 3154 3789 dc
3195 3738 3293 3788 hac
3326 3735 3524 3787 tradita

1951 3834 2088 3887 mihi
2120 3833 2211 3885 Dei
2244 3832 2457 3893 notitia,
2484 3845 2516 3882 ο
2548 3831 2708 3881 homo
2733 3829 2849 3881 Dei.
2876 3828 3008 3879 Nam
3040 3841 3157 3892 quau
3196 3840 3291 3876 vos
3322 3824 3525 3885 dicitis,

1951 3938 1983 3976 0
2014 3921 2326 3983 Christiani,
2354 3934 2477 3973 vera
2510 3927 2656 3971 sunt.
2694 3917 2834 3969 Deus
2860 3918 2976 3985 ipse
3021 3915 3195 3968 testis.
3234 3911 3513 3967 Adesdum

1950 4030 1983 4069 ο
2012 4013 2105 4067 Dei
2141 4011 2367 4077 famule,
2400 4009 2725 4079 baptismum
2760 4008 2891 4061 mihi
2925 4006 3251 4073 impertitor.

267 4114 493 4184 ταύτης,
529 4109 575 4166 ὧ
631 4113 727 4164 τοῦ
782 4112 918 4164 Θεοῦ
966 4112 1243 4181 ἄνθρωπε·
1277 4111 1347 4163 τὰ
1392 4112 1498 4181 γὰρ
1544 4109 1675 4181 παρ’
1728 4112 1881 4181 ὑμῶν
1934 4114 2206 4184 λεγόμενα
2260 4111 2370 4165 τῶν
2420 4107 2759 4178 Χριστιανῶν
2811 4105 2986 4176 ἀληθῆ
3041 4106 3213 4154 εἰσιν·
3258 4100 3458 4169 Κύριος
3494 4096 3523 4147 6

264 4205 387 4269 Θεὸς
420 4210 699 4277 μαρτυρεί
718 4220 737 4237 ⁸
758 4210 854 4260 καὶ
875 4205 1052 4277 δεῦρο,
1086 4207 1238 4259 δοῦλε
1267 4204 1425 4271 Θεοῦ,
1464 4204 1727 4275 summa,
1754 4222 1846 4276 με.

330 4410 453 4464 Dixi
491 4409 738 4477 superius
772 4424 854 4460 me
887 4406 1209 4476 Panopliam
1239 4409 1525 4476 quamdam
1563 4408 1813 4461 adversus
1846 4405 2173 4459 Mohamedis
2221 4411 2421 4458 sectam
2462 4405 2557 4454 hoc
2598 4399 2860 4454 volumine
2892 4398 3222 4460 instruxisse,
3279 4396 3522 4467 Attamen

265 4505 492 4572 reliquus
548 4513 623 4554 est
682 4501 737 4552 in
773 4500 882 4553 alio
913 4500 1088 4552 codice
1125 4498 1380 4552 Vaticano
1435 4499 1686 4568 Dialogus
1740 4496 2025 4552 Christiani
2060 4497 2284 4550 hominis
2334 4509 2452 4548 cum
2488 4493 2788 4557 lsmaelita,
2824 4490 2972 4557 cujus
3008 4500 3181 4541 tamen
3218 4503 3307 4554 ego
3338 4487 3523 4554 scripti

256 4601 459 4651 annm‘u’
509 4600 665 4649 breve
701 4596 969 4662 specimen
1010 4594 1292 4663 proferam,
1325 4610 1387 4648 ne
1416 4592 1572 4663 plura
1604 4594 1781 4660 capita
1811 4592 2092 4652 cumulem,
2121 4607 2237 4660 qua:
2277 4589 2487 4644 easdem
2529 4589 2635 4658 fere
2673 4587 2985 4655 objectiones
3018 4583 3374 4653 responsiones
3392 4599 3515 4652 que,

256 4693 471 4744 mutatis
499 4687 697 4753 verbis,
730 4688 1021 4740 continent.

288 4874 635 4928 ΔΙΑΛΕΞΙΣ
665 4871 1134 4925 ΧΡΙΣΤΙΑΝΟΥ
1168 4867 1297 4923 KAI
1340 4868 1816 4922 ΙΣΜΛΗΛΙΤΟΥ
1849 4863 1931 4919 ΔΓ
1970 4862 2624 4919 ΕΡΩΤΑΠΟΚΡΙΣΕΩΝ
2672 4861 2859 4915 ΠΕΡΙ
2925 4864 3055 4918 ἸἩΣ
3092 4862 3490 4917 ΑΜΩΜΙΙΤΟΥ

1395 4962 1715 5014 ΠΙΣΤΕΩΣ
1756 4960 1894 5013 ἹῺΝ
1924 4959 2207 5011 ΧΡΙΣΤΙΑ
2220 4957 2389 5011 ΝΩΝ.

264 5095 612 5159 DIALOGUS
652 5094 1078 5155 CHRISTIANI
1128 5096 1274 5151 CUM
1320 5094 1713 5151 ISMAELITA
1770 5091 1913 5146 PER
1953 5088 2621 5148 INTERROGATIOIVES
2673 5087 2768 5143 ET
2819 5086 3383 5143 RESI’ONSIONES
3423 5085 3521 5139 DE

1106 5184 1810 5241 IRREPREHENSIBILI
1848 5182 2420 5238 CIIRISTIAA'ORUM
2463 5181 2669 5235 FIDE.

335 5399 390 5452 '0
419 5400 648 5454 ΧΡΙΣΤ.
704 5392 1033 5467 Ὁμολογεῖς
1073 5389 1163 5443 τὸν
1210 5388 1447 5462 Χριστὸν
1478 5385 1619 5443 εἶναι
1663 5389 1835 5455 Λόγον

259 5495 343 5550 mi
368 5496 587 5568 Πνεῦμα
618 5491 787 5557 Θεοῦ,
815 5489 897 5551 ὡς
929 5488 1132 5555 λέγεις,
1163 5484 1410 5549 κτιστόν;

2014 5386 2291 5442 CllRIST.
2314 5384 2523 5440 Fateris
2560 5386 2794 5442 Verbum
2821 5384 3191 5452 Spiritumque
3232 5379 3325 5433 Dei
3357 5381 3516 5437 tlhri-

1945 5488 2089 5533 stum
2122 5493 2264 5543 esse,
2294 5493 2451 5547 quem
2493 5485 2673 5531 tamen
2703 5485 2941 5530 creatum
2972 5472 3106 5526 dicis
3135 5472 3158 5525 2

308 5724 525 5795 (8)1.oc
558 5725 883 5795 perperam
921 5709 1188 5795 imputari
1234 5724 1437 5791 Corano
1465 5709 1533 5763 ah
1581 5705 1850 5795 imperitis
1958 5703 2402 5795 adnotationibus
2451 5700 2517 5753 ad
2548 5699 2790 5755 Nic-ctam
2852 5702 3229 5774 Byzantinum,
3298 5720 3350 5771 p.
3397 5702 3523 5767 5l9,

238 5776 774 5868 legend-iqdr‘ahicos
809 5782 991 5837 libros
1006 5776 1236 5845 Graecis,
1256 5781 1366 5850 jam
1406 5777 1749 5837 ostendimus
1782 5776 1835 5829 iu

1946 5775 2073 5828 adn.
2108 5778 2161 5828 ‘3.
