4068 6264
489 307 564 372 39
1742 306 2095 369 EUTHYMI

2163 308 2525 373 ZIGABENI
3684 314 3757 379 40

558 417 944 476 ISMAELITA.
976 418 1174 489 Utique
1207 418 1285 476 sic
1324 434 1449 476 eum
1476 418 1599 476 dico
1620 419 1688 474 ".
2103 431 2147 486 Α

2103 431 2147 486 Α
2268 422 2327 476 Ὀ
2362 424 2813 484 ΙΣΜΑΗΛΙΤΗΣ.
2862 429 2971 484 Ναὶ
2994 428 3165 491 οὕτως
3185 426 3330 498 λέγω
3358 429 3539 485 αὐτόν.

557 511 667 565 C'H.
728 511 909 579 Ipsum
942 527 1072 566 vero
1104 511 1295 577 Deum,
1331 521 1650 568 ereatumne
1685 508 1820 566 dicis
1870 524 1936 563 an
1986 509 2071 564 in-

2002 524 2071 563 ,n-
2249 516 2317 570 X.
2360 516 2472 569 Kal.
2500 517 2591 569 τὸν
2617 516 2749 571 Θεὸν
2780 519 2996 572 κτιστὸν
3024 519 3225 587 λέγεις,
3255 519 3288 589 ἢ
3319 518 3608 585 ἄκτιστον;

490 609 734 656 creatum
760 601 782 653 ?

561 693 577 747 Ι
601 694 788 746 .Deum
825 694 1124 748 increatnm
1152 694 1257 747 aio.

2250 698 2294 750 1.
2334 698 2622 750 ’Ἃκτιστον
2655 698 2797 767 λέγω
2829 698 2919 752 τὸν
2955 698 3110 752 Θεόν.

561 783 671 837 Cll.
720 784 1026 854 Spiritalem
1081 784 1509 855 rationalemque
1571 783 1713 839 dicis
1772 781 1967 847 Deum,
2004 796 2073 837 an

2247 789 2315 842 Χ.
2352 788 2638 859 Ἐμπνουν
2666 790 2763 844 καὶ
2802 789 3019 858 λογικὸν
3043 789 3233 843 τοῦτον
3258 790 3351 845 τὸν
3373 788 3505 844 Θεὸν
3538 789 3716 860 λέγεις
3734 833 3748 858 ,

492 876 770 950 secus?”
834 948 844 950 _
1153 947 1162 950 Α
1504 946 1514 950 _

759 946 844 950 __
1153 947 1162 950 -
1504 946 1514 950 _
2177 878 2345 950 ῆοῠς

559 944 600 997 l.
631 946 937 1014 Spiritalem
962 961 1026 1001 ac
1064 945 1438 1000 rationabilem
1467 946 1574 1000 aio.

2250 976 2295 1027 Ι.
2332 973 2614 1041 Ἕμπνουν
2643 972 2738 1025 καὶ
2764 970 2981 1039 λογικὸν
3008 971 3197 1025 τοῦτον
3224 972 3388 1042 λέγω.

476 1092 480 1101 _
562 1034 671 1089 CH.
722 1036 834 1105 Age
912 1052 1039 1091 vero
1096 1037 1343 1091 Chistum
1413 1038 1652 1093 Verbum
1689 1035 2078 1117 .Spiritumque

2250 1066 2318 1118 X.
2353 1066 2463 1118 Kal.
2489 1065 2581 1115 τὸν
2604 1061 2840 1132 Χριστὸν
2881 1061 3054 1129 Λόγον
3087 1064 3180 1116 καὶ
3209 1063 3436 1133 Πνεῦμα
3465 1063 3559 1117 τοῦ
3585 1064 3752 1118 αὐτοῦ

495 1124 657 1194 hujus
682 1125 769 1179 Dei
802 1127 1048 1192 increati,
1085 1128 1346 1197 spiritalis
1378 1142 1442 1182 ac
1471 1128 1750 1182 rationalis
1806 1127 1967 1191 dicis,
2001 1143 2072 1181 an

2178 1156 2312 1210 Θεοῦ
2341 1157 2518 1223 λέγεις
2546 1155 2640 1209 τοῦ
2657 1124 2929 1208 ’ἀκτιστου
2958 1124 3051 1206 παὶ
3079 1154 3285 1226 ἔμπνου
3326 1124 3421 1210 καὶ
3449 1156 3692 1225 λογικοῦ,
3718 1156 3751 1227 ἢ

491 1217 721 1271 alterius
755 1217 891 1270 Dei?

993 1304 1005 1311 ,
1198 1304 1227 1311 _
1275 1303 1286 1311 _
1326 1304 1337 1311 _
1669 1302 1703 1311 __
2179 1247 2339 1303 ἄλλου
2368 1217 2538 1311 Θεοῦ;

562 1303 603 1357 l.
640 1304 885 1358 Profecto
915 1304 1142 1375 hujusce
1195 1303 1288 1359 Dei
1326 1304 1470 1357 hunc
1498 1317 1620 1360 esse
1653 1302 1776 1359 dico
1828 1312 1886 1358 et
1939 1318 2074 1358 con-

492 1398 671 1453 fiteor.

561 1492 672 1547 CH.
702 1494 1205 1564 Contingititaque,
1252 1504 1312 1549 ut
1329 1496 1470 1549 Deus
1497 1495 1795 1563 increatus,
1828 1496 2080 1566 spiritua-

2251 1497 2320 1550 X.
2352 1496 2463 1549 Kal.
2486 1495 2694 1562 γίνεται
2742 1495 2998 1558 ἇκτιστος
3040 1495 3171 1558 Θεὸς
3207 1494 3448 1565 ἔμπνους
3486 1496 3582 1548 καὶ
3609 1511 3753 1562 λογι-

492 1585 561 1638 lis
619 1600 683 1638 ac
731 1588 1053 1652 rationalis,
1106 1597 1167 1642 ut
1210 1589 1409 1658 inquis,
1444 1600 1609 1659 utque
1675 1589 1781 1643 dici
1825 1600 1924 1658 par
1974 1596 2078 1652 est,

2180 1586 2294 1652 κὸς,
2335 1587 2407 1648 ὡς
2449 1586 2652 1654 λέγεις,
2688 1586 2830 1639 καθὰ
2858 1586 2961 1650 ἔνι,
3012 1586 3157 1657 ἔχειν
3188 1586 3359 1653 Λόγον
3392 1588 3486 1639 καὶ
3530 1585 3751 1655 Πνεῦμα

495 1678 728 1732 Verbum
760 1680 955 1734 habeat
984 1688 1041 1734 et
1090 1681 1348 1750 Spiritum
1387 1682 1714 1736 increatum.
1748 1682 1890 1737 Ecce
1927 1680 2073 1735 enim

2180 1679 2395 1733 κτιστόν
2418 1695 2432 1709 ·
2464 1678 2572 1732 ἰδοὺ
2599 1678 2881 1747 ὁμολογεῖς
2908 1676 3039 1730 Θεὸν
3069 1678 3347 1743 ἅκτιστον,
3391 1677 3634 1748 ἔμπνουν
3663 1680 3753 1729 καὶ

496 1785 619 1823 cum
669 1771 887 1825 fatearis
943 1773 1109 1826 Deum
1164 1775 1463 1826 increatum
1517 1773 1607 1836 “,
1656 1773 1952 1843 spiritalem
2010 1788 2073 1827 ac

2145 1780 2151 1822 ι
2184 1769 2430 1839 λογικόν·
2482 1770 2606 1822 ἐπεὶ
2653 1769 2709 1821 δὲ
2750 1768 2841 1821 τὸν
2873 1769 3044 1836 Λόγον
3073 1769 3259 1821 καὶτὸ
3314 1767 3538 1837 Πνεῦμα
3588 1768 3751 1821 αὐτοῦ

497 1863 811 1916 rationalem
840 1881 854 1928 ;
887 1872 1072 1932 postea
1120 1879 1249 1917 vero
1282 1863 1517 1918 Verbum
1550 1866 1669 1933 ejus
1692 1879 1755 1918 ac
1807 1864 2071 1933 Spiritum

2181 1862 2399 1916 κτιστδν
2460 1859 2662 1928 λέγεις,
2718 1861 2826 1931 ἄρα
2878 1857 2972 1912 καὶ
3023 1852 3176 1922 οὗτος
3236 1859 3431 1929 ἄλογός
3487 1860 3603 1911 ἐστι
3656 1858 3752 1912 καὶ

2249 1340 2292 1392 I.
2335 1338 2443 1393 Ναὶ
2472 1336 2566 1391 τοῦ
2595 1338 2760 1391 αὑτοῦ
2796 1338 2930 1392 Θεοῦ
2961 1338 3149 1393 τοῦτον
3186 1338 3329 1407 λέγω
3352 1337 3448 1391 καὶ
3477 1337 3750 1409 ὁμολογῶ.

498 1962 739 2006 creatum
780 1955 950 2017 dicas,
996 1955 1241 2023 sequitur
1272 1964 1333 2009 ut
1366 1955 1507 2009 Deus
1536 1969 1751 2024 quoque
1788 1955 2078 2010 irrationa-

1057 1955 1241 2023 quitur
1272 1964 1333 2009 ut
1366 1955 1507 2009 Deus
1536 1969 1751 2024 quoque
1788 1955 2078 2010 irrationa-
2182 1954 2406 2016 ἄπνους,
2441 1969 2495 2005 κ.
2528 1968 2579 2003 τ.
2612 1952 2662 2004 λ.

497 2042 566 2097 lis
592 2056 646 2097 ct
676 2044 793 2097 sine
816 2044 1008 2112 spiritu
1044 2046 1135 2110 sit,
1168 2055 1274 2099 etc.

574 2135 610 2190 Ι.
641 2135 860 2188 Mariam
906 2136 1112 2191 dicisne
1163 2138 1446 2208 virginem,
1492 2146 1548 2194 et
1599 2139 1804 2208 absque
1873 2140 2083 2195 semine

2258 2139 2301 2191 1.
2364 2137 2475 2207 Τὴν
2509 2137 2745 2207 Μαριὰμ
2788 2134 3055 2206 παρθένον
3095 2132 3297 2199 λέγεις,
3330 2131 3425 2184 καὶ
3462 2130 3590 2185 ἄνευ
3623 2145 3752 2180 σπου

499 2228 773 2281 Christum
805 2228 1074 2296 genuisse,
1117 2237 1170 2283 et
1213 2240 1495 2300 postquam
1527 2232 1674 2286 hunc
1719 2233 1950 2302 peperit,
1980 2233 2086 2287 vir-

2192 2225 2289 2294 ρᾶς
2318 2225 2574 2293 γεννῆσαι
2604 2224 2695 2276 τὸν
2736 2223 2990 2288 Χριστὸν,
3021 2222 3117 2275 καὶ
3144 2221 3325 2284 πάλιν,
3371 2217 3509 2288 μετὰ
3541 2217 3602 2269 τὸ
3631 2234 3754 2285 γενο

502 2319 681 2390 ginem
715 2323 1099 2388 permansisse,
1128 2336 1299 2375 necne
1327 2321 1349 2374 Υ

2184 2316 2343 2384 νῆσαι
2372 2315 2578 2379 τοῦτον,
2614 2314 2884 2384 παρθένον
2926 2313 3210 2383 μείνασαν,
3236 2310 3267 2381 ἢ
3297 2308 3392 2373 οὖς

569 2408 682 2462 CH.
710 2407 853 2464 Sane
891 2410 1033 2463 hanc
1061 2411 1323 2479 virginem
1352 2411 1497 2477 dico,
1546 2419 1601 2466 et
1648 2412 1851 2481 absque
1878 2410 2086 2465 semine

2255 2407 2323 2458 Χ.
2365 2405 2475 2459 Ναὶ
2524 2404 2794 2475 παρθένον
2832 2405 2974 2472 λέγω
3001 2402 3225 2470 ταύτην,
3256 2401 3349 2452 καὶ
3377 2398 3507 2453 ἄνευ
3548 2397 3752 2469 σπορᾶς

500 2497 776 2553 Christum
806 2501 1058 2568 genuisse
1092 2516 1108 2567 ;
1145 2509 1200 2554 ct
1226 2509 1352 2570 post
1384 2510 1597 2571 partum
1660 2502 1921 2572 virginem
1958 2516 2085 2569 per-

2181 2497 2443 2566 γεννῆσαι
2465 2499 2556 2549 τὸν
2585 2496 2843 2567 Χριστὸν,
2876 2498 2971 2549 καὶ
3002 2494 3140 2564 μετὰ
3169 2492 3268 2563 τὴν
3305 2490 3560 2559 γέννησιν
3586 2490 3749 2543 πάλιν

504 2604 792 2644 severassc
827 2592 888 2657 ",
920 2599 1027 2647 etc.

2184 2589 2451 2661 παρθένον
2478 2589 2765 2660 μείνασαν,
2786 2604 2842 2642 κ.
2868 2605 2922 2643 τ.
2949 2586 2996 2640 λ.

576 2704 619 2737 ³⁷
656 2706 784 2761 Sur.
818 2704 909 2771 ιιι,
943 2706 1037 2761 45.
1119 2704 1161 2738 ⁸⁸
1190 2707 1316 2762 Sur.
1348 2724 1402 2774 γ,
1432 2708 1522 2775 84,
1561 2709 1685 2764 125.
1790 2709 1832 2741 ³⁸
1865 2706 1992 2762 Sur.
2033 2721 2142 2773 ut,
2182 2706 2273 2762 9i.

515 2874 869 2888 _.——-——-——

892 2876 1053 2885 ———
1060 2864 3739 2891 Μ’-

1233 3059 2003 3181 ΕΥΘΥΜΙΟΥ
2135 3055 3014 3171 ΖΙΓΑΒΗΝΟΥ

1724 3272 2017 3322 ΕΛΕΓΧΟΣ
2065 3270 2180 3319 ΚΑΙ
2211 3271 2537 3320 ΘΡΙΑΜΒΟΣ

506 3405 644 3458 ΤΗΣ
670 3405 1092 3460 ΒΛΛΣΦΗΜΟΥ
1121 3406 1239 3461 ΚΑΙ
1270 3407 1705 3462 ΠΟΛΥΕΙΔΟΥΣ
1734 3406 2063 3459 ΛιΡΕΣΕΩΣ
2097 3405 2112 3456 '.

2144 3405 2234 3459 ΩΝ
2264 3404 2490 3459 ΑΘΕΩΝ
2531 3406 3051 3468 ΜΑΣΣΑΑΙΛΝΩΝ.
3098 3406 3217 3461 ΚΑΙ
3258 3406 3393 3461 ΤΩΝ
3426 3405 3750 3463 ΦΟΥΝΔΑΙ..

768 3499 930 3568 ΤΩΝ,
962 3500 1082 3555 ΚΑΙ
1117 3500 1514 3556 ΒΟΓΟΜΙΛΩΝ
1545 3500 2052 3566 ΚΑΛΟΥΜΕΝΩΝ,
2085 3500 2210 3552 ΚΑΙ
2263 3496 2589 3563 ΕΥΧΙΤΩΝ,
2638 3500 2759 3552 ΚΑΙ
2807 3497 3347 3565 ΕΝΘΟΥΣΙΛΣΤΩΝ,
3375 3498 3495 3552 1w

1494 3597 1577 3650 ΕΓ
1581 3596 1983 3664 ΚΡΔΤΒΤΩΝ,
2024 3597 2150 3653 ΚΔι
2199 3594 2750 3650 ΜΑΡΚιΩΝΙΣΤΩΝ.

1358 3949 2082 4066 EUTHYMII
2217 3947 2889 4065 ZlGABENI

1658 4169 2106 4227 CONFUTATIO
2144 4170 2233 4226 ET
2269 4174 2567 4229 EVERSIO

508 4318 749 4379 1MPle
821 4319 921 4377 ET
952 4314 2224 4395 WM_ULT,IP7LICIS_ExsECRABlLlUM
2316 4318 3001 4382 MASSALIANORUM
3097 4322 3393 4391 SECTIE,
3449 4319 3588 4395 QUI
3649 4320 3749 4379 ET

829 4393 1919 4474 PHUNDAITJEJLBOQOMILI,
1967 4395 2321 4474 NECfNON
2383 4398 2764 4471 EUCHlT/E,
2827 4400 3428 4474 ENTHUSIASTJE,

1184 4472 1691 4548 ENCRATITIE,
1740 4473 1843 4533 ET
1889 4473 2413 4535 MABClONlT/E
2458 4472 3062 4540 APPELLANTUR.

576 4809 1014 4885 Tradiditnobis,
1034 4808 1230 4862 fratres
1243 4805 1606 4873 dilectissimi,
1630 4807 1895 4864 Dominus
1924 4810 2074 4864 Deus
2099 4813 2143 4872 c

2142 4850 2143 4867 χ
2250 4811 2355 4866 Τοῦ
2403 4812 2608 4882 Κυρίου
2652 4816 2746 4865 καὶ
2793 4812 2930 4871 Θεοῦ
2965 4818 3059 4868 καὶ
3091 4814 3345 4886 Σωτῆρος
3383 4817 3540 4886 ἡμῶν
3574 4818 3748 4889 Ἰησοῦ

502 4922 567 4959 ac
592 4905 852 4958 Servator
873 4912 1057 4957 noster
1125 4900 1285 4955 Jesus
1325 4900 1577 4954 Christus
1610 4915 1706 4970 per
1745 4912 1963 4957 sanctos
1990 4902 2076 4956 di-

2178 4907 2416 4978 Χριστοῦ
2464 4907 2552 4960 διὰ
2599 4909 2708 4959 τῶν
2757 4908 2931 4974 ἁγίων
2978 4908 3144 4960 αὑτοῦ
3187 4909 3449 4977 μαθητῶν
3488 4911 3581 4961 καὶ
3614 4912 3739 4962 arco-

501 4997 737 5066 scipulos
794 5009 923 5047 suos
974 5001 1029 5047 et
1085 4994 1393 5068 apostolos,
1433 5009 1631 5063 purum
1687 4995 2077 5064 sincerumque

2188 5000 2391 5053 στόλων
2438 4998 2680 5068 καθαρὸν
2721 5001 2853 5069 ἡμῖν
2899 4999 2960 5052 τὸ
2991 5003 3090 5070 τῆς
3142 4999 3377 5062 πίστεως
3420 5001 3752 5069 παραδόντος

501 5085 991 5157 ﬁdeimysterium,
1059 5099 1122 5137 ac
1171 5084 1334 5138 simul
1370 5086 1698 5153 prtemonuit
1757 5086 1874 5140 fore
1938 5088 2076 5141 utin

2180 5092 2497 5160 μυστήριον,
2541 5088 2825 5159 εἰρηκότος
2857 5089 2914 5142 δὲ
2953 5090 3049 5142 καὶ
3082 5090 3140 5141 ὲν
3170 5092 3289 5152 ταῖς
3320 5091 3578 5159 ἐσχάταις
3614 5094 3742 5161 ὴμέ-

500 5184 690 5236 diebus
721 5179 928 5233 ultimis
949 5178 1103 5230 multi
1128 5178 1248 5231 falsi
1279 5178 1558 5246 propheta:
1617 5187 1672 5232 et
1702 5178 1822 5233 falsi
1872 5178 2075 5234 Christi

2181 5198 2300 5251 ραις
2329 5180 2556 5242 πολλοὺς
2585 5179 2899 5233 ἐλεύσεσθαι
2939 5180 3391 5249 ψευδοπροφήτας
3421 5182 3515 5233 καὶ
3545 5181 3738 5250 ψευδο-

500 5281 926 5343 exsnrgerent,a
959 5270 1154 5339 quibus
1190 5269 1351 5323 nobis
1382 5285 1729 5340 summopere
1763 5274 2065 5328 cavendum

2177 5275 2452 5342 χριστους,
2496 5272 2589 5323 καὶ
2640 5271 3107 5339 παραγγείλαντος
3137 5272 3426 5341 προσέχειν
3476 5272 3583 5324 ἀπὸ
3630 5273 3736 5324 τῶν

500 5364 659 5417 foret.
689 5362 875 5433 Neque
910 5378 1068 5417 secus
1096 5363 1375 5431 apostolus
1402 5361 1601 5415 Paulus
1636 5364 1689 5415 in
1708 5364 1944 5433 Epistolu
1998 5365 2067 5419 ad

2174 5364 2454 5427 τοιούτων,
2482 5361 2793 5423 ἀκολούθως
2816 5361 2873 5412 δὲ
2902 5361 2995 5413 καὶ
3031 5360 3126 5414 τοῦ
3158 5362 3494 5432 θεοκήρυκος
3524 5362 3735 5417 Παύλου

501 5455 846 5509 Timotheum
878 5455 1126 5523 praedixit
1153 5470 1167 5507 :
1224 5453 1423 5507 Multos
1450 5455 1695 5507 extremis
1755 5456 2070 5522 temporibus

2177 5454 2311 5520 πρὸς
2342 5455 2430 5505 τὸν
2455 5453 2718 5522 Τιμόθεον
2749 5454 3189 5517 ἀποστείλαντος,
3212 5455 3293 5508 ὅτι
3337 5454 3438 5508 Ἑν
3465 5456 3742 5523 ἐσχάτοις·

499 5564 531 5599 a
550 5546 651 5615 ﬁde
686 5548 993 5609 descituras,
1024 5545 1293 5611 spiritibus
1311 5545 1673 5599 auscultantes
1715 5548 2072 5600 seductoribus

2177 5541 2397 5606 καιροῖς
2430 5541 2885 5608 ἀποστήσονταί
2930 5557 3091 5607 τινες
3122 5541 3233 5610 τῆς
3270 5544 3526 5596 πίστεως
3564 5558 3746 5609 προσ-

500 5650 548 5693 et
570 5639 819 5692 doctrinis
849 5639 1165 5702 dwmonum,
1198 5641 1291 5690 sub
1316 5640 1549 5707 personis
1600 5639 1942 5706 impostorum
1990 5638 2073 5691 la-

2175 5636 2422 5704 έχοντες
2482 5638 2780 5705 πνεύμασι
2832 5637 3110 5705 πλάνοις,
3169 5638 3267 5692 καὶ
3320 5638 3745 5701 διδασκαλίαις

501 5730 742 5795 tentiam,
771 5731 857 5781 aui
886 5728 1259 5782 conscientiam
1291 5745 1445 5783 suam
1468 5731 1702 5782 cauterio
1754 5730 1920 5782 exusti
1948 5744 2070 5781 con-

2176 5727 2519 5795 δαιμονίων,
2559 5727 2628 5783 ἐν
2656 5731 2965 5798 ὑποκρίσει
3018 5729 3404 5798 ψευδολόγων
3455 5744 3739 5793 κεκαυτηο
