4068 6264
563 312 639 378 6‘3
1788 310 2170 372 EUTIIYMII
2229 313 2589 376 ZIGABENI
2661 354 2671 360 -
3747 314 3817 378 Η

556 433 942 492 einovuerunt,
984 424 1388 496 simplicesque
1468 422 1722 477 homines
1790 439 1914 478 cum
1970 425 2129 486 viros,

2248 430 2516 498 αἱρέσεως
2549 431 2926 498 ἐξεμέσαντες,
2966 433 3058 486 καὶ
3093 433 3220 498 τοὺς
3252 430 3675 505 ἀγροικοτέρους
3707 435 3820 487 τᾶν

559 530 675 574 ιιιιιι
708 518 966 572 mulieres
1026 517 1383 585 det-cperunt,
1445 523 1608 584 atque
1671 515 1741 568 ita
1791 514 1844 568 in
1870 515 2133 585 perniciei

562 609 880 666 barathrum
905 607 1400 680 przecipitavcrunt,
1434 610 1743 661 anathema.

1147 787 1401 840 Attat/tem
1414 826 1426 839 .
1482 785 1535 838 4.

626 881 715 945 lis,
769 881 857 950 qui
918 880 1128 940 dicunt,
1192 889 1387 948 prazter
1421 887 1665 932 sanctam
1717 884 1771 931 et
1797 878 2132 933 salutiferam

559 972 911 1036 Trinitatem,
966 971 1058 1025 Dei
1085 971 1297 1024 scilicet
1350 970 1526 1023 Patris
1583 968 1766 1035 Verbi,
1804 971 1947 1039 quod
2005 985 2132 1024 caro

559 1064 758 1119 factum
818 1072 923 1128 est,
991 1061 1224 1130 Filiique
1284 1059 1377 1113 Dci
1433 1069 1489 1114 et
1555 1060 1768 1114 Domini
1802 1061 1973 1115 nostri
2001 1061 2130 1116 Jesu

553 1155 780 1221 Christi,
817 1163 874 1211 et
913 1153 1155 1223 Spiritus
1207 1153 1404 1217 sancti,
1464 1152 1623 1206 aliam
1675 1155 1965 1222 quamdam
2011 1167 2132 1207 esse

555 1248 901 1310 Trinitatem,
959 1245 1044 1299 vel
1103 1244 1266 1298 etiam
1323 1244 1660 1313 superiorem
1713 1244 2035 1313 potentiam,
2075 1246 2132 1300 in

557 1351 810 1406 supremo
837 1344 1044 1404 septem
1074 1336 1335 1388 caelorum
1366 1333 1508 1389 caelo
1537 1334 1720 1388 sedem
1755 1349 1907 1389 suam
1931 1335 2134 1390 haben-

557 1438 686 1491 tem,
748 1427 1052 1481 secundum
1113 1428 1524 1490 cxsecrandam,
1599 1435 1654 1480 et
1708 1425 1846 1480 falso
1900 1427 1968 1480 ab
1999 1427 2131 1496 ipsis

553 1518 705 1573 Isaia:
733 1517 1013 1584 tributam,
1043 1532 1108 1572 ae
1142 1517 1454 1585 inscriptam
1494 1517 1782 1583 visionem,
1811 1519 2126 1574 anathema.

1145 1610 1425 1661 Anathem.
1486 1607 1539 1660 5.

625 1701 714 1767 lis,
750 1700 842 1770 qui
879 1699 1015 1754 alias
1049 1699 1405 1753 introducunt
1433 1699 1766 1770 Scripturas,
1838 1715 1934 1756 seu
1959 1702 2130 1757 libros

551 1810 758 1859 sacros,
842 1807 1002 1862 quam
1078 1807 1217 1862 quos
1309 1791 1545 1862 Spiritus
1624 1801 1848 1847 sanctus
1889 1810 2133 1863 prorutu-

557 1888 727 1952 tiavit,
759 1897 813 1939 et
845 1886 1017 1938 sancti
1049 1886 1207 1938 nobis
1238 1885 1428 1938 Patres
1471 1885 1763 1952 tradidere,
1814 1887 2128 1941 anathema.

1157 1977 1440 2030 Anathem.
1468 1978 1522 2032 6.

631 2071 721 2134 lis,
753 2073 844 2139 qui
887 2069 1080 2124 dicunt
1110 2070 1347 2137 nuptias,
1405 2085 1524 2138 quae
1556 2071 1609 2124 in
1666 2071 1888 2125 nomine
1919 2070 2130 2123 Domini

551 2162 971 2224 contrahuntur,
1005 2161 1362 2230 carniumque
1389 2177 1543 2216 csum
1576 2179 1604 2215 a
1675 2164 1785 2218 ilco
1834 2163 2130 2233 permissa-

553 2270 695 2312 rum,
736 2256 844 2309 Deo
881 2253 1266 2308 abominabilia
1291 2268 1430 2318 esse,
1469 2254 1668 2324 illaque
1696 2266 1981 2325 propterea
2007 2255 2133 2325 reji-

551 2343 706 2397 riunt
731 2351 784 2396 et
820 2341 1210 2405 condemnant,
1239 2343 1555 2397 anathema.

1138 2434 1419 2487 Anni/mu.
1481 2435 1530 2488 7.

622 2525 716 2586 lis,
753 2524 843 2593 qui
883 2521 1110 2578 traditas
1139 2523 1299 2578 nobis
1353 2538 1564 2593 preces,
1615 2533 1671 2578 et
1727 2524 2014 2580 cautiones
2041 2540 2130 2578 sa-

551 2633 693 2679 cras,
733 2632 796 2672 ac
824 2616 1059 2686 primum
1078 2616 1298 2686 quidem
1326 2617 1395 2670 ab
1417 2615 1621 2669 sanctis
1643 2615 1920 2683 Apostolis
1955 2615 2131 2685 impe-

552 2720 698 2765 ratas
729 2712 832 2778 (ut,
861 2725 985 2766 cum
1046 2708 1204 2764 divus
1254 2707 1453 2762 Paulus
1511 2708 1626 2762 ait:
1671 2707 1985 2777 Implemini
2021 2709 2129 2777 spi-

550 2808 678 2868 ritu,
715 2803 981 2873 loquen'es
1002 2801 1220 2856 invicem
1237 2801 1291 2854 in
1318 2799 1553 2871 psalmis,
1583 2802 1808 2870 hymnis,
1837 2810 1886 2855 et
1921 2803 2129 2854 cautio-

551 2894 700 2948 uibus
742 2893 1108 2964 spiritualibns
1140 2893 1180 2947 ³.
1216 2891 1395 2962 )λΤυη)
1418 2902 1608 2961 etquae
1671 2893 1931 2964 deinceps
1960 2908 1990 2948 a
2046 2893 2130 2948 di-

553 2987 696 3042 vinis
772 2985 1058 3056 beatisque
1107 2984 1366 3041 Ecclesia
1418 2984 1669 3040 Patribus
1713 2987 2129 3043 ~etdoetoribus

549 3081 753 3136 salicta:
805 3085 976 3134 sunt:
1044 3077 1151 3143 his,
1209 3077 1454 3146 inquam,
1510 3076 1603 3145 qui
1668 3092 1762 3131 eas
1807 3091 2027 3140 onmes,
2069 3087 2128 3132 ut

549 3173 762 3228 tatilem
781 3171 1072 3226 acinanem
1096 3170 1343 3239 repetita:
1360 3169 1725 3224 invocationis
1740 3170 2126 3238 loquacitatem

553 3263 827 3333 rejiciunt,
877 3271 932 3316 et
983 3261 1262 3330 culpant:
1324 3261 1377 3314 in
1441 3262 1714 3331 principio
1745 3271 1930 3316 autem
1959 3277 2126 3316 suzea

555 3355 664 3408 Deo
692 3353 1047 3408 discessionis
1076 3353 1468 3409 solummodo:
1505 3352 1670 3408 Pater
1708 3365 1902 3422 noster,
1951 3357 2040 3426 qui
2077 3373 2128 3410 es

549 3448 606 3501 in
651 3447 816 3510 oculis,
887 3461 1013 3500 cum
1075 3445 1400 3504 adoratione
1449 3462 1608 3501 orare
1632 3447 1856 3512 docent,
1921 3449 2129 3517 absque

550 3540 825 3596 dominico
852 3539 1037 3609 ﬁgura:
1064 3539 1246 3594 erucis
1296 3540 1350 3593 in
1386 3539 1526 3596 facie
1573 3540 1854 3611 signaculo
1886 3557 1905 3605 ,'
1944 3540 2128 3594 Domi-

549 3648 680 3688 num
715 3640 963 3684 nostrum
1019 3629 1208 3685 Jesum
1273 3629 1552 3686 Christum
1612 3631 1918 3686 orationem
1968 3633 2127 3686 istam

550 3720 1024 3776 .iobistradidisse
1085 3730 1489 3790 praetexentes;
1561 3736 1755 3776 revera
1819 3731 2023 3787 autem,
2071 3733 2132 3777 ut

548 3813 940 3868 exsecrandum
1003 3821 1209 3882 patrem
1300 3827 1462 3868 suum
1537 3811 1794 3868 Satanam
1876 3814 2131 3868 invocent

549 3905 739 3975 ttiujus
770 3905 914 3958 enim
935 3903 1104 3976 gratia
1128 3919 1157 3958 a
1184 3913 1387 3960 saneta:
1419 3905 1598 3961 crucis
1621 3905 1901 3976 signaculo
1927 3905 2131 3960 abhor-

554 4007 698 4062 rent,
736 4007 790 4052 et
811 3997 1000 4052 illuda
1024 3997 1227 4056 divinis
1266 3997 1524 4058 Ecclesiae
1551 3998 1848 4054 luminibus
1885 4014 1948 4054 ac
1977 3998 2130 4053 duci-

548 4092 650 4146 bus
686 4091 932 4145 additum
965 4097 1292 4154 extremum,
1319 4089 1464 4158 quod
1491 4089 1728 4143 orationi
1755 4089 2042 4143 dominicae
2076 4091 2129 4143 in

547 4181 770 4254 gloriam
789 4179 1299 4244 consubstantialis,
1333 4189 1389 4234 et
1416 4178 1716 4234 individua:
1771 4180 2056 4236 Trinitatis
2075 4181 2130 4235 in

547 4274 820 4344 precando
879 4272 1166 4341 subjicitur
1212 4269 1614 4325 corollarium:
1675 4269 1812 4335 Quia
1869 4277 2017 4324 tuum
2057 4280 2130 4324 est

547 4382 786 4437 regnum,
838 4374 887 4418 et
933 4365 1188 4434 potentia,
1230 4372 1277 4417 et
1317 4363 1513 4433 gloria,
1566 4362 1773 4426 Patris,
1803 4372 1848 4417 et
1881 4363 2034 4431 Filii,
2083 4375 2131 4420 et

2241 521 2566 591 ἀνθρώπων,
2603 523 2805 592 ἄνδρας
2835 541 2891 577 τε
2924 526 3018 578 καὶ
3047 529 3314 591 γυναῖκας
3346 523 3817 595 ἐξαπατήσαντες.

2241 613 2379 682 πρὸς
2412 613 2470 667 τὸ
2499 616 2598 684 τῆς
2643 617 2921 681 ἀπωλείας
2953 619 3307 671 κατέσπασαν
3341 617 3641 689 βάραθρον,
3687 621 3790 674 ἀνά

2239 704 2400 774 θεμα.

2835 801 2886 854 Ἀ
2895 804 3104 872 ναϐεμ.
3139 801 3208 855 δ’.

2309 891 2436 953 Τοῖς
2487 891 2730 959 λέγουσι,
2777 893 2918 962 πλὴν
2976 897 3076 965 τῆς
3132 898 3296 965 ἁγίας
3351 898 3446 952 καὶ
3500 901 3814 969 ζωαρχικῆς

2237 983 2488 1052 Τριάδος,
2533 983 2702 1053 ήγουν
2751 985 2845 1036 τοῦ
2879 987 3015 1039 Θεοῦ
3065 989 3158 1040 καὶ
3211 987 3427 1057 Πατρὸς
3456 989 3548 1042 τοῦ
3589 1007 3804 1059 σαρκω-

2238 1074 2422 1137 θέντος
2456 1075 2658 1142 Λόγου,
2697 1076 2794 1129 καὶ
2839 1078 2968 1130 Υίοῦ
2999 1079 3092 1131 τοῦ
3120 1079 3254 1131 Θεοῦ
3283 1080 3376 1132 τοῦ
3418 1081 3622 1150 Κυρίου
3657 1083 3815 1152 ἡμῶν

2249 1164 2425 1235 Ἰησοῦ
2487 1165 2765 1235 Χριστοῦ,
2831 1170 2925 1220 καὶ
2977 1168 3072 1220 τοῦ
3131 1171 3398 1239 παναγίου
3460 1171 3810 1241 Πνεῦματος,

2235 1256 2428 1326 ἑτέραν
2482 1258 2603 1312 τινὰ
2655 1254 2792 1312 εἶναι
2858 1261 3097 1331 Τριάδα,
3167 1263 3198 1332 ἢ
3261 1263 3356 1316 καὶ
3405 1263 3812 1334 ὑπερκειμένην

2235 1348 2504 1416 ἐξουσίαν,
2539 1349 2637 1420 τὴν
2669 1353 2744 1422 τῷ
2776 1353 2876 1405 ὑπε
2890 1353 3068 1425 ρτάτῳ
3109 1357 3218 1408 τῶν
3253 1355 3393 1408 ἑπτὰ
3420 1355 3664 1423 οὐρανῶν
3694 1357 3815 1406 ἐπι-

2235 1439 2580 1509 καθημένην,
2611 1443 2753 1494 κατά
2784 1443 2881 1512 τὴν
2912 1444 3176 1513 βδελυρὰν
3201 1444 3644 1514 ψευδεπίγραφον
3678 1443 3812 1514 παρ’

2234 1529 2415 1592 αὐτοῖς
2443 1529 2536 1583 τοῦ
2575 1530 2799 1586 Ἥσαῖου
2826 1535 3014 1598 ὅρασιν
3044 1535 3311 1606 ἀνάθεμα.

2835 1626 2898 1680 Ἀ
2907 1631 3111 1696 ναθεμ,
3154 1633 3219 1682 e'.

2304 1711 2430 1775 Τοῖς
2465 1715 2898 1784 παρεισάγουσιν
2950 1718 3144 1786 ἐτέρας
3175 1717 3418 1789 Γραφάς,
3473 1719 3505 1790 ἢ
3559 1719 3654 1781 τὰς
3705 1719 3810 1773 ὑπὸ

2165 1778 2204 1833 Β
2232 1806 2325 1833 --.~.

2232 1807 2328 1858 τοῦ
2359 1807 2514 1875 ἁγίου
2546 1808 2884 1877 Πνεῦματος,
2919 1809 3012 1861 καὶ
3038 1812 3187 1880 παρά
3212 1812 3317 1863 τῶν
3346 1813 3517 1881 ἁγίων
3551 1814 3809 1883 Πατὲρων

2235 1900 2369 1969 ἡμῖν
2401 1901 2822 1971 παραδοθείσας,
2861 1903 3135 1972 ἀνάθεμα,

2826 1995 3099 2065 Ἀνιίθεμ.
3145 2002 3218 2060 ς’.

2305 2081 2432 2145 Τοῖς
2463 2083 2714 2151 λέγουσιν
2742 2083 2817 2147 ὡς
2851 2087 2877 2138 ὁ
2913 2088 2970 2137 ἐν
3004 2087 3192 2157 Κυρίῳ
3225 2087 3422 2156 γάμος,
3467 2090 3560 2143 καὶ
3599 2093 3624 2161 ἡ
3666 2093 3810 2146 κατά

2232 2172 2367 2224 Θεὸν
2431 2176 2777 2242 κρεωφαγία,
2809 2176 3073 2246 βδελυκτά
3124 2178 3231 2232 είσι
3278 2179 3356 2248 τῷ
3415 2182 3552 2251 Θεῷ,
3596 2184 3690 2236 καὶ
3722 2183 3810 2238 διὰ

2231 2264 2390 2317 τοῦτο
2414 2267 2702 2340 ἀμφότερα
2732 2269 3150 2340 ἀνατρέπουσιν,
3178 2272 3449 2343 ἀνάθεμα.

2835 2448 2892 2503 Ἀ
2902 2453 3105 2520 ναθεμ.
3147 2450 3186 2512 ζ

2303 2539 2429 2602 Τοῖς
2457 2540 2525 2593 τά
2565 2541 2968 2605 παραδοθείσας
3001 2545 3136 2613 ἡμῖν
3183 2545 3348 2615 εὐχάς
3383 2563 3440 2598 τε
3489 2548 3581 2599 καὶ
3620 2547 3805 2618 ὑμνῳο

2230 2629 2366 2690 δίας,
2400 2630 2616 2701 πρῶτον
2645 2632 2743 2701 μὲν
2774 2634 2926 2702 παρά
2951 2633 3060 2686 τῶν
3085 2635 3244 2689 θείων
3276 2636 3608 2700 ἀποστόλων,
3648 2641 3812 2706 Πλη-

2223 2721 2450 2790 ροῦσθε
2467 2725 2590 2795 γὰρ,
2613 2726 2873 2795 φησὶν,ὲν
2894 2729 3184 2797 πνεύματι
3200 2729 3556 2798 ,λαλοῦντες
3573 2731 3813 2795 ἑαυτοῖς

2229 2814 2534 2883 ψαλμοὺς,
2583 2817 2680 2869 καὶ
2732 2817 2986 2887 ὕμνους,
3041 2819 3140 2872 καὶ
3185 2819 3342 2886 ᾠδὰς
3371 2821 3801 2892 πνευματικάς.

2234 2905 2464 2958 Ἔπειτα
2495 2907 2552 2960 δὲ
2601 2907 2692 2962 καὶ
2727 2909 2964 2980 καθεξῆς
3011 2911 3165 2980 παρά
3195 2911 3304 2964 τῶν
3361 2912 3520 2965 θείων
3559 2913 3655 2966 καὶ
3699 2931 3804 2984 μα-

2231 2998 2474 3069 καριτῶν
2513 2999 2840 3072 Ἐκκλησίας
2873 3003 3132 3072 [Ιατέρων
3162 3006 3257 3058 καὶ
3290 3005 3648 3060 διδασκάλων.
3681 3007 3804 3069 Τοῖς

2153 3113 2196 3170 C
2229 3085 2322 3142 οὖν
2380 3091 2584 3154 ταύτας
2641 3093 2822 3156 πάσας
2873 3095 2948 3157 ὼς
3007 3094 3364 3164 βαττολογίας
3416 3101 3804 3170 ἀνατρέπουσι.

2229 3176 2322 3229 καὶ
2365 3179 2740 3232 διαϐάλλουσυ
2772 3183 2830 3234 ἐν
2858 3183 2998 3253 ἀρχῇ
3027 3182 3084 3234 δὲ
3115 3183 3216 3252 τῆς
3241 3184 3349 3236 ἀπὸ
3380 3185 3473 3237 τοῦ
3509 3187 3642 3238 Θεοῦ
3690 3187 3802 3240 δια-

2229 3271 2493 3337 στάσεως,
2539 3272 2701 3340 μόνον
2741 3272 2803 3326 τὸ
2845 3272 3038 3341 Πάτερ
3081 3274 3250 3342 ἡμῶν
3301 3279 3333 3330 ό
3369 3277 3436 3328 ἐν
3465 3276 3591 3342 τοῖς
3636 3280 3811 3344 οὐρα-

2227 3359 2377 3425 νοῖς,
2415 3359 2554 3429 μετά
2589 3361 2693 3430 τῆς
2721 3363 2800 3422 είς
2825 3362 2931 3433 γῆν
2978 3363 3356 3426 κατακλίσεως
3387 3365 3807 3418 ὲκπαιδεύουσιν

2233 3450 2542 3516 ποιεῖσθαι,
2605 3452 2735 3505 ἄνευ
2781 3453 2883 3522 τῆς
2938 3455 3032 3506 τοῦ
3087 3453 3408 3507 δεσποτικοῦ
3449 3457 3676 3524 σημείου
3729 3457 3809 3526 τῷ

2231 3543 2511 3613 προσώπῳ
2558 3545 2862 3615 σταυρικῆς
2913 3543 3302 3609 ἐκτυπώσεως,
3363 3548 3638 3616 προφάσει
3688 3547 3807 3616 μὲν,

2229 3633 2304 3694 ὡς
2333 3632 2428 3686 τοῦ
2460 3633 2732 3687 Δεσπότου
2759 3634 2916 3704 ἡμῶν
2948 3636 3124 3704 Ἰησοῦ
3153 3634 3393 3705 Χριστοῦ
3425 3638 3524 3705 τὴν
3547 3635 3810 3704 τοιαύτην

2230 3723 2396 3793 εὐχὴν
2425 3723 2781 3793 παραδόντος,
2797 3727 2864 3794 τῇ
2903 3725 2948 3777 δ’
2980 3724 3232 3796 ἀληθείᾳ,
3253 3725 3537 3794 ἐπικλήσει
3566 3725 3658 3777 τοῦ
3692 3724 3811 3793 βδεο

2229 3815 2395 3886 λυροῦ
2423 3815 2606 3869 αὐτῶν
2641 3818 2847 3887 πατρὸς
2871 3817 2964 3870 τοῦ
3014 3819 3259 3872 Σατανᾶ’
3289 3815 3482 3869 τούτου
3509 3816 3616 3886 γὰρ
3647 3817 3810 3887 χάριν

2231 3907 2326 3960 καὶ
2355 3905 2455 3978 τὴν
2489 3910 2794 3980 σταυρικὴν
2825 3911 3128 3979 σημείωσιν
3168 3906 3565 3971 ἀποϐάλλοντα,
3601 3907 3696 3960 καὶ
3745 3909 3809 3960 τε)

2234 3998 2386 4068 παρὰ
2411 3999 2522 4052 τῶν
2549 3998 2710 4053 θείων
2741 4000 3048 4070 φωστήρων
3079 4001 3173 4055 καὶ
3200 4001 3299 4070 τῆς
3342 3997 3672 4067 Ἐκκλησίας
3703 4016 3805 4051 κα-

2233 4091 2494 4162 θηγητῶν
2528 4093 2833 4162 προστεθὲν
2874 4093 3289 4163 ἀκροτελεύτιον
3341 4089 3695 4160 ἐπιφώνημα,
3727 4092 3807 4150 είς

2231 4183 2390 4248 δόξαν
2447 4185 2547 4253 τῆς
2591 4184 2876 4253 ὀμοουσίου
2907 4185 3000 4236 καὶ
3048 4184 3358 4252 ἀδιαιρέτου
3416 4183 3668 4252 Τριάδος,
3715 4184 3805 4234 τόο

2235 4275 2509 4329 Ὀτι-σοῦ
2538 4275 2710 4328 ἔστιν
2737 4275 2775 4342 ἡ
2801 4275 3110 4339 βασιλεία,
3143 4274 3240 4328 καὶ
3273 4277 3310 4342 ἡ
3353 4275 3504 4339 δόξα
3542 4275 3650 4328 τοῦ
3696 4279 3814 4328 Hu-

2233 4367 2371 4435 τρὸς
2414 4366 2513 4420 καὶ
2557 4367 2664 4421 τοῦ
2704 4367 2869 4428 Υίοῦ,
2917 4367 3011 4420 καί
3058 4366 3164 4420 τοῦ
3212 4368 3386 4435 ἁγίου
3439 4368 3809 4436 Πνεύματος.

545 4457 777 4526 Spiritus
806 4457 996 4522 sancti,
1024 4470 1090 4510 ne
1111 4455 1300 4510 audire
1327 4455 1546 4524 quidem
1574 4453 1887 4519 sustinent).
1917 4454 1986 4510 lis
2032 4456 2129 4526 igi-

2238 4460 2358 4513 οὺδὲ
2405 4461 2636 4513 ἀκοῦσαι
2679 4459 2982 4530 ἀνέχονται.
3026 4460 3152 4523 Τοῖς
3205 4459 3300 4512 οῦν
3350 4459 3495 4513 οὕτω
3551 4459 3813 4530 φρονοῦσι

547 4564 658 4614 tur,
689 4550 780 4620 qui
805 4549 876 4604 ita
906 4550 1172 4612 sentiunt,
1209 4564 1272 4604 ac
1300 4548 1518 4613 docent,
1575 4555 1631 4602 et
1667 4547 1734 4602 ad
1767 4547 1929 4601 ﬁnem
1962 4562 2129 4617 usque

2230 4553 2325 4605 καὶ
2350 4551 2687 4617 διδάσκουσι,
2721 4552 2817 4605 καὶ
2848 4553 2976 4622 ἄχρι
3006 4553 3190 4614 τέλους
3216 4553 3284 4624 τῇ
3328 4553 3551 4622 τοιαύτῃ
3596 4552 3815 4620 πονηρᾷ

551 4643 604 4696 in
629 4640 938 4696 istiusmodi
964 4655 1135 4711 prava
1190 4639 1518 4695 inlitiatione
1573 4651 1946 4709 perseverant,
2003 4655 2129 4694 ana-

2231 4645 2487 4698 ἐνστάσει
2517 4645 2873 4714 ἐμμένουσιν,
2901 4645 3176 4714 ἀνάθεμα.

552 4734 752 4789 thema.

1144 4825 1421 4882 Attat/ient.
1466 4823 1518 4878 8.

617 4917 708 4983 lis,
736 4915 825 4986 qui
848 4923 1150 4972 conventus
1211 4916 1267 4970 in
1298 4915 1540 4973 ecclesiis
1589 4924 1931 4984 aversantur,
1986 4925 2042 4969 et
2071 4916 2125 4968 in

550 5008 920 5077 privatislocis
944 5007 1254 5078 pmsident,
1307 5009 1633 5080 doceatque,
1677 5008 1858 5079 specie
1903 5008 2122 5078 quidem

553 5103 772 5172 majoris
801 5100 1004 5171 quietis
1045 5115 1232 5166 causa,
1292 5116 1489 5165 reapse
1546 5111 1754 5168 autem,
1810 5108 1870 5153 ut
1903 5099 2122 5169 profani

549 5209 739 5250 eorum
782 5191 989 5247 erroris
1035 5192 1285 5263 dogmata
1350 5192 1605 5262 redargui
1672 5198 1969 5261 nequeant,
2021 5189 2116 5243 sed

552 5287 806 5359 ignobilia
827 5285 1178 5351 delitescant,
1231 5285 1479 5352 adeoque
1527 5294 1584 5338 ut
1642 5283 1694 5336 in
1745 5283 1932 5336 abdito
1961 5295 2125 5334 omne

547 5388 710 5433 secta:
741 5394 851 5432 sua:
880 5391 1160 5436 venenum
1193 5377 1388 5430 animis
1413 5392 1442 5428 a
1476 5389 1536 5428 se
1593 5375 1648 5427 in
1673 5387 1914 5427 errorem
1955 5372 2126 5426 dedu-

548 5481 764 5527 ctorum
791 5485 858 5526 eo
885 5467 1099 5525 facilius
1141 5469 1484 5531 infundant;
1547 5466 1722 5530 hisce,
1797 5467 1842 5520 si
1892 5466 1959 5519 ad
2007 5464 2131 5518 vita:

550 5574 854 5618 extremum
879 5563 1172 5616 terminum
1202 5563 1254 5616 in
1275 5575 1462 5616 errore
1480 5558 1973 5630 perseveraverint,
1998 5573 2131 5612 ana-

547 5663 751 5711 thema.

620 5770 637 5800 ³
665 5769 843 5836 Ephcs
899 5784 944 5822 ν.
984 5764 1178 5830 18,19.

2817 4825 3085 4892 Ἀναθεμ.
3166 4821 3242 4889 η’.

2301 4921 2426 4982 Τοῖς
2454 4918 2554 4981 τὰς
2581 4919 2639 4971 ἐν
2677 4917 2998 4988 ἐκκλησίαις
3045 4916 3296 4980 συνάξεις
3345 4913 3810 4984 βδελυττομένοις,

2230 5014 2322 5066 καὶ
2349 5013 2410 5063 ὲν
2445 5007 2705 5075 ἱδιάζουσι
2737 5009 2924 5071 τόποις
2981 5005 3483 5078 προσκαθημένοις,
3529 5005 3623 5058 καὶ
3665 5004 3814 5058 διδά-

2232 5120 2444 5168 σκουσι,
2481 5103 2754 5173 προφάσει
2789 5103 2886 5171 μὶν
2926 5100 3154 5169 ἡσυχίας
3186 5099 3366 5167 χάριν,
3410 5099 3474 5166 τῇ
3511 5095 3556 5148 δ’
3580 5095 3812 5166 ἀληθεία

2225 5192 2320 5246 ἐπὶ
2346 5192 2425 5262 τῷ
2455 5193 2555 5262 τῆς
2589 5190 2822 5260 βεϐήλου
2855 5189 3037 5242 αὐτῶν
3071 5187 3282 5256 πλάνης
3311 5186 3672 5254 ἀνεξέλεγκτα
3708 5187 3807 5254 μέ-

2228 5306 2363 5355 νειν,
2389 5287 2485 5340 καὶ
2515 5286 2880 5355 ἀδιάγνωστα,
2916 5284 2980 5336 ἶν’
3003 5280 3178 5344 οἴιτως
3223 5282 3280 5332 ἐν
3333 5277 3668 5348 παραϐύστῳ
3717 5277 3812 5328 τὸν

2230 5379 2350 5432 ὅλον
2384 5378 2458 5430 ἰὸν
2487 5378 2588 5448 τῆς
2617 5375 2799 5429 αὐτῶν
2830 5375 3100 5444 αἱρέσεως
3131 5373 3242 5433 τοῖς
3270 5369 3362 5422 ὑπ’
3393 5369 3571 5422 αὐτῶν
3603 5369 3814 5435 πλανη-

2230 5469 2400 5522 θεῖσιν
2428 5470 2682 5537 ἐκχέωσι,
2703 5467 2914 5527 τούτοις
2943 5466 3113 5516 πᾶσιν
3131 5461 3256 5532 ἄχρι
3273 5461 3457 5524 τέλους
3486 5462 3551 5529 τῇ
3583 5457 3814 5531 τοιαῦτ-,γ

2235 5558 2410 5629 πλάνῃ
2439 5557 2787 5628 ἐμμένουσιν,
2818 5557 2981 5610 ἁνάθε
2993 5571 3090 5626 μα.
