  <div class='ocr_page' id='page_1' title='image "/cluster/home/n/w/nwhite01/storage/ocr_20150623/131/mdp.39015078384248/030.png"; bbox 0 0 4068 6264; ppageno 0'>
   <div class='ocr_carea' id='block_1_1' title="bbox 305 383 3586 472">
    <p class='ocr_par' dir='ltr' id='par_1_1' title="bbox 305 383 3586 472">
     <span class='ocr_line' id='line_1_1' title="bbox 305 383 3586 472; baseline 0.007 -23"><span class='ocrx_word' id='word_1_1' title='bbox 305 383 365 450; x_wconf 65' lang='grc' dir='ltr'><strong>υἱ</strong></span> <span class='ocrx_word' id='word_1_2' title='bbox 1494 401 1794 463; x_wconf 68' lang='lat' dir='ltr'><strong>CONTRA</strong></span> <span class='ocrx_word' id='word_1_3' title='bbox 1840 405 2389 468; x_wconf 72' lang='lat' dir='ltr'><strong>MASSALIANOS.</strong></span> <span class='ocrx_word' id='word_1_4' title='bbox 3513 404 3586 472; x_wconf 67' lang='grc'><strong>46</strong></span> 
     </span>
    </p>
   </div>
   <div class='ocr_carea' id='block_1_2' title="bbox 912 502 1302 576">
    <p class='ocr_par' dir='ltr' id='par_1_2' title="bbox 912 502 1302 576">
     <span class='ocr_line' id='line_1_2' title="bbox 912 502 1302 576; baseline 0.003 -16"><span class='ocrx_word' id='word_1_5' title='bbox 912 502 1184 576; x_wconf 82' lang='grc' dir='ltr'>Ἀναθεμ.</span> <span class='ocrx_word' id='word_1_6' title='bbox 1233 511 1282 570; x_wconf 80' lang='grc' dir='ltr'>θ’</span> <span class='ocrx_word' id='word_1_7' title='bbox 1291 551 1302 562; x_wconf 95' lang='grc'><strong><em>.</em></strong></span> 
     </span>
    </p>
   </div>
   <div class='ocr_carea' id='block_1_3' title="bbox 364 588 1887 680">
    <p class='ocr_par' dir='ltr' id='par_1_3' title="bbox 364 588 1887 680">
     <span class='ocr_line' id='line_1_3' title="bbox 364 588 1887 680; baseline 0.014 -38"><span class='ocrx_word' id='word_1_8' title='bbox 364 588 484 652; x_wconf 86' lang='grc' dir='ltr'>Τοῖς</span> <span class='ocrx_word' id='word_1_9' title='bbox 509 592 612 653; x_wconf 70' lang='grc' dir='ltr'><strong>τὰς</strong></span> <span class='ocrx_word' id='word_1_10' title='bbox 649 594 736 658; x_wconf 79' lang='grc' dir='ltr'><strong>εἰς</strong></span> <span class='ocrx_word' id='word_1_11' title='bbox 761 593 919 661; x_wconf 69' lang='grc' dir='ltr'>δόξαν</span> <span class='ocrx_word' id='word_1_12' title='bbox 954 597 1090 651; x_wconf 81' lang='grc' dir='ltr'>Θεοῦ</span> <span class='ocrx_word' id='word_1_13' title='bbox 1130 601 1530 669; x_wconf 81' lang='grc' dir='ltr'>παραδοθείσας</span> <span class='ocrx_word' id='word_1_14' title='bbox 1573 609 1708 676; x_wconf 84' lang='grc' dir='ltr'>ἡμῖν</span> <span class='ocrx_word' id='word_1_15' title='bbox 1736 612 1887 680; x_wconf 72' lang='grc' dir='ltr'>παρὰ</span> 
     </span>
    </p>
   </div>
   <div class='ocr_carea' id='block_1_4' title="bbox 305 682 1886 768">
    <p class='ocr_par' dir='ltr' id='par_1_4' title="bbox 305 682 1886 768">
     <span class='ocr_line' id='line_1_4' title="bbox 305 682 1886 768; baseline 0.013 -34"><span class='ocrx_word' id='word_1_16' title='bbox 305 682 402 735; x_wconf 85' lang='grc' dir='ltr'><strong>τῶν</strong></span> <span class='ocrx_word' id='word_1_17' title='bbox 431 684 603 752; x_wconf 81' lang='grc' dir='ltr'>ἁγίων</span> <span class='ocrx_word' id='word_1_18' title='bbox 637 686 965 741; x_wconf 72' lang='grc' dir='ltr'><strong>ἀποστόλων</strong></span> <span class='ocrx_word' id='word_1_19' title='bbox 1003 690 1327 764; x_wconf 88' lang='grc' dir='ltr'>Ἐκκλησίας</span> <span class='ocrx_word' id='word_1_20' title='bbox 1357 697 1780 768; x_wconf 69' lang='grc' dir='ltr'><strong>οἰκοδομεῖσθαι,</strong></span> <span class='ocrx_word' id='word_1_21' title='bbox 1812 702 1886 765; x_wconf 83' lang='grc' dir='ltr'>ὡς</span> 
     </span>
    </p>
   </div>
   <div class='ocr_carea' id='block_1_5' title="bbox 305 777 1886 861">
    <p class='ocr_par' dir='ltr' id='par_1_5' title="bbox 305 777 1886 861">
     <span class='ocr_line' id='line_1_5' title="bbox 305 777 1886 861; baseline 0.01 -31"><span class='ocrx_word' id='word_1_22' title='bbox 305 778 429 846; x_wconf 69' lang='grc' dir='ltr'>ἔργα</span> <span class='ocrx_word' id='word_1_23' title='bbox 456 777 666 848; x_wconf 81' lang='grc' dir='ltr'>χειρῶν</span> <span class='ocrx_word' id='word_1_24' title='bbox 699 779 1102 849; x_wconf 77' lang='grc' dir='ltr'>διαϐάλλουσιν,</span> <span class='ocrx_word' id='word_1_25' title='bbox 1123 786 1217 839; x_wconf 72' lang='grc' dir='ltr'>καὶ</span> <span class='ocrx_word' id='word_1_26' title='bbox 1247 791 1668 860; x_wconf 76' lang='grc' dir='ltr'><strong>κατοικητήριον</strong></span> <span class='ocrx_word' id='word_1_27' title='bbox 1699 791 1886 861; x_wconf 81' lang='grc' dir='ltr'>δαιμό-</span> 
     </span>
    </p>
   </div>
   <div class='ocr_carea' id='block_1_6' title="bbox 306 867 1887 950">
    <p class='ocr_par' dir='ltr' id='par_1_6' title="bbox 306 867 1887 950">
     <span class='ocr_line' id='line_1_6' title="bbox 306 867 1887 950; baseline 0.012 -32"><span class='ocrx_word' id='word_1_28' title='bbox 306 884 402 919; x_wconf 89' lang='grc' dir='ltr'><strong>νων</strong></span> <span class='ocrx_word' id='word_1_29' title='bbox 428 867 634 932; x_wconf 81' lang='grc' dir='ltr'>ταύτας</span> <span class='ocrx_word' id='word_1_30' title='bbox 669 868 916 935; x_wconf 85' lang='grc' dir='ltr'>λέγουσι,</span> <span class='ocrx_word' id='word_1_31' title='bbox 951 873 1045 925; x_wconf 68' lang='grc' dir='ltr'><strong>καὶ</strong></span> <span class='ocrx_word' id='word_1_32' title='bbox 1067 875 1241 940; x_wconf 80' lang='grc' dir='ltr'>οὕτως</span> <span class='ocrx_word' id='word_1_33' title='bbox 1284 878 1388 948; x_wconf 77' lang='grc' dir='ltr'>ὁδῷ</span> <span class='ocrx_word' id='word_1_34' title='bbox 1418 880 1727 950; x_wconf 76' lang='grc' dir='ltr'><strong>βαδίζουσιν</strong></span> <span class='ocrx_word' id='word_1_35' title='bbox 1758 886 1887 936; x_wconf 75' lang='grc' dir='ltr'>ἁκοο</span> 
     </span>
    </p>
   </div>
   <div class='ocr_carea' id='block_1_7' title="bbox 304 959 1885 1047">
    <p class='ocr_par' dir='ltr' id='par_1_7' title="bbox 304 959 1885 1047">
     <span class='ocr_line' id='line_1_7' title="bbox 304 959 1885 1047; baseline 0.011 -36"><span class='ocrx_word' id='word_1_36' title='bbox 304 959 518 1023; x_wconf 74' lang='grc' dir='ltr'>λούθως,</span> <span class='ocrx_word' id='word_1_37' title='bbox 550 961 646 1014; x_wconf 73' lang='grc' dir='ltr'>καὶ</span> <span class='ocrx_word' id='word_1_38' title='bbox 670 963 774 1032; x_wconf 78' lang='grc' dir='ltr'>τὴν</span> <span class='ocrx_word' id='word_1_39' title='bbox 809 964 918 1017; x_wconf 87' lang='grc' dir='ltr'><strong>τῶν</strong></span> <span class='ocrx_word' id='word_1_40' title='bbox 942 965 1103 1020; x_wconf 83' lang='grc' dir='ltr'>θείων</span> <span class='ocrx_word' id='word_1_41' title='bbox 1133 970 1224 1022; x_wconf 76' lang='grc' dir='ltr'><strong>καὶ</strong></span> <span class='ocrx_word' id='word_1_42' title='bbox 1247 970 1408 1040; x_wconf 87' lang='grc' dir='ltr'>ἱερῶν</span> <span class='ocrx_word' id='word_1_43' title='bbox 1431 975 1655 1027; x_wconf 79' lang='grc' dir='ltr'>εἰκόνων</span> <span class='ocrx_word' id='word_1_44' title='bbox 1678 993 1737 1028; x_wconf 90' lang='grc' dir='ltr'><strong>σε</strong></span> <span class='ocrx_word' id='word_1_45' title='bbox 1750 979 1885 1047; x_wconf 76' lang='grc' dir='ltr'>πτὴν</span> 
     </span>
    </p>
   </div>
   <div class='ocr_carea' id='block_1_8' title="bbox 302 1053 1884 1136">
    <p class='ocr_par' dir='ltr' id='par_1_8' title="bbox 302 1053 1884 1136">
     <span class='ocr_line' id='line_1_8' title="bbox 302 1053 1884 1136; baseline 0.011 -32"><span class='ocrx_word' id='word_1_46' title='bbox 302 1053 692 1122; x_wconf 76' lang='grc' dir='ltr'>ἀηαστὴλωσιν,</span> <span class='ocrx_word' id='word_1_47' title='bbox 723 1057 818 1108; x_wconf 80' lang='grc' dir='ltr'>καὶ</span> <span class='ocrx_word' id='word_1_48' title='bbox 837 1057 936 1126; x_wconf 83' lang='grc' dir='ltr'>τὴν</span> <span class='ocrx_word' id='word_1_49' title='bbox 958 1057 1164 1112; x_wconf 87' lang='grc' dir='ltr'>τούτων</span> <span class='ocrx_word' id='word_1_50' title='bbox 1185 1062 1352 1130; x_wconf 86' lang='grc' dir='ltr'>τιμὴν</span> <span class='ocrx_word' id='word_1_51' title='bbox 1391 1065 1486 1116; x_wconf 79' lang='grc' dir='ltr'>καὶ</span> <span class='ocrx_word' id='word_1_52' title='bbox 1512 1067 1884 1136; x_wconf 75' lang='grc' dir='ltr'><strong>προσκύνησιν</strong></span> 
     </span>
    </p>
   </div>
   <div class='ocr_carea' id='block_1_9' title="bbox 301 1145 1885 1231">
    <p class='ocr_par' dir='ltr' id='par_1_9' title="bbox 301 1145 1885 1231">
     <span class='ocr_line' id='line_1_9' title="bbox 301 1145 1885 1231; baseline 0.011 -35"><span class='ocrx_word' id='word_1_53' title='bbox 301 1145 726 1213; x_wconf 62' lang='grc' dir='ltr'>ἀνατρέπουσιν,</span> <span class='ocrx_word' id='word_1_54' title='bbox 751 1149 828 1211; x_wconf 84' lang='grc' dir='ltr'>ὡς</span> <span class='ocrx_word' id='word_1_55' title='bbox 858 1150 994 1214; x_wconf 87' lang='grc' dir='ltr'>ὅλως</span> <span class='ocrx_word' id='word_1_56' title='bbox 1020 1151 1440 1224; x_wconf 78' lang='grc' dir='ltr'><strong>διεφθαρμένοις</strong></span> <span class='ocrx_word' id='word_1_57' title='bbox 1485 1159 1577 1210; x_wconf 73' lang='grc' dir='ltr'>καὶ</span> <span class='ocrx_word' id='word_1_58' title='bbox 1622 1165 1885 1231; x_wconf 82' lang='grc' dir='ltr'>σεσηπὸσι</span> 
     </span>
    </p>
   </div>
   <div class='ocr_carea' id='block_1_10' title="bbox 303 1235 838 1309">
    <p class='ocr_par' dir='ltr' id='par_1_10' title="bbox 303 1235 838 1309">
     <span class='ocr_line' id='line_1_10' title="bbox 303 1235 838 1309; baseline 0.015 -24"><span class='ocrx_word' id='word_1_59' title='bbox 303 1235 542 1302; x_wconf 80' lang='grc' dir='ltr'>μέλεσιν,</span> <span class='ocrx_word' id='word_1_60' title='bbox 563 1237 838 1309; x_wconf 76' lang='grc' dir='ltr'>ἀνάθεμα.</span> 
     </span>
    </p>
   </div>
   <div class='ocr_carea' id='block_1_11' title="bbox 885 1334 1245 1404">
    <p class='ocr_par' dir='ltr' id='par_1_11' title="bbox 885 1334 1245 1404">
     <span class='ocr_line' id='line_1_11' title="bbox 885 1334 1245 1404; baseline 0.017 -18"><span class='ocrx_word' id='word_1_61' title='bbox 885 1334 1149 1404; x_wconf 80' lang='grc' dir='ltr'>Ἀναθεμ.</span> <span class='ocrx_word' id='word_1_62' title='bbox 1194 1343 1245 1393; x_wconf 84' lang='grc' dir='ltr'><strong>ι’.</strong></span> 
     </span>
    </p>
   </div>
   <div class='ocr_carea' id='block_1_12' title="bbox 361 1421 1882 1508">
    <p class='ocr_par' dir='ltr' id='par_1_12' title="bbox 361 1421 1882 1508">
     <span class='ocr_line' id='line_1_12' title="bbox 361 1421 1882 1508; baseline 0.014 -38"><span class='ocrx_word' id='word_1_63' title='bbox 361 1421 488 1483; x_wconf 87' lang='grc' dir='ltr'>Τοῖς</span> <span class='ocrx_word' id='word_1_64' title='bbox 546 1422 871 1476; x_wconf 71' lang='grc' dir='ltr'>σπεύξουσιν</span> <span class='ocrx_word' id='word_1_65' title='bbox 919 1425 1006 1478; x_wconf 80' lang='grc' dir='ltr'><strong>ἐπ’</strong></span> <span class='ocrx_word' id='word_1_66' title='bbox 1033 1429 1347 1502; x_wconf 81' lang='grc' dir='ltr'>ἀνατροπὴν</span> <span class='ocrx_word' id='word_1_67' title='bbox 1398 1434 1498 1502; x_wconf 78' lang='grc' dir='ltr'>τῆς</span> <span class='ocrx_word' id='word_1_68' title='bbox 1535 1437 1740 1508; x_wconf 78' lang='grc' dir='ltr'>Κυρίου</span> <span class='ocrx_word' id='word_1_69' title='bbox 1789 1439 1882 1492; x_wconf 81' lang='grc' dir='ltr'>τοῦ</span> 
     </span>
    </p>
   </div>
   <div class='ocr_carea' id='block_1_13' title="bbox 297 1511 1881 1599">
    <p class='ocr_par' dir='ltr' id='par_1_13' title="bbox 297 1511 1881 1599">
     <span class='ocr_line' id='line_1_13' title="bbox 297 1511 1881 1599; baseline 0.014 -36"><span class='ocrx_word' id='word_1_70' title='bbox 297 1511 425 1565; x_wconf 68' lang='grc' dir='ltr'>θεοῦ</span> <span class='ocrx_word' id='word_1_71' title='bbox 454 1516 547 1566; x_wconf 77' lang='grc' dir='ltr'>καὶ</span> <span class='ocrx_word' id='word_1_72' title='bbox 575 1515 825 1584; x_wconf 69' lang='grc' dir='ltr'>Σωτῆρος</span> <span class='ocrx_word' id='word_1_73' title='bbox 851 1518 1007 1587; x_wconf 77' lang='grc' dir='ltr'>ἡμῶν</span> <span class='ocrx_word' id='word_1_74' title='bbox 1038 1520 1214 1588; x_wconf 83' lang='grc' dir='ltr'><strong>Ἰησοῦ</strong></span> <span class='ocrx_word' id='word_1_75' title='bbox 1245 1522 1484 1595; x_wconf 81' lang='grc' dir='ltr'><strong>Χριστοῦ</strong></span> <span class='ocrx_word' id='word_1_76' title='bbox 1508 1527 1881 1599; x_wconf 75' lang='grc' dir='ltr'>διδασκαλίας,</span> 
     </span>
    </p>
   </div>
   <div class='ocr_carea' id='block_1_14' title="bbox 297 1606 1882 1689">
    <p class='ocr_par' dir='ltr' id='par_1_14' title="bbox 297 1606 1882 1689">
     <span class='ocr_line' id='line_1_14' title="bbox 297 1606 1882 1689; baseline 0.016 -35"><span class='ocrx_word' id='word_1_77' title='bbox 297 1606 361 1675; x_wconf 73' lang='grc' dir='ltr'>ἦν</span> <span class='ocrx_word' id='word_1_78' title='bbox 389 1610 498 1670; x_wconf 79' lang='grc' dir='ltr'>τοῖς</span> <span class='ocrx_word' id='word_1_79' title='bbox 529 1608 896 1675; x_wconf 74' lang='grc' dir='ltr'>ἀγίοιςαύτοῦ</span> <span class='ocrx_word' id='word_1_80' title='bbox 932 1613 1203 1685; x_wconf 81' lang='grc' dir='ltr'><strong>μαθηταῖς</strong></span> <span class='ocrx_word' id='word_1_81' title='bbox 1232 1618 1560 1684; x_wconf 70' lang='grc' dir='ltr'>ινετείλατο,</span> <span class='ocrx_word' id='word_1_82' title='bbox 1588 1622 1728 1676; x_wconf 83' lang='grc' dir='ltr'>ὥστε</span> <span class='ocrx_word' id='word_1_83' title='bbox 1752 1627 1882 1689; x_wconf 75' lang='grc' dir='ltr'>τοὺς</span> 
     </span>
    </p>
   </div>
   <div class='ocr_carea' id='block_1_15' title="bbox 299 1698 1882 1782">
    <p class='ocr_par' dir='ltr' id='par_1_15' title="bbox 299 1698 1882 1782">
     <span class='ocr_line' id='line_1_15' title="bbox 299 1698 1882 1782; baseline 0.015 -36"><span class='ocrx_word' id='word_1_84' title='bbox 299 1698 375 1758; x_wconf 75' lang='grc' dir='ltr'><strong>εἰς</strong></span> <span class='ocrx_word' id='word_1_85' title='bbox 421 1698 585 1750; x_wconf 64' lang='grc' dir='ltr'>αὐτὸν</span> <span class='ocrx_word' id='word_1_86' title='bbox 630 1699 990 1765; x_wconf 79' lang='grc' dir='ltr'><strong>πιστεύοντας</strong></span> <span class='ocrx_word' id='word_1_87' title='bbox 1023 1703 1310 1773; x_wconf 78' lang='grc' dir='ltr'><strong>βαπτίζειν</strong></span> <span class='ocrx_word' id='word_1_88' title='bbox 1347 1709 1427 1772; x_wconf 76' lang='grc' dir='ltr'><strong>εἰς</strong></span> <span class='ocrx_word' id='word_1_89' title='bbox 1459 1710 1520 1764; x_wconf 82' lang='grc' dir='ltr'>τὸ</span> <span class='ocrx_word' id='word_1_90' title='bbox 1571 1713 1741 1782; x_wconf 83' lang='grc' dir='ltr'>ὄνομα</span> <span class='ocrx_word' id='word_1_91' title='bbox 1787 1715 1882 1770; x_wconf 83' lang='grc' dir='ltr'>τοῦ</span> 
     </span>
    </p>
   </div>
   <div class='ocr_carea' id='block_1_16' title="bbox 298 1788 1878 1873">
    <p class='ocr_par' dir='ltr' id='par_1_16' title="bbox 298 1788 1878 1873">
     <span class='ocr_line' id='line_1_16' title="bbox 298 1788 1878 1873; baseline 0.015 -34"><span class='ocrx_word' id='word_1_92' title='bbox 298 1788 526 1858; x_wconf 72' lang='grc' dir='ltr'>Πατρος,</span> <span class='ocrx_word' id='word_1_93' title='bbox 570 1792 777 1844; x_wconf 75' lang='grc' dir='ltr'>καὶτοῦ</span> <span class='ocrx_word' id='word_1_94' title='bbox 806 1793 958 1852; x_wconf 82' lang='grc' dir='ltr'><strong>Υίοῦ.</strong></span> <span class='ocrx_word' id='word_1_95' title='bbox 991 1797 1085 1848; x_wconf 82' lang='grc' dir='ltr'>καὶ</span> <span class='ocrx_word' id='word_1_96' title='bbox 1111 1797 1206 1850; x_wconf 82' lang='grc' dir='ltr'>τοῦ</span> <span class='ocrx_word' id='word_1_97' title='bbox 1231 1800 1386 1868; x_wconf 81' lang='grc' dir='ltr'>ἁγίου</span> <span class='ocrx_word' id='word_1_98' title='bbox 1403 1802 1738 1873; x_wconf 86' lang='grc' dir='ltr'>Πνεύματος,</span> <span class='ocrx_word' id='word_1_99' title='bbox 1760 1807 1878 1872; x_wconf 77' lang='grc' dir='ltr'>καὶ,</span> 
     </span>
    </p>
   </div>
   <div class='ocr_carea' id='block_1_17' title="bbox 1929 521 2962 578">
    <p class='ocr_par' dir='ltr' id='par_1_17' title="bbox 1929 521 2962 578">
     <span class='ocr_line' id='line_1_17' title="bbox 1929 521 2962 578; baseline -0.004 0"><span class='ocrx_word' id='word_1_100' title='bbox 1929 524 1978 578; x_wconf 82' lang='grc' dir='ltr'>Λ</span> <span class='ocrx_word' id='word_1_101' title='bbox 2606 522 2882 575; x_wconf 78' lang='lat' dir='ltr'><strong>Analhcm.</strong></span> <span class='ocrx_word' id='word_1_102' title='bbox 2907 521 2962 576; x_wconf 85' lang='lat'><strong>9.</strong></span> 
     </span>
    </p>
   </div>
   <div class='ocr_carea' id='block_1_18' title="bbox 2071 611 3584 683">
    <p class='ocr_par' dir='ltr' id='par_1_18' title="bbox 2071 611 3584 683">
     <span class='ocr_line' id='line_1_18' title="bbox 2071 611 3584 683; baseline 0.001 -19"><span class='ocrx_word' id='word_1_103' title='bbox 2071 611 2160 673; x_wconf 87' lang='lat' dir='ltr'><strong>lis.</strong></span> <span class='ocrx_word' id='word_1_104' title='bbox 2184 613 2273 682; x_wconf 91' lang='lat' dir='ltr'><strong>qui</strong></span> <span class='ocrx_word' id='word_1_105' title='bbox 2308 611 2577 667; x_wconf 81' lang='lat' dir='ltr'><strong>Ecclesias</strong></span> <span class='ocrx_word' id='word_1_106' title='bbox 2608 629 2636 666; x_wconf 90' lang='lat' dir='ltr'><strong>a</strong></span> <span class='ocrx_word' id='word_1_107' title='bbox 2666 614 2869 668; x_wconf 86' lang='lat' dir='ltr'><strong>sanctis</strong></span> <span class='ocrx_word' id='word_1_108' title='bbox 2889 611 3152 683; x_wconf 77' lang='lat' dir='ltr'><strong>apostolis</strong></span> <span class='ocrx_word' id='word_1_109' title='bbox 3206 613 3365 668; x_wconf 88' lang='lat' dir='ltr'><strong>nobis</strong></span> <span class='ocrx_word' id='word_1_110' title='bbox 3417 615 3584 669; x_wconf 85' lang='lat' dir='ltr'><strong>tradi-</strong></span> 
     </span>
    </p>
   </div>
   <div class='ocr_carea' id='block_1_19' title="bbox 1999 697 3582 769">
    <p class='ocr_par' dir='ltr' id='par_1_19' title="bbox 1999 697 3582 769">
     <span class='ocr_line' id='line_1_19' title="bbox 1999 697 3582 769; baseline 0.001 -13"><span class='ocrx_word' id='word_1_111' title='bbox 1999 711 2080 756; x_wconf 81' lang='lat' dir='ltr'><strong>tas</strong></span> <span class='ocrx_word' id='word_1_112' title='bbox 2109 703 2160 755; x_wconf 94' lang='lat' dir='ltr'><strong>in</strong></span> <span class='ocrx_word' id='word_1_113' title='bbox 2190 703 2454 758; x_wconf 79' lang='lat' dir='ltr'><strong>honorem</strong></span> <span class='ocrx_word' id='word_1_114' title='bbox 2499 702 2591 758; x_wconf 89' lang='lat' dir='ltr'><strong>Dei</strong></span> <span class='ocrx_word' id='word_1_115' title='bbox 2616 697 2871 759; x_wconf 72' lang='lat' dir='ltr'><strong>aediﬁcari</strong></span> <span class='ocrx_word' id='word_1_116' title='bbox 2921 718 3032 757; x_wconf 91' lang='lat' dir='ltr'><strong>non</strong></span> <span class='ocrx_word' id='word_1_117' title='bbox 3073 703 3274 758; x_wconf 87' lang='lat' dir='ltr'><strong>debere</strong></span> <span class='ocrx_word' id='word_1_118' title='bbox 3312 704 3582 769; x_wconf 85' lang='lat' dir='ltr'><strong>sentiunt,</strong></span> 
     </span>
    </p>
   </div>
   <div class='ocr_carea' id='block_1_20' title="bbox 1995 795 3583 866">
    <p class='ocr_par' dir='ltr' id='par_1_20' title="bbox 1995 795 3583 866">
     <span class='ocr_line' id='line_1_20' title="bbox 1995 795 3583 866; baseline -0.001 -17"><span class='ocrx_word' id='word_1_119' title='bbox 1995 811 2202 864; x_wconf 84' lang='lat' dir='ltr'><strong>easque</strong></span> <span class='ocrx_word' id='word_1_120' title='bbox 2229 808 2280 850; x_wconf 91' lang='lat' dir='ltr'><strong>ut</strong></span> <span class='ocrx_word' id='word_1_121' title='bbox 2315 813 2478 866; x_wconf 86' lang='lat' dir='ltr'><strong>opera</strong></span> <span class='ocrx_word' id='word_1_122' title='bbox 2509 811 2769 851; x_wconf 90' lang='lat' dir='ltr'><strong>manuum</strong></span> <span class='ocrx_word' id='word_1_123' title='bbox 2798 795 3230 858; x_wconf 79' lang='lat' dir='ltr'><strong>calumniantur,</strong></span> <span class='ocrx_word' id='word_1_124' title='bbox 3295 804 3351 850; x_wconf 86' lang='lat' dir='ltr'><strong>et</strong></span> <span class='ocrx_word' id='word_1_125' title='bbox 3378 796 3583 850; x_wconf 63' lang='lat' dir='ltr'><strong>dzemor</strong></span> 
     </span>
    </p>
   </div>
   <div class='ocr_carea' id='block_1_21' title="bbox 1994 889 3583 959">
    <p class='ocr_par' dir='ltr' id='par_1_21' title="bbox 1994 889 3583 959">
     <span class='ocr_line' id='line_1_21' title="bbox 1994 889 3583 959; baseline 0.003 -18"><span class='ocrx_word' id='word_1_126' title='bbox 1994 905 2122 942; x_wconf 92' lang='lat' dir='ltr'><strong>num</strong></span> <span class='ocrx_word' id='word_1_127' title='bbox 2144 905 2270 944; x_wconf 88' lang='lat' dir='ltr'><strong>esse</strong></span> <span class='ocrx_word' id='word_1_128' title='bbox 2301 891 2490 944; x_wconf 83' lang='lat' dir='ltr'><strong>dicunt</strong></span> <span class='ocrx_word' id='word_1_129' title='bbox 2548 889 2882 952; x_wconf 82' lang='lat' dir='ltr'><strong>habitacula,</strong></span> <span class='ocrx_word' id='word_1_130' title='bbox 2947 899 3110 959; x_wconf 87' lang='lat' dir='ltr'><strong>atque</strong></span> <span class='ocrx_word' id='word_1_131' title='bbox 3147 890 3217 944; x_wconf 88' lang='lat' dir='ltr'><strong>ita</strong></span> <span class='ocrx_word' id='word_1_132' title='bbox 3271 905 3436 959; x_wconf 80' lang='lat' dir='ltr'><strong>prava</strong></span> <span class='ocrx_word' id='word_1_133' title='bbox 3495 889 3583 946; x_wconf 77' lang='lat' dir='ltr'><strong>via</strong></span> 
     </span>
    </p>
   </div>
   <div class='ocr_carea' id='block_1_22' title="bbox 1992 977 3584 1048">
    <p class='ocr_par' dir='ltr' id='par_1_22' title="bbox 1992 977 3584 1048">
     <span class='ocr_line' id='line_1_22' title="bbox 1992 977 3584 1048; baseline -0.001 -18"><span class='ocrx_word' id='word_1_134' title='bbox 1992 977 2332 1042; x_wconf 80' lang='lat' dir='ltr'><strong>incedentes,</strong></span> <span class='ocrx_word' id='word_1_135' title='bbox 2385 987 2793 1048; x_wconf 83' lang='lat' dir='ltr'><strong>consequenter</strong></span> <span class='ocrx_word' id='word_1_136' title='bbox 2817 987 2873 1032; x_wconf 90' lang='lat' dir='ltr'><strong>et</strong></span> <span class='ocrx_word' id='word_1_137' title='bbox 2901 978 3212 1032; x_wconf 78' lang='lat' dir='ltr'><strong>divinarum</strong></span> <span class='ocrx_word' id='word_1_138' title='bbox 3270 992 3546 1032; x_wconf 84' lang='lat' dir='ltr'><strong>sacrarum</strong></span> <span class='ocrx_word' id='word_1_139' title='bbox 3571 1011 3584 1019; x_wconf 85' lang='grc'><strong><em>-</em></strong></span> 
     </span>
    </p>
   </div>
   <div class='ocr_carea' id='block_1_23' title="bbox 1991 1069 3579 1139">
    <p class='ocr_par' dir='ltr' id='par_1_23' title="bbox 1991 1069 3579 1139">
     <span class='ocr_line' id='line_1_23' title="bbox 1991 1069 3579 1139; baseline -0.004 -17"><span class='ocrx_word' id='word_1_140' title='bbox 1991 1083 2098 1138; x_wconf 88' lang='lat' dir='ltr'><strong>que</strong></span> <span class='ocrx_word' id='word_1_141' title='bbox 2134 1070 2436 1138; x_wconf 82' lang='lat' dir='ltr'><strong>imaginum</strong></span> <span class='ocrx_word' id='word_1_142' title='bbox 2492 1069 2862 1124; x_wconf 76' lang='lat' dir='ltr'><strong>venerandam</strong></span> <span class='ocrx_word' id='word_1_143' title='bbox 2928 1069 3186 1139; x_wconf 83' lang='lat' dir='ltr'><strong>rcjiciunt</strong></span> <span class='ocrx_word' id='word_1_144' title='bbox 3244 1070 3579 1123; x_wconf 84' lang='lat' dir='ltr'><strong>erectionem</strong></span> 
     </span>
    </p>
   </div>
   <div class='ocr_carea' id='block_1_24' title="bbox 1991 1161 3580 1233">
    <p class='ocr_par' dir='ltr' id='par_1_24' title="bbox 1991 1161 3580 1233">
     <span class='ocr_line' id='line_1_24' title="bbox 1991 1161 3580 1233; baseline -0.001 -18"><span class='ocrx_word' id='word_1_145' title='bbox 1991 1169 2153 1231; x_wconf 85' lang='lat' dir='ltr'><strong>atque</strong></span> <span class='ocrx_word' id='word_1_146' title='bbox 2185 1163 2418 1226; x_wconf 85' lang='lat' dir='ltr'><strong>cultum,</strong></span> <span class='ocrx_word' id='word_1_147' title='bbox 2445 1161 2841 1217; x_wconf 78' lang='lat' dir='ltr'><strong>velutomnino</strong></span> <span class='ocrx_word' id='word_1_148' title='bbox 2896 1163 3172 1233; x_wconf 86' lang='lat' dir='ltr'><strong>corruptis</strong></span> <span class='ocrx_word' id='word_1_149' title='bbox 3235 1161 3580 1232; x_wconf 75' lang='lat' dir='ltr'><strong>putridisque</strong></span> 
     </span>
    </p>
   </div>
   <div class='ocr_carea' id='block_1_25' title="bbox 1991 1253 2615 1318">
    <p class='ocr_par' dir='ltr' id='par_1_25' title="bbox 1991 1253 2615 1318">
     <span class='ocr_line' id='line_1_25' title="bbox 1991 1253 2615 1318; baseline 0 -12"><span class='ocrx_word' id='word_1_150' title='bbox 1991 1253 2274 1318; x_wconf 78' lang='lat' dir='ltr'><strong>membris,</strong></span> <span class='ocrx_word' id='word_1_151' title='bbox 2303 1254 2615 1309; x_wconf 77' lang='lat' dir='ltr'><strong>anathema.</strong></span> 
     </span>
    </p>
   </div>
   <div class='ocr_carea' id='block_1_26' title="bbox 2590 1349 2987 1403">
    <p class='ocr_par' dir='ltr' id='par_1_26' title="bbox 2590 1349 2987 1403">
     <span class='ocr_line' id='line_1_26' title="bbox 2590 1349 2987 1403; baseline 0.005 -4"><span class='ocrx_word' id='word_1_152' title='bbox 2590 1349 2874 1401; x_wconf 67' lang='lat' dir='ltr'><strong>Anni/2cm.</strong></span> <span class='ocrx_word' id='word_1_153' title='bbox 2903 1349 2987 1403; x_wconf 88' lang='lat' dir='ltr'><strong>l0.</strong></span> 
     </span>
    </p>
   </div>
   <div class='ocr_carea' id='block_1_27' title="bbox 2059 1438 3580 1506">
    <p class='ocr_par' dir='ltr' id='par_1_27' title="bbox 2059 1438 3580 1506">
     <span class='ocr_line' id='line_1_27' title="bbox 2059 1438 3580 1506; baseline -0.001 -16"><span class='ocrx_word' id='word_1_154' title='bbox 2059 1438 2146 1501; x_wconf 74' lang='lat' dir='ltr'><strong>lis,</strong></span> <span class='ocrx_word' id='word_1_155' title='bbox 2176 1439 2264 1506; x_wconf 72' lang='lat' dir='ltr'><strong>qui</strong></span> <span class='ocrx_word' id='word_1_156' title='bbox 2311 1439 2374 1492; x_wconf 83' lang='lat' dir='ltr'><strong>ad</strong></span> <span class='ocrx_word' id='word_1_157' title='bbox 2427 1439 2776 1493; x_wconf 82' lang='lat' dir='ltr'><strong>evertendam</strong></span> <span class='ocrx_word' id='word_1_158' title='bbox 2801 1441 3010 1493; x_wconf 74' lang='lat' dir='ltr'><strong>lioniini</strong></span> <span class='ocrx_word' id='word_1_159' title='bbox 3033 1455 3094 1493; x_wconf 77' lang='lat' dir='ltr'><strong>ac.</strong></span> <span class='ocrx_word' id='word_1_160' title='bbox 3112 1440 3226 1502; x_wconf 82' lang='lat' dir='ltr'><strong>Dei,</strong></span> <span class='ocrx_word' id='word_1_161' title='bbox 3246 1448 3299 1494; x_wconf 90' lang='lat' dir='ltr'><strong>et</strong></span> <span class='ocrx_word' id='word_1_162' title='bbox 3326 1439 3580 1494; x_wconf 57' lang='lat' dir='ltr'><strong>Servate.</strong></span> 
     </span>
    </p>
   </div>
   <div class='ocr_carea' id='block_1_28' title="bbox 1989 1529 3572 1601">
    <p class='ocr_par' dir='ltr' id='par_1_28' title="bbox 1989 1529 3572 1601">
     <span class='ocr_line' id='line_1_28' title="bbox 1989 1529 3572 1601; baseline 0.003 -21"><span class='ocrx_word' id='word_1_163' title='bbox 1989 1529 2063 1581; x_wconf 88' lang='lat' dir='ltr'><strong>ris</strong></span> <span class='ocrx_word' id='word_1_164' title='bbox 2127 1531 2298 1583; x_wconf 78' lang='lat' dir='ltr'><strong>nostri</strong></span> <span class='ocrx_word' id='word_1_165' title='bbox 2337 1529 2465 1584; x_wconf 81' lang='lat' dir='ltr'><strong>Jesu</strong></span> <span class='ocrx_word' id='word_1_166' title='bbox 2497 1531 2699 1585; x_wconf 80' lang='lat' dir='ltr'><strong>Christi</strong></span> <span class='ocrx_word' id='word_1_167' title='bbox 2729 1532 3031 1585; x_wconf 83' lang='lat' dir='ltr'><strong>doctrinam</strong></span> <span class='ocrx_word' id='word_1_168' title='bbox 3059 1539 3378 1601; x_wconf 77' lang='lat' dir='ltr'><strong>properant,</strong></span> <span class='ocrx_word' id='word_1_169' title='bbox 3409 1547 3572 1601; x_wconf 89' lang='lat' dir='ltr'><strong>quam</strong></span> 
     </span>
    </p>
   </div>
   <div class='ocr_carea' id='block_1_29' title="bbox 1988 1621 3575 1691">
    <p class='ocr_par' dir='ltr' id='par_1_29' title="bbox 1988 1621 3575 1691">
     <span class='ocr_line' id='line_1_29' title="bbox 1988 1621 3575 1691; baseline 0.001 -17"><span class='ocrx_word' id='word_1_170' title='bbox 1988 1621 2192 1674; x_wconf 78' lang='lat' dir='ltr'><strong>sanctis</strong></span> <span class='ocrx_word' id='word_1_171' title='bbox 2217 1621 2504 1691; x_wconf 79' lang='lat' dir='ltr'><strong>discipulis</strong></span> <span class='ocrx_word' id='word_1_172' title='bbox 2537 1624 2654 1676; x_wconf 85' lang='lat' dir='ltr'><strong>suis</strong></span> <span class='ocrx_word' id='word_1_173' title='bbox 2685 1624 3112 1688; x_wconf 74' lang='lat' dir='ltr'><strong>commendavit,</strong></span> <span class='ocrx_word' id='word_1_174' title='bbox 3167 1632 3225 1677; x_wconf 86' lang='lat' dir='ltr'><strong>ut</strong></span> <span class='ocrx_word' id='word_1_175' title='bbox 3280 1623 3333 1677; x_wconf 95' lang='lat' dir='ltr'><strong>in</strong></span> <span class='ocrx_word' id='word_1_176' title='bbox 3369 1639 3426 1677; x_wconf 87' lang='lat' dir='ltr'><strong>se</strong></span> <span class='ocrx_word' id='word_1_177' title='bbox 3457 1638 3575 1678; x_wconf 80' lang='lat' dir='ltr'><strong>cre-.</strong></span> 
     </span>
    </p>
   </div>
   <div class='ocr_carea' id='block_1_30' title="bbox 1986 1713 3568 1785">
    <p class='ocr_par' dir='ltr' id='par_1_30' title="bbox 1986 1713 3568 1785">
     <span class='ocr_line' id='line_1_30' title="bbox 1986 1713 3568 1785; baseline -0.001 -18"><span class='ocrx_word' id='word_1_178' title='bbox 1986 1715 2179 1767; x_wconf 79' lang='lat' dir='ltr'><strong>dentes</strong></span> <span class='ocrx_word' id='word_1_179' title='bbox 2209 1715 2262 1766; x_wconf 92' lang='lat' dir='ltr'><strong>in</strong></span> <span class='ocrx_word' id='word_1_180' title='bbox 2294 1715 2518 1769; x_wconf 82' lang='lat' dir='ltr'><strong>nomine</strong></span> <span class='ocrx_word' id='word_1_181' title='bbox 2542 1713 2740 1778; x_wconf 84' lang='lat' dir='ltr'><strong>Patris,</strong></span> <span class='ocrx_word' id='word_1_182' title='bbox 2780 1725 2834 1770; x_wconf 84' lang='lat' dir='ltr'><strong>et</strong></span> <span class='ocrx_word' id='word_1_183' title='bbox 2867 1713 3010 1777; x_wconf 81' lang='lat' dir='ltr'><strong>Filii,</strong></span> <span class='ocrx_word' id='word_1_184' title='bbox 3049 1723 3101 1769; x_wconf 90' lang='lat' dir='ltr'><strong>et</strong></span> <span class='ocrx_word' id='word_1_185' title='bbox 3129 1715 3371 1785; x_wconf 75' lang='lat' dir='ltr'><strong>Spiritus</strong></span> <span class='ocrx_word' id='word_1_186' title='bbox 3391 1717 3568 1770; x_wconf 73' lang='lat' dir='ltr'><strong>sancti</strong></span> 
     </span>
    </p>
   </div>
   <div class='ocr_carea' id='block_1_31' title="bbox 1989 1804 3570 1877">
    <p class='ocr_par' dir='ltr' id='par_1_31' title="bbox 1989 1804 3570 1877">
     <span class='ocr_line' id='line_1_31' title="bbox 1989 1804 3570 1877; baseline 0.002 -21"><span class='ocrx_word' id='word_1_187' title='bbox 1989 1804 2351 1873; x_wconf 83' lang='lat' dir='ltr'><strong>baptizarent,</strong></span> <span class='ocrx_word' id='word_1_188' title='bbox 2393 1816 2446 1860; x_wconf 84' lang='lat' dir='ltr'><strong>et</strong></span> <span class='ocrx_word' id='word_1_189' title='bbox 2501 1807 2592 1876; x_wconf 90' lang='lat' dir='ltr'><strong>qui</strong></span> <span class='ocrx_word' id='word_1_190' title='bbox 2669 1822 2776 1859; x_wconf 86' lang='lat' dir='ltr'><strong>non</strong></span> <span class='ocrx_word' id='word_1_191' title='bbox 2808 1822 2904 1877; x_wconf 90' lang='lat' dir='ltr'><strong>per</strong></span> <span class='ocrx_word' id='word_1_192' title='bbox 2939 1822 3134 1876; x_wconf 82' lang='lat' dir='ltr'><strong>aqua-n</strong></span> <span class='ocrx_word' id='word_1_193' title='bbox 3182 1815 3237 1860; x_wconf 87' lang='lat' dir='ltr'><strong>et</strong></span> <span class='ocrx_word' id='word_1_194' title='bbox 3307 1805 3570 1876; x_wconf 87' lang='lat' dir='ltr'><strong>Spiritum</strong></span> 
     </span>
    </p>
   </div>
   <div class='ocr_carea' id='block_1_32' title="bbox 295 1868 1874 1968">
    <p class='ocr_par' dir='ltr' id='par_1_32' title="bbox 295 1868 1874 1967">
     <span class='ocr_line' id='line_1_32' title="bbox 295 1868 1874 1967; baseline 0.015 -36"><span class='ocrx_word' id='word_1_195' title='bbox 295 1880 385 1932; x_wconf 71' lang='grc' dir='ltr'><strong>ἐὰν</strong></span> <span class='ocrx_word' id='word_1_196' title='bbox 428 1883 504 1952; x_wconf 85' lang='grc' dir='ltr'>μή</span> <span class='ocrx_word' id='word_1_197' title='bbox 537 1901 619 1943; x_wconf 87' lang='grc' dir='ltr'><strong>τις</strong></span> <span class='ocrx_word' id='word_1_198' title='bbox 655 1885 893 1957; x_wconf 80' lang='grc' dir='ltr'>γεννηθῇ</span> <span class='ocrx_word' id='word_1_199' title='bbox 936 1887 1003 1940; x_wconf 82' lang='grc' dir='ltr'><strong>δι’</strong></span> <span class='ocrx_word' id='word_1_200' title='bbox 1043 1887 1236 1954; x_wconf 72' lang='grc' dir='ltr'>ὕδατος</span> <span class='ocrx_word' id='word_1_201' title='bbox 1295 1894 1390 1947; x_wconf 73' lang='grc' dir='ltr'><strong>καὶ</strong></span> <span class='ocrx_word' id='word_1_202' title='bbox 1431 1868 1767 1967; x_wconf 84' lang='grc' dir='ltr'>πνεύματος,</span> 
     </span>
    </p>
   </div>
   <div class='ocr_carea' id='block_1_33' title="bbox 1979 1868 3568 1968">
    <p class='ocr_par' dir='ltr' id='par_1_33' title="bbox 1989 1899 3568 1968">
     <span class='ocr_line' id='line_1_33' title="bbox 1989 1899 3568 1968; baseline 0.001 -20"><span class='ocrx_word' id='word_1_203' title='bbox 1989 1908 2328 1962; x_wconf 81' lang='lat' dir='ltr'><strong>renascetur,</strong></span> <span class='ocrx_word' id='word_1_204' title='bbox 2355 1913 2479 1951; x_wconf 85' lang='lat' dir='ltr'><strong>eum</strong></span> <span class='ocrx_word' id='word_1_205' title='bbox 2513 1914 2620 1952; x_wconf 93' lang='lat' dir='ltr'><strong>non</strong></span> <span class='ocrx_word' id='word_1_206' title='bbox 2650 1899 3004 1952; x_wconf 82' lang='lat' dir='ltr'><strong>introiturum</strong></span> <span class='ocrx_word' id='word_1_207' title='bbox 3038 1899 3568 1968; x_wconf 73' lang='lat' dir='ltr'><strong>rcgnumccelorum.</strong></span> 
     </span>
    </p>
   </div>
   <div class='ocr_carea' id='block_1_34' title="bbox 295 1974 1878 2056">
    <p class='ocr_par' dir='ltr' id='par_1_34' title="bbox 295 1974 1878 2056">
     <span class='ocr_line' id='line_1_34' title="bbox 295 1974 1878 2056; baseline 0.013 -30"><span class='ocrx_word' id='word_1_208' title='bbox 295 1974 368 2044; x_wconf 82' lang='grc' dir='ltr'>μὴ</span> <span class='ocrx_word' id='word_1_209' title='bbox 400 1976 668 2031; x_wconf 73' lang='grc' dir='ltr'><strong>εἰσελθεῖν</strong></span> <span class='ocrx_word' id='word_1_210' title='bbox 702 1979 783 2042; x_wconf 85' lang='grc' dir='ltr'><strong>είς</strong></span> <span class='ocrx_word' id='word_1_211' title='bbox 827 1980 927 2050; x_wconf 85' lang='grc' dir='ltr'>τὴν</span> <span class='ocrx_word' id='word_1_212' title='bbox 959 1980 1240 2050; x_wconf 80' lang='grc' dir='ltr'>βασιλείαν</span> <span class='ocrx_word' id='word_1_213' title='bbox 1277 1986 1372 2039; x_wconf 83' lang='grc' dir='ltr'>τοῦ</span> <span class='ocrx_word' id='word_1_214' title='bbox 1404 1989 1562 2044; x_wconf 71' lang='grc' dir='ltr'>θεοῦ.</span> <span class='ocrx_word' id='word_1_215' title='bbox 1611 1991 1738 2056; x_wconf 80' lang='grc' dir='ltr'>Τοῖς</span> <span class='ocrx_word' id='word_1_216' title='bbox 1783 1993 1878 2048; x_wconf 79' lang='grc' dir='ltr'><strong>οὖν</strong></span> 
     </span>
    </p>
   </div>
   <div class='ocr_carea' id='block_1_35' title="bbox 297 2067 1878 2154">
    <p class='ocr_par' dir='ltr' id='par_1_35' title="bbox 297 2067 1878 2154">
     <span class='ocr_line' id='line_1_35' title="bbox 297 2067 1878 2154; baseline 0.013 -39"><span class='ocrx_word' id='word_1_217' title='bbox 297 2067 428 2136; x_wconf 70' lang='grc' dir='ltr'>πρὸς</span> <span class='ocrx_word' id='word_1_218' title='bbox 451 2067 628 2118; x_wconf 67' lang='grc' dir='ltr'>ταῦτα</span> <span class='ocrx_word' id='word_1_219' title='bbox 665 2068 847 2122; x_wconf 81' lang='grc' dir='ltr'>πάντα</span> <span class='ocrx_word' id='word_1_220' title='bbox 891 2071 1286 2143; x_wconf 78' lang='grc' dir='ltr'>τυφλώττουσι,</span> <span class='ocrx_word' id='word_1_221' title='bbox 1318 2077 1411 2130; x_wconf 82' lang='grc' dir='ltr'><strong>καὶ</strong></span> <span class='ocrx_word' id='word_1_222' title='bbox 1443 2079 1549 2131; x_wconf 76' lang='grc' dir='ltr'><strong>ὑπὸ</strong></span> <span class='ocrx_word' id='word_1_223' title='bbox 1582 2081 1680 2150; x_wconf 80' lang='grc' dir='ltr'>τῆς</span> <span class='ocrx_word' id='word_1_224' title='bbox 1725 2084 1878 2154; x_wconf 83' lang='grc' dir='ltr'>ἐνερ-</span> 
     </span>
    </p>
   </div>
   <div class='ocr_carea' id='block_1_36' title="bbox 294 2157 1883 2244">
    <p class='ocr_par' dir='ltr' id='par_1_36' title="bbox 294 2157 1883 2244">
     <span class='ocr_line' id='line_1_36' title="bbox 294 2157 1883 2244; baseline 0.012 -34"><span class='ocrx_word' id='word_1_225' title='bbox 294 2157 425 2224; x_wconf 75' lang='grc' dir='ltr'>γούς</span> <span class='ocrx_word' id='word_1_226' title='bbox 454 2161 511 2212; x_wconf 82' lang='grc' dir='ltr'>ὲν</span> <span class='ocrx_word' id='word_1_227' title='bbox 541 2161 722 2224; x_wconf 73' lang='grc' dir='ltr'>αὐτοῖς</span> <span class='ocrx_word' id='word_1_228' title='bbox 757 2162 1064 2233; x_wconf 85' lang='grc' dir='ltr'>Σατανικῆς</span> <span class='ocrx_word' id='word_1_229' title='bbox 1111 2167 1400 2237; x_wconf 74' lang='grc' dir='ltr'>ἐνεργείας</span> <span class='ocrx_word' id='word_1_230' title='bbox 1428 2170 1669 2240; x_wconf 87' lang='grc' dir='ltr'>τολμῶσι</span> <span class='ocrx_word' id='word_1_231' title='bbox 1709 2176 1883 2244; x_wconf 85' lang='grc' dir='ltr'>φλυα-</span> 
     </span>
    </p>
   </div>
   <div class='ocr_carea' id='block_1_37' title="bbox 296 2249 1879 2334">
    <p class='ocr_par' dir='ltr' id='par_1_37' title="bbox 296 2249 1879 2334">
     <span class='ocr_line' id='line_1_37' title="bbox 296 2249 1879 2334; baseline 0.014 -35"><span class='ocrx_word' id='word_1_232' title='bbox 296 2251 431 2319; x_wconf 85' lang='grc' dir='ltr'>ρεῖν,</span> <span class='ocrx_word' id='word_1_233' title='bbox 458 2249 521 2302; x_wconf 73' lang='grc' dir='ltr'><strong>τὸ</strong></span> <span class='ocrx_word' id='word_1_234' title='bbox 560 2252 720 2318; x_wconf 73' lang='grc' dir='ltr'>ἅγιον</span> <span class='ocrx_word' id='word_1_235' title='bbox 770 2253 1057 2325; x_wconf 73' lang='grc' dir='ltr'><strong>βάπτισμα</strong></span> <span class='ocrx_word' id='word_1_236' title='bbox 1097 2255 1239 2327; x_wconf 75' lang='grc' dir='ltr'>ὕδωρ</span> <span class='ocrx_word' id='word_1_237' title='bbox 1272 2257 1416 2314; x_wconf 75' lang='grc' dir='ltr'>εἶναι</span> <span class='ocrx_word' id='word_1_238' title='bbox 1447 2261 1624 2330; x_wconf 74' lang='grc' dir='ltr'>ψιλὸν,</span> <span class='ocrx_word' id='word_1_239' title='bbox 1665 2265 1741 2329; x_wconf 87' lang='grc' dir='ltr'><strong>ὡς</strong></span> <span class='ocrx_word' id='word_1_240' title='bbox 1773 2267 1879 2334; x_wconf 77' lang='grc' dir='ltr'><strong>ἔξω</strong></span> 
     </span>
    </p>
   </div>
   <div class='ocr_carea' id='block_1_38' title="bbox 291 2344 1879 2430">
    <p class='ocr_par' dir='ltr' id='par_1_38' title="bbox 291 2344 1879 2430">
     <span class='ocr_line' id='line_1_38' title="bbox 291 2344 1879 2430; baseline 0.014 -37"><span class='ocrx_word' id='word_1_241' title='bbox 291 2345 387 2394; x_wconf 76' lang='grc' dir='ltr'>καὶ</span> <span class='ocrx_word' id='word_1_242' title='bbox 435 2344 533 2411; x_wconf 84' lang='grc' dir='ltr'>τῆς</span> <span class='ocrx_word' id='word_1_243' title='bbox 582 2345 822 2409; x_wconf 84' lang='grc' dir='ltr'>πίστεως</span> <span class='ocrx_word' id='word_1_244' title='bbox 868 2349 1031 2418; x_wconf 86' lang='grc' dir='ltr'>ήμῶν</span> <span class='ocrx_word' id='word_1_245' title='bbox 1079 2348 1220 2415; x_wconf 82' lang='grc' dir='ltr'>οὖσι,</span> <span class='ocrx_word' id='word_1_246' title='bbox 1267 2355 1361 2404; x_wconf 73' lang='grc' dir='ltr'>καὶ</span> <span class='ocrx_word' id='word_1_247' title='bbox 1407 2355 1506 2423; x_wconf 82' lang='grc' dir='ltr'>τῆς</span> <span class='ocrx_word' id='word_1_248' title='bbox 1552 2358 1879 2430; x_wconf 74' lang='grc' dir='ltr'>Ἑκκλησίας</span> 
     </span>
    </p>
   </div>
   <div class='ocr_carea' id='block_1_39' title="bbox 291 2434 1528 2514">
    <p class='ocr_par' dir='ltr' id='par_1_39' title="bbox 291 2434 1528 2514">
     <span class='ocr_line' id='line_1_39' title="bbox 291 2434 1528 2514; baseline 0.012 -28"><span class='ocrx_word' id='word_1_249' title='bbox 291 2434 616 2506; x_wconf 67' lang='grc' dir='ltr'>ἀλλοτρίοις,</span> <span class='ocrx_word' id='word_1_250' title='bbox 650 2437 747 2490; x_wconf 69' lang='grc' dir='ltr'>καὶ</span> <span class='ocrx_word' id='word_1_251' title='bbox 778 2439 1034 2508; x_wconf 76' lang='grc' dir='ltr'>καθάπαξ</span> <span class='ocrx_word' id='word_1_252' title='bbox 1065 2445 1224 2508; x_wconf 82' lang='grc' dir='ltr'>Θεου,</span> <span class='ocrx_word' id='word_1_253' title='bbox 1256 2445 1528 2514; x_wconf 81' lang='grc' dir='ltr'>ἀνάθεμα.</span> 
     </span>
    </p>
   </div>
   <div class='ocr_carea' id='block_1_40' title="bbox 892 2534 1310 2604">
    <p class='ocr_par' dir='ltr' id='par_1_40' title="bbox 892 2534 1310 2604">
     <span class='ocr_line' id='line_1_40' title="bbox 892 2534 1310 2604; baseline 0.01 -18"><span class='ocrx_word' id='word_1_254' title='bbox 892 2534 1155 2604; x_wconf 76' lang='grc' dir='ltr'>Ἀναθεμ.</span> <span class='ocrx_word' id='word_1_255' title='bbox 1216 2534 1310 2590; x_wconf 83' lang='grc' dir='ltr'>ια’.</span> 
     </span>
    </p>
   </div>
   <div class='ocr_carea' id='block_1_41' title="bbox 361 2621 1878 2700">
    <p class='ocr_par' dir='ltr' id='par_1_41' title="bbox 361 2621 1878 2700">
     <span class='ocr_line' id='line_1_41' title="bbox 361 2621 1878 2700; baseline 0.011 -26"><span class='ocrx_word' id='word_1_256' title='bbox 361 2622 488 2686; x_wconf 78' lang='grc' dir='ltr'>Τοῖς</span> <span class='ocrx_word' id='word_1_257' title='bbox 511 2621 823 2687; x_wconf 74' lang='grc' dir='ltr'>ἀκολούθως</span> <span class='ocrx_word' id='word_1_258' title='bbox 863 2625 972 2679; x_wconf 88' lang='grc' dir='ltr'><strong>τῶν</strong></span> <span class='ocrx_word' id='word_1_259' title='bbox 993 2626 1251 2681; x_wconf 75' lang='grc' dir='ltr'>τοιούτων</span> <span class='ocrx_word' id='word_1_260' title='bbox 1287 2628 1350 2700; x_wconf 86' lang='grc' dir='ltr'><strong>λη</strong></span> <span class='ocrx_word' id='word_1_261' title='bbox 1361 2632 1617 2700; x_wconf 76' lang='grc' dir='ltr'>ρημάτων</span> <span class='ocrx_word' id='word_1_262' title='bbox 1649 2637 1739 2690; x_wconf 73' lang='grc' dir='ltr'><strong>καὶ</strong></span> <span class='ocrx_word' id='word_1_263' title='bbox 1771 2655 1878 2690; x_wconf 66' lang='grc' dir='ltr'>πας</span> 
     </span>
    </p>
   </div>
   <div class='ocr_carea' id='block_1_42' title="bbox 291 2716 1879 2802">
    <p class='ocr_par' dir='ltr' id='par_1_42' title="bbox 291 2716 1879 2802">
     <span class='ocr_line' id='line_1_42' title="bbox 291 2716 1879 2802; baseline 0.011 -35"><span class='ocrx_word' id='word_1_264' title='bbox 291 2716 727 2785; x_wconf 75' lang='grc' dir='ltr'>ραφρονημάτων</span> <span class='ocrx_word' id='word_1_265' title='bbox 758 2717 856 2772; x_wconf 74' lang='grc' dir='ltr'>καὶ</span> <span class='ocrx_word' id='word_1_266' title='bbox 886 2719 976 2772; x_wconf 81' lang='grc' dir='ltr'>τὸν</span> <span class='ocrx_word' id='word_1_267' title='bbox 1004 2719 1184 2789; x_wconf 79' lang='grc' dir='ltr'>τίμιον</span> <span class='ocrx_word' id='word_1_268' title='bbox 1217 2722 1311 2775; x_wconf 70' lang='grc' dir='ltr'>καὶ</span> <span class='ocrx_word' id='word_1_269' title='bbox 1339 2724 1604 2786; x_wconf 61' lang='grc' dir='ltr'>ζωοπιιδν</span> <span class='ocrx_word' id='word_1_270' title='bbox 1646 2731 1879 2802; x_wconf 71' lang='grc' dir='ltr'>σταυρὸν</span> 
     </span>
    </p>
   </div>
   <div class='ocr_carea' id='block_1_43' title="bbox 288 2810 1878 2894">
    <p class='ocr_par' dir='ltr' id='par_1_43' title="bbox 288 2810 1878 2894">
     <span class='ocr_line' id='line_1_43' title="bbox 288 2810 1878 2894; baseline 0.011 -34"><span class='ocrx_word' id='word_1_271' title='bbox 288 2810 567 2874; x_wconf 64' lang='grc' dir='ltr'>φούλκαν</span> <span class='ocrx_word' id='word_1_272' title='bbox 586 2810 945 2879; x_wconf 84' lang='grc' dir='ltr'>ἀποκαλοῦσι,</span> <span class='ocrx_word' id='word_1_273' title='bbox 988 2814 1165 2869; x_wconf 78' lang='grc' dir='ltr'>καὶτὸ</span> <span class='ocrx_word' id='word_1_274' title='bbox 1208 2815 1364 2888; x_wconf 75' lang='grc' dir='ltr'>ἅγιον</span> <span class='ocrx_word' id='word_1_275' title='bbox 1406 2820 1691 2892; x_wconf 80' lang='grc' dir='ltr'>βάπτισμα</span> <span class='ocrx_word' id='word_1_276' title='bbox 1734 2823 1878 2894; x_wconf 76' lang='grc' dir='ltr'>ὕδωρ</span> 
     </span>
    </p>
   </div>
   <div class='ocr_carea' id='block_1_44' title="bbox 287 2900 1878 2984">
    <p class='ocr_par' dir='ltr' id='par_1_44' title="bbox 287 2900 1878 2984">
     <span class='ocr_line' id='line_1_44' title="bbox 287 2900 1878 2984; baseline 0.009 -31"><span class='ocrx_word' id='word_1_277' title='bbox 287 2900 460 2969; x_wconf 64' lang='grc' dir='ltr'>ψιλὸν,</span> <span class='ocrx_word' id='word_1_278' title='bbox 497 2902 634 2970; x_wconf 66' lang='grc' dir='ltr'>μηδὲ</span> <span class='ocrx_word' id='word_1_279' title='bbox 665 2903 863 2970; x_wconf 70' lang='grc' dir='ltr'>ἄφεσιν</span> <span class='ocrx_word' id='word_1_280' title='bbox 904 2905 1028 2974; x_wconf 76' lang='grc' dir='ltr'>ἔχον</span> <span class='ocrx_word' id='word_1_281' title='bbox 1064 2909 1368 2981; x_wconf 72' lang='grc' dir='ltr'>ἁμαρτιῶν,</span> <span class='ocrx_word' id='word_1_282' title='bbox 1417 2913 1554 2984; x_wconf 84' lang='grc' dir='ltr'>μήτε</span> <span class='ocrx_word' id='word_1_283' title='bbox 1611 2915 1673 2966; x_wconf 83' lang='grc' dir='ltr'>ὲκ</span> <span class='ocrx_word' id='word_1_284' title='bbox 1704 2915 1878 2967; x_wconf 85' lang='grc' dir='ltr'>Πνεύ-</span> 
     </span>
    </p>
   </div>
   <div class='ocr_carea' id='block_1_45' title="bbox 289 2994 1878 3082">
    <p class='ocr_par' dir='ltr' id='par_1_45' title="bbox 289 2994 1878 3082">
     <span class='ocr_line' id='line_1_45' title="bbox 289 2994 1878 3082; baseline 0.009 -35"><span class='ocrx_word' id='word_1_285' title='bbox 289 3011 479 3066; x_wconf 81' lang='grc' dir='ltr'>ματος,</span> <span class='ocrx_word' id='word_1_286' title='bbox 509 2994 644 3082; x_wconf 72' lang='grc' dir='ltr'>ἀλλὰ</span> <span class='ocrx_word' id='word_1_287' title='bbox 674 2999 804 3067; x_wconf 79' lang='grc' dir='ltr'>παρ’</span> <span class='ocrx_word' id='word_1_288' title='bbox 826 2998 1037 3052; x_wconf 83' lang='grc' dir='ltr'>ἑαυτῶν</span> <span class='ocrx_word' id='word_1_289' title='bbox 1068 3001 1519 3073; x_wconf 77' lang='grc' dir='ltr'>ὑπισχνουμένοις</span> <span class='ocrx_word' id='word_1_290' title='bbox 1547 3006 1781 3061; x_wconf 70' lang='grc' dir='ltr'>δίῖοσθχι</span> <span class='ocrx_word' id='word_1_291' title='bbox 1819 3010 1878 3062; x_wconf 85' lang='grc' dir='ltr'>τὸ</span> 
     </span>
    </p>
   </div>
   <div class='ocr_carea' id='block_1_46' title="bbox 286 3087 1878 3170">
    <p class='ocr_par' dir='ltr' id='par_1_46' title="bbox 286 3087 1878 3170">
     <span class='ocr_line' id='line_1_46' title="bbox 286 3087 1878 3170; baseline 0.011 -33"><span class='ocrx_word' id='word_1_292' title='bbox 286 3087 350 3139; x_wconf 78' lang='grc' dir='ltr'>ὲκ</span> <span class='ocrx_word' id='word_1_293' title='bbox 386 3087 728 3156; x_wconf 78' lang='grc' dir='ltr'>Πνεύματος.</span> <span class='ocrx_word' id='word_1_294' title='bbox 761 3089 848 3143; x_wconf 70' lang='grc' dir='ltr'>ὅτε</span> <span class='ocrx_word' id='word_1_295' title='bbox 885 3092 1011 3155; x_wconf 84' lang='grc' dir='ltr'>τοὺς</span> <span class='ocrx_word' id='word_1_296' title='bbox 1044 3094 1253 3148; x_wconf 78' lang='grc' dir='ltr'>ἑαυτῶν</span> <span class='ocrx_word' id='word_1_297' title='bbox 1302 3097 1624 3166; x_wconf 81' lang='grc' dir='ltr'>βδελυκτοὺς</span> <span class='ocrx_word' id='word_1_298' title='bbox 1668 3101 1878 3170; x_wconf 86' lang='grc' dir='ltr'>μύστας</span> 
     </span>
    </p>
   </div>
   <div class='ocr_carea' id='block_1_47' title="bbox 1984 1988 3572 2060">
    <p class='ocr_par' dir='ltr' id='par_1_47' title="bbox 1984 1988 3572 2060">
     <span class='ocr_line' id='line_1_47' title="bbox 1984 1988 3572 2060; baseline 0 -20"><span class='ocrx_word' id='word_1_299' title='bbox 1984 1988 2389 2056; x_wconf 61' lang='lat' dir='ltr'><strong>praedicarent;</strong></span> <span class='ocrx_word' id='word_1_300' title='bbox 2444 1989 2538 2044; x_wconf 82' lang='lat' dir='ltr'><strong>llis</strong></span> <span class='ocrx_word' id='word_1_301' title='bbox 2571 1989 2733 2060; x_wconf 79' lang='lat' dir='ltr'><strong>igitur</strong></span> <span class='ocrx_word' id='word_1_302' title='bbox 2762 1989 2830 2044; x_wconf 88' lang='lat' dir='ltr'><strong>ad</strong></span> <span class='ocrx_word' id='word_1_303' title='bbox 2854 1990 2971 2044; x_wconf 73' lang='lat' dir='ltr'><strong>haec</strong></span> <span class='ocrx_word' id='word_1_304' title='bbox 3003 1989 3184 2044; x_wconf 89' lang='lat' dir='ltr'><strong>omnia</strong></span> <span class='ocrx_word' id='word_1_305' title='bbox 3230 1992 3572 2046; x_wconf 63' lang='lat' dir='ltr'><strong>cmentienti.</strong></span> 
     </span>
    </p>
   </div>
   <div class='ocr_carea' id='block_1_48' title="bbox 1982 2072 3570 2152">
    <p class='ocr_par' dir='ltr' id='par_1_48' title="bbox 1982 2072 3570 2152">
     <span class='ocr_line' id='line_1_48' title="bbox 1982 2072 3570 2152; baseline 0.004 -18"><span class='ocrx_word' id='word_1_306' title='bbox 1982 2080 2106 2145; x_wconf 78' lang='lat' dir='ltr'><strong>has,</strong></span> <span class='ocrx_word' id='word_1_307' title='bbox 2139 2092 2194 2135; x_wconf 85' lang='lat' dir='ltr'><strong>et</strong></span> <span class='ocrx_word' id='word_1_308' title='bbox 2223 2081 2312 2150; x_wconf 89' lang='lat' dir='ltr'><strong>qui</strong></span> <span class='ocrx_word' id='word_1_309' title='bbox 2344 2081 2412 2136; x_wconf 89' lang='lat' dir='ltr'><strong>ab</strong></span> <span class='ocrx_word' id='word_1_310' title='bbox 2442 2091 2704 2152; x_wconf 86' lang='lat' dir='ltr'><strong>operante</strong></span> <span class='ocrx_word' id='word_1_311' title='bbox 2734 2083 2786 2136; x_wconf 89' lang='lat' dir='ltr'><strong>in</strong></span> <span class='ocrx_word' id='word_1_312' title='bbox 2819 2082 2951 2152; x_wconf 88' lang='lat' dir='ltr'><strong>ipsis</strong></span> <span class='ocrx_word' id='word_1_313' title='bbox 3001 2083 3268 2138; x_wconf 69' lang='lat' dir='ltr'><strong>diabolica</strong></span> <span class='ocrx_word' id='word_1_314' title='bbox 3329 2072 3570 2141; x_wconf 80' lang='lat' dir='ltr'><strong>ellicacia</strong></span> 
     </span>
    </p>
   </div>
   <div class='ocr_carea' id='block_1_49' title="bbox 1981 2173 3558 2244">
    <p class='ocr_par' dir='ltr' id='par_1_49' title="bbox 1981 2173 3558 2244">
     <span class='ocr_line' id='line_1_49' title="bbox 1981 2173 3558 2244; baseline 0.002 -17"><span class='ocrx_word' id='word_1_315' title='bbox 1981 2173 2163 2244; x_wconf 81' lang='lat' dir='ltr'><strong>agitati</strong></span> <span class='ocrx_word' id='word_1_316' title='bbox 2193 2173 2409 2228; x_wconf 76' lang='lat' dir='ltr'><strong>eﬂ&#39;utire</strong></span> <span class='ocrx_word' id='word_1_317' title='bbox 2435 2189 2544 2228; x_wconf 90' lang='lat' dir='ltr'><strong>non</strong></span> <span class='ocrx_word' id='word_1_318' title='bbox 2576 2183 2859 2238; x_wconf 81' lang='lat' dir='ltr'><strong>verentur,</strong></span> <span class='ocrx_word' id='word_1_319' title='bbox 2894 2190 3111 2229; x_wconf 89' lang='lat' dir='ltr'><strong>sacrum</strong></span> <span class='ocrx_word' id='word_1_320' title='bbox 3138 2175 3410 2244; x_wconf 84' lang='lat' dir='ltr'><strong>baptisma</strong></span> <span class='ocrx_word' id='word_1_321' title='bbox 3442 2192 3558 2230; x_wconf 30' lang='lat' dir='ltr'><strong>mes</strong></span> 
     </span>
    </p>
   </div>
   <div class='ocr_carea' id='block_1_50' title="bbox 1983 2267 3572 2336">
    <p class='ocr_par' dir='ltr' id='par_1_50' title="bbox 1983 2267 3572 2336">
     <span class='ocr_line' id='line_1_50' title="bbox 1983 2267 3572 2336; baseline 0.003 -18"><span class='ocrx_word' id='word_1_322' title='bbox 1983 2281 2095 2319; x_wconf 83' lang='lat' dir='ltr'><strong>rain</strong></span> <span class='ocrx_word' id='word_1_323' title='bbox 2126 2281 2323 2336; x_wconf 87' lang='lat' dir='ltr'><strong>aquam</strong></span> <span class='ocrx_word' id='word_1_324' title='bbox 2372 2281 2511 2334; x_wconf 84' lang='lat' dir='ltr'><strong>esse,</strong></span> <span class='ocrx_word' id='word_1_325' title='bbox 2564 2267 2712 2321; x_wconf 81' lang='lat' dir='ltr'><strong>velut</strong></span> <span class='ocrx_word' id='word_1_326' title='bbox 2754 2267 3072 2322; x_wconf 89' lang='lat' dir='ltr'><strong>hominibus</strong></span> <span class='ocrx_word' id='word_1_327' title='bbox 3125 2283 3154 2322; x_wconf 87' lang='lat' dir='ltr'><strong>a</strong></span> <span class='ocrx_word' id='word_1_328' title='bbox 3219 2276 3407 2322; x_wconf 83' lang='lat' dir='ltr'><strong>nostra</strong></span> <span class='ocrx_word' id='word_1_329' title='bbox 3464 2267 3572 2323; x_wconf 80' lang='lat' dir='ltr'><strong>ﬁdo</strong></span> 
     </span>
    </p>
   </div>
   <div class='ocr_carea' id='block_1_51' title="bbox 1980 2362 3570 2435">
    <p class='ocr_par' dir='ltr' id='par_1_51' title="bbox 1980 2362 3570 2435">
     <span class='ocr_line' id='line_1_51' title="bbox 1980 2362 3570 2435; baseline 0.001 -19"><span class='ocrx_word' id='word_1_330' title='bbox 1980 2364 2192 2428; x_wconf 88' lang='lat' dir='ltr'><strong>alienis,</strong></span> <span class='ocrx_word' id='word_1_331' title='bbox 2219 2364 2364 2418; x_wconf 88' lang='lat' dir='ltr'><strong>etab</strong></span> <span class='ocrx_word' id='word_1_332' title='bbox 2398 2362 2658 2429; x_wconf 82' lang='lat' dir='ltr'><strong>Ecclesia,</strong></span> <span class='ocrx_word' id='word_1_333' title='bbox 2690 2373 2852 2433; x_wconf 87' lang='lat' dir='ltr'><strong>atque</strong></span> <span class='ocrx_word' id='word_1_334' title='bbox 2889 2363 3007 2435; x_wconf 87' lang='lat' dir='ltr'><strong>ipso</strong></span> <span class='ocrx_word' id='word_1_335' title='bbox 3048 2362 3277 2418; x_wconf 89' lang='lat' dir='ltr'><strong>omnino</strong></span> <span class='ocrx_word' id='word_1_336' title='bbox 3339 2363 3450 2418; x_wconf 87' lang='lat' dir='ltr'><strong>Deo</strong></span> <span class='ocrx_word' id='word_1_337' title='bbox 3479 2378 3570 2418; x_wconf 84' lang='lat' dir='ltr'><strong>rc-</strong></span> 
     </span>
    </p>
   </div>
   <div class='ocr_carea' id='block_1_52' title="bbox 1982 2452 2967 2523">
    <p class='ocr_par' dir='ltr' id='par_1_52' title="bbox 1982 2452 2967 2523">
     <span class='ocr_line' id='line_1_52' title="bbox 1982 2452 2967 2523; baseline 0 -17"><span class='ocrx_word' id='word_1_338' title='bbox 1982 2455 2144 2507; x_wconf 87' lang='lat' dir='ltr'><strong>motis</strong></span> <span class='ocrx_word' id='word_1_339' title='bbox 2176 2453 2617 2523; x_wconf 84' lang='lat' dir='ltr'><strong>subjunctisque,</strong></span> <span class='ocrx_word' id='word_1_340' title='bbox 2649 2452 2967 2506; x_wconf 86' lang='lat' dir='ltr'><strong>anathema.</strong></span> 
     </span>
    </p>
   </div>
   <div class='ocr_carea' id='block_1_53' title="bbox 2573 2543 2975 2598">
    <p class='ocr_par' dir='ltr' id='par_1_53' title="bbox 2573 2543 2975 2598">
     <span class='ocr_line' id='line_1_53' title="bbox 2573 2543 2975 2598; baseline -0.002 0"><span class='ocrx_word' id='word_1_341' title='bbox 2573 2543 2852 2598; x_wconf 80' lang='lat' dir='ltr'><strong>Anathem.</strong></span> <span class='ocrx_word' id='word_1_342' title='bbox 2887 2543 2943 2598; x_wconf 58' lang='lat' dir='ltr'><strong>’l&#39;l</strong></span> <span class='ocrx_word' id='word_1_343' title='bbox 2961 2581 2975 2597; x_wconf 94' lang='lat'><strong><em>.</em></strong></span> 
     </span>
    </p>
   </div>
   <div class='ocr_carea' id='block_1_54' title="bbox 2052 2633 3570 2707">
    <p class='ocr_par' dir='ltr' id='par_1_54' title="bbox 2052 2633 3570 2707">
     <span class='ocr_line' id='line_1_54' title="bbox 2052 2633 3570 2707; baseline -0.002 -20"><span class='ocrx_word' id='word_1_344' title='bbox 2052 2633 2142 2700; x_wconf 89' lang='lat' dir='ltr'><strong>lis,</strong></span> <span class='ocrx_word' id='word_1_345' title='bbox 2173 2635 2262 2705; x_wconf 85' lang='lat' dir='ltr'><strong>qui</strong></span> <span class='ocrx_word' id='word_1_346' title='bbox 2296 2636 2673 2691; x_wconf 86' lang='lat' dir='ltr'><strong>consimilibus</strong></span> <span class='ocrx_word' id='word_1_347' title='bbox 2722 2636 2908 2692; x_wconf 89' lang='lat' dir='ltr'><strong>itidem</strong></span> <span class='ocrx_word' id='word_1_348' title='bbox 2937 2635 3098 2707; x_wconf 82' lang='lat' dir='ltr'><strong>nugis</strong></span> <span class='ocrx_word' id='word_1_349' title='bbox 3126 2643 3184 2691; x_wconf 90' lang='lat' dir='ltr'><strong>et</strong></span> <span class='ocrx_word' id='word_1_350' title='bbox 3239 2634 3570 2704; x_wconf 64' lang='lat' dir='ltr'><strong>contempti.</strong></span> 
     </span>
    </p>
   </div>
   <div class='ocr_carea' id='block_1_55' title="bbox 1981 2723 3564 2798">
    <p class='ocr_par' dir='ltr' id='par_1_55' title="bbox 1981 2723 3564 2798">
     <span class='ocr_line' id='line_1_55' title="bbox 1981 2723 3564 2798; baseline 0.004 -20"><span class='ocrx_word' id='word_1_351' title='bbox 1981 2723 2084 2779; x_wconf 89' lang='lat' dir='ltr'><strong>bus</strong></span> <span class='ocrx_word' id='word_1_352' title='bbox 2116 2726 2480 2798; x_wconf 80' lang='lat' dir='ltr'><strong>indulgentes,</strong></span> <span class='ocrx_word' id='word_1_353' title='bbox 2511 2728 2879 2784; x_wconf 72' lang='lat' dir='ltr'><strong>venerandam</strong></span> <span class='ocrx_word' id='word_1_354' title='bbox 2936 2737 2992 2784; x_wconf 90' lang='lat' dir='ltr'><strong>et</strong></span> <span class='ocrx_word' id='word_1_355' title='bbox 3045 2728 3314 2783; x_wconf 77' lang='lat' dir='ltr'><strong>viviﬁcam</strong></span> <span class='ocrx_word' id='word_1_356' title='bbox 3339 2741 3564 2784; x_wconf 85' lang='lat' dir='ltr'><strong>crucem</strong></span> 
     </span>
    </p>
   </div>
   <div class='ocr_carea' id='block_1_56' title="bbox 1982 2818 3566 2892">
    <p class='ocr_par' dir='ltr' id='par_1_56' title="bbox 1982 2818 3566 2892">
     <span class='ocr_line' id='line_1_56' title="bbox 1982 2818 3566 2892; baseline 0.002 -23"><span class='ocrx_word' id='word_1_357' title='bbox 1982 2818 2187 2885; x_wconf 76' lang='lat' dir='ltr'><strong>furcam</strong></span> <span class='ocrx_word' id='word_1_358' title='bbox 2209 2820 2502 2889; x_wconf 86' lang='lat' dir='ltr'><strong>appellant,</strong></span> <span class='ocrx_word' id='word_1_359' title='bbox 2536 2831 2589 2875; x_wconf 86' lang='lat' dir='ltr'><strong>et</strong></span> <span class='ocrx_word' id='word_1_360' title='bbox 2614 2837 2832 2876; x_wconf 87' lang='lat' dir='ltr'><strong>sacrum</strong></span> <span class='ocrx_word' id='word_1_361' title='bbox 2863 2821 3199 2892; x_wconf 86' lang='lat' dir='ltr'><strong>baptismum</strong></span> <span class='ocrx_word' id='word_1_362' title='bbox 3225 2836 3423 2890; x_wconf 85' lang='lat' dir='ltr'><strong>aquam</strong></span> <span class='ocrx_word' id='word_1_363' title='bbox 3447 2835 3566 2873; x_wconf 83' lang='lat' dir='ltr'><strong>rne-</strong></span> 
     </span>
    </p>
   </div>
   <div class='ocr_carea' id='block_1_57' title="bbox 1984 2909 3568 2983">
    <p class='ocr_par' dir='ltr' id='par_1_57' title="bbox 1984 2909 3568 2983">
     <span class='ocr_line' id='line_1_57' title="bbox 1984 2909 3568 2983; baseline -0.002 -18"><span class='ocrx_word' id='word_1_364' title='bbox 1984 2927 2102 2966; x_wconf 89' lang='lat' dir='ltr'><strong>ram</strong></span> <span class='ocrx_word' id='word_1_365' title='bbox 2133 2927 2257 2967; x_wconf 86' lang='lat' dir='ltr'><strong>esse</strong></span> <span class='ocrx_word' id='word_1_366' title='bbox 2282 2913 2624 2976; x_wconf 81' lang='lat' dir='ltr'><strong>existimant,</strong></span> <span class='ocrx_word' id='word_1_367' title='bbox 2664 2929 2785 2983; x_wconf 83' lang='lat' dir='ltr'><strong>quae</strong></span> <span class='ocrx_word' id='word_1_368' title='bbox 2815 2913 3198 2968; x_wconf 89' lang='lat' dir='ltr'><strong>remissionem</strong></span> <span class='ocrx_word' id='word_1_369' title='bbox 3237 2927 3347 2966; x_wconf 90' lang='lat' dir='ltr'><strong>non</strong></span> <span class='ocrx_word' id='word_1_370' title='bbox 3373 2909 3568 2970; x_wconf 81' lang='lat' dir='ltr'><strong>ati‘erat</strong></span> 
     </span>
    </p>
   </div>
   <div class='ocr_carea' id='block_1_58' title="bbox 1984 3002 3620 3074">
    <p class='ocr_par' dir='ltr' id='par_1_58' title="bbox 1984 3002 3620 3074">
     <span class='ocr_line' id='line_1_58' title="bbox 1984 3002 3620 3074; baseline 0.001 -20"><span class='ocrx_word' id='word_1_371' title='bbox 1984 3014 2330 3072; x_wconf 81' lang='lat' dir='ltr'><strong>peccatorum</strong></span> <span class='ocrx_word' id='word_1_372' title='bbox 2369 3021 2382 3058; x_wconf 89' lang='lat'><strong>:</strong></span> <span class='ocrx_word' id='word_1_373' title='bbox 2416 3019 2596 3074; x_wconf 85' lang='lat' dir='ltr'><strong>neque</strong></span> <span class='ocrx_word' id='word_1_374' title='bbox 2617 3021 2686 3058; x_wconf 80' lang='lat' dir='ltr'><strong>ex</strong></span> <span class='ocrx_word' id='word_1_375' title='bbox 2719 3003 2956 3060; x_wconf 77' lang='lat' dir='ltr'><strong>eﬂicacia</strong></span> <span class='ocrx_word' id='word_1_376' title='bbox 2987 3002 3252 3074; x_wconf 86' lang='lat' dir='ltr'><strong>Spiritus,</strong></span> <span class='ocrx_word' id='word_1_377' title='bbox 3295 3002 3389 3057; x_wconf 89' lang='lat' dir='ltr'><strong>sed</strong></span> <span class='ocrx_word' id='word_1_378' title='bbox 3414 3017 3480 3056; x_wconf 80' lang='lat' dir='ltr'><strong>ex</strong></span> <span class='ocrx_word' id='word_1_379' title='bbox 3506 3017 3568 3054; x_wconf 77' lang='lat' dir='ltr'><strong>Su</strong></span> <span class='ocrx_word' id='word_1_380' title='bbox 3611 3047 3620 3056; x_wconf 82' lang='lat'>.</span> 
     </span>
    </p>
   </div>
   <div class='ocr_carea' id='block_1_59' title="bbox 1983 3097 3568 3168">
    <p class='ocr_par' dir='ltr' id='par_1_59' title="bbox 1983 3097 3568 3168">
     <span class='ocr_line' id='line_1_59' title="bbox 1983 3097 3568 3168; baseline -0.004 -18"><span class='ocrx_word' id='word_1_381' title='bbox 1983 3097 2114 3166; x_wconf 83' lang='lat' dir='ltr'><strong>ipsis</strong></span> <span class='ocrx_word' id='word_1_382' title='bbox 2141 3097 2271 3152; x_wconf 84' lang='lat' dir='ltr'><strong>dare</strong></span> <span class='ocrx_word' id='word_1_383' title='bbox 2295 3113 2354 3152; x_wconf 90' lang='lat' dir='ltr'><strong>se</strong></span> <span class='ocrx_word' id='word_1_384' title='bbox 2382 3099 2730 3168; x_wconf 90' lang='lat' dir='ltr'><strong>promittunt,</strong></span> <span class='ocrx_word' id='word_1_385' title='bbox 2757 3097 2899 3168; x_wconf 92' lang='lat' dir='ltr'><strong>quod</strong></span> <span class='ocrx_word' id='word_1_386' title='bbox 2927 3097 3166 3166; x_wconf 88' lang='lat' dir='ltr'><strong>Spiritus</strong></span> <span class='ocrx_word' id='word_1_387' title='bbox 3222 3103 3445 3150; x_wconf 87' lang='lat' dir='ltr'><strong>sanctus</strong></span> <span class='ocrx_word' id='word_1_388' title='bbox 3481 3105 3568 3147; x_wconf 77' lang='grc' dir='ltr'><strong>εει</strong></span> 
     </span>
    </p>
   </div>
   <div class='ocr_carea' id='block_1_60' title="bbox 285 3180 1874 3266">
    <p class='ocr_par' dir='ltr' id='par_1_60' title="bbox 285 3180 1874 3256">
     <span class='ocr_line' id='line_1_60' title="bbox 285 3180 1874 3256; baseline 0.008 -24"><span class='ocrx_word' id='word_1_389' title='bbox 285 3180 344 3232; x_wconf 84' lang='grc' dir='ltr'>τὸ</span> <span class='ocrx_word' id='word_1_390' title='bbox 363 3180 832 3251; x_wconf 75' lang='grc' dir='ltr'>ψευδομοναχικδν</span> <span class='ocrx_word' id='word_1_391' title='bbox 859 3186 1047 3254; x_wconf 86' lang='grc' dir='ltr'>σχῆμα</span> <span class='ocrx_word' id='word_1_392' title='bbox 1079 3188 1540 3256; x_wconf 78' lang='grc' dir='ltr'>μεταμφιὰζουσι,</span> <span class='ocrx_word' id='word_1_393' title='bbox 1573 3194 1666 3246; x_wconf 80' lang='grc' dir='ltr'>καὶ</span> <span class='ocrx_word' id='word_1_394' title='bbox 1689 3195 1874 3246; x_wconf 82' lang='grc' dir='ltr'>τοιαύ-</span> 
     </span>
    </p>
   </div>
   <div class='ocr_carea' id='block_1_61' title="bbox 1979 3180 3564 3266">
    <p class='ocr_par' dir='ltr' id='par_1_61' title="bbox 1979 3187 3564 3256">
     <span class='ocr_line' id='line_1_61' title="bbox 1979 3187 3564 3256; baseline -0.004 -11"><span class='ocrx_word' id='word_1_395' title='bbox 1979 3191 2328 3256; x_wconf 71' lang='lat' dir='ltr'><strong>bneﬁcium,</strong></span> <span class='ocrx_word' id='word_1_396' title='bbox 2398 3207 2522 3247; x_wconf 85' lang='lat' dir='ltr'><strong>eum</strong></span> <span class='ocrx_word' id='word_1_397' title='bbox 2573 3190 2972 3246; x_wconf 88' lang='lat' dir='ltr'><strong>abominandos</strong></span> <span class='ocrx_word' id='word_1_398' title='bbox 3049 3202 3178 3243; x_wconf 87' lang='lat' dir='ltr'><strong>suos</strong></span> <span class='ocrx_word' id='word_1_399' title='bbox 3247 3187 3564 3242; x_wconf 77' lang='lat' dir='ltr'><strong>sacerdotes</strong></span> 
     </span>
    </p>
   </div>
   <div class='ocr_carea' id='block_1_62' title="bbox 285 3275 1873 3357">
    <p class='ocr_par' dir='ltr' id='par_1_62' title="bbox 285 3275 1873 3357">
     <span class='ocr_line' id='line_1_62' title="bbox 285 3275 1873 3357; baseline 0.01 -33"><span class='ocrx_word' id='word_1_400' title='bbox 285 3289 384 3342; x_wconf 86' lang='grc' dir='ltr'><strong>την</strong></span> <span class='ocrx_word' id='word_1_401' title='bbox 405 3275 707 3345; x_wconf 83' lang='grc' dir='ltr'>τηνικαῦτα</span> <span class='ocrx_word' id='word_1_402' title='bbox 738 3276 1082 3346; x_wconf 81' lang='grc' dir='ltr'>ποιουμένοις</span> <span class='ocrx_word' id='word_1_403' title='bbox 1100 3280 1221 3332; x_wconf 85' lang='grc' dir='ltr'>κατ’</span> <span class='ocrx_word' id='word_1_404' title='bbox 1239 3281 1422 3336; x_wconf 74' lang='grc' dir='ltr'>αὐτῶν</span> <span class='ocrx_word' id='word_1_405' title='bbox 1442 3283 1540 3354; x_wconf 78' lang='grc' dir='ltr'>τὴν</span> <span class='ocrx_word' id='word_1_406' title='bbox 1563 3284 1873 3357; x_wconf 73' lang='grc' dir='ltr'>ἐπίκλησιν,</span> 
     </span>
    </p>
   </div>
   <div class='ocr_carea' id='block_1_63' title="bbox 292 3365 1876 3442">
    <p class='ocr_par' dir='ltr' id='par_1_63' title="bbox 292 3365 1876 3442">
     <span class='ocr_line' id='line_1_63' title="bbox 292 3365 1876 3442; baseline 0.009 -25"><span class='ocrx_word' id='word_1_407' title='bbox 292 3365 494 3434; x_wconf 72' lang='grc' dir='ltr'>μᾶλλον</span> <span class='ocrx_word' id='word_1_408' title='bbox 531 3367 588 3420; x_wconf 81' lang='grc' dir='ltr'><strong>δὲ</strong></span> <span class='ocrx_word' id='word_1_409' title='bbox 613 3368 703 3422; x_wconf 74' lang='grc' dir='ltr'><strong>τὸν</strong></span> <span class='ocrx_word' id='word_1_410' title='bbox 730 3367 842 3421; x_wconf 86' lang='grc' dir='ltr'><strong>τῶν</strong></span> <span class='ocrx_word' id='word_1_411' title='bbox 867 3369 1057 3441; x_wconf 68' lang='grc' dir='ltr'>ψυχῶν</span> <span class='ocrx_word' id='word_1_412' title='bbox 1091 3371 1182 3425; x_wconf 80' lang='grc' dir='ltr'>καὶ</span> <span class='ocrx_word' id='word_1_413' title='bbox 1216 3373 1482 3442; x_wconf 83' lang='grc' dir='ltr'>σωμάτων</span> <span class='ocrx_word' id='word_1_414' title='bbox 1504 3375 1682 3431; x_wconf 79' lang='grc' dir='ltr'>αὐτῶν</span> <span class='ocrx_word' id='word_1_415' title='bbox 1709 3396 1876 3435; x_wconf 72' lang='grc' dir='ltr'>καταο</span> 
     </span>
    </p>
   </div>
   <div class='ocr_carea' id='block_1_64' title="bbox 291 3460 921 3533">
    <p class='ocr_par' dir='ltr' id='par_1_64' title="bbox 291 3460 921 3533">
     <span class='ocr_line' id='line_1_64' title="bbox 291 3460 921 3533; baseline 0.011 -23"><span class='ocrx_word' id='word_1_416' title='bbox 291 3460 608 3529; x_wconf 79' lang='grc' dir='ltr'>ποντισμὸν,</span> <span class='ocrx_word' id='word_1_417' title='bbox 647 3461 921 3533; x_wconf 79' lang='grc' dir='ltr'><strong>ἀνάθεμα.</strong></span> 
     </span>
    </p>
   </div>
   <div class='ocr_carea' id='block_1_65' title="bbox 887 3556 1288 3626">
    <p class='ocr_par' dir='ltr' id='par_1_65' title="bbox 887 3556 1288 3626">
     <span class='ocr_line' id='line_1_65' title="bbox 887 3556 1288 3626; baseline 0.007 -17"><span class='ocrx_word' id='word_1_418' title='bbox 887 3556 1147 3626; x_wconf 74' lang='grc' dir='ltr'>Ἆγαθεμ.</span> <span class='ocrx_word' id='word_1_419' title='bbox 1193 3559 1288 3622; x_wconf 78' lang='grc' dir='ltr'><strong>ιβ’.</strong></span> 
     </span>
    </p>
   </div>
   <div class='ocr_carea' id='block_1_66' title="bbox 355 3644 1872 3722">
    <p class='ocr_par' dir='ltr' id='par_1_66' title="bbox 355 3644 1872 3722">
     <span class='ocr_line' id='line_1_66' title="bbox 355 3644 1872 3722; baseline 0.007 -26"><span class='ocrx_word' id='word_1_420' title='bbox 355 3644 479 3707; x_wconf 86' lang='grc' dir='ltr'>Τοῖς</span> <span class='ocrx_word' id='word_1_421' title='bbox 509 3645 784 3712; x_wconf 86' lang='grc' dir='ltr'>λέγουσιν,</span> <span class='ocrx_word' id='word_1_422' title='bbox 817 3644 893 3709; x_wconf 85' lang='grc' dir='ltr'><strong>ὡς</strong></span> <span class='ocrx_word' id='word_1_423' title='bbox 933 3647 965 3718; x_wconf 81' lang='grc' dir='ltr'>ἡ</span> <span class='ocrx_word' id='word_1_424' title='bbox 1004 3647 1306 3718; x_wconf 78' lang='grc' dir='ltr'>μετάληψις</span> <span class='ocrx_word' id='word_1_425' title='bbox 1335 3649 1430 3703; x_wconf 78' lang='grc' dir='ltr'><strong>τοῦ</strong></span> <span class='ocrx_word' id='word_1_426' title='bbox 1461 3651 1643 3722; x_wconf 80' lang='grc' dir='ltr'>τιμίου</span> <span class='ocrx_word' id='word_1_427' title='bbox 1676 3654 1872 3722; x_wconf 79' lang='grc' dir='ltr'>σῶμα·</span> 
     </span>
    </p>
   </div>
   <div class='ocr_carea' id='block_1_67' title="bbox 284 3738 1872 3818">
    <p class='ocr_par' dir='ltr' id='par_1_67' title="bbox 284 3738 1872 3818">
     <span class='ocr_line' id='line_1_67' title="bbox 284 3738 1872 3818; baseline 0.008 -30"><span class='ocrx_word' id='word_1_428' title='bbox 284 3752 372 3799; x_wconf 87' lang='grc' dir='ltr'><strong>τος</strong></span> <span class='ocrx_word' id='word_1_429' title='bbox 433 3738 530 3790; x_wconf 75' lang='grc' dir='ltr'>καὶ</span> <span class='ocrx_word' id='word_1_430' title='bbox 583 3739 816 3808; x_wconf 76' lang='grc' dir='ltr'>αἵματος</span> <span class='ocrx_word' id='word_1_431' title='bbox 867 3739 964 3794; x_wconf 87' lang='grc' dir='ltr'>τοῦ</span> <span class='ocrx_word' id='word_1_432' title='bbox 1016 3741 1222 3811; x_wconf 83' lang='grc' dir='ltr'>Κυρίου</span> <span class='ocrx_word' id='word_1_433' title='bbox 1272 3743 1366 3795; x_wconf 81' lang='grc' dir='ltr'>καὶ</span> <span class='ocrx_word' id='word_1_434' title='bbox 1414 3745 1668 3816; x_wconf 80' lang='grc' dir='ltr'>Σωτῆρος</span> <span class='ocrx_word' id='word_1_435' title='bbox 1715 3749 1872 3818; x_wconf 78' lang='grc' dir='ltr'>ήμῶν</span> 
     </span>
    </p>
   </div>
   <div class='ocr_carea' id='block_1_68' title="bbox 295 3828 1871 3908">
    <p class='ocr_par' dir='ltr' id='par_1_68' title="bbox 295 3828 1871 3908">
     <span class='ocr_line' id='line_1_68' title="bbox 295 3828 1871 3908; baseline 0.006 -24"><span class='ocrx_word' id='word_1_436' title='bbox 295 3829 468 3898; x_wconf 77' lang='grc' dir='ltr'>Ἰησοῦ</span> <span class='ocrx_word' id='word_1_437' title='bbox 507 3828 768 3900; x_wconf 78' lang='grc' dir='ltr'>Χριστοῦ,</span> <span class='ocrx_word' id='word_1_438' title='bbox 811 3830 980 3902; x_wconf 80' lang='grc' dir='ltr'>ἄρτου</span> <span class='ocrx_word' id='word_1_439' title='bbox 1015 3833 1176 3902; x_wconf 74' lang='grc' dir='ltr'>ψιλοῦ</span> <span class='ocrx_word' id='word_1_440' title='bbox 1215 3836 1309 3888; x_wconf 79' lang='grc' dir='ltr'>καὶ</span> <span class='ocrx_word' id='word_1_441' title='bbox 1355 3836 1499 3890; x_wconf 80' lang='grc' dir='ltr'>οίνου</span> <span class='ocrx_word' id='word_1_442' title='bbox 1545 3839 1662 3891; x_wconf 76' lang='grc' dir='ltr'>ἐστὶ</span> <span class='ocrx_word' id='word_1_443' title='bbox 1705 3843 1871 3908; x_wconf 87' lang='grc' dir='ltr'>μετά-</span> 
     </span>
    </p>
   </div>
   <div class='ocr_carea' id='block_1_69' title="bbox 283 3921 1868 4000">
    <p class='ocr_par' dir='ltr' id='par_1_69' title="bbox 283 3921 1868 4000">
     <span class='ocr_line' id='line_1_69' title="bbox 283 3921 1868 4000; baseline 0.007 -28"><span class='ocrx_word' id='word_1_444' title='bbox 283 3921 466 3990; x_wconf 76' lang='grc' dir='ltr'>ληψις,</span> <span class='ocrx_word' id='word_1_445' title='bbox 504 3921 619 3994; x_wconf 84' lang='grc' dir='ltr'><strong>[ὡς</strong></span> <span class='ocrx_word' id='word_1_446' title='bbox 651 3924 746 3977; x_wconf 74' lang='grc' dir='ltr'>καὶ</span> <span class='ocrx_word' id='word_1_447' title='bbox 776 3923 864 3976; x_wconf 72' lang='grc' dir='ltr'><strong>διὰ</strong></span> <span class='ocrx_word' id='word_1_448' title='bbox 893 3924 1052 3978; x_wconf 83' lang='grc' dir='ltr'>τοῦτο</span> <span class='ocrx_word' id='word_1_449' title='bbox 1094 3927 1221 3989; x_wconf 81' lang='grc' dir='ltr'>τοὺς</span> <span class='ocrx_word' id='word_1_450' title='bbox 1255 3929 1319 3981; x_wconf 84' lang='grc' dir='ltr'>ἐκ</span> <span class='ocrx_word' id='word_1_451' title='bbox 1347 3928 1554 3981; x_wconf 83' lang='grc' dir='ltr'>λαῖκῶν</span> <span class='ocrx_word' id='word_1_452' title='bbox 1591 3931 1868 4000; x_wconf 69' lang='grc' dir='ltr'>μεταδληυ</span> 
     </span>
    </p>
   </div>
   <div class='ocr_carea' id='block_1_70' title="bbox 286 4010 1874 4091">
    <p class='ocr_par' dir='ltr' id='par_1_70' title="bbox 286 4010 1874 4091">
     <span class='ocr_line' id='line_1_70' title="bbox 286 4010 1874 4091; baseline 0.006 -26"><span class='ocrx_word' id='word_1_453' title='bbox 286 4010 478 4077; x_wconf 76' lang='grc' dir='ltr'>θέντας</span> <span class='ocrx_word' id='word_1_454' title='bbox 510 4014 653 4083; x_wconf 75' lang='grc' dir='ltr'>μετὰ</span> <span class='ocrx_word' id='word_1_455' title='bbox 686 4015 894 4084; x_wconf 77' lang='grc' dir='ltr'>τροφῆς</span> <span class='ocrx_word' id='word_1_456' title='bbox 928 4015 1353 4086; x_wconf 82' lang='grc' dir='ltr'>προσέρχεσθαι,</span> <span class='ocrx_word' id='word_1_457' title='bbox 1384 4022 1480 4073; x_wconf 72' lang='grc' dir='ltr'>καὶ</span> <span class='ocrx_word' id='word_1_458' title='bbox 1518 4021 1874 4091; x_wconf 70' lang='grc' dir='ltr'>μεταλαμϐά-</span> 
     </span>
    </p>
   </div>
   <div class='ocr_carea' id='block_1_71' title="bbox 283 4107 1874 4184">
    <p class='ocr_par' dir='ltr' id='par_1_71' title="bbox 283 4107 1874 4184">
     <span class='ocr_line' id='line_1_71' title="bbox 283 4107 1874 4184; baseline 0.007 -28"><span class='ocrx_word' id='word_1_459' title='bbox 283 4123 396 4159; x_wconf 85' lang='grc' dir='ltr'>νειν</span> <span class='ocrx_word' id='word_1_460' title='bbox 447 4107 794 4177; x_wconf 82' lang='grc' dir='ltr'>ὑποκρίσεως</span> <span class='ocrx_word' id='word_1_461' title='bbox 841 4107 1022 4176; x_wconf 84' lang='grc' dir='ltr'>χάριν,</span> <span class='ocrx_word' id='word_1_462' title='bbox 1057 4109 1151 4161; x_wconf 71' lang='grc' dir='ltr'>καὶ</span> <span class='ocrx_word' id='word_1_463' title='bbox 1188 4109 1283 4163; x_wconf 84' lang='grc' dir='ltr'><strong>τοῦ</strong></span> <span class='ocrx_word' id='word_1_464' title='bbox 1333 4110 1617 4166; x_wconf 79' lang='grc' dir='ltr'>λανθάνειν</span> <span class='ocrx_word' id='word_1_465' title='bbox 1661 4131 1874 4184; x_wconf 78' lang='grc' dir='ltr'>παραγ-</span> 
     </span>
    </p>
   </div>
   <div class='ocr_carea' id='block_1_72' title="bbox 288 4199 1866 4276">
    <p class='ocr_par' dir='ltr' id='par_1_72' title="bbox 288 4199 1866 4276">
     <span class='ocr_line' id='line_1_72' title="bbox 288 4199 1866 4276; baseline 0.007 -24"><span class='ocrx_word' id='word_1_466' title='bbox 288 4200 471 4266; x_wconf 81' lang='grc' dir='ltr'>γελίας</span> <span class='ocrx_word' id='word_1_467' title='bbox 509 4217 523 4229; x_wconf 80' lang='grc'><strong>’</strong></span> <span class='ocrx_word' id='word_1_468' title='bbox 579 4201 710 4262; x_wconf 67' lang='grc' dir='ltr'>τοὺς</span> <span class='ocrx_word' id='word_1_469' title='bbox 761 4199 818 4252; x_wconf 84' lang='grc' dir='ltr'><strong>δὲ</strong></span> <span class='ocrx_word' id='word_1_470' title='bbox 865 4203 928 4254; x_wconf 82' lang='grc' dir='ltr'>ἐκ</span> <span class='ocrx_word' id='word_1_471' title='bbox 989 4203 1375 4272; x_wconf 67' lang='grc' dir='ltr'>πρεσϐυτέρων</span> <span class='ocrx_word' id='word_1_472' title='bbox 1433 4207 1866 4276; x_wconf 82' lang='grc' dir='ltr'>μετατεθέντας,</span> 
     </span>
    </p>
   </div>
   <div class='ocr_carea' id='block_1_73' title="bbox 285 4292 1869 4373">
    <p class='ocr_par' dir='ltr' id='par_1_73' title="bbox 285 4292 1869 4373">
     <span class='ocr_line' id='line_1_73' title="bbox 285 4292 1869 4373; baseline 0.006 -27"><span class='ocrx_word' id='word_1_473' title='bbox 285 4292 585 4366; x_wconf 56' lang='grc' dir='ltr'>φαγόντας]</span> <span class='ocrx_word' id='word_1_474' title='bbox 605 4295 700 4347; x_wconf 77' lang='grc' dir='ltr'>καὶ</span> <span class='ocrx_word' id='word_1_475' title='bbox 725 4295 793 4346; x_wconf 73' lang='grc' dir='ltr'>τὰ</span> <span class='ocrx_word' id='word_1_476' title='bbox 838 4295 937 4364; x_wconf 71' lang='grc' dir='ltr'>τῆς</span> <span class='ocrx_word' id='word_1_477' title='bbox 973 4295 1124 4357; x_wconf 80' lang='grc' dir='ltr'>θείας</span> <span class='ocrx_word' id='word_1_478' title='bbox 1161 4298 1256 4351; x_wconf 78' lang='grc' dir='ltr'>καὶ</span> <span class='ocrx_word' id='word_1_479' title='bbox 1291 4299 1528 4369; x_wconf 77' lang='grc' dir='ltr'>φρικτῆς</span> <span class='ocrx_word' id='word_1_480' title='bbox 1558 4301 1869 4373; x_wconf 75' lang='grc' dir='ltr'>ἱερουργίας</span> 
     </span>
    </p>
   </div>
   <div class='ocr_carea' id='block_1_74' title="bbox 285 4387 1867 4464">
    <p class='ocr_par' dir='ltr' id='par_1_74' title="bbox 285 4387 1867 4464">
     <span class='ocr_line' id='line_1_74' title="bbox 285 4387 1867 4464; baseline 0.008 -28"><span class='ocrx_word' id='word_1_481' title='bbox 285 4387 558 4439; x_wconf 71' lang='grc' dir='ltr'>ἐπιτέλεια</span> <span class='ocrx_word' id='word_1_482' title='bbox 598 4387 1028 4456; x_wconf 74' lang='grc' dir='ltr'>ἐπιτρέπουσιν,</span> <span class='ocrx_word' id='word_1_483' title='bbox 1063 4389 1137 4450; x_wconf 83' lang='grc' dir='ltr'><strong>ὡς</strong></span> <span class='ocrx_word' id='word_1_484' title='bbox 1186 4392 1434 4461; x_wconf 81' lang='grc' dir='ltr'>φανερῶς</span> <span class='ocrx_word' id='word_1_485' title='bbox 1483 4394 1867 4464; x_wconf 78' lang='grc' dir='ltr'>ἁντιχρίστοις,</span> 
     </span>
    </p>
   </div>
   <div class='ocr_carea' id='block_1_75' title="bbox 288 4478 1866 4552">
    <p class='ocr_par' dir='ltr' id='par_1_75' title="bbox 288 4478 1866 4552">
     <span class='ocr_line' id='line_1_75' title="bbox 288 4478 1866 4552; baseline 0.006 -22"><span class='ocrx_word' id='word_1_486' title='bbox 288 4480 387 4530; x_wconf 66' lang='grc' dir='ltr'>κᾶν</span> <span class='ocrx_word' id='word_1_487' title='bbox 445 4479 605 4536; x_wconf 74' lang='grc' dir='ltr'>αὐτοὶ</span> <span class='ocrx_word' id='word_1_488' title='bbox 670 4478 1150 4544; x_wconf 71' lang='grc' dir='ltr'>Χριστοπολίτας</span> <span class='ocrx_word' id='word_1_489' title='bbox 1209 4481 1436 4544; x_wconf 75' lang='grc' dir='ltr'>ἑαυτοὺς</span> <span class='ocrx_word' id='word_1_490' title='bbox 1490 4483 1866 4552; x_wconf 74' lang='grc' dir='ltr'>ὀνομάζωσιν.</span> 
     </span>
    </p>
   </div>
   <div class='ocr_carea' id='block_1_76' title="bbox 285 4568 548 4638">
    <p class='ocr_par' dir='ltr' id='par_1_76' title="bbox 285 4568 548 4638">
     <span class='ocr_line' id='line_1_76' title="bbox 285 4568 548 4638; baseline -0.004 -14"><span class='ocrx_word' id='word_1_491' title='bbox 285 4568 443 4624; x_wconf 65' lang='grc' dir='ltr'>ἀνάθε</span> <span class='ocrx_word' id='word_1_492' title='bbox 451 4588 548 4638; x_wconf 84' lang='grc' dir='ltr'>μα.</span> 
     </span>
    </p>
   </div>
   <div class='ocr_carea' id='block_1_77' title="bbox 880 4665 1308 4734">
    <p class='ocr_par' dir='ltr' id='par_1_77' title="bbox 880 4665 1308 4734">
     <span class='ocr_line' id='line_1_77' title="bbox 880 4665 1308 4734; baseline -0.002 -16"><span class='ocrx_word' id='word_1_493' title='bbox 880 4665 938 4718; x_wconf 86' lang='grc' dir='ltr'><strong>Ἀ</strong></span> <span class='ocrx_word' id='word_1_494' title='bbox 950 4667 1159 4733; x_wconf 67' lang='lat' dir='ltr'><strong>ruﬁs/1.</strong></span> <span class='ocrx_word' id='word_1_495' title='bbox 1219 4671 1308 4734; x_wconf 70' lang='grc' dir='ltr'>ιγ’.</span> 
     </span>
    </p>
   </div>
   <div class='ocr_carea' id='block_1_78' title="bbox 350 4755 1869 4828">
    <p class='ocr_par' dir='ltr' id='par_1_78' title="bbox 350 4755 1869 4828">
     <span class='ocr_line' id='line_1_78' title="bbox 350 4755 1869 4828; baseline 0.005 -22"><span class='ocrx_word' id='word_1_496' title='bbox 350 4755 478 4816; x_wconf 88' lang='grc' dir='ltr'>Τοῖς</span> <span class='ocrx_word' id='word_1_497' title='bbox 522 4756 610 4806; x_wconf 74' lang='grc' dir='ltr'><strong>ἐπ’</strong></span> <span class='ocrx_word' id='word_1_498' title='bbox 636 4756 951 4826; x_wconf 74' lang='grc' dir='ltr'>ἀνατροπὴν</span> <span class='ocrx_word' id='word_1_499' title='bbox 994 4755 1094 4824; x_wconf 77' lang='grc' dir='ltr'>τῆς</span> <span class='ocrx_word' id='word_1_500' title='bbox 1147 4757 1274 4825; x_wconf 81' lang='grc' dir='ltr'>ὅλης</span> <span class='ocrx_word' id='word_1_501' title='bbox 1304 4759 1382 4819; x_wconf 72' lang='grc' dir='ltr'><strong>είς</strong></span> <span class='ocrx_word' id='word_1_502' title='bbox 1433 4759 1566 4813; x_wconf 65' lang='grc' dir='ltr'>θεὸν</span> <span class='ocrx_word' id='word_1_503' title='bbox 1611 4763 1869 4828; x_wconf 75' lang='grc' dir='ltr'>πῖστεως,</span> 
     </span>
    </p>
   </div>
   <div class='ocr_carea' id='block_1_79' title="bbox 280 4846 1870 4916">
    <p class='ocr_par' dir='ltr' id='par_1_79' title="bbox 280 4846 1870 4916">
     <span class='ocr_line' id='line_1_79' title="bbox 280 4846 1870 4916; baseline 0.003 -19"><span class='ocrx_word' id='word_1_504' title='bbox 280 4847 374 4898; x_wconf 80' lang='grc' dir='ltr'>καὶ</span> <span class='ocrx_word' id='word_1_505' title='bbox 404 4847 542 4900; x_wconf 73' lang='grc' dir='ltr'>ἄλλα</span> <span class='ocrx_word' id='word_1_506' title='bbox 586 4846 687 4916; x_wconf 83' lang='grc' dir='ltr'>μὲν</span> <span class='ocrx_word' id='word_1_507' title='bbox 714 4847 927 4916; x_wconf 81' lang='grc' dir='ltr'>πονηρὰ</span> <span class='ocrx_word' id='word_1_508' title='bbox 961 4850 1074 4910; x_wconf 86' lang='grc' dir='ltr'>τοῖς</span> <span class='ocrx_word' id='word_1_509' title='bbox 1121 4847 1213 4900; x_wconf 79' lang='grc' dir='ltr'><strong>ὑπ’</strong></span> <span class='ocrx_word' id='word_1_510' title='bbox 1241 4850 1420 4901; x_wconf 76' lang='grc' dir='ltr'>αὐτῶν</span> <span class='ocrx_word' id='word_1_511' title='bbox 1455 4851 1652 4914; x_wconf 83' lang='grc' dir='ltr'>ἀθλίως</span> <span class='ocrx_word' id='word_1_512' title='bbox 1683 4853 1870 4908; x_wconf 78' lang='grc' dir='ltr'>τελου-</span> 
     </span>
    </p>
   </div>
   <div class='ocr_carea' id='block_1_80' title="bbox 282 4934 1868 5012">
    <p class='ocr_par' dir='ltr' id='par_1_80' title="bbox 282 4934 1868 5012">
     <span class='ocr_line' id='line_1_80' title="bbox 282 4934 1868 5012; baseline 0.004 -25"><span class='ocrx_word' id='word_1_513' title='bbox 282 4934 466 5003; x_wconf 71' lang='grc' dir='ltr'>μένοις</span> <span class='ocrx_word' id='word_1_514' title='bbox 493 4934 740 4997; x_wconf 75' lang='grc' dir='ltr'>τελοῦσι,</span> <span class='ocrx_word' id='word_1_515' title='bbox 787 4939 878 4987; x_wconf 87' lang='grc' dir='ltr'><strong>καί</strong></span> <span class='ocrx_word' id='word_1_516' title='bbox 914 4934 1038 4987; x_wconf 71' lang='grc' dir='ltr'>ἀντὶ</span> <span class='ocrx_word' id='word_1_517' title='bbox 1093 4935 1193 5003; x_wconf 67' lang='grc' dir='ltr'>μὲν</span> <span class='ocrx_word' id='word_1_518' title='bbox 1244 4936 1340 4988; x_wconf 79' lang='grc' dir='ltr'><strong>τοῦ</strong></span> <span class='ocrx_word' id='word_1_519' title='bbox 1385 4937 1529 4991; x_wconf 87' lang='grc' dir='ltr'>Θείου</span> <span class='ocrx_word' id='word_1_520' title='bbox 1574 4941 1666 4992; x_wconf 73' lang='grc' dir='ltr'>καὶ</span> <span class='ocrx_word' id='word_1_521' title='bbox 1720 4938 1868 5012; x_wconf 77' lang='grc' dir='ltr'>ἱεροῦ</span> 
     </span>
    </p>
   </div>
   <div class='ocr_carea' id='block_1_81' title="bbox 280 5027 1870 5106">
    <p class='ocr_par' dir='ltr' id='par_1_81' title="bbox 280 5027 1870 5106">
     <span class='ocr_line' id='line_1_81' title="bbox 280 5027 1870 5106; baseline 0.005 -27"><span class='ocrx_word' id='word_1_522' title='bbox 280 5030 700 5098; x_wconf 69' lang='grc' dir='ltr'>ἑμφυσήματος,</span> <span class='ocrx_word' id='word_1_523' title='bbox 736 5027 764 5080; x_wconf 83' lang='grc' dir='ltr'><strong>ὃ</strong></span> <span class='ocrx_word' id='word_1_524' title='bbox 795 5032 948 5100; x_wconf 79' lang='grc' dir='ltr'>παρὰ</span> <span class='ocrx_word' id='word_1_525' title='bbox 977 5028 1072 5081; x_wconf 84' lang='grc' dir='ltr'>τοῦ</span> <span class='ocrx_word' id='word_1_526' title='bbox 1105 5032 1378 5089; x_wconf 82' lang='grc' dir='ltr'>Δεσπὸτου</span> <span class='ocrx_word' id='word_1_527' title='bbox 1414 5033 1652 5102; x_wconf 78' lang='grc' dir='ltr'>Χριστοῦ</span> <span class='ocrx_word' id='word_1_528' title='bbox 1697 5051 1870 5106; x_wconf 82' lang='grc' dir='ltr'>παρε-</span> 
     </span>
    </p>
   </div>
   <div class='ocr_carea' id='block_1_82' title="bbox 279 5117 1865 5197">
    <p class='ocr_par' dir='ltr' id='par_1_82' title="bbox 279 5117 1865 5197">
     <span class='ocr_line' id='line_1_82' title="bbox 279 5117 1865 5197; baseline 0.003 -24"><span class='ocrx_word' id='word_1_529' title='bbox 279 5118 551 5191; x_wconf 73' lang='grc' dir='ltr'>λάϐομεν,</span> <span class='ocrx_word' id='word_1_530' title='bbox 613 5117 710 5171; x_wconf 78' lang='grc' dir='ltr'><strong>ἐπὶ</strong></span> <span class='ocrx_word' id='word_1_531' title='bbox 760 5121 826 5188; x_wconf 79' lang='grc' dir='ltr'>τῇ</span> <span class='ocrx_word' id='word_1_532' title='bbox 880 5117 978 5171; x_wconf 82' lang='grc' dir='ltr'>τοῦ</span> <span class='ocrx_word' id='word_1_533' title='bbox 1032 5119 1191 5186; x_wconf 82' lang='grc' dir='ltr'>ἁγίου</span> <span class='ocrx_word' id='word_1_534' title='bbox 1254 5121 1569 5190; x_wconf 83' lang='grc' dir='ltr'>Πνεύματος</span> <span class='ocrx_word' id='word_1_535' title='bbox 1629 5127 1865 5197; x_wconf 81' lang='grc' dir='ltr'>μυστικῇ</span> 
     </span>
    </p>
   </div>
   <div class='ocr_carea' id='block_1_83' title="bbox 281 5210 1866 5285">
    <p class='ocr_par' dir='ltr' id='par_1_83' title="bbox 281 5210 1866 5285">
     <span class='ocr_line' id='line_1_83' title="bbox 281 5210 1866 5285; baseline 0.006 -25"><span class='ocrx_word' id='word_1_536' title='bbox 281 5212 598 5276; x_wconf 78' lang='grc' dir='ltr'>ἑμπνεύσει,</span> <span class='ocrx_word' id='word_1_537' title='bbox 646 5212 958 5278; x_wconf 81' lang='grc' dir='ltr'>ἐμπτύουσι.</span> <span class='ocrx_word' id='word_1_538' title='bbox 1007 5213 1124 5272; x_wconf 87' lang='grc' dir='ltr'>τοῖς</span> <span class='ocrx_word' id='word_1_539' title='bbox 1175 5210 1471 5265; x_wconf 83' lang='grc' dir='ltr'>ὑπἀὑτῶν</span> <span class='ocrx_word' id='word_1_540' title='bbox 1524 5215 1866 5285; x_wconf 75' lang='grc' dir='ltr'>τελουμένοις</span> 
     </span>
    </p>
   </div>
   <div class='ocr_carea' id='block_1_84' title="bbox 281 5299 1867 5374">
    <p class='ocr_par' dir='ltr' id='par_1_84' title="bbox 281 5299 1867 5374">
     <span class='ocr_line' id='line_1_84' title="bbox 281 5299 1867 5374; baseline 0.006 -23"><span class='ocrx_word' id='word_1_541' title='bbox 281 5301 689 5374; x_wconf 79' lang='grc' dir='ltr'>ὲμπτύσμασιν,</span> <span class='ocrx_word' id='word_1_542' title='bbox 722 5299 796 5358; x_wconf 82' lang='grc' dir='ltr'>ὧν</span> <span class='ocrx_word' id='word_1_543' title='bbox 839 5303 938 5357; x_wconf 77' lang='grc' dir='ltr'>καὶ</span> <span class='ocrx_word' id='word_1_544' title='bbox 968 5301 1128 5357; x_wconf 84' lang='grc' dir='ltr'>αὐτοί</span> <span class='ocrx_word' id='word_1_545' title='bbox 1175 5306 1314 5358; x_wconf 78' lang='grc' dir='ltr'>εἰσιν</span> <span class='ocrx_word' id='word_1_546' title='bbox 1345 5306 1522 5372; x_wconf 80' lang='grc' dir='ltr'>ἄξιοιο</span> <span class='ocrx_word' id='word_1_547' title='bbox 1550 5309 1721 5361; x_wconf 83' lang='grc' dir='ltr'>ταῦτα</span> <span class='ocrx_word' id='word_1_548' title='bbox 1752 5311 1867 5372; x_wconf 82' lang='grc' dir='ltr'>τοῖς</span> 
     </span>
    </p>
   </div>
   <div class='ocr_carea' id='block_1_85' title="bbox 281 5397 1866 5474">
    <p class='ocr_par' dir='ltr' id='par_1_85' title="bbox 281 5397 1866 5474">
     <span class='ocr_line' id='line_1_85' title="bbox 281 5397 1866 5474; baseline 0.004 -26"><span class='ocrx_word' id='word_1_549' title='bbox 281 5397 369 5448; x_wconf 81' lang='grc' dir='ltr'><strong>ὑπ’</strong></span> <span class='ocrx_word' id='word_1_550' title='bbox 398 5401 578 5453; x_wconf 74' lang='grc' dir='ltr'>αὐτῶν</span> <span class='ocrx_word' id='word_1_551' title='bbox 610 5401 962 5470; x_wconf 80' lang='grc' dir='ltr'>τελουμένοις</span> <span class='ocrx_word' id='word_1_552' title='bbox 999 5401 1272 5465; x_wconf 82' lang='grc' dir='ltr'>ποιοῦσιν,</span> <span class='ocrx_word' id='word_1_553' title='bbox 1302 5401 1336 5455; x_wconf 70' lang='grc' dir='ltr'><strong>ἃ.</strong></span> <span class='ocrx_word' id='word_1_554' title='bbox 1365 5403 1508 5455; x_wconf 83' lang='grc' dir='ltr'>κατὰ</span> <span class='ocrx_word' id='word_1_555' title='bbox 1537 5402 1644 5457; x_wconf 86' lang='grc' dir='ltr'><strong>τῶν</strong></span> <span class='ocrx_word' id='word_1_556' title='bbox 1673 5402 1866 5474; x_wconf 77' lang='grc' dir='ltr'>δαιμό-</span> 
     </span>
    </p>
   </div>
   <div class='ocr_carea' id='block_1_86' title="bbox 282 5491 1866 5565">
    <p class='ocr_par' dir='ltr' id='par_1_86' title="bbox 282 5491 1866 5565">
     <span class='ocr_line' id='line_1_86' title="bbox 282 5491 1866 5565; baseline 0.004 -25"><span class='ocrx_word' id='word_1_557' title='bbox 282 5504 382 5540; x_wconf 79' lang='grc' dir='ltr'><strong>νων</strong></span> <span class='ocrx_word' id='word_1_558' title='bbox 408 5494 556 5546; x_wconf 76' lang='grc' dir='ltr'>αὐτοὶ</span> <span class='ocrx_word' id='word_1_559' title='bbox 591 5493 876 5565; x_wconf 78' lang='grc' dir='ltr'>πῖιοῦμεν,</span> <span class='ocrx_word' id='word_1_560' title='bbox 919 5495 1152 5564; x_wconf 83' lang='grc' dir='ltr'>προσέτι</span> <span class='ocrx_word' id='word_1_561' title='bbox 1183 5492 1276 5544; x_wconf 73' lang='grc' dir='ltr'>καὶ</span> <span class='ocrx_word' id='word_1_562' title='bbox 1320 5491 1471 5547; x_wconf 79' lang='grc' dir='ltr'>ὕδατι</span> <span class='ocrx_word' id='word_1_563' title='bbox 1505 5495 1866 5565; x_wconf 84' lang='grc' dir='ltr'>μεμιασμένῳ</span> 
     </span>
    </p>
   </div>
   <div class='ocr_carea' id='block_1_87' title="bbox 285 5581 1866 5654">
    <p class='ocr_par' dir='ltr' id='par_1_87' title="bbox 285 5581 1866 5654">
     <span class='ocr_line' id='line_1_87' title="bbox 285 5581 1866 5654; baseline 0.006 -26"><span class='ocrx_word' id='word_1_564' title='bbox 285 5581 514 5636; x_wconf 63' lang='lat' dir='ltr'><strong>mum</strong></span> <span class='ocrx_word' id='word_1_565' title='bbox 548 5585 658 5648; x_wconf 76' lang='grc' dir='ltr'>ἓως</span> <span class='ocrx_word' id='word_1_566' title='bbox 691 5585 800 5642; x_wconf 78' lang='grc' dir='ltr'>ἄνω</span> <span class='ocrx_word' id='word_1_567' title='bbox 818 5586 912 5640; x_wconf 74' lang='grc' dir='ltr'><strong>διὰ</strong></span> <span class='ocrx_word' id='word_1_568' title='bbox 943 5584 1208 5652; x_wconf 86' lang='grc' dir='ltr'>σπόγγων</span> <span class='ocrx_word' id='word_1_569' title='bbox 1237 5584 1591 5654; x_wconf 83' lang='grc' dir='ltr'>ἁναχρίουσιν</span> <span class='ocrx_word' id='word_1_570' title='bbox 1623 5583 1708 5637; x_wconf 82' lang='grc' dir='ltr'><strong>ἐπ’</strong></span> <span class='ocrx_word' id='word_1_571' title='bbox 1735 5587 1866 5637; x_wconf 86' lang='grc' dir='ltr'>ἁνα-</span> 
     </span>
    </p>
   </div>
   <div class='ocr_carea' id='block_1_88' title="bbox 284 5675 1864 5749">
    <p class='ocr_par' dir='ltr' id='par_1_88' title="bbox 284 5675 1864 5749">
     <span class='ocr_line' id='line_1_88' title="bbox 284 5675 1864 5749; baseline 0.006 -31"><span class='ocrx_word' id='word_1_572' title='bbox 284 5679 446 5745; x_wconf 69' lang='grc' dir='ltr'>τροπῇ</span> <span class='ocrx_word' id='word_1_573' title='bbox 475 5677 570 5730; x_wconf 74' lang='grc' dir='ltr'>τοῦ</span> <span class='ocrx_word' id='word_1_574' title='bbox 604 5695 662 5732; x_wconf 86' lang='grc' dir='ltr'><strong>τε</strong></span> <span class='ocrx_word' id='word_1_575' title='bbox 691 5679 851 5748; x_wconf 76' lang='grc' dir='ltr'>ἁγίου</span> <span class='ocrx_word' id='word_1_576' title='bbox 889 5675 1298 5749; x_wconf 78' lang='grc' dir='ltr'>βαπτίσματος,</span> <span class='ocrx_word' id='word_1_577' title='bbox 1328 5677 1420 5727; x_wconf 69' lang='grc' dir='ltr'>καὶ</span> <span class='ocrx_word' id='word_1_578' title='bbox 1452 5677 1550 5742; x_wconf 68' lang='grc' dir='ltr'>τῆς</span> <span class='ocrx_word' id='word_1_579' title='bbox 1599 5676 1692 5728; x_wconf 79' lang='grc' dir='ltr'>τοῦ</span> <span class='ocrx_word' id='word_1_580' title='bbox 1729 5675 1864 5729; x_wconf 82' lang='grc' dir='ltr'><strong>Θεοῦ</strong></span> 
     </span>
    </p>
   </div>
   <div class='ocr_carea' id='block_1_89' title="bbox 287 5762 1647 5844">
    <p class='ocr_par' dir='ltr' id='par_1_89' title="bbox 287 5762 1647 5844">
     <span class='ocr_line' id='line_1_89' title="bbox 287 5762 1647 5844; baseline 0.037 -33"><span class='ocrx_word' id='word_1_581' title='bbox 287 5762 587 5839; x_wconf 52' lang='lat' dir='ltr'><strong>[inrigatus</strong></span> <span class='ocrx_word' id='word_1_582' title='bbox 617 5771 967 5844; x_wconf 67' lang='grc' dir='ltr'>φωτιστικῆς</span> <span class='ocrx_word' id='word_1_583' title='bbox 1001 5769 1331 5841; x_wconf 58' lang='grc' dir='ltr'>παρουσίπο</span> <span class='ocrx_word' id='word_1_584' title='bbox 1374 5767 1647 5838; x_wconf 63' lang='grc' dir='ltr'><strong>ἀνάθεμα·</strong></span> 
     </span>
    </p>
   </div>
   <div class='ocr_carea' id='block_1_90' title="bbox 1983 3276 3565 3346">
    <p class='ocr_par' dir='ltr' id='par_1_90' title="bbox 1983 3276 3565 3346">
     <span class='ocr_line' id='line_1_90' title="bbox 1983 3276 3565 3346; baseline -0.004 -9"><span class='ocrx_word' id='word_1_585' title='bbox 1983 3291 2133 3337; x_wconf 78' lang='lat' dir='ltr'><strong>veste</strong></span> <span class='ocrx_word' id='word_1_586' title='bbox 2162 3282 2296 3336; x_wconf 71' lang='lat' dir='ltr'><strong>falso</strong></span> <span class='ocrx_word' id='word_1_587' title='bbox 2317 3283 2460 3336; x_wconf 81' lang='lat' dir='ltr'><strong>dicta</strong></span> <span class='ocrx_word' id='word_1_588' title='bbox 2492 3276 2817 3336; x_wconf 76' lang='lat' dir='ltr'><strong>monachica</strong></span> <span class='ocrx_word' id='word_1_589' title='bbox 2877 3279 3132 3343; x_wconf 90' lang='lat' dir='ltr'><strong>induunt,</strong></span> <span class='ocrx_word' id='word_1_590' title='bbox 3188 3293 3252 3335; x_wconf 89' lang='lat' dir='ltr'><strong>ac</strong></span> <span class='ocrx_word' id='word_1_591' title='bbox 3305 3279 3565 3346; x_wconf 80' lang='lat' dir='ltr'><strong>deinceps</strong></span> 
     </span>
    </p>
   </div>
   <div class='ocr_carea' id='block_1_91' title="bbox 1981 3371 3564 3444">
    <p class='ocr_par' dir='ltr' id='par_1_91' title="bbox 1981 3371 3564 3444">
     <span class='ocr_line' id='line_1_91' title="bbox 1981 3371 3564 3444; baseline -0.003 -15"><span class='ocrx_word' id='word_1_592' title='bbox 1981 3391 2077 3444; x_wconf 89' lang='lat' dir='ltr'><strong>per</strong></span> <span class='ocrx_word' id='word_1_593' title='bbox 2108 3390 2167 3429; x_wconf 89' lang='lat' dir='ltr'><strong>se</strong></span> <span class='ocrx_word' id='word_1_594' title='bbox 2202 3373 2415 3430; x_wconf 87' lang='lat' dir='ltr'><strong>ordinis</strong></span> <span class='ocrx_word' id='word_1_595' title='bbox 2454 3389 2654 3429; x_wconf 87' lang='lat' dir='ltr'><strong>nomen</strong></span> <span class='ocrx_word' id='word_1_596' title='bbox 2687 3373 3001 3436; x_wconf 79' lang='lat' dir='ltr'><strong>conferunt.</strong></span> <span class='ocrx_word' id='word_1_597' title='bbox 3039 3389 3137 3429; x_wconf 87' lang='lat' dir='ltr'><strong>seu</strong></span> <span class='ocrx_word' id='word_1_598' title='bbox 3163 3373 3346 3443; x_wconf 86' lang='lat' dir='ltr'><strong>potius</strong></span> <span class='ocrx_word' id='word_1_599' title='bbox 3368 3371 3564 3426; x_wconf 82' lang='lat' dir='ltr'><strong>animae</strong></span> 
     </span>
    </p>
   </div>
   <div class='ocr_carea' id='block_1_92' title="bbox 1979 3465 3412 3539">
    <p class='ocr_par' dir='ltr' id='par_1_92' title="bbox 1979 3465 3412 3539">
     <span class='ocr_line' id='line_1_92' title="bbox 1979 3465 3412 3539; baseline -0.003 -18"><span class='ocrx_word' id='word_1_600' title='bbox 1979 3468 2112 3538; x_wconf 86' lang='lat' dir='ltr'><strong>ipsis</strong></span> <span class='ocrx_word' id='word_1_601' title='bbox 2140 3469 2459 3539; x_wconf 82' lang='lat' dir='ltr'><strong>etcorporis</strong></span> <span class='ocrx_word' id='word_1_602' title='bbox 2491 3468 2771 3524; x_wconf 73' lang='lat' dir='ltr'><strong>interitum</strong></span> <span class='ocrx_word' id='word_1_603' title='bbox 2805 3466 3068 3530; x_wconf 70' lang='lat' dir='ltr'><strong>afferunt,</strong></span> <span class='ocrx_word' id='word_1_604' title='bbox 3095 3465 3412 3526; x_wconf 84' lang='lat' dir='ltr'><strong>anathema.</strong></span> 
     </span>
    </p>
   </div>
   <div class='ocr_carea' id='block_1_93' title="bbox 2569 3559 2965 3614">
    <p class='ocr_par' dir='ltr' id='par_1_93' title="bbox 2569 3559 2965 3614">
     <span class='ocr_line' id='line_1_93' title="bbox 2569 3559 2965 3614; baseline -0.005 0"><span class='ocrx_word' id='word_1_605' title='bbox 2569 3561 2851 3614; x_wconf 69' lang='lat' dir='ltr'><strong>Attat/tem.</strong></span> <span class='ocrx_word' id='word_1_606' title='bbox 2877 3559 2965 3612; x_wconf 71' lang='grc'><strong>12.</strong></span> 
     </span>
    </p>
   </div>
   <div class='ocr_carea' id='block_1_94' title="bbox 2046 3649 3562 3723">
    <p class='ocr_par' dir='ltr' id='par_1_94' title="bbox 2046 3649 3562 3723">
     <span class='ocr_line' id='line_1_94' title="bbox 2046 3649 3562 3723; baseline -0.002 -17"><span class='ocrx_word' id='word_1_607' title='bbox 2046 3653 2139 3714; x_wconf 83' lang='lat' dir='ltr'><strong>iis,</strong></span> <span class='ocrx_word' id='word_1_608' title='bbox 2170 3653 2262 3723; x_wconf 89' lang='lat' dir='ltr'><strong>qui</strong></span> <span class='ocrx_word' id='word_1_609' title='bbox 2284 3653 2492 3718; x_wconf 88' lang='lat' dir='ltr'><strong>dicunt,</strong></span> <span class='ocrx_word' id='word_1_610' title='bbox 2524 3651 2966 3708; x_wconf 88' lang='lat' dir='ltr'><strong>communionem</strong></span> <span class='ocrx_word' id='word_1_611' title='bbox 3002 3649 3562 3717; x_wconf 71' lang='lat' dir='ltr'><strong>venerandicorporis</strong></span> 
     </span>
    </p>
   </div>
   <div class='ocr_carea' id='block_1_95' title="bbox 1975 3739 3561 3816">
    <p class='ocr_par' dir='ltr' id='par_1_95' title="bbox 1975 3739 3561 3816">
     <span class='ocr_line' id='line_1_95' title="bbox 1975 3739 3561 3816; baseline -0.005 -16"><span class='ocrx_word' id='word_1_612' title='bbox 1975 3755 2026 3801; x_wconf 91' lang='lat' dir='ltr'><strong>et</strong></span> <span class='ocrx_word' id='word_1_613' title='bbox 2060 3745 2346 3816; x_wconf 79' lang='lat' dir='ltr'><strong>sanguinis</strong></span> <span class='ocrx_word' id='word_1_614' title='bbox 2374 3743 2585 3797; x_wconf 88' lang='lat' dir='ltr'><strong>Domini</strong></span> <span class='ocrx_word' id='word_1_615' title='bbox 2613 3759 2676 3797; x_wconf 91' lang='lat' dir='ltr'><strong>ac</strong></span> <span class='ocrx_word' id='word_1_616' title='bbox 2709 3742 3018 3796; x_wconf 85' lang='lat' dir='ltr'><strong>Servatoris</strong></span> <span class='ocrx_word' id='word_1_617' title='bbox 3041 3742 3210 3795; x_wconf 85' lang='lat' dir='ltr'><strong>nostri</strong></span> <span class='ocrx_word' id='word_1_618' title='bbox 3236 3739 3368 3795; x_wconf 86' lang='lat' dir='ltr'><strong>Jesu</strong></span> <span class='ocrx_word' id='word_1_619' title='bbox 3396 3739 3561 3794; x_wconf 75' lang='lat' dir='ltr'><strong>Chri—</strong></span> 
     </span>
    </p>
   </div>
   <div class='ocr_carea' id='block_1_96' title="bbox 1975 3831 3563 3905">
    <p class='ocr_par' dir='ltr' id='par_1_96' title="bbox 1975 3831 3563 3905">
     <span class='ocr_line' id='line_1_96' title="bbox 1975 3831 3563 3905; baseline -0.005 -15"><span class='ocrx_word' id='word_1_620' title='bbox 1975 3838 2046 3891; x_wconf 84' lang='lat' dir='ltr'><strong>sti</strong></span> <span class='ocrx_word' id='word_1_621' title='bbox 2083 3837 2221 3890; x_wconf 86' lang='lat' dir='ltr'><strong>meri</strong></span> <span class='ocrx_word' id='word_1_622' title='bbox 2261 3835 2416 3905; x_wconf 85' lang='lat' dir='ltr'><strong>panis</strong></span> <span class='ocrx_word' id='word_1_623' title='bbox 2441 3845 2494 3890; x_wconf 86' lang='lat' dir='ltr'><strong>et</strong></span> <span class='ocrx_word' id='word_1_624' title='bbox 2526 3833 2637 3888; x_wconf 87' lang='lat' dir='ltr'><strong>vini</strong></span> <span class='ocrx_word' id='word_1_625' title='bbox 2672 3848 2796 3887; x_wconf 89' lang='lat' dir='ltr'><strong>esse</strong></span> <span class='ocrx_word' id='word_1_626' title='bbox 2859 3832 3335 3902; x_wconf 88' lang='lat' dir='ltr'><strong>participationem</strong></span> <span class='ocrx_word' id='word_1_627' title='bbox 3373 3831 3472 3896; x_wconf 82' lang='lat' dir='ltr'><strong>(sic</strong></span> <span class='ocrx_word' id='word_1_628' title='bbox 3503 3843 3563 3884; x_wconf 86' lang='lat' dir='ltr'><strong>ut</strong></span> 
     </span>
    </p>
   </div>
   <div class='ocr_carea' id='block_1_97' title="bbox 1974 3925 3562 3998">
    <p class='ocr_par' dir='ltr' id='par_1_97' title="bbox 1974 3925 3562 3998">
     <span class='ocr_line' id='line_1_97' title="bbox 1974 3925 3562 3998; baseline -0.004 -16"><span class='ocrx_word' id='word_1_629' title='bbox 1974 3945 2035 3982; x_wconf 88' lang='lat' dir='ltr'><strong>ea</strong></span> <span class='ocrx_word' id='word_1_630' title='bbox 2068 3937 2288 3998; x_wconf 80' lang='lat' dir='ltr'><strong>propter</strong></span> <span class='ocrx_word' id='word_1_631' title='bbox 2321 3938 2374 3982; x_wconf 90' lang='lat' dir='ltr'><strong>et</strong></span> <span class='ocrx_word' id='word_1_632' title='bbox 2399 3928 2452 3982; x_wconf 90' lang='lat' dir='ltr'><strong>hi</strong></span> <span class='ocrx_word' id='word_1_633' title='bbox 2485 3928 2578 3998; x_wconf 90' lang='lat' dir='ltr'><strong>qui</strong></span> <span class='ocrx_word' id='word_1_634' title='bbox 2601 3943 2631 3981; x_wconf 89' lang='lat' dir='ltr'><strong>e</strong></span> <span class='ocrx_word' id='word_1_635' title='bbox 2683 3925 2836 3982; x_wconf 82' lang='lat' dir='ltr'><strong>laicis</strong></span> <span class='ocrx_word' id='word_1_636' title='bbox 2855 3929 3210 3988; x_wconf 85' lang='lat' dir='ltr'><strong>transierunt,</strong></span> <span class='ocrx_word' id='word_1_637' title='bbox 3279 3941 3404 3979; x_wconf 83' lang='lat' dir='ltr'><strong>eum</strong></span> <span class='ocrx_word' id='word_1_638' title='bbox 3437 3925 3562 3979; x_wconf 79' lang='lat' dir='ltr'><strong>cibo</strong></span> 
     </span>
    </p>
   </div>
   <div class='ocr_carea' id='block_1_98' title="bbox 1973 4015 3564 4086">
    <p class='ocr_par' dir='ltr' id='par_1_98' title="bbox 1973 4015 3564 4086">
     <span class='ocr_line' id='line_1_98' title="bbox 1973 4015 3564 4086; baseline -0.004 -13"><span class='ocrx_word' id='word_1_639' title='bbox 1973 4020 2257 4082; x_wconf 80' lang='lat' dir='ltr'><strong>accedant,</strong></span> <span class='ocrx_word' id='word_1_640' title='bbox 2292 4034 2355 4074; x_wconf 88' lang='lat' dir='ltr'><strong>ac</strong></span> <span class='ocrx_word' id='word_1_641' title='bbox 2383 4017 2674 4073; x_wconf 84' lang='lat' dir='ltr'><strong>simulandi</strong></span> <span class='ocrx_word' id='word_1_642' title='bbox 2742 4015 3058 4084; x_wconf 74' lang='lat' dir='ltr'><strong>latendiquc</strong></span> <span class='ocrx_word' id='word_1_643' title='bbox 3082 4016 3255 4086; x_wconf 77' lang='lat' dir='ltr'><strong>gratia</strong></span> <span class='ocrx_word' id='word_1_644' title='bbox 3305 4015 3564 4069; x_wconf 83' lang='lat' dir='ltr'><strong>delatori-</strong></span> 
     </span>
    </p>
   </div>
   <div class='ocr_carea' id='block_1_99' title="bbox 1975 4108 3561 4182">
    <p class='ocr_par' dir='ltr' id='par_1_99' title="bbox 1975 4108 3561 4182">
     <span class='ocr_line' id='line_1_99' title="bbox 1975 4108 3561 4182; baseline -0.004 -17"><span class='ocrx_word' id='word_1_645' title='bbox 1975 4111 2096 4173; x_wconf 87' lang='lat' dir='ltr'><strong>bus.</strong></span> <span class='ocrx_word' id='word_1_646' title='bbox 2131 4111 2284 4166; x_wconf 90' lang='lat' dir='ltr'><strong>illum</strong></span> <span class='ocrx_word' id='word_1_647' title='bbox 2320 4128 2417 4182; x_wconf 91' lang='lat' dir='ltr'><strong>pro</strong></span> <span class='ocrx_word' id='word_1_648' title='bbox 2443 4111 2682 4181; x_wconf 78' lang='lat' dir='ltr'><strong>Spiritus</strong></span> <span class='ocrx_word' id='word_1_649' title='bbox 2709 4125 2866 4165; x_wconf 69' lang='lat' dir='ltr'><strong>coana</strong></span> <span class='ocrx_word' id='word_1_650' title='bbox 2898 4116 3160 4174; x_wconf 85' lang='lat' dir='ltr'><strong>sumant;</strong></span> <span class='ocrx_word' id='word_1_651' title='bbox 3221 4108 3316 4176; x_wconf 89' lang='lat' dir='ltr'><strong>qui</strong></span> <span class='ocrx_word' id='word_1_652' title='bbox 3373 4121 3505 4160; x_wconf 84' lang='lat' dir='ltr'><strong>vero</strong></span> <span class='ocrx_word' id='word_1_653' title='bbox 3529 4121 3561 4158; x_wconf 75' lang='grc' dir='ltr'><strong>ο</strong></span> 
     </span>
    </p>
   </div>
   <div class='ocr_carea' id='block_1_100' title="bbox 1976 4197 3557 4274">
    <p class='ocr_par' dir='ltr' id='par_1_100' title="bbox 1976 4197 3557 4274">
     <span class='ocr_line' id='line_1_100' title="bbox 1976 4197 3557 4274; baseline -0.003 -18"><span class='ocrx_word' id='word_1_654' title='bbox 1976 4203 2311 4274; x_wconf 70' lang='lat' dir='ltr'><strong>presbyteris</strong></span> <span class='ocrx_word' id='word_1_655' title='bbox 2337 4203 2402 4257; x_wconf 85' lang='lat' dir='ltr'><strong>ad</strong></span> <span class='ocrx_word' id='word_1_656' title='bbox 2440 4218 2534 4256; x_wconf 84' lang='lat' dir='ltr'><strong>eos</strong></span> <span class='ocrx_word' id='word_1_657' title='bbox 2563 4201 2944 4268; x_wconf 86' lang='lat' dir='ltr'><strong>accesserint),</strong></span> <span class='ocrx_word' id='word_1_658' title='bbox 2984 4207 3150 4268; x_wconf 82' lang='lat' dir='ltr'><strong>atque</strong></span> <span class='ocrx_word' id='word_1_659' title='bbox 3175 4199 3248 4252; x_wconf 89' lang='lat' dir='ltr'><strong>ita</strong></span> <span class='ocrx_word' id='word_1_660' title='bbox 3291 4197 3464 4253; x_wconf 90' lang='lat' dir='ltr'><strong>divini</strong></span> <span class='ocrx_word' id='word_1_661' title='bbox 3491 4213 3557 4251; x_wconf 88' lang='lat' dir='ltr'><strong>ac</strong></span> 
     </span>
    </p>
   </div>
   <div class='ocr_carea' id='block_1_101' title="bbox 1975 4289 3556 4360">
    <p class='ocr_par' dir='ltr' id='par_1_101' title="bbox 1975 4289 3556 4360">
     <span class='ocr_line' id='line_1_101' title="bbox 1975 4289 3556 4360; baseline -0.006 -10"><span class='ocrx_word' id='word_1_662' title='bbox 1975 4294 2244 4351; x_wconf 85' lang='lat' dir='ltr'><strong>tremendi</strong></span> <span class='ocrx_word' id='word_1_663' title='bbox 2268 4293 2522 4350; x_wconf 81' lang='lat' dir='ltr'><strong>sacriﬁcii</strong></span> <span class='ocrx_word' id='word_1_664' title='bbox 2564 4293 2969 4350; x_wconf 87' lang='lat' dir='ltr'><strong>institutionem</strong></span> <span class='ocrx_word' id='word_1_665' title='bbox 2996 4299 3275 4357; x_wconf 80' lang='lat' dir='ltr'><strong>evertunt,</strong></span> <span class='ocrx_word' id='word_1_666' title='bbox 3308 4299 3366 4343; x_wconf 86' lang='lat' dir='ltr'><strong>ut</strong></span> <span class='ocrx_word' id='word_1_667' title='bbox 3392 4289 3556 4360; x_wconf 83' lang='lat' dir='ltr'><strong>plane</strong></span> 
     </span>
    </p>
   </div>
   <div class='ocr_carea' id='block_1_102' title="bbox 1972 4381 3555 4454">
    <p class='ocr_par' dir='ltr' id='par_1_102' title="bbox 1972 4381 3555 4454">
     <span class='ocr_line' id='line_1_102' title="bbox 1972 4381 3555 4454; baseline -0.004 -15"><span class='ocrx_word' id='word_1_668' title='bbox 1972 4388 2170 4442; x_wconf 67' lang='lat' dir='ltr'><strong>tihristi</strong></span> <span class='ocrx_word' id='word_1_669' title='bbox 2203 4387 2452 4441; x_wconf 79' lang='lat' dir='ltr'><strong>hostibus</strong></span> <span class='ocrx_word' id='word_1_670' title='bbox 2479 4425 2494 4449; x_wconf 94' lang='lat'><strong>,</strong></span> <span class='ocrx_word' id='word_1_671' title='bbox 2532 4386 2744 4441; x_wconf 82' lang='lat' dir='ltr'><strong>tametsi</strong></span> <span class='ocrx_word' id='word_1_672' title='bbox 2771 4399 2830 4440; x_wconf 87' lang='lat' dir='ltr'><strong>se</strong></span> <span class='ocrx_word' id='word_1_673' title='bbox 2866 4384 2965 4454; x_wconf 90' lang='lat' dir='ltr'><strong>ipsi</strong></span> <span class='ocrx_word' id='word_1_674' title='bbox 2994 4381 3412 4454; x_wconf 78' lang='lat' dir='ltr'><strong>Chryslopolitas</strong></span> <span class='ocrx_word' id='word_1_675' title='bbox 3461 4396 3555 4434; x_wconf 67' lang='grc' dir='ltr'>νοτ</span> 
     </span>
    </p>
   </div>
   <div class='ocr_carea' id='block_1_103' title="bbox 1975 4477 2504 4544">
    <p class='ocr_par' dir='ltr' id='par_1_103' title="bbox 1975 4477 2504 4544">
     <span class='ocr_line' id='line_1_103' title="bbox 1975 4477 2504 4544; baseline 0.009 -15"><span class='ocrx_word' id='word_1_676' title='bbox 1975 4478 2165 4544; x_wconf 85' lang='lat' dir='ltr'><strong>citant,</strong></span> <span class='ocrx_word' id='word_1_677' title='bbox 2191 4477 2504 4534; x_wconf 86' lang='lat' dir='ltr'><strong>anathema.</strong></span> 
     </span>
    </p>
   </div>
   <div class='ocr_carea' id='block_1_104' title="bbox 2556 4653 2959 4709">
    <p class='ocr_par' dir='ltr' id='par_1_104' title="bbox 2556 4653 2959 4709">
     <span class='ocr_line' id='line_1_104' title="bbox 2556 4653 2959 4709; baseline 0.007 -3"><span class='ocrx_word' id='word_1_678' title='bbox 2556 4653 2840 4709; x_wconf 69' lang='lat' dir='ltr'><strong>Attat/rem.</strong></span> <span class='ocrx_word' id='word_1_679' title='bbox 2881 4654 2959 4709; x_wconf 80' lang='grc'><strong>13.</strong></span> 
     </span>
    </p>
   </div>
   <div class='ocr_carea' id='block_1_105' title="bbox 2047 4744 3554 4816">
    <p class='ocr_par' dir='ltr' id='par_1_105' title="bbox 2047 4744 3554 4816">
     <span class='ocr_line' id='line_1_105' title="bbox 2047 4744 3554 4816; baseline 0.003 -18"><span class='ocrx_word' id='word_1_680' title='bbox 2047 4745 2134 4808; x_wconf 57' lang='lat' dir='ltr'><strong>lis,</strong></span> <span class='ocrx_word' id='word_1_681' title='bbox 2165 4746 2255 4816; x_wconf 89' lang='lat' dir='ltr'><strong>qui</strong></span> <span class='ocrx_word' id='word_1_682' title='bbox 2281 4745 2345 4799; x_wconf 88' lang='lat' dir='ltr'><strong>ad</strong></span> <span class='ocrx_word' id='word_1_683' title='bbox 2368 4744 2636 4799; x_wconf 85' lang='lat' dir='ltr'><strong>universae</strong></span> <span class='ocrx_word' id='word_1_684' title='bbox 2664 4746 2717 4798; x_wconf 92' lang='lat' dir='ltr'><strong>in</strong></span> <span class='ocrx_word' id='word_1_685' title='bbox 2781 4749 2945 4800; x_wconf 67' lang='lat' dir='ltr'><strong>Iteum</strong></span> <span class='ocrx_word' id='word_1_686' title='bbox 2989 4745 3107 4801; x_wconf 83' lang='lat' dir='ltr'><strong>ﬁdei</strong></span> <span class='ocrx_word' id='word_1_687' title='bbox 3142 4744 3554 4802; x_wconf 79' lang='lat' dir='ltr'><strong>subversioneni</strong></span> 
     </span>
    </p>
   </div>
   <div class='ocr_carea' id='block_1_106' title="bbox 1972 4836 3552 4909">
    <p class='ocr_par' dir='ltr' id='par_1_106' title="bbox 1972 4836 3552 4909">
     <span class='ocr_line' id='line_1_106' title="bbox 1972 4836 3552 4909; baseline -0.002 -18"><span class='ocrx_word' id='word_1_688' title='bbox 1972 4852 2094 4891; x_wconf 90' lang='lat' dir='ltr'><strong>cum</strong></span> <span class='ocrx_word' id='word_1_689' title='bbox 2130 4839 2296 4891; x_wconf 89' lang='lat' dir='ltr'><strong>multa</strong></span> <span class='ocrx_word' id='word_1_690' title='bbox 2319 4838 2422 4891; x_wconf 86' lang='lat' dir='ltr'><strong>alia</strong></span> <span class='ocrx_word' id='word_1_691' title='bbox 2449 4838 2683 4907; x_wconf 88' lang='lat' dir='ltr'><strong>pessima</strong></span> <span class='ocrx_word' id='word_1_692' title='bbox 2713 4839 2766 4891; x_wconf 92' lang='lat' dir='ltr'><strong>in</strong></span> <span class='ocrx_word' id='word_1_693' title='bbox 2794 4839 2880 4893; x_wconf 92' lang='lat' dir='ltr'><strong>his</strong></span> <span class='ocrx_word' id='word_1_694' title='bbox 2909 4839 2998 4909; x_wconf 89' lang='lat' dir='ltr'><strong>qui</strong></span> <span class='ocrx_word' id='word_1_695' title='bbox 3029 4839 3098 4894; x_wconf 91' lang='lat' dir='ltr'><strong>ab</strong></span> <span class='ocrx_word' id='word_1_696' title='bbox 3151 4840 3280 4909; x_wconf 89' lang='lat' dir='ltr'><strong>ipsis</strong></span> <span class='ocrx_word' id='word_1_697' title='bbox 3314 4836 3552 4892; x_wconf 79' lang='lat' dir='ltr'><strong>infelici-</strong></span> 
     </span>
    </p>
   </div>
   <div class='ocr_carea' id='block_1_107' title="bbox 1975 4930 3552 5002">
    <p class='ocr_par' dir='ltr' id='par_1_107' title="bbox 1975 4930 3552 5002">
     <span class='ocr_line' id='line_1_107' title="bbox 1975 4930 3552 5002; baseline -0.001 -19"><span class='ocrx_word' id='word_1_698' title='bbox 1975 4940 2055 4983; x_wconf 86' lang='lat' dir='ltr'><strong>ter</strong></span> <span class='ocrx_word' id='word_1_699' title='bbox 2086 4930 2393 4992; x_wconf 86' lang='lat' dir='ltr'><strong>initiantur,</strong></span> <span class='ocrx_word' id='word_1_700' title='bbox 2424 4930 2738 4996; x_wconf 88' lang='lat' dir='ltr'><strong>observant,</strong></span> <span class='ocrx_word' id='word_1_701' title='bbox 2765 4940 2880 4985; x_wconf 87' lang='lat' dir='ltr'><strong>tum</strong></span> <span class='ocrx_word' id='word_1_702' title='bbox 2911 4948 3008 5002; x_wconf 92' lang='lat' dir='ltr'><strong>pro</strong></span> <span class='ocrx_word' id='word_1_703' title='bbox 3042 4931 3229 4988; x_wconf 84' lang='lat' dir='ltr'><strong>divina</strong></span> <span class='ocrx_word' id='word_1_704' title='bbox 3288 4944 3552 4998; x_wconf 83' lang='lat' dir='ltr'><strong>sacraque</strong></span> 
     </span>
    </p>
   </div>
   <div class='ocr_carea' id='block_1_108' title="bbox 1973 5022 3550 5091">
    <p class='ocr_par' dir='ltr' id='par_1_108' title="bbox 1973 5022 3550 5091">
     <span class='ocr_line' id='line_1_108' title="bbox 1973 5022 3550 5091; baseline 0 -15"><span class='ocrx_word' id='word_1_705' title='bbox 1973 5023 2362 5084; x_wconf 83' lang='lat' dir='ltr'><strong>insumatione,</strong></span> <span class='ocrx_word' id='word_1_706' title='bbox 2403 5039 2565 5091; x_wconf 84' lang='lat' dir='ltr'><strong>quam</strong></span> <span class='ocrx_word' id='word_1_707' title='bbox 2596 5038 2626 5076; x_wconf 88' lang='lat' dir='ltr'><strong>a</strong></span> <span class='ocrx_word' id='word_1_708' title='bbox 2661 5023 2890 5079; x_wconf 85' lang='lat' dir='ltr'><strong>Domino</strong></span> <span class='ocrx_word' id='word_1_709' title='bbox 2922 5033 3114 5079; x_wconf 79' lang='lat' dir='ltr'><strong>nostro</strong></span> <span class='ocrx_word' id='word_1_710' title='bbox 3147 5025 3278 5080; x_wconf 83' lang='lat' dir='ltr'><strong>Jesu</strong></span> <span class='ocrx_word' id='word_1_711' title='bbox 3331 5022 3550 5077; x_wconf 83' lang='lat' dir='ltr'><strong>Christo</strong></span> 
     </span>
    </p>
   </div>
   <div class='ocr_carea' id='block_1_109' title="bbox 1973 5111 3547 5186">
    <p class='ocr_par' dir='ltr' id='par_1_109' title="bbox 1973 5111 3547 5186">
     <span class='ocr_line' id='line_1_109' title="bbox 1973 5111 3547 5186; baseline -0.001 -18"><span class='ocrx_word' id='word_1_712' title='bbox 1973 5115 2023 5169; x_wconf 85' lang='lat' dir='ltr'><strong>in</strong></span> <span class='ocrx_word' id='word_1_713' title='bbox 2057 5117 2298 5186; x_wconf 82' lang='lat' dir='ltr'><strong>Spiritus</strong></span> <span class='ocrx_word' id='word_1_714' title='bbox 2337 5114 2510 5169; x_wconf 87' lang='lat' dir='ltr'><strong>sancti</strong></span> <span class='ocrx_word' id='word_1_715' title='bbox 2553 5117 2917 5184; x_wconf 87' lang='lat' dir='ltr'><strong>inspiratione</strong></span> <span class='ocrx_word' id='word_1_716' title='bbox 2973 5117 3271 5170; x_wconf 85' lang='lat' dir='ltr'><strong>adhibitam</strong></span> <span class='ocrx_word' id='word_1_717' title='bbox 3329 5111 3547 5181; x_wconf 85' lang='lat' dir='ltr'><strong>accepi-</strong></span> 
     </span>
    </p>
   </div>
   <div class='ocr_carea' id='block_1_110' title="bbox 1970 5208 3545 5280">
    <p class='ocr_par' dir='ltr' id='par_1_110' title="bbox 1970 5208 3545 5280">
     <span class='ocr_line' id='line_1_110' title="bbox 1970 5208 3545 5280; baseline -0.004 -18"><span class='ocrx_word' id='word_1_718' title='bbox 1970 5225 2110 5271; x_wconf 90' lang='lat' dir='ltr'><strong>mus,</strong></span> <span class='ocrx_word' id='word_1_719' title='bbox 2140 5209 2420 5265; x_wconf 85' lang='lat' dir='ltr'><strong>initiandis</strong></span> <span class='ocrx_word' id='word_1_720' title='bbox 2447 5210 2514 5264; x_wconf 90' lang='lat' dir='ltr'><strong>ab</strong></span> <span class='ocrx_word' id='word_1_721' title='bbox 2555 5225 2614 5264; x_wconf 88' lang='lat' dir='ltr'><strong>se</strong></span> <span class='ocrx_word' id='word_1_722' title='bbox 2645 5222 2801 5278; x_wconf 83' lang='lat' dir='ltr'><strong>sputa</strong></span> <span class='ocrx_word' id='word_1_723' title='bbox 2830 5211 3118 5280; x_wconf 82' lang='lat' dir='ltr'><strong>inspuunt,</strong></span> <span class='ocrx_word' id='word_1_724' title='bbox 3157 5208 3355 5278; x_wconf 88' lang='lat' dir='ltr'><strong>quibus</strong></span> <span class='ocrx_word' id='word_1_725' title='bbox 3411 5220 3545 5259; x_wconf 84' lang='lat' dir='ltr'><strong>sane</strong></span> 
     </span>
    </p>
   </div>
   <div class='ocr_carea' id='block_1_111' title="bbox 1969 5300 3549 5378">
    <p class='ocr_par' dir='ltr' id='par_1_111' title="bbox 1969 5300 3549 5378">
     <span class='ocr_line' id='line_1_111' title="bbox 1969 5300 3549 5378; baseline -0.002 -22"><span class='ocrx_word' id='word_1_726' title='bbox 1969 5303 2072 5371; x_wconf 87' lang='lat' dir='ltr'><strong>ipsi</strong></span> <span class='ocrx_word' id='word_1_727' title='bbox 2105 5305 2337 5357; x_wconf 80' lang='lat' dir='ltr'><strong>maxime</strong></span> <span class='ocrx_word' id='word_1_728' title='bbox 2367 5305 2686 5378; x_wconf 82' lang='lat' dir='ltr'><strong>dignisunt:</strong></span> <span class='ocrx_word' id='word_1_729' title='bbox 2715 5305 2800 5358; x_wconf 91' lang='lat' dir='ltr'><strong>his</strong></span> <span class='ocrx_word' id='word_1_730' title='bbox 2850 5305 3030 5373; x_wconf 80' lang='lat' dir='ltr'><strong>igitur,</strong></span> <span class='ocrx_word' id='word_1_731' title='bbox 3076 5303 3165 5375; x_wconf 86' lang='lat' dir='ltr'><strong>qui</strong></span> <span class='ocrx_word' id='word_1_732' title='bbox 3215 5300 3399 5354; x_wconf 90' lang='lat' dir='ltr'><strong>hocin</strong></span> <span class='ocrx_word' id='word_1_733' title='bbox 3439 5300 3549 5354; x_wconf 60' lang='lat' dir='ltr'><strong>inia&#39;</strong></span> 
     </span>
    </p>
   </div>
   <div class='ocr_carea' id='block_1_112' title="bbox 1969 5392 3543 5466">
    <p class='ocr_par' dir='ltr' id='par_1_112' title="bbox 1969 5392 3543 5466">
     <span class='ocr_line' id='line_1_112' title="bbox 1969 5392 3543 5466; baseline -0.003 -16"><span class='ocrx_word' id='word_1_734' title='bbox 1969 5395 2174 5452; x_wconf 83' lang='lat' dir='ltr'><strong>tiandis</strong></span> <span class='ocrx_word' id='word_1_735' title='bbox 2223 5413 2254 5452; x_wconf 88' lang='lat' dir='ltr'><strong>a</strong></span> <span class='ocrx_word' id='word_1_736' title='bbox 2308 5413 2427 5453; x_wconf 90' lang='lat' dir='ltr'><strong>sese</strong></span> <span class='ocrx_word' id='word_1_737' title='bbox 2458 5405 2856 5466; x_wconf 82' lang='lat' dir='ltr'><strong>exsequuntur,</strong></span> <span class='ocrx_word' id='word_1_738' title='bbox 2922 5394 3068 5463; x_wconf 89' lang='lat' dir='ltr'><strong>quod</strong></span> <span class='ocrx_word' id='word_1_739' title='bbox 3107 5407 3210 5448; x_wconf 88' lang='lat' dir='ltr'><strong>nos</strong></span> <span class='ocrx_word' id='word_1_740' title='bbox 3276 5392 3543 5452; x_wconf 75' lang='lat' dir='ltr'><strong>adversus</strong></span> 
     </span>
    </p>
   </div>
   <div class='ocr_carea' id='block_1_113' title="bbox 1969 5486 3541 5558">
    <p class='ocr_par' dir='ltr' id='par_1_113' title="bbox 1969 5486 3541 5558">
     <span class='ocr_line' id='line_1_113' title="bbox 1969 5486 3541 5558; baseline 0 -18"><span class='ocrx_word' id='word_1_741' title='bbox 1969 5487 2242 5542; x_wconf 59' lang='lat' dir='ltr'><strong>daemones</strong></span> <span class='ocrx_word' id='word_1_742' title='bbox 2262 5488 2490 5545; x_wconf 80' lang='lat' dir='ltr'><strong>facimus</strong></span> <span class='ocrx_word' id='word_1_743' title='bbox 2511 5507 2523 5543; x_wconf 93' lang='lat'><strong>:</strong></span> <span class='ocrx_word' id='word_1_744' title='bbox 2544 5489 2744 5558; x_wconf 85' lang='lat' dir='ltr'><strong>quique</strong></span> <span class='ocrx_word' id='word_1_745' title='bbox 2763 5486 2987 5556; x_wconf 83' lang='lat' dir='ltr'><strong>insuper</strong></span> <span class='ocrx_word' id='word_1_746' title='bbox 3005 5501 3143 5554; x_wconf 84' lang='lat' dir='ltr'><strong>aqua</strong></span> <span class='ocrx_word' id='word_1_747' title='bbox 3156 5486 3541 5542; x_wconf 79' lang='lat' dir='ltr'><strong>eosimmnnda</strong></span> 
     </span>
    </p>
   </div>
   <div class='ocr_carea' id='block_1_114' title="bbox 1969 5578 3534 5648">
    <p class='ocr_par' dir='ltr' id='par_1_114' title="bbox 1969 5578 3534 5648">
     <span class='ocr_line' id='line_1_114' title="bbox 1969 5578 3534 5648; baseline -0.001 -17"><span class='ocrx_word' id='word_1_748' title='bbox 1969 5578 2037 5631; x_wconf 83' lang='lat' dir='ltr'><strong>ab</strong></span> <span class='ocrx_word' id='word_1_749' title='bbox 2085 5579 2273 5633; x_wconf 80' lang='lat' dir='ltr'><strong>infimo</strong></span> <span class='ocrx_word' id='word_1_750' title='bbox 2332 5578 2397 5632; x_wconf 86' lang='lat' dir='ltr'><strong>ad</strong></span> <span class='ocrx_word' id='word_1_751' title='bbox 2435 5593 2735 5637; x_wconf 87' lang='lat' dir='ltr'><strong>summum,</strong></span> <span class='ocrx_word' id='word_1_752' title='bbox 2779 5579 2895 5631; x_wconf 81' lang='lat' dir='ltr'><strong>sive</strong></span> <span class='ocrx_word' id='word_1_753' title='bbox 2943 5594 2972 5632; x_wconf 76' lang='grc' dir='ltr'><strong>ιι</strong></span> <span class='ocrx_word' id='word_1_754' title='bbox 3040 5580 3188 5634; x_wconf 83' lang='lat' dir='ltr'><strong>calce</strong></span> <span class='ocrx_word' id='word_1_755' title='bbox 3219 5579 3288 5632; x_wconf 88' lang='lat' dir='ltr'><strong>ad</strong></span> <span class='ocrx_word' id='word_1_756' title='bbox 3349 5587 3534 5648; x_wconf 82' lang='lat' dir='ltr'><strong>caput,</strong></span> 
     </span>
    </p>
   </div>
   <div class='ocr_carea' id='block_1_115' title="bbox 1970 5670 3540 5742">
    <p class='ocr_par' dir='ltr' id='par_1_115' title="bbox 1970 5670 3540 5742">
     <span class='ocr_line' id='line_1_115' title="bbox 1970 5670 3540 5742; baseline 0.001 -20"><span class='ocrx_word' id='word_1_757' title='bbox 1970 5674 2214 5742; x_wconf 74' lang='lat' dir='ltr'><strong>spongiis</strong></span> <span class='ocrx_word' id='word_1_758' title='bbox 2243 5673 2480 5735; x_wconf 83' lang='lat' dir='ltr'><strong>illinunt,</strong></span> <span class='ocrx_word' id='word_1_759' title='bbox 2510 5670 2655 5740; x_wconf 83' lang='lat' dir='ltr'><strong>quod</strong></span> <span class='ocrx_word' id='word_1_760' title='bbox 2696 5682 2844 5726; x_wconf 78' lang='lat' dir='ltr'><strong>certe</strong></span> <span class='ocrx_word' id='word_1_761' title='bbox 2879 5671 3018 5728; x_wconf 85' lang='lat' dir='ltr'><strong>sacri</strong></span> <span class='ocrx_word' id='word_1_762' title='bbox 3058 5670 3424 5740; x_wconf 84' lang='lat' dir='ltr'><strong>baptismatis,</strong></span> <span class='ocrx_word' id='word_1_763' title='bbox 3483 5675 3540 5724; x_wconf 66' lang='lat' dir='ltr'><strong>ei</strong></span> 
     </span>
    </p>
   </div>
   <div class='ocr_carea' id='block_1_116' title="bbox 1972 5759 3538 5836">
    <p class='ocr_par' dir='ltr' id='par_1_116' title="bbox 1972 5759 3538 5836">
     <span class='ocr_line' id='line_1_116' title="bbox 1972 5759 3538 5836; baseline 0.001 -20"><span class='ocrx_word' id='word_1_764' title='bbox 1972 5765 2376 5820; x_wconf 85' lang='lat' dir='ltr'><strong>illuminatricis</strong></span> <span class='ocrx_word' id='word_1_765' title='bbox 2421 5765 2513 5817; x_wconf 81' lang='lat' dir='ltr'><strong>Dei</strong></span> <span class='ocrx_word' id='word_1_766' title='bbox 2560 5764 2797 5834; x_wconf 82' lang='lat' dir='ltr'><strong>Spiritus</strong></span> <span class='ocrx_word' id='word_1_767' title='bbox 2867 5766 3171 5836; x_wconf 63' lang='lat' dir='ltr'><strong>praesentia:</strong></span> <span class='ocrx_word' id='word_1_768' title='bbox 3252 5759 3538 5821; x_wconf 69' lang='lat' dir='ltr'><strong>suhi&#39;ersiu</strong></span> 
     </span>
    </p>
   </div>
   <div class='ocr_carea' id='block_1_117' title="bbox 1973 5855 2554 5926">
    <p class='ocr_par' dir='ltr' id='par_1_117' title="bbox 1973 5855 2554 5926">
     <span class='ocr_line' id='line_1_117' title="bbox 1973 5855 2554 5926; baseline 0.003 -18"><span class='ocrx_word' id='word_1_769' title='bbox 1973 5855 2220 5926; x_wconf 57' lang='lat' dir='ltr'><strong>edicitur,</strong></span> <span class='ocrx_word' id='word_1_770' title='bbox 2243 5857 2554 5911; x_wconf 78' lang='lat' dir='ltr'><strong>anathema.</strong></span> 
     </span>
    </p>
   </div>
  </div>
