4068 6264
315 408 386 474 49

1477 403 1774 467 CONTRA
1832 405 1932 466 PH
1945 407 1988 467 U
2002 405 2048 466 N
2061 398 2204 467 DAG
2217 406 2233 462 i
2246 407 2453 466 ATAS.

3523 377 3612 465 ω’

333 517 777 586 ἁπλουστέρους,
823 513 920 586 τὴν
956 511 1360 584 ἐνδομυχοῦσαν
1407 513 1662 568 ἀσέϐειαν
1702 516 1767 566 ἐκ
1795 514 1911 566 mi-

2020 515 2140 570 illas
2173 526 2376 579 ament,
2419 515 2514 570 sed
2547 528 2603 570 ut
2627 516 2988 586 simpliciores
3019 517 3318 572 seducant:
3380 518 3587 572 etenim

327 627 424 680 ρας
450 607 680 678 μεμαθη
705 606 811 670 πῶς.

401 788 602 860 Ἔτυχε
641 788 754 859 γάρ
789 788 856 856 μέ
914 801 1043 840 ποτε
1095 786 1412 840 συνοδεύσαι
1462 787 1603 856 μετὰ
1627 803 1774 849 τινος
1806 786 1913 839 τῶν

330 882 528 946 ἀθέων,
568 882 758 952 σχῆμα
791 881 1005 950 ἔχοντος
1038 881 1300 950 μοναχοῦ,
1340 881 1435 932 καὶ
1467 882 1528 932 τὸ
1554 882 1652 949 τῆς
1685 879 1914 951 ἱερωσύ-

328 993 448 1043 νης,
482 975 558 1037 ὡς
590 970 767 1036 εἶπεν,
803 975 1021 1041 ἀξίωμα
1049 989 1062 1003 '
1107 974 1336 1043 ἠγνόουν
1369 974 1425 1026 δὲ
1461 972 1572 1041 ἐγὼ
1604 974 1684 1026 ὅτι
1709 974 1912 1043 ἀσεϐής

327 1070 502 1120 ἐστιν.
556 1068 650 1130 Ei;
676 1067 873 1134 λόγους
911 1067 1003 1120 οὖν
1036 1085 1126 1137 μοι
1155 1067 1328 1121 ἐλθὼν
1361 1069 1614 1130 ἀναιδῶς,
1655 1071 1749 1120 καὶ
1785 1069 1914 1119 ἁνυ-

326 1161 610 1221 ποστὸλως
645 1158 766 1214 εἶπέ
804 1178 895 1230 μοι
943 1161 1002 1212 τὸ
1043 1162 1241 1224 ἀσεϐὲς
1273 1160 1433 1214 τοῦτο
1473 1162 1628 1231 ῥῆμα
1657 1161 1742 1212 ὅτι
1777 1160 1903 1213 ἁνὰι

328 1269 523 1314 στασις
568 1253 780 1322 νεκρῶν
821 1254 921 1304 οὐκ
966 1254 1123 1305 ἐστί·
1168 1253 1606 1325 προϐαλλόμενος
1651 1255 1678 1306 ὁ
1738 1253 1892 1306 δόλιο·

325 1342 606 1412 γραφικὴν
636 1344 943 1413 μαρτυρίαν
997 1343 1104 1395 ἀπὸ
1171 1343 1280 1396 τῶν
1341 1343 1432 1396 τοῦ
1487 1343 1642 1411 ἁγίου
1697 1341 1907 1395 Παύλου

340 1435 704 1495 Ἐπιστολῶν,
747 1436 806 1500 ἐξ
832 1432 906 1488 ἄν
941 1437 1140 1506 μᾶλλον
1191 1437 1455 1508 ἠλέγχετο
1487 1438 1672 1500 κακῶς
1711 1435 1907 1504 λέγων.

339 1529 666 1581 ’Υπολαϐὼν
683 1529 727 1582 δ’
752 1528 860 1597 ἐγὼ
878 1531 960 1582 ὅτι
981 1531 1038 1595 ἐξ
1063 1530 1327 1602 ἀμαθίας,
1352 1531 1446 1583 καὶ
1473 1529 1730 1598 ἀφελείας
1753 1527 1910 1580 τοῦτο

329 1626 390 1673 τὸ
415 1620 627 1690 βλὰσξη
638 1639 736 1690 μον
752 1623 931 1687 ἐξεῖπε
957 1623 1129 1693 ῥῆμα,
1145 1622 1366 1692 ἔσκωψα
1381 1624 1564 1683 αὑτὸν,
1584 1621 1886 1690 ἀναθεματί

338 1732 433 1777 σας
465 1721 560 1766 καὶ
587 1717 678 1766 τὸν
699 1714 832 1766 αὐτὸ
855 1714 1015 1766 τοῦτο
1031 1714 1405 1779 ὲκδιδὰξαντα,
1439 1715 1531 1765 καὶ
1550 1712 1718 1765 εἰπὼν
1736 1713 1903 1780 αὐτῷ’

329 1809 424 1872 Σὺ,
467 1808 684 1877 ἁδελφὲ,
715 1809 839 1862 οὕτε
874 1808 1308 1877 γνωστικὸτερος
1352 1803 1424 1873 εἴ,
1464 1807 1586 1859 οὗτε
1609 1806 1905 1876 ἁγιώτερος

327 1901 439 1952 τῶν
469 1902 802 1970 τριακοσίων
856 1901 1136 1954 δεκαοκτὼ
1182 1901 1353 1968 ἁγίων
1409 1900 1662 1971 Πατρῶν,
1706 1901 1905 1964 οἴτ.νες

327 1991 584 2057 ἐξέθεντο
635 1996 733 2048 καὶ
775 1996 838 2047 τὸ
881 1995 1036 2062 ἅγιον
1074 1995 1375 2064 Σύμϐολον,
1424 1997 1518 2048 καὶ
1567 1995 1908 2047 ἐϐεϐαίωσαν

326 2088 430 2157 τὴν
463 2086 742 2157 ὀρθὸδοξον
775 2087 981 2152 irier»,
1017 2079 1091 2140 ὧν
1129 2086 1190 2140 τὸ
1233 2087 1410 2157 δόγμα
1442 2085 1768 2155 ὑπέγραψαν
1815 2087 1910 2140 καὶ

327 2177 428 2230 δύο
477 2177 1036 2249 προτετελευτηκότες
1080 2177 1228 2247 ἆγιοι
1271 2178 1566 2230 ἐπίσκοποι
1595 2177 1910 2247 Χρύσαντος

331 2269 430 2321 καὶ
461 2270 783 2333 Μουτόνιος,
822 2269 1140 2339 παραδόξως
1194 2267 1287 2322 τοῦ
1336 2267 1580 2322 τοιούτου
1630 2265 1910 2338 θαύματος

333 2364 708 2430 γεγενημένου
736 2364 800 2412 ἐκ
850 2361 985 2414 Θεοῦ
1018 2365 1096 2425 είς
1137 2362 1401 2431 αἰσχύνην
1436 2361 1542 2414 τῶν
1575 2359 1910 2430 βλασφημῶν

333 2453 656 2520 αἱρετικων,
724 2452 1020 2520 βεϐαίωσιν
1077 2449 1133 2502 δὲ
1200 2450 1294 2502 καὶ
1371 2448 1744 2518 πληροφορίαν
1816 2445 1910 2498 τοῦ

336 2543 660 2595 πιστοτάτου
702 2544 795 2594 καὶ
841 2541 1120 2612 ὀρθοδὸξου
1172 2539 1303 2592 λαοῦ
1327 2558 1340 2573 ο
1372 2539 1492 2591 οὐδὲ
1529 2540 1639 2590 τῶν
1683 2539 1738 2590 ὲ)
1769 2537 1914 2590 Χαλ-

333 2634 520 2703 κηδόνι
555 2633 852 2698 ἑξακοσίων
887 2635 1183 2702 τριάκοντα
1216 2633 1388 2701 ἁγίων
1431 2632 1684 2702 Πατρῶν,
1714 2631 1913 2693 οἵτινες

330 2731 392 2779 τ’)
451 2727 584 2779 αύτὺ
634 2729 810 2796 δόγμα
866 2726 1226 2792 ἐϐεϐαίωσαν,
1283 2726 1375 2776 καὶ
1427 2723 1684 2776 ἐπέθ.ντο
1735 2725 1792 2774 ὲν
1838 2721 1914 2790 τῷ

338 2820 526 2890 στήθει
557 2820 649 2872 τοῦ
687 2820 946 2888 λείψανον
981 2819 1078 2886 τῆς
1107 2819 1268 2886 ἁγίας
1297 2816 1390 2870 τοῦ
1423 2814 1661 2886 Χριστοῦ
1699 2816 1913 2884 μάρτυ-

337 2931 425 2984 ρις
457 2913 744 2981 Εύφημίας
777 2913 894 2980 ἁμα
925 2909 1002 2980 τῷ
1027 2910 1130 2963 τῶν
1156 2908 1446 2980 αἰρετικῶν
1477 2907 1870 2977 συγγράμματι
1899 2918 1913 2933 ⁸

333 3005 424 3056 καὶ
455 3006 546 3056 τὸν
593 3007 692 3072 μὲν
719 3004 826 3055 τῶν
860 3003 1154 3072 αἱρετικῶν
1196 3002 1362 3072 τόμον
1388 3003 1539 3070 μόλις
1573 3001 1752 3068 εὑρεῖν
1784 2999 1916 3069 ἠδυ-

334 3097 579 3166 νῇθητῖαν
617 3097 954 3166 έρριμμένον
996 3095 1073 3156 εἰς
1103 3093 1230 3155 τοὺς
1277 3094 1375 3163 τῆς
1409 3095 1570 3161 ἁγίας
1605 3092 1793 3156 πέδας,
1828 3092 1916 3144 τὸν

2021 608 2277 663 latentem
2353 609 2407 663 in
2439 609 2519 664 eis
2557 609 2890 678 impietatem
2949 610 3283 680 experientia
3313 626 3397 664 me
3456 611 3590 664 edo.

2017 699 2150 753 Cuil.

2089 792 2327 861 Contigit
2380 794 2626 858 enim,nt
2675 795 2801 849 olim
2830 810 2928 865 ego
2984 795 3085 849 iter
3105 793 3432 848 instituerim
3486 811 3590 849 una

2016 885 2175 940 simul
2240 902 2362 939 eum
2418 887 2650 956 quodam
2715 903 2781 941 ex
2837 888 2986 942 hisee
3054 887 3183 941 viris
3240 887 3591 940 exsecrabili-

2015 978 2135 1042 bus,
2165 979 2254 1048 qui
2283 979 2524 1033 habitum
2556 980 2831 1044 monachi,
2871 989 2925 1033 et
2959 980 3269 1042 sacerdotii,
3302 988 3356 1033 ut
3385 979 3584 1042 aiebat,

2014 1071 2327 1140 dignitatem
2357 1071 2622 1135 habebat;
2650 1081 2704 1125 et
2732 1072 3041 1141 ignorabam
3073 1073 3214 1140 quod
3235 1088 3266 1125 ει
3315 1083 3456 1124 recta
3486 1072 3586 1124 fide

2014 1172 2160 1215 esset
2193 1163 2421 1217 alienus.
2447 1163 2580 1216 Cum
2609 1163 2774 1234 igitur
2806 1181 3017 1218 mecum
3043 1166 3378 1234 loqueretur,
3404 1165 3586 1234 impu-

2014 1254 2205 1308 denter
2244 1265 2294 1308 et
2321 1255 2489 1308 libere
2522 1256 2738 1325 impiam
2769 1257 2907 1311 hanc
2939 1257 3264 1311 sententiam
3291 1258 3429 1311 mihi
3454 1258 3588 1311 dixit

1994 1327 2121 1429 ξηοῐι
2149 1361 2266 1400 esse
2302 1349 2754 1402 resurrectionem
2781 1360 3141 1413 mortuorum,
3161 1366 3411 1404 asserens
3436 1352 3590 1405 dolo-

1995 1434 2104 1490 'sas
2127 1437 2414 1507 Scriptum
2451 1440 2818 1494 testimonium
2844 1458 2907 1495 ex
2933 1442 3191 1510 Epistolis
3219 1443 3389 1496 sancti
3418 1444 3588 1511 l‘auli,

2013 1529 2156 1582 unde
2177 1531 2354 1597 potius
2382 1533 2500 1601 ejus
2525 1535 2808 1588 sententiae
2838 1534 3042 1588 falsitas
3092 1537 3463 1590 evineehatmu
3487 1536 3588 1590 fle-

1998 1625 2287 1691 :spondens
2328 1635 2530 1689 autem,
2564 1628 2706 1695 quod
2734 1645 2797 1682 ex
2837 1628 3107 1697 imperitia
3165 1639 3215 1682 et
3240 1628 3587 1697 simplicitate

2013 1716 2405 1786 blasphemiam
2440 1720 2582 1772 illam
2629 1722 2967 1789 protulisset,
3010 1722 3189 1790 ipsum
3242 1721 3495 1784 irridens,
3531 1730 3588 1776 et

2013 1809 2102 1878 qui
2169 1811 2289 1864 talia
2339 1813 2389 1864 ei
2469 1813 2775 1866 tradidisset
2853 1813 3368 1880 ai‘iatheinatizans,
3430 1813 3592 1869 dixi:

2012 1905 2282 1969 Profecto,
2330 1905 2518 1967 frater,
2561 1921 2736 1976 neque
2768 1907 3088 1974 sapientior,
3126 1920 3305 1975 neque
3346 1907 3586 1960 sanctior

2011 2014 2070 2054 es
2103 2009 2158 2052 tu
2193 2000 2449 2053 trecentis
2477 1999 2665 2054 decem
2727 2007 2782 2053 et
2811 2009 2933 2053 octo
2961 1999 3165 2054 sanctis
3202 1999 3472 2064 Patribus,
3492 1998 3587 2069 qui

2011 2102 2259 2148 sanctum
2287 2091 2600 2163 Symbolum
2623 2101 3074 2162 composuerunt,
3119 2091 3588 2160 orthodoxamque

2011 2187 2175 2242 fidem
2207 2187 2698 2249 confirmaverunt,
2733 2200 2966 2255 quorum
2990 2185 3188 2251 dogma
3218 2185 3592 2252 {subseripse-

2013 2290 2140 2335 runt
2173 2280 2338 2335 etiam
2366 2278 2474 2333 duo
2503 2280 2610 2348 jam
2633 2277 2874 2333 defuncti
2907 2278 3081 2332 sancti
3134 2278 3373 2347 episcopi
3427 2278 3595 2349 Chry-

2013 2383 2221 2438 santus,
2252 2380 2308 2425 et
2343 2371 2637 2430 Muson'us.
2669 2386 2776 2439 quo
2829 2378 3072 2438 tempore
3105 2386 3354 2439 magnum
3387 2385 3449 2423 ac
3483 2373 3596 2439 pla-

2013 2480 2082 2518 ne
2112 2464 2440 2533 stupendum
2475 2463 2794 2516 miraculum
2835 2461 2900 2516 ad
2937 2460 3278 2529 blasphemus
3310 2461 3594 2515 haereticus

2014 2555 2452 2620 confundendos,
2485 2563 2538 2609 et
2570 2553 2806 2620 fidelem,
2832 2563 2888 2608 et
2915 2552 3280 2607 orthodoxam
3331 2555 3590 2623 populum

2014 2648 2448 2704 confirmandum
2491 2647 2972 2716 roborandumque
3029 2646 3229 2700 factum
3256 2658 3339 2700 est
3374 2662 3401 2699 a
3441 2647 3593 2710 Deo;

2015 2756 2193 2810 neque
2216 2741 2422 2811 pariter
2445 2741 2566 2810 plus
2588 2741 2734 2810 sapis
2769 2742 3044 2797 sexcentis
3111 2743 3328 2814 triginta
3391 2742 3595 2797 sanctis

2015 2833 2289 2898 Patribus,
2332 2834 2421 2902 qui
2454 2832 2798 2888 Chalcedone
2834 2834 2940 2888 hoc
2993 2835 3171 2904 ipsum
3225 2836 3418 2906 dogma
3459 2850 3594 2887 con-

2017 2924 2649 2994 firmaverunt,illudque
2680 2941 2844 2995 super
2873 2935 3059 2995 pectus
3087 2926 3366 2981 cadaveris
3393 2935 3597 2979 sanctae

2014 3017 2218 3073 Christi
2249 3018 2498 3088 martyris
2538 3018 2858 3087 Euphemize
2894 3034 2998 3072 una
3035 3034 3156 3072 cum
3197 3018 3584 3072 haereticorum

2017 3111 2292 3165 volumine
2326 3111 2699 3165 collocarunt:
2740 3118 2794 3164 et
2835 3110 2940 3165 hoc
2972 3112 3191 3180 quidem
3227 3111 3482 3164 volumen
3523 3109 3592 3162 ad

333 3187 390 3238 δὲ
438 3186 546 3238 τῶν
580 3186 882 3255 ὀρθοὸὀξων
929 3187 994 3254 τῇ
1036 3185 1187 3255 δεξιᾷ
1223 3186 1368 3254 χειρὶ
1412 3183 1778 3254 δραξαμένην,
1822 3184 1913 3234 καὶ

2019 3209 2216 3254 sanetae
2244 3201 2493 3272 martyris
2521 3200 2686 3270 pedes
2716 3202 3014 3270 projectum
3046 3201 3133 3254 vix
3187 3200 3437 3253 invenire
3495 3216 3595 3268 po-

337 3280 714 3346 ςρυλὰττουσαν
747 3272 929 3347 εὖρον.
987 3273 1118 3331 Οἶδα
1145 3276 1200 3328 δὲ
1230 3276 1312 3328 ὅτι
1342 3277 1437 3328 καὶ
1467 3277 1526 3328 τὸ
1549 3275 1642 3328 τοῦ
1676 3275 1913 3346 μεγάλου

336 3370 614 3423 Βασιλείου
643 3368 826 3439 θαῦμα
849 3368 948 3420 οὐκ
968 3367 1181 3436 ἀγνοεῖς
1199 3383 1211 3396 ·
1236 3368 1326 3420 καὶ
1349 3367 1456 3436 γὰρ
1479 3370 1591 3429 τοῖς
1609 3369 1741 3420 πᾶσι
1758 3369 1917 3420 τοῦτο

335 3466 635 3533 κατάδηλόν
665 3468 803 3529 ἐστι,
839 3463 956 3526 πῶς
983 3464 1038 3514 ὲν
1067 3466 1132 3533 τῇ
1155 3463 1405 3516 Νικαέων
1435 3462 1702 3534 ἐκκλησίᾳ
1725 3465 1782 3515 ἐν
1815 3463 1916 3533 μιᾷ

339 3559 494 3608 νυκτὶ
521 3558 806 3625 δεηθέντος
835 3554 1005 3608 αὐτοῦ
1035 3555 1172 3623 μετὰ
1197 3553 1290 3606 τοῦ
1320 3554 1606 3624 ὀρθοδόξου
1638 3553 1787 3617 λαοῦ,
1825 3555 1918 3608 καὶ

340 3652 437 3702 σὺν
455 3650 588 3721 εὐχῇ
617 3648 1140 3720 σφραγίσαντοςτὰς
1168 3647 1261 3700 τοῦ
1285 3647 1414 3700 ναοῦ
1443 3647 1638 3711 πύλας,
1673 3650 1920 3718 συνετρί-

343 3739 518 3810 ϐησαν
565 3743 619 3793 at
649 3739 858 3800 κλεῖδες
904 3738 1014 3790 τῶν
1049 3738 1425 3806 ρωμανισίων,
1460 3737 1556 3791 καὶ
1589 3738 1914 3808 αὐτομάτως

339 3831 531 3901 ἠνοίγη
576 3831 760 3894 αὐτοῖς
779 3833 813 3900 ἡ
835 3827 1105 3899 ἐκκλησία
1124 3844 1138 3858 ·
1163 3828 1212 3880 οἱ
1241 3828 1295 3881 δὲ
1317 3830 1588 3898 αἰρετικοὶ
1610 3831 1762 3898 τρεῖς
1788 3829 1917 3891 ὅλας

343 3925 552 3992 ἡμερας
594 3908 938 3984 καινύκτας
984 3923 1435 3992 ἀγρυπνήσαντες
1483 3920 1638 3972 οὐδὲν
1687 3920 1918 3990 ἤνυσαν,

343 4018 451 4067 ἁλλ’
484 4018 842 4086 ἐστράφησαν
889 4013 1006 4084 μετ’
1057 4014 1320 4084 αἰσχύνης
1369 4012 1631 4081 μεγάλης.
1688 4008 1920 4080 Ὀμοίως

342 4112 432 4161 καὶ
459 4112 519 4161 ἐν
561 4110 774 4180 ἑτέροις
813 4108 1066 4174 ἐγένοντο
1095 4110 1188 4162 καὶ
1217 4106 1376 4159 ἄλλαι
1411 4104 1647 4173 μεγάλαι
1684 4100 1917 4166 σύνοδοι,

344 4207 434 4257 καὶ
473 4204 676 4265 πάντες
707 4197 858 4256 οὗτοι
915 4201 966 4252 οἱ
1001 4199 1168 4266 ἁγιοι,
1205 4200 1300 4251 καὶ⁸
1337 4194 1710 4264 οἱκουμενικοὶ
1739 4193 1923 4246 διδάσ-

344 4303 502 4349 καλοι
554 4298 649 4349 καὶ
689 4295 986 4363 φωστῆρες
1031 4293 1392 4355 ἐϐεϐαίωσαν,
1443 4289 1534 4342 καὶ
1565 4287 1926 4359 ἐπεκύρωσαν

344 4389 401 4439 τὸ
450 4389 611 4453 ἁγιον
677 4385 985 4454 Σύμϐολον,
1037 4385 1093 4434 ἐν
1143 4376 1187 4448 ᾧ
1234 4383 1474 4451 γράφει·
1520 4376 1821 4448 Ὀμολογῶ
1860 4376 1929 4430 ἓν

339 4479 659 4546 ,ϐάπτισμα
690 4480 776 4543 εἰς
805 4476 1032 4546 ἄφεσιν
1068 4472 1389 4542 ἁμαρτιῶν,
1431 4472 1762 4540 προσόωκῶ
1786 4469 1933 4524 ἀνά-

2017 3300 2258 3354 tuerunt,
2288 3303 2475 3346 contra
2503 3308 2631 3346 vero
2680 3292 3117 3348 orlhodoxorum
3176 3292 3372 3348 librum
3426 3293 3596 3361 ipsam

2017 3395 2262 3439 sanctam
2294 3401 2455 3439 manu
2521 3384 2711 3440 dextra
2771 3396 3049 3456 arreptum
3103 3395 3314 3451 tenere,
3359 3399 3598 3454 eumque

2018 3477 2295 3532 custodire
2326 3477 2829 3547 deprehenderunt.
2887 3477 3024 3531 Puto
3071 3487 3278 3540 autem,
3325 3491 3503 3546 neque
3551 3485 3600 3528 te

2018 3568 2273 3641 ignorare
2309 3572 2489 3639 magni
2521 3569 2707 3623 Basilii
2733 3570 3078 3623 miraculum.
3106 3569 3387 3636 (euntibus
3451 3567 3604 3622 enint

2013 3661 2362 3716 manifestum
2408 3659 2540 3731 est),
2616 3661 2891 3730 quomodo
2950 3661 3004 3713 in
3049 3659 3282 3728 [Niewna
3345 3660 3600 3724 ecclesia,

2019 3769 2141 3808 cum
2173 3754 2263 3807 ille
2303 3769 2409 3806 una
2434 3764 2615 3817 nocte,
2675 3754 2878 3822 populo
2935 3751 3598 3815 orthodoxo'comitante,

2020 3854 2259 3907 orasset,
2294 3852 2349 3898 et
2388 3844 2534 3898 inter
2585 3859 2773 3913 preces
2823 3852 3007 3909 portas
3068 3843 3258 3912 templi
3313 3842 3602 3912 signasset,

2018 3936 2272 4005 repagula
2302 3943 2356 3988 et
2385 3945 2564 3988 vectes
2597 3935 2980 3998 conciderunt,
3013 3946 3071 3988 et
3099 3945 3293 4005 sponte
3330 3950 3450 3990 sese
3498 3936 3606 3990 illis

2016 4020 2235 4091 aperuit
2262 4021 2492 4076 ecclesia
2526 4021 2810 4081 :lnerctici
2865 4033 3047 4077 autem
3082 4039 3206 4078 eum
3238 4025 3414 4078 tribus
3466 4025 3608 4078 inte-

2021 4116 2132 4186 gris
2162 4113 2362 4168 diebus
2393 4124 2445 4168 et
2467 4113 2726 4168 noctibus
2757 4115 3131 4185 evigilassent.
3200 4117 3338 4170 nihil
3378 4117 3605 4186 assequi

2026 4216 2344 4274 potuerunt,
2379 4207 2626 4261 etmulto
2685 4209 2883 4262 rubore
2958 4208 3148 4262 suffusi
3209 4208 3607 4264 discesserunt.

2031 4295 2320 4359 Similiter,
2357 4303 2412 4350 et
2449 4295 2577 4350 alibi
2609 4296 2728 4350 alim.
2752 4313 2958 4366 magna:
2990 4297 3182 4368 synodi
3229 4307 3428 4352 coactae
3459 4307 3607 4361 sunt,

2030 4401 2334 4455 omnesque
2367 4385 2421 4438 hi
2455 4385 2652 4449 sancti,
2691 4394 2745 4439 et
2783 4387 3112 4441 (Bcumcnici
3134 4387 3400 4458 magistri,
3441 4397 3494 4440 et
3526 4387 3576 4439 lu
3599 4414 3611 4428 -

2036 4475 2186 4530 mina
2216 4484 2462 4529 sanctum
2494 4476 2806 4546 Symbolum
2838 4487 3013 4532 ratum
3039 4479 3349 4534 habuerunt
3384 4489 3444 4532 et
3483 4494 3614 4532 con-

346 4587 570 4624 στασιν
592 4569 848 4637 νεκρῶν,
882 4565 981 4618 καὶ
1007 4562 1159 4630 ζωὴν
1185 4563 1292 4616 τοῦ
1312 4563 1654 4633 μέλλοντος
1691 4559 1915 4628 amarae,

2039 4569 2418 4633 firmaverunt,
2504 4571 2558 4624 in
2627 4586 2738 4640 quo
2823 4573 3090 4642 scriptum
3155 4583 3272 4628 est:
3352 4572 3616 4642 Conﬁteor

349 4681 508 4716 unum
591 4664 857 4731 baptisma
915 4660 974 4711 in
1058 4658 1412 4710 remissionem
1471 4663 1801 4722 peccatorum
1832 4694 1849 4720 ,
1903 4671 2138 4716 exsoecto
2210 4664 2640 4716 resurrectionem
2677 4672 3024 4730 mortuorum,
3061 4673 3108 4718 et
3190 4665 3354 4718 vitam
3410 4664 3615 4716 [επιεινί

346 4758 522 4808 seculi.

429 4843 839 4915 Ἀνταπεκρίθη
885 4841 947 4894 δὲ
995 4857 1084 4909 μοι
1114 4841 1142 4891 ὁ
1174 4838 1376 4907 ἀσεϐὴς
1411 4837 1581 4891 εἰπών
1610 4854 1630 4868 ’ν
1682 4836 1843 4890 Ἀλλὰ
1870 4835 1928 4889 τὸ

345 4942 433 4993 τοῦ
488 4939 817 4992 Ἀποστὸλου
851 4936 1021 5006 ῥητὸν
1073 4933 1302 4986 δυνατόν
1338 4934 1492 4984 ἐστι’
1523 4933 1671 4999 λέγει
1704 4932 1815 5000 γὰρ
1845 4931 1930 4983 ὅτι

346 5033 500 5100 σὰρξ
531 5031 628 5083 καὶ
657 5025 802 5098 αἷμα
835 5028 1168 5091 βασιλείας
1206 5024 1353 5078 Θεοῦ
1381 5022 1834 5092 κληρονομῆσαι
1861 5024 1932 5076 οὺ

344 5127 657 5186 δύνανται,
691 5120 833 5174 οὐδὲ
866 5121 907 5186 ή
939 5118 1130 5189 φθορὰ
1165 5116 1280 5184 τὴν
1329 5116 1673 5184 ἀφθαρσίαν
1715 5117 1935 5182 κληρο-

345 5217 532 5284 νομεῖ.
597 5212 765 5267 Εἷπον
793 5213 851 5265 δὲ
893 5213 1033 5282 πρὸς
1064 5211 1224 5264 αὐτόν
1257 5223 1270 5236 ⁶
1317 5210 1405 5272 Ὠς
1437 5208 1614 5280 οἶμαι,
1653 5211 1931 5280 ἄνθρωπε,

347 5307 378 5376 ἢ
420 5303 685 5374 αίρετικῷ
722 5304 1042 5369 συνέτυχες,
1079 5300 1110 5369 ἢ
1141 5299 1281 5367 τάχα
1319 5300 1410 5350 καὶ
1443 5300 1504 5351 σὺ
1539 5298 1595 5362 ἐξ
1640 5300 1822 5352 αὐτῶν
1852 5295 1924 5352 εἴ.

358 5397 507 5448 Ἐπεὶ
551 5395 654 5446 οὐκ
681 5392 748 5446 ἂν
775 5388 892 5462 εἶχε
925 5390 1240 5457 προσθεῖιαι
1271 5388 1428 5454 λόγον
1462 5389 1600 5459 ὑπὲρ
1631 5389 1723 5440 τού
1756 5386 1929 5440 τοιού-

349 5503 439 5541 του
489 5489 818 5559 βλασφήμου
885 5486 1156 5554 ῥήματος,
1213 5483 1306 5536 καὶ
1363 5484 1564 5552 ἣρξατο
1611 5482 1927 5550 καταθεμα-

348 5579 532 5643 τίζειν,
571 5581 663 5632 καὶ
695 5579 930 5649 ὀμνύεοιν
956 5575 1038 5626 ὃτι
1083 5574 1197 5627 Οὐκ
1225 5571 1344 5642 εἰμὶ
1377 5571 1450 5633 ὡς
1491 5572 1780 5633 ὑπέλαϐες,
1814 5571 1930 5623 ἀλλ’

351 5669 608 5738 ὠφελείας
651 5671 818 5741 χάριν
876 5663 1094 5736 ἐρωτῶ.
1131 5663 1241 5718 Καὶ
1273 5662 1419 5731 λέγω
1462 5662 1612 5730 αύτῷ
1639 5677 1650 5689 ·
1699 5663 1825 5716 Ἐὰν

454 5860 468 5889 ⁸
503 5859 522 5914 Ι
554 5859 676 5916 Cor.
706 5877 801 5926 xv,
843 5856 941 5911 50.

2103 4837 2303 4894 Contra
2332 4854 2459 4894 vero
2494 4839 2736 4893 mihiille
2777 4839 2977 4909 impius
3041 4841 3323 4909 respondit
3375 4842 3563 4896 dicens
3599 4859 3612 4907 ;

2033 4933 2129 4988 sed
2162 4933 2403 5002 Apostoli
2430 4930 2654 4987 effatum
2711 4933 2888 5000 magni
2925 4943 3008 4986 est
3069 4934 3300 4996 roboris,
3345 4935 3421 4988 ait
3471 4935 3618 4990 enim

2035 5025 2178 5093 quod
2205 5040 2349 5089 caro,
2401 5033 2450 5077 et
2483 5025 2700 5094 sanguis
2762 5041 2978 5094 regnum
3033 5026 3125 5078 Dei
3187 5027 3453 5097 possidere
3516 5043 3620 5078 nou

2037 5125 2274 5182 possunt,
2314 5131 2476 5185 neque
2511 5117 2782 5180 corruptio
2814 5117 3227 5184 incorruptelam
3259 5116 3609 5186 possidebit‘.

2037 5208 2151 5277 Ego
2187 5221 2314 5260 vero
2337 5207 2415 5260 sic
2462 5206 2528 5260 ad
2570 5221 2696 5259 eum
2749 5206 2928 5261 dixit:
2967 5208 3008 5259 A
3032 5219 3090 5260 ut
3117 5207 3169 5259 in
3224 5206 3562 5268 haereticum,
3586 5221 3619 5260 ο

2042 5299 2224 5363 homo,
2256 5306 2312 5351 ut
2342 5299 2556 5366 opinor,
2589 5297 2851 5361 incidisti,
2906 5307 3000 5351 aut
3040 5297 3178 5349 forte
3214 5304 3267 5349 et
3313 5304 3366 5348 tu
3399 5309 3468 5348 ex
3512 5296 3622 5352 illis

2040 5407 2121 5446 es.
2159 5390 2230 5442 At
2285 5399 2572 5459 postquam
2643 5405 2712 5442 ne
2767 5389 2990 5442 verbum
3029 5386 3248 5454 quidem
3283 5402 3448 5456 super
3498 5387 3616 5441 bla—

2038 5482 2324 5552 sphemum
2353 5481 2663 5550 hujusmodi
2704 5480 2908 5533 dictum
2963 5477 3163 5530 addere
3207 5479 3404 5546 potuit,
3450 5479 3624 5546 cmpit

2037 5574 2304 5627 allii-mare
2353 5580 2408 5626 et
2449 5574 2656 5642 jurare,
2709 5585 2768 5623 se
2821 5567 2980 5620 talem
3042 5582 3150 5620 non
3204 5583 3353 5630 esse.
3397 5568 3610 5638 qualem

2039 5681 2134 5736 ego
2165 5661 2508 5732 suspicabar,
2568 5658 2662 5712 sed
2730 5657 2977 5712 utilitatis
3031 5659 3198 5726 gratia
3251 5659 3605 5725 interrogare.
