4068 6264
415 361 478 430 δι
1650 365 2012 426 ΕΗΤΙΙΥΜΙ

2123 363 2436 423 EGABENI
3599 363 3672 426 5?.

413 481 442 532 ’ὶ
465 497 552 536 nm
577 495 710 552 ego:
735 477 794 538 Si
821 492 890 538 ex
915 481 1188 551 imperitia
1205 482 1588 552 blasphemum
1609 477 1740 530 illud
1765 477 1991 529 verbum

2118 475 2354 544 insipia;
2401 475 2634 554 είιρήκῃς
2676 473 2736 527 τὸ
2783 473 3102 544 βλάσφημον
3153 473 3309 530 τοῦτο
3358 475 3529 544 ῥῆμα,
3591 469 3686 528 καὶ

415 571 713 641 protulisti,
745 581 821 642 et,
859 581 922 628 ut
964 573 1122 637 dicis,
1173 575 1386 630 discere
1430 571 1715 626 veritatem
1779 569 2000 638 quaeris.

414 677 630 719 nonme
653 679 782 720 sane
807 665 1031 736 pigebit,
1087 681 1276 735 neque
1331 663 1492 720 saluti
1567 671 1672 716 tua:
1725 660 2000 718 invidebo,

420 757 516 812 sed
537 757 683 827 quod
721 757 868 813 Deus
899 758 1130 820 dederit,
1169 759 1302 813 illud
1334 765 1384 811 te
1413 755 1675 810 edocebo.
1713 755 1802 808 Sic
1856 754 2000 808 enim

419 850 472 903 in
496 850 726 918 epistola
757 852 825 906 ad
886 849 1161 907 lietnanos
1191 854 1414 920 scribit;
1460 851 1594 916 Quia
1637 859 1841 920 patrem
1880 848 2007 900 mul-

416 951 589 994 tarum
613 943 844 1011 gentium
866 946 1014 1011 posui
1033 952 1080 996 te
1111 952 1234 996 ante
1268 944 1452 1006 Deum,
1477 944 1559 996 cui
1585 941 1875 1003 credidisti,
1909 941 2004 1010 qui

415 1033 911 1102 riri/icatmortuos,
955 1043 1002 1087 et
1032 1045 1178 1088 vocat
1204 1051 1264 1088 ea
1293 1051 1408 1104 qua:
1449 1049 1548 1087 non
1591 1041 2008 1100 sunt,tanquan.

417 1141 477 1176 ea
518 1139 633 1192 qua:
655 1125 838 1178 sunt‘.
873 1125 936 1179 Et
961 1129 1014 1181 in
1039 1127 1212 1196 prima
1264 1123 1500 1196 Epistola
1528 1125 1594 1178 ad
1641 1123 1951 1178 Corinthios
1991 1139 2004 1174 :

424 1213 483 1264 Si
508 1222 686 1268 autem
729 1209 964 1270 Christus
983 1218 1322 1286 prwdicatnr,
1346 1217 1484 1285 quod
1513 1215 1792 1270 resurrexit
1815 1232 1842 1266 (ι
1873 1231 2012 1266 mor-

420 1304 542 1362 tuis,
565 1307 818 1374 quomodo
852 1309 1064 1376 quidam
1083 1310 1258 1362 dicunt
1285 1311 1337 1361 in
1367 1309 1526 1372 vobis,
1555 1307 2012 1378 quodrcsurrectio

421 1409 752 1450 mortuorum
790 1415 892 1452 non
927 1402 1120 1464 est’,et
1148 1401 1376 1470 reliqua.
1415 1401 1481 1456 Et
1505 1399 1560 1455 in
1624 1399 1860 1454 secunda
1895 1399 2015 1468 Epi-

423 1492 557 1544 Siola
585 1492 648 1546 ad
675 1493 988 1548 Corinthios
1016 1491 1146 1549 dicit
1173 1509 1185 1546 :
1239 1492 1567 1563 Conﬁgurati
1619 1492 1776 1546 morti
1805 1491 1940 1560 ejus,
1969 1492 2014 1544 si

423 1603 757 1641 occurramus
809 1587 878 1638 ad
910 1585 1361 1649 resurrectionem,
1393 1600 1507 1656 qua:
1533 1593 1607 1637 est
1639 1601 1702 1638 ex
1727 1585 1945 1637 mortuis
1971 1584 2010 1636 ⁵.

423 1679 488 1736 Et
513 1682 580 1736 ad
599 1681 1141 1737 Thessalonicenscs:
1173 1679 1231 1734 Si
1247 1681 1384 1734 enim
1403 1681 1681 1742 credimus,
1707 1681 1842 1750 quod
1866 1680 2016 1734 Iesus

423 1787 663 1828 mortuus
681 1782 754 1828 est
783 1783 830 1826 et
853 1775 1158 1836 resurrexit,
1185 1782 1232 1826 et
1263 1772 1458 1826 mortui
1488 1773 1643 1842 quiin
1669 1771 1871 1826 Christo
1899 1783 2016 1826 sum

424 1877 694 1936 resurgant
723 1865 946 1935 primi".
977 1863 1043 1917 Et
1101 1865 1154 1918 in
1210 1866 1382 1934 prima
1419 1865 1486 1920 ad
1543 1865 1852 1918 Corinthios
1897 1859 2020 1934 Epi-

425 1955 682 2012 stola:Si
759 1958 970 2010 omnino
1025 1957 1217 2009 mortui
1253 1971 1354 2008 non
1432 1965 1723 2025 resnrgent,
1774 1965 1828 2009 ut
1893 1957 2018 2024 quid

423 2050 761 2117 baptismum
792 2064 887 2115 pro
905 2047 1010 2100 illis
1033 2046 1080 2098 ‘?
1100 2057 1156 2100 et
1183 2047 1411 2116 reliqua.
1446 2045 1511 2101 Et
1543 2063 1652 2100 uno
1671 2047 1837 2101 verbo
1863 2063 2016 2116 quae-

423 2155 639 2210 cunque
673 2138 804 2192 mihi
837 2137 1098 2208 suggessit
1147 2139 1288 2193 Deus
1317 2177 1331 2203 ,
1358 2155 1458 2210 ego
1490 2140 1598 2192 dixi
1636 2139 1708 2192 illi
1745 2139 1811 2193 de
1842 2155 2018 2194 resur-

426 2235 666 2289 rectione
687 2241 1024 2286 mortuorum
1057 2248 1072 2285 :
1108 2241 1162 2286 et
1193 2245 1285 2286 ore
1305 2230 1520 2301 quidem
1551 2231 1898 2285 exsecrabilis
1925 2231 2016 2285 ille

425 2323 647 2379 credere
681 2323 970 2388 fatebatur,
1013 2339 1118 2378 non
1155 2323 1358 2378 habens
1384 2324 1512 2391 quid
1543 2323 1648 2376 illis
1667 2331 2006 2392 opponeret;

425 2414 517 2468 sed
553 2423 668 2468 erat
701 2413 934 2467 infidelis
963 2414 1167 2478 animo,
1202 2429 1328 2468 vere
1359 2412 1594 2467 infidelis
1629 2415 1720 2482 qui
1778 2413 2012 2468 oblatam

427 2503 624 2569 lucem,
657 2513 716 2557 ut
743 2512 860 2558 erat
887 2505 1125 2558 tenebris
1157 2506 1470 2568 immersus,
1503 2505 1798 2560 deliberata
1849 2521 2004 2558 inen-

431 2603 481 2646 te
512 2593 729 2648 nolebat
752 2591 935 2646 videre
971 2609 984 2646 :
1015 2603 1131 2647 erat
1166 2595 1311 2648 enim
1341 2593 1555 2648 Satanae
1589 2595 1895 2664 Oper-arius,
1950 2605 2007 2651 et

426 2685 726 2755 apostolus,
771 2693 884 2738 uta
917 2685 1099 2739 multis
1123 2687 1211 2756 qui
1251 2703 1374 2741 eum
1409 2688 1826 2758 cognoscebant,
1863 2688 2007 2742 dein-

428 2795 560 2848 ceps
587 2777 774 2832 didici.
807 2774 1008 2830 Verum
1043 2793 1109 2832 ex
1139 2779 1322 2832 divina
1350 2779 1709 2848 dispositione
1735 2779 1788 2832 in
1811 2779 2007 2848 hujus-

431 2870 576 2923 modi
607 2884 797 2923 canem
836 2883 921 2922 me
959 2868 1198 2924 incidere
1228 2871 1474 2940 contigit,
1507 2879 1566 2926 ut
1596 2872 1662 2926 ad
1689 2872 1854 2926 hosce
1915 2873 2016 2924 im-

429 2963 550 3030 pios
585 2963 836 3019 homines
907 2967 1104 3020 melius
1158 2981 1222 3018 ac
1249 2964 1546 3034 perfectius
1594 2962 2012 3032 cegnosccndos

2051 1819 2090 1874 Β
2121 1824 2328 1903 νικεῖςλ

2105 566 2297 636 ζητῇς.
2327 567 2401 627 ὼς
2433 567 2632 632 λέγεις,
2667 565 2857 635 μαθεῖν
2896 567 2991 635 τὴν
3051 567 3332 634 ἀλήθειαν,
3366 568 3465 620 οὑκ
3513 568 3677 638 ὀκνή-

2108 673 2296 727 σομεν,
2333 657 2452 710 οὐδὲ
2489 657 2834 727 φθονὴσιμεν
2883 661 2946 726 τῇ
2983 659 3227 728 σωτηρίᾳ
3267 675 3384 722 σου,
3415 659 3526 710 ἀλλ’
3550 661 3680 727 ὅπερ

2106 749 2290 811 ὁΘεδς
2339 749 2573 810 δίδωσιν,
2609 750 2694 802 ἵνα
2748 751 3014 817 εἴπωμεν.
3063 750 3270 818 Γράφει
3317 750 3424 820 γὰρ
3466 753 3547 812 είς
3588 751 3687 818 τὴν

2109 840 2243 909 πρὸς
2281 839 2596 908 Ῥωμαίους
2652 839 2974 908 Ἐπιστολὴν
3023 837 3198 902 οὕτως
3225 855 3238 867 ·
3273 838 3402 892 Ὀτι
3439 839 3690 894 πολλῶν

2108 931 2301 986 ἐθνῶν
2327 931 2553 1000 πατέρα
2576 931 2806 986 τέθεικὰ
2827 945 2900 985 σε
2923 934 3241 986 κατέναντι
3267 927 3338 988 οὗ
3363 933 3689 986 ἐπίστευσε

2114 1023 2266 1076 Θεοῦ
2312 1021 2419 1076 τοῦ
2468 1021 2894 1088 ζωοποιοῦντος
2933 1023 3074 1088 τοὺς
3125 1023 3399 1090 νεκροὺς,
3450 1026 3544 1076 καὶ
3589 1041 3691 1078 κα-

2113 1115 2369 1179 λοῦντος
2396 1113 2466 1166 τὰ
2515 1113 2600 1182 μὴ
2649 1113 2793 1167 ὄντα
2831 1115 2909 1179 ὠς
2945 1113 3107 1166 ὄντα.
3146 1115 3254 1164 Καὶ
3302 1116 3380 1172 ei;
3413 1115 3510 1184 τὴν
3547 1117 3680 1184 πρὶς

2115 1203 2436 1274 Κορινθίους
2488 1203 2711 1272 πρώτην
2777 1203 3096 1274 Ἐπιστολὴν
3130 1219 3143 1233 ⁸
3191 1207 3256 1256 Εἰ
3308 1204 3375 1256 δὲ
3425 1206 3684 1269 Χριστὸς

2115 1295 2513 1362 κηρύσσεται,
2555 1293 2642 1346 ὅτι
2684 1294 2752 1346 ἐκ
2793 1293 3021 1362 νεκρῶν
3049 1294 3381 1362 egoh-aptat,
3426 1294 3551 1358 πῶς
3592 1295 3694 1348 λέο

2115 1387 2293 1455 γουσί
2322 1403 2480 1442 τινες
2512 1387 2583 1438 ἐν
2625 1383 2778 1452 ἡμῖν
2820 1385 2907 1437 ὅτι
2943 1385 3283 1452 ἀνάστασις
3324 1385 3556 1454 νεκρῶν
3579 1389 3689 1440 οὐκ

2115 1471 2268 1543 ἐστι,
2304 1478 2399 1530 καὶ
2447 1478 2515 1528 τὰ
2563 1475 2745 1530 λοιπά.
2779 1479 2888 1530 Καὶ
2938 1480 3018 1540 εἰς
3064 1479 3163 1544 τὴν
3199 1479 3334 1546 πρὸς
3367 1477 3690 1548 Κορινθίους

2117 1567 2374 1638 δευτέραν
2443 1567 2759 1634 Ἐπιστολὴν
2793 1567 2979 1636 λέγει·
3029 1569 3560 1638 Συμμορςςούμενοι
3615 1568 3690 1634 τῷ

2121 1659 2358 1724 θανάτῳ
2406 1659 2614 1724 αὐτοῦ,
2657 1661 2826 1727 εἴπερ
2879 1661 3420 1728 scutariis-triceps?
3453 1665 3540 1727 εἰς
3579 1665 3692 1730 τὴν

2121 1750 2539 1816 ἐξανάστασιν
2595 1753 2712 1806 τῶν
2763 1753 3014 1822 νεκρῶν.
3069 1756 3177 1806 Καὶ
3225 1756 3363 1822 πρὸς
3425 1754 3692 1806 Θεσσαλο-

2301 1824 2328 1872 ὀ
2379 1844 2443 1895 Et
2479 1844 2586 1910 γὰρ
2627 1844 2992 1912 πιστεύομεν
3023 1843 3112 1897 ὅτι
3151 1844 3388 1910 Ἰησοῦς
3408 1844 3690 1910 ἀπέθανε,

2117 1930 2478 1997 καὶάνέστη.
2511 1931 2606 1983 καὶ
2631 1934 2683 1985 οὶ
2713 1932 2912 1999 νεκροί
2933 1933 3000 1982 ἐν
3042 1931 3272 1999 Χριστῷ
3307 1931 3690 1996 ἀναστήσον-

2117 2041 2210 2076 ται
2259 2021 2514 2090 πρῶτον.
2565 2023 2671 2074 Καὶ
2731 2023 2788 2075 ὲν
2821 2025 2888 2092 τῇ
2927 2021 3063 2092 πρὸς
3121 2022 3444 2087 Κορινθίους
3491 2021 3688 2094 πρώτῃ

2130 2115 2422 2184 Ἐπιστολῇ
2454 2131 2466 2145 ·
2524 2117 2592 2168 Εἰ
2636 2113 2792 2179 ὅλως
2837 2116 3038 2182 νεκροὶ
3097 2117 3208 2168 οὐκ
3251 2115 3599 2184 ἐγείρονται,
3633 2113 3694 2168 τί

2111 2205 2498 2273 ,βαπτίζονται
2525 2205 2678 2274 ὑπὲρ
2705 2205 2824 2258 τῶν
2855 2205 3120 2273 νεκρῶν;
3153 2207 3244 2259 καὶ
3267 2206 3332 2257 τὰ
3365 2204 3546 2260 λοιπά.
3585 2203 3695 2258 Καὶ

2115 2299 2304 2362 ἀτελῶς
2355 2301 2454 2354 ὅσα
2495 2303 2521 2351 ὁ
2555 2298 2686 2362 Θεὸς
2746 2298 2947 2351 ἔδωκεν
2984 2294 3138 2350 εἷπον
3185 2298 3336 2367 αὑτῷ
3393 2299 3519 2368 περὶ
3591 2297 3690 2365 τῆς

2118 2393 2467 2454 ἀναστάσεως
2499 2393 2608 2444 τῶν
2638 2389 2868 2460 νεκρῶν,
2903 2391 3000 2444 καὶ
3046 2390 3279 2460 στόματι
3323 2389 3422 2458 μὲν
3453 2391 3480 2439 6
3511 2389 3683 2442 κατά-

2120 2501 2280 2554 ρατος
2327 2483 2596 2553 ὡμολόγει
2627 2483 2927 2547 πιστεύειν,
2985 2481 3060 2552 μὴ
3108 2481 3247 2552 ἔχων
3287 2499 3339 2533 τι
3392 2483 3688 2549 ἀντιφθέγ-

2119 2576 2314 2642 ξασθαι
2371 2576 2507 2646 πρὸς
2577 2575 2748 2629 ταῦτα
2776 2591 2790 2605 ⁸
2831 2577 2897 2644 τῇ
2941 2576 3137 2646 γνώμῃ
3178 2573 3224 2626 δ’
3266 2569 3334 2644 ἦν
3376 2575 3401 2624 6
3433 2573 3688 2638 ἄπιστος,

2117 2669 2370 2734 ἄπιστος,
2414 2669 2507 2720 καὶ
2562 2667 2624 2719 τὸ
2687 2665 2801 2734 φῶς
2849 2665 2992 2717 ἑκὼν
3039 2663 3113 2734 μὴ
3172 2661 3340 2716 θέλων
3399 2663 3617 2732 βλέπειν
3663 2663 3691 2714 6

2117 2759 2508 2828 ὲσκοτισμένος
2539 2775 2551 2789 '
2585 2760 2828 2829 ἐργάτης
2869 2757 2976 2826 γὰρ
3010 2753 3076 2828 ἦν
3116 2757 3143 2807 6
3179 2755 3422 2816 τοιοῦτος
3455 2753 3549 2806 τοῦ
3586 2754 3691 2805 Σα-

2118 2853 2276 2916 τανᾶ,
2302 2855 2395 2905 καὶ
2417 2852 2735 2915 ἀπόστολος,
2762 2849 2836 2912 ὡς
2859 2851 3012 2918 παρὰ
3037 2849 3250 2901 πολλῶν
3279 2847 3496 2898 εἰδότων
3527 2845 3689 2897 αὑτὸν

2121 2943 2372 3014 ὕστερον,
2417 2943 2642 3014 ἔμαθον.
2679 2945 2752 2995 Τὺ
2781 2945 2836 2996 δὲ
2880 2941 2974 2995 τοῦ
3005 2941 3250 2992 τοιούτου
3301 2939 3464 3000 κυνὸς
3499 2938 3694 2990 συνάνι

431 3065 554 3109 mea
593 3069 750 3110 mens
813 3057 1170 3112 excitaretur.
1240 3055 1574 3126 Discipulum
1647 3055 1793 3108 enim
1823 3071 2003 3109 meum

2118 3053 2266 3106 τημα
2297 3037 2360 3088 ὲκ
2404 3033 2549 3096 θείας
2588 3033 2900 3103 οἰκονομίας
2932 3031 3132 3100 συνέϐη
3164 3032 3242 3092 είς
3271 3028 3372 3098 ἐμὲ
3413 3025 3689 3094 γενέσθαι,

428 3159 555 3198 eum
635 3160 735 3216 ego
795 3143 1172 3218 Hierosolyma
1223 3145 1620 3208 discessissem,
1681 3145 2010 3198 invenerunt

429 3235 523 3304 qui
545 3234 732 3290 eadem
747 3252 809 3290 ac
825 3235 1083 3306 praefatus
1107 3237 1196 3293 ille
1214 3236 1432 3306 impius,
1467 3235 1792 3301 sentiebant,
1844 3235 2008 3303 eique

431 3339 841 3394 persuaserunt,
883 3343 1004 3382 eum
1042 3329 1356 3382 illitteratus
1375 3339 1541 3393 esset,
1590 3337 1644 3381 et
1708 3326 1896 3390 idiota,
1954 3335 2012 3380 ut

434 3431 626 3470 eorum
656 3418 946 3472 sententiae
966 3433 1023 3472 se
1043 3419 1382 3490 adiungeret,
1405 3427 1459 3473 et
1485 3419 1799 3487 neutiquam
1837 3417 2006 3470 Deum

434 3507 527 3576 qui
553 3517 636 3561 est
665 3505 720 3560 in
751 3508 925 3572 caelis,
954 3507 1223 3576 crederet,
1246 3509 1345 3563 sed
1368 3508 1554 3562 mundi
1583 3508 1746 3578 hujus
1805 3507 2012 3577 princi-

437 3611 559 3666 pem
600 3597 694 3668 qui
739 3605 823 3652 est
869 3598 1136 3654 diabolus.

505 3855 639 3914 Cum
673 3869 850 3916 autem
881 3877 966 3917 me
999 3879 1029 3916 ιι
1062 3861 1202 3918 malo
1227 3861 1314 3920 illo
1351 3865 1551 3920 comite
1599 3865 2012 3933 dlsjunxissem,

435 3961 491 4008 et
513 3969 578 4008 ex
596 3969 658 4008 ea
685 3969 846 4024 quam
881 3955 1012 4022 dixi,
1083 3973 1258 4027 usque
1293 3957 1718 4029 Hierosolymam
1779 3958 2016 4027 peregri-

437 4047 656 4101 natione
682 4063 938 4114 reversus
997 4065 1196 4110 essem,
1231 4050 1287 4103 in
1323 4051 1621 4105 venerabili
1679 4051 2016 4104 monasterio

437 4135 762 4210 Periblepta:
789 4141 1047 4195 miserum
1093 4157 1276 4195 meum
1340 4141 1668 4210 discipulum
1727 4141 2015 4209 deceptum

437 4231 1006 4285 int-'eni.Circtnncunt
1036 4232 1180 4286 enim
1209 4229 1362 4299 impii
1395 4231 1502 4296 isti,
1528 4231 1654 4284 etin
1687 4230 1932 4295 urbibus,
1965 4239 2020 4286 et

435 4332 590 4376 extra
621 4321 823 4391 ubique
864 4323 1145 4376 docentes.
1214 4322 1282 4375 At
1329 4336 1459 4375 vero
1517 4322 1819 4391 discipulus
1845 4338 2015 4387 meus,

2121 3129 2256 3198 πρὸς
2295 3128 2355 3180 τὸ
2387 3127 2661 3195 διαγείραί
2701 3141 2802 3194 μου
2844 3123 2934 3176 τὸν
2974 3123 3097 3176 νοῦν
3129 3123 3208 3180 εἰς
3255 3118 3564 3189 ἀκρίϐειαν,
3597 3117 3690 3169 καὶ

2118 3219 2391 3292 προσοχὴν
2414 3219 2521 3273 τῶν
2548 3217 2808 3271 τοιούτοιν
2837 3215 3068 3268 ἀσεὸὦν.
3107 3212 3373 3280 Μαθητὴν
3402 3209 3509 3279 γὰρ
3537 3207 3690 3278 ὲμδν,

2117 3313 2525 3381 ἀποδημοῦντος
2579 3329 2678 3381 μου
2727 3311 2784 3362 ὲν
2827 3305 3244 3378 Ἱεροσολύμοις,
3297 3299 3456 3372 εὗρον
3495 3303 3544 3355 οἱ
3594 3300 3687 3353 τοῦ

2119 3405 2508 3476 προλεχθέντος
2541 3401 2768 3464 ἀσεϐοῦς
2799 3402 3123 3469 ὁμόφρονες,
3151 3397 3244 3450 καὶ
3275 3396 3500 3447 ἔπεισαν
3523 3393 3688 3448 αὑτδν

2119 3497 2482 3564 ἀγράμματον
2519 3493 2647 3546 ὄντα
2689 3493 2783 3544 καὶ
2827 3489 3066 3558 ἰδιώτην,
3123 3487 3200 3556 τῷ
3232 3485 3443 3538 ἑαυτῶν
3482 3484 3691 3553 φρονὴ-

2124 3605 2254 3656 ματι
2281 3585 2714 3654 συνεπαρθῆναι,
2751 3584 2845 3634 καὶ
2883 3581 3130 3652 μηδὸὶως
3158 3577 3436 3630 πιστεύειν
3470 3575 3602 3628 Θεὸν
3631 3575 3689 3625 ἐν

2121 3679 2391 3748 οὐρανοῖς,
2428 3676 2563 3728 ἀλλά
2607 3675 2698 3726 τὸν
2729 3676 2965 3744 ἄρχοντα
3012 3671 3106 3723 τοῦ
3137 3670 3343 3738 κόσμου
3383 3667 3596 3730 τούτου,
3629 3667 3689 3728 ὃς

2121 3774 2270 3822 ἐστιν
2306 3769 2333 3820 ὀ
2369 3767 2539 3821 διάῧο)
2553 3784 2630 3829 ος.

2195 3863 2388 3932 Ὅμως
2414 3861 2814 3930 ἀποχωρισθεὶε
2853 3859 2949 3912 τοῦ
2984 3855 3227 3912 τοιούτου
3270 3851 3438 3906 κακοῦ
3483 3849 3689 3904 συνοδί-

2121 3969 2237 4020 του,
2267 3955 2362 4007 καὶ
2400 3955 2464 4006 ὲκ
2495 3955 2592 4021 τῆς
2627 3952 2961 4021 ἀποδημίας,
2984 3951 3058 4013 ὡς
3093 3946 3268 4004 εἷπον.
3305 3947 3411 3998 τῶν
3459 3945 3658 4010 Ἰεροσο

2121 4047 2306 4116 λὺμων
2359 4045 2687 4110 ἐπανελθὼν,
2736 4047 2792 4098 ἐν
2839 4043 2916 4116 τῷ
2966 4045 3162 4110 εὑαγεῖ
3207 4037 3555 4109 μοναστηρίῳ
3590 4037 3686 4104 τῆς

2127 4136 2496 4208 Περιδλέτετου
2541 4131 2705 4204 εὗρον
2755 4135 2846 4186 τὸν
2873 4132 3129 4187 ταπεινὸν
3163 4131 3263 4198 μοῦ
3297 4129 3542 4198 μαθητὴν
3565 4127 3696 4178 ἁπο-

2124 4226 2493 4294 πλανηθέντα.
2525 4225 2917 4294 Περινοστοῦσι
2961 4226 3070 4292 γὰρ
3112 4225 3160 4275 oi
3191 4223 3420 4274 τοιοῦτοι
3453 4218 3693 4282 ἀσεϐεῖς,

2126 4320 2470 4381 διδάσκοντες
2493 4317 2770 4387 πανταχοῦ
2809 4316 2865 4368 ἕν
2895 4335 2952 4368 τε
2987 4316 3164 4378 πόλει,
3207 4313 3302 4366 καὶ
3336 4315 3393 4363 ὲν
3425 4313 3534 4371 τοῖς
3563 4311 3690 4375 ἔξω.

439 4419 500 4464 ut
536 4412 627 4481 qui
655 4411 800 4465 bono
831 4413 1014 4466 animo
1045 4428 1174 4482 erga
1203 4427 1290 4465 me
1313 4421 1476 4476 esset,
1498 4420 1552 4465 et
1601 4413 1824 4476 bonum,
1875 4415 2012 4482 quod

2137 4411 2194 4466 '0
2241 4413 2298 4465 δὲ
2346 4410 2592 4480 μαθητής
2650 4425 2752 4479 μου
2795 4407 3053 4468 εὐνοϊκῶς
3102 4405 3292 4472 ὥσπερ
3347 4401 3696 4468 διακείμενος

437 4502 505 4555 ad
539 4516 712 4566 suam,
747 4509 810 4556 ut
843 4501 1167 4571 opinabatur
1225 4504 1410 4568 miser,
1447 4505 1734 4558 utilitatem
1782 4521 2010 4575 accepe-

439 4601 542 4657 rat,
567 4592 722 4662 quasi
768 4607 834 4646 ex
884 4593 1151 4648 charitate
1199 4596 1362 4649 etiam
1424 4611 1512 4650 me
1575 4596 1734 4650 vellet
1765 4598 2010 4658 edocere,

439 4697 509 4737 ne
535 4699 733 4752 expers
773 4685 874 4740 viae
903 4685 1204 4749 invenirer,
1233 4702 1354 4756 quat
1412 4689 1480 4741 ad
1549 4688 1778 4743 salutem
1841 4687 2013 4753 ducit,

437 4773 753 4842 blasphema
789 4773 1082 4843 impietatis
1113 4778 1298 4840 verba,
1347 4793 1466 4847 qua:
1489 4778 1556 4832 ab
1591 4779 1698 4832 illis
1728 4778 2014 4843 didicerat,

445 4864 702 4920 utilitatis
760 4881 895 4922 mea:
949 4867 1142 4937 gratia,
1199 4879 1452 4924 accurate
1501 4885 1589 4923 me
1648 4869 1852 4926 docuit.
1885 4869 2015 4938 Ego,

439 4963 622 5010 autem
655 4973 778 5013 cum
805 4959 918 5014 hate
947 4959 1246 5024 audissem,
1277 4970 1678 5032 terroremque,
1746 4961 1800 5015 in
1855 4976 2016 5030 quem

439 5047 735 5114 inciderat,
771 5065 1190 5121 cognoscerem,
1237 5053 1379 5121 quod
1409 5069 1471 5106 ex
1500 5055 1626 5107 mali
1671 5053 1816 5108 illius
1844 5054 2019 5108 comi-

445 5139 517 5194 tis
549 5141 820 5211 eolloquio
849 5153 1088 5198 mentem
1115 5145 1183 5199 ad
1239 5144 1352 5198 hanc
1416 5147 1704 5201 excitatam
1735 5145 2015 5210 haberem,

447 5245 732 5286 sermones
767 5233 887 5298 ejus
955 5233 1104 5288 velut
1141 5235 1445 5304 approbare
1470 5235 1751 5298 simulans,
1780 5235 2018 5288 vultum-

441 5337 550 5392 qne
583 5333 840 5395 tanquam
877 5325 944 5380 de
976 5343 1031 5381 re
1059 5338 1208 5399 grata
1225 5329 1584 5382 exsultantem
1611 5329 1659 5382 ei
1705 5327 2017 5392 ostendens,

443 5413 711 5471 doctrinae
745 5417 888 5472 illius
931 5421 1240 5492 magistros,
1277 5429 1336 5474 ut
1364 5421 1500 5474 mihi
1537 5421 1796 5476 distincte
1829 5427 2020 5473 osten-

448 5507 626 5572 deret,
653 5519 910 5578 precatus
935 5526 1054 5567 sum
1088 5529 1102 5566 :
1135 5511 1290 5566 valde
1322 5511 1511 5566 utilius
1541 5521 1644 5575 est,
1693 5511 1903 5578 dicens,
1962 5519 2022 5565 ut

448 5599 520 5653 ab
560 5597 690 5669 ipsis
717 5601 878 5656 ambo
916 5605 1234 5660 erudiamur
1267 5621 1282 5670 ;
1317 5605 1432 5658 tieri
1465 5603 1748 5659 enimnon
1812 5611 2018 5674 potest,

566 5780 588 5813 ‘
621 5779 780 5836 Rem.
818 5799 890 5852 Iv,
929 5783 1018 5839 17.
1130 5781 1190 5837 ³1
1219 5784 1340 5838 Cor.
1375 5801 1465 5854 xv,
1505 5785 1585 5839 1‘2.

1663 5785 1682 5817 ⁸
1714 5781 1830 5838 lmo
1861 5781 2090 5854 Philipp.
2125 5799 2204 5846 nt,
2241 5781 2322 5848 i0,
2350 5781 2429 5835 ll.

2121 4504 2259 4575 πρός
2305 4522 2397 4574 με,
2437 4506 2531 4556 καὶ
2567 4503 2628 4554 τὸ
2665 4498 2866 4567 ἀγαθὸν
2902 4497 3061 4563 δῆθεν
3087 4499 3222 4566 ὅπερ
3263 4491 3580 4564 μεμάθηκεν
3607 4491 3690 4553 είς

2120 4595 2364 4665 ὼφέλεαν
2399 4593 2583 4654 αὑτοῦ,
2618 4593 2690 4655 ὠς
2723 4589 3105 4660 ὑπελάμϐανεν
3135 4587 3161 4636 6
3190 4585 3390 4646 ἄθλιος,
3427 4581 3688 4653 βουλόμε-

2120 4703 2209 4750 νος
2232 4687 2376 4756 κάμὲ
2403 4687 2475 4747 ὡς
2505 4685 2563 4748 ἐξ
2585 4683 2804 4750 ἀγάπης
2824 4681 2979 4732 τοῦτο
3002 4675 3229 4740 διδάξαι,
3255 4675 3342 4725 ἴνα
3364 4675 3438 4742 μὴ
3466 4671 3694 4739 ἀμοιρος

2123 4776 2456 4846 καταληφθῶ
2497 4779 2596 4844 τῆς
2639 4774 2774 4844 πρὸς
2807 4770 3084 4841 σωτηρίαν
3126 4765 3398 4836 φερούσης
3433 4763 3576 4824 ὁδοῦ,
3617 4761 3694 4822 ὡς

2123 4869 2361 4934 ὑπενόει,
2421 4867 2488 4921 τὰ
2543 4871 2642 4938 τῆς
2704 4865 2983 4925 ἀσεϐείας,
3044 4861 3204 4931 χάριν
3237 4857 3509 4926 ὠφελείας
3566 4871 3690 4922 μου,

2123 4962 2418 5031 βλάσφημα
2440 4960 2660 5030 ῥήματα
2685 4956 2962 5025 ἐπιμελῶς
2992 4952 3306 5006 ἀνεδίδασκέ
3339 4965 3406 5018 με
3436 4949 3534 5000 ὅσα
3559 4945 3692 5012 παρ’

2120 5051 2298 5105 αὐτῶν
2356 5053 2695 5121 μεμάθηκεν.
2738 5049 2880 5114 Ἐγὼ
2937 5047 2995 5098 δὲ
3033 5045 3239 5098 τούτων
3288 5041 3551 5101 ἀκούσας,
3599 5037 3695 5088 καὶ

2121 5145 2217 5216 τὴν
2253 5145 2461 5214 πλάνην
2493 5147 2558 5215 ἣν
2608 5143 2816 5211 ὑπέστη
2849 5139 3056 5202 συνεὶς,
3087 5133 3518 5206 διεγεγηρμένον
3555 5132 3695 5199 ἔχων

2120 5237 2210 5290 τδν
2245 5238 2371 5292 νοῦν
2397 5238 2478 5299 εἰς
2501 5235 2674 5290 ταῦτα
2702 5235 2766 5286 ἐκ
2803 5235 2902 5301 τῆς
2933 5231 3025 5283 τοῦ
3061 5227 3233 5281 κακοῦ
3263 5224 3537 5277 συνοδίτου
3575 5222 3695 5273 δια-

2121 5329 2341 5395 λέξεως,
2382 5331 2438 5382 ἐν
2471 5327 2763 5398 ὑποκρίσει
2784 5327 2910 5386 τοὺς
2938 5321 3104 5373 αὑτοῦ
3131 5319 3319 5386 λόγους
3347 5317 3537 5383 ὥσπερ
3561 5313 3699 5364 ἁπο-

2123 5419 2440 5489 δεξάμενος,
2482 5419 2580 5472 καὶ
2632 5414 3114 5488 χαριεντιζόμενον
3151 5409 3499 5479 προσωπεῖον
3547 5401 3694 5471 αὑτῷ

2125 5512 2431 5577 ὑποδείξας,
2494 5511 2621 5571 τοὺς
2667 5507 3024 5569 διδασκάλους
3078 5503 3294 5572 ἐκείνης
3347 5497 3694 5569 παρεκάλουν

2126 5599 2286 5656 αὑτὸν
2320 5597 2593 5669 ἐπιμελῶς
2620 5595 2894 5659 ὑποδεῖξαί
2938 5609 3028 5664 μοι
3051 5608 3066 5623 ο
3107 5593 3182 5656 ὡς
3215 5587 3522 5658 κρείττονος
3549 5583 3694 5652 ὠφε-

2544 5777 2605 5832 ⁸1
2635 5773 2714 5829 Th
2739 5789 2826 5829 ss.
2862 5787 2936 5827 ιτ.
2985 5772 3064 5826 lt.
3143 5771 3162 5802 ⁶
3197 5769 3217 5823 l
3258 5767 3380 5823 Cor.
3423 5781 3508 5828 xv,
3529 5761 3617 5816 ἓξ).
