4068 6264
323 383 386 443 53
1433 383 1732 442 CONTRA
1773 384 2395 445 PIIUNDAGIATAS.
3483 387 3554 454 δι

322 501 457 560 ἳεῖας
491 497 662 562 λέγων
697 500 817 566 παρ’
857 497 1031 548 αὐτῶν
1076 497 1374 566 ἀμφότεροι
1414 496 1829 566 ἐπιτευξώμεθα
1858 512 1869 526 '

1982 503 2038 549 ut
2075 504 2154 561 tu,
2207 498 2299 566 qui
2366 497 2607 551 nondum
2659 511 2778 551 eam
2831 496 3137 552 doctrinam
3187 502 3431 570 perlecte
3495 517 3552 555 et

323 591 374 641 σὲ
397 590 496 657 γάρ
526 591 698 658 μήπω
728 590 817 657 τὴν
835 588 1090 660 τοιαύτην
1112 589 1464 642 διδασκαλίαν
1496 592 1740 659 ἀκριϐῶς
1764 590 1791 642 δ
1817 607 1871 641 ε-

321 681 571 747 γνωκότα,
603 679 919 732 διδάσκαλον
948 679 1090 748 ἔχειν
1125 681 1327 750 ταύτης
1360 679 1643 736 ἀδύνατον.

383 777 480 826 Καὶ
502 771 558 835 6;
584 771 747 836 εὐθὺς
775 773 941 842 μηδὲν
965 772 1092 843 περὶ
1116 776 1306 824 τούτου
1335 771 1736 842 ἀναϐαλόμενος
1759 775 1872 843 χαί-

320 884 416 937 ρων
436 865 726 934 χαίροντας
757 867 954 928 αὐτοὺς
981 867 1055 926 ὡς
1091 867 1233 935 μέγα
1259 883 1332 930 τι,
1353 869 1447 918 καὶ
1469 867 1611 919 θεῖον
1640 867 1872 937 δώρημα

322 964 434 1030 ἐμοὶ
473 964 700 1026 τούτους
741 964 1084 1035 προσέφερεν
1137 966 1193 1016 ἐν
1232 967 1300 1035 τῇ
1329 965 1556 1035 τοιαύτῃ
1589 966 1720 1034 μονῇ
1752 965 1870 1016 τότε

319 1056 498 1118 αὐτοὺς
549 1057 920 1126 ὑπάρχοντας.
960 1055 1101 1123 Ἐγὼ
1154 1055 1210 1106 δὲ
1255 1055 1347 1108 καί⁵
1399 1057 1478 1118 εἰς
1531 1060 1727 1120 αὐτοὺς
1775 1055 1871 1126 τὴν

323 1147 594 1212 ὑπόκρισιν
645 1148 719 1216 μὴ
779 1147 1290 1216 παραιτησάμενος,
1351 1147 1592 1216 πατέρας
1643 1148 1873 1202 ἐκάλουν

322 1237 404 1286 καὶ
434 1237 686 1306 σωτῆρας
712 1237 819 1288 τῶν
857 1237 1044 1306 ψυχῶν
1073 1235 1230 1306 ἡμῶν
1257 1237 1351 1288 καὶ
1378 1237 1728 1300 διδασκάλους
1747 1239 1873 1300 τοὺς

318 1323 542 1384 ἀσεϐεῖς,
581 1325 678 1376 καὶ
702 1325 1025 1386 ἀπατεῶνας
1047 1339 1061 1353 ⁶
1094 1324 1271 1386 ἄλλως
1303 1326 1413 1394 γὰρ
1448 1325 1549 1377 οὐκ
1579 1321 1725 1394 εἶχον
1753 1326 1872 1386 πῶς

318 1411 593 1478 διαγνῶναι
616 1413 685 1464 τὰ
726 1414 826 1482 τῆς
861 1414 1117 1476 ἀσεϐείας
1145 1413 1323 1466 αὐτῶν
1357 1416 1660 1485 μυστήρια,
1702 1417 1873 1484 Ἦμὲ-

324 1521 411 1573 ρας
438 1504 490 1555 δέ
533 1521 690 1568 τινας
737 1507 796 1557 ἐν
824 1507 902 1572 τῷ
938 1504 1133 1574 κελλίῳ
1169 1523 1270 1573 μου
1293 1505 1433 1576 ἔχων
1469 1507 1669 1572 αὐτοὺς
1702 1507 1873 1560 διελε-

320 1596 494 1663 γόμην.
561 1596 620 1647 Ὀ
664 1594 719 1648 δὲ
765 1597 978 1667 πρῶτος
1046 1598 1226 1650 αὐτῶν
1272 1598 1340 1651 τὰ
1398 1597 1490 1650 τοῦ
1541 1599 1873 1667 Εὑαγγελίου

325 1687 401 1737 καὶ
443 1688 738 1739 ἀποστόλου
799 1689 940 1759 ῥητὰ
994 1689 1170 1741 πάντα
1224 1691 1252 1741 6
1304 1690 1505 1753 πλάνος
1558 1690 1752 1762 ἔφερεν
1783 1694 1875 1744 ἐπὶ

325 1777 566 1844 στόματος
597 1795 612 1808 ·
675 1779 755 1830 ἔτι
795 1779 851 1831 δὲ
908 1783 1003 1832 καὶ
1034 1781 1101 1833 τὰ
1162 1781 1257 1834 τοῦ
1309 1781 1596 1849 Θεολόγου,
1651 1785 1746 1836 καὶ
1779 1783 1874 1836 τοῦ

322 1867 709 1938 Χρυσοστόμου,
741 1873 835 1922 καὶ
861 1873 967 1922 ἀπὸ
993 1873 1099 1922 τῶν
1132 1873 1445 1938 πατερικῶν
1482 1873 1675 1942 λόγους
1699 1875 1872 1941 ἁγίων

319 1959 584 2026 γερόντων,
619 1963 715 2013 καὶ
755 1963 847 2014 τοῦ
870 1963 1178 2034 Ψαλτῆρος,
1236 1966 1328 2016 καὶ
1368 1964 1476 2018 ἀπὶ)
1501 1965 1693 2018 πασῶν
1734 1967 1876 2038 Γρα-

319 2050 421 2118 φῶν
444 2067 457 2083 ο
487 2052 547 2115 ἇς
579 2071 732 2115 τινας
765 2055 916 2116 θείας
947 2055 1191 2125 Γραφας,
1244 2058 1382 2126 μετὰ
1410 2058 1469 2109 τὸ
1494 2061 1875 2130 άποπ).ανῆσαι

316 2143 514 2205 αὐτοὺς,
569 2144 698 2196 τινὰ
752 2147 849 2197 καὶ
892 2147 987 2215 τῆς
1021 2147 1126 2199 τῶν
1169 2147 1514 2216 Χριστιανῶν
1566 2151 1873 2221 ἀποστῆσαι

315 2233 570 2303 ὸρθοδόξου
625 2235 885 2300 πίστεως,
946 2235 1259 2290 διδάσκουσι
1312 2238 1388 2308 μὴ
1441 2238 1722 2292 πιστεύειν
1780 2241 1876 2293 καὶ

315 2328 482 2396 τιμᾷν.
516 2326 621 2379 Τὸν
678 2328 786 2396 γὰρ
819 2327 973 2395 ἅγιον
1027 2327 1286 2400 Ἰωάννην
1328 2330 1418 2382 τὸν
1462 2331 1875 2402 Χρυσόστομον,

316 2415 680 2486 ςυρσόστομον
730 2413 1090 2486 ἀτιμάζουσιν
1153 2419 1204 2471 oi
1255 2421 1572 2491 παμμίαροι
1602 2435 1616 2450 ·
1672 2423 1875 2490 ὁμοίως

317 2509 399 2556 καὶ
438 2509 551 2570 τοὺς
583 2508 814 2571 λοιποὺς
849 2509 1058 2577 ἁγίους.
1098 2512 1205 2563 Καί
1243 2528 1296 2565 τι
1328 2513 1663 2584 θαυμαστὸν,
1699 2518 1746 2568 οἱ
1783 2517 1877 2572 τὸν

316 2599 524 2670 Χριστὸν
549 2605 647 2655 καί
672 2603 807 2655 Θεὸν
831 2604 988 2672 ἡμῶν
1009 2604 1345 2671 ἀθετοῦντες,
1372 2609 1466 2660 καὶ
1495 2608 1888 2677 ἀτιμάζοντες,

316 2691 419 2752 πῶς
466 2691 697 2760 Γραφας
744 2693 930 2758 ἁγίας,
977 2695 1072 2746 καὶ
1123 2694 1312 2761 ἁγίους
1353 2696 1454 2747 οὐκ
1507 2695 1875 2765 ἀτιμάσουσις

317 2782 411 2832 Καὶ
445 2783 515 2849 μὴ
551 2783 900 2851 θαυμάζετε,
949 2784 995 2835 εί
1022 2787 1121 2847 τᾶς
1153 2785 1302 2848 Θείας
1333 2786 1551 2856 Γραφὰς
1585 2789 1633 2840 ot
1663 2787 1879 2851 ἀσεϐεῖς

318 2879 396 2928 ἐπὶ
430 2879 699 2946 στόματος
721 2878 978 2947 φέρουσιν
1001 2893 1016 2909 ο
1048 2879 1154 2931 ἀπὸ
1195 2881 1304 2949 γάρ
1337 2882 1625 2950 συνεργίας
1657 2883 1880 2934 Σατανι-

318 2968 403 3033 κῆς
431 2969 585 3021 τοῦτο
630 2974 873 3034 γίνεται,
911 2971 985 3032 ὡς
1023 2973 1115 3023 καὶ
1146 2972 1297 3024 αὐτοὶ
1331 2971 1557 3042 ὕστερον
1593 2973 1879 3044 ὡμολόγη-

317 3074 420 3110 σαν.
466 3061 575 3113 Καὶ
615 3063 727 3127 γάρ
756 3063 814 3112 ἐν
846 3064 908 3130 τῇ
947 3061 1074 3132 θείᾳ
1103 3063 1294 3134 Γραφῇ
1331 3065 1597 3135 πολλαχοῦ
1626 3066 1879 3136 εὑρίσκο-

1977 599 2289 653 assecutus,
2313 590 2368 642 in
2396 590 2582 644 eadem
2621 589 2859 644 habeare
2888 589 3162 661 magister.

2045 779 2115 833 At
2167 779 2254 834 ille
2306 777 2593 833 confestim
2641 777 2775 832 nihil
2831 793 2996 847 super
3058 778 3160 832 hoc
3208 777 3554 843 immoratus,

1974 873 2239 942 gaudens,
2278 871 2574 942 gaudentes
2609 869 2747 931 illos,
2782 879 3038 937 tanquam
3074 879 3330 940 magnum
3380 871 3553 939 quod.

1975 965 2100 1018 dam
2167 972 2222 1017 et
2253 963 2496 1016 divinum
2527 963 2727 1016 donum
2789 961 2920 1014 mihi
2953 961 3148 1014 obtulit
3191 999 3205 1025 ,
3244 970 3406 1030 atque
3457 961 3558 1016 hoc

1976 1057 2152 1125 ipsum
2202 1055 2593 1109 monasterium
2665 1052 2986 1105 incolentes.
3044 1051 3156 1121 Ego
3216 1067 3347 1106 vero
3394 1053 3558 1106 etiam

1975 1163 2123 1218 erga
2159 1147 2280 1201 i‘los
2314 1147 2499 1201 eadem
2528 1155 2684 1198 utens
2701 1143 3068 1210 simulatione,
3110 1143 3298 1198 Patres
3343 1152 3397 1198 et
3453 1144 3560 1196 sal-

1977 1249 2196 1294 vatores
2226 1239 2527 1292 animarum
2561 1245 2892 1300 nostrarum,
2917 1244 2972 1290 et
2990 1236 3434 1304 umgistrosquos
3465 1234 3562 1288 im-

1977 1333 2120 1400 pios,
2150 1340 2204 1385 et
2235 1331 2560 1400 deceptorcs
2603 1327 2986 1398 agnoscebant,
3041 1327 3338 1391 vocabam;
3397 1325 3560 1378 aliter

1975 1425 2118 1476 enim
2151 1421 2422 1491 quomodo
2475 1419 2768 1489 impietatis
2823 1433 3010 1473 eorum
3069 1416 3321 1488 mysteria
3368 1431 3567 1485 cegno-

1977 1531 2128 1570 scere
2167 1529 2402 1584 possem,
2431 1527 2536 1567 non
2569 1511 2858 1566 habebam.
2892 1508 3222 1578 Per'aliquot
3243 1517 3423 1563 autem
3452 1509 3520 1563 (Ιίι
3542 1527 3580 1564 s

1977 1607 2028 1661 in
2069 1607 2261 1660 cellula
2295 1622 2410 1659 mea
2448 1620 2569 1660 cum
2596 1605 2700 1657 illis
2732 1604 2988 1657 disserui.
3026 1603 3224 1655 Eorum
3252 1616 3382 1656 vero
3446 1601 3561 1672 pri-

1979 1713 2120 1761 mus,
2150 1695 2449 1762 Evangelii,
2483 1705 2539 1750 et
2590 1693 2833 1764 Apostoli
2880 1693 3046 1747 verba
3106 1694 3312 1756 omnia,
3346 1708 3565 1748 necnon

1981 1789 2266 1858 Theologi,
2292 1796 2347 1840 et
2372 1783 2740 1856 Chrysostomi
2768 1783 3068 1838 sententias
3093 1783 3158 1836 ad
3193 1782 3560 1836 sedueendum

1982 1890 2198 1949 paratas
2242 1878 2475 1932 habebat
2520 1876 2574 1929 in
2631 1889 2749 1936 ore,
2812 1881 2868 1928 et
2915 1889 2978 1928 ex
3030 1872 3182 1928 libris
3233 1874 3421 1936 etiam,
3471 1875 3564 1942 qui

1985 1972 2280 2042 Πατερικοὶ
2312 1969 2568 2024 dicuntur
2589 1981 2870 2021 sermones
2897 1975 3210 2019 sanctorum
3235 1981 3449 2029 senum,
3509 1977 3568 2019 et

1977 2063 2244 2125 Psalterii,
2267 2061 2617 2129 omniumque
2635 2061 3036 2129 Scripturarum
3065 2065 3241 2112 textus
3264 2057 3565 2124 recitabat,

1977 2154 2178 2224 quibus
2232 2153 2393 2222 plane
2422 2153 2624 2206 divinis
2674 2151 2986 2220 Scripturis,
3016 2159 3300 2221 postquam
3335 2150 3585 2220 aliquem

1977 2245 2051 2300 ita
2091 2246 2446 2314 deceperint,
2507 2254 2565 2298 ut
2626 2245 2696 2298 ah
2759 2245 3060 2298 orthodoxa
3123 2244 3564 2299 Christianorum

1980 2338 2254 2392 desciscat
2287 2335 2410 2400 fide,
2467 2337 2671 2390 nullam
2707 2337 2890 2402 ﬁdem,
2927 2336 3243 2406 nullumque
3306 2337 3567 2391 honorem

1983 2425 2294 2484 h‘abendum
2327 2443 2454 2483 esse
2491 2429 2703 2483 docent.
2769 2427 3029 2482 Sanctum
3099 2429 3246 2482 enim
3304 2427 3567 2482 Joannem

1978 2521 2455 2592 Chrysostomum,
2519 2519 2894 2590 φυρσόστομον
2973 2533 3070 2572 seu
3129 2519 3461 2588 inquinatum
3513 2535 3568 2571 os

1978 2615 2272 2670 habentem
2315 2614 2562 2668 irrisorie
2611 2623 2806 2667 vocant
2835 2611 3229 2676 scelestissimi,
3264 2621 3426 2680 atque
3487 2611 3566 2664 it.t

1979 2722 2101 2761 cum
2127 2706 2342 2762 etcteris
2377 2707 2584 2760 sanctis
2619 2714 2804 2773 agunt.
2825 2703 2963 2768 Quid
2996 2718 3123 2757 vero
3158 2702 3399 2756 mirum?
3427 2701 3572 2767 Qut,-

1981 2799 2141 2853 modo
2173 2799 2318 2852 enim
2358 2797 2450 2867 qui
2484 2797 2786 2862 Christum,
2823 2805 2876 2850 et
2905 2794 3074 2849 Deum
3096 2804 3345 2850 nostrum
3413 2793 3565 2848 ﬂocci

1979 2891 2212 2952 faciunt,
2246 2899 2411 2958 atque
2461 2897 2842 2946 contcnmunt.
2883 2887 3096 2941 divinas
3153 2886 3484 2956 Scripturas,
3517 2894 3570 2939 et

1981 2991 2197 3037 sanctos
2262 2997 2369 3034 non
2402 2980 2792 3036 contemnent?
2823 2979 2936 3034 Nec
2970 2977 3260 3044 miremini,
3324 2978 3369 3032 si
3428 2978 3569 3033 divi-

1981 3089 2080 3126 nas
2105 3071 2416 3140 Scripturas
2441 3070 2593 3139 impii
2620 3069 2694 3122 illi
2751 3069 2804 3122 in
2841 3085 2935 3123 ore
2980 3075 3170 3137 gerant
3203 3087 3215 3120 :
3276 3067 3380 3120 hoc
3419 3065 3574 3121 enim

315 3167 402 3215 μεν
449 3153 525 3204 ὅτι
592 3155 688 3205 καὶ
742 3153 834 3206 τὸν
880 3156 1088 3222 Κύριον
1136 3158 1293 3226 ἡμῶν
1341 3159 1548 3229 Ἰησοῦν
1587 3161 1872 3231 Χριστὸνό

1981 3179 2044 3216 ex
2069 3162 2332 3216 diabelica
2388 3161 2772 3230 cooperationc
2805 3159 2885 3223 ﬁt,
2937 3166 2998 3212 ut
3044 3166 3100 3212 et
3159 3157 3260 3226 ipsi
3311 3157 3570 3226 deinceps

310 3243 531 3309 Σατανᾶς
591 3248 873 3315 πειράζων
907 3250 964 3299 ἐν
1011 3252 1075 3319 τῇ
1124 3251 1340 3318 ἐρήμῳ,
1390 3253 1676 3320 γραφικῶς
1710 3253 1873 3306 διελέ-

312 3351 422 3402 γετο
451 3357 462 3367 ·
508 3338 615 3392 καί
667 3356 780 3390 τισι
814 3339 922 3390 τῶν
971 3341 1145 3406 ἁγίων
1185 3343 1440 3410 Πατρῶν,
1485 3346 1563 3406 είς
1600 3345 1660 3396 τὸ
1691 3361 1879 3414 γερον-

315 3431 446 3482 τικὸν
472 3450 540 3503 γρ
553 3432 683 3499 iper.
709 3432 816 3483 ἀπὸ
845 3432 938 3484 τοῦ
971 3433 1265 3503 Ψαλτῆρος
1301 3435 1489 3504 σχῆμα
1518 3437 1612 3488 τοῦ
1639 3439 1876 3507 μοναχοῢ

315 3519 750 3589 ὑποκρινόμενος,
791 3522 1062 3592 διελέχθη.
1122 3524 1228 3574 Καὶ
1258 3527 1485 3594 τοιαύτη
1514 3525 1662 3578 ἐστὶν
1706 3528 1739 3596 ἡ
1777 3545 1876 3580 παι

313 3615 517 3682 νοοργία
581 3614 676 3666 τοῦ
733 3615 1009 3679 διαϐόλου,
1047 3615 1134 3668 ἵνα
1186 3616 1272 3670 διὰ
1322 3617 1595 3689 διαφόρων
1646 3620 1878 3689 Γραφῶν

310 3701 519 3778 δελεάσῃ
576 3706 728 3767 τινὰς
781 3705 891 3757 τῶν
939 3704 1032 3757 τοῦ
1084 3706 1221 3759 Θεοῦ
1265 3706 1502 3759 δούλωνο
1545 3709 1721 3772 ἄλλως
1767 3711 1876 3777 γάρ

310 3794 682 3866 ἁποπλανῆσαί
724 3813 899 3862 τινας,
945 3797 994 3850 εί
1047 3797 1122 3867 μὴ
1156 3795 1327 3850 ταῦτα
1369 3798 1757 3868 προϐάλλεται,
1812 3802 1876 3854 οὐ

308 3881 541 3938 δύναται.

373 4169 610 4230 Τούτους
636 4167 791 4236 γοῦν,
844 4165 941 4230 οὓς
983 4161 1164 4235 εὖρον,
1220 4169 1498 4239 τέσσαρας
1549 4169 1764 4234 ἀσεϐεῖς
1793 4170 1874 4224 διι-

305 4262 601 4326 ὃασκάλους
634 4267 690 4316 ἐν
719 4267 784 4332 τῇ
829 4264 1250 4336 προδηλωθείσῃ
1275 4268 1410 4336 μονῇ
1441 4267 1542 4332 τῆς
1603 4265 1872 4334 Περιϐλέ-

309 4373 428 4409 πτου
492 4359 848 4428 φανερώσας,
893 4360 990 4409 καὶ
1045 4361 1418 4428 χωρισθέντας
1449 4359 1546 4411 ἀπ’
1599 4361 1871 4429 ἀλλήλων,

309 4449 404 4519 ἰδία
448 4453 689 4503 ἕκαστον
747 4451 930 4502 αὐτῶν
979 4449 1230 4518 φανερῶς
1260 4452 1393 4520 ἡμῖν
1421 4451 1661 4513 ἐξειπεῖν
1700 4467 1871 4520 κατηο

306 4542 567 4606 νάγκασα.
621 4538 679 4592 Ὀ
714 4541 932 4609 πρῶτος
981 4536 1075 4591 οὖν
1138 4541 1318 4592 αὐτῶν
1351 4541 1653 4611 ἐρωτηθεὶς
1705 4541 1870 4592 πόθεν

304 4632 462 4702 τούτῳ
499 4637 532 4702 ἠ
564 4633 676 4684 τῶν
715 4632 955 4702 Γραφῶν
989 4631 1248 4701 μάθησις,
1285 4631 1380 4684 καὶ
1410 4633 1526 4694 πῶς
1550 4633 1632 4693 είς
1677 4631 1868 4684 διδασ-

308 4724 483 4775 καλίαν
518 4723 894 4792 προϐάλλεται
945 4722 978 4776 ἃ
1030 4721 1258 4793 ὕστερον
1297 4724 1371 4792 μὴ
1421 4723 1704 4775 πιστεύειν
1738 4739 1870 4792 προ-

303 4817 554 4883 τρέπεται
580 4817 705 4878 τοὺς
746 4816 997 4885 μαθητὰς
1028 4816 1219 4882 αὑτοῦ,
1259 4818 1363 4888 ἔφη
1383 4832 1396 4846 ·
1425 4818 1508 4870 ὅτι
1533 4818 1715 4880 ἄλλως
1747 4818 1870 4882 ἐξα-

305 4909 534 4976 πατῆσαι
573 4909 904 4976 Χριστιανὸν
935 4910 997 4960 ού
1019 4909 1320 4978 δυνάμεθα,
1348 4911 1397 4962 εί
1431 4911 1505 4980 μὴ
1537 4911 1598 4963 τὸ
1645 4928 1870 4981 μοναχι-

301 4999 386 5049 κον
416 5002 602 5070 σχῆμα
641 5000 1060 5071 ὑποκριθῶμεν.
1091 5006 1186 5055 καὶ
1227 5003 1598 5072 Χριστιανοὺς
1635 5004 1868 5065 ἑαυτοὺς

301 5088 652 5159 ὀνομάσομεν,
679 5095 858 5144 καὶτὰ
879 5092 990 5143 τῶν
1014 5094 1353 5160 Χριστιανῶν
1381 5093 1562 5145 πάντα
1587 5092 1868 5156 ποιοῦντες

299 5183 622 5250 φαινόμεθα,
653 5183 844 5236 καὶτὰ
898 5182 1001 5250 τῆς
1036 5181 1188 5243 θείας
1221 5182 1446 5252 Γραφῆς
1499 5185 1580 5245 είς
1615 5183 1870 5235 διδασκα-

299 5269 406 5322 λίαν
433 5273 754 5343 προθῶμεν.
804 5274 934 5326 ’Ότι
979 5273 1036 5324 δὲ
1071 5275 1166 5326 ἐπὶ
1205 5274 1474 5343 στόματος
1509 5275 1609 5337 τὰς
1643 5273 1866 5345 Γραφὰς

298 5364 468 5432 φέρειν
489 5367 802 5436 δυνάμεθα,
827 5365 947 5417 ἐστι
981 5365 1258 5434 συνεργῶν
1286 5367 1420 5434 ἡμῖν
1451 5367 1480 5418 6
1515 5365 1865 5418 ἀποστέλλων

297 5458 368 5519 εἰς
397 5461 456 5513 τὰ
485 5460 658 5513 αὑτοῦ
691 5458 1056 5529 κηρύγματα.
1083 5458 1318 5527 Χριστὸν
1343 5458 1398 5510 δὲ
1425 5459 1472 5509 oi
1504 5459 1724 5519 ἀσεϐεῖς
1754 5458 1866 5509 ὀνο-

299 5550 515 5615 μάζουσι
538 5553 628 5604 τὸν
654 5551 904 5621 ἄρχοντα
924 5549 1019 5600 τοῦ
1043 5549 1272 5618 κόσμου,
1299 5550 1355 5611 ὅς
1377 5550 1524 5601 ἐστιν
1547 5550 1576 5600 6
1598 5550 1863 5615 Σατανᾶς,

297 5642 382 5692 καὶ
407 5645 494 5714 τὴν
525 5645 636 5697 τῶν
665 5647 844 5712 ἁγίων
881 5641 939 5692 δὲ
971 5640 1316 5708 Εὑαγγελίων
1346 5641 1600 5710 δύναμιν,
1636 5642 1731 5695 καὶ
1763 5643 1863 5694 ὅσα

299 5733 394 5782 τῶν
427 5736 768 5790 Ἐπιστολῶν
795 5736 878 5794 είς
905 5732 1068 5783 αὑτὸν
1107 5733 1499 5802 ἐπιγράφουσι,
1541 5732 1725 5794 καθὼς
1768 5734 1862 5786 καί

299 5823 430 5877 α-ιςθι
452 5829 668 5898 ὡμολόγ
695 5843 852 5899 ,σαν.
881 5824 973 5876 καὶ
998 5825 1025 5875 ὁ
1051 5823 1452 5892 ἀποπλανηθεὶς
1481 5823 1730 5894 μαθητής
1759 5841 1860 5893 μου

1982 3254 2110 3309 fassi
2142 3262 2287 3307 sunt.
2335 3254 2550 3307 Etenim
2582 3253 2634 3305 in
2684 3253 2866 3305 divina
2927 3249 3204 3318 Scriptura
3237 3263 3346 3302 non
3401 3245 3568 3302 semel

1981 3345 2272 3409 invenitur,
2307 3345 2451 3413 quod
2497 3343 2728 3398 Satanas
2757 3343 2810 3396 in
2866 3358 3050 3395 eremo
3111 3349 3328 3396 tentans
3380 3340 3568 3396 Domi-

1981 3454 2113 3492 num
2145 3449 2391 3493 nostrum
2449 3440 2633 3494 Jesum
2671 3436 2946 3490 Christum
3013 3433 3413 3502 scripturaliter
3443 3449 3565 3487 cum

1980 3544 2046 3583 eo
2078 3529 2420 3597 loquebatur,
2457 3537 2512 3581 ct
2534 3527 2588 3580 in
2618 3527 2898 3580 seniorum
2933 3525 3058 3579 vitis
3089 3524 3377 3588 scribitur,
3404 3540 3564 3577 cum-

1980 3621 2101 3674 dem
2121 3621 2372 3674 monachi
2395 3620 2639 3673 habitum
2667 3635 2787 3672 cum
2818 3618 3075 3672 Psalterio
3097 3616 3412 3670 simulatum
3441 3631 3568 3670 cum

1979 3713 2301 3782 quihusdam
2339 3728 2405 3765 ex
2450 3710 2674 3764 sanctis.
2702 3709 2952 3763 Patribus
3009 3705 3356 3762 disseruisse.
3390 3707 3568 3772 Atque

1983 3809 2100 3857 haec
2142 3813 2225 3857 est
2259 3805 2418 3869 plane
2465 3803 2662 3856 diaboli
2699 3801 2985 3863 calliditas,
3047 3812 3108 3854 ut
3163 3814 3260 3869 per
3320 3799 3566 3854 diversas

1985 3895 2318 3962 Scripturas,
2355 3903 2611 3960 tanquam
2635 3907 2809 3954 escas,
2849 3889 3114 3958 quosdam
3158 3907 3222 3945 ex
3263 3889 3356 3946 Dei
3391 3894 3566 3948 servis

1983 3989 2230 4048 seducat,
2263 3985 2538 4039 neminem
2582 3985 2751 4049 enim,
2794 3983 2899 4036 nisi
2936 3983 3050 4038 haec
3079 3984 3332 4054 praeferat
3359 4023 3378 4048 ,
3423 3985 3566 4040 valet

1979 4079 2256 4147 decipere.

2043 4171 2178 4222 Cum
2214 4171 2395 4236 itaque
2428 4168 2526 4221 hos
2549 4175 2780 4235 quatuor
2815 4165 3010 4235 impios
3045 4165 3357 4236 magistros,
3429 4181 3568 4235 quos

1976 4262 2029 4315 in
2079 4259 2306 4330 pra-fato
2358 4260 2690 4312 monasterio
2726 4258 3043 4327 Pcrihlepltc
3077 4257 3354 4318 adim'cni,
3412 4259 3565 4311 dcte-

1975 4356 2200 4424 gissem,
2237 4364 2289 4406 et
2316 4353 2546 4406 alterum
2589 4351 2658 4405 ab
2691 4353 2863 4406 altero
2893 4350 3280 4421 sejunxissem,
3313 4365 3378 4404 ea
3439 4365 3562 4419 qua:

1975 4459 2163 4498 eorum
2216 4445 2446 4512 quisque
2491 4439 2782 4503 sentiebat,
2845 4440 3099 4504 seorsim,
3155 4455 3219 4494 ac
3276 4439 3564 4495 manifeste

1908 4528 1950 4582 Ι)
1982 4536 2114 4590 mihi
2142 4535 2433 4589 enuntiare
2467 4533 2643 4605 coegi.
2688 4533 2900 4587 l’rimus
2953 4531 3134 4601 itaque
3175 4531 3392 4586 illorum
3426 4548 3456 4587 a
3479 4548 3567 4588 me

1975 4629 2361 4698 interrogatus,
2406 4627 2550 4681 unde
2604 4636 2805 4680 tantam
2870 4626 3096 4682 haberet
3159 4625 3562 4696 Seripturarum

1977 4720 2367 4782 scientiam,et
2392 4719 2667 4788 quomodo
2725 4717 2986 4772 discenda
3021 4727 3378 4788 proponeret,
3441 4733 3564 4786 qua:

1974 4825 2161 4878 postea
2192 4815 2309 4882 ejus
2356 4811 2680 4881 discipulos,
2714 4825 2784 4864 ne
2812 4811 3120 4875 crederent,
3149 4811 3560 4875 cohortabatur,

1970 4904 2194 4975 inquit:
2275 4905 2411 4969 Quia
2492 4902 2654 4957 aliter
2711 4901 3079 4957 Christianum
3135 4903 3398 4958 seducere
3449 4919 3557 4956 non

1973 5013 2282 5066 possumus,
2319 4997 2421 5050 nisi
2487 4995 2848 5050 monasticmu
2911 4996 3154 5049 habitum
3209 4997 3556 5057 simulemus,

1967 5100 2025 5144 et
2045 5091 2391 5145 Christianos
2444 5089 2813 5155 nosmetipsos
2863 5087 3229 5149 nominemus,
3257 5096 3313 5140 et
3379 5087 3558 5139 omnia

1970 5199 2089 5252 quae
2113 5182 2692 5238 Christianoaumsunt
2719 5182 2898 5237 facere
2925 5182 3222 5240 videamur,
3241 5193 3413 5247 caque
3437 5197 3556 5247 qua:

1969 5273 2166 5327 divina:
2196 5272 2492 5340 Scriptura
2509 5273 2791 5327 continent
2825 5271 3113 5326 edi-scenda
3153 5284 3542 5338 proponamus.

1968 5365 2120 5431 Quod
2157 5374 2338 5420 autem
2363 5365 2418 5418 in
2443 5379 2538 5420 ore
2579 5365 2893 5433 Scripturas
2925 5363 3070 5415 ferre
3117 5360 3410 5429 possimus,
3449 5378 3548 5416 no-

1966 5458 2050 5512 bis
2081 5457 2390 5520 auxiliatur,
2449 5457 2544 5527 qui
2595 5457 2652 5510 in
2675 5456 2758 5510 sui
2811 5453 3140 5523 praeconium
3198 5469 3298 5508 nos
3361 5455 3549 5508 mittit.

1965 5550 2246 5606 Christum
2275 5565 2407 5603 vero
2431 5549 2581 5616 impii
2609 5547 2688 5602 illi
2723 5548 3009 5600 nominant
3039 5546 3344 5616 principem
3389 5563 3553 5602 mun-

1965 5645 2044 5706 di,
2081 5643 2171 5710 qui
2209 5650 2293 5697 est
2337 5643 2587 5700 Satanas,
2642 5649 2700 5694 et
2751 5651 3064 5694 sanctorum
3129 5639 3545 5709 Evangeliorum

1967 5733 2292 5806 potentiam,
2328 5743 2382 5788 et
2414 5741 2684 5802 quotquot
2741 5733 2796 5787 in
2856 5732 3114 5802 Epistolis
3167 5733 3423 5801 leguntur
3487 5729 3545 5780 iu

1969 5830 2124 5885 illum
2159 5827 2424 5897 referunt,
2454 5828 2912 5897 quemadmodum
2963 5838 3016 5881 et
3062 5825 3164 5894 ipsi
3214 5822 3338 5876 t'assi
3401 5829 3550 5880 sunt,
