4068 6264
457 364 528 428 55
1675 371 2062 431 EUTHYMII
2104 371 2466 432 ZlGABENI
3642 376 3720 440 56

455 490 515 535 et
547 480 808 556 deceptus
845 479 1148 554 discipulus
1199 485 1330 540 mihi
1386 483 1731 554 enuntiavit;
1777 494 1833 540 et
1887 501 2042 542 veros

2151 488 2335 552 ἐξεῖπὲ
2375 503 2464 554 μοι
2492 502 2505 515 ·

458 573 803 628 Christianos
836 575 1046 646 seipsos
1075 585 1295 632 vocant.

527 665 639 736 Ego
673 681 797 719 vero
827 681 936 721 non
968 668 1164 731 audeo,
1221 668 1440 733 fratres,
1497 669 1882 740 hujuscemodi
1943 667 2040 722 im-

453 758 668 826 piorum
691 758 1082 830 blasphemias,
1125 777 1259 828 quas
1295 772 1486 816 contra
1541 763 1834 831 pretiosam
1865 771 1920 816 et
1965 763 2046 817 vi-

458 850 670 904 vificam
709 866 952 914 crucem,
986 863 1334 923 sanctasque,
1373 863 1428 908 et
1451 855 1792 909 venerabiles
1855 853 2044 925 imagi-

459 956 577 1006 nes,
612 950 667 996 et
697 953 886 996 contra
931 944 1106 1012 ipsum
1144 945 1420 1000 Christum
1482 946 1762 1015 Deumque
1793 955 2040 1000 nostrum

453 1032 681 1086 sceleste
715 1034 1019 1102 proferunt,
1057 1037 1252 1090 litteris
1280 1039 1516 1104 tradere,
1555 1054 1693 1108 quas
1741 1054 1922 1108 neque
1957 1019 2042 1092 in;

455 1124 642 1180 ﬁdeles
669 1125 880 1180 Hebraei
912 1128 1344 1194 audentdicere,
1403 1139 1458 1184 et
1515 1144 1696 1186 tamen
1760 1133 1934 1186 dolosi
1985 1133 2040 1186 in

453 1218 636 1271 medie
669 1229 918 1274 nostrum
963 1222 1328 1286 ambulantes,
1364 1230 1420 1276 ct
1464 1233 1858 1278 conversantes
1916 1239 2039 1278 cum

451 1310 966 1380 liypocrisi,omnia
998 1313 1286 1368 nobiseum
1341 1315 1550 1369 sentire
1603 1317 1880 1371 videntur.
1934 1316 2035 1371 Ec-

453 1402 653 1457 ι-ισείιιε
685 1403 960 1458 ιιιιιίίίοιιιιι
989 1405 1168 1474 impii,
1195 1406 1339 1460 sicut
1379 1407 1482 1477 ipsi
1541 1409 1659 1464 haec
1682 1409 1866 1464 omnia
1902 1425 2036 1464 con-

451 1491 584 1544 l‘cssi
610 1503 759 1556 sunt,
803 1509 912 1546 non
935 1509 1001 1548 es
1035 1495 1159 1559 fide,
1194 1497 1285 1550 sed
1325 1507 1382 1551 ut
1411 1513 1504 1552 eas
1541 1499 1794 1565 illndant,
1820 1509 1876 1553 et
1907 1517 2040 1554 cen-

453 1583 742 1648 tamincnt,
785 1601 910 1639 cum
941 1585 994 1639 in
1036 1588 1151 1656 ipso
1187 1588 1342 1642 altari
1385 1589 1652 1646 obscenos
1699 1601 1875 1655 actus,
1922 1603 2041 1648 tur-

449 1689 660 1744 pesque
689 1677 874 1733 coitus
911 1679 1092 1734 facere
1122 1695 1231 1734 non
1256 1682 1608 1736 abhorreant.
1643 1679 1881 1754 Pingunt
1911 1685 2038 1738 item

453 1763 741 1835 imagines,
777 1781 890 1820 non
915 1783 980 1820 ex
1011 1769 1136 1832 lide,
1163 1771 1260 1824 sed
1317 1780 1378 1826 ut
1415 1788 1505 1826 eas
1553 1773 1752 1841 injuria
1807 1775 2040 1830 alliciant

452 1863 509 1906 ct
538 1853 850 1922 inquinent.
909 1856 1144 1912 Faciunt
1193 1875 1406 1928 cruces,
1438 1871 1496 1916 ut
1533 1877 1627 1916 eas
1684 1865 2038 1928 conculcent,

453 1953 510 1998 et
536 1944 768 2000 foedenl.
804 1949 1178 2004 Exsecrabilcs
1203 1968 1392 2006 eorum
1427 1953 1664 2010 infantes
1689 1956 1742 2010 in
1787 1958 2040 2012 ecclesiis

449 2036 748 2090 manifeste
781 2038 1108 2107 baptizant:
1154 2041 1376 2096 domum
1401 2055 1583 2098 autem
1653 2049 1855 2100 reversi
1901 2063 2038 2116 aqua

447 2139 834 2199 conspui-cata,
867 2139 924 2184 et
951 2133 1128 2188 urinis
1157 2149 1251 2188 eos
1285 2135 1489 2202 lavant,
1526 2145 1584 2192 et
1609 2139 1834 2208 spongia
1859 2140 2040 2194 deter-

449 2233 605 2294 gunt,
677 2225 1007 2280 diabolicum
1057 2241 1222 2296 super
1283 2211 1671 2282 illos-carmen
1725 2229 2035 2295 recitantes,

449 2329 656 2384 easque
687 2331 753 2370 ex
795 2317 1080 2372 ablutione
1110 2319 1302 2374 sordes
1349 2320 1406 2374 in
1463 2329 1677 2390 turpem
1729 2322 2040 2392 fmdumque

450 2407 634 2461 lucum
687 2409 1008 2476 ellundnnt,
1039 2427 1069 2466 a
1111 2412 1288 2466 sancti
1342 2413 1685 2482 baptismatis
1741 2415 1914 2484 gratia
1969 2416 2040 2468 ita

449 2515 546 2554 eos
573 2501 812 2555 alienare
847 2504 1172 2574 cegitantes.
1209 2503 1294 2558 Ad
1333 2503 1682 2558 immaculata
1744 2515 1798 2558 et
1830 2506 2040 2560 vivilica

449 2595 716 2662 mysteria
757 2596 1024 2650 sumenda
1071 2611 1180 2648 non
1210 2595 1383 2665 jejuni
1415 2599 1684 2652 accedunt
1718 2618 1730 2651 :
1763 2613 1825 2652 ac
1854 2599 1896 2653 si
1947 2614 2041 2653 eos

448 2685 624 2741 latere
655 2687 954 2756 contingat,
1009 2704 1134 2743 vere
1199 2689 1414 2744 scelesti
1449 2699 1636 2744 sancta
1667 2701 1961 2760 exspuunt,
1987 2701 2042 2746 et

449 2781 795 2844 conculcanl,
829 2795 890 2834 ea
923 2796 1119 2850 panem
1159 2783 1453 2852 vinumque
1511 2799 1856 2838 communem
1921 2784 2037 2838 cxi-

449 2870 758 2926 stimantes.

520 2985 632 3040 Nec
669 2984 871 3040 ﬁndant
905 2984 1046 3040 hanc
1076 2986 1412 3057 impietatem
1460 2987 1876 3042 exsecrabilium
1923 3001 2038 3040 ma-

451 3079 742 3149 sistrorum
775 3078 1030 3148 discipuli
1060 3080 1245 3132 statim
1306 3095 1370 3134 ac
1407 3079 1558 3134 brevi
1615 3089 1823 3149 queunt
1883 3079 2040 3132 addio

449 3191 624 3230 scere.
658 3170 950 3229 Tironibus
971 3169 1120 3228 enim
1141 3169 1425 3240 discipulis
1451 3172 1724 3226 intensum
1747 3170 2039 3239 jejunium,

452 3284 688 3322 necnon
719 3277 777 3321 ut
809 3283 908 3338 per
931 3277 1140 3337 septem
1174 3268 1312 3330 dies,
1349 3271 1405 3320 et
1433 3274 1643 3334 septem
1697 3275 1886 3318 noctes
1919 3279 2040 3331 pre-

452 3376 543 3415 res
583 3360 836 3424 fundant,
865 3370 924 3412 ut
956 3375 1116 3412 unam
1151 3363 1394 3414 tunicam
1457 3365 1692 3428 gestent,
1747 3363 1803 3409 et
1857 3370 1888 3408 a
1943 3371 2039 3410 sua

452 3467 576 3507 sese
609 3465 780 3505 uxore
820 3451 1128 3504 abstineant
1155 3467 1220 3504 ex
1254 3450 1370 3518 lege
1405 3449 1794 3517 praescribunt.
1836 3449 1910 3497 Ita
1947 3445 2041 3501 Dei

452 3543 634 3614 legem
688 3543 1078 3596 subvertentes
1137 3541 1308 3610 impii,
1371 3554 1496 3593 cum
1553 3554 1648 3592 eos
1723 3538 1777 3591 in
1841 3538 2038 3590 horum

454 3644 852 3706 praeceptorum
891 3635 1241 3691 observantia
1281 3633 1372 3686 diu
1431 3641 1851 3700 perseverantes
1885 3631 2040 3684 vide-

454 3729 585 3791 rint,
617 3737 748 3781 tnnc
779 3733 834 3779 et
856 3726 1120 3794 baptisma
1144 3725 1225 3778 eis
1255 3721 1607 3792 pollicentur,
1635 3721 1810 3774 sancti
1844 3735 2043 3788 nempe

453 3817 800 3888 baptismatis
821 3817 1246 3877 abstersionem,
1275 3823 1331 3868 et
1361 3811 1776 3873 alienationem,
1828 3819 1885 3862 et
1926 3810 2042 3862 dia-

454 3911 618 3965 bolici
687 3911 950 3964 carminis
1019 3910 1420 3971 recitationem,
1477 3919 1598 3974 qua:
1651 3903 1836 3956 omnia
1892 3901 2043 3972 impii

453 4003 788 4072 baptismum
811 3995 1030 4056 vocant.
1055 3999 1256 4056 Verum
1283 4015 1354 4052 ne
1383 4007 1514 4051 tunc
1547 3995 1770 4066 quidem
1803 3994 2044 4058 scelesti,

453 4095 757 4164 impietatis
790 4109 982 4149 eorum
1012 4093 1268 4163 mysteria
1298 4089 1529 4159 prodere
1585 4075 1894 4150 conﬁdunt,
1948 4086 2044 4140 sed

453 4185 526 4239 ab
553 4186 622 4240 iis
652 4189 1140 4254 certajuramenta
1173 4183 1465 4250 diligenter
1491 4179 1799 4246 requirunt,
1831 4192 1902 4231 ne
1929 4179 2048 4231 vul-

453 4294 523 4348 go
561 4293 624 4332 ea
658 4293 776 4347 quae
809 4277 878 4330 ab
920 4277 1058 4345 ipsis
1085 4274 1421 4335 didicerunt,
1453 4269 1808 4324 manifestent
1847 4286 1860 4322 :
1918 4278 2047 4324 tunc

453 4381 586 4422 vero
622 4369 856 4421 multum
885 4377 1044 4420 caute
1112 4380 1282 4418 unum
1333 4363 1682 4416 autalternm
1735 4362 1844 4417 illis
1891 4377 2047 4418 reve-

454 4462 590 4515 lant.
631 4461 770 4514 Cum
835 4473 930 4514 eos
1002 4457 1234 4512 viderint
1315 4455 1446 4509 illud
1511 4455 1668 4510 facile
1717 4455 2047 4524 suscepisse,

2547 493 2638 536 καὶ
2672 486 2958 556 ἀληθινοὺς
2992 487 3362 555 Χριστιανοὺς
3393 489 3550 544 αὐτοὶ
3597 493 3726 544 ἑαυ-

2150 577 2278 637 τοὺς
2306 576 2684 646 ὀνομάζουσιν.

2221 667 2294 719 Οὔ
2323 665 2506 735 τολμῶ
2539 665 2616 727 δὲ,
2657 664 2902 734 ἀῖελφοὶ,
2940 665 3039 729 τὰς
3072 668 3178 720 τῶν
3205 669 3468 722 τοιούτων
3509 671 3724 726 ἀσεϐῶν

2151 759 2522 830 βλασφημίας,
2567 757 2631 820 ἀς
2679 760 2820 811 κατὰ
2874 758 2968 812 τοῦ
3039 761 3224 829 τιμίου
3303 765 3397 815 καὶ
3456 763 3724 827 ζωοποιοῦ

2152 852 2411 922 σταυροῦ,
2447 850 2538 902 καὶ
2567 849 2675 902 τῶν
2708 851 2904 918 ἁγίων,
2941 853 3036 904 καὶ
3073 853 3289 906 σεπτῶν
3343 856 3593 918 είκόνων,
3629 858 3726 910 καὶ

2151 951 2270 1002 κατ’
2302 945 2467 999 αὑτοῦ
2500 943 2590 997 τοῦ
2623 945 2861 1013 Χριστοῦ
2895 946 2989 999 καὶ
3020 941 3154 998 Θεοῦ
3182 947 3338 1016 ἡμῶν
3368 947 3726 1020 βλασφημοῦ-

2153 1056 2256 1103 σιν,
2285 1041 2581 1108 ἐγγράφως
2609 1041 2887 1106 ἐκῦέσοαι,
2911 1041 2979 1104 ἀς
3001 1041 3123 1094 οὐδὲ
3149 1046 3194 1096 oi
3223 1041 3445 1097 ἄπιστοι
3485 1049 3723 1116 Ἑϐραῖοι

2150 1127 2425 1200 τολμῶσιν
2461 1135 2636 1186 εἰπεῖν
2667 1151 2680 1164 ·
2715 1134 2867 1203 ὅμως
2897 1137 2945 1186 οἱ
2982 1135 3144 1187 δόλιοι
3178 1137 3345 1204 μέσον
3409 1133 3566 1208 ἡμῶν
3619 1159 3722 1194 πε-

2153 1223 2529 1294 ριπατοῦντες,
2566 1227 2658 1280 καὶ
2700 1228 3277 1296 συναναστρεφόμενοι
3315 1233 3383 1294 ,ἐν
3427 1233 3721 1301 ὑποκρίσει

2151 1313 2432 1382 φαίνονται
2475 1316 2542 1368 τά
2567 1318 2825 1386 ἡμέτερα
2859 1317 3033 1370 πάντα
3062 1319 3404 1387 φρονοῦντες.
3435 1323 3727 1384 κτίζουσιν

2150 1407 2449 1478 ἐκκλησίας
2499 1409 2547 1460 οἱ
2587 1407 2826 1472 ἀσεϐεῖς,
2873 1408 3060 1473 καθὼς
3107 1412 3261 1464 αὐτοὶ
3315 1412 3489 1465 ταῦτα
3547 1417 3725 1471 πάντα

2148 1497 2534 1568 ὡμολόγησαν,
2577 1501 2637 1552 ού
2673 1499 2878 1562 πίστει,
2907 1500 3025 1552 ἀλλ’
3065 1503 3144 1563 είς
3178 1501 3238 1554 τὸ
3273 1505 3590 1570 ἐμπαίζειν,
3623 1509 3721 1558 καὶ

2151 1590 2389 1658 μιαίνειν
2421 1591 2616 1654 αὑτὰς,
2649 1593 2707 1643 ἐν
2747 1590 2902 1661 αὐτῷ
2940 1591 3016 1660 τῷ
3044 1591 3422 1664 θυσιαστηρίῳ
3465 1597 3564 1658 τάς
3603 1617 3727 1666 μιαο

2152 1679 2252 1748 ράς
2286 1679 2540 1749 πράξεις,
2571 1681 2664 1732 καὶ
2705 1681 2887 1752 μίξεις
2919 1683 3153 1750 αἰσχρὰς
3191 1687 3365 1736 ποιεῖν
3415 1687 3487 1757 μὴ
3521 1703 3724 1757 παραι-

2148 1772 2429 1840 τούμενοι.
2473 1772 2870 1842 Ζωγραφοῦσιν
2927 1775 3188 1838 εἰκόνας,
3247 1777 3305 1827 οὐ
3348 1777 3552 1844 πίστει,
3605 1777 3723 1832 ἀλλ’

2077 1855 2116 1908 Β
2147 1865 2224 1926 εἰς
2257 1862 2316 1914 τὸ
2370 1863 2642 1933 ὑϐρίζειν,
2671 1865 2764 1916 καὶ
2803 1864 3038 1932 μιαίνειν
3069 1865 3257 1926 αὐτάς.
3301 1868 3519 1920 Ποιοῦσι
3561 1886 3723 1920 σταυ-

2149 1955 2278 2025 ροὺς
2305 1959 2384 2017 εἰς
2417 1955 2477 2007 τὸ
2523 1958 2884 2020 καταπατεῖν,
2925 1956 3021 2008 καὶ
3059 1957 3299 2025 μιαίνειν
3353 1959 3552 2022 αὐτούς
3582 1975 3594 1988 ·
3625 1961 3723 2028 βα-

2150 2048 2403 2110 πτίζουσι
2429 2050 2496 2101 τά
2527 2047 2664 2102 ἄθεα
2710 2049 2890 2100 αὐτῶν
2927 2049 3101 2120 νήπια
3158 2052 3216 2102 ἐν
3257 2050 3580 2115 ἐκκλησίαις
3613 2071 3718 2115 φα-

2147 2142 2338 2210 νερῶς,
2377 2139 2520 2192 οἴκοι
2553 2141 2610 2191 δὲ
2648 2140 2986 2204 ἀπελθόντες
3036 2141 3550 2208 ἀποσπογγίζουσιν
3580 2145 3721 2200 αῦτά

2147 2235 2478 2306 ἐξανάτριχα
2501 2235 2643 2305 μετά
2692 2236 3078 2306 μεμιασμένου
3135 2234 3474 2303 ὕδατος,καὶ
3519 2237 3720 2308 οὔρων,

2147 2331 2693 2392 ὑπαναγινώσκοντες
2739 2329 2924 2391 αὐτοῖς
2995 2329 3311 2398 Σατανικὴν
3351 2330 3590 2401 ἐπῳδὴν,
3625 2333 3721 2384 καὶ

2146 2425 2206 2476 τὸ
2235 2423 2478 2476 τοιοῦτον
2501 2422 2794 2490 ἀπόλουμα
2823 2420 3044 2491 χέουσιν
3075 2424 3133 2474 ἐν
3205 2424 3418 2495 αἰσχρῷ
3445 2425 3596 2493 τόπῳ
3627 2425 3722 2478 καὶ

2152 2517 2354 2588 μιαρῷ,
2387 2515 2884 2586 ἀπαλλοτριοῦντες
2914 2515 3055 2568 αύτά
3085 2517 3186 2586 τῆς
3203 2518 3428 2586 χάριτος
3451 2516 3544 2569 τοῦ
3565 2517 3719 2585 ἁγίου

2155 2608 2554 2682 βαπτίσματοςζ
2585 2606 2920 2660 Κοινωνοῦσι
2963 2608 3071 2660 τῶν
3118 2608 3405 2678 ἀχράντων
3467 2609 3562 2662 καὶ
3589 2609 3723 2674 ζωο-

2151 2704 2319 2756 ποιῶν
2345 2700 2681 2772 μυστηρίων,
2713 2701 2772 2752 οὐ
2799 2703 3018 2772 νήστες
3037 2715 3051 2731 ·
3079 2702 3200 2754 εἰδὲ
3229 2703 3319 2755 καὶ
3341 2701 3527 2755 λαϐεῖν
3557 2703 3718 2770 δυνη-

2149 2795 2304 2856 οιῖισι,
2333 2790 2568 2844 πτύουσι
2595 2790 2663 2842 τὰ
2708 2789 2860 2856 ἅγια,
2893 2793 2987 2844 καὶ
3028 2791 3438 2845 καταπατοῦσιν
3481 2792 3531 2844 oi
3560 2809 3718 2862 mp.-

2152 2892 2362 2958 μίαροι,
2405 2885 2586 2936 κοινὸν
2626 2883 2790 2952 ἄρτον
2824 2884 2999 2937 ταῦτα
3021 2886 3115 2937 καὶ
3147 2878 3288 2936 οἶνον
3323 2884 3634 2952 ἡγούμενοι.

2219 2985 2327 3036 Καὶ
2355 2985 2478 3038 οὐδὲ
2513 2985 2666 3038 αὐτοὶ
2710 2985 2757 3034 οἱ
2793 2981 2944 3050 παρὰ
2977 2978 3086 3031 τῶν
3112 2979 3286 3031 ἀθέων
3343 2977 3721 3046 μαογιτευόμε-

2149 3095 2228 3130 νοι
2249 3076 2800 3144 δύνανταιισυντόμως
2825 3074 3029 3140 ταύτην
3049 3072 3144 3142 τὴν
3173 3072 3375 3142 μιαρὰν
3394 3073 3498 3122 ἐπα
3510 3072 3719 3138 ινοὴσαι

2065 3205 2109 3263 Γ
2149 3171 2427 3222 ἀσέϐειαν.
2473 3169 2834 3232 Κανονίζουσι
2867 3169 2973 3237 γάρ
3024 3165 3152 3227 τοὺς
3189 3166 3490 3234 ἀρχαρῗους
3540 3163 3720 3214 αὐτῶν

2091 3245 2111 3274 Δ

2147 3259 2398 3330 μαθητὰς
2433 3260 2837 3327 ἐπιτεταμένην
2867 3256 3148 3327 νηστείαν,
3171 3257 3264 3308 καὶ
3291 3255 3456 3324 εὐχὰς
3485 3253 3720 3316 emam;

2145 3353 2244 3423 τῆς
2273 3352 2512 3423 ἡμέρας,
2547 3351 2643 3404 καὶ
2665 3351 2897 3410 ἑπτάκις
2928 3349 3026 3418 τῆς
3067 3347 3282 3412 νυκτὸς,
3318 3348 3378 3400 τὺ
3423 3347 3716 3417 μονοχίτω-

2147 3461 2245 3508 νας
2277 3440 2438 3508 εἶναι,
2474 3443 2686 3512 ἀποχὴν
2740 3441 2979 3512 παντελῆ
3027 3441 3125 3510 τῆς
3165 3440 3303 3502 ἰδίας
3344 3440 3625 3507 γυναικὸς,
3661 3439 3718 3491 ἐν

2145 3537 2320 3607 τούτῳ
2367 3539 2416 3588 οἱ
2448 3534 2665 3596 ἀσεϐεῖς
2709 3534 2798 3586 τὸν
2835 3534 2930 3586 τοῦ
2955 3532 3090 3585 Θεοῦ
3117 3533 3514 3603 ἀνατρέποντες
3533 3531 3718 3600 νόμον.

2143 3629 2254 3680 Καὶ
2281 3628 2370 3679 ὅτε
2405 3626 2767 3696 χρονίσαντας
2801 3623 2984 3677 ἴδωσιν
3021 3625 3099 3686 εἰς
3130 3625 3229 3694 τὴν
3262 3623 3522 3692 τοιαύτην
3573 3625 3725 3674 ἐντο-

2145 3719 2264 3788 λὴν,
2296 3719 2420 3771 τότε
2454 3718 2548 3772 καὶ
2581 3717 2642 3769 τὸ
2675 3717 2992 3788 βάπτισμα,
3020 3715 3438 3785 ὑπισχνοῦνται,
3491 3715 3589 3781 τὴν
3617 3713 3713 3766 τοῦ

2147 3813 2302 3881 ἁγίου
2337 3813 2716 3882 βαπτίσματος
2741 3809 3148 3877 ἀποσπόγγισίν
3183 3825 3242 3860 τε
3290 3809 3386 3860 καὶ
3419 3807 3716 3877 ἀλλοτρίω-

2150 3923 2256 3972 σιν,
2291 3905 2506 3974 καὶτῆς
2537 3905 2842 3972 Σατανικῆς
2882 3900 3104 3970 ἐπῳδῆς
3129 3901 3228 3972 τὴν
3261 3902 3656 3967 ἐπανάγνωσιν,
3687 3897 3723 3950 ὅ.

2143 4017 2268 4053 τινα
2291 4000 2342 4051 οἱ
2373 3999 2594 4062 ἀσεϐεῖς
2627 3999 2914 4068 βάπτισμα
2943 3994 3293 4064 ὀνομάζουσι.
3356 3995 3464 4044 Καὶ
3493 3993 3602 4044 οὐδ’
3625 3991 3714 4043 οὗ·

2145 4109 2256 4154 τως
2286 4095 2332 4145 οί
2367 4093 2589 4154 ἀσεϐεῖς
2615 4091 2684 4143 τὰ
2711 4091 2808 4160 τῆς
2841 4087 3098 4146 ἀσεϐείας
3127 4086 3305 4139 αὐτῶν
3335 4083 3600 4156 Θαρροῦσι
3627 4101 3722 4153 μυ-

2149 4186 2370 4256 στήρια,
2395 4183 2819 4251 ἀλλ’ἀσφαλὲως
2844 4183 2938 4233 καὶ
2966 4181 3161 4249 ὅρκους
3187 4179 3380 4234 αὐτοὺς
3407 4177 3721 4238 ἀπαιτοῦσι,

2146 4277 2240 4329 τοῦ
2279 4277 2352 4344 μὴ
2383 4275 2518 4342 δῆλα
2551 4277 2662 4334 τοῖς
2695 4272 2912 4334 πολλοῖς
2963 4271 3186 4334 ποιῆσαι
3232 4271 3300 4320 τὰ
3361 4269 3491 4337 παρ’
3531 4268 3712 4320 αὐτῶν

2147 4368 2551 4437 διδασκόμενα·
2615 4366 2709 4420 καὶ
2757 4365 2908 4435 μόλις
2949 4368 3089 4434 μετά
3149 4364 3393 4432 σκέψεως
3427 4362 3724 4432 θαρροῦσιν

2151 4463 2306 4518 αὐτοὶ
2340 4460 2398 4514 ἓν
2431 4460 2526 4514 καὶΙ
2559 4461 2742 4529 μόνον.
2773 4457 2886 4511 Καὶ
2911 4459 3000 4510 ὅτε
3054 4459 3239 4510 ἴδωσιν
3270 4455 3506 4516 εὐκόλως
3545 4470 3724 4522 παρα-

453 4555 624 4608 etiam
659 4554 767 4606 alia
796 4553 876 4606 eis
905 4551 1098 4606 dicunt
1131 4557 1186 4604 et
1218 4551 1300 4618 ita:
1329 4547 1640 4618 paullatim,
1668 4557 1724 4601 et
1780 4563 1889 4601 non
1945 4547 2042 4602 nisi

2151 4555 2482 4626 δεξαμένους
2511 4553 2671 4606 τοῦτο
2726 4552 2948 4614 αὐτοὺς,
2998 4549 3218 4616 λέγουσι
3251 4551 3346 4600 καὶ
3388 4549 3555 4617 ἕτερα
3579 4562 3591 4574 ·
3628 4548 3724 4598 καὶ

456 4648 620 4714 longo
665 4645 932 4714 temporis
1005 4658 1170 4698 cursu
1211 4642 1510 4711 discipulos
1565 4641 1896 4711 impietatem
1957 4641 2044 4696 vix

457 4741 675 4792 docent.
711 4734 866 4790 Tunc
891 4735 1112 4790 demum
1178 4749 1272 4788 eos
1332 4734 1594 4796 educunt,
1653 4745 1712 4786 ut
1767 4732 2042 4787 diabolum

459 4831 810 4884 tenebrarum
841 4828 1144 4898 principem
1171 4825 1504 4880 sensibiliter
1538 4825 1790 4890 adorent,
1839 4839 1902 4878 ex
1937 4839 2046 4894 quo

459 4923 733 4995 magistri,
767 4932 824 4977 et
855 4936 968 4976 non
1011 4919 1246 4989 amplius
1301 4917 1554 4987 discipuli
1611 4917 1906 4972 miserrimi
1962 4917 2038 4971 illi

459 5017 618 5069 ﬁunt.
679 5013 784 5080 Qui
859 5020 1042 5066 autem
1105 5010 1334 5064 adorant
1379 5009 1674 5074 diabolum,
1735 5008 1902 5062 veluti
1955 5023 2048 5076 per

461 5107 738 5163 somnium
777 5105 1048 5162 terribiles
1082 5117 1268 5157 rerum
1303 5102 1574 5172 imagines
1609 5102 1814 5156 vident.
1855 5099 1962 5156 Sed
1993 5108 2049 5154 et

461 5200 896 5270 subscriptiones
919 5211 1084 5251 manu
1114 5193 1332 5264 propria
1352 5193 1595 5263 signatas
1621 5190 1908 5261 requirunt
1931 5205 2050 5244 ma-

465 5296 642 5366 gistri,
670 5295 873 5364 quibus
904 5287 1160 5358 discipuli
1188 5301 1469 5356 nunquam
1518 5285 1756 5354 amplius
1792 5284 1860 5338 ad
1889 5281 2050 5338 Chri-

469 5387 774 5442 stianorum
804 5385 963 5440 [idem
989 5397 1050 5438 se
1090 5393 1435 5436 rerversuros
1477 5376 1853 5446 polliceantur.

545 5478 611 5532 At
635 5493 752 5542 vos,
795 5477 1012 5538 fratres,
1043 5486 1113 5525 ne
1141 5470 1259 5525 sitis
1293 5477 1486 5522 contra
1517 5465 1652 5520 tales
1689 5465 1890 5535 impios
1943 5473 2050 5517 tam

474 5575 620 5628 bono
649 5569 830 5624 atl'ecti
869 5567 1054 5621 animo
1095 5573 1158 5617 ut
1201 5563 1282 5616 eis
1320 5559 1578 5623 credatis,
1639 5572 1764 5612 cum
1803 5557 2048 5622 Patrem,

471 5665 670 5722 Filium
721 5669 778 5715 et
819 5660 1089 5729 Spiritum
1130 5664 1380 5710 sanctum
1431 5647 1678 5707 credere'
1711 5657 2048 5704 asseverant.

471 5759 680 5812 Unities
710 5755 858 5809 enim
895 5752 1132 5804 haereses
1163 5747 1265 5799 hoc
1293 5745 1638 5814 profitentur,
1669 5749 1724 5794 ct
1755 5737 2050 5794 l’auliciani

476 5863 532 5908 et
569 5849 760 5920 reliqui
787 5859 980 5905 omnes
1012 5843 1154 5898 idem
1191 5838 1393 5894 dicunt.
1425 5837 1492 5890 At
1545 5849 1673 5890 vero
1731 5833 1879 5903 impii
1945 5833 2050 5896 ist‘,

2148 4647 2322 4708 οὕτως
2355 4646 2496 4698 κατὰ
2525 4644 2720 4713 μικρὸν
2751 4641 2838 4694 διὰ
2859 4640 3057 4710 χρόνου
3095 4640 3248 4707 μόλις
3274 4637 3722 4690 ἀποκαλύπτουσι

2149 4742 2261 4801 τοῖς
2292 4737 2563 4809 μαθηταῖς
2593 4738 2691 4803 τὴν
2724 4735 3000 4788 ἀσέϐειαν.
3039 4734 3151 4785 Καὶ
3178 4732 3362 4784 λοιπὸν
3385 4731 3504 4782 τότε
3531 4731 3731 4798 φέροοο

2151 4851 2235 4886 σιν
2264 4833 2484 4895 αὐτοὺς,
2510 4829 2606 4882 καὶ
2627 4826 3025 4899 προσκυνοῦσιν
3043 4824 3319 4893 αἰσθητῶς
3342 4823 3432 4873 τὸν
3453 4822 3719 4878 διάϐολον,

2149 4929 2240 4982 τὸν
2267 4927 2504 4998 ἄρχοντα
2529 4923 2626 4976 τοῦ
2661 4922 2908 4982 σκότους,
2940 4919 3032 4972 καὶ
3061 4918 3305 4984 γίνονται
3339 4914 3645 4966 διδάσκαλοι
3673 4911 3724 4962 οἱ

2149 5019 2458 5084 πανάθλιοι,
2513 5017 2610 5070 καὶ
2659 5016 2718 5067 οὐ
2771 5013 3032 5084 μαθηταί.
3093 5011 3359 5062 Βλέπουσι
3417 5008 3472 5060 δὲ
3539 5008 3612 5068 ὼς
3663 5007 3724 5072 ἐξ

2151 5113 2323 5166 ὕπνου
2359 5111 2662 5181 φαντασίας
2699 5107 2938 5176 φοϐερὰς
2962 5105 3010 5155 οἱ
3049 5100 3494 5171 προσκυνοῦντες
3539 5101 3723 5150 αὑτὸν·

2149 5203 2508 5260 ἀπαιτοῦνται
2533 5202 2589 5253 δέ
2620 5201 2714 5254 καὶ
2743 5199 3002 5266 ξδιόχειρα
3033 5194 3126 5246 τοῦ
3155 5193 3724 5264 μηκέτιὲπιστρεφεΝ

2152 5298 2232 5360 είς
2263 5296 2362 5367 τὴν
2395 5295 2504 5348 τῶν
2534 5289 2882 5360 Χριστιανῶν
2913 5289 3116 5340 πίστιν.

2230 5456 2322 5526 Μὴ
2373 5453 2558 5515 ἁπλῶς
2599 5451 2657 5504 δὲ
2721 5450 3052 5510 διακεῖσθαι,
3099 5445 3343 5514 ἀδελφοὶ,
3401 5445 3539 5515 προς
3601 5445 3728 5506 τοὺς

2153 5549 2435 5610 τοιούτους
2488 5545 2725 5606 ἀσεϐεῖς,
2799 5542 3152 5603 πιστεύοντες
3222 5539 3420 5602 αὐτοὺς
3473 5539 3731 5604 λέγοντας

2155 5640 2396 5710 Πατέρα,
2441 5638 2590 5698 Υἰὸν,
2627 5637 2720 5688 καὶ
2755 5635 2912 5704 ἅγιον
2948 5635 3173 5702 Πνεῦμα
3207 5632 3522 5682 πιστεύειν·
3558 5631 3731 5680 πᾶσαι

2156 5735 2266 5803 γὰρ
2291 5733 2348 5784 αἱ
2371 5731 2609 5798 αἱρέσεις
2641 5728 2702 5780 τὸ
2733 5727 2863 5778 αὐτὸ
2891 5724 3137 5792 λέγουσι,
3190 5725 3287 5774 καὶ
3347 5717 3728 5784 ιιαυλικιανοὶ,

2159 5830 2252 5882 καὶ
2279 5830 2329 5880 οι
2387 5826 2608 5880 λοιποί·
2670 5823 2817 5892 ὅμως
2873 5813 3019 5874 οὗτοι
3051 5820 3100 5871 oi
3155 5815 3392 5882 ἀσεϐεῖς,
3432 5818 3525 5866 καὶ
3575 5812 3730 5868 ἄθεοι
