4068 6264
299 395 355 464 51
1457 399 1757 458 CONTRA
1796 393 2292 454 PllUNDAGlA'l
2307 396 2422 450 AS.
3501 395 3574 458 ὃς

303 509 502 580 ἐρυσιν
529 509 678 564 ἰδίαν
707 509 934 579 Τριάδα,
965 511 1039 571 εἰς
1065 510 1131 578 ἢν
1155 506 1496 566 πιστεύουσι.
1533 507 1750 576 Πατέρα
1781 502 1890 572 γὰρ

2007 507 2050 552 et
2076 497 2447 552 exsecrabiles
2495 499 2767 568 propriam
2798 500 3088 572 quamdam
3122 499 3450 556 Trinitatem
3491 503 3592 556 ha-

309 602 521 656 καλοῦσι
557 604 656 654 τὶν
692 602 934 672 ἄρχοντα
968 604 1065 655 τοῦ
1096 605 1342 668 σκότους,
1378 603 1470 654 τὸν
1503 599 1752 653 διάϐολον
1792 596 1886 649 τὸν

313 698 368 748 ὲκ
390 697 495 747 τῶν
521 695 782 760 οὐρανῶν
815 695 1072 757 πεσόντα,
1095 694 1168 757 ὡς
1200 693 1296 746 καὶ
1317 694 1472 746 αὐτοὶ
1498 690 1886 760 ὡμολόγησαν,

317 786 486 846 καθὼς
527 787 624 838 καὶ
679 789 709 838 6
759 785 999 856 Χριστός
1068 803 1255 856 φησιν,
1308 786 1392 837 ὅτι
1437 783 1640 852 ’Υμεὶς
1677 782 1745 835 ἐκ
1785 779 1890 834 τοῦ

316 880 527 945 πατρὸς
558 879 727 947 ὑμῶν
759 878 866 930 τοῦ
897 877 1182 932 διαϐόλου
1214 877 1376 932 ἐστέ.
1407 877 1534 929 Υὶὸν
1558 875 1633 936 δὲ,
1661 873 1752 927 τὸν
1777 873 1891 925 υἱὸν

314 965 403 1033 τῆς
426 965 734 1028 ἀπωλείας,
773 966 868 1018 καὶ
922 966 1168 1035 Πνεῦμα,
1201 966 1264 1019 τὸ
1310 964 1527 1034 πνεῦμα
1579 966 1676 1032 τῆς
1719 979 1890 1031 πονη-

315 1055 452 1126 ρίας.
491 1055 647 1125 Αὕτη
674 1057 900 1125 ἰστὶνή
948 1059 1105 1126 τριὰς
1131 1057 1255 1126 πῶν
1306 1056 1545 1124 ἀσεϐῶν,
1581 1058 1677 1108 καὶ
1717 1055 1888 1123 αὐτὴν

311 1147 634 1216 ὁμολογοῦσι
668 1151 766 1200 καὶ
815 1149 1081 1202 σέϐονται
1129 1149 1498 1216 Χριστιανοὺς
1561 1148 1617 1200 δὲ
1667 1148 1896 1211 ἑαυτοὺς

310 1240 767 1308 ὲπιφημίζουσιν,
807 1241 905 1310 οὐχ
937 1241 1011 1302 ὡς
1041 1245 1105 1293 ὲκ
1129 1243 1223 1294 τοῦ
1251 1241 1513 1308 ἀληθινοῦ
1541 1239 1780 1307 Χριστοῦ
1803 1239 1896 1292 τοῦ

314 1329 453 1382 Θεοῦ
489 1330 668 1397 ἡμῶν,
705 1331 825 1382 ἀλλ’
849 1333 909 1382 ἐκ
945 1329 1040 1383 τοῦ
1079 1332 1477 1403 Ἀντιχρίστου.
1507 1333 1642 1402 Περὶ⁹
1689 1330 1746 1384 δὲ
1798 1332 1900 1398 τῆς

309 1417 590 1479 ἀπωλείας
617 1418 709 1471 τοῦ
739 1417 884 1479 υἱοῦ,
908 1417 966 1470 ὃν
1006 1420 1055 1470 ol
1088 1419 1239 1472 ἄΟεοι
1281 1420 1372 1471 καὶ
1401 1419 1621 1480 ἀσεϐεῖς
1659 1418 1782 1470 ἀντὶ
1805 1416 1900 1469 τοῦ

310 1508 446 1560 Υίοῦ
473 1508 567 1559 τοῦ
597 1507 734 1560 Θεοῦ
771 1511 1042 1573 σέϐονται,
1089 1510 1184 1562 καὶ
1229 1510 1464 1579 Χριστὸν
1517 1508 1902 1576 ὀνομάζουσιν,

307 1601 338 1651 ὀ
387 1598 711 1659 Ἀπόστολος
735 1599 870 1668 προς
897 1600 1320 1662 Θεσσαλοκιικείς
1347 1597 1708 1660 ἐπιστέλλων,
1743 1595 1900 1664 φησί’

309 1693 410 1763 Μή
449 1712 540 1757 τις
594 1693 749 1760 ὑμᾶς
794 1695 1153 1763 ἐξαπατήσῃ
1194 1696 1345 1750 κατὰ
1374 1695 1610 1764 μηδένα
1655 1694 1902 1762 τρόπον,

309 1785 401 1839 ὅτι
431 1785 510 1836 ἄν
544 1785 630 1852 μὴ
661 1786 810 1851 ἔλθῃ
841 1785 879 1852 ἠ
921 1786 1270 1840 ἀποστασιά
1323 1785 1582 1853 πρῶτον,
1621 1785 1717 1837 καί
1754 1784 1907 1837 ἀπο-

1998 590 2148 652 bent,
2185 588 2239 640 in
2265 603 2429 657 quam
2459 590 2703 645 credunt.
2743 592 2877 646 Nam
2910 594 3255 648 tenebrarum
3282 594 3589 664 principem

1993 681 2294 747 diabolum,
2326 681 2417 751 qui
2444 696 2474 735 e
2499 681 2648 736 caelis
2671 684 2892 749 decidit,
2922 694 3117 738 VOCtllll
3151 696 3381 756 patrem,
3431 699 3592 756 prout

1998 772 2101 842 ipsi
2127 773 2253 828 fassi
2276 786 2438 840 sunt;
2467 775 2611 843 quod
2646 784 2795 830 recte
2859 779 3116 832 conn-nit
3157 795 3280 831 cum
3350 779 3416 832 iis
3468 795 3590 847 qua:

2003 863 2254 918 Christus
2312 864 2490 919 dixit:
2533 863 2632 918 Vos
2681 882 2744 918 ex
2789 875 2943 932 patre
2991 867 3200 921 diabolo
3263 871 3386 922 estis
3415 869 3455 920 ⁷.
3501 868 3590 922 Fi-

1995 953 2124 1009 lium
2157 965 2343 1010 autem
2373 956 2542 1010 lilium
2586 957 2929 1026 perditionis,
2957 967 3011 1012 et
3044 959 3306 1028 Spiritum
3334 955 3590 1028 spiritum

1998 1051 2302 1121 iniquitatis
2343 1052 2641 1122 appellant.
2688 1052 2814 1108 llaec
2844 1062 2930 1108 est
2991 1053 3282 1123 impiorum
3339 1055 3592 1120 trinitas;

2001 1143 2142 1198 hanc
2193 1145 2268 1198 illi
2313 1144 2670 1212 conﬁtentur,
2738 1154 2792 1199 et
2846 1156 3198 1200 venerantur.
3250 1145 3594 1201 Christianos

2001 1249 2132 1288 vero
2192 1234 2400 1303 seipsos
2467 1235 2785 1302 deeantant,
2857 1251 2970 1290 non
3027 1247 3282 1307 tanquam
3349 1253 3416 1292 ex
3465 1254 3596 1293 vero

2002 1322 2225 1378 Christo
2251 1323 2362 1378 Deo
2420 1333 2629 1392 nostro,
2671 1327 2765 1381 sed
2822 1336 3077 1398 tanquam
3132 1343 3199 1381 ex
3258 1328 3595 1382 Antichristo

2005 1413 2371 1469 dimananles.
2399 1417 2472 1468 De
2508 1415 2619 1470 tilio
2649 1425 2833 1470 autem
2861 1418 3207 1486 perditionis,
3247 1434 3409 1488 quem
3435 1434 3597 1474 exse-

2005 1507 2258 1568 crabiles,
2284 1517 2339 1561 et
2361 1507 2510 1578 impii
2538 1525 2635 1578 pro
2673 1507 2767 1562 Dei
2827 1509 2962 1563 Filio
2993 1520 3325 1564 venerantur
3349 1521 3404 1566 et
3434 1511 3596 1567 Chri-

2009 1609 2154 1652 stum
2209 1601 2516 1659 nominant.
2573 1601 2643 1653 ita
2693 1601 2930 1670 loquitur
2987 1604 3280 1672 Apostolus
3349 1605 3597 1660 scribens

2009 1691 2074 1744 ad
2103 1685 2623 1745 lessnlunicenses
2651 1709 2664 1744 :
2687 1691 2767 1746 Ne
2792 1696 2909 1762 quis
2935 1709 3018 1746 vos
3041 1695 3259 1748 seducet
3283 1695 3390 1748 ullo
3420 1701 3596 1762 modo,

2009 1783 2261 1852 quoniam
2299 1783 2395 1836 nisi
2423 1784 2617 1836 venerit
2658 1785 2904 1837 discessio
2943 1786 3196 1853 primunt,
3232 1797 3279 1840 et
3334 1787 3593 1841 revelatus

305 1873 605 1946 καλυφθῇ
647 1879 680 1929 ό
719 1875 1036 1943 ἅνθρωπος
1089 1876 1202 1944 τῆς
1244 1877 1499 1945 ἀνομίας
1551 1879 1584 1930 ό
1636 1875 1768 1939 υίὸς
1796 1872 1903 1939 τῆς

2012 1876 2166 1945 fuerit
2187 1877 2336 1929 homo
2354 1876 2553 1946 peccati
2577 1876 2720 1942 ﬁlius
2775 1878 3104 1944 perditionis,
3131 1879 3222 1946 qui
3262 1881 3596 1945 adversatur,

304 1972 642 2034 ἀπωλείας,
701 1969 734 2022 ό
791 1970 1204 2038 ἀντικείμενος
1258 1969 1358 2023 καὶ
1431 1966 1904 2037 ὑπεραιρόμενος

304 2062 407 2115 ἐπὶ
460 2059 664 2113 πάντα
712 2061 1050 2128 λεγόμενον
1131 2062 1302 2126 Θεὸν,
1345 2058 1502 2114 ὥστε
1578 2061 1766 2114 αὐτὸν
1815 2059 1904 2120 εἰς

303 2154 420 2206 τὸν
448 2151 608 2204 ναὸν
646 2149 748 2203 τοῦ
781 2150 930 2204 Θεοῦ
964 2150 1226 2215 καθίσαι,
1259 2149 1356 2202 καὶ⁸
1384 2150 1452 2202 τὰ
1479 2148 1643 2201 λοιπά
1674 2182 1690 2202 .

380 2245 459 2296 Τὸ
489 2243 547 2296 δὲ
583 2242 774 2310 Πάτερ
831 2240 1020 2309 ἡμῶν,
1056 2243 1131 2305 ὡς
1175 2241 1308 2313 παρ’
1357 2239 1541 2294 αὐτῶν
1597 2238 1904 2308 ἐμάθομεν,

307 2337 511 2404 σκοπῷ
560 2335 793 2403 τοιούτῳ
838 2335 1098 2401 λέγουσι·
1141 2333 1359 2403 πατέρα
1404 2333 1514 2399 γὰρ
1555 2332 1770 2384 ἑαυτῶν
1807 2347 1908 2384 κα-

308 2428 474 2485 λοῦσι
503 2428 593 2479 τον
621 2426 898 2480 διάϐολον.
946 2427 1041 2478 Ἐκ
1071 2425 1165 2477 τοῦ
1191 2427 1426 2495 οὐρανοῦ
1467 2426 1523 2478 δὲ
1552 2425 1746 2477 τοῦτον
1777 2425 1904 2476 ἐπι-

311 2518 613 2574 καλοῦνται
666 2519 810 2570 κατὰ
860 2517 954 2570 δύο
1012 2519 1270 2582 σκοποὺς,
1299 2518 1396 2571 ἕνα
1433 2519 1552 2586 μὲν,
1607 2515 1792 2578 καθὼς
1817 2515 1910 2584 γέ-

315 2629 562 2684 γραπται
587 2613 643 2663 ἐν
659 2612 735 2681 τῷ
754 2609 877 2664 ’ῐὼὁ
898 2627 909 2638 ·
948 2609 1056 2663 Καὶ
1080 2610 1318 2680 ἐγένετο
1348 2610 1425 2675 ὡς
1451 2611 1486 2678 ἠ
1520 2610 1704 2678 ἡμέρα
1729 2609 1905 2675 αὕτη,

312 2704 413 2757 καὶ
451 2699 646 2772 ἦλθον
695 2706 749 2755 ol
801 2703 1042 2771 arra—lat
1088 2703 1193 2756 τοῦ
1226 2702 1373 2756 Θεοῦ
1417 2701 1798 2770 παραστῆναι
1829 2701 1909 2767 τῷ

314 2799 536 2862 Κυρίῳ,
573 2794 671 2847 καί
705 2797 737 2847 ό
762 2793 1042 2859 διάϐολος
1066 2794 1135 2847 ἐν
1158 2794 1325 2863 μέσῳ
1353 2793 1550 2848 αὐτῶν
1568 2811 1581 2825 ·
1617 2794 1712 2847 καὶ
1739 2790 1918 2846 εἶπεν⁴

313 2888 347 2940 d
389 2887 610 2952 Κύριος
639 2885 718 2950 τῷ
743 2885 1022 2948 διαϐόλῳ·
1052 2888 1242 2939 Πόθεν
1265 2886 1346 2939 σὺ
1383 2887 1527 2954 ἔρχῃ
1553 2903 1572 2950 ;
1597 2884 1747 2938 Eine
1773 2884 1840 2936 δὲ
1875 2886 1908 2937 ό

316 2977 606 3044 διάϐολος
632 2995 645 3007 ·
677 2980 923 3032 Ἐἰ-ἀντι
951 2981 1194 3045 Κυρίου,
1225 2978 1636 3046 διαπορευθεὶς
1661 2977 1774 3044 τὴν
1807 2975 1906 3032 ὑπ’

317 3068 606 3132 οὐρανὸν.
633 3066 1248 3135 καὶέμπεριπατήσας
1293 3069 1408 3133 τὴν
1448 3066 1584 3136 γῆν,
1641 3066 1902 3135 πάρειμι.

318 3159 462 3212 Καθ’
505 3160 694 3229 ἕτερον
731 3159 788 3210 δὲ
821 3159 1025 3211 σκοπὸν
1045 3160 1322 3229 τολμῶσιν
1349 3161 1397 3212 οἱ
1437 3160 1620 3228 πάσης
1648 3159 1906 3220 ἁσεὸείας

2007 1977 2056 2021 et
2085 1967 2357 2021 extollitur
2385 1985 2547 2033 supra
2579 1985 2750 2030 omne,
2772 1970 2912 2039 quod
2948 1970 3145 2024 dicitur
3165 1970 3327 2037 Deus,
3365 1973 3440 2026 ita
3468 1974 3599 2026 utin

2011 2059 2206 2129 templo
2241 2059 2337 2114 Dei
2363 2062 2541 2115 sedeat
2560 2062 2580 2091 ⁸
2603 2078 2624 2126 ;
2652 2070 2712 2116 et
2733 2061 2962 2131 reliqua.

2084 2233 2222 2290 Illud
2250 2243 2433 2291 autem
2470 2235 2633 2294 Pater
2669 2249 2862 2306 noster,
2905 2239 3049 2295 utab
3076 2239 3213 2312 ipsis
3255 2243 3594 2312 aecepimus,

2010 2329 2115 2384 hac
2153 2338 2338 2384 mente
2365 2331 2575 2388 dicunt.
2603 2332 2817 2387 l‘atrem
2849 2333 2994 2388 enim
3017 2349 3176 2387 suum
3233 2344 3428 2390 vocant
3475 2335 3596 2392 dia-

2009 2421 2216 2485 bolum,
2239 2437 2474 2491 eumque
2497 2423 2698 2493 duplici
2725 2440 2790 2478 ex
2812 2441 2974 2479 causa
3009 2427 3277 2480 advocant
3315 2427 3383 2480 de
3418 2428 3598 2483 ccelo:

2009 2528 2073 2568 ac
2110 2513 2346 2583 primum
2386 2515 2604 2583 quidem
2638 2515 2940 2568 secundum
2973 2531 3200 2585 «aqua:
3224 2516 3429 2586 scripta
3469 2529 3604 2573 sunt

2009 2606 2064 2659 in
2081 2604 2216 2661 Job:
2245 2604 2314 2657 Et
2332 2607 2532 2674 factum
2551 2615 2626 2659 est
2643 2607 2777 2659 sicut
2796 2607 2906 2660 dies
2933 2607 3064 2673 Iure,
3087 2617 3136 2660 et
3159 2619 3402 2661 venerunt
3427 2608 3606 2680 angeli

2013 2698 2107 2752 Dei
2128 2707 2180 2750 ut
2200 2707 2432 2751 astareut
2461 2697 2704 2762 Domino,
2728 2709 2775 2751 ιι
2801 2698 3039 2752 diabolus
3066 2699 3121 2752 in
3142 2702 3310 2754 medio
3331 2701 3604 2770 ipsorum;

2009 2800 2057 2843 et
2082 2793 2218 2845 dixit
2258 2791 2513 2845 Dominus
2551 2793 2762 2846 diabolo
2795 2809 2812 2847 :
2851 2794 2992 2848 (inde
3016 2796 3201 2848 venis?
3237 2795 3379 2848 Dixit
3422 2805 3604 2848 autem

2008 2883 2272 2935 diabolus:
2287 2881 2348 2935 In
2362 2893 2633 2951 conspectu
2655 2883 2864 2937 Domini
2879 2896 3156 2956 postquam
3171 2888 3449 2957 peragraui
3462 2903 3603 2951 eam,

2008 2988 2124 3040 qtae
2137 2973 2229 3026 sub
2243 2974 2388 3036 cwlo,
2403 2984 2448 3026 et
2465 2975 2823 3043 perambulavi
2839 2988 3056 3041 terram,
3077 2979 3315 3031 adsum”.
3340 2980 3412 3031 Ex
3432 2979 3604 3034 altera

2008 3073 2188 3117 autem
2225 3080 2408 3127 causa,
2442 3057 2506 3119 eo
2535 3068 2662 3136 quia
2689 3069 2890 3122 audent
2924 3068 3011 3123 isti
3033 3071 3180 3123 omni
3215 3069 3516 3138 impietate,
3547 3078 3604 3126 et

2011 3154 2342 3224 blasphemia
2379 3155 2523 3224 pleni
2548 3159 2728 3211 dicere
2754 3159 2973 3224 coelum,
2997 3168 3052 3212 et
3072 3168 3292 3220 terram,
3319 3168 3374 3212 et
3395 3161 3602 3226 omnia,

320 3252 416 3302 καὶ
453 3250 812 3320 βλασφημίας
844 3251 1290 3322 πεπληρωμένοι,
1325 3253 1508 3319 λέγειν
1531 3253 1623 3304 τὸν
1650 3252 1903 3319 οὐρανὸν.

2015 3261 2135 3313 qua:
2173 3245 2226 3298 in
2263 3247 2342 3299 eis
2374 3257 2525 3311 sunt,
2568 3248 2878 3312 diabolum,
2921 3258 2976 3304 et
3015 3265 3121 3302 non
3150 3249 3320 3302 Deum
3361 3266 3603 3314 creasse,

323 3343 423 3412 τὴν
450 3342 578 3410 γῆν,
620 3343 714 3394 καὶ
747 3343 928 3395 πάντα
962 3343 1028 3395 τὰ
1069 3346 1126 3396 ὲν
1168 3345 1357 3406 αὐτοῖς
1396 3343 1490 3396 τὸν
1535 3343 1788 3396 διάϐολον
1815 3343 1908 3411 δη·

322 3434 688 3500 μιουργῆσαι,
721 3431 817 3483 καὶ
839 3431 900 3482 οὑ
928 3432 1017 3484 τὸν
1039 3431 1193 3496 Θεὸν,
1230 3433 1322 3484 καὶ
1351 3433 1434 3484 ὅτι
1464 3432 1554 3484 τὸν
1579 3431 1909 3502 παράδεισον

323 3518 488 3577 αὐτὸς
517 3519 768 3589 ἐποίησε,
803 3520 899 3572 καὶ
927 3522 1018 3573 τὸν
1039 3521 1328 3590 ἄνθρωπον
1360 3522 1524 3584 αὐτος
1556 3519 1780 3582 ἔπλασε,
1814 3520 1909 3572 καὶ

324 3610 420 3679 οὐχ
449 3612 477 3662 6
525 3610 684 3675 Θεὸς,
723 3610 817 3662 δύο
850 3611 988 3680 μόνα
1010 3611 1261 3679 λέγοντες
1315 3608 1456 3666 εἶναι
1490 3614 1548 3665 ἐν
1594 3613 1672 3681 τῷ
1719 3616 1909 3681 κόσμῳ

324 3702 498 3770 τούτῳ
532 3703 598 3755 ἐκ
629 3703 732 3771 τῆς
761 3703 1129 3772 δημιουργίας
1159 3705 1254 3758 τοῦ
1290 3707 1616 3776 ἐπουρανίου
1643 3705 1799 3768 Θεοῦ,
1823 3708 1914 3758 τὸν

327 3793 492 3862 ἣλιον,
531 3796 628 3848 καὶ
657 3795 764 3863 τὴν
799 3795 983 3864 ψυχὴν
1021 3795 1112 3848 τοῦ
1155 3796 1448 3866 ἀνθρώπου
1470 3814 1483 3827 ⁸
1522 3797 1620 3850 καὶ
1651 3798 1734 3849 ὅτι
1769 3794 1914 3848 ὀκτὼ

329 3887 460 3938 εἰσὶν
481 3889 529 3939 οί
565 3889 825 3957 οὐρανοὶ,
863 3888 1003 3940 ἑπτὰ
1039 3887 1158 3957 μὲν,
1185 3886 1278 3949 οὓς
1320 3889 1578 3957 ἐποίησεν
1614 3891 1641 3942 ὁ
1673 3889 1915 3958 ἐπουράι

334 3996 432 4042 Ito;
463 3980 620 4045 Θεὸς,
650 3980 754 4033 καὶ
809 3977 1110 4041 καθέζεται
1146 3981 1330 4033 ἐπάνω
1378 3981 1562 4033 αὐτῶν
1584 3997 1598 4012 ·
1639 3980 1826 4048 ὄγδοος
1861 3979 1918 4031 δέ

324 4072 463 4126 ἐστιν
491 4078 519 4128 6
550 4074 661 4127 ὑπὸ
718 4073 884 4124 κάτω
917 4072 1161 4134 πάντων,
1199 4074 1228 4124 6
1267 4073 1366 4125 καὶ
1407 4073 1539 4140 παρ’
1572 4073 1729 4142 ἡμῶν
1777 4072 1914 4142 ὀρώ-

308 4185 491 4238 μενος,
529 4170 593 4223 ὃν
617 4171 646 4221 6
680 4166 887 4236 ἄρχων
914 4162 1012 4214 τοῦ
1049 4163 1251 4228 κόσμου
1295 4162 1494 4216 τούτου
1535 4165 1906 4232 ὲποίησεν.....

372 4304 586 4364 ’Joan.
628 4321 760 4368 vm,
806 4301 904 4356 44.
987 4299 1010 4332 ⁸
1047 4299 1088 4354 ll
1127 4300 1321 4356 Thess.
1354 4318 1391 4356 ιι
1444 4302 1499 4366 5,
1533 4303 1586 4368 4,

2018 3334 2259 3403 itemque
2284 3336 2733 3402 paradismneum
2778 3338 2994 3404 fecisse,
3031 3339 3416 3410 hominemque
3455 3341 3601 3411 plas-

2020 3439 2216 3483 masse.
2252 3443 2375 3480 nam
2406 3429 2514 3481 duo
2572 3439 2783 3482 tantum
2835 3446 2956 3486 esse
3009 3432 3063 3485 in
3110 3435 3311 3488 mundo
3386 3433 3602 3497 dicunt,

2018 3531 2137 3584 qua:
2176 3533 2244 3572 ex
2298 3521 2703 3589 supercmlestis
2773 3521 2863 3576 Dei
2907 3526 3222 3592 operatione
3260 3524 3600 3593 prodierunt,

2015 3611 2186 3664 solem
2229 3627 2446 3682 nempe,
2477 3623 2532 3669 et
2555 3614 2789 3667 animam
2826 3615 3083 3670 hominis.
3121 3616 3258 3670 Octo
3285 3617 3448 3670 etiam
3479 3630 3601 3670 esse

2013 3705 2180 3758 caelos
2219 3706 2434 3773 quidem
2469 3709 2644 3771 aiunt,
2675 3718 2884 3775 septem
2911 3709 3133 3776 quidem
3166 3723 3302 3776 quos
3318 3722 3602 3776 superca-

2014 3800 2165 3852 lestis
2208 3801 2351 3854 Deus
2380 3800 2531 3864 fecit,
2558 3810 2612 3854 et
2649 3817 2816 3870 super
2858 3803 2980 3856 illos
3020 3803 3192 3866 sedet,
3231 3812 3481 3856 octavum
3507 3817 3606 3855 au-

2019 3899 2150 3948 tem,
2176 3891 2267 3958 qui
2295 3892 2394 3944 Sltb
2417 3892 2670 3944 ommbus
2693 3903 2795 3954 est,
2832 3908 2888 3947 et
2911 3909 2940 3945 a
2966 3894 3408 3962 nobis'cernitur,
3441 3910 3602 3965 quem

2031 3981 2218 4036 mundi
2258 3983 2417 4053 hujus
2446 3998 2696 4053 princeps
2727 3984 3054 4040 ellormavit.

2486 4154 2687 4210 Ca'tera
2725 4157 3109 4213 desiderantur.

1666 4301 1686 4333 ’
1720 4300 1820 4358 Job
1846 4320 1879 4357 tl
1933 4305 1957 4359 1
1987 4321 2118 4378 seqq
