4068 6264
1296 494 3701 538 W

488 507 1316 557 Μ

1604 528 1839 542 -αο

1804 674 1934 723 NNO
1958 673 2180 721 DOMINI
2203 671 2420 719 MCXXX

488 930 1412 1141 ΑΝΝΗΣ
1498 924 2043 1127 ΤΗΣ
2120 908 3712 1123 ΚΟΜΝΗΝΗΣ

1506 1300 2208 1359 ΠΟΡΦΥΡΟΓΕΝΝΗΤΟΥ
2251 1295 2701 1353 ΚΔΙΣΔΡΙΣΣΗΣ

1720 1561 2456 1705 ΑΛΕΞὶΑΣ

1172 2075 1833 2261 ΑΝΝᾸΕ
1952 2072 3061 2258 ΟΟΜΝΕΝᾹΞ

1494 2384 2205 2448 PORPl-IYROGENIT/E
2249 2386 2716 2447 CESARISSIE

1677 2564 2507 2719 ALEXIAS

2021 2831 2141 2870 “VB

834 2967 932 3029 DE
972 2966 1226 3029 REBUS
1255 2965 1356 3027 AB
1377 2965 1662 3028 ALEXIO
1706 2963 2207 3026 IMPERATORE
2233 2966 2387 3029 VEL
2421 2968 2504 3029 Ε]
2514 2967 2611 3029 US
2659 2964 3019 3027 TEMPORE
3059 2966 3323 3026 GES’I‘IS

1340 3127 1781 3283 LIBRI
1931 3098 2847 3261 QUINDECIM

691 3360 773 3408 EX
824 3360 1241 3407 BIBLIOTHECA
1282 3357 1638 3404 BARBERINA
1690 3354 1932 3405 PRIMUS
1979 3359 2198 3405 EDIDIT
2228 3387 2244 3416 ,
2297 3357 2529 3403 LATINA
2591 3355 3183 3405 INTEBPRETATIONE
3229 3356 3512 3404 DUNATIT

1605 3480 1683 3524 ET
1719 3480 2081 3543 ,αιοεεΔιιιο
2143 3480 2559 3525 ILLUSTRAVIT

1535 3646 1990 3734 PE'I‘RUS
2064 3642 2642 3734 POSSINUS

1867 3828 1917 3867 ε.
1945 3827 1987 3866 ³.
2024 3826 2352 3868 PRESBYTER.

723 3957 1333 4021 ACCESSERUNT
1371 3959 1678 4022 CAROLI
1712 3957 2180 4021 DUFRESNII
2212 3959 2328 4020 ΒΗ
2357 3956 2657 4020 σΑΝθιι
2708 3958 2963 4023 ΝΟΤΔΞ
2998 3965 3490 4028 ΗιςςΤοιυσίΕ

1703 4084 1827 4143 ΕΤ
1867 4079 2487 4143 PHILOLOGlCzE.

565 4249 748 4300 'lextm
770 4247 1026 4306 subjicitur
1056 4244 1326 4292 lectionum
1351 4246 1560 4293 varietas
1582 4260 1643 4294 ex
1667 4244 1836 4294 codice
1863 4244 2159 4295 Coisliuiano
2198 4247 2386 4308 CtZCXI,
2411 4247 2567 4310 ipsius
2587 4250 2740 4301 Anna:
2765 4255 3007 4310 tempore,
3035 4230 3088 4298 ut
3113 4249 3320 4312 videtur,
3343 4253 3604 4319 descripto.

622 4568 994 4613 aurussmo
1059 4570 1656 4624 ILLUSTIUSSIMUQUE
1728 4569 1874 4613 vmo
1938 4570 2046 4612 nn.
2100 4566 2303 4612 PETRO
2363 4568 2739 4628 sesumam,
2792 4571 3080 4618 sumens
3134 4577 3591 4626 cucumam.

554 4722 694 4781 Non
728 4727 870 4798 eget
895 4720 1059 4798 apud
1091 4728 1150 4780 te
1173 4720 1426 4799 quidem
1462 4720 1810 4796 interprete
1842 4721 2115 4776 vetustas
2154 4714 2303 4788 ulla,
2337 4720 2446 4777 aut
2474 4715 2859 4778 eruditarum
2892 4716 3115 4780 litterae
3150 4721 3430 4797 gentium
3464 4740 3478 4782 :
3509 4729 3712 4785 tamen

479 4812 614 4878 haec
645 4819 879 4878 Graecas
921 4817 1214 4895 princeps
1252 4815 1565 4877 facundia;
1597 4814 1775 4892 cujus
1803 4829 1946 4872 arce
1978 4810 2237 4886 dignum
2266 4811 2435 4889 Opus
2472 4828 2505 4872 e
2535 4812 2813 4873 tenebris
2851 4813 2914 4873 in
2957 4812 3159 4876 lucem
3198 4816 3513 4893 publicam
3548 4836 3715 4881 nunc

481 4914 767 4989 emergit,
803 4930 903 4973 me
932 4912 1341 4990 interpretem
1373 4911 1541 4989 apud
1576 4916 1635 4969 te
1657 4908 1839 4986 jubet
1872 4922 2034 4975 esse,
2069 4923 2196 4967 non
2234 4907 2539 4968 orationis
2571 4916 2741 4969 certe
2773 4918 2879 4969 aut
2920 4910 3233 4971 sermonis
3265 4912 3384 4983 sui,
3421 4913 3528 4974 ubi
3559 4913 3712 4975 nihil

483 5009 818 5070 eruditioni
853 5017 975 5069 tua)
1020 5026 1147 5070 non
1191 5007 1474 5087 pervium
1510 5012 1625 5076 est,
1676 5003 1784 5063 sed
1821 5002 2009 5062 animi
2044 5002 2194 5081 grati
2227 5012 2415 5082 atque
2453 5003 2667 5076 ofﬁcii,
2718 5023 2985 5084 quorum
3021 5007 3512 5084 signiﬁcationes
3543 5028 3710 5072 nun-

480 5123 669 5185 quam
701 5106 848 5166 satis
882 5121 1160 5181 magnas,
1201 5103 1478 5178 satisque
1519 5101 1611 5160 vel
1647 5107 1752 5160 tuo
1787 5101 2034 5171 merito,
2071 5100 2163 5160 vel
2197 5117 2326 5160 suae
2368 5100 2676 5161 voluntati
2710 5105 3172 5173 respondentes
3229 5107 3417 5168 edere
3448 5125 3516 5169 se
3557 5109 3714 5171 ullas

480 5210 650 5279 putat
673 5218 876 5279 posse,
894 5198 1291 5279 quantumvis
1311 5194 1665 5256 accumulet
1687 5194 2007 5274 plurimas.
2043 5198 2217 5257 Anna
2242 5214 2315 5257 ea
2333 5204 2424 5258 est
2447 5198 2790 5269 Comncna,
2813 5200 3052 5261 decima
3070 5203 3407 5273 Musarum,
3434 5212 3495 5265 et
3516 5204 3714 5267 Pallas

479 5300 763 5378 quaedam
802 5296 1156 5374 Byzantina;
1185 5293 1463 5367 Graecia),
1489 5292 1669 5371 cujus
1698 5291 2261 5371 Porphergenitaa
2305 5292 2448 5355 licet
2477 5310 2550 5355 ac
2584 5295 3020 5372 primogenitae
3073 5297 3456 5362 moderantis
3494 5302 3710 5363 orbem

483 5390 804 5474 principis,
832 5394 881 5453 si
912 5393 1054 5471 quis
1081 5389 1319 5466 ingenii
1355 5405 1511 5468 Opes
1540 5389 1829 5462 aestimet,
1873 5397 2189 5466 Augustos
2221 5393 2479 5463 natales,
2512 5397 2699 5469 atque
2730 5392 2902 5455 illam
2932 5410 3232 5456 cunarum
3267 5415 3611 5478 purpuram
3647 5400 3708 5461 in

475 5490 751 5549 minimis
779 5487 1168 5548 ornamentis
1201 5485 1578 5547 numerabit.
1621 5486 1769 5546 Haec
1802 5483 2036 5546 nullius
2072 5487 2460 5547 eruditarum
2493 5486 2666 5548 rudis
2693 5487 2940 5562 artium,
2967 5492 3316 5568 prtesertim
3339 5500 3546 5554 autem
3580 5494 3683 5558 elo

474 5586 751 5666 quentia)
788 5585 1110 5658 consulta;
1153 5583 1475 5662 religionis
1513 5598 1771 5661 quoque
1801 5582 2094 5643 omnibus
2130 5588 2191 5642 et
2219 5580 2624 5643 humanitatis
2649 5582 2898 5645 elimata
2929 5583 3186 5657 ciliciis;
3221 5588 3606 5652 ac'collectis
3635 5591 3711 5652 iis

475 5681 722 5742 cunctis
773 5696 899 5740 una
920 5680 1154 5741 ﬂorens
1175 5679 1429 5741 dotibus
1458 5696 1601 5758 qua)
1630 5677 1927 5740 omnibus
1970 5677 2297 5739 absolvere
2330 5678 2608 5740 numeris
2646 5696 2773 5741 non
2802 5680 3037 5759 regiam
3068 5688 3416 5744 matronam
3443 5684 3714 5763 quamli-

474 5777 604 5850 bet,
635 5776 745 5836 sed
774 5792 911 5838 eam
942 5783 1203 5856 possent
1239 5793 1424 5855 quam
1452 5774 1544 5837 sui
1584 5774 1698 5836 aevi
1728 5773 2096 5836 miraculum
2118 5773 2263 5852 jure
2301 5771 2546 5835 diceres
2570 5792 2584 5846 ;
2622 5778 3036 5839 contenderat
3068 5792 3291 5838 omnes
3343 5796 3570 5843 nervos
3609 5780 3710 5843 in-
