4068 6264
297 373 353 437 ﬁt
1390 382 1618 448 PETRI
1652 384 1949 450 POSSINI
1978 387 2408 449 DEDICATIO.
3450 385 3522 447 ea

295 494 543 555 dustrim
578 496 640 555 in
677 495 1143 559 elucubratione
1181 498 1392 577 operis
1420 498 1721 577 ingentis,
1768 500 1836 562 in
1893 517 2021 581 quo
2052 500 2353 567 decorum
2385 499 2646 561 istorum
2680 499 2962 561 omnium
3009 498 3273 576 insignia
3316 500 3523 577 speci-

297 591 455 651 mina
491 597 808 653 exstarent
838 614 851 652 :
883 592 1172 653 Historias
1196 592 1495 656 videlicet
1527 611 1736 656 rerum
1794 597 1982 674 longo
2036 598 2228 676 patris
2267 595 2364 658 sui
2415 596 2764 676 principatu
2817 596 3225 657 maximarum
3262 613 3332 659 ac
3364 597 3523 656 mire

298 686 590 746 variarum
624 692 780 747 terra
815 686 1100 766 marique
1124 695 1252 749 tota
1285 686 1422 750 fere
1452 690 1595 750 Asia
1627 691 2006 770 Europaque
2040 700 2355 771 gestarum
2392 710 2405 754 :
2438 708 2596 772 quas
2631 692 3094 755 accuratissima
3126 693 3522 754 collectionis

297 780 628 856 diligentia,
669 799 781 843 nec
818 782 1023 843 minus
1052 783 1203 845 scita
1235 784 1663 864 descaiptione
1691 785 1954 851 ordinis.
1989 794 2176 863 atque
2209 784 2651 863 explicationis
2679 792 2904 847 ornatu
2940 784 3294 864 complexa,
3335 784 3517 846 simul
3580 860 3583 863 _

296 879 584 956 praeclare
616 896 651 941 a
690 897 757 941 se
781 878 1137 942 consultum
1176 882 1430 943 rebatur
1454 882 1804 943 rationibus
1842 881 2113 961 publicis
2138 888 2325 943 tanta:
2356 880 2637 941 utilitatis
2705 880 2865 941 libro
2919 881 3281 959 vulgando;
3334 880 3516 943 simul

297 977 560 1051 privatas
589 994 737 1056 spes
767 974 953 1038 fama;
986 994 1057 1039 ac
1099 978 1421 1039 memoria:
1451 979 1774 1059 perennis,
1809 996 1966 1057 quas
2012 976 2134 1038 isto
2169 977 2417 1056 pietatis
2449 977 2672 1037 eodem
2727 976 3168 1056 facultatisque
3202 994 3331 1038 suae
3364 994 3521 1039 con-

295 1071 592 1148 signasset
625 1082 1066 1148 monumento,
1105 1092 1235 1137 non
1272 1074 1435 1139 male
1466 1078 1838 1139 constitutas
1880 1074 2330 1151 gratulabatur.
2383 1074 2685 1135 Caeterum
2738 1090 2925 1152 quam
2967 1093 3111 1137 vere
3167 1075 3318 1138 illud
3372 1077 3523 1139 olim

293 1168 580 1247 scriptum
616 1188 651 1232 a
686 1172 965 1249 quodam
1002 1172 1081 1233 sil
1114 1193 1131 1231 :
1176 1174 1590 1248 Quantumvis
1624 1174 1807 1235 docta
1839 1173 2197 1250 disertaque
2229 1187 2440 1247 opera,
2494 1168 2706 1231 blattis
2730 1169 2927 1232 nihilo
2969 1173 3169 1233 secius
3216 1192 3286 1233 ac
3336 1173 3522 1234 tineis

295 1263 493 1340 epulas
535 1267 794 1338 datura,
827 1268 956 1329 nisi
984 1271 1261 1346 potentis
1294 1278 1351 1330 et
1382 1269 1637 1349 benigni
1680 1269 1853 1349 genii
1886 1269 2124 1346 efﬁcaci
2157 1266 2558 1345 providentia
2590 1276 2891 1327 curentur
2928 1288 2948 1326 :
2980 1284 3108 1327 non
3140 1267 3266 1327 alio
3301 1266 3524 1329 melius

293 1364 592 1441 exemplo,
636 1380 829 1445 quam
864 1364 1210 1445 hujuslibri
1241 1367 1467 1430 misera
1501 1374 1561 1429 et
1593 1362 1974 1429 lamentabili
2015 1363 2266 1425 fortuna
2315 1362 2792 1441 comprobatum
2836 1369 2947 1424 est.
2987 1362 3134 1424 Tam
3170 1373 3431 1425 venusto
3471 1364 3524 1424 is

291 1455 529 1533 quidem
558 1462 946 1525 elocutionis
974 1462 1130 1524 ﬂore
1159 1470 1452 1542 comptus
1496 1472 1637 1526 ortu
1669 1463 1809 1541 ipso
1849 1460 2054 1541 primo
2084 1458 2341 1539 prodiit,
2373 1465 2441 1519 ut
2477 1458 2529 1519 si
2562 1457 2820 1520 fabellas
2853 1465 2914 1519 et
2947 1477 3140 1537 nugas
3174 1476 3375 1520 meras
3407 1459 3520 1522 ista

291 1552 582 1629 e‘eganlia
615 1558 886 1632 garriret
908 1557 1184 1631 aniliter,
1219 1564 1445 1622 ornatu
1467 1559 1604 1623 solo
1648 1557 1948 1621 dictionis
1997 1554 2377 1618 honoratum
2416 1556 2584 1615 inter
2645 1555 2985 1634 scriptores
3042 1556 3285 1618 Atticos
3336 1555 3521 1635 primi

291 1648 550 1711 subsellii
590 1649 1032 1715 eblanditurus
1064 1654 1180 1715 sibi
1214 1654 1398 1717 facile
1431 1655 1639 1717 locum
1664 1654 1875 1716 fuerit.
1908 1655 2150 1715 Rursus
2179 1658 2303 1713 tam
2342 1669 2525 1730 grave
2549 1658 2801 1728 tamque
2855 1652 3016 1713 scitu
3074 1654 3523 1724 necessarium,

295 1741 385 1801 tali
408 1745 850 1824 dispositionis
878 1755 1034 1822 arte,
1072 1757 1374 1831 tantaque
1409 1751 1766 1812 maturitate
1789 1749 2016 1829 judicii
2052 1758 2492 1826 argumentum
2529 1748 2802 1826 explicat
2847 1766 2918 1811 ac
2950 1748 3201 1827 digerit,
3240 1758 3305 1812 ut
3339 1751 3388 1812 si
3423 1750 3522 1812 lo-

290 1846 1127 1922 quereturinquinalissime,
1164 1854 1372 1909 tamen
1397 1846 1740 1926 splendore
1769 1863 2067 1907 sensuum
2100 1845 2385 1906 illuviem
2421 1844 2783 1913 verborum,
2814 1852 2875 1906 et
2905 1843 3183 1906 historize
3218 1862 3343 1906 non
3377 1846 3521 1907 alibi

289 1945 532 1999 narratae
576 1941 970 2018 prtBstaulia,
1002 1941 1204 2004 labem
1254 1943 1534 2004 barbarae
1564 1961 1636 2005 ac
1681 1943 2088 2005 balbutientis
2147 1943 2452 2005 orationis
2519 1950 2734 2022 posset
2792 1941 3130 2004 redimere.
3195 1945 3522 2004 Postremo

285 2040 438 2117 quod
479 2043 821 2104 mulierem
857 2045 1274 2125 eamdemque
1303 2047 1367 2109 in
1399 2062 1596 2124 regno
1629 2055 1835 2109 natam
1878 2062 1951 2107 ac
1985 2046 2280 2108 nutritam
2319 2047 2539 2125 Operis
2569 2046 2752 2123 spissi
2790 2044 3151 2124 prolixique
3179 2043 3377 2106 fuisse
3406 2061 3521 2106 au—

284 2143 501 2200 ctorem
531 2147 812 2212 constat,
841 2157 940 2203 res
958 2148 1049 2203 est
1073 2141 1359 2222 profecto
1396 2143 1707 2222 ejusmodi
1731 2158 1872 2221 quae
1903 2143 2234 2222 scriptioni
2269 2161 2386 2205 nec
2415 2143 2555 2221 styli
2580 2143 2814 2221 alioqui
2851 2160 2966 2203 nec
2991 2141 3268 2203 materiae
3291 2158 3520 2218 genere

285 2232 609 2309 tolerabili,
653 2238 904 2299 raritate
937 2239 1073 2319 ipsa
1106 2247 1168 2302 et
1196 2241 1679 2303 admirabilitate
1709 2240 2051 2320 scriptricis
2083 2240 2315 2318 regium
2353 2242 2621 2319 pretium
2654 2240 2820 2318 apud
2858 2256 3079 2318 aequos
3109 2240 3520 2301 mstimatores

285 2345 475 2392 rerum
508 2333 778 2395 abunde
810 2351 1111 2412 magnum
1141 2337 1550 2399 conciliatura
1596 2338 1953 2411 videretur;
2011 2344 2081 2399 ut
2131 2355 2259 2400 non
2315 2337 2461 2399 ferri
2501 2337 2703 2399 solum
2737 2344 2798 2398 et
2838 2336 2990 2414 legi,
3051 2337 3162 2397 sed
3216 2336 3520 2398 celebrari

283 2425 451 2488 etiam
476 2438 681 2507 atque
719 2432 932 2509 expeti
965 2432 1111 2510 jure
1147 2432 1429 2496 deberet.
1463 2435 1535 2494 Et
1558 2444 1765 2496 tamen
1802 2451 1817 2494 :
1849 2450 1887 2496 ο
1918 2451 2050 2496 rem
2072 2434 2377 2495 miramne
2408 2434 2606 2510 magis
2628 2434 2826 2494 dicam
2848 2449 2927 2494 an
2951 2431 3240 2493 miseram
3271 2430 3284 2493 l
3313 2440 3520 2492 tamen

282 2520 378 2580 ille
408 2530 492 2585 tot
532 2526 906 2587 nominibus
933 2527 1009 2588 ad
1051 2528 1275 2590 famam
1303 2534 1493 2610 atque
1527 2530 1601 2592 ad
1639 2529 2068 2593 celebritatem
2117 2530 2596 2592 commendatus
2651 2530 2831 2600 liber,
2878 2534 3168 2607 spretus,
3220 2526 3518 2605 abjectus.

288 2618 566 2693 neglectu
602 2620 888 2682 omnium
912 2622 1175 2684 obrutus
1202 2623 1391 2687 annis
1419 2626 1782 2705 quingentis
1810 2625 1873 2686 in
1904 2625 2028 2688 situ
2058 2643 2130 2688 ac
2165 2627 2445 2687 tenebris
2465 2626 2666 2706 jacuit
2699 2643 2713 2687 :
2749 2642 2819 2688 ac
2852 2642 2995 2687 cum
3037 2623 3186 2685 olim
3238 2632 3330 2684 tot
3385 2622 3517 2685 aliae

285 2716 436 2778 nulla
464 2717 623 2778 huic
647 2732 723 2779 ex
758 2725 932 2797 parte
966 2721 1408 2799 comparandae
1438 2724 1822 2789 Graecorum,
1857 2721 2117 2793 ultimae,
2166 2723 2413 2795 mediae,
2468 2722 2698 2785 citimre
2763 2721 3089 2783 vetustatis
3130 2720 3515 2783 lucubratio-

284 2826 399 2884 nes,
434 2814 540 2874 vel
574 2831 607 2874 a
639 2812 1128 2878 Venetiensibus
1175 2817 1312 2879 Aldi
1360 2819 1553 2899 typis,
1595 2819 1689 2880 vel
1741 2836 1772 2881 a
1814 2817 2278 2881 Basileensibus
2327 2820 2641 2893 Frobenii,
2677 2819 2769 2881 vel
2816 2820 2895 2881 ab
2930 2818 3066 2880 aliis
3115 2818 3259 2878 alibi
3318 2816 3517 2877 lucem

279 2911 639 2989 acceperint
670 2928 687 2983 ;
730 2918 788 2972 et
822 2930 962 2972 cum
994 2913 1169 2974 multi
1203 2913 1554 2976 exstiterint
1580 2922 1847 2993 utraque
1871 2915 2038 2980 docti
2070 2914 2278 2992 lingua
2298 2915 2599 2977 homines
2629 2915 2735 2996 qui
2772 2916 2984 2976 Latine
3007 2915 3517 2994 interpretandos

281 3005 563 3068 eGraaco
602 3006 798 3069 libros
828 3008 1162 3070 ambitiose
1204 3011 1674 3088 conquirerent,
1708 3026 1829 3072 una
1879 3009 2077 3074 ferme
2123 3013 2403 3075 omnium
2454 3016 2648 3074 Annae
2700 3013 2946 3073 Alexias
2991 3011 3112 3072 fuit
3161 3029 3347 3090 quam
3407 3029 3516 3073 sua

280 3103 562 3178 quardam
606 3102 1002 3167 incredibilis
1028 3105 1363 3169 infelicitas
1402 3106 1822 3186 prohibuerit,
1854 3124 1934 3170 ne
1972 3109 2035 3170 in
2066 3109 2261 3170 ullum
2294 3125 2569 3188 unquam
2601 3111 2885 3171 Grazcum
2916 3107 3415 3186 typographum.
3449 3107 3514 3167 ίιι

280 3197 560 3263 Latinum
615 3203 1029 3283 interpretem
1086 3205 1283 3267 ullum
1340 3206 1670 3270 incideret.
1729 3206 1882 3269 Nam
1953 3205 2532 3268 Haesehelianorum
2602 3212 3039 3283 cxcerptorum
3100 3208 3515 3280 Augus'anam

280 3296 685 3359 emissionem
727 3300 897 3360 illam
930 3317 1118 3361 nemo
1146 3318 1369 3380 tequus
1396 3302 1629 3382 opinor
1660 3304 1856 3381 magis
1903 3300 2332 3382 gratulandam
2364 3301 2717 3362 Caesarissee
2765 3300 3079 3380 putaverit
3108 3317 3296 3377 quam
3332 3317 3512 3378 puer—

280 3407 432 3466 perte
471 3395 775 3455 abnrsum
809 3412 1006 3474 passae
1038 3394 1351 3459 infelicem
1378 3397 1750 3477 ejectionem
1777 3398 1940 3461 fetus
1970 3406 2325 3460 monstrose
2359 3398 2558 3459 mutili
2587 3405 2645 3458 et
2679 3397 2931 3459 mortui.
2957 3397 3094 3457 Fuit
3126 3390 3333 3458 tamen
3372 3414 3515 3458 cum

278 3489 628 3566 reapexisse
660 3494 901 3552 Annam
940 3492 1166 3553 melior
1186 3491 1436 3555 fortuna
1468 3494 1590 3555 visa
1621 3502 1736 3556 est.
1764 3496 2035 3557 Iacobus
2062 3495 2369 3574 Cujacius,
2390 3495 2481 3554 vir
2509 3496 2695 3570 longe
2725 3494 3007 3555 omnium
3043 3493 3329 3571 ingenio,
3354 3492 3514 3572 juris

277 3584 558 3657 scientia,
596 3585 953 3662 linguarum
988 3589 1208 3650 notitia
1236 3589 1638 3664 clarissimus,
1672 3592 1981 3655 Alexiadis
2000 3592 2285 3654 codicem
2322 3598 2565 3654 nactus.
2601 3589 2774 3669 legit,
2801 3590 3107 3669 susiiexit,
3133 3588 3513 3669 pratdicavit.

277 3676 580 3759 Denique,
625 3700 757 3761 quo
793 3684 947 3745 nihil
979 3688 1194 3757 Anum,
1222 3685 1376 3746 nihil
1412 3687 1499 3747 rei
1538 3685 1853 3749 litterarire
1887 3688 2220 3750 consulere
2259 3688 2680 3766 Opportunius
2722 3687 2948 3765 potuit,
2976 3686 3294 3746 viroillam
3325 3701 3512 3747 orna-

278 3776 514 3839 tissime
550 3781 1116 3861 eruditissimoque
1154 3783 1621 3845 commendavit
1646 3785 1829 3845 Petro
1875 3785 2095 3858 Fabro,
2137 3801 2169 3844 a
2203 3784 2749 3862 quo-editionem.
2788 3798 2930 3842 cum
2991 3781 3513 3858 interpretatione

279 3874 489 3938 Latina
518 3877 926 3957 conjunctam
959 3897 1213 3959 sperare
1247 3881 1446 3960 ipsam
1487 3888 1827 3960 Oporteret.
1865 3884 1963 3952 At,
2015 3896 2053 3940 ο
2102 3878 2387 3940 fallacem
2423 3876 2838 3937 reconciliatae
2868 3892 3011 3939 cum
3040 3883 3212 3937 sorte
3253 3878 3510 3939 adversa

277 3973 479 4045 gratiae
517 3974 705 4035 [idem
736 3973 748 4036 Ι
793 3976 1113 4037 recruduit
1146 3977 1317 4038 brevi
1372 3977 1646 4038 atrocior
1673 3994 1861 4055 quam
1891 3983 2073 4036 antea
2114 3975 2383 4036 fatorum
2421 3973 2485 4034 in
2515 3976 2753 4033 Annam
2809 3972 2979 4049 rigor
3012 3990 3025 4032 :
3059 3990 3512 4053 nunquamque

276 4067 744 4146 desperavimus
776 4072 856 4131 de
884 4070 990 4130 illa
1005 4071 1232 4149 justius
1263 4088 1453 4151 quam
1483 4072 1587 4132 ubi
1613 4070 1898 4150 proxime
1928 4088 2109 4150 spem
2138 4088 2531 4135 veneramus.
2556 4066 2958 4130 Subtrahitur
2995 4068 3184 4130 rebus
3219 4071 3511 4132 humanis

278 4179 339 4223 re
371 4164 604 4227 infecta
642 4166 867 4228 Faber.
904 4167 1238 4247 Exemplar
1266 4168 1523 4229 unicum
1556 4167 1873 4228 Alexiadis
1921 4183 1997 4227 ex
2029 4167 2166 4247 ejus
2191 4166 2437 4229 scriniis
2466 4165 2624 4227 clam
2660 4182 2947 4225 aversum
2980 4164 3039 4224 in
3072 4164 3286 4225 nescio
3333 4162 3507 4242 quod

281 4258 634 4321 barathrum
659 4279 892 4341 quasve
926 4262 1212 4324 latumias
1237 4263 2057 4326 contruditurinexorabilis
2082 4264 2383 4326 custodite
2417 4280 2430 4322 :
2463 4262 2583 4324 nisi
2611 4261 2821 4341 potius
2855 4260 3047 4341 (quod
3079 4261 3505 4323 verisimiliter

279 4357 371 4416 alii
409 4359 652 4433 rentur)
686 4375 837 4420 casu
867 4359 1145 4438 quodam
1177 4360 1409 4423 infesto
1440 4362 1840 4439 absumptum
1878 4368 1973 4423 est
2001 4361 2307 4422 funditus.
2335 4362 2449 4421 Hic
2483 4369 2585 4422 tua
2625 4367 2935 4438 quaedam,
2973 4362 3064 4420 vir
3092 4359 3499 4438 amplissime,

282 4470 479 4515 rerum
526 4454 1038 4534 fatoprudentia
1072 4457 1271 4535 major
1298 4458 1452 4518 etin
1492 4474 1624 4519 rem
1688 4456 2048 4518 litterariam
2107 4457 2294 4517 nullis
2354 4456 2728 4517 deterrenda
2783 4454 3267 4527 difficultatibus,
3326 4455 3512 4517 nullis

283 4551 623 4611 coercenda
655 4551 884 4611 ﬁnibus
932 4552 1312 4628 benignitas,
1345 4554 1511 4613 velut
1545 4569 1580 4614 e
1618 4551 1908 4613 machina
1940 4555 2127 4625 Deus,
2168 4554 2390 4615 adfuit.
2431 4553 2715 4630 Capessis
2767 4550 2929 4614 hanc
2979 4569 3217 4625 curam,
3249 4552 3512 4614 adhibes

284 4645 577 4715 animum,
614 4645 863 4706 lustrari
889 4644 1310 4708 bibliothecas
1332 4646 1542 4725 jubes,
1580 4664 1813 4720 versas,
1851 4649 2140 4726 inquiris,
2176 4666 2301 4727 qua
2329 4648 2495 4709 vales
2542 4656 2800 4727 prepter
2830 4664 3136 4709 summam
3168 4648 3511 4709 auctoritas

286 4750 396 4802 tem
435 4749 751 4821 potestate
788 4742 1008 4820 longe,
1070 4759 1294 4820 prope,
1323 4744 1390 4804 in
1422 4750 1721 4815 nostrate,
1756 4743 1820 4803 in
1857 4752 2074 4807 extero
2103 4747 2265 4817 solo,
2306 4746 2575 4817 moliris,
2631 4745 2917 4822 indagas.
2957 4746 3214 4823 retegis,
3275 4746 3511 4823 satagis

288 4841 562 4917 plurima.
604 4842 946 4920 Postquam
970 4840 1125 4902 satis
1158 4841 1438 4902 constitit
1470 4840 1622 4902 nihil
1653 4839 1978 4911 inGallia,
2013 4839 2167 4900 nihil
2193 4841 2254 4901 in
2288 4840 2646 4911 Germania,
2688 4838 2838 4900 nihil
2890 4837 3133 4917 uspiam
3164 4838 3515 4917 Cisalpina—

287 4954 407 4998 rum
442 4936 723 5016 gentium
748 4939 882 5017 spei
916 4942 1031 4999 aut
1062 4937 1332 5014 prmsidii
1366 4936 1445 4998 ad
1476 4941 1724 4998 Annam
1755 4953 1922 5010 esse,
1952 4935 2019 4996 in
2059 4936 2297 4998 Italiam
2332 4935 2702 5005 transvolas,
2735 4936 2955 4997 Roma)
3004 4952 3134 4996 rem
3176 4953 3378 5008 curas,
3415 4953 3510 4997 ac-

285 5035 570 5096 cersitum
606 5033 759 5095 inde
817 5034 1114 5097 codicem
1150 5033 1550 5095 bibliothecae
1581 5034 1940 5095 Barberinaa
1970 5049 2098 5094 non
2130 5034 2438 5112 Optimum
2470 5039 2575 5093 aut
2609 5031 3086 5108 integerrimum
3146 5031 3321 5091 illum
3365 5031 3510 5107 qui-

286 5131 436 5199 dem,
468 5139 686 5191 tamen
715 5128 1031 5209 ejusmodi
1067 5145 1195 5206 quo
1225 5129 1539 5207 interpres
1567 5146 1698 5191 non
1729 5128 1951 5199 hebes,
2005 5146 2123 5190 nec
2156 5130 2344 5208 plane
2383 5127 2719 5207 imperitus
2755 5126 3069 5189 consolari
3128 5126 3510 5186 desiderium

284 5227 550 5289 melioris
580 5235 822 5306 posset,
854 5243 1006 5288 cum
1043 5225 1345 5286 nonnulla
1377 5226 1603 5287 ﬁducia
1637 5242 1851 5305 Operm
1880 5223 2217 5294 navandm;
2265 5224 2542 5289 allatum,
2572 5222 2854 5301 inquam,
2887 5220 2961 5281 ad
2996 5227 3053 5278 te
3084 5220 3287 5278 Roma
3321 5219 3511 5276 Lute-

286 5323 417 5384 tiam
446 5323 760 5404 ejusmodi
792 5324 1090 5385 codicem
1118 5321 1195 5381 ad
1227 5338 1326 5382 me
1352 5322 1643 5393 Tolosam
1678 5321 1890 5381 mittis.
1925 5317 2141 5378 Aﬂixis
2177 5317 2645 5396 implicitusque
2687 5326 2817 5377 tum
2852 5332 3019 5376 eram
3050 5313 3216 5373 curis
3248 5319 3404 5383 toto,
3442 5318 3512 5371 ut

286 5416 356 5477 ita
379 5421 601 5485 dicam.
637 5418 801 5481 coelo
830 5415 1145 5488 diversis;
1177 5432 1385 5495 neque
1417 5416 1493 5477 iis
1524 5425 1628 5477 aut
1651 5428 1916 5477 numero
1957 5413 2197 5492 paucis,
2252 5420 2360 5473 aut
2403 5429 2637 5489 genere
2697 5411 2960 5471 levibus.
3022 5407 3183 5466 Hinc
3240 5407 3511 5477 Marcus,

286 5511 615 5596 Lucasque,
650 5514 952 5577 Matthmo
984 5511 1117 5589 jam
1151 5511 1429 5589 perfecto
1460 5511 1836 5591 promissam
1878 5508 2300 5589 reposcebant
2328 5525 2609 5585 Operam.
2662 5503 2928 5565 Aliunde
2981 5501 3207 5562 divinm
3264 5500 3510 5560 Litteras

285 5595 692 5688 professorem
718 5627 908 5673 suum
936 5608 1086 5688 jure
1118 5623 1305 5668 manu
1326 5614 1689 5669 consertum
1718 5606 2021 5668 tenebant
2055 5622 2136 5666 ne
2180 5607 2257 5664 ad
2292 5605 2583 5664 humanae
2610 5600 2891 5659 historiae
2921 5595 3508 5674 interpretationem

283 5707 747 5773 descenderem.
778 5706 1084 5781 Denique
1114 5688 1299 5782 cepta
1325 5704 1481 5763 varii
1518 5703 1767 5781 generis
1798 5702 2123 5779 complura
2151 5698 2498 5760 clausulam
2527 5693 3084 5773 colophonemque
3123 5691 3506 5782 ﬂagitabant.

284 5802 421 5876 Quid
447 5824 702 5884 agerem
726 5809 757 5868 ?
814 5813 926 5868 tua
960 5781 1274 5863 Mecamas
1304 5799 1468 5863 haud
1504 5799 1714 5863 mollia
1734 5799 1934 5879 juzsa.
1969 5795 2247 5860 lnduciis
2284 5801 2606 5874 utcunque
2648 5789 3032 5870 impetratis;
3081 5793 3156 5873 ‘et
3203 5781 3380 5864 quasi
3428 5782 3507 5877 ab
