4068 6264
535 389 604 449 6.;
1648 384 1875 444 PETRI
1919 380 2119 443 POSSI
2135 380 2211 442 .\’I
2276 383 2367 442 PR
2380 380 2688 447 .EFATIO.
3703 385 3772 446 64

531 496 1002 578 urgentioribus
1030 497 1412 561 creditorum
1434 513 1611 558 mora
1639 496 1972 560 solutionis
2007 502 2280 568 exorata,
2307 503 2506 556 totum
2529 500 2721 557 Anna}
2757 511 2855 555 me
2876 494 3089 569 tribui,
3122 500 3322 556 totum
3348 492 3628 572 impendi
3666 510 3681 555 :
3711 506 3773 560 et

530 603 730 654 totum
764 597 842 652 ita
875 610 972 652 res
1005 595 1299 670 poscebat
1332 600 1395 654 ut
1430 610 1544 653 nec
1580 599 1744 653 totus
1765 591 2141 652 sutiicerem.
2173 592 2241 651 In
2273 592 2614 670 scriptione
2644 591 2867 669 passim
2890 590 3125 651 incerta
3150 590 3527 669 exemplaris
3545 594 3775 653 tumulo

531 691 727 750 tuaria
747 689 1080 750 collatione
1099 689 1453 750 concinnati
1473 689 1830 765 conjectura
1854 695 1911 746 et
1935 686 2292 764 su5picione
2309 689 2608 749 utendum
2635 687 2994 766 plurimum.
3016 687 3775 749 Lacuntedivinationibus

534 783 929 860 supplendaa.
962 782 1314 845 Cavendum
1349 802 1424 844 ne.
1460 784 1643 859 longe
1676 781 2069 842 ornatissima
2102 782 2435 843 Comnenze
2468 784 2665 844 oratio
2701 783 2884 843 nimis
2909 781 3207 859 inaequali
3240 782 3510 844 versioni
3546 782 3773 843 Latium

532 888 1033 958 comparatetur;
1071 898 1196 941 non
1233 880 1460 939 minori
1487 878 1736 939 fastidio
1759 878 2160 955 convitioque
2193 879 2544 951 oculoxum,
2579 896 2768 957 quam
2811 879 2861 940 si
2901 877 3294 938 holosericus
3325 879 3453 938 viva
3490 896 3769 957 purpura

532 974 747 1037 lucens
781 995 1023 1053 pannus
1063 991 1247 1039 sacco
1277 974 1531 1037 cilieino
1561 983 1667 1037 aut
1710 974 1886 1055 pullo
1920 975 2179 1035 centeni
2222 982 2606 1036 assueretur.
2646 974 3005 1034 Veiendum
3041 990 3117 1034 ne
3158 971 3351 1050 (quod
3404 992 3621 1047 parum
3684 976 3770 1033 vi-

534 1078 692 1133 tasse
724 1072 972 1150 aliquos
1026 1071 1281 1149 querela
1335 1070 1676 1132 nultorum
1733 1068 1858 1147 est)
1917 1069 2503 1146 interpretationem
2570 1071 2848 1131 Latinam
2898 1069 3167 1130 facerem
3229 1069 3493 1129 similem
3543 1071 3769 1131 setacei

530 1168 794 1235 cribelli.
837 1169 1005 1246 quod
1041 1170 1335 1230 immissas
1360 1168 1422 1229 in
1456 1167 1781 1230 cerniculo
1814 1167 2032 1230 farinae
2081 1166 2301 1229 ﬁerem
2345 1165 2553 1245 ipsum
2610 1183 2681 1226 ac
2732 1181 2956 1241 putum
3027 1164 3326 1241 pollinem
3388 1168 3768 1237 transmittit,

525 1263 803 1325 furfures
834 1281 904 1325 ac
934 1264 1151 1325 sordes
1183 1281 1386 1325 meras
1418 1264 1643 1325 retinet
1668 1269 1729 1325 et
1763 1263 2055 1325 exhibet.
2091 1263 2180 1323 Ad
2220 1260 2355 1321 haec
2392 1261 2688 1339 quoniam
2721 1260 2784 1319 in
2809 1259 3149 1319 Ctesarissaa
3179 1260 3474 1320 familiam
3514 1264 3769 1320 nomine

527 1365 716 1437 atque
750 1367 1229 1422 auctoramento
1286 1360 1644 1437 interpretis
1680 1358 2188 1428 transcribebar;
2233 1356 2510 1417 tenenda
2543 1355 2631 1415 vis
2663 1354 2848 1433 hujus
2884 1353 3093 1422 ofﬁcii,
3129 1355 3298 1430 quod
3331 1372 3417 1433 qu
3466 1356 3523 1416 le
3555 1357 3657 1427 sit,
3693 1376 3769 1416 ex

526 1454 757 1514 muniis
811 1454 1089 1532 ejusdem
1119 1455 1391 1530 generis,
1425 1454 1870 1534 principalium
1905 1453 2253 1515 scribarum
2287 1459 2347 1510 et
2380 1449 2800 1528 palatinorum
2835 1451 3499 1511 commentariensium
3563 1460 3767 1530 potest

526 1540 814 1625 intelligi.
854 1549 935 1608 lis
971 1566 1152 1626 reges
1190 1549 1557 1627 reginaaqne
1589 1549 1673 1610 uti
1707 1550 1915 1610 solent
1961 1548 2038 1609 ad
2072 1545 2437 1608 scribendas
2481 1562 2639 1624 quas
2689 1544 3201 1624 quoqueversum
3240 1547 3551 1606 missitant
3600 1548 3765 1608 litte-

526 1655 650 1710 ras,
684 1657 947 1718 quarum
988 1642 1364 1702 sententiam
1402 1641 1509 1703 ubi
1542 1641 1733 1702 verbo
1767 1646 1873 1701 aut
1904 1647 2056 1701 nutu
2089 1640 2476 1712 indicarunt,
2512 1641 2776 1702 istorum
2826 1640 2956 1719 jam
2992 1641 3310 1715 negotium
3352 1648 3467 1712 est,
3512 1660 3625 1719 pro
3655 1660 3764 1703 sua

527 1735 832 1813 cujusque
862 1735 1183 1809 facultate,
1236 1745 1512 1797 mentem
1545 1736 1960 1815 subscripturi
2017 1736 2247 1797 deinde
2286 1736 2616 1816 principis.
2652 1754 2729 1797 ex
2762 1737 2894 1815 ejus
2926 1736 3229 1813 dignitate
3275 1738 3491 1814 reique
3541 1740 3767 1799 merito

525 1846 710 1908 quam
749 1830 1065 1908 aptissime
1097 1849 1412 1910 quamque
1447 1831 1849 1892 disertissime
1881 1831 2211 1894 disserere.
2236 1834 2562 1894 Postremo
2593 1835 2957 1894 conandum
2989 1841 3053 1893 ut
3095 1833 3289 1894 (ἔκ-αξρὶ
3321 1851 3510 1910 quem
3547 1836 3762 1913 expri-

521 1925 819 1987 mendum
851 1944 1252 2006 susceperam
1287 1926 1615 2006 archetypi
1652 1942 1780 1986 non
1810 1927 2300 2005 superﬁciariam
2333 1928 2536 1989 solum
2569 1928 2832 1990 formam
2856 1935 2958 1989 aut
2983 1929 3212 1990 extima
3245 1931 3546 1991 duntaxat
3572 1930 3770 1993 linea-

524 2036 737 2089 menta
781 2028 1026 2106 (qualia
1064 2029 1406 2091 viventium
1449 2029 1514 2089 in
1570 2037 1820 2090 mortuo
1861 2035 2093 2089 restant
2141 2029 2480 2110 cadavere)
2534 2029 2699 2108 style
2750 2037 3075 2108 utcunque
3122 2031 3483 2092 assimulata
3547 2032 3769 2092 redde-

524 2140 658 2185 rem
703 2141 968 2187 :verum
1004 2127 1184 2187 illum
1237 2127 1503 2206 insuper
1557 2126 1869 2203 vigentem
1923 2143 1994 2188 ac
2048 2132 2440 2203 vegetantem
2498 2126 2690 2200 intus,
2738 2127 3137 2205 subindeque
3190 2127 3344 2187 vivis
3404 2144 3479 2188 ex
3532 2145 3763 2190 arcano

524 2222 1022 2284 cvibratimnibus
1058 2224 1391 2285 micantem
1425 2225 1657 2284 Latinae
1691 2240 1952 2298 quoque
2003 2222 2381 2300 expositioni
2415 2223 2669 2302 penitus
2725 2223 3005 2284 inderem
3064 2230 3252 2301 atque
3302 2223 3323 2283 i
3371 2222 3670 2296 halarem,
3710 2225 3761 2283 si

523 2334 803 2393 possem,
835 2320 1151 2398 spiritum,
1196 2319 1364 2381 velut
1396 2322 1632 2398 ignem,
1673 2319 1872 2390 aiunt,
1924 2318 2197 2379 aetherea
2241 2318 2619 2379 subductum
2670 2319 2860 2379 domo
2918 2317 3088 2380 luteo
3127 2320 3537 2382 Prometheus
3583 2322 3757 2397 Operi

526 2413 800 2487 miscuit,
830 2414 983 2475 nihil
1010 2416 1243 2493 alioqui
1277 2433 1464 2477 sunra
1494 2431 1756 2476 massam
1794 2413 1976 2474 vilem
2014 2414 2351 2476 madefacti
2381 2416 2665 2495 pulveris
2685 2416 2918 2477 futuro.
2952 2418 3064 2478 His
3086 2435 3202 2496 ego
3230 2426 3316 2479 tot
3338 2419 3753 2488 cautionibus,

528 2512 619 2567 tot
650 2509 1349 2588 cireumSpectionibus,
1384 2527 1454 2571 ac
1501 2508 2035 2570 destinationibus
2072 2516 2194 2573 tam
2225 2514 2410 2574 variis
2465 2514 2927 2592 praemunitam,
2982 2513 3110 2574 imo
3167 2515 3369 2575 detixe
3424 2516 3751 2583 intentam,

520 2611 714 2682 atque
746 2606 931 2666 anxie
959 2606 1293 2667 sollicitam
1332 2615 1606 2667 mentem
1643 2605 1831 2666 habui
1860 2614 1989 2666 tota
2026 2606 2087 2666 in
2119 2606 2445 2668 functione
2506 2609 2866 2669 demandati
2911 2608 3097 2687 hujus
3127 2628 3158 2671 a
3192 2617 3250 2671 te
3284 2609 3434 2670 mihi
3476 2612 3757 2671 muneris

522 2699 1034 2766 iuculentissimaa
1066 2705 1343 2767 historia)
1374 2704 1603 2767 Latinis
1644 2704 1908 2764 edenda)
1940 2703 2185 2765 litteris.
2232 2706 2595 2780 Quanquam
2630 2721 2786 2763 mete
2815 2721 2914 2765 me
2943 2705 3386 2766 imbecillitatis
3425 2706 3756 2766 conscien-

523 2798 609 2859 tia
648 2800 904 2861 nimium
939 2801 1156 2862 timere
1187 2801 1380 2879 cogit,
1424 2818 1550 2863 non
1586 2801 1777 2862 modo
1817 2817 1897 2861 ne
1929 2799 2098 2879 quod
2131 2801 2444 2877 sequebar
2475 2816 2600 2860 non
2639 2810 2963 2860 assecutus
3004 2801 3146 2872 sim,
3198 2817 3412 2860 verum
3458 2799 3641 2859 etiam
3674 2818 3753 2861 ne

520 2891 587 2953 in
618 2895 769 2955 alias
799 2896 1023 2957 diversi
1068 2899 1315 2974 generis
1346 2897 1878 2977 reprehensiones
1908 2895 2310 2958 incurrerim.
2359 2895 2501 2956 Scio
2550 2895 2843 2956 nimitum
2896 2896 3049 2967 scio,
3117 2896 3245 2956 haec
3297 2897 3373 2956 de
3417 2914 3537 2974 qua
3597 2896 3749 2965 dixi,

523 3006 708 3058 quam
746 2993 1064 3070 proﬁteor,
1090 2994 1278 3054 libere
1313 2994 1631 3071 politeque
1662 2991 2114 3071 interpretandi
2133 2997 2299 3053 secta
2319 2998 2378 3051 et
2404 2991 2581 3061 ratio,
2604 2992 2699 3052 cui
2726 2999 3163 3069 quanlmquam
3197 2991 3530 3051 offensioni
3560 3007 3751 3069 eXpo-

522 3089 641 3147 sita
684 3089 764 3148 sit
795 3091 1066 3149 tristium
1097 3107 1528 3151 censurarum.
1567 3091 1723 3150 Sunt
1759 3088 1867 3168 qui
1909 3104 2089 3149 nares
2131 3095 2490 3162 corrugent,
2543 3086 2649 3165 qui
2696 3087 3113 3165 superciliose
3173 3094 3437 3146 renuant
3499 3087 3749 3164 quoties

523 3185 797 3245 occurrit
844 3186 1049 3247 Latina
1089 3187 1288 3247 oratio
1326 3205 1518 3265 super
1539 3187 1769 3248 Griecaa
1805 3185 2101 3256 modum;
2150 3182 2398 3263 quoties
2431 3182 2697 3243 vicissim
2735 3184 3031 3242 ﬂuentem
3061 3181 3231 3242 velut
3264 3182 3468 3242 sinum
3503 3182 3748 3243 Asiatici

520 3280 821 3354 Syrmatis
863 3282 1160 3342 Romanae
1192 3282 1512 3343 munditias
1535 3282 1822 3344 breviore
1861 3280 2255 3341 succinctum
2292 3278 2462 3340 nodo
2503 3285 2758 3354 cogunt.
2791 3279 2938 3350 Quis
2974 3295 3196 3340 omnes
3235 3288 3557 3340 enumerct
3597 3278 3749 3339 deli~

519 3372 649 3432 cias
684 3373 1095 3445 fastidiorum,
1131 3395 1397 3454 quarum
1430 3377 1494 3436 in
1543 3393 1801 3439 censum
1840 3375 2098 3437 veniunt
2133 3373 2537 3435 oscitationes
2563 3373 2727 3434 male
2767 3372 3134 3434 feriatorum
3175 3374 3400 3452 supina
3434 3374 3746 3435 interdum

519 3473 584 3528 et
621 3470 982 3530 semisomni
1015 3471 1281 3532 lectione
1327 3472 1476 3532 nihil
1513 3472 1627 3532 nisi
1669 3488 1854 3532 ansas
1888 3468 2218 3532 vellicandi
2267 3467 2672 3547 captantium.
2711 3467 2833 3527 Hic
2894 3467 3225 3542 enimvero,
3288 3468 3484 3540 aiunt,
3543 3469 3752 3529 Graia:

523 3582 778 3624 acumen
809 3569 1072 3642 argutia:
1097 3568 1391 3645 pinguem
1423 3569 1824 3645 interpretem
1855 3566 2021 3625 haud
2047 3565 2337 3644 pupugit.
2384 3563 2549 3624 Alias
2597 3562 2979 3623 subsannant
3011 3581 3023 3621 :
3057 3564 3188 3623 Hui
3241 3583 3421 3643 quam
3468 3564 3750 3641 patulum

518 3660 689 3720 circa
719 3661 926 3722 orbem
955 3671 1126 3722 errat
1155 3663 1176 3722 Ι
1211 3670 1305 3723 est
1333 3663 1435 3723 ubi
1469 3662 1785 3741 ﬂagitium
1814 3663 1834 3721 .'
1870 3661 2226 3740 inercpent,
2258 3659 2422 3739 quod
2440 3658 2683 3737 judicio
2723 3659 3005 3737 ipsorum
3036 3658 3508 3736 straugutentur
3536 3670 3749 3720 aucto-

514 3757 608 3816 ris
653 3775 855 3832 sensa,
920 3758 1084 3838 quod
1136 3766 1452 3818 mutentur
1518 3777 1710 3819 aurea
1739 3758 2065 3837 plumbeis.
2108 3757 2286 3832 Quod
2314 3755 2520 3815 stricti
2572 3753 2734 3815 sales
2776 3754 3222 3831 intemperanti
3271 3757 3503 3814 Latinae
3558 3757 3749 3833 copia:

519 3853 957 3929 superfusione
989 3853 1334 3933 liqueﬁunt.
1375 3855 1661 3934 Denique
1692 3855 1944 3917 interim
1978 3854 2166 3915 bilem
2199 3855 2539 3928 erumpunt
2595 3850 2996 3927 indignantes
3030 3872 3044 3910 :
3091 3851 3421 3911 Exurdato
3457 3850 3746 3913 barbarie

513 3947 734 4026 palato
775 3968 899 4009 non
937 3953 1215 4028 sapuisse
1246 3950 1505 4012 salivam
1540 3953 1836 4012 Atticam.
1882 3953 2028 4012 Hac
2058 3955 2118 4009 et
2154 3949 2286 4027 ejus
2315 3946 2563 4025 generis
2597 3954 2821 4007 caetera
2858 3953 3211 4025 praeterque
3245 3948 3523 4024 longum,
3554 3949 3745 4009 etiam

519 4061 637 4105 nec
667 4045 817 4105 mihi
860 4056 1239 4125 promptum,
1282 4054 1341 4106 et
1372 4047 1611 4125 alioqui
1638 4049 1812 4108 exitu
1842 4064 2076 4124 anceps
2098 4045 2284 4106 fuerit
2313 4044 2473 4107 velle
2522 4044 2849 4121 purgando
2882 4061 2952 4105 ac
2987 4061 3100 4121 pro
3160 4061 3259 4105 me
3322 4045 3592 4105 dicendo
3644 4063 3742 4105 re-

513 4138 756 4201 fellere.
791 4141 1120 4216 Nunquam
1152 4140 1444 4218 equidem
1474 4141 1650 4202 soleo
1685 4139 1838 4200 mihi
1868 4141 2051 4200 nimis
2074 4142 2375 4202 tribuere.
2402 4141 2558 4213 Quin
2585 4142 2743 4202 adeo
2778 4140 3148 4219 plerumque
3182 4143 3316 4219 ipse
3348 4140 3496 4200 mihi
3527 4159 3741 4219 parum

508 4251 734 4313 mquus
766 4252 942 4302 sum;
986 4235 1223 4312 quippe
1269 4235 1509 4312 ingenii
1541 4253 1613 4295 ae
1651 4235 1961 4298 facultatis
1993 4243 2230 4313 quanta
2264 4235 2344 4296 sit
2372 4236 2645 4296 tenuitas
2704 4235 2996 4296 conscius
3052 4237 3323 4307 animus,
3363 4235 3602 4313 judicia
3641 4255 3743 4297 re-

512 4330 1044 4408 prehendentium
1077 4329 1166 4389 vel
1200 4329 1434 4408 excipit
1460 4345 1721 4390 assensu
1749 4329 1941 4400 facili,
1975 4329 2068 4390 vel
2106 4328 2267 4389 ultro
2311 4327 2756 4389 consciscenda
2799 4345 3065 4390 censura
3117 4338 3531 4407 praeoccupat.
3567 4334 3745 4393 Nunc

511 4441 664 4487 vero
694 4424 877 4485 etiam
915 4424 1246 4503 plusquam
1279 4424 1430 4486 alias
1463 4424 1624 4486 male
1659 4433 1899 4499 metuo,
1940 4442 2018 4486 ne
2053 4425 2203 4485 alibi
2236 4423 2350 4495 vis,
2392 4423 2537 4484 alibi
2571 4441 2694 4496 ars,
2739 4423 2885 4484 alibi
2913 4423 3179 4486 felicitas
3233 4427 3533 4502 satagenti
3602 4428 3747 4489 licet

511 4519 667 4581 mihi
708 4518 1062 4597 frustraque
1088 4520 1371 4581 molienti
1400 4520 1691 4581 defuerit.
1723 4521 2139 4592 Quamobrem
2168 4519 2411 4595 singula
2442 4518 2683 4596 objecta
2726 4520 2775 4579 si
2838 4536 3203 4599 persequar,
3247 4522 3530 4597 quaedam
3582 4523 3742 4584 forte

510 4619 634 4679 sint
663 4616 893 4695 quibus
921 4616 1236 4677 diluendis
1266 4633 1383 4677 nec
1416 4632 1688 4688 coronae,
1726 4632 1841 4677 nec
1863 4615 2186 4693 judicibus
2222 4615 2618 4688 satisfaciam,
2655 4615 2957 4675 nonnulla
2995 4617 3178 4676 etiam
3211 4616 3273 4677 in
3305 4617 3534 4694 quibus
3562 4637 3743 4680 accu-

505 4719 699 4779 satori
734 4732 875 4776 reus
908 4722 1132 4792 sponte
1160 4713 1469 4774 confitens
1498 4713 1702 4792 palam
1734 4712 1875 4772 dem
1908 4728 2153 4772 manus.
2187 4713 2577 4774 Innocentiaa
2604 4731 2758 4775 mete
2783 4721 2988 4775 tamen
3025 4723 3083 4775 et
3116 4716 3258 4776 tidei
3287 4715 3410 4778 hoc
3445 4717 3509 4777 in
3541 4736 3739 4797 nego-

506 4815 600 4877 tio
634 4813 885 4891 eptimte
908 4826 1037 4871 non
1069 4826 1099 4871 θ
1140 4808 1683 4870 criminationibus
1711 4808 1909 4885 magis
1940 4807 2161 4868 alienis
2201 4823 2386 4884 quam
2425 4807 2503 4869 ab
2531 4808 2731 4887 ipsius
2760 4808 2883 4869 mei
2932 4810 3295 4872 morositate
3314 4812 3534 4889 judicii
3569 4817 3733 4891 peri-

508 4909 803 4977 clitantis,
839 4925 917 4968 ne
942 4905 1190 4985 penitus
1227 4921 1474 4966 causam
1518 4905 1822 4974 deseram,
1856 4904 2279 4981 profitendum
2323 4904 2425 4967 hic
2467 4912 2582 4978 est,
2640 4920 2742 4965 me
2792 4913 2947 4966 nutu
2977 4923 3049 4967 ac
3095 4907 3274 4983 jussu
3308 4914 3418 4967 tuo
3450 4917 3735 4985 suscepta

512 4999 836 5082 provincia
868 5013 1055 5076 quam
1088 4995 1350 5056 minime
1370 4994 1533 5057 male
1565 4993 1824 5072 defungi
1856 4995 2188 5070 studuisse,
2221 4999 2286 5060 in
2318 5017 2395 5061 eo
2428 5016 2546 5061 nec
2576 5000 2846 5077 tempori
2885 5017 3000 5060 nec
3048 4998 3266 5064 labori.
3318 5016 3436 5060 nec
3471 5009 3735 5062 conten~

507 5096 667 5159 tioni
707 5092 1066 5174 pepercisse
1106 5107 1410 5169 unquam.
1444 5092 1785 5151 Successus
1815 5091 1957 5168 quis
1981 5094 2234 5154 tandem
2265 5097 2516 5156 conatui
2565 5095 2987 5173 responderit,
3032 5103 3101 5156 ut
3149 5096 3572 5173 producenda;
3620 5116 3731 5157 ne-

507 5192 851 5272 quidquam
883 5187 1095 5248 multis
1124 5183 1473 5264 clepsydris
1502 5184 1811 5264 apologiaa
1842 5188 2285 5267 compendium
2350 5208 2477 5253 uno
2513 5190 2703 5251 verbo
2734 5189 2976 5262 faciam,
3012 5190 3119 5262 tui,
3163 5192 3255 5249 vir
3291 5191 3583 5265 maxime,
3626 5195 3727 5271 ju-

509 5290 682 5361 dicii,
716 5287 806 5349 tui
842 5283 1080 5347 arbitrii
1119 5300 1219 5343 res
1247 5288 1404 5344 esto.
1439 5284 1636 5343 Nemo
1667 5283 1784 5344 erit
1811 5284 2091 5344 omnium
2135 5286 2257 5364 (sat
2292 5285 2456 5365 scio)
2491 5295 2610 5346 tam
2657 5287 2948 5364 pervicax
2976 5287 3084 5364 qui
3128 5286 3179 5346 si
3226 5286 3433 5347 minus
3476 5298 3732 5367 prepter

507 5384 961 5464 amplissimum
994 5378 1443 5456 magistratum,
1475 5392 1601 5454 quo
1615 5376 1778 5455 juris
1821 5385 1881 5439 et
1915 5380 2075 5457 tequi
2110 5381 2515 5443 moderamen
2545 5382 2651 5441 tibi
2676 5398 2989 5443 summum
3021 5381 3384 5444 attributum
3410 5396 3528 5455 est,
3558 5395 3731 5446 certe

508 5486 770 5561 prepter
817 5475 1205 5538 notissimam
1239 5470 1556 5544 omnibus,
1590 5478 1651 5531 et
1694 5472 1853 5534 ultra
1881 5473 2068 5535 etiam
2093 5491 2281 5552 quam
2312 5476 2561 5554 imperii
2599 5476 2756 5536 tines
2783 5475 3001 5538 Gallici
3035 5477 3374 5554 pertinent,
3414 5479 3729 5543 celebrem

503 5594 579 5639 ac
609 5572 1032 5636 venerabilem
1066 5571 1445 5646 iniquitatem,
1479 5566 1764 5628 doctrina
1795 5569 1963 5630 varia
1996 5569 2333 5647 omnisque
2368 5570 2616 5646 generis
2639 5570 2950 5651 sapientia
2985 5572 3412 5650 conjunctam,
3444 5590 3575 5635 non
3603 5584 3728 5638 tuae

504 5673 793 5737 standum
836 5664 1193 5731 definitioni
1222 5669 1447 5742 putet:
1486 5678 1588 5724 me
1623 5662 1881 5740 quidem
1915 5665 2074 5742 ipso,
2125 5680 2513 5744 quocunque
2569 5664 2703 5726 alea
2745 5665 3016 5734 verterit.
3080 5668 3240 5728 adeo
3303 5667 3453 5728 nihil
3508 5680 3729 5734 contra

506 5773 854 5849 exceptum
882 5762 973 5828 vel
1015 5762 1451 5839 provocatum,
1493 5763 1560 5818 ut
1586 5759 2078 5838 subscriptorem
2112 5758 2712 5838 astipulatoremque
2763 5761 3197 5839 cujuscunque
3226 5780 3447 5826 sensus
3483 5772 3566 5827 tui
3597 5768 3725 5845 jam
