4068 6264
296 321 367 384 65
1426 329 1652 394 PETRI
1688 332 1889 393 Γοεςι

1944 333 1983 392 TI
2034 334 2441 402 PRAEFATlO.
3478 341 3550 407 66

296 423 649 528 hincullro
679 429 1006 508 pollicear.
1040 437 1127 498 Te
1168 436 1303 499 fere
1327 438 1389 499 in
1422 438 1758 501 scribendo
1788 445 2146 519 spectabam
2175 466 2381 519 unice,
2440 445 2544 507 tibi
2578 463 2677 508 me
2717 446 3024 525 ﬁngebam
3067 450 3495 528 paraliamque
3526 465 3547 513 :

297 522 400 626 tibi
422 522 473 584 si
501 524 743 626 plscm,
760 529 1010 594 abunde
1037 535 1341 597 mercedis
1374 543 1487 597 est.
1526 538 1677 597 Nam
1715 544 2119 619 praterquam
2151 547 2319 626 quod
2347 544 2543 606 laudis
2578 522 2841 623 publicae
2865 522 3320 624 prajudicium,
3373 522 3551 609 favor

297 623 894 714 tantaeauctoritatis
916 637 1153 691 certum
1187 631 1405 695 habet:
1432 635 1526 695 vel
1552 634 1605 694 si
1633 636 1937 714 probares
1970 640 2142 701 solus
2173 623 2616 702 tlamnantiliu‘s
2649 642 2893 701 cunctis
2923 623 2999 702 aii
3032 642 3210 703 fama
3244 642 3551 703 rationem

296 711 698 815 fructumque
735 721 951 797 animi,
992 743 1154 788 unus
1182 727 1332 789 mihi
1364 735 1428 790 tu
1462 711 1653 790 instar
1672 728 1959 801 millium,
1992 732 2189 793 instar
2218 736 2498 798 omnium
2531 737 2751 796 merito
2784 733 2973 796 fores.
3018 737 3126 797 Sin
3157 753 3304 798 vero
3336 753 3551 815 reprc-

294 808 540 909 hendis,
561 831 694 876 non
725 820 1029 882 continuo
1061 822 1280 886 lusisse
1315 843 1411 887 me
1442 844 1696 904 operam
1722 834 1827 887 aut
1852 825 2034 904 plane
2070 830 2228 891 votis
2266 832 2573 893 excidisse
2594 830 2917 909 judicabo.
2952 831 3345 893 Abirretorta
3376 808 3552 891 men-

298 906 371 966 lis
407 909 488 983 vi,
524 912 608 971 ab
640 914 928 993 aquilina
958 918 1391 998 intelligentia
1431 923 1536 983 illa
1572 931 1695 984 tum
1728 922 1886 993 acie,
1930 923 2028 984 cui
2060 923 2275 985 fucum
2317 924 2525 986 nullus
2548 906 2723 985 color
2758 924 2990 996 facere,
3044 925 3213 986 nulla
3264 942 3331 985 se
3392 940 3548 1003 pro-

294 1003 437 1063 bare
467 1009 750 1070 mendax
771 1012 989 1087 gratia,
1016 1014 1183 1076 nulla
1217 1016 1458 1095 placere
1484 1018 1602 1078 nisi
1624 1018 1759 1080 viva
1783 1018 2109 1097 nativaque
2144 1020 2547 1098 pulchritudo
2584 1028 2810 1099 potest,
2834 1022 2911 1081 ad
2938 1020 3550 1098 indulgentissimam

296 1098 707 1166 clementiam
762 1108 1237 1187 benignissima)
1292 1112 1887 1193 humanissimaque
1940 1115 2280 1177 voluntatis
2333 1134 2433 1178 me
2489 1117 2826 1195 recipiam;
2885 1116 3100 1194 ibique
3158 1116 3332 1194 asylo
3381 1122 3551 1176 tutus

296 1201 651 1264 certissimo
691 1223 877 1284 spem
909 1209 969 1269 in
1001 1212 1142 1271 sinu
1176 1212 1420 1272 dulcem
1452 1212 1637 1283 alam,
1664 1212 1800 1274 fore
1824 1219 1890 1273 ut
1923 1214 2099 1274 venia
2131 1212 2479 1274 consoleris
2508 1214 2677 1291 quod
2714 1214 3100 1274 remunerari
3132 1214 3312 1274 laude
3341 1213 3551 1273 minus

300 1302 511 1369 poles;
556 1308 619 1359 et
646 1308 822 1362 trans
855 1304 995 1365 vilia
1029 1305 1354 1367 ineruditce
1387 1325 1631 1381 manus,
1664 1309 1952 1371 benevoli
1998 1311 2271 1387 pectoris
2301 1309 2508 1371 ofﬁcio
2540 1309 2753 1387 agnito
2788 1326 2906 1371 nec
2940 1318 3176 1386 Spreto,
3212 1309 3548 1388 quodcun-

297 1410 413 1465 que
451 1393 573 1456 hoc
608 1407 704 1457 est
747 1402 1299 1481 quamvisillepidi
1338 1404 1717 1477 munusculi,
1745 1414 2227 1467 monumentum
2252 1414 2559 1468 aternum
2594 1423 2733 1469 esse
2756 1406 3015 1487 patiaris
3036 1405 3170 1486 ejus
3203 1406 3547 1468 observan-

299 1496 317 1546 t
345 1507 395 1548 ω
423 1508 495 1551 ac
528 1496 968 1557 veneratiolis
991 1516 1111 1577 qua
1144 1505 1203 1559 te
1232 1516 1474 1562 summa
1504 1502 1957 1583 verissimaque
1983 1504 2416 1583 prosequitur,

1412 1687 1549 1731 ILLU
1558 1688 1785 1731 STRISS.
1838 1688 2240 1732 AMPLITUDINI
2270 1688 2408 1731 ἸἪΕ

1542 1810 1976 1872 Deditissimus
2007 1812 2254 1871 Pramus
2291 1811 2620 1884 Possnws,
2663 1829 2698 1874 e
2733 1812 3041 1875 Societale
3061 1812 3231 1872 Jcsu.

572 1937 943 2000 Scribebam
994 1939 1322 2005 Tolosam
1384 1940 1651 2002 Kalend.
1684 1942 1992 2021 Quintiles
2037 1959 2200 2003 anno
2273 1941 2780 2006 CIJIOCXLIX.

318 2145 3487 2172 Μ

1663 2311 2219 2404 LECTORI.

374 2657 500 2718 Nec
544 2657 749 2718 miror
778 2676 891 2719 nec
926 2658 1177 2719 amulor
1204 2666 1442 2720 mature
1468 2659 1732 2720 disertos
1768 2658 1909 2720 illos
1945 2661 2053 2739 qui
2093 2657 2285 2719 libros
2315 2658 2379 2718 in
2418 2655 2723 2718 librorum
2758 2654 3096 2734 principiis
3144 2653 3392 2732 faciunt
3415 2691 3436 2726 ,
3489 2659 3550 2713 et

302 2750 682 2813 inexhausta
710 2753 1088 2832 loquacitate
1126 2755 1574 2816 Proamiorum
1604 2755 1814 2816 sedulo
1847 2757 1912 2817 id
1950 2764 2166 2833 agunt,
2199 2763 2266 2815 ut
2316 2753 2480 2815 oculi
2535 2753 2763 2833 legenti
2813 2752 3061 2814 doleant
3097 2752 3459 2829 priusquam
3496 2748 3553 2809 is

297 2849 579 2922 primum
641 2850 866 2926 Operis
919 2868 1164 2909 versum
1209 2851 1463 2911 viderit.
1516 2852 1656 2929 Ego
1715 2851 1851 2923 tibi,
1889 2853 2129 2923 Lector,
2170 2853 2496 2931 quominus
2530 2852 2741 2911 statim
2775 2851 3018 2929 fruaris
3066 2847 3308 2909 tamdiu
3337 2854 3547 2925 optato

298 2944 675 3021 Byzantina
711 2945 1063 3007 Casarissa
1096 2945 1428 3026 colloquio,
1459 2965 1697 3007 moram
1744 2966 1932 3008 unam
1966 2947 2193 3028 objicio
2243 2950 2420 3023 (nam
2461 2946 2846 3011 Glossarium
2876 2947 3173 3008 Annaum
3205 2940 3549 3005 transvoles

294 3041 432 3103 licet
480 3062 501 3101 :
530 3060 659 3101 non
685 3043 848 3104 enim
878 3052 1022 3102 ante
1054 3043 1260 3103 omnia
1288 3042 1771 3121 perlegendum;
1810 3044 1917 3104 sed
1955 3045 2021 3105 in
2048 3054 2319 3124 tempore
2364 3043 2805 3106 consulendum
2854 3038 3218 3122 seponitur)
3268 3055 3505 3099 moram
3532 3082 3548 3110 ,

298 3140 579 3217 inquam,
604 3139 1023 3199 necessariam
1064 3140 1395 3218 interpono
1424 3141 1700 3214 unicam,
1728 3142 2229 3219 Pra/atiuncula
2255 3145 2473 3220 paucis
2509 3140 2961 3219 complexura;
3000 3157 3116 3217 quo
3155 3155 3322 3206 cum.
3358 3150 3551 3213 quove

295 3245 477 3295 statu
520 3234 775 3296 Aleaias
823 3236 1019 3297 Anna
1058 3236 1382 3299 Comncna
1424 3255 1588 3299 meas
1635 3238 1703 3299 in
1748 3257 1968 3300 manus
2023 3242 2300 3309 venerit;
2359 3259 2480 3320 qua
2529 3258 2634 3319 spe
2665 3256 2858 3319 quave
2907 3234 3261 3296 conditione
3292 3233 3360 3293 in
3403 3239 3552 3291 tuas

298 3339 616 3396 transeat.

367 3430 525 3488 Iam
566 3436 698 3487 tum
725 3426 804 3489 ab
829 3426 1272 3504 adolescentia,
1309 3448 1492 3510 quam
1514 3429 1670 3491 mihi
1696 3431 2044 3509 transigere
2076 3431 2312 3495 Tolosa
2336 3430 2901 3511 contigit,ingenti
2929 3424 3240 3490 desiderio
3273 3420 3549 3502 ﬂagravi

296 3522 648 3586 Alexiados
680 3524 876 3584 Anna
907 3523 1234 3587 Comnena
1278 3524 1660 3605 explicanda
1705 3528 1948 3590 Latinis
2001 3529 2229 3593 litteris
2266 3579 2281 3606 ,
2315 3541 2371 3592 et
2392 3530 2523 3591 luce
2559 3527 2811 3609 publica
2848 3522 3178 3588 donanda.
3217 3518 3437 3581 Alebat
3484 3515 3553 3578 id

295 3632 514 3683 votum
551 3622 948 3703 lactabatque
979 3622 1209 3685 blanda
1262 3642 1369 3703 spe
1415 3624 1590 3686 sedes
1619 3624 1729 3685 illa
1770 3627 1906 3704 ipsa
1936 3628 2289 3689 studiorum
2334 3644 2348 3687 :
2392 3625 2555 3706 quod
2606 3627 2667 3686 in
2705 3644 2826 3704 qua
2876 3620 3157 3683 vivebam
3204 3614 3552 3692 litterisque

297 3718 616 3798 operabar
643 3722 868 3782 civitas
889 3723 1142 3784 unicum
1169 3725 1300 3804 ejus
1333 3727 1536 3804 operis
1585 3725 2088 3805 antiquissimum
2120 3732 2173 3783 et
2201 3724 2667 3800 integerrimum
2703 3717 3020 3796 exemplar
3050 3713 3273 3775 habere
3303 3708 3551 3805 diceba-

300 3827 423 3878 tur.
460 3818 595 3895 Egi
625 3836 800 3897 ergo,
834 3821 1061 3898 sategi,
1086 3802 1206 3900 per
1250 3802 1383 3895 me,“
1396 3841 1511 3901 per
1538 3802 1769 3884 amicos
1815 3822 1982 3882 movi
2025 3818 2224 3880 multa
2251 3862 2265 3886 ,
2294 3835 2410 3896 quo
2443 3817 2625 3876 istius
2670 3813 2826 3874 mihi
2855 3810 3036 3887 copia
3076 3809 3249 3887 ﬁeret
3291 3802 3550 3868 codicis.

303 3913 347 3972 Α
378 3911 785 3974 nobilissima
826 3913 1301 3996 clarissimaque
1371 3917 1716 3978 Fabrorum
1763 3917 2287 3989 Saniorianorum
2343 3909 2593 3990 familia
2653 3910 2721 3969 in
2770 3908 3075 3969 Musaum
3116 3909 3210 3964 τοῦ
3245 3906 3549 3979 μακαρίτου

300 4010 718 4071 eruditissimi
772 4012 950 4072 Petri
997 4011 1198 4075 Fabri
1249 4014 1690 4076 humanissime
1733 4013 2080 4086 admissus,
2125 4010 2391 4071 versatis
2430 4007 2563 4070 illic
2622 4006 2989 4068 otiosissime
3014 3999 3550 4073 curiosissimeque

299 4108 540 4166 eunetis
591 4105 853 4167 multum
890 4108 1134 4184 frustra
1182 4110 1315 4171 bibi
1352 4109 1691 4189 pulverem.
1733 4109 2041 4188 Indagavi
2094 4108 2280 4169 etiam
2319 4106 2719 4182 omnibusque
2761 4101 3041 4179 vestigiis
3091 4096 3387 4158 odoratus
3416 4107 3551 4151 sum

300 4221 556 4283 ecquam
588 4203 655 4263 in
676 4203 855 4265 urbis
881 4204 1072 4265 aliam
1091 4225 1244 4267 rara
1271 4215 1329 4268 et
1352 4209 1688 4286 peregrina
1719 4206 1840 4268 hac
1871 4208 2005 4268 avis
2046 4203 2341 4265 evolasset
2395 4203 2666 4265 domum.
2703 4199 2844 4261 Non
2898 4195 3039 4275 plus
3085 4189 3329 4295 Ρζοίεέί

300 4299 573 4360 Cadmus
609 4318 748 4360 cum
782 4302 1104 4379 Europam
1123 4311 1436 4383 quareret.
1466 4304 1666 4383 Atque
1707 4303 1805 4364 hic
1840 4301 2254 4382 pradicanda
2288 4298 2457 4360 locus
2488 4305 2576 4360 est
2614 4293 3087 4375 ofﬁciosissima
3137 4287 3547 4369 benignitatis

300 4394 718 4459 illustrissimi
762 4398 841 4458 D.
891 4397 1110 4460 Caroli
1165 4400 1239 4462 de
1299 4399 1627 4462 Montchal
1681 4400 2135 4479 archiepiscopi
2185 4396 2481 4458 Tolosani
2506 4443 2521 4469 ,
2584 4396 2692 4476 qui
2727 4412 2847 4473 pro
2894 4400 3117 4454 catera
3164 4382 3548 4486 humanitate

301 4508 420 4567 qua
460 4492 677 4554 studia
715 4511 957 4572 semper
990 4512 1126 4555 mea
1165 4505 1529 4574 prosecutus
1572 4507 1681 4571 est,
1730 4475 2106 4557 tunc-etiam
2147 4511 2275 4554 non
2318 4492 2648 4571 indignum
2692 4488 3058 4550 celsitudine
3113 4501 3227 4544 sua
3278 4475 3551 4541 credidit

305 4588 370 4645 in
406 4589 593 4649 istam
633 4607 872 4650 mecum
916 4608 1131 4650 curam
1174 4592 1579 4661 descendere;
1627 4601 1683 4652 et
1725 4592 2123 4652 auctoritatis
2166 4590 2647 4668 interpositione
2676 4605 2799 4648 sua
2828 4592 3015 4646 tanta
3043 4582 3226 4662 hujus
3267 4576 3550 4668 e/fectum

300 4686 427 4744 voti
468 4680 629 4746 mihi
664 4686 966 4765 conﬁcere
1007 4689 1251 4749 conari.
1297 4687 1509 4748 Elusit
1552 4696 1755 4748 tamen
1797 4686 2259 4766 indagationes,
2291 4688 2650 4766 petitiones,
2686 4681 3175 4745 machinationes
3221 4691 3426 4736 omnes
3454 4666 3552 4777 vel

302 4783 501 4842 nescio
544 4782 685 4861 quis
728 4801 911 4843 casus
953 4780 1142 4856 alius,
1186 4782 1283 4845 vel
1324 4783 1816 4844 obstinatissima
1860 4783 2162 4864 iniquitas
2206 4801 2416 4843 eorum
2459 4782 2566 4862 qui
2609 4782 2919 4859 captivam
2961 4775 3264 4837 illustrem
3302 4775 3550 4864 (sternis

299 4860 572 4938 detinere
615 4880 890 4941 tenebris
932 4896 1072 4941 cum
1112 4880 1497 4942 incommodo
1562 4889 1619 4942 et
1676 4880 1910 4959 gemitu
1964 4860 2140 4941 orbis
2183 4881 2374 4941 totius
2433 4860 3020 4940 deliberatissimum
3065 4869 3313 4933 habent.
3359 4860 3552 4926 Mulli
3602 4904 3607 4919 ε

302 4975 517 5039 deinde
562 4981 720 5040 anni
756 4979 916 5040 mihi
967 4978 1095 5039 alia
1149 4981 1452 5060 cogitanti
1514 4982 1723 5042 omnia
1766 4990 1824 5041 et
1863 4979 2203 5043 Alexiados
2238 4983 2371 5062 jam
2410 4980 2593 5059 plane
2639 4978 2831 5040 oblito
2874 4976 3225 5070 ﬂuxerunt,
3272 4984 3408 5070 cum
3449 4963 3551 5070 vir

304 5070 554 5137 honoris
591 5095 779 5138 causa
821 5076 1243 5139 nominandus
1290 5083 1508 5141 Petrus
1550 5079 1885 5156 Seguerius
1926 5078 2335 5140 cancellarius
2377 5078 2684 5149 Francia,
2747 5076 2854 5155 qui
2897 5062 3548 5167 amplissimaﬂlhbm?

307 5174 416 5232 tati
455 5190 670 5249 parem
715 5172 1075 5252 religionis,
1109 5174 1397 5253 justitia,
1436 5174 1809 5253 virtutisque
1855 5177 2072 5241 omnis.
2138 5184 2266 5235 tum
2308 5192 2452 5234 vero
2497 5175 2682 5235 etiam
2706 5170 3066 5251 eloquentia
3088 5175 3143 5227 et
3171 5159 3547 5263 eruditionis

309 5267 726 5330 excellentiam
771 5269 1118 5350 adjunxit,
1161 5270 1661 5331 animadvertens
1702 5252 1741 5331 a
1782 5270 2138 5331 collectione
2190 5270 2490 5330 Historia
2548 5270 2916 5346 Byzantina.
2977 5279 3157 5341 quam
3211 5255 3377 5350 typis
3445 5252 3545 5313 edi

306 5366 488 5440 regiis
515 5366 821 5444 jusserat,
850 5348 1240 5427 iAlexiadem
1282 5367 1475 5428 Anna
1518 5367 1840 5430 Comnena
1873 5385 2002 5427 non
2041 5364 2431 5427 tolerabilius
2473 5364 2679 5426 abesse
2713 5380 2891 5441 posse
2914 5374 3099 5437 quam
3122 5370 3229 5412 ver
3252 5348 3327 5409 ab
3352 5366 3542 5444 anno,

312 5461 424 5534 egit
472 5443 672 5522 Roma
707 5481 826 5541 per
872 5460 1124 5522 litteras
1168 5470 1226 5522 et
1267 5470 1465 5524 certos
1507 5462 1782 5524 homines
1832 5478 1970 5523 cum
2013 5462 2493 5522 eminentissimo
2533 5457 2846 5520 cardinali
2908 5450 3241 5513 Francisco
3303 5443 3543 5506 Barbev

312 5554 461 5620 tino.
490 5558 781 5637 principe
815 5555 1131 5637 juvandis
1171 5556 1403 5620 litteris
1443 5567 1616 5631 nato,
1660 5568 1730 5619 ut
1772 5559 1829 5619 si
1870 5576 2050 5637 quem
2090 5556 2572 5634 locupletissima
2612 5572 2728 5614 sua
2786 5549 3090 5611 librorum
3158 5554 3431 5605 veterum
3483 5550 3541 5604 et

317 5653 761 5716 rarissimarum
799 5671 985 5734 penu
1021 5655 1213 5713 Anna
1256 5655 1579 5717 Comnena
1617 5656 1886 5716 codicem
1930 5652 2203 5723 haberet,
2247 5652 2376 5729 ejus
2417 5651 2659 5728 copiam
2700 5648 2782 5709 ad
2825 5646 3155 5706 editionem
3200 5639 3395 5719 prelis
3436 5657 3537 5697 re-

321 5748 426 5822 giis
464 5766 534 5808 ne
574 5750 980 5814 commodare
1021 5760 1414 5826 gravaretur.
1482 5750 1664 5813 Misit
1726 5753 1778 5815 is
1828 5751 2040 5812 statim
2099 5746 2330 5810 librum
2374 5745 2440 5807 in
2481 5745 2700 5807 charta
2750 5744 3050 5823 scriptum
3101 5756 3223 5799 non
3274 5736 3535 5811 antiqua
