4068 6264
506 358 577 434 67
1636 373 1861 433 rETm
1895 372 2191 434 POSSINI
2230 370 2626 433 rnum'rzo
3694 351 3767 420 cs

508 500 720 556 manu,
764 499 873 541 nec
918 492 1225 560 integrum
1273 504 1291 543 :
1334 481 1442 543 scd
1491 484 1660 543 Lucce
1705 484 2019 544 llolstenii
2058 483 2183 543 viri
2224 483 2594 553 doctissimi,
2641 477 3002 540 Rarberinaz
3048 472 3430 535 bibliotheca
3452 474 3767 532 curatoris

510 577 842 655 diligentia
884 577 1079 637 solers
1134 578 1418 655 fecerat,
1473 588 1542 639 ut
1598 581 1741 641 usui
1798 598 1922 640 esse
1970 597 2124 657 pene
2183 597 2302 656 pro
2346 580 2591 656 integro
2635 584 2864 656 posset.
2927 576 2992 634 Is
3036 573 3308 633 codicem
3354 571 3517 629 hunc
3557 568 3770 629 multis

507 674 658 733 locis
702 672 985 734 mutilum
1027 692 1165 735 cum
1207 674 1333 736 alio
1373 684 1728 755 pervetusto
1772 678 1834 735 in
1878 675 2275 744 membranis,
2324 673 2682 751 imperfecto
2728 680 2783 730 et
2826 672 2961 749 ipso
3007 669 3364 746 lacunisque
3390 665 3765 743 deformato,

505 788 681 846 quem
726 779 869 829 ante
908 771 1018 831 hos
1054 789 1293 849 paucos
1331 791 1565 832 menses
1606 773 1675 832 in
1716 770 2090 831 bibliotheca
2134 770 2418 831 Medicea
2466 768 2795 828 Florentiae
2834 767 2991 837 vidi,
3037 765 3503 824 accuratissime
3536 771 3762 822 contu-

506 864 668 925 lerat
712 884 731 925 :
775 885 847 926 ac
890 867 1037 946 quia
1078 885 1205 927 non
1248 869 1379 945 fere
1426 868 1644 927 iisdem
1687 867 1835 927 locis
1881 866 2060 926 ambo
2105 864 2389 943 exempla
2433 864 2815 942 deﬁciebant,
2862 864 3049 923 unius
3092 859 3370 920 hiatibus
3432 877 3507 918 ex
3567 858 3765 918 altera

506 960 852 1040 explendis,
898 982 1025 1022 non
1069 965 1297 1041 exiguo
1341 982 1451 1022 nec
1494 981 1717 1040 parum
1758 963 1940 1023 nobis
1980 962 2384 1041 praedicando
2429 960 2640 1021 labore
2684 980 2796 1019 suo
2840 959 3125 1037 proxime
3150 958 3576 1035 integritatem
3614 973 3764 1033 per-

506 1055 773 1115 duxerat
812 1057 1228 1117 Barberinum
1270 1059 1583 1124 codicem:
1630 1078 1806 1137 quem
1852 1059 2313 1119 illustrissimus
2352 1058 2764 1119 cancellarius
2805 1056 2887 1116 ad
2930 1075 2992 1115 se
3038 1057 3234 1115 Roma
3280 1051 3592 1132 perlatum
3620 1099 3635 1126 ,
3666 1053 3769 1112 cui

505 1155 870 1214 rertendum
904 1157 1120 1215 Latine
1154 1157 1450 1227 traderet,
1487 1176 1610 1217 non
1644 1157 1753 1217 diu
1785 1159 2051 1235 quasiit.
2091 1156 2471 1229 Magnarum
2504 1162 2589 1212 est
2623 1163 2677 1213 et
2707 1153 2999 1231 regendis
3032 1153 3219 1211 terris
3252 1170 3286 1208 a
3320 1149 3465 1209 caele
3501 1160 3766 1226 parata—

504 1267 643 1307 rum
678 1253 1000 1323 mentium,
1033 1251 1198 1329 nihil
1231 1253 1508 1331 quamvis
1541 1252 1865 1312 obscurum
1894 1264 2076 1332 atque
2108 1250 2337 1311 humile
2366 1250 2626 1309 nescire.
2654 1250 2863 1325 Igitur
2894 1250 3014 1308 mei
3048 1265 3289 1326 quoque
3319 1246 3589 1305 nominis
3611 1263 3766 1323 qua-

504 1344 647 1402 dam
678 1364 868 1423 usque
899 1347 981 1406 ad
1012 1348 1198 1406 istum
1236 1350 1471 1425 apicem
1518 1350 1684 1426 forte.
1716 1348 1981 1426 appulsa
2011 1348 2320 1407 mentione
2356 1364 2370 1415 ;
2408 1364 2543 1406 cum
2572 1355 2871 1423 prwterea
2911 1352 3361 1405 memoraretur
3387 1361 3482 1401 me
3513 1344 3766 1421 operam

504 1441 649 1501 olim
684 1443 956 1521 aliquam
996 1446 1062 1503 in
1102 1446 1427 1523 qu'erendo
1463 1447 1744 1522 posuisse
1784 1444 2090 1504 Tolosano
2124 1445 2319 1506 Fabri
2365 1445 2615 1513 codice;
2663 1445 3165 1523 voluntatemque
3216 1441 3561 1502 ostendisse
3623 1440 3768 1500 Ale-

501 1540 729 1599 xiados
762 1543 1267 1619 interpretandis,
1305 1546 1617 1622 negotium
1649 1547 1860 1604 statim
1898 1545 2113 1604 datum
2135 1553 2224 1605 est
2255 1544 2507 1603 honesto
2528 1543 2595 1603 in
2615 1542 2841 1620 primis
2866 1542 3004 1600 viro
3027 1540 3403 1602 Sebastiano
3434 1537 3763 1613 Cramoisy

502 1636 774 1712 ofﬁcinis
806 1639 1233 1715 typographiee
1266 1641 1450 1718 regia:
1482 1643 1797 1717 prce/ecta,
1825 1641 2117 1701 mittendi
2145 1641 2599 1720 quamprimum
2631 1638 2712 1698 ad
2732 1657 2822 1697 me
2849 1655 3061 1698 recens
3082 1637 3262 1696 allati
3285 1637 3474 1696 Roma
3493 1635 3762 1701 codicis;

502 1732 668 1808 quod
704 1732 803 1792 ille
834 1735 953 1809 [ide
984 1753 1242 1804 summa,
1273 1755 1448 1794 mora
1479 1736 1652 1795 nulla
1694 1737 1997 1815 prastitit
2025 1783 2038 1809 ,
2095 1738 2409 1819 adjunctis
2467 1736 2696 1797 litteris
2738 1734 2960 1814 quibus
3015 1732 3412 1812 signiﬁcabat
3442 1779 3456 1800 ,
3515 1744 3767 1810 gratum

500 1848 617 1901 me.
657 1831 1037 1908 amplissimo
1068 1832 1441 1892 cancellario
1476 1835 1818 1910 facturum,
1853 1835 1929 1905 si,
1964 1833 2126 1913 quod
2149 1835 2420 1912 primum
2447 1839 2800 1910 suppeteret
2832 1831 3027 1891 otium
3053 1878 3068 1904 ,
3123 1830 3191 1889 in
3236 1830 3583 1903 versionem
3622 1827 3767 1888 Ale-

498 1926 713 1986 xiadis
743 1929 1120 2006 conferrem.
1157 1930 1354 1989 Eram
1389 1948 1496 2007 ego
1529 1938 1654 1990 tum
1689 1931 1855 1992 haud
1880 1950 2107 2010 parum
2137 1929 2403 1991 diversis
2430 1945 2755 1989 sacrarum
2816 1928 3197 1988 Litterarum
3237 1925 3466 1985 studiis
3514 1926 3761 1985 immer-

498 2040 602 2080 sus
633 2043 653 2081 :
680 2024 1039 2101 primusque
1074 2023 1203 2085 illic
1235 2044 1304 2084 ac
1326 2026 1630 2104 juvenilis
1661 2031 1856 2087 ardor
1893 2046 2091 2106 opera:
2119 2025 2421 2086 navandae
2466 2026 2532 2084 in
2572 2024 2801 2085 ercis
2836 2022 3324 2100 interpretandis
3349 2069 3362 2093 ,
3398 2030 3453 2081 et
3492 2030 3763 2097 tempore

501 2117 632 2185 ipso
674 2130 1103 2191 consenuerat,
1140 2128 1195 2181 et
1227 2122 1612 2200 experientia
1644 2123 1936 2184 molestia:
1963 2139 2349 2203 nequaquam
2374 2121 2524 2199 pari
2551 2121 2769 2197 fructu
2800 2128 3204 2196 compensatce
3235 2134 3365 2196 quis
3409 2117 3758 2194 pertricosa

500 2214 607 2271 isti
632 2216 880 2291 negotio
919 2216 1099 2289 inest,
1132 2218 1479 2294 refrixerat
1507 2239 1660 2279 sane
1690 2220 2052 2297 plurimum.
2100 2221 2324 2279 Tamen
2352 2216 2703 2277 reverentia
2724 2214 3066 2274 venerandi
3095 2214 3366 2273 nominis
3398 2214 3756 2287 instinctus,

497 2306 762 2367 sublatis
798 2319 1048 2388 repente
1076 2331 1146 2371 ac
1180 2315 1469 2390 sepositis
1500 2332 1632 2393 qua:
1656 2316 1721 2375 in
1758 2315 2045 2375 manibus
2075 2323 2255 2375 erant
2289 2315 2554 2383 cunctis,
2588 2321 2753 2373 totus
2782 2312 2864 2373 ad
2895 2311 3390 2372 exhauriendum
3419 2319 3607 2370 tantm
3636 2330 3753 2369 au-

499 2404 815 2465 ctoritatis
846 2406 1209 2467 mandatum
1241 2408 1521 2471 incubui.
1552 2410 1640 2470 Ac
1668 2412 1989 2490 principio
2040 2411 2129 2471 sic
2159 2412 2603 2470 constitueram
2644 2429 2663 2467 :
2695 2408 2815 2468 duo
2870 2427 2994 2468 esse
3037 2410 3358 2485 praecipua
3410 2409 3477 2465 in
3534 2405 3757 2485 quibus

500 2498 820 2561 elaborare
862 2521 955 2563 me
987 2513 1323 2581 oporteret.
1357 2506 1518 2567 Nam
1551 2516 1605 2567 et
1633 2508 1991 2586 faciendum
2026 2526 2174 2579 esse,
2207 2516 2271 2566 ut
2309 2506 2586 2567 Griecum
2630 2503 2944 2582 exemplar
2972 2522 3155 2582 quam
3191 2503 3757 2564 emendatissimum

500 2596 720 2664 exiret,
756 2606 885 2657 tum
915 2600 1323 2661 adnitendum
1352 2612 1590 2681 postea,
1626 2615 1692 2664 ut
1723 2623 1852 2683 qua:
1875 2624 1951 2663 ex
1981 2623 2048 2663 eo
2085 2604 2542 2681 exprimeretur
2583 2600 2804 2659 Latina
2835 2603 3061 2672 versio,
3082 2618 3290 2660 veram
3307 2601 3581 2660 auctoris
3614 2619 3757 2659 sen-

498 2694 756 2754 tentiam
783 2697 1124 2757 rectissime
1159 2709 1613 2775 assequeretur,
1645 2701 2127 2779 planissimeque
2159 2697 2467 2759 redderet.
2512 2694 2795 2769 Quarum
2848 2713 3055 2754 rerum
3108 2714 3243 2755 cum
3294 2696 3345 2755 is
3398 2694 3550 2756 ordo
3598 2714 3759 2755 com-

492 2799 760 2867 paratus
802 2801 1033 2852 natura
1062 2798 1165 2857 sit.
1196 2805 1267 2855 ut
1298 2795 1474 2856 illam
1518 2796 1660 2857 huic
1688 2800 1981 2875 pramerti
2010 2800 2091 2857 sit
2126 2813 2302 2873 opus,
2338 2792 2690 2870 appellenti
2718 2791 2874 2852 mihi
2905 2792 2987 2852 ad
3013 2793 3286 2870 priorem
3313 2793 3610 2863 animum,
3645 2812 3755 2853 ρων

495 2886 882 2966 pericntique
928 2908 1200 2966 operam,
1234 2893 1447 2969 gravis
1481 2910 1614 2951 ecce
1645 2893 1850 2970 primo
1889 2891 2291 2971 difficultatis
2324 2890 2541 2950 oborta
2574 2889 2825 2975 species,
2855 2888 3045 2968 paulo
3076 2888 3256 2947 etiam
3284 2898 3421 2965 post
3457 2888 3752 2965 despero.

498 2980 733 3039 tionem
774 2981 993 3060 injecit
1023 2982 1182 3060 cepti
1207 2983 1636 3062 perpetrandi.
1675 2986 1889 3047 Codex
1918 2988 2027 3066 qui
2053 2987 2135 3047 ad
2165 3005 2415 3047 manum
2452 2997 2582 3046 erat
2620 2987 2840 3046 unicus
2872 2983 3276 3045 tumultuarie
3306 3032 3319 3053 ,
3352 2994 3420 3043 ut
3467 2983 3643 3045 dixi.
3680 3002 3757 3044 ex

497 3073 737 3135 duobus
767 3076 1006 3137 mutilis
1043 3089 1369 3155 congestus
1413 3090 1827 3161 consutusque
1860 3085 2098 3160 passim
2129 3084 2401 3154 incerta’,
2447 3081 2772 3161 palamque
2824 3081 3074 3141 interim
3135 3081 3435 3141 mendosae
3473 3080 3756 3140 lectionis

492 3168 747 3231 vocibus
779 3171 1093 3242 scatebat;
1133 3173 1377 3235 lacunis
1410 3176 1491 3235 ad
1526 3178 1648 3237 heec
1682 3177 1894 3238 hiabat
1925 3188 2051 3238 toto
2081 3181 2321 3258 sparsis
2350 3181 2558 3257 operis
2588 3196 2879 3256 corpore,
2913 3179 3088 3256 cujus
3122 3186 3307 3255 caput
3356 3177 3557 3253 ipsum
3584 3224 3597 3248 ,
3640 3175 3752 3237 hoc

498 3276 586 3326 est
613 3267 1075 3345 elegantissima
1105 3280 1162 3330 et
1193 3270 1355 3332 libro
1382 3271 1753 3351 dignissima
1782 3276 2084 3352 Prw/alio
2116 3277 2306 3335 Annae
2347 3274 2824 3353 desiderabatur
2856 3283 3020 3340 tota:
3048 3291 3229 3353 quam
3261 3290 3339 3333 ex
3367 3273 3754 3350 Augustanis

502 3364 859 3441 Excerptis,
889 3375 1079 3442 prout
1108 3366 1314 3440 licuit,
1348 3370 1790 3448 supplevimus.
1835 3370 2133 3432 Clausula
2158 3390 2351 3449 porro
2384 3373 2705 3443 Historiae,
2751 3380 3063 3451 postrema
3112 3370 3343 3430 scilicet
3387 3371 3594 3449 quinti
3639 3369 3751 3430 de-

494 3459 641 3519 cimi
667 3478 816 3536 pars
855 3462 1031 3535 libri,
1066 3461 1459 3525 creberrimis
1502 3467 1804 3544 fatiscens
1844 3469 2064 3538 rimis,
2134 3470 2377 3545 pertusi
2457 3471 2695 3547 passim
2760 3476 3002 3528 vetusta
3058 3467 3225 3526 carie
3275 3466 3591 3538 centenis,
3642 3474 3755 3525 aut

494 3558 962 3622 collabascentis
990 3564 1379 3642 ruinoseeque
1416 3565 1697 3623 maceries
1729 3567 1990 3642 speciem
2024 3565 2227 3625 habet.
2268 3565 2433 3639 Quid
2469 3564 2567 3623 hic
2612 3564 2905 3623 auderem
2949 3562 3386 3640 sperarem”?
3431 3558 3749 3639 Aggrede-

493 3671 598 3712 rer
625 3653 707 3714 ad
738 3656 1222 3718 emendationem
1251 3657 1574 3736 archetypi
1607 3668 1934 3719 contextus
1958 3661 1988 3719 ?
2027 3679 2209 3738 quam
2239 3679 2366 3720 non
2392 3661 2518 3721 nisi
2572 3660 2950 3740 conjecturis
2994 3668 3052 3718 et
3080 3655 3596 3728 divinationibus,
3625 3664 3751 3716 tam

493 3749 698 3810 multis
726 3754 1164 3827 contentionis,
1213 3774 1393 3834 quam
1437 3754 1671 3817 nullius
1699 3758 2126 3829 auctoritatis,
2162 3758 2229 3816 in
2263 3755 2709 3833 exemplarium
2745 3754 2991 3832 defectu
3020 3753 3371 3824 meliorum,
3412 3770 3752 3830 reprwsen-

495 3856 630 3906 tare
661 3865 751 3905 me
781 3857 1066 3924 putarem
1094 3867 1274 3925 posse
1298 3850 1326 3908 ?
1351 3850 1447 3909 An
1471 3849 1913 3929 desponderem
1941 3852 2235 3912 continuo
2261 3853 2558 3922 animum,
2586 3851 2998 3926 editionisque
3038 3849 3365 3911 consilium
3387 3848 3755 3927 abjicerem?

494 3960 567 4001 ac
600 3961 735 4002 cum
773 3943 1003 4004 Davidi
1044 3945 1384 4007 Hmschelio
1421 3965 1534 4006 sua
1567 3948 1737 4007 viros
1775 3947 1941 4026 apud
1978 3948 2189 4009 doctos
2226 3950 2439 4026 gratia.
2489 3947 2843 4008 constiterit
2875 3990 2891 4018 ,
2929 3944 3092 4023 quod
3137 3947 3190 4004 is
3236 3962 3362 4003 non
3411 3942 3753 4005 dubitasset

495 4041 787 4101 mendosa
822 4043 1281 4103 incredibiliter
1310 4052 1367 4103 et
1398 4042 1604 4103 lacera
1648 4046 1949 4105 Historia:
1985 4046 2180 4107 Annae
2207 4048 2590 4124 fragmenta,
2627 4063 2852 4124 pauca,
2898 4053 3121 4103 temere
3166 4050 3553 4114 coacervata,
3581 4060 3751 4120 pras-

495 4135 621 4213 ﬁxo
655 4136 981 4199 Alexiadis
1022 4138 1206 4200 titulo
1253 4138 1461 4207 edere,-
1507 4157 1616 4216 ego
1652 4148 1814 4199 totos
1847 4143 2199 4219 quindecim
2250 4144 2382 4221 ejus
2430 4142 2638 4219 operis
2683 4139 2879 4201 libros
2929 4147 3172 4212 nactus,
3234 4144 3495 4216 propter
3543 4138 3750 4197 nescio

495 4248 646 4308 quos
676 4252 877 4294 naevos
907 4236 1108 4311 magis
1152 4232 1659 4311 interpellaturos
1704 4235 1772 4295 in
1817 4234 2043 4296 lectore
2069 4255 2312 4295 sensum
2344 4236 2658 4313 elegantiee
2692 4282 2707 4307 ,
2739 4253 2920 4313 quam
2962 4252 3175 4294 rerum
3239 4234 3585 4311 cognitioni
3639 4250 3745 4311 ge-

493 4336 754 4399 starum,
802 4338 913 4389 aut
956 4331 1257 4390 Historia:
1301 4331 1653 4408 integritati
1696 4330 2127 4391 subtracturos
2176 4329 2511 4412 quidquam
2541 4375 2557 4405 ,
2600 4330 2871 4410 publicis
2915 4329 3285 4391 invidendas
3322 4328 3651 4389 desideriis
3691 4338 3747 4390 et

494 4435 867 4487 (eternarum
911 4447 1133 4489 rursus
1176 4429 1552 4491 addicendos
1596 4429 1993 4492 tenebrarum
2051 4434 2363 4511 ergastulo
2408 4450 2711 4494 censerem
2737 4434 2766 4491 ?
2804 4433 3112 4494 Neutrum
3157 4431 3383 4510 opinor
3424 4432 3749 4512 quisquam

496 4541 703 4601 (equus
736 4522 1088 4584 eruditusve
1118 4526 1458 4593 suasisset:
1492 4544 1567 4585 ne
1594 4526 1919 4605 probasset
1963 4531 2231 4608 quidem.
2276 4532 2397 4591 Illa
2442 4533 2641 4609 igitur
2664 4530 2819 4591 mihi
2858 4530 3167 4591 sententia
3195 4531 3542 4589 necessario
3587 4531 3744 4591 reliv

498 4634 618 4694 (Ιηα
659 4616 831 4693 Γαδία
876 4630 987 4691 εδει
1023 4638 1144 4699 qua
1173 4621 1557 4682 decernerem
1586 4632 1943 4683 contextum
1974 4626 2218 4704 quidem
2243 4627 2521 4688 Gracum
2543 4626 2727 4706 plane
2752 4627 3056 4687 intactum
3095 4624 3468 4704 relinquere,
3499 4642 3574 4684 nc
3610 4644 3745 4684 ma-

496 4712 747 4783 nifestis
779 4715 1025 4792 quidem
1052 4715 1471 4777 sollicitandis
1493 4718 1753 4791 mendis,
1786 4719 2065 4798 quandiu
2103 4741 2263 4783 verte
2305 4723 2590 4784 lectionis
2639 4723 2907 4801 fundum
2965 4738 3093 4780 non
3153 4720 3438 4781 haberem
3488 4721 3746 4801 majoris

495 4808 894 4888 antiquitatis
921 4818 978 4871 et
1006 4814 1404 4873 auctoritatis
1445 4815 1736 4876 codicem.
1790 4818 2009 4877 Totam
2040 4837 2182 4879 vero
2249 4820 2630 4880 industriam
2672 4821 2740 4879 in
2772 4818 3196 4878 elaboratione
3241 4817 3476 4877 Latina:
3503 4819 3744 4878 versio-

494 4904 595 4964 nis
631 4924 1008 4984 expromere,
1041 4910 1442 4988 quajudicio,
1474 4912 1530 4971 si
1558 4912 1722 4991 quod
1765 4923 1955 4987 esset,
1993 4935 2064 4976 ac
2113 4915 2445 4993 diligentia
2486 4916 2553 4975 in
2593 4915 3018 4976 subsidiorum
3070 4910 3487 4990 deﬁcientium
3544 4912 3744 4973 locum

495 5001 937 5081 subrogandis,
978 5006 1298 5085 explendis
1315 5007 1613 5080 hiatibus,
1638 5012 2029 5089 corrigendis
2052 5034 2128 5074 ex
2158 5015 2517 5092 conjectura
2546 5011 2793 5073 vitiosis
2823 5009 2999 5080 locis,
3025 5008 3225 5069 modis
3247 5006 3509 5087 denique
3540 5014 3744 5072 omni-

500 5096 611 5157 bus
642 5103 886 5179 assequi
920 5120 1201 5173 conarer,
1236 5111 1304 5163 ut
1336 5105 1508 5163 nitor
1534 5105 1948 5183 primigenius
1995 5108 2188 5186 Operi
2216 5109 2658 5189 pulcherrimo,
2696 5105 2903 5186 quoad
2925 5123 3041 5183 per
3063 5104 3334 5182 quinque
3375 5103 3741 5165 saeculorum

498 5195 871 5273 squalorem,
926 5205 982 5256 et
1024 5198 1376 5258 exitiabiles
1415 5200 1963 5275 infestissimorum
2010 5207 2208 5265 omnis
2252 5208 2496 5285 generis
2549 5222 2802 5265 casuum
2855 5201 3127 5282 injurias
3175 5199 3421 5273 liceret,
3440 5201 3743 5263 hodierna

499 5292 771 5353 editione
801 5295 1192 5357 redderetur.
1222 5296 1327 5355 En
1358 5296 1509 5374 quid
1543 5296 1870 5371 voluerim,
1922 5320 2041 5379 quo
2086 5302 2362 5362 studium
2411 5310 2467 5361 et
2515 5309 2805 5360 conatum
2861 5296 3257 5358 intenderim.
3314 5297 3474 5358 Nam
3533 5299 3741 5376 reipsa

500 5389 652 5465 quid
682 5391 1071 5467 perfecerim,
1130 5409 1255 5449 non
1291 5408 1435 5450 mea!
1467 5393 1878 5470 professionis
1908 5441 1921 5470 ,
1958 5405 2076 5458 tua!
2103 5447 2117 5469 ,
2153 5398 2348 5458 lector
2371 5445 2386 5471 ,
2417 5398 2737 5458 sententia:
2778 5394 3061 5472 definitio
3094 5400 3205 5458 est.
3247 5394 3439 5473 Cujus
3493 5402 3562 5454 ut
3614 5412 3739 5454 non

502 5485 817 5547 (blandiri
842 5490 1053 5565 gratia
1099 5492 1407 5566 favorem,
1468 5491 1557 5549 ita
1614 5509 1725 5551 nec
1759 5491 2085 5569 deprecari
2111 5494 2354 5575 abjecta
2405 5494 2768 5554 demissione
2800 5491 3188 5550 severitatem
3233 5507 3254 5546 :
3302 5489 3494 5548 multo
3534 5501 3738 5550 autem

498 5582 703 5640 minus
733 5584 1083 5643 contumaci
1121 5584 1477 5662 pervicacia
1504 5586 1828 5663 refragari
1856 5605 2127 5649 censuris
2153 5588 2355 5649 velim.
2408 5588 2586 5649 Utere
2616 5598 2683 5646 ut
2721 5585 2870 5646 libet
2889 5586 3037 5665 jure
3066 5591 3247 5662 atque
3274 5583 3542 5646 arbitrio
3570 5588 3738 5665 quod

505 5677 622 5738 tibi
652 5695 784 5756 ego,
823 5679 918 5739 vel
943 5682 998 5740 si
1027 5697 1153 5741 non
1200 5698 1314 5758 per
1339 5700 1401 5743 se
1431 5690 1804 5759 suppeteret,
1850 5684 2019 5744 ultro
2056 5684 2350 5762 largirer,
2387 5682 2702 5761 probandi
2753 5679 3367 5760 reprehendendique
3398 5683 3564 5760 quod
3630 5685 3733 5744 di-

498 5791 687 5849 gnum
726 5773 1005 5840 duxeris.
1037 5779 1337 5840 Paratum
1382 5797 1512 5839 ecce
1550 5797 1639 5838 me
1678 5779 1741 5837 in
1774 5784 2076 5843 utrumvis
2109 5782 2317 5855 habes,
2372 5790 2423 5839 et
2456 5797 2830 5855 quocumque
2875 5777 3011 5837 alea
3049 5777 3323 5845 verterit,
3351 5782 3602 5857 proviso
3639 5802 3737 5842 ie-
