4068 6264
337 263 401 327 69
1434 250 1507 323 ὀ
1568 264 2001 325 IICEFCIIELH
2068 265 2491 333 PIMZFATIO.
3514 262 3587 335 το

342 384 503 456 ttptu
538 376 923 457 quie!urum.
960 376 1323 456 Gratiﬁcari
1340 379 1593 458 publica
1618 380 1809 455 colui,
1844 383 2076 444 servire
2113 388 2352 459 amicis,
2398 387 2653 468 obsequi
2705 389 2863 450 viris
2889 392 3135 468 magnis
3193 410 3212 449 :
3261 389 3585 451 volunlaie

347 492 403 535 ac
430 472 550 553 ﬁde
596 476 834 551 optima
874 475 938 534 in
969 477 1218 553 negotio
1252 486 1532 536 versatus
1591 496 1747 536 smn.
1787 479 1903 540 llic
1928 500 2183 559 semper,
2242 491 2551 563 utcunque
2583 484 2708 544 alia
2750 485 2939 545 cecidi
2956 487 3109 557 rint,
3143 487 3587 547 conscientiam

348 570 709 633 sustentabit
744 572 1013 649 fructus.
1048 573 1195 632 Peto
1230 580 1458 643 tamen,
1487 573 1555 633 id
1583 574 1748 652 quod
1788 578 2099 656 cequitatis
2130 587 2214 636 est
2248 588 2387 647 tum,
2419 599 2492 637 ne
2519 581 2875 657 praaeipitcs
2933 590 3140 639 atrum
3172 579 3476 640 calculum
3504 583 3587 643 ad

348 670 610 748 quamvis
654 687 719 727 se
758 670 1029 745 primum
1084 669 1443 750 offerentem
1507 671 1768 747 speciem
1827 672 2036 750 culpae.
2087 673 2238 732 Fere
2282 692 2406 733 non
2453 676 2714 752 primas,
2778 693 2850 735 ac
2892 693 2966 733 ne
2997 676 3299 735 secundas
3335 679 3585 756 quidem

348 782 507 843 sape,
536 782 693 843 quas
726 763 909 842 vulgo
941 763 1204 824 laudant
1238 812 1253 838 ,
1302 766 1710 843 cogitationes
1770 767 2000 828 charta:
2055 767 2228 827 illevi
2265 790 2284 837 ;
2333 778 2396 828 at
2435 788 2881 848 nonnunquam
2927 780 3184 849 quartas
3235 773 3582 851 quintasoe.

350 863 505 922 Fieri
534 870 736 938 potest
779 871 847 921 ut
878 863 1041 941 quod
1068 862 1185 922 tibi
1209 864 1483 940 primum
1513 865 1864 924 advertenti
1889 866 2163 923 animum
2190 866 2250 924 in
2282 872 2541 924 mentem
2573 868 2842 937 venerit,
2876 884 2950 923 ne
2981 884 3073 924 me
3107 867 3354 944 quidem
3382 869 3586 945 ipsum

346 958 606 1034 fugerit:
645 967 935 1017 ecetermn
968 977 1074 1034 ego
1109 957 1268 1018 illud
1311 957 1497 1018 alteri
1525 961 1796 1020 nondum
1827 960 1945 1020 tibi
1972 961 2400 1020 animadverso
2443 959 2941 1037 postliabucrim;
2983 970 3039 1019 te
3086 963 3273 1038 paria
3322 963 3578 1040 [acturo

345 1053 391 1112 si
412 1052 500 1112 ibi
544 1072 723 1124 esses,
760 1052 1112 1130 probatura
1161 1056 1310 1133 quin
1347 1056 1531 1113 etiam
1566 1054 1676 1115 ubi
1704 1059 2087 1132 cognoveris.
2139 1059 2520 1133 Cognoscere
2544 1066 2745 1115 autem
2767 1056 3003 1134 poteris
3033 1057 3311 1132 qua-dam
3338 1058 3580 1136 quidem

346 1166 370 1207 ι
407 1148 748 1217 Glossario,
786 1147 967 1225 longe
994 1148 1184 1226 plura
1229 1168 1256 1205 e
1302 1148 1518 1216 Notis;
1569 1168 1827 1228 quorum
1860 1151 2014 1211 illud
2054 1171 2216 1211 nunc
2250 1152 2504 1216 damus:
2546 1151 2657 1210 hos
2698 1154 2966 1211 retinere
3006 1150 3205 1209 adhuc
3250 1155 3529 1230 cogimur
3561 1200 3578 1228 ,

341 1245 514 1324 paulo
544 1254 683 1322 post
711 1264 851 1304 cum
891 1245 1008 1305 tibi
1047 1256 1231 1323 grato
1267 1245 1623 1325 publiceque
1656 1247 1803 1307 utili
1860 1251 2143 1310 auctario
2182 1248 2553 1309 reddendas.
2602 1247 2862 1323 Quando
2907 1247 3199 1306 nimirum
3246 1248 3439 1307 Anna:
3475 1268 3586 1310 nos-

344 1357 489 1413 sme,
536 1361 719 1422 quam
762 1342 946 1403 modo
985 1342 1177 1401 solam
1221 1344 1553 1403 emittimus
1583 1363 1696 1402 sua
1742 1347 1928 1405 unius
1973 1354 2255 1404 ornatam
2304 1346 2646 1423 majestate,
2691 1344 3052 1402 comitatum
3096 1344 3394 1403 addemus
3433 1362 3584 1422 pro-

342 1458 560 1517 prium.
593 1441 774 1518 justo
827 1438 996 1499 breci
1041 1439 1272 1499 edendo
1320 1439 1652 1512 columine,
1686 1459 1803 1520 quo
1852 1443 2196 1502 Ca‘sarissie
2242 1441 2511 1516 primum
2554 1440 2683 1498 vita
2722 1441 2919 1517 ipsius
2973 1458 3000 1498 e
3048 1438 3360 1499 reteribus
3403 1439 3585 1499 colle-

344 1548 432 1597 cta
457 1538 873 1596 monumentis
900 1535 1311 1596 exhibebitur.
1347 1535 1557 1596 Alexii
1587 1537 1805 1597 deinde
1836 1538 2103 1616 Augusti
2134 1539 2580 1616 Panegyricus,
2614 1538 2737 1614 ipsi
2780 1556 2990 1595 coram
3035 1556 3071 1595 α
3121 1537 3577 1615 Theophylacto

346 1634 557 1704 dictus,
589 1633 922 1694 Alexiadis
976 1633 1165 1692 totius
1234 1631 1478 1710 elegans
1545 1633 1968 1710 compendium
2000 1682 2015 1708 ,
2056 1634 2342 1693 addctur.
2401 1633 2787 1712 Subjicictur
2816 1632 3059 1692 Abacus
3104 1633 3582 1713 clironologicus

340 1738 492 1789 certo
540 1730 834 1808 digerens
866 1729 1084 1789 ordine
1122 1747 1221 1788 res
1256 1748 1461 1788 omnes
1501 1730 1850 1807 quindecim
1879 1729 2222 1790 Alexiados
2254 1728 2435 1788 libris
2482 1729 2814 1805 expositas.
2863 1728 3182 1786 Postremo
3230 1727 3415 1787 iidem
3456 1729 3582 1806 ipsi

336 1826 481 1887 libri
508 1827 886 1906 quindecim,
915 1828 1151 1904 partim
1196 1828 1472 1886 universi
1513 1825 1993 1886 recensebuntur
2024 1843 2131 1901 ope
2168 1822 2396 1881 codicis
2428 1822 2671 1899 optimi,
2718 1823 2894 1901 cujus
2930 1824 3347 1881 recentissimo
3399 1822 3579 1882 nobis

334 1923 656 2000 inopinata
686 1929 999 1981 ostentata
1031 1940 1167 1999 spes
1199 1930 1287 1982 est
1318 1941 1336 1978 :
1365 1921 1599 1999 partim
1639 1922 1701 1981 in
1728 1920 1878 1982 locis
1910 1919 2395 1983 obscurioribus.
2434 1918 2762 1981 collatione
2842 1918 3109 1977 aliorum
3165 1921 3577 1997 scriptorum,

332 2027 384 2077 et
413 2027 634 2079 cetera
667 2018 800 2098 ejus
834 2019 1082 2097 generis
1121 2018 1539 2087 accuratione,
1576 2034 1693 2094 pro
1724 2027 1940 2095 captus
1971 2039 2039 2078 ac
2071 2016 2395 2079 tenuitatis
2428 2026 2649 2075 nostra:
2678 2013 2924 2075 modqu
2958 2014 3464 2077 illustrabuntur.

1272 2401 1478 2462 VII-IIS
1527 2403 1928 2465 NOBHJBUS
1958 2405 2052 2463 ET
2097 2399 2598 2462 ILLUSTRIBUS

323 2536 543 2596 Maneo
573 2531 895 2603 VELSEBO,
926 2544 1118 2590 sacrm
1144 2529 1295 2590 Cass.
1326 2530 1403 2590 M.
1437 2545 1472 2590 a
1504 2529 1812 2602 Consiliis,
1843 2531 2068 2589 JOANNI
2095 2529 2330 2589 Jacono
2354 2530 2728 2601 Reuaonno,
2770 2530 2924 2603 Aug.
2945 2525 3194 2587 Vindel.
3219 2526 3576 2593 Duumviris

567 2653 897 2725 Prmfect.,
950 2650 1539 2730 Septemvirumque
1576 2649 1878 2728 Collegia,
1909 2649 2186 2711 Dominis
2218 2666 2290 2711 ac
2325 2649 2608 2711 Patronis
2645 2650 2728 2729 pl.
2763 2648 3172 2711 observandis
3202 2652 3263 2709 S.
3295 2650 3365 2712 P.

404 2848 585 2920 Quod
616 2840 1011 2904 Democritus
1039 2837 1366 2899 Abderites
1397 2837 1739 2917 aptandum
1772 2835 2040 2909 censuit,
2074 2851 2166 2896 em
2215 2839 2286 2896 ut
2316 2834 2626 2912 imagines
2667 2832 2997 2895 hominum
3046 2834 3174 2895 sive
3210 2834 3411 2896 oculis
3442 2836 3576 2898 sive

322 2942 556 3006 animis
584 2941 1104 3006 obversarentur,
1143 2950 1286 3013 quas
1346 2933 1591 2995 virtutis
1643 2939 1705 2995 et
1739 2931 2052 2995 commodi
2112 2930 2324 3009 potius
2353 2930 2644 3007 alicujus,
2677 2947 2863 3007 quam
2898 2930 3029 2990 vitii
3090 2937 3281 3008 atque
3337 2932 3577 2992 inconi-

322 3038 499 3101 modi
543 3034 933 3099 administras
985 3029 1137 3109 ipsis
1174 3034 1405 3103 essent,
1464 3028 1526 3089 in
1595 3045 1671 3089 eo
1708 3027 2037 3090 ridiculum
2091 3034 2151 3087 et
2180 3026 2679 3105 superstitiosum
2714 3026 2889 3087 illum
2920 3025 3139 3098 fuisse,
3198 3042 3324 3086 non
3350 3025 3578 3105 injuria

324 3135 525 3197 dicas.
558 3132 650 3194 Ad
689 3133 830 3192 vitae
879 3127 1047 3189 enim
1103 3126 1406 3185 rationem
1431 3140 1876 3202 quamcunque
1912 3122 2303 3184 laudabiliter
2333 3122 2698 3195 ineundam,
2734 3122 2887 3182 nihil
2944 3121 3127 3181 nobis
3158 3137 3320 3198 opus
3379 3127 3469 3182 est
3500 3132 3567 3198 τῇ

322 3229 448 3281 κατ’
489 3225 713 3279 εῖδωλον
736 3220 1011 3293 φαντασίᾳ
1052 3210 1499 3288 Democritius,
1527 3232 1669 3277 cum
1722 3231 1928 3293 exemi

1975 3235 2010 3279 a
2055 3227 2201 3281 ante
2246 3217 2468 3283 oculos
2542 3218 2675 3277 viva
2747 3215 3035 3292 quotidie
3095 3223 3447 3289 versemur,
3497 3233 3577 3282 ex

312 3315 787 3397 jucundissima
846 3313 1036 3375 etiam
1070 3313 1473 3376 historiarum
1513 3313 1784 3375 lectione
1820 3329 2007 3389 quam
2040 3313 2310 3392 plurima
2357 3311 2482 3390 peti
2527 3310 2771 3391 possint
2803 3328 2817 3371 :
2848 3310 3018 3373 unde
3059 3311 3213 3390 quid
3247 3311 3571 3385 decorum,

322 3414 479 3492 quid
513 3412 918 3486 indecorum,
969 3409 1125 3489 quid
1147 3409 1375 3473 honori
1403 3417 1599 3488 atque
1646 3407 2100 3483 emolumento,
2140 3408 2291 3488 quid
2343 3406 2707 3487 ignominiaa
2741 3423 2814 3468 ac
2845 3406 3230 3472 detrimento
3265 3405 3572 3482 futurum,

319 3509 778 3592 peespiciatur.

1256 3644 1384 3706 Φεῦ,
1429 3644 1553 3711 φεῦ,
1586 3644 1638 3694 τί
1667 3643 1859 3696 τούτου
1898 3642 2090 3712 χάρμα
2126 3642 2313 3708 μεῖζον
2348 3640 2413 3693 ἂν
2459 3639 2685 3705 λάσσιςς

1250 3732 1393 3801 Πρὸς
1419 3732 1799 3803 ἐπανόρθωσιν
1821 3731 1971 3801 ἠθῶν
2016 3730 2104 3779 ἑνί
2116 3729 2271 3797 ργότε
2282 3744 2373 3797 ρον
2400 3744 2413 3791 ;

316 3880 391 3939 ut
423 3866 856 3955 phil050phus
894 3864 1333 3927 Chaeronensis
1388 3862 1649 3942 pulchre
1704 3868 2039 3922 asseverat.
2094 3862 2184 3921 Ne
2235 3860 2535 3920 abeamus
2582 3852 2856 3955 longius,
2910 3855 3001 3916 vel
3052 3856 3116 3917 in
3177 3855 3277 3917 his
3328 3855 3576 3919 Alexis-

321 3950 445 4038 dus
496 3971 642 4032 VIII
686 3967 885 4038 libris,
917 3964 1105 4026 modo
1134 3964 1197 4025 in
1232 3962 1437 4025 lucem
1471 3978 1632 4040 quos
1676 3958 1942 4030 edimus,
1993 3960 2148 4033 quot
2179 3958 2519 4015 occurrunt
2553 3950 2818 4025 virtutis,
2850 3956 3006 4029 quot
3032 3951 3322 4012 vitiorum
3355 3968 3573 4016 exemo

320 4069 466 4151 pla!
520 4069 658 4130 llos
701 4070 936 4129 autem.
976 4059 1087 4121 viri
1136 4056 1540 4129 nobilissimi,
1572 4058 1640 4116 A.
1673 4055 1740 4114 V.
1776 4070 1889 4115 cur
1943 4048 2260 4122 dedicem,
2322 4048 2474 4109 satis
2530 4062 2734 4109 caussa
2793 4045 2889 4107 vel
2946 4045 3068 4108 hoc
3102 4062 3242 4108 esse
3279 4046 3574 4119 arbitror,

320 4141 497 4246 quod
532 4164 613 4226 ab
644 4159 829 4222 annis
898 4154 1357 4237 quinquaginta
1386 4152 1639 4215 illorum
1703 4148 1896 4246 editio
1961 4147 2220 4246 aliunde
2278 4150 2661 4246 exspectata
2694 4141 2816 4246 fuit
2839 4143 3090 4246 frustra,
3150 4160 3182 4204 a
3216 4141 3416 4246 doctis
3445 4159 3575 4207 non

320 4237 520 4324 semel
548 4256 824 4337 expetita
858 4269 873 4313 :
912 4268 1082 4313 nunc
1127 4268 1161 4313 e
1201 4257 1408 4312 vestra
1474 4244 1860 4309 bibliotheca
1917 4242 2075 4305 eruti
2112 4240 2230 4315 illi,
2282 4240 2442 4320 juris
2494 4237 2731 4316 publici
2782 4238 2962 4337 fiunt.
3017 4240 3090 4300 In
3140 4237 3373 4337 quibus
3426 4253 3572 4337 par-

323 4358 439 4419 tim
475 4334 711 4418 menda
740 4348 982 4412 librarii
1023 4347 1329 4417 tollendo,
1362 4345 1585 4425 partim
1646 4343 1898 4405 lacunas
1959 4337 2298 4418 explendo,
2356 4352 2807 4415 nonnusquam
2865 4335 3051 4398 etiam
3095 4335 3258 4397 notis
3287 4334 3576 4414 quaedam

322 4449 723 4523 iilustraudo,
758 4453 1070 4529 quantum
1122 4441 1361 4520 ingenii
1415 4439 1689 4501 tenuitas
1757 4444 1850 4498 est
1893 4451 2098 4517 passa,
2152 4431 2599 4529 temporisque
2673 4430 2979 4509 angustia,
3065 4429 3333 4529 siquod
3367 4445 3583 4529 Operae

328 4550 599 4627 pretium
657 4525 932 4608 candide
967 4536 1339 4618 judicaturis
1395 4535 1656 4597 videbor
1713 4531 1961 4605 fecisse,
2021 4529 2249 4591 laboris
2312 4545 2439 4590 non
2496 4527 2735 4606 absque
2779 4528 2987 4603 magni
3046 4526 3158 4586 viri
3207 4525 3578 4587 auctoritate

330 4621 599 4726 suscepti
629 4642 847 4704 minus
910 4652 1014 4697 me
1051 4633 1428 4713 paenitebit;
1486 4638 1546 4692 et
1574 4628 1649 4690 ad
1690 4629 1846 4690 alios
1881 4626 2221 4706 scriptores
2279 4624 2370 4685 vel
2417 4625 2721 4701 integrius
2754 4630 2943 4703 atque
2997 4622 3417 4694 emendatius,
3478 4621 3570 4680 vel

328 4718 740 4804 etiam'novos
772 4752 855 4797 ex
897 4732 1123 4794 eadem
1157 4737 1354 4791 vestra
1391 4728 1582 4790 illust.
1611 4725 1764 4786 bibl.
1809 4722 2224 4803 publicandos
2264 4719 2509 4782 facilius
2538 4719 2870 4781 invitabor.
2907 4720 3067 4779 Deus
3099 4720 3241 4796 Opt.
3276 4719 3353 4778 M.
3403 4721 3461 4778 Α.
3498 4718 3575 4777 t'.

321 4840 498 4920 cujus
545 4834 849 4918 auspicio
885 4836 949 4893 et
989 4826 1355 4889 liberalitate
1397 4824 1717 4886 laboribus
1760 4821 1821 4883 id
1888 4836 2087 4898 genus
2139 4832 2356 4880 vacare
2413 4832 2695 4898 possum,
2758 4815 3083 4880 ﬂorentem
3118 4820 3303 4894 atque
3337 4809 3577 4873 incolu-

312 4955 474 5001 mem
513 4952 710 5020 quam
741 4926 1116 4995 diutissime
1147 4929 1500 4985 conservet.

536 5098 854 5176 Augustae
885 5080 1091 5147 Vind.
1124 5078 1322 5159 pridie
1352 5079 1511 5138 Non.
1554 5072 1904 5154 Septembr.

880 5208 958 5266 A.
992 5200 1060 5260 S.
1098 5199 1167 5259 N.
1195 5198 1420 5259 MDCX.

2637 5290 2701 5343 Α.
2793 5284 2858 5342 ν.
2948 5284 3015 5340 Ο.

2443 5379 2637 5439 Dawn
2698 5380 3153 5437 iloascnmws.
3201 5380 3266 5439 Λ.
