4068 6264
477 292 549 359 ἰι
1665 280 2125 345 LATINOBUM
2158 276 2627 341 TESTIMONIA
3654 275 3729 345 π

1290 430 3687 459 Mm

1674 597 1822 684 AD
1907 591 2583 686 LECTOBEM.

578 949 676 1007 Ex
705 945 1059 1026 quindecim
1089 943 1282 1005 Annte
1323 942 1646 1003 Comnente
1674 937 2285 1016 Porphyrogennetoe
2315 930 2643 994 Alexiadis
2674 927 2881 1026 libris,
2923 946 3075 1009 quos
3128 926 3469 989 illustrium
3505 928 3734 992 biblio-

494 1023 816 1104 thecarum
842 1040 1129 1118 Catalogi
1174 1039 1409 1100 dudum
1450 1037 1726 1117 jactant,
1772 1044 1906 1095 octo
1954 1034 2052 1094 hic
2090 1032 2309 1091 damus
2344 1038 2643 1106 perpetuo
2680 1026 2812 1103 fere
2845 1023 3172 1085 lacunatos
3205 1043 3224 1082 :
3264 1035 3409 1103 quot
3438 1036 3492 1086 et
3525 1029 3737 1105 quales

491 1141 793 1199 nimirum
835 1157 912 1196 ex
944 1139 1311 1214 Augustano
1357 1131 1754 1210 autographo
1790 1138 2239 1208 repraesentare
2273 1125 2474 1185 licuit.
2524 1122 2741 1184 Satius
2771 1122 2933 1182 enim
2960 1121 3159 1180 visum
3188 1139 3317 1180 rem
3357 1123 3739 1184 litterariam

493 1236 673 1296 nobis
706 1235 866 1293 hunc
906 1234 1217 1292 semissem
1247 1248 1412 1288 nunc
1445 1229 1690 1307 quidem
1724 1226 1964 1293 debere.
1995 1242 2179 1303 quam
2214 1230 2341 1281 toto
2371 1228 2669 1279 teternum
2698 1235 2932 1277 carere.
2964 1217 3395 1294 Integriorum
3438 1227 3494 1277 et
3530 1219 3741 1279 melio-

494 1351 634 1390 rum
669 1328 1117 1406 exemplarium
1147 1325 1408 1396 domini,
1449 1326 1694 1383 utinam
1727 1321 2032 1381 invidiam
2067 1337 2194 1379 non
2235 1318 2471 1396 ferant,
2505 1324 2562 1375 et
2611 1314 2952 1376 luminibus
2997 1317 3232 1375 nostris
3281 1318 3742 1394 quamprimum
3776 1324 3787 1329 “

498 1427 851 1486 obstruant.
894 1424 1484 1483 Praestantissimum
1517 1418 1785 1480 Fabrum
1808 1417 2069 1494 Regium
2106 1412 2337 1474 Tolosa:
2360 1420 2709 1472 senatorem
2734 1409 3112 1472 nominatim’
3133 1409 3541 1488 appellamus,
3573 1413 3744 1490 apud

499 1542 675 1603 quem
712 1521 924 1598 magni
955 1520 1201 1598 Cujacii
1235 1518 1509 1578 codicem
1538 1524 1783 1576 exstare
1810 1515 2016 1574 aiunt.

421 1599 439 1613 ’
510 1599 527 1603 -
578 1622 775 1680 Porro
810 1618 1004 1677 Annw
1037 1615 1185 1693 ﬁdei
1218 1612 1567 1693 periculum
1599 1614 1665 1672 in
1695 1629 1787 1670 me
1817 1629 1945 1670 non
1971 1610 2232 1687 recipio.
2266 1606 2530 1668 Memini
2555 1603 2723 1684 apud
2764 1605 3095 1683 Vopiscum
3154 1605 3381 1683 legere,
3416 1607 3742 1670 neminem

499 1715 904 1791 scriptorum,
935 1720 1237 1789 quantum
1271 1710 1344 1771 ad
1377 1708 1693 1770 historiam
1730 1707 2027 1786 pertinet,
2061 1721 2190 1766 non
2225 1703 2461 1782 aliquid
2501 1719 2637 1762 esse
2669 1701 2997 1762 mentitum
3029 1718 3045 1775 ;
3081 1720 3215 1761 cum
3241 1705 3746 1765 contentionibus

499 1811 815 1870 incaluere
867 1808 1086 1880 animi,
1132 1804 1394 1885 difﬁcile
1438 1806 1758 1865 veritatem
1806 1811 1973 1862 recto
2021 1799 2195 1860 oculo
2223 1810 2500 1871 tuentur,
2547 1806 2605 1856 et
2647 1798 2759 1857 vix
2800 1804 2887 1856 est
2924 1798 3078 1877 quin
3121 1796 3365 1878 aliquid
3403 1800 3626 1876 patrice
3682 1808 3745 1860 et

390 1969 392 1971 .
492 1906 894 1984 propinquis,
940 1907 1109 1964 inter
1140 1922 1291 1981 quos
1320 1908 1504 1979 pater
1539 1901 1747 1977 primo
1786 1897 1944 1968 loco,
1987 1896 2350 1967 concedant,
2389 1899 2446 1956 si
2480 1893 2830 1974 praesertim
2882 1893 3130 1971 feminae
3173 1912 3392 1954 manus
3439 1895 3746 1956 calamum

497 2002 705 2062 ducat.
733 2003 852 2062 Hic
884 2009 971 2059 est
1004 2000 1489 2076 foedissimorum
1515 1996 1938 2057 conviciorum
1965 1995 2134 2073 fons,
2154 1990 2377 2071 quibus
2404 1992 2588 2050 Anna
2612 1989 2927 2050 interdum
2950 1988 3338 2050 muliebriter
3366 1993 3432 2051 in
3459 1993 3741 2066 Latinos,

492 2100 851 2178 pontiﬁcem
882 2096 1160 2175 aliosque
1191 2093 1511 2172 principes
1546 2091 1852 2171 indulget.
1895 2088 2205 2153 Cordatus
2239 2085 2433 2146 lector
2462 2083 2791 2144 historiam
2819 2084 2949 2143 suis
2988 2089 3333 2157 momentis,
3364 2104 3492 2146 non
3520 2097 3742 2147 aucto-

497 2213 638 2254 rum
672 2192 1001 2273 affectibus
1041 2191 1345 2271 panderet
1370 2209 1389 2246 :
1433 2190 1714 2249 Tacitum
1751 2197 1808 2248 et
1837 2185 2203 2248 Suetonium
2244 2182 2543 2242 adversus
2574 2179 2895 2243 Christum
2933 2188 2990 2240 et
3045 2180 3438 2243 Christianos
3471 2184 3743 2263 injurias

498 2288 788 2350 manibus
836 2297 1042 2347 tamen
1101 2285 1311 2345 excuti
1361 2302 1489 2343 non
1529 2286 1831 2360 patimur.
1866 2283 2002 2357 Quo
2033 2278 2252 2340 ordine
2282 2277 2452 2356 apud
2486 2276 2865 2355 posteriores
2911 2276 3155 2338 Graecos
3193 2279 3459 2339 Romani
3507 2298 3736 2352 omnes,

499 2385 758 2450 scimus;
790 2384 969 2443 Anna
997 2393 1299 2459 prwlerea
1330 2381 1626 2458 proprias
1646 2398 1708 2438 se
1741 2378 1873 2438 odii
1915 2395 2136 2438 causas
2155 2375 2379 2437 habere
2409 2372 2837 2444 existimabat,
2869 2374 3037 2453 quod
3067 2374 3409 2452 Gregorius
3442 2377 3743 2454 ponti/ex

501 2484 874 2540 acerrimum
913 2478 1121 2538 Alexii
1154 2476 1386 2536 hostem
1418 2474 1749 2536 Robertum
1791 2472 2228 2540 Guiscardum,
2251 2482 2495 2549 patrem
2519 2468 2886 2540 Boemundi,
2932 2487 3106 2547 quem
3130 2468 3239 2528 illa
3266 2471 3448 2529 etiam
3478 2473 3740 2551 miriﬁce

501 2578 849 2638 insectatur
900 2586 958 2637 et
1010 2577 1316 2654 exagitat,
1352 2576 1421 2635 in
1468 2574 1811 2633 amicitiam
1846 2578 2186 2649 receperat.
2233 2566 2564 2627 Bertoldus
2598 2567 3120 2637 Constantiensis,
3171 2586 3334 2627 anno
3374 2566 3551 2644 1081i,
3615 2571 3741 2632 haec

504 2672 734 2732 habet:
768 2674 879 2735 llis
922 2672 1318 2750 temporibus
1360 2656 2087 2744 Constantinopolitanus
2118 2666 2449 2727 maximam
2506 2665 2843 2744 pecuniam
2896 2664 3195 2727 Heiurico
3226 2667 3544 2745 quondam
3605 2670 3741 2747 regi

504 2769 871 2841 transmisit,
913 2776 981 2828 ut
1018 2768 1456 2829 Ruodbertum
1514 2768 1927 2836 Wiscardum,
1962 2764 2187 2824 ducem
2234 2761 2533 2823 Calabriae
2585 2769 2644 2822 et
2698 2761 2964 2840 Apuliae.
3022 2763 3416 2841 conjuratum
3473 2764 3740 2829 militem

503 2864 742 2925 domini
794 2882 995 2944 papm,
1040 2865 1101 2924 in
1158 2864 1460 2924 ultionem
1508 2862 1788 2940 ejusdem
1837 2861 2001 2938 regis
2050 2858 2219 2921 bello
2265 2865 2614 2938 appeteret.
2677 2860 2832 2919 Nam
2905 2858 3307 2920 Ruodbertus
3366 2859 3740 2938 jamdudum

505 2960 663 3021 ﬁnes
698 2960 1534 3038 Constantinopolitanorum
1594 2959 1842 3020 invasit.
1875 2957 2235 3032 iterumque
2266 2954 2415 3015 illud
2445 2953 2918 3033 expeditionem
2949 2971 3202 3016 movere
3235 2955 3545 3033 disposuit
3578 2978 3591 3019 :
3624 2958 3735 3020 sed

506 3055 845 3117 Heinricus
871 3063 1197 3134 acceptam
1259 3056 1611 3130 pecuniam,
1657 3070 1782 3114 non
1827 3052 1890 3113 in
1944 3051 2345 3131 procinctum
2397 3059 2617 3112 contra
2663 3050 3123 3123 Ruodbertum,
3176 3053 3345 3130 quod
3379 3056 3743 3126 juramento

502 3152 816 3230 promisit,
850 3152 959 3212 sed
998 3153 1075 3213 ad
1107 3151 1573 3213 conciliandum
1598 3149 1719 3210 sibi
1755 3149 1977 3225 vulgus
2009 3149 2439 3208 Romanorum
2483 3146 2815 3226 impendit.
2855 3145 3011 3206 Cum
3053 3144 3302 3206 Urbano
3337 3147 3560 3209 deinde
3580 3167 3745 3227 pon-

501 3248 664 3324 tiﬁce
708 3248 967 3309 Alexius
1021 3250 1088 3309 in
1115 3249 1386 3325 gratiam
1412 3247 1603 3307 rediit
1647 3264 1810 3305 anno
1855 3243 2030 3318 1089,
2066 3252 2135 3304 ut
2174 3242 2336 3303 idem
2379 3240 2713 3301 Bertoldus
2759 3239 2966 3300 habet.
3001 3240 3302 3302 Dominus
3360 3260 3522 3322 papa
3570 3248 3737 3307 Cou-

505 3341 1139 3419 stuntinopolitanum
1180 3341 1257 3402 ab
1311 3341 1963 3402 excommunicatione
2018 3356 2133 3419 per
2183 3338 2424 3416 legatos
2471 3354 2625 3399 suos
2666 3337 2931 3399 absolvit
2978 3356 2994 3399 :
3061 3338 3231 3414 Quin
3285 3357 3362 3398 ex
3417 3339 3747 3404 Casinensi

507 3435 740 3496 Chron.
774 3453 861 3507 ιν,
904 3455 957 3495 c.
993 3435 1089 3507 48,
1124 3436 1497 3514 colligimus,
1533 3454 1668 3495 eum
1698 3435 2092 3514 postmodum
2125 3434 2480 3496 Occidentis
2512 3436 2840 3513 imperium
2871 3453 2909 3493 a
2940 3434 3237 3496 Paschali
3280 3447 3455 3513 pont.
3490 3456 3746 3513 sperare

504 3549 744 3591 ausum.
780 3532 1032 3595 Alexius
1068 3532 1413 3610 imperator
1440 3532 1910 3593 strenuissimos
1940 3550 2015 3592 ex
2038 3547 2153 3591 suo
2182 3530 2452 3608 imperio
2490 3531 2653 3592 viros
2682 3532 2943 3592 Romam
2970 3549 3111 3593 cum
3146 3532 3274 3593 suis
3304 3533 3524 3594 litteris
3556 3535 3744 3610 misit,

408 3691 416 3697 ,
506 3629 744 3704 quibus
782 3646 851 3689 se
883 3629 1178 3707 iujuriam
1212 3629 1290 3689 ab
1342 3629 1727 3708 imperatore
1761 3628 1989 3689 illatam
2034 3627 2314 3705 pontiﬁci
2364 3635 2553 3705 atque
2588 3629 2910 3698 Romanis,
2946 3627 3234 3688 dolenter
3266 3628 3521 3691 audisse
3554 3632 3750 3708 signi-

506 3724 725 3792 ﬁcans,
759 3726 982 3802 agebat
1013 3726 1417 3804 postmodum
1470 3725 1721 3802 gratias,
1749 3741 1989 3803 eosque
2019 3723 2309 3786 laudabat
2356 3724 2527 3801 quod
2562 3723 2822 3788 viriliter
2850 3724 2942 3784 illi
2974 3724 3386 3786 obstitissent.
3427 3730 3626 3804 Atque
3662 3728 3749 3788 ob

503 3819 592 3889 id,
618 3820 667 3879 si
702 3820 954 3887 illorum
993 3821 1241 3883 animos
1277 3828 1529 3900 paratos
1559 3830 2020 3900 promptasque
2064 3821 2365 3881 sensisset
2404 3822 2494 3897 (ut
2538 3819 2654 3883 sibi
2698 3819 3069 3898 jamdudum
3136 3822 3484 3883 nuntiatum
3518 3821 3746 3901 fuerat)

513 3915 672 3975 velle
718 3916 813 3974 vel
848 3933 937 3985 se,
983 3917 1077 3976 vel
1111 3919 1416 3977 Joannem
1450 3934 1656 3986 suum,
1694 3917 1871 3997 juxta
1907 3931 2149 3977 morem
2181 3915 2536 3996 priscorum
2587 3914 2865 3975 fidelium
2919 3917 3399 3995 imperatorum,
3429 3934 3463 3979 a
3499 3934 3749 3983 summo

508 4009 811 4088 pontifice
852 4012 1070 4071 Romae
1099 4028 1398 4072 coronam
1447 4012 1693 4089 imperii
1740 4028 2016 4071 sumere.
2063 4012 2286 4072 Verum
2335 4030 2401 4071 eo
2428 4011 2787 4079 redeamus;
2835 4020 2904 4071 ut
2961 4014 3154 4077 Anna:
3182 4013 3361 4091 ﬁdem
3412 4015 3479 4073 in
3509 4014 3588 4074 iis
3618 4032 3751 4098 qua:

508 4116 731 4165 contra
784 4115 1035 4166 nostros
1089 4107 1331 4183 scripta
1382 4105 1663 4182 reliquit,
1703 4116 1999 4182 praestare
2050 4123 2174 4165 non
2215 4105 2403 4173 lubet.
2460 4108 2548 4166 ita
2611 4120 2668 4166 et
2718 4126 2929 4167 eorum
3000 4127 3133 4187 qua:
3191 4111 3395 4168 nostri
3449 4110 3747 4175 adrersus

505 4199 799 4260 Alexium
833 4201 1018 4279 pleno
1050 4199 1272 4260 horreo
1300 4202 1567 4259 remensi
1596 4211 1765 4268 sunt,
1805 4201 2240 4260 auctoritatem
2293 4202 2647 4280 def-agimus
2684 4222 2703 4262 :
2748 4221 2892 4262 nam
2923 4204 3184 4283 largiter
3217 4205 3375 4266 hanc
3426 4206 3750 4275 (fomnente

509 4304 777 4355 retulere
804 4297 1101 4377 gratiam,
1139 4296 1306 4377 quod
1328 4297 1651 4377 sequentia
1681 4294 1923 4376 aliquot
1943 4293 2079 4359 loca
2110 4293 2416 4358 docebunt
2442 4317 2462 4364 ,-
2496 4294 2749 4375 longum
2787 4299 2987 4359 visum
3019 4301 3227 4360 omnia
3256 4284 3629 4367 exscribere.

582 4531 3545 4559 —-—_—-F_—'_-———_——-——-v—¢I—-———————p—q——-————._,

3518 4545 3545 4563 .-
3568 4542 3706 4565 “--·-¹·.

1462 4724 1730 4812 LATI
1755 4720 2176 4814 NORUM
2252 4722 2433 4810 ALI
2463 4724 2793 4831 QUOT

1254 4924 1368 4991 DE
1453 4922 1808 4985 ALEXIO
1896 4923 2343 4988 COMNENO
2441 4924 3048 4991 TESTIMONIA.

2085 5111 2155 5127 —

593 5244 964 5309 Guilielmus
1004 5248 1229 5326 Tyrius
1261 5247 1344 5306 De
1386 5244 1539 5306 bello
1568 5263 1743 5305 sacro
1798 5243 1908 5304 lib.
1944 5260 2015 5319 Il,
2049 5260 2191 5320 cap.
2227 5239 2260 5300 5
2317 5241 2587 5302 Prmerat
2621 5246 2843 5303 autem
2865 5261 2980 5323 per
3007 5243 3065 5304 id
3102 5253 3355 5316 tempus
3391 5245 3754 5310 Graecorum

510 5341 779 5422 imperio
810 5344 902 5405 vir
938 5361 1203 5422 nequam
1255 5351 1317 5403 et
1346 5342 1673 5411 subdolus,
1712 5341 1965 5401 Alexius
2002 5341 2281 5409 nomine,
2332 5340 2716 5416 cognomine
2758 5341 3047 5403 Comutio
3082 5342 3480 5425 (Comnenus)
3523 5348 3754 5412 dictus.

512 5441 794 5510 Quicum
832 5449 997 5503 esset
1034 5441 1096 5501 in
1130 5438 1440 5519 imperiali
1478 5438 1709 5517 palatio
1735 5455 1766 5498 a
1793 5436 2053 5499 domino
2094 5436 2477 5510 Nicephoro,
2512 5448 2935 5517 cognomento
2967 5440 3341 5505 Bothomath
3378 5444 3756 5528 (Botaniate)

514 5538 622 5615 qui
656 5548 805 5600 tunc
838 5540 899 5598 in
936 5540 1203 5618 sceptris
1244 5555 1439 5616 agens
1472 5535 1969 5615 principabatur,
2009 5533 2343 5612 plurimum
2383 5533 2752 5608 honoratus,
2794 5545 2854 5597 et
2900 5539 3416 5615 megadomestici
3452 5543 3756 5619 dignitate

517 5637 732 5713 (guem
766 5652 880 5697 nos
919 5635 1220 5713 niajorem
1252 5632 1671 5695 senescallum
1711 5632 2032 5713 appellare
2078 5632 2546 5713 consuevimus)
2577 5632 2950 5713 fungeretur
2985 5638 3215 5709 otﬁcio,
3250 5642 3328 5702 ah
3376 5643 3757 5715 imperatore
