4068 6264
317 371 387 432 73
1536 366 1631 426 DE
1676 361 1961 424 ALEXIO
1988 357 2385 427 :COMNENO.
3508 364 3580 425 74

324 484 684 557 secundus,
718 490 929 545 contra
960 482 1286 543 dominum
1339 488 1399 542 et
1430 480 1899 544 benefactorem
1935 494 2115 540 suum
2168 475 2481 537 malitiose
2518 474 2943 548 recalcitrans,
2993 476 3215 554 quinto
3253 473 3347 535 vel
3404 482 3581 538 sexto

328 602 497 646 anno
530 592 875 660 antequam
917 579 1193 659 pepulus
1225 585 1439 640 noster
1470 579 1825 650 accederet,
1863 572 2129 655 depulso
2165 571 2426 632 domino
2463 571 2798 651 imperium
2848 571 3183 645 invaserat,
3218 576 3278 631 et
3310 572 3583 634 retinere

330 682 761 762 praesumebat
790 677 961 755 quod
1007 676 1312 737 violenter
1342 681 1781 754 occupaverat.
1815 708 1889 717 —--
1920 676 2063 734 CAP.
2103 672 2197 733 10.
2236 672 2391 732 Dum
2424 689 2570 733 vero
2602 672 2738 733 hzec
2768 671 2832 732 in
2864 671 3083 734 castris
3115 679 3409 749 aguntur,
3434 690 3583 736 ecce

330 778 590 839 domino
629 772 975 835 Boamundi
1003 773 1259 833 nuntius
1291 788 1570 850 praesens
1606 777 1751 830 ante
1784 771 2008 832 ducem
2040 772 2252 844 astitit,
2290 771 2571 851 praedicti
2642 772 2948 853 principis
2998 772 3235 834 litteras
3283 772 3582 835 deferens

329 876 390 937 in
422 876 561 935 haec
594 873 788 933 verba
824 889 837 931 :
870 870 1155 939 Noveris,
1186 869 1461 928 virorum
1494 868 1756 946 Optime,
1792 871 1963 945 qqu
2006 868 2117 929 tibi
2151 879 2368 929 contra
2407 868 2606 929 feram
2658 871 2995 948 pessimam
3037 876 3097 932 et
3145 887 3289 932 cum
3322 869 3581 934 homine

329 988 600 1051 nequam
637 964 911 1047 (Alexio)
945 965 1251 1026 incumbit
1285 963 1604 1041 negotium
1649 981 1661 1022 :
1707 964 1888 1041 cujus
1920 964 2320 1043 prepositum
2365 971 2460 1026 est
2498 982 2753 1045 semper
2785 965 3032 1039 fallere,
3070 973 3132 1026 et
3179 983 3433 1027 omnem
3473 969 3585 1027 La-

326 1075 602 1134 tinorum
642 1069 967 1130 nationem
1004 1082 1209 1144 usque
1248 1064 1326 1125 ad
1376 1071 1644 1124 mortem
1677 1065 1883 1126 modis
1920 1064 2219 1125 omnibus
2259 1066 2559 1144 persequi
2597 1089 2610 1126 :
2662 1072 2721 1127 et
2772 1067 2943 1144 quod
2993 1066 3072 1127 de
3110 1083 3184 1127 eo
3227 1074 3395 1129 recte
3444 1086 3586 1129 sen-

327 1171 501 1236 tiam,
536 1174 649 1224 tuo
688 1159 1032 1240 aliquando
1062 1156 1518 1236 approbabitur
1546 1156 1814 1234 judicio,
1849 1158 1990 1218 novi
2038 1162 2206 1221 enim
2237 1162 2602 1222 Grmcorum
2633 1163 2959 1232 malitiam,
2999 1170 3061 1223 et
3097 1162 3312 1224 odium
3345 1164 3572 1225 adver-

328 1281 429 1325 sus
491 1261 862 1321 Latinorum
926 1270 1164 1316 nomen
1228 1253 1517 1331 pertinax
1566 1263 1625 1313 et
1656 1253 2061 1316 obstinatum.
2120 1291 2185 1300 ——-
2239 1259 2384 1318 CAP.
2450 1257 2543 1318 13.
2592 1259 3037 1320 Verumtamen
3091 1258 3254 1319 sicut
3300 1260 3393 1320 vir
3450 1268 3582 1325 erat

328 1359 635 1442 (Alexim)
668 1355 998 1425 subdolus,
1035 1359 1262 1432 potens
1291 1350 1587 1412 simulare
1614 1360 1675 1411 et
1707 1350 2106 1413 dissimulare
2145 1354 2567 1431 propositum,
2609 1353 2818 1422 missis
2851 1354 3230 1433 quibusdam
3263 1355 3582 1418 nobilibus

328 1476 404 1520 ex
433 1457 570 1519 suis
601 1450 967 1516 domesticis
997 1449 1075 1510 ad
1109 1447 1403 1510 eumdem
1453 1447 1654 1507 virum
1688 1448 2036 1524 egregium,
2085 1448 2293 1507 verbis
2324 1449 2601 1526 paciﬁcis
2622 1450 2677 1509 ei
2719 1448 2969 1511 locutus
3004 1456 3099 1510 est
3126 1450 3189 1510 in
3234 1450 3404 1523 dolo,
3436 1458 3578 1513 ten-

327 1566 466 1616 tans
494 1553 545 1614 si
572 1564 845 1630 quoque
875 1545 1065 1607 modo
1107 1562 1252 1607 eum
1293 1549 1511 1622 posset
1541 1543 1862 1620 decipere.
1898 1576 1973 1587 ——-
2004 1545 2149 1603 CAP.
2196 1543 2289 1604 14.
2326 1546 2440 1606 Hic
2480 1546 2733 1606 demum
2778 1546 3031 1623 plenius
3066 1547 3367 1621 innotuit,
3408 1550 3577 1629 quod

332 1650 639 1733 quidquid
677 1647 772 1707 eis
803 1645 1149 1722 imperator
1192 1640 1498 1719 (Alexim)
1532 1639 1936 1713 loquebatur,
1969 1640 2142 1700 fraus
2177 1648 2308 1701 erat
2344 1649 2405 1702 et
2439 1643 2915 1704 (-ircumventio.
2947 1678 3020 1687 —-
3054 1645 3195 1704 CAP.
3235 1644 3330 1706 19.
3364 1647 3579 1718 Quod-

333 1765 452 1827 rgue
487 1744 887 1825 principibus
925 1738 1270 1801 liberaliter
1299 1736 1654 1799 contulerat
1689 1735 1993 1813 (Alexim)
2018 1753 2135 1796 nec
2175 1736 2568 1799 liberalitatis
2598 1746 2731 1799 erat
2759 1756 2876 1801 nec
2908 1742 3146 1816 gratias,
3194 1743 3301 1803 sed
3336 1743 3581 1805 timoris

330 1841 674 1922 desperati,
728 1846 791 1900 et
828 1834 1249 1898 fraudulenta)
1290 1832 1607 1893 versutim.
1646 1832 1884 1892 Nostris
1937 1839 2145 1893 autem
2184 1832 2248 1892 in
2302 1832 2704 1912 simplicitate
2750 1836 3009 1911 spiritus
3059 1846 3114 1897 et
3164 1838 3412 1899 sincera
3457 1840 3580 1900 ﬁde

325 1938 810 2007 incedentibus,
854 1935 956 1995 vix
986 1931 1352 2013 persuaderi
1392 1935 1640 2010 poterat
1670 1931 2029 1990 Graecorum
2064 1928 2321 2000 malitia,
2349 1936 2404 1990 et
2441 1948 2716 2010 nequam
2764 1931 3022 1994 illorum
3070 1934 3379 2015 principis
3408 1936 3580 1998 fraus

326 2047 384 2100 et
418 2033 882 2100 circumventio
918 2031 1232 2110 pertinax,
1267 2028 1539 2088 maxime
1575 2044 1718 2088 cum
1751 2043 1899 2103 erga
1931 2041 2042 2086 eos
2072 2032 2242 2085 tanta
2286 2025 2657 2088 liberalitate
2699 2035 2761 2089 et
2791 2028 3083 2091 simulata
3125 2032 3318 2108 gratia
3348 2031 3578 2092 redun-

326 2136 525 2196 daret.
558 2133 703 2192 CAP.
739 2129 839 2191 20.
870 2130 1099 2207 Sicque
1128 2125 1419 2206 quotidie
1439 2122 1633 2200 magis
1659 2129 1719 2183 et
1748 2122 1940 2198 magis
1974 2123 2336 2183 Graecorum
2365 2122 2573 2196 dolus,
2603 2130 2665 2184 et
2693 2122 2864 2186 fraus
2892 2125 3295 2203 imperatoris
3318 2127 3574 2205 (Alexii)

327 2228 764 2307 detegebatur,
801 2226 884 2286 ita
926 2231 990 2284 ut
1013 2224 1140 2302 jam
1177 2236 1364 2283 nemo
1399 2228 1563 2283 esset
1599 2219 1677 2280 de
1714 2218 2114 2298 principibus
2153 2217 2253 2278 cui
2284 2234 2415 2279 non
2445 2227 2611 2280 esset
2654 2219 3086 2295 manifestum,
3122 2228 3182 2283 et
3212 2222 3351 2285 luce
3388 2225 3578 2285 meri-

322 2327 515 2387 diana
569 2323 823 2397 clarius,
876 2326 1112 2399 quanto
1143 2317 1292 2379 odio
1344 2317 1851 2396 prosequebatur
1896 2316 2203 2396 pepulam
2252 2326 2561 2393 nostrum,
2609 2327 2672 2382 et
2722 2337 2911 2383 omne
2961 2339 3163 2400 genus
3216 2323 3576 2386 Latinorum

324 2421 583 2484 haberet
606 2420 988 2481 invisum.—
1019 2416 1161 2475 CAP.
1188 2412 1287 2474 21.
1320 2411 1631 2490 Quidquid
1665 2419 1872 2472 autem
1908 2412 2286 2492 loquebatur
2316 2415 2621 2495 (Alexim)
2648 2416 2833 2479 dolus
2855 2426 2986 2480 erat
3014 2424 3074 2479 et
3094 2418 3572 2482 circumventio.

328 2552 403 2562 —
436 2520 567 2577 LIB.
607 2532 711 2587 vn,
747 2511 994 2575 CAP.20.
1029 2510 1303 2572 Fraudes
1335 2509 1502 2569 enim
1540 2508 1945 2587 imperatoris
1981 2509 2241 2588 (Aleaii)
2278 2520 2339 2573 et
2370 2513 2507 2591 ejus
2539 2514 2831 2583 versutia,
2874 2531 3031 2592 quas
3059 2515 3291 2594 saepius
3334 2523 3578 2595 experti

322 2616 601 2683 fuerunt,
628 2611 950 2674 declinare
988 2608 1355 2688 judicabant
1387 2605 1805 2675 commodius,
1843 2622 1919 2665 ne
1958 2606 2092 2685 ejus
2135 2608 2507 2685 labyrinthis
2563 2618 2624 2670 et
2681 2609 3049 2687 ambagibus
3106 2614 3332 2672 iterum
3365 2629 3433 2673 se
3465 2613 3581 2678 .in-

323 2714 647 2774 volverent
678 2706 967 2786 aquibus
1001 2722 1128 2766 non
1163 2704 1309 2765 satis
1340 2702 1522 2763 facile
1558 2701 1958 2778 postmodum
1990 2713 2267 2780 possent
2283 2704 2591 2781 expediri.
2629 2739 2703 2750 ——
2741 2707 2873 2766 Lm.
2906 2723 2975 2779 x,
3015 2708 3154 2766 CAP.
3192 2704 3287 2769 12.
3326 2710 3400 2767 At
3429 2726 3576 2770 vero

324 2809 492 2871 idem
532 2804 838 2885 (Alexim)
878 2802 1240 2880 imperator,
1276 2807 1520 2860 vetusto
1564 2800 1927 2860 Graecorum
1957 2816 2134 2861 more
2169 2808 2527 2863 nostrorum
2564 2802 2965 2864 successibus
2997 2802 3314 2877 invidens,
3349 2821 3573 2882 quam-

326 2909 415 2967 vis
454 2921 591 2977 eos,
633 2909 701 2964 ut
731 2899 1162 2981 praadiximus,
1216 2898 1379 2976 apud
1413 2913 1480 2957 se
1517 2897 1667 2958 satis
1720 2896 1994 2973 benigne
2054 2896 2401 2970 habuisset,
2471 2899 2717 2961 occulte
2771 2899 2920 2961 inde
2980 2917 3096 2977 per
3154 2899 3578 2964 internuntios

325 3005 698 3081 frequentes
726 3001 791 3060 in
824 3015 1046 3060 eorum
1082 2996 1430 3076 perniciem
1464 2995 1677 3057 hostes
1708 2995 2110 3068 sollicitabat,
2138 3002 2207 3057 et
2234 2997 2313 3058 ab
2346 3012 2570 3057 eorum
2603 2996 2877 3059 adventu
2917 2997 3155 3059 crebris
3203 2999 3483 3077 epistolis
3512 3011 3576 3062 et

323 3098 697 3160 nuntiorum
767 3093 1159 3155 discursibus
1212 3092 1511 3153 reddebat
1550 3092 2010 3165 instructiores,
2056 3110 2168 3154 eos
2222 3110 2650 3171 praemonens,
2695 3111 2775 3155 ne
2828 3101 3066 3155 tantum
3114 3096 3421 3174 populum
3458 3116 3574 3161 suo

325 3194 613 3274 periculo
647 3192 848 3253 libere
887 3190 1151 3251 transire
1206 3188 1542 3268 patiantur.
1580 3189 1799 3250 Vicem
1859 3190 2214 3269 scorpionis
2257 3206 2475 3266 agens,
2513 3191 2620 3269 qui
2646 3208 2790 3252 eum
2824 3207 2953 3251 non
2992 3191 3070 3250 sit
3103 3191 3168 3250 in
3214 3192 3372 3253 facie
3403 3196 3574 3271 quod

322 3290 649 3361 formidas,
689 3286 1037 3367 prudenter
1071 3284 1296 3349 feceris
1339 3284 1386 3345 si
1421 3285 1638 3346 cauda;
1686 3285 2051 3362 posterioris
2082 3285 2399 3346 declinare
2445 3286 2679 3364 poteris
2727 3285 3129 3347 maleﬁcium.
3169 3322 3244 3331 ——
3285 3290 3408 3348 Lm.
3444 3305 3559 3362 xu,

323 3405 457 3449 CAP.
496 3386 555 3445 5.
618 3386 739 3447 Per
784 3382 955 3443 idem
989 3388 1236 3459 tempus
1287 3380 1480 3459 (anno
1532 3378 1704 3459 1118)
1758 3379 2502 3457 ConstantinOpolitanus
2540 3380 2889 3459 imperator
2921 3379 3176 3442 Alexius
3210 3384 3570 3447 Latinorum

326 3483 635 3545 maximus
665 3484 1060 3560 persecutor,
1102 3477 1285 3537 rebus
1318 3474 1610 3535 humanis
1646 3481 1974 3553 exemptus
2009 3483 2124 3537 est.
2790 3496 2828 3541 ί

400 3578 715 3640 Robertm
744 3574 1107 3644 monachus,
1144 3574 1229 3633 De
1259 3572 1764 3635 Christianorum
1798 3568 2161 3652 principum
2188 3574 2579 3652 profectione
2607 3576 2673 3635 in
2702 3576 2976 3652 Syriam,
3009 3576 3119 3639 lib.
3156 3596 3224 3639 Il.
3255 3578 3574 3640 Subdolus

321 3678 533 3755 itaque
572 3675 924 3753 imperator
958 3665 1260 3747 (Alexim)
1298 3670 1515 3730 videns
1542 3686 1828 3731 crescere
1861 3675 2062 3731 castra
2092 3670 2225 3740 Dei,
2272 3677 2333 3731 et
2365 3670 2443 3731 de
2476 3671 2578 3731 die
2611 3672 2673 3731 in
2733 3671 2898 3732 diem
2930 3674 3347 3749 augmentari,
3383 3675 3578 3753 inops-

321 3772 536 3841 animi,
575 3787 805 3850 expers
876 3785 1122 3840 sensus,
1174 3782 1415 3845 pauper
1463 3765 1734 3837 consilii,
1768 3766 1859 3826 ira
1920 3764 2280 3826 vehementi
2338 3766 2529 3841 C(Bpit
2576 3767 2841 3827 anxrari.
2893 3769 3067 3826 Mens
3121 3768 3289 3827 enim
3350 3771 3570 3832 fraude

324 3869 510 3947 plena
552 3882 813 3945 semper
850 3862 1140 3924 anxiatur
1174 3870 1236 3923 et
1268 3868 1360 3923 est
1392 3860 1683 3935 sollicita,
1735 3867 1795 3922 et
1848 3862 2020 3939 quod
2073 3860 2467 3920 machinatur
2503 3859 2679 3919 alteri
2716 3861 3101 3938 pertimescit
3146 3862 3264 3923 sibi
3320 3882 3572 3943 semper

325 3963 697 4025 machinari.
733 3964 801 4021 In
840 3968 1053 4021 mente
1086 3958 1484 4038 imperatoris
1514 3974 1765 4035 semper
1814 3954 2041 4017 mansit
2070 3954 2472 4016 fraudulenta
2526 3956 2717 4015 ﬁctio.
2765 3957 3073 4033 Quidquid
3115 3959 3337 4035 iuravit
3371 3968 3568 4024 totum

326 4061 693 4131 exinanivit,
725 4058 869 4137 quia
908 4056 1414 4136 perjuriinoxam
1448 4054 1771 4115 incurrere
1822 4051 2062 4126 maluit,
2098 4069 2284 4130 quam
2343 4059 2594 4130 gentem
2646 4054 3021 4114 Francorum
3066 4073 3102 4116 a
3158 4057 3289 4117 suis
3340 4056 3568 4120 ﬁnibus

324 4174 445 4218 non
479 4156 789 4233 elongari.

399 4253 735 4315 Conradm
772 4250 968 4310 abba:
1005 4248 1444 4327 Urspergemis
1476 4246 1710 4308 Chron.
1749 4264 1913 4307 anno
1958 4246 2130 4309 1101.
2180 4250 2340 4311 Ecce
2369 4249 2576 4310 subito
2628 4267 2911 4311 murmur
2946 4252 3245 4322 exoritur,
3301 4252 3567 4314 invisum

325 4350 773 4429 imperatorem
810 4346 1140 4426 (Alexium‘)
1173 4348 1521 4406 Turcorum
1577 4342 1786 4423 potius
1830 4360 2019 4422 quam
2050 4344 2541 4406 Christianorum
2596 4346 2753 4425 parti
2799 4346 3043 4423 favere,
3099 4348 3569 4431 exploratisque

324 4466 461 4526 quas
494 4450 661 4510 circa
696 4462 811 4507 nos
844 4450 1046 4515 erant,
1078 4441 1515 4521 frequentibus
1549 4441 1693 4501 illos
1732 4448 1950 4503 contra
1987 4457 2104 4503 nos
2144 4441 2383 4502 nuntiis
2421 4441 2722 4503 animare.
2765 4444 2879 4505 Hic
2910 4450 3027 4517 est,
3066 4444 3385 4524 inquiunt,
3420 4465 3567 4527 per-

325 4546 481 4607 fidus
508 4545 620 4605 ille
650 4542 927 4610 Alexius,
956 4540 1063 4619 qui
1095 4540 1355 4600 domino
1384 4554 1499 4600 suo
1523 4537 1905 4617 Nicephoro,
1938 4555 2051 4617 per
2080 4539 2496 4617 quorumdam
2523 4538 3005 4602 Alamannorum
3038 4543 3568 4606 eonductitiorum

323 4641 625 4702 auxilium
681 4637 989 4716 depulso,
1044 4634 1373 4713 imperium
1413 4635 1546 4713 ejus
1597 4633 1941 4712 usurpavit,
1994 4636 2296 4713 ipsosque
2345 4634 2440 4695 sui
2496 4635 2753 4698 sceleris
2804 4646 3289 4718 cooperatores,
3350 4643 3570 4703 exsilio

323 4735 650 4797 damnatos
680 4731 893 4794 necari
929 4730 1074 4791 fecit
1111 4748 1124 4789 :
1165 4746 1458 4807 nuncque
1494 4746 1561 4789 se
1589 4730 1741 4789 tanti
1774 4729 1928 4789 dixit
1960 4729 2164 4789 facere
2203 4731 2473 4792 Francos
2504 4748 2646 4792 cum
2677 4734 2895 4794 Turcis
2934 4734 3319 4813 proeliantes,
3352 4738 3572 4816 quanti

324 4848 507 4892 canes
545 4848 614 4891 se
646 4828 917 4888 invicem
952 4825 1341 4886 mordentes.
1376 4826 1526 4886 Cum
1555 4832 1761 4886 autem
1800 4825 2040 4903 navigia
2074 4826 2405 4904 quisquam
2439 4827 2797 4888 conducere
2846 4835 3136 4901 tentaret,
3168 4834 3403 4894 audivit
3432 4835 3571 4893 Ca3-

318 4944 519 4988 sarem
554 4925 814 4985 insidias
850 4920 1200 5001 peregrinis
1231 4920 1414 4982 etiam
1450 4922 1511 4981 in
1554 4920 1706 4983 mari
1739 4921 2027 5000 posuisse
2053 4970 2067 4995 ,
2110 4923 2461 5002 multasque
2503 4924 2740 4985 dudum
2796 4926 3020 4987 eodem
3073 4927 3352 4992 facinore
3385 4946 3572 4991 naves

318 5040 460 5083 eum
513 5019 960 5082 submersisse.
995 5019 1389 5096 QuaprOpter
1410 5033 1629 5077 omnes
1660 5034 1803 5078 eum
1842 5018 2300 5080 maledicebant
2353 5028 2415 5080 et
2465 5020 3100 5097 anathematizabant,
3141 5042 3365 5088 omnes
3393 5026 3570 5086 illum

315 5118 547 5195 linguae
580 5132 706 5176 non
742 5116 1215 5193 imperatorem,
1242 5111 1353 5174 sed
1379 5111 1739 5174 traditorem
1767 5113 2193 5192 appellabant.
2227 5119 2408 5176 ANNO
2439 5112 2611 5189 1106,
2642 5102 2889 5179 invidus
2916 5128 2977 5180 et
3004 5123 3288 5182 occultus
3311 5126 3603 5182 eatenus!

314 5214 611 5275 Ecclesia)
656 5215 1031 5295 persecutor
1061 5207 1309 5269 Alexius
1333 5252 1349 5279 ,
1383 5208 1489 5267 diu
1524 5214 1747 5269 tectam
1798 5226 1925 5271 suae
1968 5211 2248 5290 perﬁdiae
2283 5212 2618 5273 toxicatam
2667 5214 2902 5275 rabiem
2948 5217 3232 5294 evaginat
3264 5235 3276 5275 :
3311 5217 3530 5277 Turcis
3554 5266 3567 5286 ,

313 5310 541 5387 quibus
568 5312 695 5391 jam
732 5310 905 5371 nulla
956 5305 1051 5368 vel
1085 5322 1217 5366 rara
1246 5305 1312 5365 in
1342 5305 1592 5365 Oriente
1645 5305 1951 5383 regnandi
1997 5323 2140 5386 spes
2176 5312 2599 5380 remanserat,
2633 5324 2699 5369 se
2736 5309 3037 5369 tutissime
3089 5309 3399 5380 conciliat,
3440 5318 3499 5371 et
3533 5330 3571 5372 ο

313 5410 744 5490 turpissimum
784 5401 1075 5468 facinus!
1110 5403 1405 5473 Nieaaam,
1443 5418 1631 5481 quam
1682 5403 1832 5462 olim
1872 5402 2016 5463 ﬁdei
2068 5408 2300 5462 nostras
2338 5403 2581 5473 turrim,
2634 5403 3001 5479 dudumque
3036 5403 3233 5466 multo
3267 5401 3566 5469 Christia-

312 5519 534 5566 norum
566 5505 880 5582 sanguine
914 5508 1337 5578 comparatam
1370 5498 1905 5577 prtescripsimus,
1936 5497 2284 5558 Solimanni
2318 5496 2563 5575 tyranni
2612 5496 2755 5556 ﬁliis
2798 5496 3067 5559 reddidit
3102 5514 3115 5557 :
3149 5500 3463 5563 custodias
3490 5504 3567 5563 ad

311 5601 777 5670 prohibendum
810 5595 1159 5667 transitum,
1178 5595 1526 5673 peregrinis
1561 5600 1721 5654 terra
1755 5593 2035 5672 marique
2062 5595 2404 5654 constituit.
2428 5594 2612 5670 Cujus
2637 5593 2868 5653 classes
2892 5601 3109 5657 contra
3134 5597 3567 5660 Antiochenos

310 5695 599 5772 directas,
652 5699 776 5779 ipsi
819 5694 997 5758 bello
1048 5702 1389 5771 ceperunt,
1439 5697 1500 5753 et
1554 5692 1615 5752 in
1649 5690 2089 5753 confusionem
2142 5689 2380 5761 Alexii,
2436 5688 2601 5750 nasis
2646 5693 2834 5767 atque
2891 5684 3222 5754 oollicibus
3276 5693 3566 5753 omnibus

626 5802 911 5861 Pamon.
952 5796 1067 5853 Gn.
1108 5793 1365 5852 CXXXI.
2267 5871 2275 5878 '
3222 5794 3254 5850 3
