4068 6264
461 344 559 405 ’Ἷῦ
1566 337 1916 402 ELOGlUM
1956 339 2067 400 AN}

2118 339 2181 399 2E
2216 337 2622 399 (ἶΟΜΝΕΝιλΕ.
3647 337 3715 401 76

489 453 814 525 abscissis,
847 467 1036 514 unam
1085 449 1161 510 dc
1192 446 1443 529 scaphis
1497 448 1646 511 inde
1693 456 2054 522 onerantcs,
2106 446 2469 526 hujusmodi
2521 445 2914 525 pulmentum
2964 442 3168 504 eidem
3214 458 3325 504 reo
3379 441 3714 507 multorum

483 550 751 612 millium
785 545 1144 620 homicidas,
1168 545 1668 607 transmiserunt.
1695 581 1768 590 —
1793 545 2083 606 Albertus
2109 542 2434 605 Stadensis
2465 541 2672 602 eadem
2697 541 2827 618 fere
2849 539 2931 600 ad
2953 537 3204 598 verbum
3230 537 3436 598 habet.
3474 573 3549 582 —-
3573 539 3714 600 Otto

488 644 943 722 Frisingensis,
978 641 1272 704 Chronic.
1312 640 1418 701 lib.
1453 657 1565 714 vn,
1601 659 1736 720 cap.
1777 641 1870 701 10.
1910 641 2160 702 Alexius
2189 639 2531 718 imperator
2562 635 3035 716 pertidissimus,
3065 634 3307 712 jamdiu
3347 643 3714 713 conceptam

479 741 677 804 corde
703 738 1004 800 malitiam
1045 738 1249 802 celare
1278 737 1550 816 amplius
1574 753 1698 798 non
1731 735 1962 806 valens,
1997 752 2138 797 cum
2161 734 2402 806 Turcis,
2432 733 2539 812 qui
2555 733 2682 811 jam
2717 747 2882 811 pene
2905 730 3219 810 desperati
3249 736 3451 803 erant,
3476 733 3713 810 turpis-

479 837 638 899 sime
669 834 1043 907 faederatur,
1075 834 1296 913 eisque
1330 833 1627 906 Nicaeam,
1667 831 1865 893 multo
1905 837 2258 892 nostrorum
2283 829 2586 906 sanguine
2622 828 3015 906 acquisitam,
3039 825 3408 905 impiissime
3439 827 3715 890 tradidit.

562 933 899 1010 Got/rid-us
934 930 1362 1004 l’iterbiensis,
1397 929 1692 992 Chronic.
1722 939 1904 1007 parte
1942 928 2156 988 XVIII.
2196 923 2807 1003 ConstantinOpolim
2838 931 3282 1002 pervenerunt,
3314 923 3422 984 ubi
3451 923 3716 986 multum

478 1029 694 1090 dolum
745 1036 808 1090 et
851 1028 1377 1108 impedimentum
1407 1044 1441 1088 a
1477 1043 1626 1103 rege
1673 1025 1892 1086 Alexio
1941 1024 2250 1104 perpessi.
2290 1025 2464 1084 Tunc
2511 1021 2769 1083 Alexius
2818 1039 2927 1082 rex
2962 1019 3716 1098 ConstantinOpolitanm,

476 1124 834 1187 christianos
882 1125 1314 1204 prosperitatis
1360 1123 1785 1193 adversarius,
1836 1125 2076 1184 Turcos
2125 1121 2193 1183 in
2244 1119 2754 1197 desperationem
2781 1117 2912 1196 jam
2941 1115 3330 1196 positos,.in
3379 1117 3718 1177 amicitiam

455 1243 650 1287 suam
681 1227 1153 1300 cont‘cederavit,
1183 1226 1402 1302 eisque
1432 1226 1652 1287 turrim
1687 1226 1984 1296 Nicream,
2035 1221 2529 1283 Christianorum
2560 1219 2865 1297 sanguine
2903 1219 3344 1298 conquisitam.
3378 1218 3716 1279 concessit.

477 1355 552 1364 ——-
585 1322 921 1382 Matthceus
952 1323 1138 1382 Paris
1171 1323 1235 1383 in
1272 1323 1558 1383 Historia
1587 1323 1835 1397 majori,
1871 1338 2036 1379 anno
2082 1317 2256 1381 1096.
2288 1319 2539 1380 Alexius
2584 1325 2793 1380 autem
2830 1317 3174 1396 imperator
3203 1318 3588 1390 Graecorum,
3627 1316 3722 1378 vir

466 1434 748 1495 nequam
783 1425 845 1478 et
871 1417 1203 1488 subdolus,
1234 1434 1380 1479 cum
1434 1424 1600 1478 esset
1641 1417 1707 1477 in
1747 1417 1979 1495 palatio
2039 1413 2380 1490 Nicephori
2426 1413 2782 1476 decessoris
2829 1414 2925 1474 sui
2955 1428 3262 1485 summus,
3317 1416 3379 1472 et
3419 1411 3720 1498 princeps

454 1513 740 1587 militiae,
791 1521 1011 1576 contra
1060 1512 1384 1575 dominum
1415 1529 1599 1574 suum
1648 1511 1955 1572 malitiose
1997 1512 2433 1585 recalcitrans,
2470 1511 2693 1592 quinto
2737 1509 2831 1572 vel
2877 1522 3056 1572 sexto
3085 1518 3229 1572 ante
3259 1509 3422 1572 hanc
3453 1511 3716 1589 expedi-

470 1613 715 1670 tionem
765 1626 958 1684 anno,
1017 1609 1276 1670 domino
1309 1609 1578 1688 depulso
1633 1609 1974 1688 imperium
2023 1609 2368 1679 invaserat,
2415 1614 2478 1668 et
2525 1607 2812 1668 invasam
2865 1606 3160 1683 nequiter
3209 1605 3549 1666 detinebat.
3602 1606 3719 1668 Hic

469 1721 730 1784 semper
763 1704 1155 1784 prepositum
1189 1703 1430 1765 habens
1462 1703 1740 1776 fallendi,
1777 1721 1949 1784 saepe
1981 1720 2122 1766 cum
2152 1702 2499 1782 peregrinis
2527 1702 2716 1764 verba
2746 1702 3003 1781 paciﬁca
3037 1701 3417 1780 loquebatur
3444 1701 3510 1762 in
3538 1702 3716 1773 dolo,

452 1807 832 1878 suspectam
853 1799 1091 1879 jugiter
1132 1798 1376 1860 habens
1405 1797 1876 1859 multitudinem
1918 1816 2108 1862 cruce
2155 1801 2570 1877 signatorum,
2605 1806 2666 1860 et
2699 1798 2940 1859 militiae
2988 1798 3389 1877 probitatem.
3437 1797 3616 1858 Unde
3662 1797 3718 1858 si

475 1897 860 1980 quandoque
915 1911 1146 1958 nocere
1201 1896 1493 1967 cessavit,
1550 1911 1680 1956 non
1732 1893 1856 1956 hoc
1911 1895 2156 1958 virtutis
2213 1895 2479 1968 exstitit,
2534 1893 2644 1955 sed
2695 1893 2960 1954 timoris.
2994 1926 3069 1937 —
3104 1896 3291 1954 ANNO
3336 1890 3505 1953 1108.
3538 1894 3718 1955 Tunc

454 1993 819 2070 imperator
858 1991 1132 2062 Alexius,
1171 1997 1232 2052 et
1267 1990 1554 2069 proditor
1593 1990 2040 2069 nequissimus,
2077 1999 2434 2053 nostrorum
2472 1991 2760 2052 invidens
2800 1990 3216 2062 successibus,
3249 1990 3466 2052 Turcis
3496 1988 3718 2050 inﬁde-

473 2087 663 2160 libus,
699 2103 815 2166 per
845 2102 1118 2164 quorum
1151 2091 1349 2147 terras
1381 2086 1703 2164 peregrini
1734 2086 2052 2148 transituri
2082 2094 2281 2158 erant,
2321 2087 2574 2149 crebras
2629 2085 2969 2148 transmisit
2998 2084 3297 2165 epistolas
3320 2131 3336 2158 ,
3373 2083 3714 2146 exhortans

453 2183 794 2254 attentius,
839 2198 920 2242 ne
947 2188 1188 2242 tantum
1222 2181 1714 2244 Christianorum
1748 2182 2058 2261 pepulum
2093 2181 2289 2244 libere
2330 2183 2592 2244 transire
2624 2182 2687 2244 in
2723 2199 2899 2244 suam
2939 2182 3289 2262 perniciem
3322 2189 3708 2260 paterentur.

556 2275 847 2338 Matthaei
909 2276 1623 2352 Westmonasteriensis,
1673 2276 1888 2337 Flore:
1941 2277 2164 2340 histor.
2215 2297 2379 2339 anno
2431 2277 2604 2339 1095.
2662 2279 2914 2340 Alexius
2962 2285 3110 2340 tunc
3150 2278 3452 2356 temporis
3483 2278 3715 2340 Graecis

454 2371 848 2451 imperabat,
882 2371 971 2433 vir
1010 2372 1268 2450 quidem
1300 2372 1628 2446 subdolus,
1661 2379 1722 2434 et
1752 2375 2132 2436 nostratibus
2161 2391 2410 2454 semper
2445 2391 2672 2454 parans
2701 2391 2845 2436 cum
2875 2373 3122 2435 insidiis
3152 2379 3632 2435 nocumentum.

553 2470 750 2548 Atque
783 2468 906 2529 haec
937 2468 1010 2530 de
1041 2469 1257 2530 Alewii
1282 2468 1562 2530 moribus
1596 2469 1772 2547 vulgo
1803 2469 1973 2548 apud
2007 2471 2263 2530 Latinos
2295 2471 2508 2547 opinio
2542 2469 2816 2530 obtinuit
2847 2491 2866 2530 :
2896 2488 3059 2530 unus
3090 2487 3268 2548 quem
3316 2486 3427 2547 ego
3459 2469 3713 2546 legerim

459 2563 770 2625 .Albertus
807 2564 1148 2625 canonicus
1201 2564 1532 2644 Aquensis,
1577 2585 1615 2624 a
1669 2567 1996 2626 Reineccio
2045 2565 2230 2626 titulo
2281 2566 2565 2628 chronici
2599 2567 3197 2644 Hierosolymitani,
3246 2569 3379 2628 sine
3435 2566 3710 2626 auctoris

461 2661 722 2720 nomine
771 2660 998 2729 editus,
1032 2662 1411 2722 commodius
1453 2661 1524 2722 de
1575 2661 1684 2723 illo
1713 2680 1842 2722 non
1875 2680 2002 2722 uno
2044 2661 2176 2734 loco
2213 2663 2428 2724 sensit.
2461 2664 2565 2725 Sic
2604 2672 2672 2724 ut
2701 2663 2936 2724 alicubi
2981 2664 3114 2742 ejus
3155 2661 3531 2740 apolcgetem
3576 2662 3711 2739 fere

478 2774 557 2816 ea:
583 2758 861 2836 professo
911 2758 1145 2836 egerit,
1182 2775 1308 2820 LIB.
1350 2775 1486 2833 vm,
1517 2776 1654 2820 cn.
1697 2757 1790 2818 46.
1834 2759 2002 2820 Fecit
2055 2758 2224 2819 enim
2272 2756 2434 2820 fama
2480 2759 2546 2820 in
2591 2759 2830 2838 pOpulo
2883 2757 3237 2830 catholico,
3287 2757 3461 2835 quod
3515 2756 3714 2835 ipsius

477 2852 876 2930 imperatoris
914 2851 1159 2931 (Alexii)
1182 2853 1447 2916 occultis
1470 2861 1532 2916 et
1559 2854 1819 2933 perﬁdis
1841 2853 2146 2928 consiliis,
2171 2872 2207 2917 a
2231 2856 2462 2917 comite
2491 2856 2871 2935 Reymundo
2900 2863 2961 2918 et
2990 2855 3292 2917 militibus
3317 2853 3709 2932 TurcOpolis,

467 2948 784 3010 deductus
813 2948 894 3010 sit
923 2949 1235 3011 exercitus
1267 2949 1824 3027 Longobardorum
1861 2966 1976 3029 per
2005 2949 2250 3013 deserta
2290 2959 2351 3013 et
2383 2952 2548 3014 invia
2591 2961 2652 3014 et
2687 2952 3064 3015 solitudines
3115 2951 3450 3029 Flaganias,
3487 2961 3556 3012 ut
3586 2951 3713 3012 illic

473 3061 514 3106 a
540 3046 756 3106 Turcis
785 3044 968 3108 facile
1025 3062 1155 3124 prie
1184 3045 1350 3107 fame
1384 3055 1446 3109 et
1475 3047 1578 3108 siti
1607 3046 1982 3120 exhaustus,
2027 3055 2362 3126 superatus
2405 3048 2820 3110 occideretur.
2868 3049 3099 3110 Verum
3139 3059 3207 3109 ut
3250 3065 3284 3109 a
3316 3047 3606 3108 veridicis
3653 3053 3710 3108 et

478 3141 798 3204 nobilibus
827 3142 976 3202 viris
1024 3141 1286 3205 relatum
1321 3150 1438 3216 est,
1473 3159 1877 3222 nequaquam
1927 3141 2048 3204 hoc
2079 3141 2353 3204 nefando
2403 3143 2644 3206 scelere
2693 3144 3043 3223 culpandus
3078 3153 3231 3206 erat.
3282 3145 3435 3204 Nam
3482 3141 3716 3221 saepius

481 3238 824 3298 exercitum
863 3237 1266 3316 praemonuit,
1304 3246 1366 3298 et
1393 3237 1649 3300 edocuit
1690 3237 2066 3299 solitudines
2097 3247 2158 3300 et
2187 3238 2596 3312 defectiones,
2649 3247 2710 3301 et
2743 3243 3088 3301 Turcorum
3137 3239 3394 3300 insidias
3434 3239 3498 3298 in
3533 3237 3713 3298 inviis

479 3332 812 3410 Flaganiaa,
855 3342 915 3393 et
945 3334 1092 3396 ideo
1125 3350 1235 3395 eos
1265 3351 1393 3396 non
1420 3351 1644 3397 secure
1675 3341 1738 3396 et
1766 3340 1936 3396 tutos
1977 3350 2090 3413 per
2117 3333 2278 3395 hanc
2312 3334 2468 3396 viam
2501 3351 2686 3413 posse
2732 3335 3053 3396 incedere.
3085 3367 3161 3378 -—
3200 3335 3340 3395 CAP.
3377 3332 3472 3393 47.
3509 3335 3714 3412 Impe-

480 3436 649 3490 rator
679 3428 974 3508 (Alexius)
1028 3429 1385 3491 universam
1423 3431 1795 3510 petitionem
1828 3431 2016 3507 regis,
2067 3446 2209 3491 cum
2241 3431 2614 3490 muneribus
2655 3428 2775 3490 sibi
2819 3429 3235 3508 praesentatis,
3287 3428 3350 3490 in
3398 3427 3566 3489 bono
3601 3445 3710 3489 ac-

476 3522 675 3601 cepit,
701 3530 762 3584 et
793 3522 873 3584 de
903 3523 1077 3585 omni
1097 3524 1463 3602 suspicione
1497 3524 1670 3585 necis
1695 3523 2279 3601 Longobardorum,
2315 3543 2504 3604 quam
2528 3524 2826 3588 adversus
2857 3541 3001 3585 eum
3020 3523 3348 3585 Christiani
3373 3521 3707 3592 habebant,

462 3619 908 3698 jusjurandum
935 3619 999 3679 in
1040 3619 1147 3680 Dei
1184 3619 1440 3681 nomine
1472 3618 1734 3691 faciens,
1765 3636 1832 3680 se
1865 3619 2203 3693 excusavit,
2237 3621 2610 3698 promittens
2644 3637 2710 3681 se
2746 3619 2975 3681 deinde
3011 3619 3307 3681 omnibus
3352 3617 3712 3679 misericor-

477 3716 625 3776 dem
657 3715 811 3786 ﬁeri,
841 3731 1054 3792 regem
1079 3714 1508 3776 Baldewinum
1541 3731 1612 3776 se
1645 3714 1802 3775 velle
1834 3713 2147 3776 honorare
2179 3724 2238 3776 et
2266 3733 2503 3778 amare.
2539 3719 2606 3777 In
2631 3715 2848 3778 eadem
2875 3715 3188 3792 legatione
3219 3713 3298 3774 ab
3333 3714 3713 3792 imperatore

465 3811 804 3872 decretum
836 3819 953 3885 est,
989 3817 1054 3871 ut
1089 3811 1430 3890 episcopus
1468 3810 1548 3872 de
1589 3809 1946 3872 Barcinona
1981 3827 2127 3872 eum
2157 3812 2324 3889 apud
2369 3814 2723 3874 Romanum
2757 3818 2936 3890 pont.
2997 3810 3358 3872 Paschalem
3405 3809 3482 3870 de
3522 3809 3714 3870 tradi-

467 3907 657 3966 tione
705 3904 822 3966 sibi
867 3905 1161 3984 imposita
1216 3912 1566 3968 excusaret.
1628 3905 1755 3967 Sed
1801 3904 2205 3984 pra-caluisse
2258 3909 2680 3987 suspiciones,
2740 3925 2818 3966 ea:
2862 3907 3258 3986 sequentibus
3306 3915 3592 3985 apparet.
3635 3939 3711 3950 ~—

484 4007 629 4066 Car.
664 4004 760 4066 48.
816 4004 1204 4083 Engelradus
1252 4011 1463 4066 autem
1518 4004 1700 4065 miles
1754 4003 2012 4082 quidam
2076 4004 2141 4066 in
2192 4007 2537 4068 Jerusalem
2593 4013 2902 4083 repertus,
2957 4005 3322 4066 muneribus
3367 4004 3608 4080 magnis
3631 4002 3712 4064 ab

482 4102 864 4182 imperatore
895 4102 1263 4173 honoratus,
1301 4101 1468 4161 bona
1499 4100 1724 4160 nuntia
1755 4101 2118 4178 reportavit,
2155 4108 2217 4162 et
2248 4102 2584 4164 amicitiam
2617 4109 2680 4161 et
2714 4101 2900 4162 ﬁdem
2949 4102 3078 4179 regi
3122 4100 3473 4162 Baldewino
3509 4105 3710 4178 impe-

464 4185 752 4260 ratorem
784 4195 944 4256 velle
992 4197 1356 4266 observare,
1407 4201 1470 4255 et
1501 4194 1869 4273 peregrinos
1898 4196 2046 4272 Lnon
2087 4195 2244 4258 ultra
2295 4197 2640 4259 otfendere.
2688 4196 2810 4256 Sed
2866 4197 3208 4277 episcOpus
3251 4195 3708 4274 aliquantulum

465 4291 728 4352 .renisus
758 4300 852 4352 est
894 4291 1282 4370 imperatori,
1320 4300 1583 4370 propter
1611 4292 2049 4356 inﬁdelitatem
2084 4310 2234 4371 erga
2262 4293 2472 4355 Gallos
2494 4339 2509 4366 ,
2541 4308 2729 4372 quam
2762 4291 2842 4352 ab
2889 4308 2966 4353 eo
2997 4293 3280 4353 extorsit.
3319 4293 3712 4369 QuaprOpter

462 4387 546 4445 -.in
577 4386 993 4449 amaritudine
1035 4386 1227 4448 animi
1262 4390 1524 4450 Romam
1556 4389 1850 4459 tendens,
1894 4390 2108 4470 ipsum
2133 4391 2581 4469 imperatorem
2616 4386 2981 4449 criminatus
3015 4396 3109 4448 est
3133 4386 3198 4447 in
3231 4385 3492 4448 ecclesia
3517 4388 3712 4446 Bene-

464 4488 772 4555 v-ventana,
799 4487 859 4542 ct
886 4481 1030 4542 ideo
1053 4482 1390 4561 assumptis
1420 4483 1646 4546 litteris
1675 4484 1878 4564 ipsius
1900 4485 2262 4565 apostolici,
2297 4483 2696 4565 querimonia
2721 4483 2922 4561 gravis
2953 4482 3122 4562 apud
3144 4498 3367 4544 omnes
3390 4481 3709 4562 principes

452 4577 694 4637 ctialliai
735 4595 927 4657 super
957 4579 1098 4657 ipso
1128 4579 1510 4657 imperatore
1551 4580 1715 4644 facta
1744 4586 1860 4642 est.

3459 4757 3683 4770 ,ας-...φας

577 4762 694 4770 -ι-νσ-

1224 4915 1774 5008 ELOGIUM
1848 4914 2206 5002 ΑΝΝλἘ
2307 4916 2964 5026 COMNENAE,

1335 5109 1643 5151 ﬂEﬁOINB
1713 5105 2233 5152 INCOMPARABILIS
2274 5107 2351 5151 AC
2410 5105 2890 5166 ERUDITISSIMB,

483 5238 582 5297 Ea:
602 5237 675 5295 Β.
711 5233 784 5295 Α.
827 5236 901 5296 Ρ.
939 5233 1237 5297 Ludovici
1262 5234 1510 5296 Jacoba
1533 5236 1600 5295 S.
1624 5233 1873 5300 Carolo.
1895 5233 2354 5309 Cabilonensis,
2387 5237 2756 5312 Carmelitw,
2788 5238 3138 5299 consiliarii
3168 5245 3226 5298 et
3244 5236 3708 5316 eleemosynarii

555 5331 872 5391 ordinarii
907 5333 1069 5409 regii
1109 5351 1129 5391 :
1172 5349 1414 5390 nec-non
1470 5329 1880 5390 illustrissimi
1927 5348 1999 5389 ac
2050 5332 2550 5393 reverendissimi
2594 5334 2671 5392 Β.
2715 5336 2790 5397 ll.
2831 5335 3099 5394 Joannis
3142 5331 3330 5395 Pauli
3382 5335 3708 5396 Francisci

557 5424 812 5501 Go'ndii,
831 5427 1302 5486 Corinthiorum
1334 5425 1791 5503 archiepiscopi
1822 5437 1876 5486 et
1905 5427 2294 5506 coadjutoris
2331 5428 2735 5502 Parisiensis,
2772 5427 3268 5497 Bibliothecarii.
3321 5429 3708 5492 Bibliotheca

556 5518 897 5579 illustrium
926 5520 1300 5598 feminarum
1341 5540 1474 5601 qua:
1504 5523 1758 5600 scriptis
1788 5523 2145 5582 claruerunt
2183 5523 2596 5602 desumptum.

556 5616 734 5672 Anna
765 5616 1105 5686 Comnena,
1139 5618 1378 5691 Graeca,
1437 5619 1637 5684 Alc-xii
1671 5619 2031 5680 Graecorum
2064 5618 2461 5697 imperatoris
2496 5627 2557 5681 et
2593 5622 2806 5682 lrenes
2849 5620 2971 5684 ﬁlia
2995 5669 3010 5695 ,
3059 5638 3135 5683 ac
3186 5618 3524 5702 Nicephori
3570 5624 3702 5683 Me-

467 5705 690 5767 lisscni
723 5707 954 5785 conjux
987 5711 1452 5784 augustissima.
1489 5713 1814 5791 Multiplici
1855 5730 2004 5774 sane
2041 5713 2223 5776 laude
2265 5732 2494 5776 nomen
2537 5734 2717 5778 suum
2771 5723 2949 5780 Anna
2998 5715 3350 5783 immortale
3401 5729 3698 5783 reddidit.
