4068 6264
355 387 424 451 ’Π
1493 393 1843 456 ELOGIUM
1884 398 1961 456 Al‘

2030 396 2105 455 ῗιΕ
2136 394 2542 457 CDMNEN/E.
3542 389 3636 458 78'

364 507 521 567 Nam
558 505 741 567 varia
772 506 1122 570 eruditione
1170 510 1231 567 et
1273 505 1496 585 judicii
1530 508 1823 571 acumine
1862 507 2260 571 doctissimas
2288 509 2452 571 inter
2499 508 2594 570 sui
2630 507 2745 570 aevi
2774 506 3040 570 feminas
3088 506 3405 570 inclaruit.
3462 509 3613 572 Haec

369 601 636 663 heroina
670 602 1182 682 incomparablis
1218 619 1345 664 non
1376 602 1579 667 solum
1611 605 1677 665 in
1707 605 1936 682 linguis
1964 603 2197 666 Graecis
2228 603 2645 664 eruditissima
2678 602 2936 678 exstitit,
2959 604 3066 664 sed
3098 602 3283 663 etiam
3317 620 3382 664 1n
3424 604 3612 667 rebus

370 695 693 758 historicis
736 697 1103 759 domesticis
1136 698 1576 773 versatissima,
1609 707 1671 762 et
1701 717 1843 778 quae
1884 700 2113 762 studiis
2146 704 2330 780 (teste
2358 703 2601 781 Joanne
2642 699 2899 779 Zonara)
2942 708 3073 761 erat
3097 701 3377 775 addicta,
3412 711 3468 761 et
3501 722 3613 763 ea:-

373 794 599 871 quisite
660 792 1054 853 atticissabat
1095 803 1151 853 et
1207 794 1563 855 acutissimo
1614 806 1749 855 erat
1800 797 2051 873 ingenio
2102 800 2185 859 ad
2231 797 2729 858 abstrusissimas
2753 816 3022 876 quasque
3045 798 3613 875 contemplationes.

374 892 637 969 Scripsit
676 892 891 952 Graece
926 890 1050 953 hoc
1091 893 1317 970 ingens
1364 894 1675 955 Musarum
1721 893 2169 972 Charituinque
2216 894 2540 956 delicium.
2588 896 2675 953 De
2715 895 2895 953 rebus
2940 893 3153 954 Alexii
3186 894 3470 971 parentis
3519 895 3618 954 sui

371 989 561 1065 gestis
592 986 789 1049 libros
819 988 951 1061 XV,
990 1006 1142 1066 quos
1190 988 1505 1049 Alexiada
1560 990 1828 1051 vocavit.
1867 991 2002 1051 Hoc
2059 998 2154 1052 est
2198 992 2550 1052 Historiam
2579 988 2875 1050 Ecclesia:
2908 988 3619 1068 Constantinopolitanae

373 1095 429 1143 et
477 1085 1054 1144 controversiarum
1099 1082 1432 1162 religionis
1487 1085 1553 1145 in
1606 1083 2033 1146 Orientalibus
2090 1085 2366 1147 ecclesiis
2416 1095 2719 1148 ortarum.
2772 1087 3031 1147 Exstant
3075 1087 3221 1147 Mss.
3283 1086 3502 1147 Romae
3550 1085 3617 1145 in

372 1180 787 1241 celeberrima
833 1177 1217 1241 bibliotheca
1250 1180 1730 1241 eminentissimi
1763 1179 2067 1260 principis
2092 1182 2404 1243 Francisci
2444 1181 2761 1243 Barberini
2792 1182 2856 1242 S.
2886 1183 2961 1242 R.
2993 1183 3064 1241 Ε.
3098 1181 3453 1255 cardinalis,
3489 1186 3614 1253 Au-

372 1284 570 1353 gusta}
595 1274 1062 1336 Vindelicorum
1085 1274 1148 1334 in
1171 1275 1552 1338 bibliotheca
1580 1277 1851 1354 publica,
1887 1278 2223 1339 Florentiae
2250 1278 2315 1339 in
2344 1277 2957 1351 San-Laurentiana;
2987 1283 3047 1339 et
3087 1277 3272 1338 etiam
3311 1278 3378 1339 in
3430 1278 3617 1339 variis

380 1370 570 1431 Italiae
614 1369 1037 1431 bibliothecis.
1072 1369 1252 1430 Libri
1274 1372 1468 1450 primi
1497 1380 1632 1431 octo
1663 1372 2058 1450 prodierunt,
2096 1376 2384 1449 Augusta)
2412 1373 2907 1444 Vindelicorum,
2953 1371 3129 1446 1618,
3159 1372 3222 1433 in
3254 1372 3483 1447 4°,cum
3508 1389 3619 1433 no-

370 1466 451 1524 tis
481 1463 729 1525 Davidis
766 1462 1149 1526 Hoeschelii.
1189 1466 1418 1526 Omnes
1479 1483 1625 1526 vero
1673 1484 1839 1528 nunc
1874 1466 2254 1545 prodeunte
2293 1466 2675 1527 bibliotheca
2721 1467 3075 1539 Barberina,
3138 1468 3393 1527 Lutetiae
3442 1468 3615 1528 Pari-

373 1560 640 1630 siorum,
676 1560 843 1633 typis
877 1559 1089 1635 regiis,
1117 1559 1293 1632 1651,
1333 1561 1400 1621 in
1429 1560 1607 1635 folio,
1640 1578 1784 1625 cum
1812 1561 2083 1639 eleganti
2116 1562 2402 1621 versione
2443 1562 2681 1633 Latina,
2717 1561 3061 1629 Glossario.
3113 1579 3185 1623 ac
3243 1562 3617 1623 Praefatione

375 1657 451 1715 lt.
489 1657 556 1715 P.
591 1657 753 1716 Petri
788 1657 1058 1731 Possini,
1110 1658 1425 1719 societatis
1452 1660 1623 1729 Jesu,
1670 1658 1951 1734 theologi
2019 1656 2226 1732 magni
2264 1655 2561 1716 nominis.
2610 1656 2816 1717 Multa
2849 1674 2994 1717 vero
3033 1656 3260 1736 (inquit
3304 1658 3616 1720 Gerardus

374 1752 653 1810 Joannes
703 1752 983 1825 Vossius,
1044 1751 1206 1813 libro
1256 1753 1538 1813 secundo
1595 1755 1682 1811 De
1726 1753 2044 1813 historicis
2076 1752 2329 1824 Grcecis,
2365 1768 2503 1829 cap.
2540 1749 2635 1829 27)
2673 1751 2745 1810 de
2774 1760 3035 1829 parente
3064 1770 3174 1811 suo
3212 1751 3391 1831 longe
3429 1752 3618 1813 aliter

373 1855 622 1919 narrat,
688 1865 874 1925 quam
936 1847 1148 1906 Latini
1202 1846 1400 1908 solent
1453 1865 1472 1903 :
1531 1849 1638 1927 qui
1696 1866 1902 1906 omnes
1962 1865 2179 1925 prope,
2241 1848 2298 1906 si
2343 1864 2535 1905 unum
2607 1848 2890 1924 ea'ripias
2955 1846 3299 1920 Albertum,
3354 1849 3612 1907 canoni-

374 1960 512 1999 cum
561 1944 929 2021 Aquensem,
974 1942 1277 2003 Casuram
1319 1960 1455 2002 eum
1499 1942 1883 2014 describunt,
1935 1949 2230 2020 tanquam
2272 1941 2579 2002 hominem
2624 1941 3097 2018 fraudulentum
3175 1960 3247 2002 ac
3281 1943 3611 2021 perﬁdum.

374 2040 500 2099 Sed
528 2041 683 2098 satis
714 2038 1050 2100 verisimile
1083 2048 1195 2114 est,
1224 2046 1354 2098 tum
1400 2039 1658 2101 Latinos
1686 2058 1796 2101 suo
1836 2057 1984 2117 erga
2029 2039 2308 2101 Gnaeum
2352 2040 2789 2117 imperatorem
2831 2039 3001 2112 odio,
3050 2045 3177 2097 tum
3215 2037 3409 2115 ﬁliam
3439 2040 3615 2098 Con.-

374 2153 601 2194 nenam
630 2136 834 2196 umori
861 2151 1005 2212 erga
1022 2143 1267 2212 patrem
1295 2154 1432 2209 suo,
1466 2133 1785 2213 aliquanto
1824 2135 2092 2213 amplius
2120 2138 2475 2210 indulsisse,
2520 2156 2700 2216 quam
2731 2155 2846 2215 per
2868 2136 3029 2215 leges
3058 2137 3335 2199 historia:
3373 2138 3610 2199 liceret.

372 2232 551 2291 Hanc
612 2229 978 2291 Alexiadem
1038 2230 1421 2291 continuavit
1497 2232 1776 2292 Joannes
1806 2231 2166 2306 Sinnamus,
2219 2233 2429 2309 regius
2475 2233 2938 2309 grammaticus,
2993 2248 3134 2310 Qtiae
3192 2250 3358 2295 nunc
3411 2233 3614 2295 lucem

373 2326 623 2405 aspexit
666 2342 701 2387 e
732 2325 951 2387 codice
983 2326 1284 2387 Vaticano
1317 2324 1455 2401 319,
1497 2343 1641 2387 cum
1674 2326 1968 2388 versione
2001 2334 2064 2388 et
2110 2329 2276 2388 notis
2310 2330 2372 2387 P.
2433 2326 2707 2388 Possini.

457 2426 693 2487 Claruit
722 2426 886 2488 circa
923 2442 1158 2487 annum
1196 2424 1654 2487 Incarnationis
1688 2422 2029 2488 Dominicai
2078 2422 2251 2485 1130.

461 2524 548 2583 De
582 2526 777 2583 Annae
806 2523 1143 2583 Comnenae
1177 2521 1472 2582 laudibus
1512 2525 1573 2582 et
1604 2520 1855 2601 scriptis
1907 2520 2206 2600 praeclara
2242 2518 2515 2580 reddunt
2565 2518 2951 2590 testimonia,
2996 2520 3271 2579 Joannes
3318 2519 3613 2592 Zonaras,

376 2617 727 2680 monachus
775 2619 1049 2693 Graecus,
1115 2626 1287 2683 tomo
1325 2618 1412 2683 ΙΙΙ
1473 2619 1773 2680 Historia:
1805 2615 2157 2690 Catholicae,
2186 2631 2335 2694 pag.
2370 2614 2525 2675 mihi
2569 2612 2726 2688 *ἕως
2775 2648 2848 2658 —-
2894 2612 3217 2676 Conradus
3271 2616 3609 2686 Gesnerus,

262 2710 265 2711 ⁷
373 2717 715 2793 Tigurinus
776 2715 1082 2788 medicus,
1113 2714 1181 2775 in
1210 2714 1602 2776 Bibliotheca
1624 2712 2007 2783 universali;
2039 2742 2115 2759 α-
2150 2712 2459 2773 Antonius
2507 2709 2912 2782 Passerinus,
2947 2712 3346 2786 Mantuanus,
3386 2726 3518 2773 soc.
3552 2712 3614 2774 J.

373 2812 439 2873 in
477 2813 810 2890 Apparatu
837 2828 1051 2878 sacro;
1096 2843 1170 2854 -—
1219 2811 1488 2873 Iacobus
1520 2812 1866 2882 Gretserus,
1900 2825 2032 2871 soc.
2065 2810 2212 2870 Jesu
2245 2807 2308 2867 in
2361 2806 2766 2885 Refutatione
2800 2805 3170 2885 Alogiarum
3202 2806 3397 2867 Anna:
3428 2807 3609 2868 Com-

372 2928 549 2970 nenw
599 2910 666 2969 in
719 2906 1024 2969 Alewiade
1070 2916 1288 2968 contra
1330 2908 1702 2986 Gregorium
1760 2907 1877 2967 VII
1930 2907 2108 2966 Rom.
2152 2906 2360 2971 Pent;
2400 2937 2476 2946 —
2523 2904 2833 2966 Gerardus
2879 2906 3155 2965 Joannes
3196 2904 3472 2976 Vossius,
3522 2906 3610 2964 De

374 3016 646 3085 quatuor
680 3002 961 3077 partibus,
999 3009 1062 3066 et
1108 3004 1218 3067 lib.
1265 3005 1350 3064 De
1407 3003 1725 3064 historicis
1778 3003 2156 3069 erct’s;—-
2194 3004 2315 3063 Leo
2368 2999 2654 3075 Allatius,
2706 3000 2919 3075 Chius,
2966 3000 3074 3062 lib.
3126 3001 3213 3060 De
3274 2999 3500 3061 Psellis
3554 3008 3613 3060 et

372 3119 592 3162 eorum
655 3102 945 3179 scriptis;
989 3109 1043 3161 et
1106 3100 1267 3162 libro
1317 3101 1390 3161 de
1442 3100 1735 3161 Ecclesiae
1800 3098 2118 3161 Occident.
2170 3106 2223 3156 et
2269 3097 2510 3158 Orient.
2552 3106 2853 3175 perpetua
2893 3099 3326 3164 consensione;
3359 3129 3434 3139 —
3476 3097 3608 3157 Gil-

370 3196 593 3258 bertus
625 3197 995 3270 Gauminus,
1026 3196 1417 3270 Molinensis,
1445 3196 1800 3257 libellorum
1838 3193 2196 3274 supplicum
2227 3193 2542 3271 magister,
2567 3194 2632 3254 in
2665 3194 2827 3254 notis
2844 3194 2921 3254 ad
2957 3192 3280 3254 Michaelis
3310 3192 3495 3253 Pselli
3525 3195 3611 3254 De

374 3292 741 3369 operatione
765 3291 1108 3351 daemonum
1136 3290 1506 3369 Dialogum;
1549 3325 1625 3338 --
1661 3290 2029 3353 Franciscus
2060 3289 2475 3352 BalduinusJ.
2515 3292 2580 3352 C.
2606 3292 2693 3350 De
2738 3291 3133 3351 institutione
3168 3290 3443 3351 historia:
3462 3293 3609 3352 uni-

371 3384 670 3454 versalis;
703 3420 774 3431 —
798 3386 1071 3448 Jacobus
1096 3386 1485 3458 Gaﬂ‘arellus,
1510 3387 1937 3466 provincialis,
1975 3386 2134 3448 libro
2149 3386 2516 3466 pererudito
2546 3388 2633 3448 De
2660 3385 3132 3449 curiositatibus
3166 3388 3470 3450 inauditis
3493 3409 3512 3457 ;
3537 3421 3615 3441 -ι

371 3483 542 3543 Elias
582 3481 967 3559 Ehingerus,
1014 3487 1433 3559 Augustanus,
1476 3483 1540 3543 in
1588 3482 1978 3544 Bibliotheca
2012 3484 2417 3562 Augustana;
2453 3516 2523 3528 -—
2557 3484 2945 3561 Augustinus
2995 3484 3371 3557 Mascardus,
3419 3487 3615 3547 Trac-

369 3587 504 3642 tatu
533 3595 580 3638 ιι
600 3579 689 3637 De
721 3586 856 3638 arte
894 3578 1175 3656 poetica;
1210 3608 1280 3622 -α
1309 3578 1538 3640 Paulus
1566 3577 1949 3651 Bolduanus,
1976 3578 2047 3639 in
2071 3579 2782 3658 Bibliothecayiistorica
2798 3600 2818 3648 ;
2849 3612 2923 3624 —-—
2951 3579 3166 3641 Simon
3198 3580 3516 3652 Scardius,
3549 3584 3613 3653 J,

369 3676 439 3733 C.
478 3675 851 3745 Germanus,
890 3673 957 3734 in
997 3673 1374 3749 Prcfatione
1404 3674 1488 3734 ad
1515 3675 1591 3735 IV
1626 3675 1967 3753 scriptores
1995 3676 2372 3745 Germanos;
2400 3706 2472 3721 —-
2502 3677 2840 3740 Remaclus
2881 3678 3061 3749 Mosi,
3117 3678 3182 3737 in
3236 3678 3469 3738 Musae
3507 3679 3612 3738 hi-

370 3767 655 3842 storiali,
689 3768 908 3830 Leodii
942 3767 1090 3829 1610
1120 3769 1187 3829 in
1220 3768 1277 3828 4°
1306 3769 1509 3843 edito;
1540 3802 1616 3815 —-
1653 3770 1962 3831 Λυδοί-ωε
1988 3771 2256 3846 Μίνωας,
2283 3774 2349 3834 in
2382 3772 2786 3833 Bibliotheca:
2820 3773 3248 3833 ecclesiastica!
3271 3774 3570 3833 Auctario
3590 3796 3615 3842 ;

372 3898 451 3909 —
488 3864 860 3927 Franciscus
894 3864 1279 3941 Augustinus
1304 3865 1383 3926 ab
1417 3864 1714 3936 Ecclesia,
1752 3865 2123 3927 Salutiarum
2149 3869 2512 3946 episcOpus,
2554 3869 2619 3927 in
2660 3869 2921 3926 Theatra
2960 3866 3300 3927 illustrium
3324 3869 3613 3929 doctrina

371 3960 738 4029 mulierum;
770 3993 845 4004 -—
876 3961 1152 4022 Joannes
1184 3962 1514 4034 Meursius,
1546 3962 1615 4021 in
1651 3959 1973 4023 Glossario
2012 3961 2541 4022 Greece-Barbara
2563 4003 2579 4034 ,
2626 3970 2691 4022 et
2741 3962 2808 4022 in
2841 3962 3016 4023 Notis
3051 3963 3129 4024 ad
3163 3965 3612 4043 Expositiones

375 4059 447 4118 in
506 4058 842 4119 Canticum
903 4059 1291 4119 canticorum
1354 4057 1567 4130 Pselli,
1636 4073 1780 4136 pag.
1854 4055 2001 4129 174;
2077 4088 2150 4099 —-
2212 4055 2543 4136 Philippus
2600 4058 2945 4133 Glasserus,
3001 4062 3497 4139 Argentinensis,
3543 4061 3610 4122 in

373 4156 852 4232 Syngrammate
886 4152 1228 4225 historico;
1264 4190 1333 4199 —
1382 4154 1681 4215 Martinus
1721 4153 1993 4228 Clusius,
2032 4152 2096 4211 in
2153 4152 2615 4232 Prolegomenis
2646 4154 2728 4215 ad
2772 4156 3327 4219 Commentationes
3372 4159 3439 4219 in
3466 4162 3609 4236 pri-

372 4268 539 4309 mum
569 4250 802 4310 librum
832 4248 1075 4311 Iliados
1096 4249 1391 4319 Homeri;
1440 4284 1506 4293 —
1552 4250 1830 4311 Joannes
1874 4249 2205 4322 Seldenus,
2260 4248 2517 4327 Anglus,
2576 4251 2640 4314 in
2699 4251 3157 4314 Commentario
3212 4254 3279 4315 in
3312 4252 3611 4331 Eutychii

373 4344 701 4423 Origines;
750 4379 827 4389 —
875 4343 1190 4423 Iosephus
1237 4344 1425 4406 Maria
1473 4345 1821 4419 Suaresius,
1879 4345 2357 4420 Avenionensis,
2411 4346 2640 4425 praesul
2702 4348 3134 4425 vasionensis,
3193 4350 3259 4412 in
3316 4350 3609 4412 Diatriba

366 4445 571 4519 prima
603 4442 679 4502 de
723 4440 1108 4502 universalis
1141 4441 1417 4502 historice
1447 4442 1741 4519 syntaxi;
1782 4475 1852 4485 —
1887 4440 2134 4502 Gabriel
2177 4443 2510 4515 Naudaeus,
2543 4443 2887 4518 Parisinus,
2921 4444 2986 4506 in
3020 4444 3282 4526 Dialogo
3308 4447 3606 4525 politico;

371 4571 445 4585 —-
476 4539 541 4600 P.
584 4537 929 4619 Philippus
960 4536 1190 4611 Labbe,
1220 4538 1654 4613 Bituriccncis,
1688 4552 1819 4600 soc.
1857 4539 2026 4610 Jesu,
2058 4537 2119 4598 in
2145 4538 2536 4618 Protreptico
2566 4547 2625 4601 et
2644 4539 3070 4603 Delineatione
3095 4541 3454 4622 Apparatus
3477 4541 3604 4618 By-

366 4637 629 4697 zantina.’
653 4634 1006 4701 Historiis;
1039 4666 1110 4677 -ρ
1146 4634 1419 4696 Jacobus
1452 4634 1761 4713 Cujacius,
1794 4635 2074 4708 Tolosas,
2106 4633 2169 4695 in
2218 4635 2526 4714 Operibus
2560 4637 2772 4717 juris;
2804 4670 2877 4682 —
2912 4638 3158 4700 Nicetas
3201 4639 3609 4701 Acominatus

365 4731 700 4795 lihoniates
749 4732 819 4793 in
852 4730 1149 4792 Historia
1182 4730 1428 4798 erca;
1470 4765 1543 4775 -—
1570 4739 1791 4791 auctor
1836 4747 2191 4808 anonymus
2240 4734 2541 4813 Synopsis
2586 4734 2728 4795 vita:
2769 4734 2963 4795 Anna:
3014 4736 3360 4810 Comnenw,
3419 4748 3606 4812 quam

358 4828 525 4892 brevi
554 4836 1044 4910 exspectamus,
1078 4842 1225 4887 cura
1259 4832 1320 4888 et
1354 4825 1563 4887 studio
1602 4827 1677 4886 Β.
1713 4828 1779 4887 Ρ.
1818 4826 1985 4887 Petri
2020 4824 2283 4891 Possini.
