4068 6264
487 310 558 370 83
1796 309 2023 373 ΑΝΝΛΞ

2166 316 2453 378 MNEN/E
3665 315 3735 379 84

497 425 616 479 vire
645 441 661 479 :
691 424 774 478 sin
809 433 999 478 contra
1032 436 1119 479 res
1155 425 1271 494 ipsa
1302 425 1541 493 coegerit
1575 433 1632 478 ut
1675 426 1859 481 minus
1900 430 2043 482 inter

2177 433 2342 502 φύσιν
2367 434 2583 490 δέδοικα
2623 436 2785 488 πάλιν
2830 434 2955 499 τοὺς
3007 431 3502 503 φιλοσκώμμονας,
3535 432 3611 504 μή
3649 450 3737 504 μοι

488 516 618 570 dum
665 514 882 584 probari
908 514 1130 585 ilignum
1165 530 1463 571 memorem
1495 517 1801 587 quidpiam,
1836 534 1943 573 non
1972 519 2067 575 tle-

490 607 562 660 sit
597 620 659 660 ex
695 605 813 661 istis
839 605 907 660 ad
938 605 1370 662 maledicendum
1403 607 1592 677 pronis
1620 607 1715 677 qui
1742 607 1937 663 Chami
1971 625 2066 664 ex-

487 699 727 767 emplum
755 697 900 753 illius
921 706 1159 768 paterna:
1182 698 1493 769 ignominiae
1515 699 1871 765 traductoris,
1890 716 2067 771 usque

486 792 555 845 ab
606 790 717 843 Noe
778 793 1071 859 repetitum
1121 791 1172 844 in
1216 808 1303 847 me
1352 793 1633 862 impingat.
1682 793 1787 847 Per
1821 792 1920 848 has
1956 810 2062 864 ego

490 874 768 951 utrimque
797 882 1008 951 positas
1047 881 1279 938 insidias
1320 883 1400 939 sic
1436 894 1625 953 parato
1675 901 1894 954 pergam
1930 888 2054 940 ani-

490 986 598 1035 mo,
636 981 695 1025 ut
748 973 1023 1044 susdeque
1057 974 1237 1029 habita
1274 974 1594 1042 impotentia
1651 992 1917 1031 cmcarum
1994 978 2065 1033 ad

493 1063 629 1117 recti
665 1063 931 1133 pravique
958 1065 1411 1134 dijudicotionetn
1442 1068 1703 1123 utentium
1725 1108 1742 1131 ,
1773 1084 1893 1138 quae
1924 1069 2067 1125 invi-

487 1156 576 1210 dia
618 1158 868 1226 maleque
900 1158 1119 1213 dicendi
1158 1157 1388 1213 libidine
1441 1160 1750 1229 praecipites
1800 1177 1867 1217 ex
1907 1175 2069 1230 aequo

489 1250 543 1303 in
584 1252 765 1305 omnia
796 1251 1121 1316 incurrunt;
1149 1250 1431 1319 culpaeque
1459 1252 1540 1323 (ut
1566 1250 1834 1307 Homerus
1871 1253 2063 1324 habet)

488 1342 734 1410 expertia
769 1351 988 1411 pectora
1020 1343 1285 1411 culpant,
1324 1343 1559 1397 ollicium
1613 1344 1890 1399 historicas
1936 1360 2065 1415 pro-

490 1432 569 1485 με
603 1432 744 1489 iouis
769 1434 957 1502 utique
987 1442 1223 1500 teneam,
1256 1434 1398 1503 quod
1432 1435 1615 1489 favore
1650 1434 1855 1504 pariter
1882 1443 2057 1505 atque

488 1522 617 1577 odio
659 1523 939 1577 interdicit
967 1524 1017 1579 ei
1056 1526 1151 1593 qui
1185 1524 1252 1580 ad
1287 1526 1606 1579 memoriam
1651 1537 1927 1597 gestarum
1974 1543 2064 1582 re-

491 1630 613 1667 rum
653 1615 855 1671 litteris
895 1616 1208 1673 tradendam
1257 1633 1479 1688 operam
1518 1620 1808 1688 prolitetur
1859 1634 2063 1687 suam;

484 1705 748 1776 jnbetque
783 1722 847 1762 ex
874 1724 1031 1777 aequo
1056 1709 1376 1780 dispensare
1400 1710 1829 1781 vituperationes
1853 1726 1916 1766 ac
1946 1713 2063 1766 lau-

2172 524 2265 577 τὸν
2334 525 2430 578 τοῦ
2499 526 2623 580 Νῶε
2689 528 2820 596 Χάμ
2886 526 3235 594 ἐπενέγκοιεν
3294 540 3310 557 ⁸
3379 526 3515 589 ἐποζ
3579 521 3740 593 αλμοι

2172 615 2414 680 ἀπαντες
2442 618 2575 686 πρὸς
2608 619 2879 682 ἅπαντας,
2900 618 2996 671 καὶ
3018 619 3080 671 οὐ
3110 617 3455 689 καθορῶντες
3475 616 3536 670 τὸ
3559 617 3740 681 καλῶς

2171 703 2293 773 ἔχον
2329 705 2459 779 [ὑπὸ
2485 707 2809 780 βασκανίας]
2850 710 2943 762 καὶ
2968 709 3187 777 φθόνου,
3243 709 3340 762 καὶ
3377 708 3469 762 τὸν
3497 708 3739 762 ἀναίτιον

2173 796 2319 869 (καθ’
2347 799 2595 868 ’Όμηρον
2626 799 2767 871 [5‘]i
2815 800 3145 855 αἰτιόωνται.
3191 800 3360 853 Ὅταν
3410 798 3519 869 γὰρ
3557 801 3642 862 εἰς
3681 800 3740 852 τὸ

2171 891 2267 959 τῆς
2301 889 2407 961 [τις
2437 890 2519 963 τὸ]
2555 891 2798 961 ἱστορίας
2820 888 2953 961 ἦθος
2972 890 3352 962 ἀναλαμϐάνῃ,
3385 890 3740 945 ἐπιλαθέσθαι

2175 984 2282 1053 χρὴ
2318 984 2532 1047 εὐνοίας
2558 984 2654 1038 καὶ
2686 984 2911 1053 μίσους⁹
2943 986 3040 1038 καὶ
3065 984 3329 1047 πολλάκις
3356 987 3586 1053 κοσμεῖν
3610 984 3738 1046 τοὺς

2169 1074 2397 1145 ἐχθροὺς
2432 1076 2546 1136 τοῖς
2580 1075 2864 1144 μεγίστοις
2906 1074 3152 1138 ἐπαίνοις
3183 1115 3197 1138 ,
3233 1076 3363 1129 ὃταν
3409 1075 3465 1129 αἱ
3508 1074 3737 1143 πράξεις

2168 1164 2443 1222 ἀπαιτῶσι
2472 1163 2658 1217 τοῦτο·
2702 1164 2965 1228 πολλάκις
3016 1165 3061 1217 δ’
3103 1164 3351 1234 ἐλέγχειν
3393 1164 3520 1225 τοὺς
3572 1164 3741 1229 ἀναγ-

2170 1256 2513 1320 καιοτάτους,
2544 1256 2674 1309 ὅταν
2714 1256 2771 1309 αἱ
2824 1256 2932 1309 τῶν
2964 1256 3417 1326 ἐπιτηδευμάτων
3463 1252 3735 1323 ἁμαρτίαι

2168 1348 2261 1403 τοῦ
2293 1348 2415 1402 καθ’
2448 1349 2845 1403 ὕποδεικνύωσι
2871 1348 3042 1421 [τοῦθ’
3070 1346 3507 1419 ὑποδεικνύωσι].
3538 1346 3739 1416 Διόπερ

2167 1432 2292 1487 οὗτε
2332 1434 2441 1489 τῶν
2475 1436 2645 1502 φίλων
2700 1435 3103 1499 καθάπτεσθαι,
3166 1435 3290 1488 οὔτε
3339 1436 3466 1499 τοὺς
3508 1435 3739 1504 ἐχθροὺς

2167 1527 2417 1580 ἐπαινεῖν
2453 1525 2741 1597 όκνητέον.
2782 1528 2925 1594 Ἐτὼ
2954 1527 3011 1580 δὲ
3041 1529 3133 1581 καὶ
3165 1528 3390 1591 τούτους
3421 1528 3736 1591 κάκείνους,

2165 1618 2262 1671 καὶ
2293 1618 2419 1679 τοὺς
2451 1618 2859 1689 πληττομένους
2890 1620 2980 1688 ὑφ’
3014 1619 3190 1689 ἡμῶν,
3237 1620 3332 1672 καὶ
3372 1620 3498 1681 τοὺς
3537 1618 3734 1672 ἀποδε-

2166 1708 2429 1776 κομένους
2454 1708 2626 1776 ἡμᾶς.
2660 1710 3169 1779 παραμυθησαίμην
3201 1709 3267 1763 ἂν
3295 1708 3404 1762 ἀπὸ
3419 1709 3529 1761 τῶν
3551 1723 3761 1803 πραγ-Ι

487 1797 584 1851 des
618 1798 781 1852 etiam
833 1800 1100 1855 maximas
1154 1801 1207 1855 in
1260 1817 1355 1856 cos
1409 1801 1499 1869 qui
1561 1810 1874 1866 merentur;
1916 1803 2064 1858 nullo

2173 1800 2360 1868 μάτων
2393 1799 2596 1860 αὐτῶν,
2646 1777 2753 1854 και
2788 1799 2898 1853 τῶν
2941 1777 3265 1870 ἐωρακότων
3296 1801 3364 1853 τά
3400 1799 3704 1869 πράγματα
3725 1814 3740 1828 ·

488 1889 739 1943 amiciiae
771 1892 1258 1949 necessitudinisve
1312 1893 1632 1949 hostilitatis
1698 1894 2064 1950 situultatisve

2170 1891 2369 1954 αὐτούς
2396 1909 2455 1945 τε
2488 1892 2585 1945 καὶ
2607 1892 2677 1949 τὰ
2703 1893 3011 1965 πράγματα
3056 1893 3501 1964 μαρτυρουμένη.
3550 1890 3741 1943 Ἐνεων

488 1979 826 2037 disciiutiue.
857 1984 1046 2052 Itaque
1064 1992 1117 2037 et
1142 1998 1363 2051 sperare
1392 1984 1578 2040 hostes
1603 1992 1659 2039 et
1692 1984 1883 2039 timere
1912 1985 2058 2040 cives

2167 1984 2276 2054 γὰρ
2300 1985 2408 2039 τῶν
2434 1985 2527 2037 νῦν
2549 1986 2719 2041 ὄντων
2749 1987 3049 2058 ἀνθρώπων
3100 1989 3150 2040 oi
3186 1987 3288 2057 μὲν
3327 1984 3588 2056 πατέρες,
3606 1984 3657 2035 oi
3686 1982 3743 2035 δὲ

490 2082 653 2139 atque
706 2072 914 2128 amicos
947 2073 1139 2141 jubeo,
1199 2074 1515 2129 auditurum
1568 2090 1597 2127 a
1651 2090 1739 2129 me
1788 2090 2064 2153 quemque

2172 2075 2391 2130 πάπποι
2415 2076 2683 2143 ἐγένοντο,
2716 2077 2771 2128 oi.
2796 2076 3004 2131 τούτων
3035 2076 3369 2145 συνίστορες.

490 2163 731 2234 pollicita
766 2176 925 2236 prout
956 2167 1074 2223 suis
1116 2175 1265 2223 recte
1298 2184 1526 2226 secusve
1564 2168 1834 2225 consultis
1876 2184 1941 2225 ac
1973 2168 2133 2225 factis
2168 2170 2503 2242 promeritus
2533 2171 2660 2226 erit.
2736 2170 3016 2240 Utrosque
3081 2177 3289 2232 autem,
3352 2179 3547 2235 nempe
3602 2177 3744 2232 quos

502 2257 930 2328 reprehensione
959 2260 1299 2330 praestrictos
1323 2258 1624 2323 oll'endero,
1657 2274 1905 2330 quosque
1933 2258 2071 2315 forte
2112 2259 2427 2315 laudatione
2464 2261 2723 2315 deliuitos
2750 2259 2884 2314 mihi
2924 2258 3290 2314 conciliavero
3316 2296 3333 2321 ,
3400 2266 3594 2309 moneo
3673 2265 3743 2305 ne

492 2356 672 2424 potius
711 2372 773 2411 ex
813 2372 931 2411 meo
969 2356 1200 2427 judicio,
1248 2372 1412 2427 quam
1458 2373 1521 2411 ex
1558 2358 1786 2412 veritate
1837 2370 1902 2411 ac
1952 2355 2058 2412 ﬁde
2094 2372 2275 2411 rerum
2304 2357 2551 2427 ipsarum
2610 2356 2885 2427 gaudendi
2949 2370 3145 2411 causas
3169 2352 3454 2410 dolendive
3482 2350 3739 2419 capiant;

490 2463 590 2503 nec
630 2451 760 2504 mihi
815 2452 1048 2520 publica:
1087 2453 1379 2515 memoria:
1425 2451 1736 2523 interpreti,
1780 2461 1944 2522 atque
1998 2453 2057 2506 in
2090 2454 2430 2508 conscientia
2464 2453 2811 2509 oeulatorum
2844 2453 3091 2515 testium.
3124 2449 3217 2520 qui
3277 2450 3472 2520 partim
3542 2446 3740 2501 bodiev

489 2557 596 2610 que
629 2544 839 2609 vivunt,
871 2548 1063 2614 partim
1107 2548 1271 2603 hodie
1303 2548 1597 2603 viventium
1627 2557 1815 2617 patres
1842 2555 1937 2605 aut
1966 2548 2051 2603 avi
2096 2549 2339 2610 fuerunt.
2366 2549 2745 2607 aliirmationis
2778 2565 2911 2606 mea:
2965 2556 3242 2618 receptum
3289 2562 3354 2602 ac
3424 2545 3739 2599 ﬁrmamen-

490 2644 607 2689 tum
647 2646 897 2706 paratum
941 2639 1189 2707 habenti,
1226 2641 1605 2711 imputandum
1637 2650 1849 2711 putent,
1880 2655 2268 2711 quamcunque
2311 2643 2367 2696 in
2402 2655 2610 2713 partem
2641 2643 2886 2701 narratio
2946 2656 3067 2696 mea
3140 2639 3515 2710 propenderit,
3586 2638 3736 2693 veri-

487 2732 583 2789 tati
622 2740 866 2787 actorum
899 2746 1088 2790 exacte
1122 2736 1486 2805 respondens.

558 2819 712 2877 Nunc
739 2838 863 2891 quae
889 2825 1018 2880 mihi
1055 2828 1277 2883 occasio
1307 2829 1723 2898 exquisitiorem
1758 2844 1940 2885 rerum
1972 2845 2064 2901 ge«

486 2924 693 2973 stat-um
733 2915 907 2984 patris
942 2917 1044 2971 mei
1076 2920 1441 2987 cognitionem
1476 2920 1750 2988 paraverit
1779 2934 2063 2989 exponen-

487 3005 618 3065 dum
661 3014 765 3063 est.
800 3006 1028 3063 Maritus
1068 3009 1201 3064 mihi
1255 3012 1358 3065 [uit
1390 3011 1632 3081 legitimo
1677 3012 1784 3066 ritu
1821 3012 2062 3081 conjun-

486 3108 611 3155 ctus
638 3098 979 3170 Nicephorus
999 3102 1207 3166 Caesar,
1235 3107 1450 3174 generis
1478 3106 1675 3160 seriem
1707 3105 1772 3159 ad
1801 3105 2064 3176 Bryenios

486 3190 752 3257 referens,
772 3192 856 3246 vir
876 3204 929 3248 et
957 3192 1142 3249 formae
1166 3197 1481 3263 prastanIia
1509 3206 1562 3250 et
1582 3197 2059 3252 consummatione
2088 3226 2129 3283 ε

487 3283 816 3352 prudentiae,
857 3294 910 3338 et
964 3284 1301 3353 perfectione
1340 3286 1604 3342 doctrina:
1630 3325 1646 3350 ,
1692 3287 1852 3358 longe
1892 3302 2060 3357 supra

486 3390 681 3429 attines
699 3377 945 3445 quiltunc
973 3387 1154 3443 erant,
1172 3379 1531 3434 antecellens.
1560 3379 1882 3435 Miraculum
1907 3394 2061 3448 pror-

485 3482 581 3520 sus
623 3468 801 3521 oculis
857 3468 1157 3521 videntium
1210 3469 1550 3539 auribusque
1615 3470 2055 3524 auscultantium

484 3557 740 3613 oﬁereus.
778 3558 882 3613 Sed
917 3574 984 3613 ne
1018 3560 1085 3614 de
1116 3558 1205 3613 via
1240 3575 1513 3615 excursus
1562 3576 1647 3615 me
1681 3561 1902 3627 quidam
1929 3559 2064 3615 οσο-

488 3660 592 3706 rat.
632 3666 731 3721 age
761 3651 905 3719 quod
944 3667 1089 3706 nunc
1121 3667 1263 3721 opus
1300 3662 1385 3707 est
1426 3653 1738 3707 reddamus.
1787 3650 1884 3705 llic
1921 3651 2065 3706 inter

486 3760 677 3798 omnes
709 3743 1125 3800 illustrissimus
1150 3761 1272 3799 cum
1306 3746 1593 3800 militarem
1620 3760 1840 3814 operam
1863 3742 2062 3798 Joauui

483 3838 728 3904 Augusto
784 3844 1009 3892 πίνει-ει
1069 3836 1229 3892 'fratri
1300 3852 1441 3899 meo.
1501 3846 1611 3891 tum
1648 3836 1772 3892 aliis
1798 3835 2063 3890 adversus

484 3926 755 3982 Barbaros
796 3928 988 3993 bellis,
1040 3939 1155 3984 tum
1199 3930 1293 3985 illo
1330 3929 1479 3999 quod
1518 3930 1571 3984 iu
1626 3944 1720 3983 eos
1766 3928 1936 3998 gessit
1971 3928 2061 3996 qui

483 4018 828 4073 Antiochiam
877 4022 1216 4088 obtinebant,
1253 4038 1321 4077 ne
1352 4021 1496 4075 inter
1536 4021 1687 4089 ipsos
1716 4020 1938 4089 quidem
1966 4036 2064 4074 ex.

487 4109 780 4176 peditionis
828 4111 1040 4169 labores
1089 4127 1280 4167 carere
1327 4112 1526 4165 litteris
1576 4112 1884 4176 sustinens,
1916 4125 2066 4163 com-

490 4198 771 4252 mentandi
794 4201 944 4255 vices
975 4207 1137 4270 prout
1168 4216 1258 4254 res
1288 4200 1530 4254 sinerent
1571 4199 1913 4269 negotiorum
1947 4208 2065 4252 tur-

488 4290 571 4343 bis
611 4291 909 4346 inserebat.
944 4291 1060 4356 Qua
1091 4292 1372 4361 diligentia
1398 4308 1520 4346 cum
1557 4292 1660 4345 alia
1684 4290 1911 4360 pet-fecit
1942 4290 2064 4345 luce.

488 4378 755 4448 laudeque
799 4380 983 4449 digna,
1018 4390 1130 4436 tttm
1173 4384 1517 4452 potissimum
1554 4382 1804 4438 incubuit
1837 4383 1890 4436 in
1923 4396 2063 4450 opus

487 4472 630 4537 quod
659 4473 1117 4539 complecteretur
1148 4476 1277 4528 Acta
1310 4476 1654 4543 imperatoris
1673 4475 2054 4528 Romanorum

2234 2828 2486 2883 Μάλιστα
2550 2828 2609 2883 δέ
2663 2828 2744 2891 είς
2787 2827 2887 2897 τὴν
2943 2825 3189 2897 ἱστορίαν
3211 2822 3445 2895 ἐλήλυθα
3485 2820 3595 2875 τῶν
3635 2819 3736 2874 τοῦ

2165 2921 2373 2989 πατρὸς
2420 2920 2677 2991 πράξεων
2728 2922 2793 2974 ἐκ
2833 2918 3049 2973 τοιᾶσδε
3111 2917 3312 2979 αἰτίας.
3378 2914 3538 2985 Ἐμοὶ
3590 2912 3735 2982 ἀνὴρ

2161 3014 2379 3082 ἐγένετο
2404 3014 2548 3067 κατὰ
2579 3012 2776 3081 νόμους
2833 3009 3132 3078 συναφθεὶς
3161 3010 3189 3062 6
3226 3010 3449 3077 Καῖσαρ
3493 3004 3740 3074 Νικηφό-

2163 3123 2255 3176 ρος
2286 3105 2386 3175 (6),
2415 3107 2496 3169 εἰς
2520 3105 2622 3175 τὴν
2651 3104 2758 3157 τῶν
2792 3101 3104 3174 Βρυεννίων
3138 3099 3325 3169 σειρὰν
3356 3096 3731 3165 ἀναγόμενος·

2165 3197 2306 3269 ἀνὴρ
2354 3198 2447 3252 καὶ
2488 3196 2721 3261 κάλλους
2765 3194 3062 3264 ὑπερϐολῇ,
3110 3193 3202 3245 καὶ
3242 3191 3511 3252 συνέσεως
3568 3187 3740 3257 ἀκρό-

2165 3308 2308 3359 τητι,
2372 3290 2467 3344 καὶ
2514 3289 2693 3357 λόγων
2734 3288 2990 3359 ἀκριϐείᾳ
3023 3284 3219 3356 μακρῷ
3249 3286 3375 3347 τοὺς
3420 3282 3543 3335 κατ’
3572 3280 3739 3334 αὐτὸν

2164 3380 2542 3452 ὑπερϐάλλων.
2567 3381 2766 3451 Θαῦμα
2800 3381 2910 3450 γὰρ
2934 3376 3003 3450 ἦν
3023 3380 3284 3447 ἄντικρυς
3306 3376 3401 3429 καὶ⁵
3431 3373 3735 3441 ὁρώμενος,

2164 3472 2258 3524 καὶ
2291 3469 2664 3541 ἀκροώμενος.
2696 3471 2804 3522 Καὶ
2836 3470 2926 3523 ἴνα
2965 3469 3039 3537 μὴ
3080 3469 3109 3520 6
3142 3467 3297 3534 λόγος
3327 3466 3423 3534 τῆς
3454 3462 3735 3531 λεωφόρου

2165 3562 2484 3630 ἐκτρέποιτο
2511 3562 2573 3613 τὸ
2596 3560 2919 3629 παρὸ-ι,ςτῶν
2945 3558 3140 3628 ἐφεξῆς
3176 3556 3452 3627 ἐχώμεθα.
3483 3547 3591 3607 Ἦν
3635 3553 3738 3622 μὲν

2164 3646 2263 3703 οὖν
2317 3652 2376 3704 ἐν
2435 3651 2602 3703 πᾶσιν
2666 3651 3137 3719 ἐπιφανέστατος,
3206 3645 3639 3715 συνεστράτευσε
3694 3640 3739 3694 δ’

2178 3740 2403 3813 Ἰωάννῃ
2457 3741 2537 3810 τῷ
2586 3741 2949 3811 αὐτοκράτορι
2992 3740 3111 3809 ἐμῷ
3162 3738 3413 3806 ἀδελφῷ,
3465 3736 3561 3789 καὶ
3612 3732 3742 3787 κατ’

2166 3832 2344 3887 ἄλλων
2390 3833 2489 3903 μὲν
2522 3832 2822 3902 Βαρϐάρων
2877 3833 3055 3902 ἔχοντι
3100 3830 3199 3897 τὴν
3233 3830 3506 3899 Ἀντιόχου
3556 3826 3738 3880 πόλιν.

2177 3922 2316 3976 Ἀλλ’
2344 3924 2371 3977 6
2405 3939 2469 3993 γε
2492 3925 2737 3991 Καῖσαρ,
2764 3923 2865 3977 οὐκ
2890 3922 3048 3986 εἰδὼς
3080 3922 3302 3991 ἀμελεῖν
3328 3921 3423 3974 τοῦ
3448 3920 3608 3987 λόγου
3640 3918 3741 3971 καὶ

2164 4016 2223 4073 ἐν
2252 4018 2441 4081 κόποις
2490 4017 2586 4070 καὶ
2632 4017 2840 4083 πόνοις,
2886 4018 3194 4086 συνέγραφε
3234 4016 3335 4085 μὲν
3365 4014 3460 4068 καὶ
3484 4014 3621 4068 ἄλλα
3667 4011 3739 4064 τὰ

2172 4110 2583 4179 συγγράμματα
2616 4109 2757 4181 [τινὰ
2790 4107 2942 4179 συγ.]
2987 4109 3209 4178 μνήμης
3234 4109 3329 4161 καὶ
3364 4107 3525 4175 λόγου
3557 4107 3686 4173 ἀξια
3720 4121 3735 4135 ο

2164 4198 2446 4267 προείλετο
2504 4198 2561 4251 δέ
2610 4199 2846 4265 μάλιστα
2891 4200 2961 4252 τά
3004 4199 3146 4252 κατά
3198 4198 3292 4251 τὸν
3336 4197 3593 4261 Ἀλέξιον,
3646 4197 3739 4249 τὸν

2166 4286 2546 4355 αὐτοκράτορα.
2583 4287 2896 4354 Ῥωμαίων,
2928 4289 3025 4340 καὶ
3058 4288 3197 4354 ἐμὸν
3237 4288 3449 4356 πατέρα
3484 4286 3739 4356 συγγρά-

2164 4377 2263 4447 ψαι
2322 4377 2382 4443 ἐξ
2437 4379 2707 4447 ἐπιταγῆς
2769 4379 2872 4448 τῆς
2910 4379 3216 4449 βασιλίδος·
3271 4385 3366 4434 καὶ
3412 4382 3471 4431 ἐν
3524 4380 3735 4450 βίϐλοις

2167 4473 2408 4525 ἐνθεῖναι
2436 4471 2535 4534 τὰς
2564 4471 2790 4541 πράξεις
2825 4471 2924 4540 τῆς
2954 4471 3229 4539 βασιλείας
3258 4471 3445 4535 αὐτοῦ,
3502 4473 3559 4525 ἐν
3583 4464 3738 4539 ᾧπερ

485 4562 657 4615 Alexii
691 4566 859 4631 patris
900 4563 1042 4630 mei,
1093 4565 1143 4619 id
1187 4567 1255 4619 ab
1304 4582 1367 4621 eo
1407 4567 1651 4636 Augusta
1701 4565 2053 4635 ell'lagitante.

2166 4566 2191 4618 6
2226 4563 2416 4632 καιρὸς
2446 4563 2615 4616 ἐδίδου
2642 4563 2840 4632 τούτῳ,
2882 4562 2992 4614 τῶν
3019 4562 3202 4616 ὃπλων
3236 4564 3329 4614 καὶ
3366 4560 3458 4613 τοῦ
3490 4561 3739 4628 πολέμου

488 4652 717 4718 Quoties
746 4655 908 4723 igitur
938 4656 1229 4711 laxamenti
1265 4658 1469 4729 aliquid
1506 4673 1571 4712 ac
1596 4656 1760 4726 spatii
1789 4656 1942 4709 labor
1977 4654 2054 4708 illi

2166 4655 2274 4725 βρά
2316 4672 2369 4708 τι
2399 4653 2601 4726 [βραχύ
2652 4653 2731 4725 τι]
2781 4652 3196 4720 ἀπαλλαγέντι,
3244 4651 3536 4720 ἐπιϐλέψαι
3597 4652 3740 4721 πρὸς

491 4743 748 4799 militaris
788 4745 973 4811 dabat,
1002 4755 1174 4802 totum
1222 4748 1353 4802 illud
1386 4763 1571 4802 rarum
1606 4747 1775 4802 otium
1806 4744 2063 4801 subseci-

2167 4747 2496 4818 συγγραςράς
2548 4748 2645 4797 καὶ
2671 4743 2925 4811 λογικούς
2964 4761 3120 4806 τινας
3150 4742 3366 4804 πόνους.
3410 4741 3519 4793 Καὶ
3548 4740 3612 4809 δὴ
3640 4740 3740 4791 καὶ

488 4849 678 4888 vorum
722 4844 1024 4905 temporum
1064 4855 1129 4894 ex
1162 4840 1463 4895 intervallis
1490 4838 1764 4895 constanti
1800 4854 2057 4910 perseve-

491 4926 675 4985 rantia
701 4928 917 4983 dicabat
961 4930 1349 4987 elucubraudis
1380 4932 1559 4995 libris,
1600 4932 1800 5001 quibus
1842 4946 1933 4988 res
1986 4931 2057 4986 ab

489 5017 705 5084 Alexio,
750 5023 1056 5088 praesertim
1090 5022 1200 5088 iam
1235 5024 1563 5093 imperante,
1610 5032 1796 5091 gestas
1835 5023 1900 5075 ad
1943 5037 2059 5075 me-

492 5110 723 5164 moriam
775 5124 1108 5180 exponeret,
1171 5114 1329 5169 initio
1398 5115 1716 5182 scriptionis
1766 5128 1943 5183 usque
1992 5112 2061 5164 ab

496 5203 726 5261 Romani
783 5204 1042 5275 Diogenis
1094 5214 1252 5259 aetate
1301 5206 1532 5275 repetito
1582 5209 1767 5272 (prout
1825 5202 1894 5257 ab
1943 5202 2064 5270 ipso

2160 4839 2371 4912 ἤρξατο
2395 4842 2494 4909 τῆς
2514 4837 2862 4907 συγγραφῆς,
2878 4837 2959 4900 εἰς
2982 4836 3107 4896 τοὺς
3134 4836 3402 4889 ἀνέκαθεν
3437 4834 3739 4901 ἀνενέγκας

2160 4928 2388 4997 χρόνους
2433 4927 2525 4980 τὸν
2566 4926 2743 4994 λόγον,
2786 4926 2863 4994 τῷ
2911 4928 3010 4997 τῆς
3070 4926 3359 4993 δεσποίνης
3414 4923 3573 4993 ἡμῶν
3624 4924 3733 4975 κάν

2162 5022 2336 5091 τούτῳ
2363 5021 2607 5074 ὑπείκων
2652 5020 3063 5089 προστάγματι.
3111 5018 3242 5071 Ἀπὸ
3284 5019 3383 5070 διο.
3440 5019 3533 5069 τοῦ
3581 5017 3739 5068 αὖτο-

2163 5115 2428 5185 κράτορος
2468 5110 2795 5180 Ῥωμαίων,
2854 5111 3185 5180 ἀρξάμενος,
3237 5111 3333 5162 καὶ
3380 5108 3738 5162 καταϐαίνων

2163 5208 2241 5267 είς
2272 5205 2437 5259 αὐτὸν
2464 5204 2697 5266 ἐκείνοις
2741 5202 3021 5273 Ιέκεϊνον],
3079 5203 3209 5271 περὶ
3241 5195 3304 5255 οὗ
3333 5200 3432 5269 τὴν
3462 5201 3734 5268 πρότασιν

493 5293 683 5349 eadem
726 5306 919 5351 auctor
955 5296 1115 5352 istius
1152 5296 1372 5353 consilii
1429 5296 1652 5350 domina
1711 5301 1895 5348 nostra
1930 5308 2064 5347 con-

2166 5298 2483 5367 ἐποιὴσατο.
2511 5296 2645 5348 Τότε
2678 5296 2789 5364 γὰρ
2817 5295 2913 5347 καὶ
2955 5294 3154 5347 ἀνθοῦν
3182 5290 3329 5363 εἶχεν
3359 5296 3386 5346 6
3418 5294 3608 5363 χρόνος
3637 5291 3737 5345 τὸν

497 5389 803 5460 teuderat);
855 5392 983 5445 inde
1026 5390 1277 5445 secundo
1319 5388 1471 5442 llum
1501 5396 1803 5454 temporum
1830 5400 1944 5440 rem
1999 5386 2064 5439 ad

2166 5385 2297 5455 ἐμὸν
2326 5388 2541 5458 πατέρα
2574 5387 2858 5459 μειράκιον
2885 5388 3359 5457 παραγγείλαντα.
3389 5386 3464 5439 Τὸ
3493 5385 3600 5455 γάρ
3623 5382 3737 5453 πρὸ

1591 5530 1730 5589 Car.
1767 5526 2074 5588 Dufresnii
2099 5529 2189 5590 Du
2219 5528 2431 5606 Cangii
2463 5534 2651 5589 notae.

570 5674 672 5737 (δ’)
702 5673 864 5730 Iliad.
899 5696 953 5739 α,
980 5694 1032 5732 v.
1057 5679 1181 5731 655.

2161 5675 2339 5741 gimus
2366 5673 2418 5725 in
2441 5679 2725 5726 stemmate
2745 5670 3096 5727 Comnenteo.
3130 5670 3289 5729 (Vide
3307 5674 3357 5725 in
3372 5670 3578 5725 Joanne
3609 5668 3744 5724 Cin-

566 5746 643 5815 εϐ)
679 5746 738 5798 ’0
761 5748 988 5815 Καῖσαρ
1016 5747 1389 5815 Νικηφόρος,
1417 5748 1482 5801 de
1514 5760 1621 5817 quo
1652 5742 1910 5799 nonnulla
1942 5744 2064 5797 atti-

2166 5759 2351 5809 namo,.
2376 5741 2697 5811 Patrologt'a’
2729 5752 2767 5797 ι.
2805 5741 2893 5798 ω
2906 5741 3155 5811 XXIII.)
