4068 6264
331 290 398 351 85
1744 302 2169 368 PRIEF'ATIO.
3496 319 3616 380 86'

328 405 478 458 τοῦδε
511 406 637 459 οὐδὲ
678 408 957 478 μειράκιον
990 405 1076 480 ἦν.
1111 412 1222 466 Καὶ
1244 412 1394 467 οὐδὲν
1448 415 1477 468 ὃ
1512 433 1565 469 τι
1606 416 1702 470 καὶ
1746 417 1899 483 ἀξιον

2004 434 2125 474 eum
2168 421 2475 491 perducens
2525 439 2687 495 quem
2734 427 3128 484 celebrandum
3186 432 3457 501 praecipue
3480 445 3579 489 Asu-

329 498 658 569 συγγραφῆς
691 499 837 569 αὐτῷ
880 501 1209 570 πέπρακτο,
1261 506 1310 558 εί
1364 506 1439 576 μή
1492 524 1578 571 τις
1625 508 1908 580 ἐγκώμιον

327 588 486 655 λόγου
544 590 647 643 καὶ
691 593 757 644 τά
797 592 1025 649 παιδικὰ
1073 596 1223 667 αὐτῷ
1271 595 1514 668 θήσοιτο.
1553 600 1613 654 '0
1666 602 1767 672 μὲν
1816 604 1908 657 οὖν

333 682 535 745 σκοπὸς
565 683 648 753 τῷ
666 684 907 755 Καίσαρι
935 686 1204 752 τοιοῦτος,
1222 689 1295 753 ὡς
1326 691 1360 761 ἡ
1383 692 1579 747 τούτου
1610 694 1908 769 ξυγγραφῆ

330 774 598 842 βούλεται.
644 776 716 828 Od
763 779 869 847 μὴν
907 778 977 831 τὰ
1013 779 1114 850 τῆς
1144 781 1364 847 ἐλπίδος
1400 785 1728 855 ἐκϐέϐηκεν,
1785 790 1906 843 οὐδὲ

328 864 418 934 τὴν
462 867 712 936 ἱστορίαν
769 872 953 925 πᾶσαν
1002 872 1369 928 ὲτελεώσατο·
1420 877 1557 931 ἀλλά
1598 880 1759 951 μέχρι
1796 881 1905 935 τῶν

326 958 528 1025 χρόνων
565 959 662 1012 τοῦ
693 961 1102 1034 αὐτοκράτορος
1138 966 1457 1040 Νικηφόρον.)
1483 971 1579 1025 τοῦ
1608 973 1905 1027 Βοτανειά-

324 1065 413 1101 του
445 1049 534 1102 τὸν
562 1051 723 1119 λόγον
782 1055 1255 1133 ἐφελκυσάμενος,
1311 1061 1490 1116 ἐκεῖσε
1533 1064 1626 1118 τοῦ
1659 1068 1905 1137 συγγρά-

325 1158 440 1209 φειν
470 1142 757 1198 ἐπαύσατο
778 1184 794 1209 ,
829 1148 1140 1220 περαιτέρω
1185 1152 1283 1205 τοῦ
1328 1156 1524 1225 καιροῦ
1564 1159 1640 1227 μὴ
1666 1157 1903 1223 διδόντος

325 1235 599 1305 προκόψαι
622 1236 722 1307 τὴν
763 1243 1095 1312 συγγραφήν
1115 1258 1130 1273 ⁸
1163 1244 1372 1315 ζημίαν
1396 1247 1499 1316 μὲν
1525 1252 1638 1313 τοῖς
1674 1251 1779 1305 ὑπὸ
1801 1254 1902 1323 τὴν

328 1326 654 1397 συγγραφὴν
710 1328 1004 1400 πράγμασι
1041 1337 1573 1407 περιποιησαμένου,
1606 1341 1802 1410 ἡδονὴν
1844 1343 1902 1399 δὲ

326 1415 597 1488 ἀποστερή
608 1436 803 1485 σαντος
829 1424 939 1486 τοῖς
967 1426 1429 1493 ἀναγινώσκουσι.
1464 1430 1564 1483 Διά
1584 1430 1744 1486 τοῦτο
1761 1434 1900 1509 αὐτὴ

324 1508 417 1561 ὅσα
458 1510 538 1582 τῷ
568 1513 694 1583 ὲμῷ
724 1517 894 1598 πατρὶ
938 1518 1230 1589 πέπρακτο
1275 1524 1709 1594 συγγράψασθαι
1763 1508 1898 1599 προέ

326 1600 579 1671 ιιλόμην,
648 1604 734 1657 ενα
784 1608 861 1677 μὴ
925 1606 1155 1664 τοιαῦτα
1211 1612 1353 1682 ἔργα
1410 1614 1539 1678 τοὺς
1584 1616 1640 1680 ὲς
1671 1615 1901 1689 ὕστερον

2011 524 2281 585 sceperat.
2323 517 2579 589 Diogenis
2628 519 2901 588 siquidem
2957 520 3187 591 imperio
3238 522 3582 579 eﬂlorescere

2009 608 2177 677 cmpit
2208 609 2468 677 przeclara
2488 610 2594 665 mei
2619 611 2790 679 patris
2808 610 3157 667 indolestum
3182 614 3420 681 primum
3451 614 3584 668 ado-

2011 696 2327 754 lescentiam
2372 700 2606 772 ingressi
2641 717 2656 754 :
2686 711 2811 757 ante
2843 717 3002 772 quam
3056 702 3267 758 scilicet
3320 713 3533 760 aetatem
3563 748 3580 771 ,

2009 790 2114 843 nisi
2150 789 2193 845 si
2227 791 2354 858 quis
2386 791 2551 845 bullis
2601 798 2657 847 et
2716 791 3033 862 crepundiis
3084 791 3383 847 laudandis
3433 792 3583 847 abuti

2007 881 2118 935 otio
2151 883 2403 953 styloque
2438 883 2602 947 velit,
2643 883 2776 937 nihil
2818 898 2938 939 esse
2989 881 3104 938 fere
3159 883 3213 937 in
3271 882 3586 938 hominibus

2009 987 2341 1043 magnopere
2392 974 2883 1029 commendandum
2932 975 3089 1030 solet.
3128 973 3245 1029 Hoc
3298 975 3373 1029 illi
3420 990 3586 1044 argu-

2005 1080 2273 1133 mentum,
2314 1068 2416 1122 hoc
2448 1068 2805 1138 propositum
2841 1067 3114 1123 scribendi
3154 1067 3253 1121 fuit
3281 1083 3294 1121 :
3326 1072 3583 1121 caeterum

2004 1158 2126 1229 ejus
2154 1158 2269 1229 spei
2302 1174 2410 1214 non
2436 1167 2517 1214 est
2541 1175 2766 1229 compos
2795 1157 2976 1214 factus
3006 1173 3020 1210 :
3045 1172 3147 1213 nec
3180 1156 3324 1213 enim
3361 1164 3583 1226 patrare
3630 1174 3633 1177 λ

2004 1249 2281 1320 inceptum
2311 1258 2366 1304 et
2397 1250 2515 1306 suis
2545 1250 2791 1305 numeris
2822 1265 2886 1304 ac
2911 1250 3159 1320 partibus
3198 1248 3451 1302 llistorize
3490 1247 3583 1301 in-

2004 1341 2211 1396 choata:
2268 1355 2473 1410 corpus
2527 1340 2817 1395 absolvere
2867 1339 2969 1409 ipsi
3026 1338 3200 1393 licuit.
3251 1336 3455 1392 Verum
3509 1337 3576 1391 ad

2003 1438 2250 1499 tempora
2308 1431 2654 1501 imperatoris
2706 1431 3000 1501 Nicephori
3046 1428 3345 1485 Botaniataa
3394 1442 3586 1482 narra-

2006 1523 2155 1579 tione
2187 1522 2472 1593 perducta,
2508 1524 2579 1578 ibi
2615 1534 2857 1595 tempore
2884 1523 3142 1579 exclusus
3171 1521 3357 1586 desiit,
3384 1535 3584 1589 magno

2001 1625 2058 1673 et
2098 1616 2355 1671 Historia:
2405 1622 2461 1671 et
2521 1616 2786 1671 lectorum
2847 1616 3069 1680 damno.
3130 1623 3351 1684 propter
3400 1614 3579 1669 lucem

328 1693 701 1805 Ϊιειιλραδρςέξαίῃἒ
756 1698 889 1805 Οῗαν
954 1699 1057 1770 μὲν
1107 1702 1216 1775 γάρ
1262 1699 1409 1774 εἶχον
1458 1706 1556 1777 τὴν
1606 1709 1897 1780 ἁρμονίαν,

2004 1722 2164 1778 quam
2202 1707 2271 1763 ab
2300 1707 2420 1778 ejus
2449 1707 2670 1781 ingenio
2699 1706 2946 1777 accipere
2980 1707 3273 1761 maximam
3306 1719 3393 1759 res
3418 1713 3583 1773 gestae

323 1781 513 1854 ὁπόσην
542 1786 605 1839 δὲ
641 1785 741 1855 τὴν
767 1789 928 1859 χάριν
949 1791 999 1843 οί
1044 1791 1141 1846 τοῦ
1173 1794 1450 1866 Καίσαρος
1479 1798 1660 1867 λόγοι,
1710 1802 1894 1856 ίσασιν

323 1870 551 1938 ἅπαντες
580 1877 639 1930 οἱ
676 1880 790 1941 τοῖς
821 1880 1035 1935 ἐκείνου
1067 1884 1492 1955 ἐντετυχηκότες
1525 1892 1896 1963 συγγράμμα-

322 1979 418 2018 σιν.
468 1965 644 2019 ’Δλλὰ
690 1969 859 2041 μέχρι
901 1971 1095 2027 τούτου
1150 1974 1322 2030 ἐλθὼν
1349 2017 1364 2041 ,
1420 1978 1673 2052 καθάπερ
1718 1977 1895 2050 εἷπον,

318 2056 405 2111 καὶ
432 2059 492 2111 τὸ
526 2059 886 2132 σύγγραμμα
928 2066 1219 2134 σχεδιάσας
1245 2106 1262 2134 ,
1295 2070 1387 2123 καὶ
1415 2072 1674 2142 ἡμιτελὲς
1703 2075 1768 2127 ἐκ
1795 2077 1897 2147 τῆς

319 2151 623 2220 ὑπερορίας
672 2154 909 2224 κομίσας
958 2159 1127 2228 ἡμῖν·
1181 2164 1626 2234 συναπεκόμισεν
1673 2168 1897 2237 totum!)

317 2244 405 2297 καὶ
432 2243 746 2314 θανάσιμον
784 2248 1021 2319 νόσημα,
1053 2254 1194 2322 τάχα
1223 2253 1290 2307 ὲκ
1324 2255 1423 2323 τῆς
1458 2256 1691 2326 ἀπείρου
1712 2238 1891 2312 ⁵κακο-ι

319 2336 581 2402 παθείας,
609 2339 753 2403 τάρεα
791 2342 856 2394 ὲκ
886 2341 996 2395 τῶν
1024 2345 1366 2416 συχνοτέρων
1391 2350 1896 2419 στρατηγημάτων,

319 2427 446 2496 τάχα
467 2429 544 2482 ὲκ
573 2428 672 2499 τῆς
704 2429 849 2502 ὑπὲρ
879 2432 1039 2503 ήμῶν
1063 2435 1281 2505 ἀφάτου
1316 2437 1614 2508 μερίμνης.
1638 2441 1896 2512 Μέριμνα

319 2518 420 2587 γὰρ
441 2517 719 2589 ἔμφυτος,
744 2521 840 2575 καὶ
866 2524 1018 2577 πόνοι
1044 2525 1339 2596 ἀνένδητον
1375 2526 1697 2603 [ἅνένδοτοι]
1718 2547 1733 2562 ο
1759 2532 1895 2602 πρὸς

317 2605 370 2660 δὲ
423 2609 534 2665 καὶ
587 2611 768 2677 ἀέρων
811 2613 1123 2684 ἀνωμαλίαι
1166 2618 1242 2689 (7)
1298 2636 1359 2674 τε
1411 2621 1508 2674 καὶ
1551 2623 1890 2695 κακότητες,

317 2703 583 2773 ποτήριον
614 2704 763 2776 αὐτῷ
794 2704 1095 2777 θανάσιμον
1150 2710 1517 2783 ὲκεράσαντο.
1551 2715 1748 2769 Ἔνθεν
1791 2718 1889 2788 μὲν

318 2791 419 2865 γὰρ
447 2796 538 2859 εις
572 2795 781 2867 Σύρους
811 2798 906 2852 καὶ
933 2800 1182 2866 Κίλικας
1223 2803 1412 2865 δεινῶς
1437 2805 1606 2859 νοσῶν
1634 2808 1901 2879 ὶξεστρά-

320 2896 472 2937 τευον
525 2882 1009 2961 [ἐξεστράτευεν]’
1035 2888 1156 2945 εἶτα
1188 2892 1446 2948 κάκεῖθεν
1497 2897 1668 2968 Συρία
1711 2899 1901 2955 τοῦτον

321 2969 413 3039 μὶν
466 2973 759 3029 ἀπέδωκεν
811 2978 1225 3049 ἀρρωστοῦντα,
1283 2984 1515 3048 Κίλικες
1572 2988 1629 3041 δὲ
1668 2990 1900 3059 Παμφυο

2000 1807 2290 1870 poterant;
2313 1808 2366 1856 et
2388 1800 2719 1869 voluptatem
2744 1814 2908 1868 quam
2931 1813 2998 1854 ex
3028 1797 3258 1853 lectione
3283 1794 3580 1851 cultissimi

1998 1892 2179 1961 eperis
2211 1890 2411 1955 eruditi
2443 1890 2583 1946 oculi
2611 1890 2804 1945 merito
2832 1898 3145 1961 sperarent.
3174 1890 3366 1946 Mirum
3402 1889 3583 1957 siqui-

1998 1983 2120 2038 dem
2160 1982 2283 2053 ejus
2312 1983 2481 2039 fuisse
2516 1982 2808 2053 quamdam
2858 1992 2972 2039 tum
3010 1982 3062 2036 in
3106 1983 3377 2037 orationis
3427 1991 3583 2037 stru-

2000 2081 2153 2131 ctura
2186 2074 2637 2139 concinnitatem,
2667 2083 2778 2128 tum
2807 2074 3135 2129 elocutionis
3184 2088 3247 2128 ac
3279 2073 3402 2145 styli
3452 2087 3583 2126 sua-

2002 2166 2250 2232 vitatem,
2281 2165 2439 2220 facile
2468 2164 2601 2219 mihi
2635 2165 3019 2219 assentiuntur
3038 2179 3231 2219 omnes
3271 2164 3599 2235 quicunque

2003 2255 2176 2327 ipsius
2204 2256 2489 2327 elegantiae
2509 2271 2703 2323 capere
2733 2257 3011 2323 specimen
3034 2257 3308 2326 quoddam
3339 2256 3595 2325 cujusvis-

2002 2363 2071 2403 ex
2103 2348 2248 2402 illius
2278 2348 2559 2419 opusculis
2610 2349 2844 2404 lectione
2898 2355 3219 2418 potuerunt.
3252 2345 3426 2400 Tanta
3454 2360 3603 2401 vero~

2006 2437 2308 2508 intercepta
2364 2452 2479 2508 spe,
2515 2453 2583 2493 ne
2618 2439 2699 2493 vel
2748 2447 2866 2491 acta
2905 2438 3080 2508 patris
3133 2437 3237 2492 mei
3294 2437 3583 2505 scriptoris

2005 2530 2414 2600 qualiscunque
2458 2528 2742 2600 sull'ragio,
2787 2529 2873 2585 vel
2920 2528 3123 2598 scripta
3172 2529 3277 2583 mei
3329 2528 3600 2598 conjugis-

2008 2639 2234 2695 peregre
2266 2640 2328 2679 ac
2362 2623 2724 2678 tumultuario
2768 2623 2913 2678 inter
2954 2622 3161 2679 militiae
3190 2622 3456 2692 strepitus
3484 2622 3579 2678 de-

2010 2724 2317 2786 properata,
2352 2731 2451 2771 nec
2484 2714 2745 2785 perlecta,
2791 2715 3053 2771 coronide
3104 2730 3167 2771 ac
3212 2715 3335 2769 luce
3364 2714 3579 2785 publica

2009 2809 2061 2862 in
2095 2819 2413 2878 perpetuum
2446 2816 2738 2873 carerent,
2777 2821 2910 2862 ausa
2941 2822 3041 2877 ego
3078 2822 3220 2869 sum,
3257 2814 3353 2861 aut
3396 2806 3581 2875 potius

2008 2914 2147 2968 pene
2179 2910 2392 2963 coacta,
2430 2898 2846 2953 sueccnturiare
2882 2898 2946 2951 ad
2981 2897 3144 2953 istum
3178 2898 3419 2952 laborem
3453 2912 3582 2967 ope-

2008 3005 2122 3045 ram
2159 3006 2334 3044 meam
2369 2990 2484 3043 viro
2511 2989 2811 3044 delicienti.
2841 2987 2975 3043 Nam
3005 2989 3051 3045 is
3081 2989 3244 3045 simul
3274 3003 3398 3044 cum
3427 2989 3597 3044 hisce-

318 3061 469 3154 λίοις,
535 3066 853 3137 Παμφύλιοι
890 3070 947 3124 δὲ
971 3073 1085 3135 τοῖς
1123 3074 1351 3138 Λυδοῖς,
1405 3079 1502 3131 καὶ
1564 3080 1595 3149 ἡ
1631 3080 1799 3135 Λυδία
1830 3083 1896 3154 τῇ

2004 3098 2136 3152 quas
2170 3082 2280 3137 dixi
2318 3081 2559 3147 schedis,
2593 3081 2850 3136 lethalem
2875 3121 2891 3147 ,
2943 3082 3045 3135 heu
3080 3082 3252 3135 mihil
3287 3096 3475 3137 secum
3512 3080 3582 3134 ab

320 3153 573 3228 Βιθυνίᾳ,
606 3159 700 3213 καὶ
724 3161 759 3230 ἠ
795 3159 1022 3218 Βιθυνία
1050 3166 1115 3236 τῇ
1149 3165 1384 3235 βασιλίδι
1406 3169 1516 3222 τῶν
1542 3170 1777 3235 πόλεων,
1808 3153 1904 3228 καλ.

319 3244 455 3314 ἡμῖν
479 3288 495 3312 ,
536 3247 847 3321 ἐξῳδηκότα
895 3252 994 3326 ἤδη
1024 3256 1084 3311 τὸ
1130 3257 1440 3329 σπλάγχνον
1471 3260 1535 3315 ὲκ
1560 3262 1660 3332 τῆς
1700 3264 1906 3335 πολλῆς

321 3340 731 3423 κακοπαθείας.
757 3344 981 3418 Καίπερ
1004 3347 1060 3401 δὲ
1086 3349 1261 3414 οὕτως
1289 3350 1431 3423 ἔχων
1461 3353 1769 3421 ἀσθενείας,
1806 3359 1903 3411 καὶ

328 3424 501 3481 θέλων
533 3430 603 3483 τά
639 3436 997 3503 συμπεσόντα
1028 3438 1077 3492 οἱ
1122 3441 1529 3514 ὲκτραγῳδεῖν’
1572 3446 1634 3500 τὸ
1670 3448 1772 3517 μὲν
1823 3450 1903 3504 ὃτι

320 3520 493 3574 νοσῶν
562 3524 665 3579 οὐκ
724 3527 998 3597 ἠδύνατο,
1049 3532 1111 3585 τὸ
1172 3533 1228 3588 δὲ
1280 3536 1364 3590 ὅτι
1397 3539 1494 3592 καὶ
1557 3541 1688 3611 παρ’
1749 3543 1905 3611 ἡμῶν

320 3611 614 3703 ἐκωλύετο,
649 3618 725 3682 ὡς
749 3623 828 3691 μὴ
853 3622 915 3676 τὺ
954 3624 1184 3695 τραῦμα
1215 3627 1282 3681 ἂν
1316 3628 1472 3699 ρήξοι
1516 3631 1902 3703 διηγούμενος.

2002 3174 2344 3245 expeditione
2378 3174 2631 3228 morbum
2658 3174 2878 3229 domum
2910 3172 2975 3227 ad
3006 3189 3106 3228 nos
3136 3174 3349 3228 rediens
3384 3182 3573 3242 pertu-

2001 3267 2062 3321 lit
2090 3284 2104 3320 :
2135 3265 2273 3321 forte
2326 3273 2671 3320 contractum
2729 3281 2793 3319 ex
2828 3263 3031 3318 duritie
3065 3265 3243 3318 victus
3276 3278 3340 3317 ac
3371 3262 3577 3327 cultus,

2001 3359 2220 3427 qualem
2267 3358 2531 3427 asperitas
2569 3357 2697 3411 vitae
2743 3356 2997 3411 militaris
3048 3354 3388 3410 individuam
3418 3354 3586 3410 habet

2002 3448 2255 3504 comitem
2294 3465 2308 3501 :
2346 3448 2488 3503 forte
2518 3462 2583 3502 ex
2626 3448 3079 3503 contentionibus
3106 3460 3170 3501 ac
3212 3447 3405 3502 crebra
3450 3446 3578 3501 fati-

2004 3542 2229 3611 gatione
2263 3542 2598 3611 praeliorum,
2630 3541 3185 3612 quotidianarumquc
3213 3555 3517 3610 pugnarum
3561 3553 3591 3591 τ’

2009 3632 2152 3689 forte
2173 3647 2240 3687 ex
2274 3633 2580 3689 incredibili
2610 3634 2783 3688 nostri
2815 3647 2999 3687 amore
3030 3646 3095 3686 ac
3123 3646 3259 3686 cura
3282 3646 3402 3699 qua:
3429 3631 3579 3683 illum

320 3702 552 3759 assiduo
590 3707 868 3765 desiderio
908 3714 1198 3782 coquebat.
1246 3714 1363 3773 Nisi
1404 3702 1600 3775 verius
1622 3702 1852 3777 dixerim
1884 3760 1900 3787 ,
1940 3721 2056 3776 haec
2087 3721 2250 3776 simul
2278 3723 2484 3787 omnia,
2515 3736 2704 3776 curam
2736 3723 2952 3791 penitus
3013 3722 3258 3784 insitam,
3330 3722 3584 3790 jactatio-

324 3813 443 3850 nem
493 3797 840 3855 remissionis
877 3814 1177 3873 expertem,
1234 3806 1359 3861 οωιὶ
1394 3821 1459 3862 ac
1509 3817 1895 3879 tempestatum
1935 3807 2281 3872 varietatem,
2312 3807 2654 3875 infestosque
2686 3823 2881 3873 casus,
2916 3818 2996 3863 tot
3025 3822 3224 3862 causas
3291 3808 3347 3861 in
3416 3816 3582 3864 tanta:

325 3890 541 3945 virtutis
594 3890 819 3948 exitium
873 3896 1276 3966 conspirantes,
1325 3899 1525 3954 letbale
1574 3901 1704 3970 ipsi,
1787 3900 1922 3971 proh
1973 3903 2165 3958 dolor!
2207 3898 2499 3954 miscuisse
2544 3898 2821 3967 poculum.
2886 3900 3020 3955 Utut
3062 3900 3156 3965 sit,
3195 3916 3319 3954 cum
3355 3902 3579 3970 expedi-

326 3981 486 4038 tionis
535 3984 803 4042 adversus
844 3985 1014 4058 Syros
1060 3999 1115 4046 et
1149 3989 1347 4047 Cilicas
1376 4007 1560 4048 comes
1600 4009 1663 4048 ac
1712 3995 2008 4064 particeps,
2041 3996 2276 4052 adversa
2310 3992 2440 4049 licet
2501 3992 2815 4049 Valetudine
2880 4002 3190 4059 revocante,
3259 3995 3353 4048 diu
3416 3994 3583 4049 obﬁr-

329 4088 469 4134 mato
494 4083 684 4136 animo
718 4095 1146 4152 perseverasset,
1175 4089 1354 4143 vietus
1394 4088 1613 4144 tandem
1650 4090 2071 4160 ingravescente
2101 4091 2149 4148 vi
2186 4090 2493 4161 languoris,
2517 4105 2581 4145 ac
2641 4088 2863 4145 domum
2932 4087 3243 4157 aliquando
3305 4089 3578 4159 respicere

327 4179 573 4231 coaetus.
604 4187 633 4225 e
671 4171 827 4243 Syria
854 4173 1087 4243 primum
1135 4175 1342 4230 relatus
1386 4191 1529 4255 aeger
1566 4177 1620 4231 in
1651 4176 1928 4242 Ciliciam,
1969 4178 2095 4234 inde
2122 4193 2218 4250 per
2244 4179 2643 4251 Pamphyliam,
2678 4176 2906 4249 Lydiam
2949 4186 3005 4233 et
3046 4175 3351 4247 Bithyniam
3417 4175 3578 4245 longa

328 4263 561 4334 denique
582 4266 884 4335 iactatione
913 4267 1073 4337 regite
1096 4268 1217 4323 urbi
1248 4284 1311 4322 ac
1335 4271 1492 4324 nobis
1558 4281 1640 4326 est
1708 4271 1975 4337 redditus,
2019 4271 2330 4328 tumefactis
2363 4271 2639 4328 intestinis
2670 4286 2765 4342 per
2799 4270 3075 4326 assiduam
3109 4269 3313 4324 laboris
3346 4268 3579 4338 improbi

329 4359 665 4424 patientiam.
699 4358 818 4426 Quo
842 4361 963 4429 ipso
990 4362 1041 4415 in
1082 4369 1230 4418 statu
1272 4380 1396 4418 cum
1463 4381 1689 4421 narrare
1713 4375 1894 4422 tamen
1941 4377 2168 4441 cuperet
2191 4384 2314 4440 quas
2347 4367 2448 4423 sibi
2498 4381 2567 4423 ea.
2588 4366 2934 4436 expeditione
3000 4365 3382 4436 contigissent,
3455 4380 3553 4434 par

330 4453 418 4505 tim
454 4454 786 4521 praevalente
818 4457 1010 4511 morbo
1042 4473 1148 4512 non
1181 4459 1382 4529 potuit,
1432 4461 1629 4530 partim
1656 4461 1965 4531 prohibitus
2004 4478 2034 4518 a
2076 4462 2238 4520 nobis
2267 4470 2374 4526 est.
2444 4461 2640 4515 merito
2715 4461 3033 4516 verentibus
3102 4472 3170 4512 ne
3222 4457 3575 4514 contentione

330 4551 584 4605 narrandi
616 4550 821 4604 vulnus
846 4560 1127 4620 rumperet
1160 4551 1440 4624 fatumque
1471 4561 1797 4611 maturaret.

405 4667 550 4736 Ἐγὼ
608 4668 654 4721 δ’
705 4667 944 4721 ἐνταῦθα
999 4667 1251 4741 [τούτων]
1293 4670 1430 4741 μένη
1483 4671 1895 4747 [μεμνημένηῂ

2082 4669 2214 4725 Mihi
2252 4682 2384 4723 vero
2414 4667 2612 4723 itinesti
2645 4666 2906 4737 temporis
2934 4666 3093 4720 illius
3129 4665 3444 4720 memoriam
3476 4666 3578 4719 hoc

334 4757 644 4828 σκοτοδίνης
693 4756 1055 4827 ἐμπεπλαμαι
1113 4757 1212 4826 τὴν
1248 4757 1448 4828 ψυχὴν,
1514 4759 1610 4813 καὶ
1665 4760 1900 4832 ῥείθροις

2004 4761 2123 4816 loco
2172 4758 2431 4829 relegenti
2482 4758 2714 4827 caligine
2758 4772 2823 4812 ac
2869 4756 3113 4812 tenebris
3157 4756 3410 4826 oppletur
3458 4756 3577 4810 ani-

330 4849 580 4920 δακρύων
609 4850 929 4919 περιτὲγγω
982 4849 1109 4908 τοὺς
1139 4848 1474 4920 ὀφθαλμούς.
1518 4852 1582 4903 Ὢ
1625 4846 1736 4906 οἷον
1774 4853 1900 4906 Ῥω-

2004 4868 2147 4917 mus,
2191 4850 2557 4923 lacrymisque
2604 4848 2949 4904 torrentibus
2993 4847 3139 4902 oculi
3181 4845 3481 4901 exundant.
3531 4845 3576 4901 Ο

335 4943 501 5010 μαίων
536 4940 781 4994 ἀπόλωλε
836 4939 1114 5008 βούλευμα
1143 4941 1156 4992 l
1197 4942 1265 4993 Ὢ
1295 4940 1493 5012 πείρας
1548 4942 1647 5013 μὲν
1675 4943 1893 5013 ἀκριϐε-

2004 4951 2273 5010 quantum
2334 4955 2425 4994 res
2472 4939 2722 4994 Romana
2781 4938 3140 4993 consiliorum»
3192 4945 3468 4992 auctorem
3521 4937 3573 4989 in

335 5033 531 5103 στάτης
561 5035 693 5102 περὶ
726 5033 797 5087 τὰ
834 5032 1143 5102 πράγματα
1165 5071 1181 5096 ,
1233 5035 1331 5086 καὶ
1372 5034 1508 5101 ὅσην
1538 5037 1741 5098 ἐκεῖνος
1775 5053 1900 5089 συν-

2004 5033 2217 5087 ϐςιεεδτθ
2252 5030 2484 5102 Bryenio
2512 5028 2781 5099 perdidit!
2832 5028 2971 5094 Quis
3016 5027 3278 5096 majorem
3324 5026 3428 5082 sibi
3476 5041 3579 5078 un.-

335 5123 531 5193 είλοχεί
568 5124 743 5191 λόγων
778 5123 839 5179 ss
892 5123 1225 5192 ἐπιστήμης,
1284 5123 1539 5190 ποικίλης
1566 5124 1627 5176 δὲ
1685 5126 1900 5195 σοφίας,

2004 5137 2164 5193 quam
2205 5122 2601 5191 experientiam
2640 5128 2930 5190 paraverat
2973 5116 3338 5189 gerendarum
3389 5131 3572 5169 rerum

334 5215 467 5283 λέγω
511 5217 574 5286 δὴ
623 5216 721 5286 τῆς
752 5216 989 5286 θυραίας
1021 5219 1116 5267 καὶ
1148 5212 1249 5282 τῆς
1280 5216 1560 5285 ἡμετέρας
1588 5216 1792 5287 αύλῆςί
1835 5219 1900 5271 Ὢ

2011 5217 2127 5285 ipso
2159 5230 2260 5267 usu
2301 5229 2364 5267 ac
2395 5214 2723 5269 tractatione
2750 5214 2871 5281 jam
2918 5219 3189 5280 gestarum
3211 5210 3241 5262 ἶ
3263 5207 3401 5273 Quis
3446 5207 3571 5261 item

1407 5355 1540 5416 Car.
1572 5353 1890 5417 Dufresnii
1936 5354 2028 5415 Du
2055 5352 2267 5431 Cangii
2302 5362 2490 5415 notae.

418 5474 466 5542 7)
498 5477 707 5546 Ἀέρων
732 5476 1113 5549 ἀνωμρςιίας,
1169 5477 1323 5532 Anna
1346 5477 1449 5549 lib.
1488 5496 1502 5532 ι
1548 5495 1562 5532 :
1597 5479 1890 5549 Περιέχον-

2004 5475 2396 5549 Εειρὶιηϐιιιτὶίῑ
2458 5474 2654 5541 Magni,
2682 5470 2988 5549 repulit}.
3046 5466 3397 5549 Inrequglitps
3431 5468 3574 5529 rila’,

324 5538 412 5619 ’τῼέ
450 5538 827 5619 ἀνωμαλίας.
864 5538 1268 5619 'Theophrast.
1345 5548 1438 5601 lib.
1469 5564 1520 5601 vr
1560 5538 1688 5619 ου’
1718 5538 1892 5601 εάὶιδὶε
2005 5538 2149 5619 apud
2177 5545 2286 5598 Jul.
2329 5538 2659 5619 Firmieuin,
2682 5541 2717 5592 Ι.
2756 5538 2784 5592 v
2818 5538 3044 5619 Mat/39:.
3075 5553 3201 5619 cap.
3233 5538 3286 5591 5.
3324 5538 3572 5619 [nmqua-

327 5605 640 5687 ηίάηιαηιῆι,
677 5605 1015 5687 Ἀνὼμαλ-ία
1040 5605 1132 5687 ¹ἑοῦ
1176 5616 1336 5685 ἀέρος
1360 5620 1467 5687 καὶ
1517 5618 1618 5685 τῆς
1667 5619 1896 5687 τροφῆς.

2009 5605 2132 5687 ίίιαξ
2155 5616 2408 5687 corporis,
2447 5610 2587 5687 apud
2636 5611 2882 5663 Attoncm
2944 5605 3343 5661 Vercellcnscm
3395 5616 3568 5673 episc.

330 5682 671 5755 ληίείικαίὶιαε
707 5681 887 5749 σιγὴ,
953 5684 1008 5737 in
1066 5681 1310 5742 Decretis
1357 5681 1586 5744 Liberii'
1621 5681 1719 5744 PP.
1757 5681 1808 5742 et
1833 5681 1895 5740 in
2012 5690 2061 5738 iu
2097 5681 2329 5747 Capitul.
2359 5696 2407 5735 c.
2446 5681 2536 5733 54.
