4068 6264
496 348 568 412 37
1765 336 1987 398 nam:
2029 334 2406 395 conserua
3653 332 3724 393 ss

498 457 848 516 meditatione
880 455 1235 512 scientiarum
1274 452 1618 520 lectioneque
1655 464 1716 504 ac
1747 448 2042 504 eruditiqu

2163 447 2260 501 καὶ
2291 447 2513 519 χάριτος
2561 446 2958 518 ἐπιτρεχοῦσης
3001 446 3116 510 τοτς
3149 445 3358 516 μέλεσι,
3399 443 3495 499 καὶ
3547 446 3724 511 εἴδους

489 552 663 616 varia,
706 549 822 606 sive
855 556 1133 602 externam
1160 547 1273 600 sive
1302 551 1604 598 nostratem
1651 541 1834 603 malis,
1861 539 2042 594 eodem

2155 540 2256 594 οὐκ
2290 539 2442 604 ἀξίου
2476 539 2790 612 τυραννίδος
2819 538 2915 606 (ὥς
2957 554 3102 600 τινες
3131 536 3386 604 λέγουσιν
3415 537 3524 607 (8))
3585 535 3720 591 ἀλλὰ

490 644 591 696 hoc
621 640 980 696 instructior?
1003 637 1120 692 Jam
1141 637 1263 707 quis
1281 635 1468 708 gratia:
1499 636 1648 707 lepos
1673 649 1738 687 ex
1763 641 1874 687 tota
1909 632 2055 687 emo-

488 747 713 788 rescens
768 748 969 802 perque
1017 740 1186 785 totam
1257 729 1460 786 etl'usus
1519 741 1831 798 compagem
1886 740 2054 779 mem-

487 824 736 888 brorum,
784 824 968 894 specie
1011 837 1074 877 ac
1125 821 1301 877 forma
1353 835 1462 876 non
1499 820 1714 886 solum,
1753 818 1898 887 quod
1945 817 2051 870 dici

485 915 644 982 solet,
678 913 841 986 digna
876 916 1128 984 imperio,
1176 913 1270 970 sed
1317 913 1557 967 divinam
1594 910 1905 981 quampiam
1936 908 2051 978 spi-

485 1015 636 1061 rante
666 1006 1057 1074 majestatem?
1093 1004 1355 1075 Equidem
1403 1005 1590 1072 ignara
1631 1002 1895 1056 malorum
1943 1017 2048 1056 non

483 1113 627 1161 sum,
682 1097 802 1153 aliis
851 1100 1052 1167 passim
1108 1112 1137 1152 a
1169 1096 1400 1166 pueritia
1451 1095 1710 1165 gravibus
1758 1103 1812 1149 et
1861 1095 2048 1150 nntltis

482 1189 718 1243 exercita
751 1189 993 1243 casibus.
1016 1187 1117 1243 Ubi
1144 1189 1290 1243 enim
1318 1187 1444 1260 quis
1473 1189 1756 1258 exceperit
1788 1187 2046 1242 nascendi

487 1279 828 1345 felicitatem,
885 1290 1148 1349 augustos
1198 1291 1474 1348 parentes,
1532 1291 1584 1334 et
1635 1295 1933 1350 purpuram
1991 1279 2046 1332 in

481 1387 588 1440 qua
637 1379 852 1440 reptare
902 1373 1034 1425 tnihi
1068 1372 1317 1442 contigit,
1350 1382 1543 1427 ca‘tcra
1589 1371 1805 1442 quidem
1857 1381 2046 1428 nostra

480 1465 527 1518 si
560 1464 857 1518 attenderit
912 1465 1071 1519 facile
1102 1474 1412 1533 agnoscet:
1457 1465 1730 1519 fortunam
1780 1466 1961 1520 statim
2016 1480 2044 1519 a

479 1557 645 1625 regiis
681 1557 815 1624 illis,
847 1573 986 1627 quas
1015 1557 1146 1620 dixi,
1178 1559 1334 1613 cunis
1366 1573 1429 1614 ac
1477 1557 1683 1624 fasciis,
1720 1560 1877 1628 quasi
1928 1565 2046 1628 p0st

481 1648 754 1703 modicum
789 1659 844 1703 et
876 1648 1142 1718 perﬁdum
1177 1651 1438 1714 arrisum,
1470 1661 1692 1719 repente
1723 1648 2046 1704 obnubilato

483 1743 631 1796 vultu
667 1743 916 1796 invitam
967 1742 1169 1797 deinde
1202 1759 1374 1798 meam
1441 1744 1708 1812 reliquam
1747 1743 1883 1796 nihil
1937 1743 2042 1796 nisi

479 1834 699 1889 nimbos
730 1842 784 1890 et
807 1834 1078 1903 procellas
1111 1835 1428 1889 immisisse.
1461 1834 1674 1899 Quibus
1718 1833 1886 1896 enim,
1941 1833 2042 1886 heu

481 1926 598 1979 mel
635 1927 971 1995 quantisque
1015 1925 1222 1994 jartata
1275 1923 1553 1988 ﬂuctibus,
1588 1939 1751 1993 quam
1789 1924 1948 1978 sa-vis
1985 1937 2048 1976 ac

479 2017 896 2079 vehementibus
943 2016 1260 2071 incursibus
1299 2016 1744 2085 impulsibusque
1773 2027 2044 2069 concussa

475 2109 633 2162 sum!
666 2109 941 2178 Orpheum
992 2111 1175 2163 ferunt
1231 2109 1359 2163 dum
1394 2118 1618 2163 caneret
1654 2108 1967 2164 concitasse
1990 2106 2046 2161 in

479 2212 686 2256 motum
741 2218 905 2272 rupes
951 2218 1014 2258 ac
1090 2202 1275 2266 silvas,
1331 2215 1698 2270 crateramque
1786 2211 2042 2256 naturam

475 2309 676 2348 sensus
726 2307 1030 2363 expertem.
1087 2294 1434 2348 Timotheum
1492 2309 1712 2364 quoque
1762 2293 2041 2348 tibicinem

475 2385 565 2439 ubi
596 2400 838 2450 carmen,
899 2387 1042 2456 quod
1082 2384 1333 2440 Orthinm
1393 2395 1610 2447 meant,
1664 2401 1850 2440 coram
1895 2396 2046 2441 esset

473 2477 783 2532 Alexandro
809 2476 1147 2542 modulatus,
1177 2477 1246 2531 ita
1269 2477 1394 2532 imis
1420 2477 1679 2532 sensibus
1707 2478 2043 2546 permovisse

471 2567 846 2632 Macedonem,
898 2579 954 2623 ut
1013 2570 1060 2624 is
1095 2570 1160 2623 ad
1217 2584 1372 2623 arma
1409 2578 1631 2638 repente
1685 2584 1750 2624 ac
1802 2569 2037 2639 gladium

473 2668 675 2714 rueret.
701 2660 812 2728 Ego
840 2660 886 2714 si
915 2675 1061 2715 meas
1084 2661 1428 2716 calamitates
1456 2662 1733 2730 explicare
1757 2676 2036 2731 pergerem

473 2751 771 2816 narrando,
805 2767 914 2806 non
942 2753 1193 2822 equidem
1229 2753 1295 2807 ad
1319 2753 1760 2823 progressionem
1797 2761 1889 2806 aut
1916 2769 2042 2807 cur-

471 2864 616 2914 sum,
651 2863 834 2917 neque
863 2849 927 2902 atl
972 2864 1124 2903 arma
1159 2863 1485 2918 pugnamve,
1535 2849 1630 2904 sed
1662 2859 1810 2905 certe
1860 2852 1926 2902 ad
1960 2851 2038 2903 la-

467 2956 688 3011 m-ymas
721 2943 1060 3010 speraverint
1119 2957 1206 2996 me
1258 2950 1658 2998 commoturum
1713 2943 2034 2997 auditorem.

466 3032 786 3088 Auditorem
818 3033 980 3088 dico?
1013 3033 1177 3088 etiam
1212 3034 1414 3087 animal
1457 3035 1713 3103 quodvis.
1751 3036 1914 3089 etiam
1950 3051 2037 3091 res

2158 633 2254 687 καὶ
2312 633 2591 704 θειοτέρας
2647 633 2742 686 καὶ
2799 631 3142 702 κρείττονοςι
3205 631 3414 698 Ἕγωγ⁹
3480 631 3577 683 οὖν
3628 632 3722 683 καὶ

2159 726 2370 789 πολλοῖς
2411 726 2590 788 ἄλλοις
2629 724 3076 796 προσωμιλήκειν
3103 721 3296 783 δεινοῖς
3326 719 3422 791 (9),
3443 723 3506 774 ὲκ
3540 721 3718 790 μέσων

2155 819 2264 872 τῶν
2299 816 2640 888 πορφυρὸθεν
2694 815 3046 886 σπαργάνων,
3071 813 3146 876 ὡς
3194 813 3365 876 οὕτως
3398 815 3592 876 εἰπεῖν,
3623 813 3720 864 καὶ

2153 913 2351 983 τύχαις
2401 910 2723 982 ἐχρησάμην
2771 911 2869 962 οὐκ
2903 908 3171 976 ἁγαθατςο
3222 905 3270 959 εί
3327 906 3400 975 μή
3447 921 3532 968 τις
3573 903 3720 957 θεῖτο

2154 1006 2324 1075 τύχην
2387 1005 2489 1059 οὑκ
2543 1001 2753 1073 ἀγαθὴν
2790 1003 2883 1055 καὶ
2915 998 3355 1069 προσμειδιῶσάν
3384 1013 3474 1066 μοι
3513 997 3616 1067 τήν
3655 1013 3715 1047 τε

2152 1097 2484 1167 γειναμένην
2545 1095 2715 1165 αὐτὴν
2793 1093 2884 1147 καὶ
2933 1092 3022 1146 τδν
3071 1091 3301 1146 τεκόντα
3361 1091 3488 1153 τοὺς
3553 1090 3718 1143 αὐτο-

2152 1188 2449 1259 κράτορας,
2505 1188 2600 1240 καὶ
2647 1187 2745 1257 τὴν
2792 1185 3079 1256 πορφύραν
3141 1179 3324 1254 ἐφ’ἦς
3365 1182 3714 1251 ἐϐλάστησα·

2149 1284 2216 1336 τὰ
2254 1282 2361 1353 γὰρ
2401 1281 2557 1343 ἄλλα,
2593 1280 2693 1350 φεῦ
2721 1280 2830 1334 τῶν
2863 1278 3156 1349 κυμάτωνί
3209 1275 3310 1345 φεῦ
3354 1276 3465 1328 τῶν
3514 1277 3718 1328 ἐπανα-

2151 1378 2426 1431 στάσεωνί
2481 1375 2711 1446 Ὀρφεὺς
2748 1373 2848 1443 μὲν
2878 1369 2972 1426 οὖν
3005 1372 3146 1443 ᾄδων
3191 1372 3286 1425 καί
3334 1369 3516 1432 λίθους
3547 1366 3714 1420 ἐκίνει

2149 1469 2246 1524 καὶ
2293 1467 2450 1533 ξύλα,
2499 1467 2594 1520 καὶ
2651 1465 2752 1537 τὴν
2790 1465 2994 1535 ἄψυχον
3048 1464 3234 1526 ἁπλῶς
3289 1463 3452 1531 φύσιν
3492 1476 3508 1492 ·
3541 1459 3712 1528 Τιμό-

2149 1562 2271 1627 θεος
2310 1561 2422 1633 (10)
2457 1561 2514 1615 δὲ
2539 1562 2566 1614 6
2597 1558 2835 1629 αὑλητὴς
2859 1557 2950 1610 τὸν
2985 1557 3167 1626 δρθιόν
3192 1571 3322 1626 ποτε
3381 1553 3715 1621 Ἀλεξάνδρῳ

2147 1654 2415 1726 αὐλήσας,
2474 1655 2557 1716 εἰς
2613 1652 2681 1704 τὰ
2718 1649 2860 1704 δπλα
2912 1647 3257 1719 παραχρῆμα
3309 1644 3406 1700 καὶ
3465 1644 3527 1696 τδ
3563 1643 3717 1711 ξίφος

2149 1746 2316 1799 ἐκίνει
2340 1744 2432 1798 τδν
2455 1743 2760 1799 Μακεδόνα.
2785 1741 2866 1795 Τὰ
2889 1740 2946 1795 δέ
2978 1757 3042 1810 γε
3078 1739 3198 1793 κατ’
3237 1738 3337 1808 ἐμὲ
3395 1737 3714 1804 διηγήματα

2151 1839 2210 1890 οὐ
2243 1837 2479 1906 τοπικήν
2506 1852 2628 1887 τινα
2661 1833 2897 1903 κίνησιν,
2919 1833 3041 1886 οὐδὲ
3061 1831 3198 1902 πρὸς
3223 1829 3363 1882 ὅπλα
3392 1829 3486 1881 καὶ
3512 1828 3714 1898 μάχην,

2151 1929 2266 1982 ἀλλ’
2297 1931 2354 1991 ὲς
2383 1927 2595 1996 δάκρυα
2639 1926 2731 1978 τὸν
2772 1925 3048 1994 ἀκροατὴν
3081 1923 3430 1992 συγκινήσειε
3455 1939 3468 1953 ·
3495 1922 3589 1974 καὶ
3618 1920 3716 1973 οὐκ

2152 2017 2486 2089 αίσθητικὴν
2511 2017 2694 2086 μόνον,
2723 2015 2859 2070 ἀλλὰ
2883 2017 2979 2068 καὶ
3005 2013 3212 2084 ἄψυχον
3246 2013 3410 2082 φύσιν
3443 2013 3523 2071 είς
3547 2011 3718 2072 πάθος

2147 2112 2558 2182 καταναγκάτῃ.
2593 2110 2666 2162 Τὸ
2707 2109 2889 2178 μέντοι
2935 2107 3196 2168 πάθοςτὸ
3249 2107 3380 2175 περὶ
3432 2104 3524 2158 τὸν
3575 2101 3715 2156 Καί-

2148 2220 2312 2275 σαρα,
2347 2202 2440 2255 καὶ
2471 2202 2498 2253 6
2529 2199 2648 2253 κατ’
2680 2199 2842 2252 αὑτὸν
2878 2198 3203 2258 ἀνέλπιστος
3254 2196 3507 2259 θάνατος,
3544 2196 3714 2263 αὐτῆς

2148 2312 2252 2363 μου
2280 2293 2540 2347 καθίκετο
2566 2292 2666 2362 τῆς
2712 2292 2914 2360 ψυχῆς,
2946 2295 3042 2343 καὶ
3095 2293 3151 2353 ἐς
3184 2290 3346 2360 βάθος
3391 2289 3452 2341 τδ
3488 2288 3711 2358 τραῦμα

2142 2387 2465 2457 είργάσατο.
2525 2387 2637 2438 Kal
2667 2384 2908 2454 ἡγοῦμαι
2935 2385 3035 2446 τὰς
3072 2382 3469 2454 προειληφυίας
3502 2398 3710 2450 συμφο-

2145 2479 2246 2548 ράς
2305 2478 2441 2549 πρὸς
2480 2476 2685 2546 ταύτην
2714 2476 2814 2547 τὴν
2842 2474 3122 2544 ἄπληστον
3170 2473 3457 2544 συμφορὰν
3498 2471 3708 2542 ψεκάδα

2141 2572 2216 2635 ὡς
2243 2571 2401 2632 ὄντας
2437 2569 2649 2641 (δντω)
2686 2569 2822 2637 πρὸς
2873 2569 2994 2622 ὅλον
3036 2568 3386 2622 Ἀτλαντικὸν
3449 2567 3704 2633 πέλαγος.

2142 2665 2173 2734 ἦ
2209 2663 2304 2717 τοῦ
2344 2660 2689 2733 Ἀδριατικοῦ
2718 2661 2991 2729 πελάγους
3019 2661 3086 2713 τὰ
3117 2659 3361 2728 κύματα.
3389 2658 3603 2713 Μᾶλλον
3625 2657 3704 2719 δὲ,

2142 2756 2219 2818 ὥς
2259 2755 2472 2818 ἔοικεν,
2511 2749 2653 2824 ἦσαν
2687 2756 2896 2806 ἐκεῖναι
2928 2751 3132 2805 τούτων
3169 2752 3432 2821 προοίμια
3453 2765 3467 2782 ο
3501 2748 3598 2802 καί
3639 2765 3707 2818 με

2145 2845 2673 2916 προκατελάμϐανεν
2715 2846 2743 2898 6
2778 2841 2987 2908 καπνὸς
3023 2843 3119 2897 τοῦ
3153 2841 3472 2913 καμινιαίου
3511 2841 3706 2893 τούτου

2141 2941 2316 3010 πυρὸς
2339 2979 2354 3001 ,
2389 2941 2483 2992 καὶ
2515 2941 2544 2992 ὁ
2579 2937 2801 2992 καύσων
2847 2939 3054 3000 ἐκεῖνος
3083 2938 3182 3006 τῆς
3214 2935 3454 3006 ἀρρήτου
3501 2933 3707 3001 ταύτης

2143 3031 2489 3105 φλογώσεως,
2542 3031 2639 3084 καὶ
2663 3032 2731 3084 τά
2758 3028 2884 3083 καθ’
2924 3029 3138 3098 ἡμέραν
3167 3028 3338 3096 πυρδς
3363 3028 3462 3095 τῆς
3496 3027 3704 3094 άφάτου

467 3126 666 3180 animze
703 3140 764 3180 ac
805 3140 1002 3180 sensus
1030 3133 1284 3194 expertes
1311 3141 1396 3181 me
1451 3127 1504 3180 in
1539 3126 2036 3182 commiserationis

2145 3126 2441 3195 πυρκαϊᾶς.
2495 3125 2560 3176 Ὢ
2626 3123 2796 3194 πυρὶς
2851 3124 2982 3177 ἄνευ
3038 3121 3169 3192 ὕλης
3231 3119 3705 3190 ἀποτεφροῦντοςῖ

469 3229 692 3270 sensum
731 3215 822 3269 tali
857 3217 1106 3270 oratione
1137 3215 1452 3271 adacturam
1484 3217 1788 3272 crederem.
1811 3216 2035 3272 Verum-

469 3317 650 3360 tamen
689 3321 814 3360 eum
848 3306 940 3360 illa
982 3314 1134 3362 tanta
1169 3313 1390 3377 tamque
1422 3307 1573 3362 varia
1607 3309 1719 3363 sint
1747 3324 1868 3379 qua:
1913 3325 2033 3364 sum

469 3397 525 3448 in
576 3396 687 3449 vita
722 3411 1004 3465 perpessa,
1065 3405 1180 3451 tum
1235 3398 1380 3453 inter
1439 3399 1531 3454 illa
1595 3409 1778 3454 tamen
1826 3409 2035 3456 tantum

467 3484 676 3539 eminet
726 3484 1167 3552 in0pinatissima
1224 3501 1372 3540 mors
1409 3489 1510 3542 mei
1555 3487 1811 3550 Caesaris.
1855 3490 2039 3559 itaque

471 3575 606 3630 nzihi
643 3575 864 3646 penitus
916 3576 969 3630 in
1007 3576 1273 3632 medullas
1335 3578 1501 3632 animi
1533 3581 1774 3650 pervasit
1812 3581 1864 3636 id
1921 3584 2038 3636 vul-

471 3683 599 3733 nus,
640 3675 700 3723 ut
747 3669 886 3722 mala
922 3668 1104 3738 priora
1134 3671 1316 3724 omnia
1341 3669 1409 3725 ad
1443 3685 1568 3726 cum
1607 3671 1806 3727 collata
1848 3688 2037 3728 casum

467 3768 634 3826 guttae
692 3761 866 3816 instar
894 3776 956 3815 ac
996 3761 1154 3816 stilla:
1203 3760 1404 3818 habere
1443 3761 1649 3818 soleam
1695 3765 1761 3816 ad
1815 3765 2038 3834 pelagus

469 3853 802 3907 Atlanticum
830 3853 1100 3910 ﬂuctusve
1132 3853 1444 3910 Adriaticos
1488 3865 1835 3925 comparatae.
1867 3855 2039 3910 Nimi-

473 3961 591 3997 rum
652 3945 744 4000 illa
815 3946 1191 4015 przeludebant
1257 3954 1410 4001 tanto
1479 3948 1674 4018 majori
1740 3964 1803 4004 ac
1867 3950 2040 4004 multo

470 4037 721 4094 maxima:
751 4038 888 4093 cladi
914 4040 1179 4108 prooemia
1214 4041 1637 4108 rudimentaque
1666 4041 2036 4110 miseriarum,

468 4127 656 4184 fumus
691 4129 782 4184 illa
815 4128 982 4198 hujus
1030 4129 1172 4200 ignis
1224 4128 1466 4191 fuerant,
1512 4143 1707 4196 meque
1749 4139 1862 4182 tum
1914 4146 2037 4184 cum

470 4221 562 4274 illa
594 4231 808 4290 paterer
839 4221 1078 4289 prmvius
1108 4219 1377 4272 duntaxat
1403 4225 1457 4272 et
1485 4217 1792 4274 tolerabilis
1822 4217 2041 4274 amabat

2141 3218 2314 3288 πυρὸς
2340 3219 2399 3270 ὲν
2434 3217 2773 3288 ἀπορρήτοις
2820 3213 3290 3285 δᾳδουχουμένουί
3323 3215 3414 3266 καὶ
3455 3213 3706 3276 καίοντος

2144 3309 2262 3379 μὲν,
2304 3309 2378 3380 μὴ
2403 3307 2846 3378 καταφλέγοντος
2875 3307 2932 3360 δέ
2959 3322 2973 3336 ·
3010 3307 3103 3359 καὶ
3133 3305 3232 3376 τὴν
3295 3304 3518 3375 καρδίαν
3558 3301 3707 3374 [μὲν]

2146 3399 2613 3470 περιφρύγοντος,
2657 3397 2812 3460 δόξαν
2869 3396 2924 3450 δὲ
2957 3397 3313 3468 παρέχοντος,
3368 3395 3450 3448 ὅτι
3482 3396 3542 3449 οὐ
3585 3411 3710 3448 συν-

2140 3492 2462 3562 εφρύγημεν
2517 3506 2531 3520 ·
2563 3489 2747 3545 καίτοι
2788 3488 2982 3560 μέχρις
3034 3487 3266 3552 ὀστέων,
3319 3487 3414 3540 καὶ
3473 3485 3709 3554 μυελῶν,

2141 3585 2237 3640 καὶ
2275 3583 2545 3655 μερισμοῦ
2577 3583 2761 3654 ψυχῆς
2813 3582 2915 3646 τὰς
2967 3581 3354 3653 πυρακτώσεις
3404 3579 3708 3649 δεξάμενοι.

2152 3676 2317 3731 Ἀλλά
2369 3675 2478 3746 γάρ
2517 3675 2764 3745 ἐμαυτῆς
2816 3675 3166 3744 αἰσθάνομαι,
3204 3673 3295 3726 διὰ
3344 3672 3516 3727 ταῦτα
3565 3688 3712 3742 παρ-

2142 3767 2509 3839 ενηνεγμένης
2550 3766 2644 3820 τοῦ
2697 3766 3081 3834 προκειμένου.
3122 3767 3231 3820 Καὶ
3277 3766 3304 3816 6
3346 3765 3561 3834 Καῖσάρ
3618 3781 3708 3833 μοι

2142 3861 2394 3924 ὶπιστᾶςν
2453 3860 2548 3915 καὶ
2602 3861 2670 3930 τῇ
2715 3859 2807 3912 τοῦ
2857 3857 2941 3930 [τὸ
2992 3858 3110 3929 τοῦ]
3163 3859 3441 3928 Καίσαρος
3489 3858 3706 3923 πένθος,

2142 3951 2340 4015 πένθος
2373 3968 2462 4021 μοι
2493 3950 2762 4015 ὲπέσταξε
2799 3950 3105 4018 διωλύγιον.
3138 3949 3497 4018 Ἀποψήσασα
3528 3948 3622 4001 οὖν
3652 3950 3711 3999 τὸ

2140 4043 2376 4112 δάκρυον
2405 4040 2514 4094 τῶν
2563 4041 2853 4111 ὀμμάτων,
2896 4041 2988 4094 καὶ
3037 4039 3284 4111 ἐμαυτὴν
3331 4038 3707 4108 ἀναλεξαμένη

2147 4133 2243 4186 τοῦ
2277 4133 2524 4198 πάθους,
2571 4133 2681 4186 τῶν
2740 4133 2867 4201 ἑξῆς
2912 4130 3133 4202 ἕξομαι,
3193 4131 3358 4185 διπλᾶ
3391 4132 3557 4202 (κατὰ
3611 4133 3710 4198 τὴν

2141 4223 2451 4293 τραγῳδίαν
2518 4218 2666 4293 [11])
2712 4222 3078 4292 κερδαίνουσα
3142 4221 3375 4292 δάκρυα,
3444 4215 3558 4273 οἷον
3619 4221 3709 4272 ἐπὶ

469 4325 642 4380 vapor
697 4311 953 4365 immensi
1010 4309 1189 4364 adhuc
1239 4308 1499 4364 distantis
1549 4309 1835 4373 incendii,
1879 4311 2038 4379 cujus

2145 4315 2402 4384 συμφορᾷ
2434 4314 2717 4383 συμφορᾶς
2745 4314 3072 4384 μεμνημένη
3095 4331 3110 4346 ·
3165 4313 3227 4365 τὸ
3283 4313 3392 4380 γάρ
3421 4313 3502 4373 είς
3542 4311 3708 4380 μέσον

469 4417 618 4457 nunc
671 4416 756 4456 me
810 4402 1025 4456 demum
1077 4415 1318 4471 praesens
1369 4400 1582 4455 flamma
1642 4402 1940 4457 consumit.
1991 4402 2037 4458 Ο

2145 4404 2423 4476 προθεῖναι
2448 4405 2691 4459 τοιούτου
2720 4403 2986 4474 βασιλέως
3009 4404 3286 4466 ὑπόθεσιν,
3319 4403 3414 4457 καὶ
3448 4402 3708 4455 τοσούτου

469 4491 649 4558 ignem
685 4489 804 4545 sine
853 4490 1081 4544 materia
1111 4489 1465 4559 ﬂagrantem!
1515 4493 1694 4560 ignem
1747 4492 2040 4560 penetrali-

2145 4498 2278 4570 πρὸς
2313 4498 2514 4568 ἀρετὴν
2533 4536 2548 4562 ,
2599 4497 2910 4567 ἀνάμνησίς
2945 4497 3061 4549 ἐστι
3099 4498 3190 4549 και)⁵
3217 4496 3326 4548 τῶν
3355 4496 3476 4548 κατ’
3503 4497 3709 4548 ἐκεῖνον

469 4579 575 4634 bus
604 4578 772 4632 animi
814 4579 1205 4634 secretissimis
1233 4594 1430 4635 arcana
1481 4578 1597 4634 face
1636 4580 1946 4636 subditum!
1987 4589 2043 4636 et
2088 4639 2090 4642 ,

468 4681 717 4726 urentem
751 4671 998 4740 quidem,
1029 4687 1139 4726 non
1167 4681 1582 4732 consumentem
1605 4681 1780 4728 tamen
1806 4674 1818 4726 !
1858 4674 2038 4742 Ignem

466 4763 561 4832 qui
594 4777 691 4818 cor
732 4763 808 4818 ita
841 4774 1180 4830 concremet,
1234 4773 1293 4818 ut
1342 4765 1580 4833 speciem
1637 4766 1913 4836 relinquat
1957 4768 2037 4821 vi-

465 4856 649 4911 ventis
685 4856 806 4925 ejus
853 4857 1033 4912 adhuc
1081 4866 1135 4911 et
1170 4855 1422 4924 vigentis,
1469 4866 1580 4910 tum
1632 4859 1867 4911 maxime
1911 4871 2034 4912 cum

469 4964 646 5019 usqtte
675 4949 743 5003 ad
785 4964 910 5003 ossa
946 4948 1345 5018 medullasque,
1377 4963 1499 5002 cum
1546 4964 1720 5018 usque
1781 4947 1848 5002 ad
1897 4948 2034 5003 divi-

469 5043 680 5096 sionem
714 5041 910 5096 anitna‘.
936 5055 1000 5096 ac
1040 5039 1270 5110 spiritus
1309 5040 1394 5096 vis
1427 5041 1549 5112 ejus
1595 5041 1829 5094 ﬂammas
1871 5055 2036 5109 pene-

470 5133 728 5187 traverit!
764 5132 871 5188 Sed
903 5135 1012 5201 jam
1063 5146 1152 5186 me
1197 5131 1377 5187 sentio
1415 5131 1825 5200 perturbatione
1871 5131 2030 5186 fatui-

469 5225 591 5281 liari
617 5227 812 5283 elatam
839 5228 895 5282 in
943 5233 1173 5299 questus
1197 5227 1408 5282 alienos
1455 5240 1484 5278 a
1529 5225 1827 5295 proposito.
1883 5224 2035 5280 Fecit

2139 4589 2472 4658 θαυμάτωνο
2534 4587 2678 4658 άπερ
2729 4589 2878 4658 κάμε
2929 4588 3070 4657 πρὸς
3131 4587 3344 4656 δάκρυα
3394 4585 3708 4655 θερμότατα

2138 4680 2480 4749 καταφέρει,
2520 4679 2661 4749 μετὰ
2694 4679 2877 4748 πάσης
2927 4679 3028 4746 τῆς
3063 4677 3394 4747 οἰκουμένης
3433 4677 3707 4744 δακρύου-

2138 4787 2260 4824 σαν.
2288 4770 2361 4822 Τδ
2387 4769 2497 4838 γὰρ
2525 4770 2733 4822 ἐκείνου
2762 4767 3100 4837 μεμνῆσθαι,
3147 4768 3242 4821 κα)⁸
3274 4767 3371 4838 τὴν
3403 4769 3570 4820 αὑτοῦ
3613 4768 3708 4837 βαι

2141 4861 2348 4916 σιλείαν
2382 4863 2463 4923 είς
2501 4859 2666 4929 μέσον
2699 4859 2876 4928 ἄγειν,
2909 4860 3034 4928 ἐμοὶ
3062 4860 3158 4930 μὲν
3191 4860 3403 4929 θρήνων
3430 4859 3705 4923 ὑπόθεσις,

2138 4955 2250 5014 τοῖς
2286 4952 2468 5014 ἄλλοις
2500 4951 2559 5004 δὲ
2611 4951 2818 5020 ζημίας
2845 4951 3176 5021 ἀνάμνησις.
3225 4953 3487 5021 ’Δρκτέον
3525 4953 3706 5005 τοίνυν

2141 5045 2351 5100 ἐνθένδε
2369 5046 2469 5112 τῆς
2495 5045 2734 5115 ίστορίας
2754 5043 2847 5098 τοῦ
2871 5044 2998 5113 ’μοῦ
3029 5043 3254 5114 πατρὸς,
3277 5045 3400 5096 ὅθεν
3427 5044 3521 5097 καὶ
3541 5043 3706 5113 ἄρχεο

2141 5127 2265 5189 σθαι
2310 5136 2566 5204 ἄμεινον’
2601 5135 2826 5203 ἄμεινον
2867 5132 2926 5186 δὲ
2978 5134 3101 5186 ὅθεν
3139 5133 3470 5205 σαφέστερός
3510 5149 3569 5186 τε
3614 5133 3707 5185 καὶ

2144 5225 2560 5296 ίστορικώτερος
2589 5228 2617 5279 6
2647 5225 2804 5294 λόγος
2832 5225 3145 5296 γενήσεται.

1563 5412 1693 5473 Car.
1728 5412 2038 5474 Dutresmt
2069 5413 2162 5475 Du
2184 5413 2395 5493 Cangii
2427 5419 2616 5476 notae.

548 5555 627 5621 (8)
675 5554 941 5623 Purphyr.
1003 5555 1140 5623 Περὶ
1182 5552 1365 5623 εἴδους
1414 5550 1660 5606 Stobaeus
1728 5549 1872 5619 λόγῳ
1925 5549 2024 5619 ξγ’.

474 5625 674 5680 Athen.
715 5624 751 5676 Ι.
786 5621 880 5677 imi
911 5639 976 5678 ex
1006 5621 1286 5689 Euripide.

547 5694 624 5761 (9)
659 5694 896 5756 Ἀλλοις
913 5690 1393 5761 προσωμιαζήκειν
1419 5689 1660 5761 δεινοῖς.
1687 5690 1856 5746 Annae
1878 5690 2024 5745 cala-

478 5758 695 5821 mitates
727 5777 789 5817 cx
817 5758 966 5833 parte
997 5769 1181 5816 narrat
1207 5759 1422 5814 Nicetas
1465 5760 1516 5813 in
1548 5758 1704 5814 Joan.

2209 5553 2322 5623 (l0)
2359 5555 2655 5621 Τιμόθεος.
2703 5552 2975 5623 Timothei
3021 5551 3327 5606 Citharmdi
3381 5550 3699 5620 praeclarum

2148 5621 2327 5678 esstat
2349 5624 2749 5692 elogium‘apud
2781 5621 3084 5677 Himerium
3115 5623 3452 5692 Sophistaut.

2207 5693 2319 5763 (ll)
2355 5691 2542 5762 Eurip.
2583 5690 2781 5746 Hecub.
2809 5709 2863 5750 νε
2899 5692 3002 5748 518
