4068 6264
254 337 307 401 93
1544 341 1831 403 ALEXIA

1940 340 1963 402 Ξ
1997 342 2150 404 LIB.
2194 343 2246 407 Ι.
3445 336 3518 399 94

176 500 179 507 .
264 452 602 517 παντοδαποῦ,
643 454 820 523 rcapi);
853 448 920 523 ἦν
948 450 1177 508 αὐτόθεν
1198 453 1483 525 τύραννος,
1513 450 1721 514 πολλάς
1766 451 1824 505 δὲ

1940 452 2244 508 temnendis
2285 450 2483 522 copiis,
2517 450 2717 522 partim
2743 466 2808 505 ex
2860 463 2923 505 ea
2975 457 3159 517 gente,
3213 448 3357 505 unde
3401 450 3520 518 ipse

277 546 631 611 ταλαντεὺσεις
671 544 947 615 λαϐούσης
982 545 1082 614 τῆς
1112 545 1222 599 τῶν
1261 544 1558 612 Ῥωμαίων
1620 545 1834 615 ἡγεμο-

276 641 360 703 νίας
380 641 598 694 καὶτῶν
620 640 890 711 Τούρκων
909 640 1221 712 καθυπερτε
1232 642 1515 712 ρησάλιτων
1536 639 1638 709 τῆς
1664 638 1837 709 τύχης

286 732 560 803 Ῥωμαίων,
614 734 732 786 τῶν
781 733 841 785 δὲ
904 733 985 795 εἰς
1039 733 1100 785 τὸ
1174 733 1406 788 κατόπιν
1477 731 1835 801 ὑπαχθέντων

279 827 388 895 ὑπὲρ
408 826 640 895 ψάμμου
672 826 853 878 ποδῶν
897 824 1336 895 ὑποσπαθείσης.
1367 823 1682 894 Ίήνικαῦτα
1737 823 1834 876 καὶ

276 912 397 983 οὗτος
426 922 490 989 τῇ
521 918 776 989 βασιλείᾳ
813 917 1106 988 Ῥωμαίων
1128 917 1379 973 ἐπέθετο.

1938 544 2208 600 oriundus
2238 552 2379 610 erat,
2433 544 2632 613 partim
2664 558 2732 598 ex
2761 543 2871 597 alio
2921 543 3119 611 quovis
3154 555 3356 611 genere
3401 538 3520 594 col-

1939 638 2118 699 lectis.
2150 652 2248 706 pro
2282 653 2341 692 se
2373 652 2484 691 rem
2517 636 2769 707 gerebat,
2797 635 2930 690 nillil
2960 633 3248 704 principali
3300 632 3519 702 fastigio

1934 729 2200 785 humilius
2236 729 2478 799 spirans.
2532 730 2599 782 Et
2643 737 2763 783 erat
2813 727 3071 781 idoneum
3118 724 3519 780 constituendas

1935 821 2210 891 tyrannidi
2255 828 2475 890 tempus
2528 830 2751 883 nactus,
2784 835 2894 889 quo
2926 818 3174 872 Romana
3227 832 3315 871 res
3372 815 3519 870 haud

1931 915 2119 971 dubiis
2161 916 2618 971 inclinationibus
2651 917 2705 971 in
2739 931 2983 986 praeceps
3011 929 3266 984 vergens,
3307 912 3520 965 Turco-

273 1027 371 1065 runt
396 1013 597 1066 recenti
642 1013 874 1066 victoria
901 1011 1168 1067 feracium
1207 1012 1564 1066 incumbente
1598 1009 1844 1074 fortuna,
1887 1009 2051 1079 plane
2096 1021 2156 1065 ut
2208 1011 2458 1081 lapsante
2499 1011 2552 1065 in
2603 1025 2769 1064 arena
2816 1008 3050 1079 vestigio
3104 1007 3278 1077 pugil,
3348 1020 3516 1058 manu

272 1103 489 1172 insuper,
517 1113 570 1156 et
602 1103 807 1157 obnixo
837 1103 1103 1171 impulsus
1128 1101 1362 1170 impetu,
1392 1101 1481 1155 vix
1523 1116 1583 1156 se
1644 1115 1676 1155 a
1744 1113 1878 1153 casu
1920 1102 2255 1158 sustinebat.
2291 1102 2409 1157 Tali
2438 1101 2850 1172 perturbatione
2878 1115 3059 1154 rerum
3105 1100 3291 1152 innata
3344 1098 3524 1154 homi-

268 1196 340 1250 nis
380 1193 627 1260 ambitio,
673 1195 985 1251 occasionis
1040 1194 1369 1249 invitatione
1417 1194 1704 1263 proritata,
1768 1190 1821 1245 in
1863 1203 2107 1261 apertam
2151 1196 2460 1265 usurpandi
2493 1195 2645 1263 regni
2678 1193 2966 1249 audaciam
2992 1191 3195 1261 erupit.

325 1287 423 1342 Καὶ
467 1286 647 1347 ἄλλως
692 1286 793 1355 μὲν
829 1285 905 1339 ὢν
954 1285 1439 1355 τυραννικώτατος
1471 1284 1571 1354 τὴν
1622 1284 1826 1354 ψυχὴν,

264 1379 371 1431 τότε
396 1377 451 1430 δὲ
485 1377 824 1446 καὶ-μᾶλλον
847 1377 1101 1447 ἑξαφθεὶς
1139 1378 1280 1446 πρὸς
1316 1378 1569 1448 καθαρὰν
1622 1393 1830 1448 τυραν-

263 1470 369 1523 νίδα
388 1470 471 1521 διὰ
502 1470 568 1523 τδ
613 1470 860 1539 κατηφὲς
888 1470 999 1522 τῶν
1032 1470 1132 1539 τῆς
1155 1470 1434 1539 βασιλείας
1461 1471 1829 1539 πραγμάτων,

261 1562 321 1615 τά
344 1563 438 1631 τῆς
482 1560 658 1632 Ἐῴας
682 1563 861 1616 πάντα
891 1563 1077 1632 σχεδὸν
1096 1565 1372 1634 ὲληῖσατο.
1408 1564 1627 1617 Πολλῶν
1650 1565 1706 1618 δὲ
1744 1582 1836 1617 πι-

261 1648 581 1703 στευθέντων
606 1650 702 1703 τὶν
726 1651 847 1720 μετ’
880 1651 1045 1705 αὐτοῦ
1073 1654 1311 1723 πόλεμον
1335 1655 1423 1707 ἐπ’
1458 1654 1685 1726 ἀνδρείᾳ
1714 1654 1832 1708 δια-

260 1740 590 1811 ϐεϐοημένωι
642 1744 740 1797 καὶ
782 1746 985 1815 πεῖραν
1052 1746 1526 1816 είσενεγκαμένων
1567 1748 1830 1818 πλείστην

2004 1285 2059 1358 4
2090 1285 2373 1342 Volitabat
2398 1301 2525 1341 cum
2571 1286 2826 1356 expedita
2860 1298 3025 1336 manu
3085 1282 3518 1352 praedabundus,

1932 1388 1990 1434 et
2018 1381 2221 1447 passim
2259 1381 2577 1443 imminens,
2610 1378 3019 1445 hustilibusque
3050 1375 3523 1430 incursationibus

1932 1471 2241 1527 Or‘entales
2302 1471 2413 1525 fere
2474 1470 2706 1525 infestas
2767 1469 3005 1523 habebat
3069 1470 3344 1539 regiones,
3412 1468 3522 1522 vim

1935 1576 2410 1633 quoquoversum,
2444 1568 2829 1629 terroremque
2858 1558 3280 1614 circumferens.
3307 1558 3523 1612 Adver-

1938 1672 2033 1711 sus
2065 1656 2212 1709 hunc
2245 1653 2533 1709 missi'viri
2583 1651 2743 1706 laude
2799 1652 2995 1706 bellica
3055 1651 3325 1717 celebres,
3386 1651 3524 1705 nihil

1941 1750 2045 1805 nisi
2099 1748 2489 1804 conﬁdentiam
2541 1746 2666 1816 ejus
2715 1747 2833 1802 suis
2886 1744 3137 1801 cladibus
3187 1753 3451 1799 auxerant
3506 1762 3523 1801 :

258 1834 482 1904 πολέμου
508 1837 604 1888 καὶ
637 1837 844 1906 μάχης,
869 1836 1033 1899 αὐτὸς
1064 1839 1386 1908 ὑπερπαίων
1432 1840 1685 1908 ἐφαίνετο
1735 1841 1831 1893 καὶ

1940 1845 2142 1913 quippe
2166 1841 2308 1896 alios
2342 1840 2486 1910 ignei
2520 1840 2757 1895 turbinis
2788 1839 2897 1892 ritu
2925 1837 3224 1906 improvisa
3246 1836 3526 1890 celeritate

257 1926 346 1996 τὴν
371 1928 597 1979 ἑκ;ίνων
624 1928 1010 1998 πολυπειρίαν,
1045 1929 1121 2000 πῆ
1162 1930 1259 1999 μὲν
1284 1931 1447 1993 αὐτδς
1470 1932 1831 2000 προσϐάλλων

254 2022 344 2075 καὶ
388 2022 631 2093 τρέπων,
691 2024 781 2076 καὶ
816 2022 1068 2093 καθάπερ
1109 2024 1368 2095 πρηστὴρ
1396 2024 1687 2095 ἐμπίπτων
1714 2029 1830 2089 τοῖς

256 2111 793 2180 ἀντικαθισταμένοις
846 2113 993 2183 αὐτῷ
1022 2151 1038 2176 ,
1084 2114 1162 2182 πῆ
1214 2115 1273 2167 δὲ
1338 2116 1435 2168 καὶ
1493 2116 1818 2187 συμμαχίαν

254 2203 539 2272 λαμϐάνων
570 2204 682 2257 ἀπὸ
715 2204 825 2258 τῶν
858 2205 1141 2275 Τούρκων,
1193 2207 1571 2271 ἀνυπόστατος
1600 2205 1667 2280 ἦν
1709 2210 1831 2272 ταῖς

252 2295 465 2363 ὁρμαῖς,
506 2292 653 2346 ῶστε
679 2293 908 2347 καὶτῶν
938 2294 1083 2349 πάνυ
1113 2295 1463 2363 μεγιστάνων
1483 2296 1635 2357 τινὰς
1664 2311 1837 2347 καται

260 2388 402 2456 σχεῖν
439 2388 535 2440 καὶ
557 2385 657 2448 τὰς
692 2387 924 2440 ἐκείνων
955 2386 1220 2456 κλονῆσαι
1252 2388 1542 2457 φάλαγγας
1572 2404 1587 2419 ο
1632 2389 1721 2441 ὅτε
1766 2388 1831 2458 δὴ

262 2478 351 2531 καὶ
377 2478 482 2532 ὑπὸ
513 2478 767 2547 τάδελφῷ
815 2479 1071 2533 ἐτάττετο
1123 2480 1152 2532 ό
1182 2480 1318 2549 ὲμὸς
1348 2480 1532 2551 πατὴρ
1577 2479 1831 2544 Ἀλέξιος,

262 2570 350 2620 καὶ
376 2570 639 2637 ἄντικρυς
676 2568 1092 2639 ὑπεστρατήγει
1140 2569 1319 2642 τούτῳ
1346 2572 1416 2624 τὰ
1447 2571 1837 2642 στρατεύματα

255 2662 420 2713 πάντα
469 2660 646 2731 Ἐᾡσς
675 2661 767 2715 καὶ
802 2660 1097 2730 Ἐσπερίουε
1123 2663 1327 2733 λήξεως
1345 2664 1834 2735 ἐγκεχειρισμένῳ.

265 2751 410 2805 Ἐπεὶ
448 2752 509 2805 δὲ
545 2753 605 2805 ὲν
630 2755 941 2822 ἀμηχάνοις
973 2750 1041 2826 ἦν
1078 2754 1148 2808 τὰ
1184 2756 1491 2826 πράγματα
1528 2756 1837 2826 τηνικαῦτα

260 2845 551 2915 Ῥωμαίοις
586 2846 683 2900 τοῦ
716 2848 1004 2918 Βαρϐάρου
1029 2850 1223 2903 τούτου
1258 2851 1415 2922 δίκην
1454 2853 1713 2923 κεραινοῦ
1768 2854 1838 2910 τὰ

250 2933 421 2987 πάντα
458 2935 861 3006 ἐπερχομένου,
895 2940 975 2999 είς
1014 2939 1321 3009 ἀξιόμαχον
1368 2942 1837 3000 άντικατάστασιν

251 3029 548 3082 ἐπινοεῖται
600 3032 629 3083 ό
657 3030 995 3100 άξιάγαστος
1036 3027 1195 3098 οὗτος
1265 3031 1529 3102 Ἀλὲειος,
1598 3054 1840 3109 στρατη-

248 3123 337 3191 γδς
352 3123 720 3195 αὐτοκράτωρ
747 3125 854 3179 ὑπὸ
876 3126 972 3179 τοῦ
996 3127 1263 3197 βασιλέως
1280 3129 1504 3200 Μιχαὴλ
1524 3131 1837 3201 άναδεδειγ-

249 3216 403 3284 μένος
437 3215 539 3279 ’ὃς
581 3217 647 3286 δὴ
686 3219 783 3272 καὶ
831 3220 1013 3273 πᾶσαν
1068 3221 1412 3292 ἀνακινήσας
1466 3224 1727 3294 φρόνησιν
1777 3242 1835 3279 τε

246 3309 340 3362 καὶ
374 3309 767 3381 πολυπειρίαν,
814 3315 1196 3386 στρατηγικὴν
1244 3332 1305 3369 τε
1349 3316 1446 3370 καὶ
1509 3325 1837 3386 στρατιωτι-

250 3402 375 3473 κὴν,
405 3404 505 3457 καὶ
533 3403 709 3458 ταῦτα
746 3406 849 3459 οὐκ
883 3406 943 3459 ὲν
969 3408 1149 3477 πολλῷ
1184 3409 1363 3479 χρόνῳ
1410 3410 1618 3482 ταύτην
1648 3412 1839 3465 συλλε-

244 3498 509 3565 ξάμενος.
562 3497 730 3551 Ἀλλὰ
757 3499 869 3569 γὰρ
896 3499 986 3554 διὰ
1018 3500 1079 3554 τὸ
1106 3502 1253 3555 πάνυ
1294 3503 1582 3573 φιλόπονον
1610 3504 1707 3558 τοῦ
1741 3506 1836 3559 ἀν-

240 3587 388 3658 δρὸς.
438 3588 543 3642 καὶ
585 3589 934 3657 πανταχόθεν
977 3590 1288 3662 ἐγρηγορὸς
1326 3595 1408 3657 είς
1441 3594 1613 3664 ἄκρον
1641 3597 1836 3665 ἐληλυ-

241 3679 401 3733 θέναι
452 3682 836 3751 στρατηγικῆς
883 3685 1178 3753 ἐμπειρίας
1237 3689 1349 3751 τοῖς
1390 3689 1501 3741 τῶν
1546 3690 1837 3760 Ῥωμαίων

235 3771 465 3841 λογάσιν
524 3773 723 3841 ἔδοξεν,
772 3768 886 3827 οἷον
933 3775 1183 3845 Αἰμίλιος
1217 3780 1422 3844 ἐκεῖνος
1469 3782 1496 3834 ό
1540 3782 1835 3853 Ῥωμαῖος,

235 3866 422 3929 ὁποῖος
442 3869 475 3921 ό
492 3868 777 3935 Σκηπίων,
796 3862 911 3931 οἷος
939 3868 1187 3934 Ἀννίϐας
1206 3872 1236 3924 ὁ
1267 3874 1657 3946 Καρχηδόνιος.
1682 3877 1839 3930 Νεῶ-

236 3972 405 4018 τατος
435 3956 551 4026 γὰρ
582 3953 672 4027 ἦν,
705 3958 801 4011 καὶ
830 3958 955 4028 ἄρτι
976 3959 1208 4031 πρώτως
1248 3962 1559 4033 ὑπηνήτης,
1596 3966 1624 4017 ὅ
1650 3982 1835 4033 φασιν,

235 4050 333 4103 τόν
361 4069 426 4103 τε
472 4050 776 4121 Οὐρσέλιον
818 4052 1032 4105 ἐκεῖνον
1062 4049 1176 4107 εἷλε
1223 4056 1314 4109 τὸν
1342 4056 1514 4109 πολὺν
1558 4058 1703 4112 κατὰ
1728 4057 1839 4111 τῶν

244 4146 553 4216 Ῥωμαίων
587 4149 802 4215 ῥέοντα,
847 4147 942 4200 καὶ
982 4148 1054 4201 τά
1113 4150 1415 4220 πράγματα
1454 4152 1552 4222 τῆς
1584 4153 1699 4207 Ἕω
1737 4171 1838 4208 κα·-

227 4240 517 4310 ris-rqch
566 4241 629 4292 οὐ
663 4239 885 4294 πολλῶν
913 4240 1127 4309 δεηθεὶς
1163 4245 1410 4316 ἡμερῶν.
1440 4241 1551 4300 Ἦν
1573 4247 1684 4319 γὰρ
1743 4250 1839 4304 καὶ

225 4332 361 4397 ὀξὺς
391 4334 661 4402 φωρᾶσαι
688 4333 749 4385 τὸ
769 4333 1072 4405 ξυμφέρον,
1098 4336 1193 4389 καὶ
1231 4336 1487 4408 ὀξύτερος
1540 4340 1838 4411 καταπρά-

228 4424 463 4490 ξασῦαι.
498 4426 639 4480 Τίνα
670 4426 729 4479 δὲ
788 4427 887 4480 τὸν
930 4428 1132 4497 τρόπον
1200 4421 1349 4483 εἷλεν
1410 4432 1639 4497 ἐκεῖνον,
1688 4434 1841 4503 δηλοῖ

1938 1940 2161 1992 irruens
2226 1935 2562 2005 perculerat,
2616 1932 2778 1994 alios,
2839 1929 3065 1985 auxiliis
3114 1929 3215 1984 sibi
3271 1928 3525 1982 Turcieis

1936 2031 2233 2099 adiunctis,
2291 2029 2443 2097 justa
2472 2027 2585 2096 jam
2619 2027 2735 2080 acie
2763 2040 2933 2079 ausus
2965 2022 3226 2093 congredi
3262 2022 3478 2077 fuderat
3508 2042 3522 2078 :

1936 2123 2217 2177 nommllis
2249 2136 2467 2191 quoqtte
2516 2120 2728 2189 captis;
2786 2131 2966 2185 neque
3024 2118 3174 2170 enim
3227 2115 3527 2185 phalanges

1936 2213 2351 2270 ineluctabilcm
2421 2212 2569 2264 illam
2623 2224 2804 2271 suam,
2870 2213 2973 2262 isto
3031 2217 3226 2262 contra
3295 2207 3524 2271 nitente,

1938 2307 2074 2362 satis
2108 2312 2389 2375 praestare
2424 2302 2736 2355 lirmltatem
2772 2306 3043 2369 poterant.
3080 2297 3186 2353 Per
3222 2298 3274 2353 id
3308 2306 3527 2365 tempus

1940 2399 2276 2455 exercitibus
2302 2405 2412 2451 tam
2442 2392 2764 2454 Orientalis,
2805 2406 2967 2460 quam
3016 2389 3247 2444 Occidui
3286 2390 3522 2445 limitum

1940 2493 2126 2564 patrui
2178 2494 2282 2545 mei
2314 2487 2655 2559 pmfeeturte
2705 2483 3072 2548 demandatis,
3114 2483 3341 2536 Alexius
3372 2491 3529 2551 pater

1941 2603 2118 2647 meus.
2148 2584 2336 2640 fratris
2360 2581 2623 2652 auspiciis
2665 2580 2949 2647 ductuque
3005 2572 3524 2630 militabat.Verum

1940 2685 2242 2752 impexator
2274 2677 2531 2739 Michael,
2566 2689 2691 2729 cum
2724 2672 2907 2725 omnia
2939 2684 3162 2740 pessum
3212 2683 3377 2723 ruere
3402 2683 3527 2722 cer-

1941 2783 2119 2838 neret,
2154 2775 2396 2828 Barbare
2433 2771 2540 2824 isto
2582 2775 2781 2823 cuncta
2814 2764 3143 2835 pernicitate
3186 2777 3249 2818 ac
3284 2761 3528 2831 pernicie

1943 2866 2204 2921 fulminea
2260 2863 2649 2934 pervolitante,
2706 2860 2925 2927 lateque
2976 2865 3248 2921 vastante,
3304 2853 3528 2926 proprio

1939 2961 2120 3028 ipsum
2175 2956 2440 3012 exercitui
2498 2970 2624 3010 cum
2680 2966 2895 3009 summa
2952 2957 3229 3021 potestate
3295 2962 3529 3016 prmesse

1938 3051 2129 3120 iussit,
2167 3058 2220 3105 et
2249 3051 2294 3103 si
2330 3064 2436 3118 qua
2470 3054 2681 3117 posset,
2733 3044 3006 3115 grassanti
3053 3043 3191 3112 pesti
3239 3042 3529 3098 obsistere.

1946 3145 2039 3200 llis
2064 3144 2236 3213 cepiis
2261 3149 2315 3198 et
2345 3141 2619 3196 mandatis
2645 3140 2863 3193 Alexius
2892 3136 3131 3206 acceptis
3157 3135 3267 3187 vim
3310 3147 3529 3187 omnem

1941 3245 2105 3307 atque
2135 3233 2464 3289 industriam
2507 3231 2735 3286 solertis
2776 3229 2944 3283 animi
2998 3226 3267 3294 fortisque
3293 3222 3532 3292 pectoris

1940 3330 2005 3383 ad
2058 3344 2170 3383 rem
2230 3329 2370 3382 bene
2422 3324 2721 3395 gerendam
2773 3320 3011 3377 intendit
3054 3317 3533 3390 :praeferebatque

1936 3422 2048 3493 jam
2082 3421 2136 3475 in
2176 3420 2287 3475 illis
2319 3418 2511 3489 primis
2554 3413 2951 3484 experimentis
3002 3411 3304 3467 bellatricis
3350 3409 3533 3463 adole-

1940 3513 2186 3577 scentiae,
2210 3511 2296 3565 vix
2323 3511 2452 3565 dum
2482 3508 2726 3579 primore
2748 3504 3007 3575 lanugine
3034 3504 3207 3558 malas
3232 3500 3529 3572 signantis,

1939 3607 2082 3662 haud
2125 3604 2354 3659 dubium
2386 3603 2566 3656 instar
2613 3600 3023 3655 dilaudatorum
3078 3597 3298 3650 illorum
3350 3592 3533 3646 nomi-

1938 3713 2066 3752 num
2099 3694 2336 3756 IEmilii,
2366 3692 2755 3760 Scipionisque
2787 3689 3184 3751 Romanorum,
3216 3692 3270 3738 et
3300 3682 3532 3737 Cartha-

1938 3788 2185 3854 ginensis
2212 3783 2524 3842 Annibalis,
2552 3795 2786 3849 quorum
2813 3776 3172 3831 fortissimam
3201 3774 3523 3843 patientiam

1938 3878 2216 3940 laborum,
2271 3884 2326 3928 et
2375 3887 2650 3939 nusquam
2719 3868 3107 3923 conniventem
3170 3863 3531 3935 providentiae

1940 3969 2181 4036 vigiliam
2218 3964 2512 4021 atmulatus
2541 3970 2627 4017 est
2665 3969 2815 4015 tanta
2845 3958 3128 4020 felicitate,
3163 3965 3223 4011 ut
3249 3956 3528 4012 Urselimn

1940 4071 2074 4116 tunc
2101 4060 2255 4115 illum
2294 4056 2529 4112 torrenti
2564 4054 2922 4109 victoriarum
2958 4066 3127 4106 cursu
3167 4051 3529 4120 pra‘cipitem,

1941 4164 2302 4223 mentemque
2337 4166 2559 4223 pessum
2597 4151 2719 4220 eius
2751 4148 2994 4217 impulsu
3050 4145 3352 4200 Romanam
3390 4159 3530 4196 rem.

1944 4260 2245 4317 paucorum
2282 4257 2448 4312 opera
2488 4242 2702 4296 dierum
2741 4256 2887 4295 unus
2925 4241 3090 4292 homo
3133 4237 3374 4291 sisteret.
3407 4235 3535 4287 Erat

1939 4339 2085 4395 enim
2149 4346 2263 4389 tum
2311 4335 2449 4388 mire
2512 4333 2807 4403 perspicax
2864 4332 2931 4386 ad
2990 4330 3174 4387 statim
3236 4328 3533 4383 videndum

1941 4432 2072 4502 quid
2110 4434 2391 4498 oporteret
2449 4428 2588 4492 fieri,
2632 4436 2746 4480 tum
2804 4426 2868 4479 ad
2925 4424 3068 4479 idem
3121 4421 3532 4491 exsequendum

228 4520 337 4586 ph
368 4521 474 4573 καὶ
502 4522 725 4589 Καῖσαρ
748 4522 808 4573 ὲν
834 4523 900 4592 τῇ
933 4520 1166 4593 δευτέρᾳ
1189 4525 1287 4593 τῆς
1315 4523 1438 4577 κατ’
1463 4525 1631 4579 αὑτὸν
1668 4524 1835 4578 Ἰστο-

1947 4524 2109 4578 etiam
2145 4523 2472 4591 promptior.
2509 4520 2628 4585 Qua
2683 4534 2814 4573 vero
2856 4519 3084 4573 Alexius
3132 4514 3410 4572 Urselimn
3447 4530 3535 4567 ra-

226 4612 366 4678 ρίας
414 4612 588 4681 βίϐλῳ
645 4614 986 4683 πλατύτερα,
1042 4614 1358 4685 δηλώσομεν
1411 4616 1468 4669 δὲ
1532 4619 1625 4671 καὶ
1677 4618 1843 4688 ἡμεῖς

224 4704 315 4769 ἐφ’
354 4706 492 4757 ὅσον
529 4707 612 4769 είς
645 4706 747 4759 τὶην
780 4706 911 4759 καθ’
946 4706 1097 4776 ἡμᾶς
1133 4707 1380 4779 ίστορίαν
1411 4710 1765 4781 συνήνεγκεν.

304 4887 483 4955 Ἀρτι
509 4884 623 4956 γὰρ
653 4884 749 4939 τοῦ
777 4885 1071 4957 Βαρϐάρω
1108 4886 1326 4957 Taurth
1354 4887 1418 4940 ὲκ
1446 4887 1558 4941 τῶν
1608 4887 1842 4957 pauor:-

234 4991 352 5041 ρων
384 4978 492 5045 τῆς
519 4977 819 5045 ’Δνατολῆς
858 4975 1048 5047 μερῶν
1086 4978 1516 5046 κατεληλυθότος
1550 4978 1695 5048 μετὰ
1745 4978 1843 5049 βα-

245 5069 500 5134 ρυτάτου
573 5068 992 5138 στρατεύματος
1051 5068 1137 5136 ἐφ’
1194 5062 1336 5136 ᾧτά
1393 5070 1503 5124 τῶν
1555 5071 1845 5143 Ῥωμαίων

231 5154 556 5224 ληῒζεσθαι,
585 5162 615 5214 ό
662 5160 984 5229 Οὑρσέλιος,
1024 5159 1296 5224 πολλάκις
1338 5162 1443 5215 ὑπὸ
1470 5161 1566 5215 τοῦ
1619 5181 1847 5234 στρατο-

237 5252 528 5323 πεδάρχου
588 5253 1142 5323 στενοχωρούμενος,
1197 5254 1294 5307 καὶ
1354 5255 1490 5309 ἄλλα
1518 5256 1608 5311 ἐπ’
1662 5256 1846 5320 ἄλλοις

235 5346 487 5417 φρούρια
544 5347 1005 5419 ἀφαιρούμενος,
1066 5347 1246 5401 καίτοι
1323 5350 1586 5419 στρατιὰν
1643 5350 1847 5422 πολλὴν

239 5436 587 5512 ἑπαγόμενος
620 5444 719 5495 καὶ
751 5442 968 5503 πάντας
1002 5438 1274 5510 λαμπρῶς
1310 5443 1407 5496 καὶ
1449 5444 1712 5512 γενναίως
1742 5462 1841 5498 κα⁹

228 5528 685 5605 θωπλισμένους,
734 5530 1060 5603 εὐμηχανίᾳ
1107 5533 1258 5602 παρὰ
1301 5533 1437 5587 πολὺ
1492 5536 1694 5606 ἡττᾶτο
1750 5534 1846 5590 τοῦ

221 5624 354 5692 μοῦ,
389 5628 611 5699 πατρὸς
641 5625 914 5690 Ἀλεξίου.
950 5622 1109 5685 Τέως
1137 5624 1185 5677 δ’
1217 5619 1311 5677 οὖν
1341 5625 1429 5679 ἐπ’
1466 5627 1644 5681 ἐκεῖνο
1675 5645 1848 5681 κατα-

213 5723 423 5783 ςιυγεῖν
454 5719 602 5785 ἔδοξε
652 5716 1028 5769 τελευταῖον’
1074 5716 1191 5778 τοῖς
1245 5717 1412 5769 πᾶσιν
1464 5716 1843 5789 ἐξαπορούμε-

204 5826 297 5875 va;
332 5812 707 5885 ξολμμίτνυσι
733 5807 815 5881 τῷ
844 5805 1098 5877 Τουτὰχ,
1135 5809 1228 5862 καὶ
1260 5807 1420 5876 φίλον
1445 5811 1703 5880 ποιεῖται,
1751 5809 1845 5865 καὶ

1952 4613 2097 4667 tione
2129 4611 2357 4679 ceperit,
2385 4609 2613 4679 exponit
2638 4607 2821 4663 Caesar
2874 4611 2927 4662 in
2979 4609 3225 4663 secundo
3279 4604 3537 4660 Historiae

1951 4720 2065 4761 suae
2116 4703 2257 4757 libro
2290 4701 2470 4758 fusius
2518 4721 2531 4757 :
2580 4702 2934 4756 narrabimus
2979 4710 3036 4755 et
3086 4716 3207 4764 nos,
3264 4708 3536 4768 quatenus

1953 4795 2020 4849 ad
2054 4806 2302 4850 nostram
2339 4808 2560 4864 quoque
2590 4793 2880 4847 historiam
2918 4791 2973 4846 id
3013 4790 3250 4846 confert.

2021 4885 2261 4940 Moverat
2318 4901 2381 4940 ex
2436 4884 2833 4938 remotioribus
2876 4880 3117 4937 Orientis
3171 4880 3423 4949 partibus
3476 4880 3545 4933 im

1951 4978 2231 5033 Romanos
2264 4976 2398 5032 ﬁnes
2430 4976 2629 5032 infesta
2670 4976 2827 5046 signa
2862 4974 3134 5029 Barbarus
3163 4972 3372 5027 Tutach
3410 4986 3545 5025 cum-

1946 5071 2130 5127 valido
2175 5080 2229 5127 et
2289 5070 2485 5141 praedae
2527 5069 2732 5140 cupido
2783 5068 3032 5122 exercitu
3072 5082 3086 5118 :
3128 5081 3240 5134 quo
3287 5072 3547 5131 tempore

1946 5163 2247 5229 Urselium,
2282 5166 2496 5234 magnis
2520 5164 2651 5218 licet
2705 5173 2759 5217 et
2794 5163 3043 5231 speciose
3086 5158 3419 5225 robusteque
3447 5169 3549 5207 ar.

1946 5260 2111 5316 matis
2149 5259 2482 5312 instructum
2543 5255 2743 5325 copiis,
2805 5254 3031 5307 Alexius
3082 5245 3354 5302 industria
3421 5261 3539 5298 non

1920 5352 2128 5406 ‘tninus
2168 5349 2415 5417 propria,
2475 5340 2641 5418 quam
2691 5345 2965 5415 legionum
3024 5354 3125 5394 suo
3169 5336 3357 5392 ductui
3410 5352 3546 5404 per-

1951 5444 2244 5499 missarum
2284 5442 2333 5495 vi
2365 5441 2629 5501 adortus,’
2656 5438 2709 5491 in
2744 5449 2968 5503 magnas
3002 5430 3207 5486 sensim
3245 5430 3546 5499 angustias

1951 5534 2261 5604 redigebat,
2303 5531 2427 5587 aliis
2456 5530 2689 5586 subinde
2716 5534 2881 5595 atque
2900 5523 3025 5579 aliis
3049 5529 3103 5576 et
3131 5520 3545 5577 munitionibus

1950 5624 2294 5689 auferendis,
2324 5638 2426 5677 nec
2459 5622 2572 5693 jam
2608 5620 2723 5674 fere
2750 5617 2983 5672 ulterius
3018 5611 3307 5668 recedendi
3348 5614 3542 5680 spatio

1952 5718 2172 5773 relicto.
2215 5714 2307 5769 Sic
2355 5714 2445 5766 ille.
2492 5711 2899 5781 deprehensus,
2962 5703 3291 5771 consiliique
3343 5704 3531 5772 inops,

1952 5811 2170 5869 tandem
2204 5808 2271 5866 ad
2304 5808 2614 5864 Tutaohum
2650 5803 2764 5859 adit
2801 5820 2812 5857 :
2845 5802 2909 5858 ab
2957 5810 3134 5868 eoque
3178 5794 3427 5858 deliuito,
3458 5807 3527 5846 ac
