4068 6264
521 311 588 376 91
1813 316 2045 376 ΑΝΝᾸΕ
2083 313 2468 376 ΕΟΜΝΕΝΛΞ

3699 295 3780 382 is

533 434 594 491 Is
617 449 750 492 eum
771 431 1082 492 ministris
1111 431 1194 491 Bo
1207 431 1462 492 taniatce
1490 429 1684 492 tradit
1711 449 1746 488 a
1772 430 1996 508 quibus
2021 439 2390 508 exctecatur.
2419 429 2674 490 Alea-ius
2695 428 3080 490 acclamatur
3103 428 3400 491 Sebastus
3431 431 3502 490 in
3527 443 3770 496 senatu.

533 510 901 587 Imprudens
929 511 1260 571 consilium
1299 510 1628 570 Michaelis
1664 507 1848 568 Duco:
1875 510 2068 588 ﬁliam
2103 507 2356 569 Roberti
2386 509 2693 588 Normani
2719 508 2850 586 ﬁlio
2877 527 2988 568 suo
3027 508 3486 588 despondentis.
3517 509 3779 574 Roberti

527 585 770 664 patria,
818 589 1104 665 fortuna,
1143 587 1408 658 indoles,
1441 588 1616 648 dotes
1655 591 1850 650 animi
1876 585 1942 647 et
1973 589 2278 665 corporis.
2319 588 2378 648 E
2405 587 2646 648 latrone
2675 585 2746 666 ﬁt
2775 605 2964 665 gener
2987 585 3363 648 Mascabelis
3392 585 3567 648 ducis
3595 589 3775 652 valde

525 668 799 743 potentis
831 668 898 727 in
931 667 1142 730 Italia.
1179 669 1474 746 Socerum
1503 665 1862 745 proditione
1895 667 2469 746 capit,ea‘cruciat,
2512 665 2796 746 excaecat.
2823 666 2995 746 ‘Ejus
3035 666 3272 727 ditione
3294 667 3568 746 potitur.
3621 669 3776 746 ﬁnes

525 756 863 826 propagat.
910 747 1252 826 Imperium
1285 743 1556 826 affectat.
1593 747 1912 806 Prmtextu
1943 743 2024 826 ad
2054 745 2120 805 id
2147 745 2354 804 utitur
2399 743 3011 826 Rseudo-Michaelis
3061 743 3371 804 monachi.
3400 745 3591 826 Quem
3621 743 3772 824 ipse

531 823 926 884 subarnarat.
985 825 1201 884 Status
1263 823 1474 883 rerum
1533 827 1805 900 Europo?
1852 823 2122 886 Roberto
2175 823 2558 901 commodus.
2597 823 2899 899 Pontifex
2952 824 3267 883 Romanus
3313 832 3372 881 et
3423 823 3770 901 imperator

533 901 881 981 Germanice
913 903 1082 962 inter
1107 923 1168 962 se
1201 904 1437 980 infensi
1467 903 1726 962 Roberti
1759 904 2032 981 gratiam
2076 901 2380 981 ambiunt.
2421 900 2639 962 Foedus
2667 902 2780 981 icit
2816 919 2950 961 cum
2985 903 3299 981 pontiﬁce.
3339 900 3532 980 Cujus
3555 919 3770 981 preces

532 979 749 1042 eludit.
789 982 902 1040 Rei
932 1000 1056 1042 sua:
1085 979 1385 1042 intentus.
1432 979 1822 1042 Baimundus
1849 982 2110 1042 Roberti
2140 980 2310 1058 ﬁlius
2347 984 2527 1057 patri
2555 979 2928 1041 simillimus.
2961 979 3263 1040 Aulonem
3303 979 3584 1058 occupati,
3621 979 3772 1040 late-

509 1077 642 1136 que
682 1062 916 1119 circum
949 1069 1152 1119 rastat
1205 1061 1436 1120 omnia.
1467 1061 1665 1123 Gaitw
1693 1063 1916 1121 ua'oris
1953 1057 2212 1121 Boberti
2245 1059 2454 1120 virilis
2485 1061 2750 1120 animus;
2779 1058 3089 1120 Robertus
3119 1057 3538 1130 Brundusium
3574 1062 3763 1122 renit.

527 1137 690 1216 Raiil
735 1136 973 1216 legatus
1003 1159 1040 1198 a
1069 1139 1338 1199 Roberto
1373 1137 1986 1216 Constantinopolim
2015 1139 2260 1200 missus.
2309 1137 2462 1198 Inde
2501 1145 2819 1216 revertens
2851 1136 3172 1198 dissuadet
3217 1136 3464 1211 bellum,
3496 1146 3552 1196 et
3609 1139 3771 1216 iram

531 1215 598 1274 in
644 1235 706 1274 se
763 1213 1016 1296 Roberti
1067 1219 1280 1288 vertit,
1337 1237 1520 1296 quam
1569 1219 1727 1296 fuga
1783 1213 2076 1279 declinat.
2132 1215 2708 1296 Pseudo-monachi
2755 1218 3016 1296 rectoris
3066 1213 3773 1296 impotentia._Roberti

527 1296 712 1375 uarro
743 1293 1393 1375 simulatiosNaviunt
1429 1305 1482 1355 et
1513 1293 1782 1356 militum
1825 1296 2084 1356 Roberti
2109 1313 2426 1375 numerus.
2473 1293 2904 1375 Brundusium
2937 1313 3049 1375 cur
3095 1295 3388 1375 trajectui
3438 1293 3690 1375 electum
3735 1315 3775 1354 a

527 1370 820 1452 Roberto.
887 1373 1178 1452 Corypho
1230 1373 1381 1434 urbs
1431 1393 1470 1432 a
1521 1375 1792 1434 Roberto
1835 1381 2160 1451 occupata.
2216 1373 2740 1452 Monomachatus
2789 1370 3418 1452 factioneiBo'riliiet
3477 1371 3776 1452 Germani

527 1451 899 1531 amandatus
949 1448 1386 1530 Dyrrachium.
1437 1452 1661 1513 Alexio
1709 1448 2008 1530 pecunias
2049 1460 2254 1531 negat.
2295 1450 2568 1512 Roberto
2626 1448 2798 1528 spem
2849 1451 3012 1528 facit
3075 1451 3418 1530 Dyrrachii
3477 1448 3765 1512 dedendi.

523 1527 859 1590 Exarcltos
886 1527 1192 1607 prciterea
1235 1532 1552 1592 Dalmatas
1590 1527 1724 1593 sibi
1747 1531 2042 1592 conciliat

1826 1855 2301 1995 ΑΛΕΞΙΑΣ
2355 1911 2446 1994 A'

593 2244 645 2314 3
701 2243 996 2312 Imperator
1043 2244 1267 2298 Alexius
1353 2253 1509 2315 pater
1551 2261 1712 2302 meus
1753 2248 1920 2302 etiam
1975 2257 2104 2303 ante
2133 2259 2180 2312 Α

521 2346 740 2405 sumpta
779 2336 1122 2404 principatus
1156 2347 1389 2404 sceptra,
1439 2353 1693 2405 magnum
1733 2339 1946 2407 imperii
1983 2340 2091 2393 ﬂo-

521 2427 666 2480 mani
713 2435 1098 2480 ornamentum
1155 2433 1210 2479 et
1259 2426 1664 2482 ﬁrmamentum
1711 2429 1837 2482 fuit.
1881 2427 2118 2483 Militia:-

520 2516 835 2570 rudimenta
877 2517 1058 2584 posuit
1094 2517 1198 2570 sub
1239 2515 1485 2570 Romano
1524 2519 1761 2587 Diogene
1796 2533 1810 2570 :
1863 2520 1950 2572 cui
1993 2535 2096 2574 an-

521 2623 720 2662 norum
757 2625 867 2664 non
913 2610 1034 2676 plus
1078 2609 1496 2676 qualuordecim
1550 2612 1889 2676 adolescens,
1937 2612 2094 2668 labo-

517 2700 885 2755 riosissimum
929 2700 1560 2769 periculosissimamque
1583 2699 1637 2756 in
1684 2701 1878 2756 Persas
1919 2719 2090 2771 expe-

520 2791 786 2844 ditionem
821 2792 1068 2857 ducenti,
1093 2807 1305 2848 summa
1323 2794 1604 2848 voluntate
1628 2809 1688 2849 se
1705 2793 2087 2849 discriminum

518 2883 732 2937 socium
772 2884 1054 2953 adiunxit:
1093 2886 1380 2940 miriﬁcam
1410 2885 1521 2954 jam
1557 2894 1670 2939 tum
1701 2887 1768 2940 ad
1807 2903 1896 2943 res
1930 2867 2091 2942 belli-

521 2991 614 3030 cas
669 2976 848 3028 fronte
903 2976 1021 3044 ipsa
1072 2977 1310 3030 indolem
1355 2979 1675 3047 praeferens,
1721 2981 2090 3049 periculisque

519 3067 931 3135 promptissime
1022 3067 1308 3132 adeundis,
1385 3081 1439 3124 et
1489 3079 1687 3125 caetera
1763 3073 2089 3127 strenuitate

519 3158 680 3212 facile
710 3159 1008 3214 ostendens
1043 3173 1184 3226 sese,
1214 3161 1300 3215 ubi
1335 3177 1529 3231 pugnae
1575 3164 1734 3231 copia
1780 3179 1906 3218 cum
1957 3164 2092 3218 Bar-

513 3249 664 3304 baris
708 3251 880 3316 ﬂeret,
931 3267 1158 3322 magnas
1216 3269 1404 3307 eorum
1463 3264 1679 3325 strages
1739 3254 1921 3326 gladio
1992 3255 2089 3310 da-

515 3349 721 3394 turum.

586 3433 853 3489 Caeterum
884 3435 994 3504 jam
1023 3451 1377 3506 progressum
1409 3439 1776 3508 aliquousque
1807 3439 2002 3508 pietas,
2029 3449 2084 3494 ct

515 3525 780 3594 principis
835 3526 1122 3594 imperium
1192 3528 1412 3582 domum
1484 3529 1781 3584 revocavit.
1845 3530 2089 3596 Lugebat

2285 2253 2346 2307 '0
2401 2253 2663 2313 Βασιλεὺς
2704 2253 2941 2316 ’Δλέξιος
2989 2252 3086 2307 καὶ
3114 2254 3248 2322 έμδς
3296 2257 3478 2327 πατὴρ
3519 2259 3612 2312 καὶ
3667 2259 3774 2330 πρδ

2201 2345 2296 2399 τοῦ
2323 2346 2431 2400 τῶν
2471 2349 2766 2416 σκήπτρων
2814 2346 3146 2415 ἐπειλῆφθαι
3171 2345 3275 2417 τῆς
3311 2347 3588 2418 βασιλείας
3630 2351 3772 2420 μέγα

2199 2438 2392 2504 ὄφελος
2417 2438 2493 2502 (l)
2511 2441 2575 2508 τῇ
2603 2437 2850 2507 βασιλείᾳ
2884 2439 3170 2505 Ῥωμαίων
3187 2439 3499 2509 γεγένηται.
3529 2441 3772 2512 Ἤρξατο

2206 2528 2303 2599 μὲν
2333 2528 2441 2596 γὰρ
2481 2529 2798 2597 στρατεύειν
2825 2529 2914 2580 ἐπὶ
2952 2529 3237 2598 Ῥωμανοῢ
3266 2529 3363 2582 τοῦ
3427 2521 3716 2598 Διογένους
3752 2549 3768 2564 ο

2201 2621 2516 2690 Θαυμαστὸς
2546 2622 2656 2689 γὰρ
2687 2619 2942 2686 ἐφαίνετο
2977 2620 3034 2673 ἒν
3063 2623 3176 2684 τοῖς
3207 2623 3326 2674 κατ’
3363 2623 3526 2676 αὐτὸν
3559 2625 3654 2676 καὶ
3685 2643 3772 2692 φι-

2200 2711 2659 2774 λοκινδυνότατος.
2685 2706 2853 2774 Οὗτος
2865 2713 2994 2782 γὰρ,
3015 2714 3602 2782 τεσσαρεσκαιδεκάτου
3619 2715 3773 2780 ἔτους

2201 2803 2276 2858 ὢν
2319 2806 2442 2858 κατ’
2473 2807 2652 2856 έκεῖνο
2684 2804 2900 2871 καιροῦ,
2969 2805 3460 2873 συνεκστρατεύειν
3509 2806 3773 2875 ἠπείγετο

2197 2897 2276 2967 τῷ
2304 2895 2516 2966 βασιλεῖ
2551 2898 2796 2963 Διογένει
2822 2897 2962 2950 κατά
2982 2897 3208 2967 Περσῶν
3236 2897 3550 2967 βαρυτάτην
3582 2898 3770 2966 ἄγοντι

2198 2988 2480 3058 στρατιὰν,
2499 2989 2595 3041 καὶ
2624 2989 2730 3042 ἀπό
2753 3006 2814 3056 γε
2836 2988 2992 3046 τοῦδε
3026 2991 3338 3059 μηνίματος
3365 2991 3594 3059 ἀπειλὴν
3627 2993 3771 3046 κατὰ

2197 3077 2306 3130 τῶν
2348 3077 2650 3148 Βαρϐάρων
2677 3078 2982 3146 ἐμφαίνων,
3013 3080 3107 3130 καὶ
3137 3077 3213 3140 ὡς
3241 3079 3290 3130 εἰ
3311 3078 3770 3146 συμπλακήσεται

2197 3171 2312 3230 τοῖς
2352 3168 2661 3238 Βαρὸἀροις
2707 3170 2768 3222 τὸ
2821 3167 2972 3236 ξίφος
3031 3169 3197 3222 αὐτοῦ
3263 3169 3486 3238 μεθύσει
3537 3170 3633 3238 ἀφ’
3681 3169 3770 3224 αϊ-

2199 3277 2368 3329 ματος
2393 3276 2408 3292 ·
2447 3259 2620 3322 οὕτως
2651 3255 2718 3328 ἦν
2741 3257 3103 3328 φιλοπόλεμος
3134 3262 3162 3312 ὁ
3196 3259 3499 3322 νεανίσκος.

2285 3438 2446 3492 Ἀλλά
2477 3439 2596 3490 τότε
2631 3437 2730 3489 οὐκ
2764 3436 3103 3508 ἐξεχώρησεν
3137 3438 3166 3490 ὀ
3187 3437 3546 3508 αὐτοκράτωρ
3568 3438 3762 3507 Διογέαι

2200 3547 2298 3598 νης
2358 3530 2504 3598 αὐτῷ
2563 3529 2912 3594 ξυνέπεσθαι,
2962 3529 3056 3581 ire
3113 3530 3319 3592 πάθους
3369 3529 3772 3594 καταλαϐόντος

517 3626 634 3670 tum
677 3617 796 3686 ejus
852 3629 1026 3672 mater
1071 3619 1492 3688 primogenitum
1547 3637 1732 3685 suum,
1785 3622 2087 3676 Manuelcm

2193 3622 2292 3690 τὴν
2327 3620 2537 3689 μητέρα
2601 3619 2907 3688 βαρυτάτου
2935 3636 2948 3651 ·
2986 3619 3202 3692 ἐθρήνει
3228 3623 3336 3690 γάρ
3373 3621 3434 3672 τὸ
3465 3621 3771 3689 τηνικαῦτα

515 3708 874 3772 exstinctum,
920 3711 1174 3774 juvenem
1204 3712 1415 3766 eximiae
1449 3711 1810 3777 fortitudinis,
1830 3723 1884 3767 et
1913 3715 2090 3768 maxi-

521 3803 624 3854 iis
655 3815 829 3868 nuper
855 3803 1018 3856 rebus
1045 3804 1263 3870 publice
1296 3805 1557 3872 probatae.
1591 3805 1646 3858 ld
1691 3815 1954 3876 reputans
1984 3807 2088 3860 im-

515 3901 736 3960 perator
759 3893 1010 3946 Alexium
1041 3909 1268 3963 pergere
1293 3895 1530 3951 ulterius
1570 3912 1758 3952 secum
1795 3900 1988 3966 vetuit,
2020 3916 2090 3956 ne

515 3992 780 4038 matrona!
815 3984 1032 4039 miserm
1061 3987 1426 4042 calamitatem
1469 3997 1696 4054 augeret
1721 3991 1774 4044 in
1813 4007 1930 4047 eam
1964 4008 2090 4062 gra-

511 4075 757 4140 vitatem,
785 4091 906 4144 qua:
942 4078 1380 4132 consolationem
1416 4079 1614 4132 deinde
1656 4095 1764 4134 non
1816 4091 2036 4151 caperet
2069 4099 2085 4137 :

513 4165 557 4218 si
601 4165 650 4218 ei
698 4166 1044 4228 deliberanti,
1096 4169 1186 4220 ubi
1243 4167 1476 4221 filiorum
1528 4170 1758 4223 alterum
1812 4173 2087 4240 sepeliret,

513 4257 654 4310 alter
698 4256 751 4310 in
787 4257 994 4312 incerta
1057 4259 1324 4314 bellorum
1379 4259 1768 4326 abduceretur,
1811 4261 1974 4330 forte,
2029 4275 2088 4320 ut

511 4355 643 4402 sunt
673 4347 1080 4415 expeditionum
1117 4349 1538 4419 longinquarum
1579 4367 1766 4418 casus,
1811 4354 1883 4408 ibi
1921 4370 2088 4410 occu-

511 4440 750 4502 biturus,
781 4440 926 4493 unde
957 4454 1058 4493 nec
1078 4440 1184 4494 loci
1219 4441 1407 4494 notitia
1443 4444 1728 4510 pervenire
1759 4443 1828 4498 ad
1855 4453 2084 4498 matrem

513 4538 720 4600 posset.
753 4529 826 4582 Ea
861 4545 1026 4585 causa
1057 4531 1528 4600 regredimlexium
1553 4533 1730 4604 coegit
1751 4571 1768 4596 ,
1803 4549 1936 4588 sane
1957 4549 2084 4603 per—

516 4621 772 4684 invitum,
831 4631 884 4677 et
914 4637 943 4676 a
971 4623 1402 4678 commilitonum
1435 4625 1832 4680 consuetudine
1861 4641 2001 4696 aegre
2025 4643 2092 4682 se

515 4715 865 4770 avellentem.
919 4717 988 4770 At
1037 4727 1252 4786 tempus
1304 4719 1429 4772 inde
1481 4733 1829 4788 consequens
1867 4719 2085 4776 abunde

514 4825 771 4880 magnum
824 4808 1037 4864 bellicis
1077 4809 1196 4876 ejus
1245 4807 1589 4866 facinoribus
1623 4825 1807 4879 sequar
1847 4811 2080 4878 aperuit.

497 4901 646 4958 Nam
684 4903 984 4970 imperante
1013 4917 1136 4956 mos
1175 4901 1441 4958 Michaele
1491 4901 1640 4958 Duca
1683 4913 1806 4974 post
1851 4903 2080 4959 abdica-
2107 4939 2152 4998 ο

510 4995 715 5050 tionem
768 4993 1044 5060 Diogenis,
1105 5003 1306 5063 quanta
1361 5003 1507 5050 esset
1553 4994 1849 5062 fortitudo,
1888 4997 2086 5064 proba-

513 5087 587 5140 vit
617 5087 780 5140 rebus
817 5085 1084 5139 adversns
1137 5085 1405 5140 Urselium
1455 5086 1729 5154 gerendis.
1789 5089 1840 5142 is
1897 5088 2086 5143 Gallus

2193 3709 2420 3762 θάνατον
2451 3709 2543 3760 τοῦ
2580 3709 2924 3770 πρωτοτόκου
2980 3706 3100 3761 υίοῦ
3155 3707 3413 3778 Μανουὴλ
3441 3707 3540 3778 (Ξ),
3573 3710 3770 3779 ἀνδρὸς

2194 3799 2406 3868 μεγάλα
2438 3799 2532 3852 καὶ
2579 3799 2885 3866 ἁξιάγαστα
2931 3799 3068 3870 ἔργα
3124 3799 3531 3868 ὲνδεδειγμένου
3565 3803 3632 3872 τῇ
3656 3803 3768 3854 τῶν

2199 3890 2492 3960 Ῥωμαίων
2537 3891 2702 3962 ἀρχῇ,
2757 3891 2854 3944 καὶ
2905 3891 2994 3942 ἵνα
3041 3893 3118 3960 μὴ
3169 3890 3602 3971 ἀπαραμύθητος
3665 3893 3763 3962 εἴη

2189 3982 2393 4052 ἐκείνη,
2445 3983 2538 4036 τὸν
2576 3982 2674 4051 μὲν
2703 3981 2814 4034 τῶν
2853 3982 3010 4035 υιέων
3053 3983 3250 4052 μηκέτι
3301 3982 3656 4054 γινώσκουσα
3702 3979 3764 4039 οὗ

2191 4074 2534 4142 κατορύξειε,
2567 4073 2660 4126 τὸν
2687 4073 2746 4126 δὲ
2777 4073 3180 4127 ἀποστέλλουσα
3227 4075 3287 4126 ὲν
3337 4075 3613 4144 πολέμοις,
3667 4077 3766 4130 καὶ

2187 4163 2460 4216 δεδοικυῖα
2496 4166 2568 4234 μή
2603 4181 2656 4216 τι
2709 4165 2964 4220 ἀπαίσιον
3001 4166 3326 4236 συναντήσοι
3365 4167 3442 4236 τῷ
3471 4167 3764 4238 νεανίσκῳ,

2189 4255 2283 4308 καὶ
2312 4253 2420 4306 οὐδ’
2460 4247 2520 4306 οἵ
2551 4253 2657 4323 γῆς
2691 4257 2943 4307 πεσεῖται
2989 4255 3373 4325 ἐπιγνώσεται.
3430 4257 3529 4310 Διὰ
3587 4259 3768 4314 ταῦτα

2189 4341 2523 4410 ὑποστρέψαι
2550 4341 2686 4412 πρὸς
2717 4343 2816 4411 τὴν
2852 4343 3066 4414 μητέρα
3097 4343 3156 4396 τδ
3181 4345 3466 4414 μειράκιον
3511 4345 3755 4410 Ἀλέξιον

2189 4436 2594 4504 κατηνάγκασε,
2645 4433 2740 4488 καὶ
2802 4435 2924 4488 τότε
2981 4435 3100 4505 μὲν·
3135 4433 3433 4506 ἀπελείφθη
3490 4437 3583 4490 καὶ
3613 4437 3767 4492 ἄκων

2185 4526 2296 4580 τῶν
2349 4526 2886 4596 συστρατευομένων.
2951 4523 3092 4579 Ἀλλ’
3136 4525 3163 4580 ὅ
3192 4543 3254 4594 γε
3315 4526 3512 4596 ἐφεξῆς
3571 4527 3766 4598 καιρὸς

2187 4619 2424 4687 πέλαγος
2464 4619 2776 4690 ύπανέῳξεν
2829 4619 2980 4688 αὐτῷ
3025 4620 3564 4690 ἀνδραγαθημάτων.
3634 4621 3764 4674 Ἐπὶ

2187 4711 2298 4780 γάρ
2334 4727 2414 4762 τοι
2449 4709 2545 4762 τοῦ
2577 4709 2842 4779 βασιλέως
2869 4709 3090 4779 Μιχαὴλ
3121 4710 3214 4762 τοῦ
3259 4710 3436 4764 Δούκα
3473 4710 3612 4780 μετά
3659 4710 3761 4778 τὴν

2185 4803 2277 4856 τοῦ
2304 4803 2581 4870 Διογένους
2613 4801 2874 4869 βασιλέως
2908 4801 3232 4871 καθαίρεσιν
3271 4803 3396 4864 ὅσος
3429 4797 3496 4871 ἦν
3529 4803 3610 4862 είς
3652 4803 3748 4854 ἀν-

2183 4897 2360 4967 δρίαν,
2409 4893 2690 4965 παρέδειξε
2721 4893 2790 4946 τὰ
2837 4893 2979 4946 κατὰ
3010 4894 3100 4946 τὸν
3153 4891 3444 4963 Ούρσέλιον
3471 4895 3546 4961 (3)
3581 4893 3760 4963 πράγ-

2187 5004 2352 5057 ματα.
2387 4980 2496 5038 Ἶιν
2550 4983 2654 5052 μὲν
2709 4982 2818 5052 γάρ
2902 4979 3058 5044 οὗτος
3113 4983 3314 5046 Κελτὸς
3367 4983 3628 5036 ἀνέκαθεν
3690 4985 3760 5054 τῇ

2183 5077 2416 5148 στρατιᾷ
2440 5075 2732 5145 Ῥωμαίων
2755 5073 3196 5144 κατειλεγμένος,
3213 5075 3292 5136 είς
3321 5073 3376 5126 δὲ
3409 5073 3552 5142 μέγα
3589 5073 3760 5142 τύχης

513 5191 732 5245 genere,
767 5175 1024 5229 Romana:
1064 5175 1272 5244 pridem
1305 5175 1516 5228 militia:
1548 5177 1843 5245 ascriptus,
1893 5177 2086 5231 indol-

2192 5167 2513 5236 ὶξογκωθεὶς
2563 5168 2656 5220 καὶ
2685 5165 2919 5234 δύναμιν
2959 5164 3319 5234 συναθροίσας
3373 5165 3514 5234 ἀμφ’
3567 5164 3758 5230 αὑτὸν,

511 5269 688 5332 gentia
725 5267 953 5322 fortuna:
987 5269 1041 5322 in
1075 5283 1330 5337 magnum
1363 5278 1578 5328 auctus.
1607 5277 1661 5324 et
1687 5283 1875 5340 opum,
1909 5277 1964 5324 et
1993 5271 2081 5324 in-

511 5361 754 5416 solentia:
799 5361 1042 5428 modum,
1089 5359 1324 5431 propriis
1364 5359 1472 5430 jam
1518 5361 1645 5426 sibi,
1674 5377 1774 5418 nec
1831 5363 1898 5417 iis
1947 5377 2082 5418 con-

2184 5263 2278 5313 καὶ
2331 5257 2590 5328 στρατιὰν
2639 5257 2948 5325 ἀξιόλογον,
3003 5257 3126 5309 τῶν
3184 5257 3284 5326 μὲν
3309 5257 3520 5310 ἐκεῖθεν
3583 5255 3759 5308 ὄντων

2183 5353 2308 5406 ὅθεν
2339 5353 2435 5405 καὶ
2461 5349 2623 5412 αὐτὸς
2649 5347 2904 5420 ὥρμητο,
2931 5347 3042 5402 τῶν
3071 5348 3130 5402 δὲ
3159 5351 3254 5400 καὶ
3275 5346 3335 5412 ἐξ
3363 5347 3524 5402 ἄλλου
3564 5346 3759 5414 γένους

1580 5479 1712 5538 Car.
1737 5476 2053 5539 Dufresnii
2083 5476 2170 5536 Du
2205 5470 2414 5547 Cangii
2441 5473 2630 5531 notio.

583 5589 749 5664 225
799 5592 874 5664 (li
905 5595 1064 5646 Μετὰ
1107 5594 1345 5664 ᾄξεελος.
1377 5598 1635 5664 Respexit
1681 5596 1810 5650 illud
1858 5595 2070 5649 Ilonu-ri

511 5658 772 5736 l'iacl.-__p:.
803 5661 914 5736 Ὣς¹
936 5679 1020 5716 τοι
1049 5662 1197 5718 πόλλ’
1229 5658 1417 5734 ὄφελος
1448 5658 1653 5736 γένετο,
1683 5665 1872 5720 πτόλεϊ
1893 5682 1948 5718 τε
1981 5666 2076 5719 καί

513 5727 658 5799 αὐτῷ
680 5727 824 5794 Σῶος
857 5729 978 5784 ἐών.

2182 5578 2184 5580 ’
2255 5591 2329 5662 νε)
2369 5589 2677 5662 Mummii.
2712 5587 2786 5662 VL
2805 5589 3046 5662 Stemma
3081 5586 3493 5662 Comoenicum.

2263 5654 2340 5728 (Si
2371 5659 2719 5726 Οἰσρσέλιον.
2747 5654 2822 5714 ια·
2842 5659 3007 5716 Notas
3042 5659 3108 5714 ad
3141 5657 3472 5729 Brycunium
3511 5654 3754 5725 (Patrol.

2194 5742 2319 5786 tom.
2346 5729 2625 5800 CXXV“).
