4068 6264
270 307 321 370 93
1558 311 1977 374 ALEXIADIS
2010 314 2164 376 LIB.
2208 315 2260 379 Ι.
3459 310 3532 373 9-i-

192 468 196 477 .
279 421 619 487 παντοδαποῦ,
658 423 835 493 Ι,αρυς
868 417 935 493 ἦν
963 420 1192 479 αὐτόθεν
1212 424 1497 495 τύραννος,
1527 420 1735 486 πολλάς
1780 423 1838 476 δὲ

1950 423 2259 481 temnendis
2298 422 2497 494 copiis,
2530 423 2731 493 partim
2757 439 2822 478 ex
2874 436 2936 478 ca
2988 430 3172 491 gente,
3227 423 3372 479 unde
3415 424 3534 492 ipse

290 515 646 579 ταλαντεύσεις
687 514 961 584 λαϐούσης
996 515 1096 584 τῆς
1126 514 1235 569 τῶν
1275 515 1572 583 Ῥωμαίων
1633 516 1845 586 ἡγεμο-

1951 516 2222 572 oriundus
2252 524 2393 583 erat,
2448 517 2646 585 partim
2679 530 2745 571 ex
2775 516 2885 570 alio
2935 516 3133 584 quovis
3168 529 3370 585 genere
3415 513 3534 568 col-

287 610 369 673 vix;
390 611 479 664 καὶ
500 610 615 663 τῶν
636 610 903 681 Τούρκων
924 610 1235 682 καθυπερτε
1246 612 1528 682 ρησά-ιτων
1550 610 1651 679 τῆς
1678 609 1845 680 τύχης

1952 609 2132 671 lectis,
2164 624 2262 678 pro
2296 625 2355 665 se
2387 624 2499 663 rem
2531 609 2783 679 gerebat,
2811 608 2945 663 nihil
2974 608 3262 677 principali
3313 606 3532 677 fastigio

295 701 576 771 Ῥωμαίων.
629 704 746 756 τῶν
796 703 855 755 δὲ
918 703 999 766 εἰς
1052 703 1114 756 τὸ
1187 704 1419 759 κατόπιν
1490 701 1845 772 ὑπαχθέντων

1950 700 2213 757 humilius
2250 701 2491 771 spirans.
2547 702 2612 754 Et
2657 710 2776 755 erat
2826 700 3085 755 idoneum
3132 698 3533 754 constituendae

288 796 395 865 ὑπὲρ
417 795 654 864 ψάμμου
686 796 867 849 ποδῶν
910 795 1348 865 ὑποσπαθεὶσης.
1380 794 1695 865 Ἰήνικαῦτα
1750 794 1847 847 καὶ

285 881 404 952 οὗτος
436 891 503 958 τῇ
534 888 791 959 βασιλείᾳ
828 887 1120 959 Ῥωμαίων
1140 888 1392 943 ἐπέθετο.

1948 793 2223 861 tyrannidi
2268 800 2489 862 tempus
2541 802 2764 855 nactus,
2798 808 2906 862 quo
2940 791 3187 846 Romana
3240 806 3328 845 res
3386 790 3533 843 haud

1945 887 2132 942 dubiis
2175 888 2632 944 inclinationibus
2665 890 2718 943 in
2752 904 2996 959 praeceps
3025 903 3279 957 vergens,
3320 886 3533 939 Tureo-

282 997 378 1035 rutn
405 983 611 1036 recenti
656 982 887 1036 victoria
914 982 1181 1037 feracium
1220 982 1577 1037 incumbente
1611 980 1857 1045 fortuna,
1899 980 2065 1050 plane
2109 993 2170 1037 ut
2222 983 2472 1052 lapsante
2513 983 2566 1037 in
2616 998 2783 1037 arena
2829 982 3065 1052 vestigio
3118 981 3291 1051 pugil,
3361 994 3530 1033 manu

279 1073 501 1141 insuper,
530 1082 583 1126 et
616 1073 822 1127 obnixo
852 1073 1117 1141 impulsus
1141 1072 1375 1141 impetu,
1404 1072 1493 1126 vix
1535 1087 1596 1127 se
1657 1086 1688 1126 a
1757 1084 1890 1125 casu
1933 1073 2268 1130 sustinebat.
2304 1074 2422 1129 Tali
2452 1074 2864 1144 perturbatione
2892 1089 3073 1127 rerum
3118 1073 3305 1126 innata
3357 1072 3537 1128 homi-

275 1165 346 1220 nis
388 1164 639 1229 ambitio,
687 1165 998 1219 occasionis
1053 1164 1381 1220 invitatione
1428 1165 1716 1234 proritata,
1780 1161 1833 1215 in
1876 1175 2120 1233 apertam
2164 1168 2473 1237 usurpandi
2506 1168 2658 1236 regni
2692 1166 2979 1221 audaciam
3005 1165 3208 1235 erupit.

331 1256 435 1311 Kal.
479 1256 659 1317 ἄλλως
705 1257 807 1324 μὲν
842 1255 919 1308 ὣν
968 1255 1452 1326 τυραννικώτατος
1483 1256 1583 1325 τὴν
1634 1255 1838 1325 ψυχὴν,

270 1348 379 1401 τότε
406 1347 463 1401 δὲ
497 1347 838 1415 καὶ-μᾶλλον
860 1347 1114 1416 ὲξαφθεὶς
1153 1348 1292 1417 πρὸς
1328 1349 1581 1419 καθαρὰν
1634 1365 1842 1419 τυραν-

269 1439 376 1493 νίδα
397 1439 482 1491 διά
513 1441 580 1492 τὸ
625 1440 873 1509 κατηφὲς
901 1441 1011 1493 τῶν
1045 1440 1145 1509 τῆς
1167 1440 1446 1510 βασιλείας
1473 1442 1841 1510 πραγμάτων,

266 1532 327 1584 τά
350 1532 449 1599 τῆς
494 1530 669 1601 Ἐᾠας
694 1533 874 1587 πάντα
904 1533 1089 1602 σχεδὸν
1108 1535 1384 1604 ὲληῒσατο.
1420 1536 1638 1588 Πολλῶν
1663 1536 1718 1589 δὲ
1755 1554 1847 1589 πι-

267 1618 593 1672 στευθέντων
618 1620 715 1673 τὶν
738 1621 859 1690 μετ’
892 1621 1057 1675 αὐτοῦ
1085 1624 1323 1694 πόλεμον
1347 1626 1435 1678 ἐπ’
1470 1625 1696 1696 ἀνδρείᾳ
1726 1626 1843 1679 δια-

265 1710 602 1781 ϐεϐοημένωι
654 1713 753 1767 καὶ
794 1716 997 1785 πεῖραν
1064 1717 1538 1787 εἰσενεγκαμένων
1579 1718 1842 1789 πλείστην

2016 1257 2072 1330 4
2103 1257 2385 1314 Volitabat
2411 1273 2538 1313 cum
2584 1258 2839 1328 expedita
2874 1270 3038 1309 manu
3098 1255 3531 1326 praedabundus,

1944 1360 2002 1406 et
2029 1353 2233 1418 passim
2272 1352 2590 1415 imminens,
2623 1350 3033 1417 hostilibusque
3063 1349 3535 1403 incursationibus

1944 1442 2253 1499 Or'entales
2314 1443 2425 1498 fere
2486 1443 2719 1497 infestas
2779 1441 3017 1496 habebat
3082 1442 3356 1511 regiones,
3425 1442 3535 1496 vim

1947 1548 2422 1604 quoquoversum,
2457 1540 2841 1602 terroremque
2871 1531 3292 1586 circumferens.
3320 1531 3535 1585 Adver-

1950 1644 2045 1683 sus
2077 1628 2224 1682 hunc
2257 1626 2545 1681 missi'viri
2596 1624 2755 1679 laude
2811 1625 3007 1679 bellica
3068 1625 3337 1691 celebres,
3399 1625 3537 1679 nihil

1952 1722 2057 1777 nisi
2111 1720 2501 1776 conﬁdentiam
2553 1719 2678 1789 ejus
2727 1721 2845 1775 suis
2898 1717 3150 1773 cladibus
3199 1727 3464 1773 auxerant
3518 1736 3536 1775 :

262 1804 493 1873 πολέμου
519 1806 615 1859 καὶ
648 1807 857 1876 μάχης,
880 1807 1046 1869 αὐτὸς
1077 1808 1398 1879 ὑπερπαίων
1443 1811 1697 1879 ἐφαίνετο
1747 1813 1843 1864 καὶ

1951 1816 2153 1885 quippe
2178 1812 2320 1868 alios
2355 1812 2498 1882 ignei
2532 1813 2769 1868 turbinis
2800 1812 2908 1865 ritu
2937 1810 3237 1879 improvisa
3258 1810 3538 1864 celeritate

262 1895 353 1966 τὴν
378 1896 609 1949 ἐκείνων
635 1898 1021 1968 πολυπειρίαν,
1057 1900 1133 1970 πῆ
1174 1901 1270 1970 μὲν
1295 1902 1459 1964 αὐτδς
1481 1903 1843 1971 προσϐάλλων

260 1991 351 2043 καὶ
396 1990 642 2061 τρέπων,
702 1994 793 2045 καὶ
828 1993 1079 2063 καθάπερ
1120 1995 1379 2065 πρηστὴρ
1407 1996 1699 2065 ἐμπίπτων
1726 2000 1842 2060 τοῖς

261 2079 803 2149 ἀντικαθισταμένοις
858 2083 1005 2153 αὑτῷ
1034 2121 1050 2146 ,
1096 2085 1174 2153 πῆ
1226 2085 1285 2138 δὲ
1348 2088 1446 2139 καὶ
1504 2088 1830 2159 συμμαχίαν

259 2172 551 2242 λαμϐάνων
582 2173 693 2226 ἀπὸ
726 2174 835 2227 τῶν
869 2175 1152 2245 Τούρκων,
1204 2178 1581 2242 ἀνυπόστατος
1610 2177 1679 2251 ἦν
1720 2183 1842 2243 ταῖς

258 2265 475 2332 ὁρμαῖς,
517 2262 665 2315 ὥστε
691 2265 787 2316 καὶ
809 2264 921 2317 τῶν
950 2264 1094 2319 πάνυ
1123 2266 1472 2334 μεγιστάνων
1494 2267 1646 2329 τινάς
1675 2283 1848 2319 καται

267 2357 410 2425 σχεῖν
449 2357 545 2409 καὶ
568 2355 669 2417 τὰς
704 2357 936 2410 ἐκείνων
966 2357 1232 2427 κλονῆσαι
1263 2358 1553 2427 φάλαγγας
1583 2375 1597 2391 ·
1642 2360 1732 2413 ὅτε
1777 2360 1842 2429 δὴ

268 2448 358 2501 καὶ
385 2447 493 2501 ὑπὸ
524 2447 778 2517 τάδελφῷ
826 2449 1081 2503 ἐτάττετο
1134 2450 1163 2503 ὁ
1193 2451 1328 2519 ἐμὸς
1359 2451 1543 2522 πατὴρ
1588 2450 1842 2515 Ἀλέξιος,

270 2540 357 2590 καὶ
383 2539 651 2607 ἄντικρυς
688 2538 1103 2609 ὑπεστρατήγει
1151 2540 1330 2612 τούτῳ
1356 2542 1427 2595 τὰ
1457 2542 1848 2613 στρατεύματα

262 2631 430 2683 πάντα
480 2630 657 2700 Ἐῴας
687 2631 779 2684 καὶ
812 2630 1107 2700 Ἐσπερίου
1133 2633 1338 2704 λήξεως
1356 2635 1845 2705 ἐγκεχειρισμένῳ.

273 2720 420 2775 Ἐπεὶ
458 2722 519 2775 δὲ
556 2722 617 2774 ὲν
642 2724 952 2792 ἀμηχάνοις
983 2720 1051 2795 ἦν
1088 2725 1158 2778 τὰ
1195 2726 1501 2797 πράγματα
1539 2728 1848 2797 τηνικαῦτα

268 2814 562 2884 Ῥωμαὲοις
597 2815 694 2869 τοῦ
727 2817 1014 2888 Βαρϐάρου
1040 2820 1234 2874 τούτου
1268 2821 1426 2893 δίκην
1464 2825 1724 2894 κεραινοῦ
1778 2825 1848 2880 τὰ

259 2903 431 2956 πάντα
468 2904 872 2975 ἐπερχομένου,
904 2910 985 2969 είς
1024 2909 1332 2979 ἀξιόμαχον
1378 2913 1847 2971 άντικατάστασιν

259 2998 558 3051 ἐπινοεῖται
610 3001 639 3052 ὁ
667 3000 1004 3069 άξιάγαστος
1046 2997 1206 3067 οὗτος
1275 3002 1539 3073 Ἀλέξιος,
1608 3025 1850 3081 στρατη-

1949 1912 2173 1964 irruens
2239 1907 2573 1977 perculerat,
2628 1905 2790 1968 alios,
2851 1903 3077 1958 auxiliis
3126 1902 3226 1957 sibi
3283 1901 3537 1956 Turcicis

1947 2003 2245 2071 adjunctis,
2302 2001 2454 2069 justa
2483 1999 2597 2069 jam
2631 1999 2745 2053 acie
2775 2013 2945 2052 ausus
2976 1995 3237 2067 congredi
3274 1994 3490 2050 fuderat
3520 2015 3534 2051 :

1947 2095 2228 2149 n0nnnllis
2260 2109 2479 2163 quoque
2527 2092 2739 2163 captis;
2798 2104 2977 2158 neque
3036 2091 3186 2143 enim
3239 2088 3539 2159 phalanges

1947 2185 2361 2241 ineluctabilem
2432 2184 2580 2237 illam
2635 2197 2815 2245 suam,
2881 2186 2985 2236 isto
3043 2190 3238 2235 contra
3306 2181 3535 2245 nitente,

1949 2279 2085 2334 satis
2119 2284 2400 2347 praestare
2435 2276 2747 2328 tirmltnlem
2784 2280 3054 2343 pmerant.
3092 2271 3197 2326 Per
3234 2272 3286 2327 id
3318 2280 3538 2339 tempus

1951 2371 2287 2427 exercitibus
2314 2378 2423 2423 tam
2453 2365 2775 2427 Orientalis,
2816 2379 2977 2434 quam
3027 2363 3257 2417 Occidui
3298 2364 3533 2419 limitum

1950 2465 2137 2536 patrui
2189 2466 2293 2518 mei
2325 2460 2665 2532 praefecturae
2716 2456 3083 2522 demandatis,
3126 2457 3351 2509 Alexius
3383 2465 3539 2525 pater

1951 2574 2128 2619 meus.
2159 2557 2347 2612 fratris
2371 2554 2633 2625 auspiciis
2675 2553 2960 2620 ductuque
3017 2546 3535 2603 militabat.Verum

1950 2656 2254 2723 impeiator
2285 2650 2541 2712 Michael.
2577 2662 2702 2702 cum
2734 2645 2917 2699 omnia
2950 2658 3172 2714 pessum
3223 2657 3388 2697 ruere
3412 2657 3537 2696 cer-

1951 2756 2130 2809 neret,
2165 2747 2407 2799 Barbaro
2443 2743 2551 2797 isto
2593 2748 2792 2796 cuncta
2825 2737 3153 2808 pernicitate
3196 2750 3259 2791 ac
3294 2735 3538 2805 pernicie

1953 2837 2214 2892 fulminea
2270 2835 2659 2906 pervolitante,
2716 2833 2936 2899 lateque
2987 2838 3258 2895 vastante,
3314 2827 3538 2899 prpprio

1949 2932 2130 2999 ipsum
2186 2927 2450 2983 exercitui
2508 2942 2634 2982 cum
2690 2939 2905 2982 summa
2961 2930 3239 2994 potestate
3305 2936 3540 2990 praeesse

1948 3023 2139 3091 jussit,
2177 3030 2230 3077 et
2259 3023 2304 3075 si
2340 3036 2447 3090 qua
2481 3027 2691 3090 posset,
2743 3016 3017 3088 grassanti
3062 3017 3201 3085 pesti
3249 3015 3540 3072 obsistere.

257 3093 347 3159 γὸς
360 3093 731 3165 αὐτοκράτωρ
757 3096 864 3149 ὑπὸ
886 3096 981 3149 τοῦ
1006 3097 1272 3167 βασιλέως
1290 3100 1514 3171 Μιχαὴλ
1534 3103 1845 3172 άναδεδειγ-

1956 3116 2049 3171 llis
2074 3115 2246 3185 capiis
2271 3122 2326 3169 et
2355 3114 2630 3168 mandatis
2654 3112 2873 3166 Alexins
2902 3109 3141 3179 acceptis
3167 3108 3277 3160 vim
3320 3121 3538 3160 omnem

259 3185 413 3253 μένος
447 3185 548 3248 ’ὃς
592 3186 656 3255 δὴ
695 3189 793 3242 καὶ
840 3190 1023 3243 πᾶσαν
1079 3191 1422 3262 ἀνακινήσας
1475 3194 1737 3265 φρόνησιν
1786 3213 1845 3249 τε

1950 3217 2115 3278 atque
2145 3205 2474 3261 industriam
2517 3203 2744 3258 solertis
2786 3202 2953 3256 animi
3008 3199 3277 3268 fortisque
3303 3196 3542 3265 pectoris

257 3278 349 3331 καὶ
384 3277 778 3350 πολυπειρίαν,
823 3285 1205 3355 στρατηγικὴν
1254 3302 1314 3339 τε
1359 3287 1456 3340 καὶ
1518 3304 1846 3357 στρατιωτι-

261 3372 387 3442 κὴν,
414 3373 514 3427 καὶ
542 3373 719 3428 ταῦτα
756 3376 859 3429 οὐκ
893 3377 952 3429 ὲν
978 3378 1159 3448 πολλῷ
1193 3379 1372 3449 χρόνῳ
1419 3381 1628 3453 ταύτην
1658 3383 1848 3437 συλλε-

255 3467 518 3533 ξάμενος.
570 3467 739 3521 Ἀλλά
766 3468 878 3539 γάρ
906 3468 995 3524 διὰ
1026 3470 1089 3524 τὸ
1116 3473 1262 3525 πάνυ
1303 3472 1592 3543 φιλόπονον
1619 3475 1716 3529 τοῦ
1751 3477 1847 3530 άν-

250 3556 399 3626 δρὸς,
448 3557 553 3611 καὶ
594 3559 943 3627 πανταχόθεν
986 3561 1297 3632 ἐγρηγορὸς
1335 3565 1418 3628 εὶς
1450 3564 1622 3636 ἄκρον
1650 3568 1846 3636 ἐληλυ-

253 3648 412 3702 Θέναι
462 3652 846 3721 στρατηγικῆς
893 3654 1188 3723 ἐμπειρίας
1246 3660 1358 3722 τοῖς
1398 3659 1510 3712 τῶν
1554 3660 1846 3730 Ῥωμαίων

246 3739 475 3809 λογάσιν
532 3742 733 3810 ἔδοξεν,
782 3737 895 3797 οἷον
942 3745 1192 3815 Αἰμίλιος
1226 3750 1431 3815 ἐκεῖνος
1477 3753 1505 3805 ὁ
1549 3753 1845 3824 Ῥωμαῖος,

244 3834 434 3897 ὁποῖος
453 3838 485 3889 ὁ
503 3837 787 3903 Σκηπίων,
806 3832 920 3901 οἷος
949 3838 1196 3904 Ἀννίϐας
1215 3842 1244 3894 ὁ
1276 3844 1667 3917 Καρχηδόνιος.
1692 3848 1848 3901 Νεώ-

246 3940 415 3987 τατος
446 3925 561 3994 γὰρ
592 3921 682 3995 ἦν,
715 3927 811 3979 καὶ
840 3927 964 3997 ἄρτι
985 3929 1217 4001 πρώτως
1256 3932 1567 4003 ὐπηνήτης,
1605 3936 1633 3988 ὅ
1658 3954 1844 4004 φασιν,

245 4018 342 4073 τόν
372 4037 437 4071 τε
483 4020 785 4090 Οὖρσέλιον
827 4021 1041 4075 ἐκεῖνον
1071 4019 1185 4077 εἷλε
1231 4024 1322 4078 τὸν
1350 4026 1523 4079 πολὺν
1567 4029 1711 4082 κατὰ
1737 4027 1847 4082 τῶν

254 4114 563 4185 Ῥωμαίων
597 4117 812 4184 ῥέοντα,
857 4116 951 4169 καὶ
990 4117 1063 4170 τά
1122 4119 1423 4190 πράγματα
1462 4122 1561 4193 τῆς
1592 4123 1708 4177 Ἕω
1746 4141 1847 4178 κα-

236 4210 528 4279 τέστησεν
577 4210 640 4261 οὐ
673 4209 893 4263 πολλῶν
922 4210 1135 4280 δεηθεὶς
1171 4215 1418 4286 ἡμερῶν.
1448 4211 1560 4270 Ἦν
1582 4217 1692 4289 γὰρ
1751 4221 1847 4274 καὶ

234 4300 372 4365 ὀξὺς
403 4303 669 4371 φωρᾶσαι
697 4302 758 4355 τὺ
778 4302 1081 4374 ξυμφέρον,
1107 4306 1201 4359 καὶ
1237 4306 1495 4379 ὀξύτερος
1549 4311 1846 4382 καταπρά-

237 4393 473 4459 ξασοαι.
509 4394 649 4449 Τίνα
680 4395 739 4448 δὲ
796 4396 895 4449 τδν
938 4397 1141 4466 τρόπον
1208 4391 1357 4454 εἷλεν
1418 4403 1647 4469 ἐκεῖνον,
1696 4404 1849 4474 δηλοῖ

1950 3301 2015 3354 ad
2067 3316 2179 3354 rem
2239 3300 2380 3353 bene
2432 3297 2731 3367 gerendam
2783 3292 3021 3349 intendit
3064 3291 3543 3363 :prteferebatque

1946 3394 2057 3465 jam
2092 3393 2146 3447 in
2185 3392 2296 3447 illis
2329 3391 2521 3460 primis
2564 3386 2961 3457 experimentis
3012 3384 3313 3440 bellatricis
3359 3382 3542 3437 adole-

1950 3485 2195 3549 scentiae,
2220 3483 2306 3536 vix
2333 3483 2461 3536 dum
2493 3481 2735 3552 primore
2758 3477 3016 3548 lanugine
3043 3476 3216 3531 malas
3241 3475 3538 3545 signantis,

1949 3578 2092 3633 haud
2135 3576 2364 3630 dubium
2396 3575 2575 3629 instar
2622 3572 3033 3628 dilaudalorum
3087 3570 3308 3623 illorum
3360 3566 3542 3620 nomi-

1947 3684 2075 3723 num
2108 3666 2345 3728 Emilii,
2376 3663 2764 3732 Scipionisque
2796 3662 3193 3724 Romanorum,
3225 3666 3279 3711 et
3310 3657 3541 3711 Cartha-

1947 3759 2194 3825 ginensis
2221 3754 2534 3814 Annibalis,
2562 3767 2795 3821 quorum
2823 3749 3182 3803 fortissimam
3211 3747 3531 3816 patientiam

1948 3848 2225 3910 laborum,
2280 3855 2335 3899 et
2384 3858 2659 3911 nusquam
2728 3840 3115 3894 conniventem
3179 3837 3541 3908 providentia:

1948 3940 2189 4006 vigiliam
2227 3935 2521 3991 aemulatus
2551 3942 2636 3989 est
2674 3941 2824 3987 tanta
2854 3931 3136 3993 felicitate,
3171 3938 3231 3983 ut
3259 3929 3537 3985 Urselium

1948 4042 2082 4087 tunc
2110 4030 2264 4085 illum
2303 4027 2537 4083 torrenti
2573 4026 2931 4081 victoriarum
2966 4038 3134 4079 cursu
3176 4023 3537 4093 prrccipitem,

1948 4134 2311 4193 mentemque
2346 4138 2568 4194 pessum
2606 4123 2728 4191 eius
2760 4120 3002 4190 impulsu
3059 4117 3361 4173 Romanam
3399 4132 3539 4170 rem.

1951 4230 2254 4287 paucorum
2291 4229 2457 4283 opera
2496 4213 2711 4267 dierum
2750 4228 2896 4266 unus
2934 4213 3099 4264 homo
3141 4209 3382 4264 sisteret.
3416 4208 3543 4261 Erat

1947 4310 2093 4366 enim
2157 4316 2272 4359 tum
2320 4306 2459 4360 mire
2521 4305 2815 4374 perspicax
2872 4304 2939 4358 ad
2998 4302 3183 4359 statim
3244 4301 3541 4356 videndum

1950 4402 2080 4473 quid
2118 4407 2399 4469 oporteret
2457 4400 2597 4463 fieri,
2641 4408 2755 4453 tum
2813 4398 2877 4452 ad
2933 4396 3075 4451 idem
3129 4394 3540 4464 exsequendum

236 4489 349 4555 μὲν
380 4489 484 4541 καὶ
512 4491 735 4558 Καῖσαρ
757 4490 817 4542 ἐν
842 4493 908 4561 τῇ
941 4490 1175 4563 δευτέρᾳ
1196 4495 1294 4564 τῆς
1322 4494 1445 4547 κατ’
1471 4495 1638 4549 αὐτὸν
1676 4495 1845 4549 Ἰστο-

1955 4495 2118 4549 etiam
2154 4494 2481 4562 promptior.
2517 4492 2637 4557 Qua
2692 4507 2823 4546 vero
2865 4492 3091 4545 Alexius
3141 4488 3417 4545 Urselium
3455 4504 3543 4540 ra-

232 4580 377 4647 ρίας
424 4580 597 4651 βίϐλῳ
653 4582 995 4653 πλατύτερα,
1050 4584 1366 4655 δηλώσομεν
1418 4586 1475 4640 δὲ
1540 4590 1633 4642 καὶ
1685 4590 1850 4659 ἡμεῖς

231 4672 325 4739 ἐφ’
363 4674 502 4726 ὅσον
538 4676 620 4738 εἰς
653 4675 755 4729 τεικν
789 4675 919 4729 καθ’
955 4677 1106 4746 ἡμᾶς
1141 4678 1387 4750 ἱστορίαν
1419 4681 1773 4751 συνήνεγκεν.

313 4857 491 4923 Ἀρτι
517 4853 632 4925 γάρ
660 4854 757 4907 τοῦ
785 4855 1079 4927 Βαρϐάρου
1116 4856 1333 4927 Τουτὰχ
1361 4858 1425 4911 ὲκ
1453 4857 1565 4911 τῶν
1616 4858 1849 4928 βαθυτέο

241 4962 361 5011 ρων
394 4947 499 5015 τῆς
528 4946 827 5014 Ἀνατολῆς
866 4946 1056 5017 μερῶν
1093 4948 1523 5018 κατεληλυθότος
1557 4950 1703 5019 μετὰ
1752 4951 1850 5021 βα-

252 5038 509 5103 ρυτάτου
580 5038 1000 5107 στρατεύματος
1059 5039 1145 5106 ἐφ’
1201 5033 1343 5107 ᾧτά
1400 5042 1510 5094 τῶν
1562 5042 1852 5114 Ῥωμαίων

238 5123 563 5192 ληῖζεσθαι,
592 5132 621 5183 δ
668 5130 992 5198 Οὐρσέ).ιος,
1032 5130 1304 5195 πολλάκις
1345 5133 1450 5185 ὑπὸ
1478 5132 1573 5186 τοῦ
1626 5152 1853 5206 στρατο-

244 5221 535 5292 πεδάρχου
595 5223 1149 5293 στενοχωρούμενος,
1204 5225 1301 5279 καὶ
1361 5226 1497 5281 ἄλλα
1525 5227 1614 5281 ἐπ’
1668 5228 1852 5293 ἄλλοις

244 5315 495 5385 φρούρια
551 5317 1013 5390 ἀφαιρούμενος,
1074 5318 1252 5373 καίτοι
1329 5321 1592 5391 στρατιάν
1649 5323 1853 5395 πολλὴν

250 5405 594 5481 ἑπαγόμενος
628 5414 724 5465 καὶ
755 5412 978 5472 πάντας
1011 5408 1281 5480 λαμπρῶς
1316 5414 1413 5467 καὶ
1456 5415 1718 5483 γενναίως
1748 5435 1847 5471 κα-

243 5496 689 5574 θωπλισμένους,
736 5500 1068 5573 εὐμηχανίᾳ
1115 5505 1264 5573 παρὰ
1307 5505 1443 5558 πολὺ
1499 5507 1700 5577 ἡττᾶτο
1756 5506 1852 5562 τοῦ

239 5592 371 5661 μοῦ,
403 5598 616 5669 πατρὸς
645 5596 923 5661 Ἀλεξίου.
959 5591 1117 5654 Τέως
1145 5594 1192 5648 δ’
1223 5591 1316 5649 οὖν
1346 5597 1435 5650 ἐπ’
1472 5598 1651 5651 ἐκεῖνο
1681 5617 1853 5654 κατα-

234 5691 435 5751 τυγεῖν
463 5689 605 5756 ἔδοξε
654 5685 1037 5742 τελευταῖονο
1083 5686 1197 5749 τοῖς
1251 5689 1417 5740 πᾶσιν
1469 5688 1849 5761 ἐξαπορούμε-

228 5793 321 5843 vo;
352 5780 705 5854 ξυμμιτνυσι
732 5778 819 5853 τῷ
850 5774 1107 5846 Τουτὰχ,
1142 5780 1234 5833 καὶ
1266 5780 1425 5849 φίλον
1450 5782 1708 5852 ποιεῖται,
1756 5782 1850 5838 καὶ

1959 4583 2104 4638 tione
2137 4584 2365 4650 ceperit,
2394 4581 2621 4652 exponit
2647 4581 2830 4636 Caesar
2883 4583 2936 4635 in
2987 4582 3232 4635 secundo
3287 4578 3545 4634 Historiae

1959 4692 2073 4731 suae
2124 4676 2265 4729 libro
2299 4673 2478 4730 fusius
2526 4694 2539 4729 :
2589 4675 2943 4728 narrabimus
2987 4683 3043 4727 et
3094 4689 3214 4737 nos,
3271 4681 3544 4743 quatenus

1961 4766 2028 4821 ad
2062 4779 2310 4822 nostram
2347 4781 2569 4836 quoque
2598 4766 2887 4820 historiam
2926 4764 2981 4819 id
3020 4763 3257 4819 confert.

2029 4858 2269 4913 Moverat
2326 4873 2389 4913 ex
2444 4857 2840 4911 remotioribus
2883 4852 3124 4909 Orientis
3178 4855 3429 4923 partibus
3483 4853 3553 4907 im

1958 4950 2239 5005 Romanos
2272 4949 2406 5004 ﬁnes
2439 4948 2636 5004 infesta
2678 4949 2833 5019 signa
2870 4947 3141 5001 Barbarus
3169 4944 3379 4999 Tutach
3416 4960 3553 4999 emn-

1954 5043 2137 5099 valido
2182 5054 2237 5100 et
2296 5043 2493 5113 praedae
2534 5042 2739 5112 cupido
2790 5040 3039 5095 exercitu
3079 5055 3093 5091 :
3134 5053 3246 5107 quo
3294 5046 3553 5105 tempore

1954 5135 2254 5201 Urseliuin,
2289 5138 2503 5206 magnis
2528 5136 2658 5189 licet
2713 5145 2766 5190 et
2800 5136 3050 5202 speciose
3092 5131 3426 5198 robusteque
3454 5143 3553 5181 aro

1954 5231 2118 5287 matis
2156 5230 2489 5284 instructum
2550 5227 2750 5297 copiis,
2813 5225 3037 5278 Alexius
3088 5219 3361 5274 industria
3427 5235 3548 5272 non

1928 5323 2135 5377 ’minus
2175 5319 2422 5388 propria,
2482 5310 2648 5388 quam
2698 5316 2972 5385 legionum
3031 5326 3131 5365 suo
3175 5309 3364 5363 ductui
3417 5325 3553 5378 pcr-

1957 5415 2251 5469 missarum
2291 5413 2341 5465 vi
2372 5411 2636 5471 adortus,’
2662 5409 2715 5461 in
2751 5420 2973 5473 magnas
3008 5401 3213 5457 sensim
3251 5403 3552 5471 angustias

1957 5504 2270 5575 redigebat,
2310 5501 2434 5556 aliis
2463 5499 2696 5556 subinde
2722 5504 2887 5564 atque
2906 5495 3032 5549 aliis
3055 5500 3109 5548 et
3137 5493 3550 5550 munitionibus

1956 5594 2301 5659 auferendis,
2331 5608 2433 5647 nec
2465 5592 2578 5661 jam
2614 5589 2728 5643 fere
2756 5586 2989 5641 ulterius
3024 5583 3313 5638 recedendi
3354 5587 3549 5654 spatio

1958 5688 2178 5743 relicto.
2221 5685 2314 5740 Sic
2361 5684 2452 5737 ille
2498 5680 2904 5750 deprehensus,
2968 5674 3298 5741 consiliique
3350 5677 3538 5746 inops,

1958 5782 2176 5839 tandem
2210 5779 2277 5837 ad
2310 5779 2621 5836 Tutachum
2656 5772 2769 5830 adit
2806 5788 2818 5825 :
2849 5771 2915 5827 ab
2963 5780 3140 5838 eoque
3184 5765 3435 5833 delinito,
3465 5781 3535 5820 ac
