4068 6264
263 370 341 437 ιοι
1542 378 1846 440 ALEXlAl

1945 379 1959 437 Β
1988 378 2136 441 LIB.
2180 376 2232 439 Ι.

3406 373 3509 442 102

268 487 345 558 λῆς
366 486 703 555 ἀνωφελοῦς
732 487 1153 559 καθεστηκυίας,
1177 492 1265 546 καὶ
1289 491 1425 560 ταχὺ
1458 488 1593 560 πρὸς
1624 488 1687 541 τὸ
1712 484 1837 558 βού·

1945 489 2140 558 vulgus
2173 500 2385 553 rumor,
2411 500 2539 542 vere
2570 494 2836 542 caecatum
2870 484 3179 551 Ursclium;
3210 485 3375 552 unde,
3407 487 3511 542 ista

277 579 403 648 λημα
415 577 515 631 τοῦ
534 579 1013 650 στρατοπεδάρχου
1031 582 1347 652 τράπωνται
1363 581 1459 650 τῆς
1478 578 1669 650 πρώην
1685 579 1846 632 ἅστι-

281 670 478 740 χοῦντις
510 670 739 739 βουλῆς,
763 672 926 724 αὐτόν
946 690 1005 725 τε
1026 674 1179 742 φίλον
1201 672 1532 742 ποιούμενοι,
1553 673 1645 723 καὶ
1673 669 1840 739 ὀργὴν

285 763 530 831 βασιλέως
570 761 938 826 ἐκκλίνοντες.
985 764 1189 817 Τοῦτον
1240 764 1420 817 τοίνυν
1472 762 1616 815 οὕτω
1668 776 1837 813 κατα-

283 853 408 924 σχὼν
454 853 545 905 τὸν
575 853 876 922 Οὐρσέλιον
923 856 952 906 ὁ
1002 854 1331 922 ἁξιάγαστος
1368 851 1669 922 στρατηγὸς
1696 847 1841 920 εἶχεν

278 943 342 1003 ὡς
372 943 425 992 ὲν
451 938 699 1010 ζωγριίῳ
729 942 820 993 τὸν
840 940 1051 1006 λέοντα,
1072 943 1504 1011 ἐπικαλύμματα
1519 944 1622 1001 τοῖς
1645 938 1843 1008 ὀφθαλ-

284 1035 388 1103 μοῖς
407 1033 641 1101 φέροντα
662 1031 733 1084 τὰ
761 1032 1006 1102 σύμϐολα
1025 1034 1125 1103 τῆς
1151 1035 1314 1104 δῆθεν
1380 1030 1834 1100 imos-ophitast

278 1124 343 1176 Οὐ
373 1123 476 1192 μὴν
508 1124 734 1191 ἠρκεῖτο
778 1118 859 1184 οἷς
883 1123 1192 1193 εἴργασται,
1226 1124 1348 1175 οὐδὲ
1386 1123 1459 1185 ὡς
1488 1121 1647 1185 κῦδος
1698 1120 1834 1190 ἀράο

276 1230 423 1281 μενος
492 1214 630 1282 πρὸς
667 1212 839 1266 τᾶλλα
874 1214 982 1267 τῶν
1022 1216 1365 1284 πραγμάτων
1423 1213 1831 1267 ἀναπεπτώκει.

274 1303 422 1356 Ἀλλὰ
464 1304 652 1365 πόλεις
701 1303 868 1367 ἄλλας
906 1304 1107 1366 πολλὰς
1142 1307 1240 1357 καὶ
1291 1304 1528 1374 φρούρια
1567 1304 1836 1374 κατεκτή-

276 1412 419 1457 uno,
452 1399 546 1447 καὶ
597 1395 701 1448 ὑπὸ
730 1397 831 1464 τὴν
860 1396 957 1464 τῆς
1006 1396 1282 1465 βασιλείας
1323 1396 1572 1462 ἐξουσίαν
1607 1395 1840 1461 πεποίη-

275 1503 383 1549 κεν,
415 1486 517 1537 ὃσα
551 1486 647 1536 ἰπὶ
675 1486 786 1537 τῶν
820 1486 1114 1555 Ούρσελίου
1152 1488 1360 1557 καιρῶν
1407 1488 1659 1555 πονήρως
1703 1503 1839 1555 προ-

272 1576 570 1647 πέπραχεν.
608 1576 889 1630 Ἐντεῦθεν
912 1574 1002 1630 οὖν
1026 1578 1121 1641 τὰς
1151 1578 1306 1647 ἡνίας
1335 1578 1569 1647 στρέψας
1597 1577 1725 1629 εὐθὺ
1743 1578 1841 1641 τῆς

272 1667 534 1736 βασιλίδος
570 1669 782 1731 πόλεως
810 1669 1065 1739 ἤλαυνεν.
1091 1670 1386 1739 Γενόμενος
1416 1670 1471 1723 δὲ
1508 1672 1565 1721 ὲν
1589 1671 1653 1739 τῇ
1686 1669 1839 1720 U17:-

271 1759 390 1829 πῴᾳ
418 1759 569 1812 πόλει
610 1759 721 1829 (10)
774 1766 869 1813 καὶ
927 1762 1122 1831 μικρὸν
1170 1761 1461 1815 ἀναπαύων
1488 1763 1598 1814 τῶν
1630 1760 1840 1813 πολλῶν

269 1853 530 1917 καμάτων
592 1852 779 1904 ἑαυτόν
831 1868 891 1904 τε
950 1854 1044 1907 καὶ
1075 1852 1174 1923 τὴν
1230 1853 1526 1921 σύμπασαν
1582 1852 1840 1923 στρατιὰν
1876 1835 1916 1888 Β

268 1942 495 2008 πρᾶγμα
526 1940 776 1993 ίντεῦθεν
821 1933 971 1994 ὦπτο
1024 1941 1343 2010 πεποιηκὼς
1381 1942 1520 2013 ὅπερ
1559 1941 1839 2014 Ἡρακλῆς

265 2035 472 2096 ἐκεῖνος
504 2032 601 2086 ἐπὶ
635 2036 701 2103 τῇ
745 2033 842 2086 τοῦ
892 2034 1157 2103 Ἀδμήτου
1209 2033 1544 2103 Ἀλκήστιδι.
1590 2034 1676 2095 '0;
1731 2034 1839 2104 γὰρ

264 2119 402 2176 εἶδεν
448 2125 478 2176 ὁ
536 2124 821 2187 Δοκειανὸς
864 2124 975 2194 (Η)
1018 2127 1222 2187 ἐκεῖνος
1287 2127 1317 2176 ὁ
1368 2123 1461 2176 τοῦ
1516 2125 1841 2193 πριϐεόασι-

267 2215 517 2278 λςυκότος
561 2216 837 2269 Ἰσαακίου
867 2215 1150 2286 Κομνηνοῦ
1172 2214 1514 2284 ἀδελφιδοῦς,
1538 2218 1631 2268 καὶ
1648 2216 1839 2268 τούτου

265 2308 576 2376 ἐξάδελφος,
609 2308 751 2378 ἀνὴρ
773 2308 829 2360 δὲ
854 2301 1009 2371 οὗτος
1039 2306 1150 2360 τῶν
1180 2308 1439 2374 ἐπιδόξων
1463 2309 1554 2360 καὶ
1578 2307 1722 2375 γένει
1747 2307 1842 2358 καὶ

262 2401 572 2468 ἀξιώματι,
603 2400 696 2454 τὸν
727 2402 799 2453 Οὐ
809 2399 1021 2470 ρσέλιον
1046 2400 1113 2453 τὰ
1132 2401 1234 2469 τῆς
1254 2398 1580 2467 τυφλώσεως
1600 2398 1844 2467 σύμϐολα

264 2495 522 2563 φέροντα,
572 2492 668 2545 καὶ
705 2492 814 2544 ὑπό
868 2508 961 2543 του
1007 2491 1539 2563 χειραγωγούμενον,
1585 2490 1765 2560 βύθιόν
1790 2506 1843 2541 τι

264 2585 531 2651 στενάξας
561 2588 657 2637 καὶ
688 2582 1064 2653 ἐπιδακρύσας
1106 2584 1183 2652 τῷ
1238 2583 1537 2652 Ούρσελίῳ,
1581 2582 1841 2651 ὠμότητα

265 2676 640 2746 ιωγορὴκει
697 2674 792 2727 τοῦ
860 2674 1191 2746 στρατηγοῦ,
1260 2676 1356 2726 καὶ
1427 2672 1635 2743 μέμψιν
1697 2672 1844 2742 αύτῷ

260 2770 436 2838 ἐπῆγε
498 2768 690 2821 τούτου
744 2767 1185 2834 καταῦοὼμενος,
1239 2764 1314 2829 ὼς
1375 2764 1613 2817 τοιοῦτον
1679 2766 1845 2834 ἄνδρπ⁵

261 2877 359 2928 rev
372 2860 531 2913 ιάδαν
560 2877 620 2912 τε
644 2860 742 2912 καὶ
762 2859 1025 2927 ἄντικρυς
1056 2857 1215 2926 ἥρωα
1238 2855 1365 2917 τοὺς
1380 2855 1687 2923 ὀφθαλμοὺς
1710 2856 1845 2922 ἀφι-

262 2951 521 3020 λομένου,
558 2950 620 3003 ὃν
668 2948 836 3019 ἐχρῆν
870 2946 1217 3018 ἀτιμώρητον
1243 2944 1630 2999 διασώσασθαι.
1707 2945 1846 2997 Ἀλλ’

265 3044 479 3104 ἐκεῖνος
509 3041 633 3094 τότε
670 3040 793 3110 μὲν,
833 3039 944 3100 Τὰς
965 3038 1140 3097 αἰτίας
1180 3038 1279 3106 τῆς
1308 3036 1743 3103 ἁποτυφλώσιως
1767 3036 1848 3098 εις

1939 579 2051 649 jam
2084 580 2397 634 necessario
2429 579 2686 634 damnata
2726 595 2843 649 spe,
2898 579 2967 634 ad
3001 577 3368 633 simulandum
3407 580 3512 634 ob-

1944 674 2200 742 sequium
2233 672 2379 727 versi
2407 672 2576 734 cives,
2615 674 2821 743 pariter
2846 681 3011 741 atque
3042 672 3289 731 advenae,
3331 684 3429 739 pro
3451 683 3512 724 se

1941 765 2199 832 quisque,
2227 765 2567 835 apicularum
2603 778 2775 825 more.
2809 764 3088 834 symbolas
3113 762 3357 831 pecuniae
3379 776 3515 814 con-

1942 853 2231 908 tulerunt:
2295 869 2723 923 successumque
2756 854 2942 906 habuit
2991 853 3164 906 solers
3217 852 3517 906 consilium

1939 945 1996 1014 8
2027 944 2224 1010 Alesii,
2261 947 2390 1000 talia
2436 956 2696 1013 tanquam
2731 946 2798 998 ad
2830 959 3010 998 scenae
3060 943 3244 997 ludunt
3289 958 3513 1011 compo-

1942 1037 2152 1100 nentis,
2188 1046 2251 1089 ut
2281 1044 2560 1091 excuteret
2589 1050 2715 1104 spes
2757 1036 3034 1104 improbas
3064 1035 3282 1102 cupidis
3332 1049 3513 1087 rerum

1940 1140 2229 1191 novarum,
2262 1141 2493 1197 quorum
2526 1127 2578 1180 in
2618 1127 2849 1179 audacia
2908 1129 3266 1194 potentiaque
3317 1123 3516 1177 Urselii

1940 1218 2181 1272 studium
2212 1233 2277 1272 ac
2327 1218 2524 1272 ﬁducia
2561 1206 3017 1287 conqumscebat,
3061 1231 3331 1285 quemque
3369 1216 3514 1280 ideo,

1941 1310 2119 1377 quoad
2150 1324 2211 1364 re
2240 1310 2475 1380 integra,
2521 1324 2742 1375 sanum,
2796 1323 2860 1362 ac
2893 1308 3080 1361 utilem
3136 1309 3240 1362 sibi
3291 1309 3513 1377 adjungi

1942 1415 2101 1470 posse
2130 1400 2492 1466 confiderent,
2532 1403 2696 1470 plane
2730 1402 2837 1454 vim
2887 1402 3073 1469 potius
3112 1402 3515 1469 experirentur,

1941 1507 2104 1561 quam
2137 1494 2195 1546 in
2233 1494 2611 1563 erogatiouem
2649 1494 3056 1556 consentirent,
3092 1491 3307 1545 facilem
3357 1491 3513 1558 ipsis,

1941 1598 2003 1637 ac
2036 1598 2263 1653 pronam
2299 1583 2562 1648 futuram,
2588 1586 2757 1639 semel
2796 1585 3098 1653 persuasis,
3131 1599 3257 1637 eum
3290 1584 3514 1635 lumini-

1946 1677 2045 1731 bus
2083 1675 2359 1738 orbatum,
2411 1690 2572 1743 quem
2608 1676 2806 1729 ducem
2862 1674 2962 1742 ipsi
3015 1674 3120 1728 sibi
3169 1673 3515 1727 rebellaturis

1945 1769 2159 1823 scilicet
2190 1767 2583 1821 destinassent.
2618 1765 2777 1820 Hunc
2804 1765 2972 1834 igitur
3006 1765 3098 1818 tali
3128 1765 3366 1833 quadam
3402 1780 3516 1817 ma-

1943 1862 2254 1916 chinatione
2295 1861 2473 1913 virum
2516 1869 2738 1927 captum
2788 1856 3054 1910 mirificus
3103 1856 3228 1909 belli
3260 1855 3371 1908 dux
3421 1856 3518 1907 ha-

1945 1953 2065 2007 buit
2102 1953 2155 2005 in
2191 1950 2442 2005 custodia
2509 1950 2590 2004 sic
2638 1958 2896 2017 tanquam
2951 1948 3005 1999 in
3057 1960 3223 1999 cavea
3277 1945 3512 2010 leonem,

1943 2043 2242 2110 obligatum
2298 2042 2488 2095 oculos
2536 2040 2603 2094 ad
2646 2038 3081 2094 continuandam
3131 2037 3516 2090 excaecationis

1944 2134 2166 2188 famam.
2221 2132 2329 2187 Nec
2384 2146 2515 2187 vero
2574 2132 2690 2185 hac
2750 2129 2885 2185 satis
2938 2130 3173 2198 putavit,
3207 2138 3301 2183 aut
3356 2130 3513 2196 quasi

1943 2228 2161 2281 abunde
2195 2235 2350 2294 parta
2388 2223 2661 2278 fruiturus
2712 2222 2909 2292 gloria,
2942 2222 3294 2276 successibus
3326 2221 3516 2275 indor-

1943 2317 2065 2372 miit
2088 2333 2103 2370 :
2134 2330 2323 2369 verum
2348 2313 2633 2369 concussis
2658 2314 2905 2383 partibus
2931 2322 3045 2367 toto
3078 2314 3279 2380 impetu
3302 2312 3519 2366 ineunt-

1947 2409 2179 2463 bendum
2239 2418 2413 2471 ratus,
2451 2406 2641 2470 urbes,
2686 2420 2976 2474 arcesque,
3014 2419 3138 2472 quae
3190 2411 3517 2472 supererant

1945 2498 2215 2567 plurima},
2249 2510 2560 2565 aggressus,
2588 2494 2751 2563 plane
2784 2509 2894 2547 non
2923 2494 3076 2562 prius
3099 2493 3326 2563 quievit,
3351 2507 3515 2562 quam

1944 2588 2131 2643 omnia
2165 2603 2287 2657 qua!
2318 2589 2385 2639 ab
2432 2587 2591 2640 initio
2624 2584 3040 2640 Urselianorum
3076 2595 3386 2652 temporum
3423 2582 3518 2635 de-

1947 2682 2213 2747 fecerant,
2247 2680 2475 2747 imperio
2500 2678 2839 2735 restitueret.
2875 2676 3085 2740 Quibus
3116 2678 3226 2744 jam
3261 2673 3517 2744 patratis,

1947 2774 2127 2829 victor
2162 2773 2217 2825 in
2256 2773 2462 2843 regiam
2502 2772 2693 2825 urbem
2728 2779 2814 2825 est
2862 2770 3147 2833 invectus;
3201 2768 3293 2821 ubi
3326 2768 3518 2821 dome-

1946 2866 2082 2919 stica
2112 2864 2297 2933 quiete
2342 2878 2402 2919 se
2445 2871 2609 2932 atque
2655 2863 2959 2917 exercitum
3016 2861 3291 2932 paulisper
3326 2861 3395 2912 ab
3425 2873 3522 2910 ex-

1949 2956 2243 3025 peditionis
2274 2952 2510 3007 difﬁcilis
2544 2954 2824 3007 laboribus
2858 2951 2987 3006 dum
3025 2959 3261 3015 recreat,
3288 2948 3522 3017 contigit

1950 3044 2055 3113 ipsi
2083 3044 2245 3098 edere
2282 3042 2630 3107 miraculum,
2681 3043 2804 3112 ejus
2838 3057 2946 3096 non
2980 3040 3255 3102 absimile,
3301 3052 3412 3107 quo
3438 3039 3515 3091 die

255 3132 415 3195 αὖθις
429 3131 824 3195 ὲπακούσειας,
846 3128 1112 3187 ἐπειπὼν.
1132 3126 1356 3181 Φιλτατὲ
1384 3144 1493 3195 μοι,
1515 3128 1649 3195 μετὰ
1675 3126 1845 3196 βραχὺ

1950 3136 2095 3189 citur
2133 3134 2395 3189 Hercules
2446 3134 2681 3189 Admeto
2743 3143 3013 3188 mortuam
3064 3132 3293 3200 lugenti,
3342 3132 3520 3182 vivam

256 3226 340 3287 εἰς
372 3222 621 3276 οἰκίσκον
644 3220 872 3289 ἀγαγὼν
896 3221 1057 3273 αὐτόν
1076 3237 1134 3271 τε
1166 3220 1260 3272 καὶ
1283 3219 1374 3271 τὸν
1398 3220 1689 3288 Οὐρσέλιον
1714 3220 1846 3271 ἀνα-

256 3314 532 3367 καλύπτει
549 3314 608 3365 τὺ
629 3313 939 3382 πρόσωπον,
969 3311 1062 3363 καὶ
1091 3311 1363 3363 δείκνυσιν
1389 3308 1685 3379 Ούρσελίου
1721 3309 1846 3371 τοὺς

258 3405 585 3474 ὀφθαλμοὺς
638 3403 904 3474 πυρωπὸν
959 3401 1480 3470 ἁπαστράπτοντας.
1539 3399 1842 3468 Ἑξεπλάγη

257 3496 438 3548 ταῦτα
468 3495 544 3556 ὡς
587 3494 847 3553 ἐθεάσατο
888 3493 981 3544 καὶ
1012 3490 1323 3560 ἐθαύμασεν
1368 3493 1395 3542 ὁ
1434 3490 1717 3552 Δοκειανδς
1750 3488 1847 3542 καὶ

256 3588 365 3640 οὐκ
404 3582 557 3655 εἶχεν
596 3587 626 3637 ὃ
658 3602 711 3637 τι
743 3587 841 3639 καὶ
869 3585 1135 3654 χρήσαιτο
1159 3584 1234 3651 τῷ
1266 3583 1461 3653 πλήθει
1499 3582 1591 3634 τοῦ
1636 3582 1848 3652 θαύμα-

254 3694 379 3743 τος,
423 3679 523 3730 καὶ
567 3675 724 3744 θαμὰ
751 3679 871 3740 ταῖς
894 3675 1053 3745 ὄψεσι
1084 3675 1186 3733 τὰς
1228 3676 1414 3744 χεῖρας
1446 3674 1700 3737 ἐπέϐαλε,
1741 3674 1848 3743 μή·

256 3787 367 3823 που
404 3773 503 3824 καὶ
556 3769 696 3839 δναρ
726 3770 844 3820 ἐστὶ
893 3768 956 3820 τὸ
1012 3767 1384 3839 θεωρούμενον
1434 3768 1467 3836 ἢ
1527 3782 1609 3828 τις
1643 3766 1850 3836 μαγικὴ

252 3860 554 3929 τερατεία,
581 3860 616 3926 ἢ
649 3857 776 3911 ἄλλο
804 3873 857 3909 τι
889 3855 1132 3910 τοιοῦτον
1166 3857 1292 3928 ἄρτι
1322 3856 1555 3926 πρώτως
1605 3871 1849 3908 καινοτοο

258 3952 567 4020 μούμενον.
612 3950 701 4011 Ὠς
742 3949 799 4002 δὲ
849 3948 949 4019 τὴν
994 3949 1089 4001 ἐπὶ
1112 3948 1189 4019 τῷ
1235 3949 1390 4018 ἀνδρὶ⁸
1444 3946 1852 4018 φιλανθρωπίαν

254 4044 356 4095 τοῦ
420 4042 723 4109 ἑξαδάλφου
775 4039 1152 4106 κατεμάνθανε
1200 4039 1297 4093 καὶ
1350 4040 1489 4108 μετὰ
1518 4040 1617 4108 τῆς
1666 4037 1854 4104 φιλαν-

254 4134 523 4203 θρωπίας
557 4133 657 4201 τὴν
689 4131 909 4201 τέχνην,
950 4133 1255 4205 περιχαρὴς
1281 4129 1521 4199 γεγονὼς
1557 4128 1855 4200 ὲνηγκαλί-

257 4225 392 4289 ζετό
426 4241 490 4275 τε
526 4222 694 4275 αὑτὸν
712 4224 807 4275 καὶ
837 4221 1120 4290 κατεφίλει
1149 4222 1407 4283 πολλάκις
1437 4221 1499 4274 τὸ
1534 4220 1849 4291 πρόσωπον,

252 4317 335 4378 εἰς
395 4315 594 4384 ἡδονὴν
638 4312 699 4366 τὸ
747 4313 935 4381 θαῦμα
989 4312 1329 4382 μεταῦαλών.
1395 4312 1577 4365 Ταύτὸ
1596 4312 1652 4364 δὲ
1677 4311 1853 4382 τούτῳ

248 4406 578 4459 ’πεπόνθασι
634 4406 729 4457 καὶ
788 4406 837 4456 oi
896 4405 1028 4474 περὶ
1085 4405 1174 4457 τὸν
1216 4404 1440 4475 βασιλέα
1484 4404 1721 4476 Μιχαὴλ,
1761 4401 1856 4457 καὶ

258 4496 528 4566 βασιλεὺς
559 4495 724 4555 αὐτὸς
748 4492 845 4547 καὶ
871 4494 1094 4557 πάντες.

1949 3236 2197 3296 repente,
2231 3236 2392 3294 atque
2420 3227 2693 3294 vigentem
2722 3224 3033 3279 reddidisse
3059 3222 3368 3291 coniugem.
3394 3219 3525 3274 Erat

1948 3318 2246 3372 Doceanus
2280 3317 2468 3371 lsaacii
2495 3317 2782 3382 Cmnneni,
2815 3316 2907 3385 qui
2938 3329 3112 3383 nuper
3139 3315 3520 3381 imperaverat,

1949 3424 2014 3462 ex
2051 3423 2241 3462 sorore
2286 3422 2477 3477 nepos,
2519 3407 2695 3461 Alexii
2733 3406 3021 3476 patruelis,
3058 3405 3160 3470 vir,
3207 3411 3260 3458 et
3302 3419 3522 3472 genere,

1948 3507 2003 3553 et
2034 3498 2301 3568 dignitate
2339 3500 2521 3552 clarus
2575 3500 2627 3552 in
2688 3499 2913 3568 paucis;
2966 3499 3010 3551 is
3072 3511 3194 3550 cum
3253 3495 3522 3549 Urselnum

1949 3588 2180 3643 vidisset
2238 3602 2351 3642 suae
2409 3588 2743 3641 calamitatis
2807 3586 3165 3640 mendacibus
3221 3584 3525 3649 obnuptum

1949 3680 2235 3751 symbolis,
2270 3692 2549 3748 manuque
2582 3680 2808 3731 ductum
2843 3692 2871 3730 a
2904 3682 3161 3744 quopiam
3211 3674 3403 3726 tractis
3454 3687 3523 3724 ex

1951 3773 2149 3826 intimo
2196 3770 2460 3839 suspiriis
2499 3770 2722 3837 indigno
2781 3767 2883 3819 viri
2937 3766 3095 3818 fortis
3149 3764 3525 3831 illacrymatus

1951 3861 2133 3924 casui,
2168 3874 2279 3913 non
2312 3874 2371 3913 se
2406 3860 2604 3919 tenuit,
2646 3856 2780 3925 quin
2832 3855 3176 3909 crudelitatis
3214 3855 3525 3907 inhumanae

1952 3951 2240 4005 damnaret
2294 3948 2571 4013 Alexium,
2613 3949 2706 4018 qui
2758 3957 2867 4001 tam
2915 3960 3242 4008 generosum
3300 3946 3521 3999 heroem

1952 4049 2062 4095 tatu
2095 4040 2293 4095 misere
2323 4038 2702 4098 deformasset,
2726 4052 2889 4108 quem
2916 4052 3164 4092 servasse
3195 4036 3525 4090 incolumem

1954 4140 2292 4199 oportuerat.
2335 4131 2437 4185 Cui
2489 4130 2615 4186 ille:
2666 4129 3066 4183 Excaecationis
3118 4128 3282 4182 istius
3329 4141 3525 4180 causas

1955 4224 2060 4278 alia
2098 4223 2394 4279 occasione
2443 4238 2473 4277 a
2504 4238 2615 4280 me.
2673 4224 2875 4291 inquit,
2910 4221 3123 4286 audies,
3180 4219 3525 4279 charissime.

1955 4315 2065 4370 Nec
2095 4315 2243 4370 aliud
2274 4325 2404 4371 tunc
2437 4316 2682 4385 quidem.
2709 4316 2977 4369 Caeterum
3012 4313 3175 4383 paulo
3202 4320 3324 4382 post
3354 4309 3529 4363 deduo

1956 4407 2037 4460 xit
2071 4406 2347 4460 hominem
2374 4406 2429 4461 in
2461 4406 2874 4469 domunculam,
2910 4404 3095 4472 ibique
3141 4403 3331 4457 oculos
3361 4401 3530 4460 Urse-

1874 4485 2012 4550 Dlii
2062 4496 2253 4551 fasciis
2324 4497 2731 4565 involucrisque
2780 4497 3030 4563 remotis,
3082 4495 3264 4550 vivido
3320 4494 3528 4548 lumine

257 4595 570 4659 spirantes,
613 4596 947 4658 vegetosque
987 4589 1237 4643 Doceano
1267 4588 1617 4653 monstravit,
1654 4587 1848 4643 mirari
1883 4604 2165 4659 nunquam
2195 4589 2495 4653 desinenti,
2567 4592 3047 4660 contrectantique
3100 4590 3205 4645 sibi
3264 4591 3369 4659 ipsi
3435 4604 3532 4644 su-

259 4685 436 4736 binde
473 4682 695 4742 oculos,
729 4680 889 4748 quasi
922 4687 981 4733 ut
1035 4679 1317 4747 probaret,
1367 4693 1499 4731 num
1573 4678 1691 4733 haec
1734 4694 1884 4747 vere,
1927 4696 1995 4736 an
2063 4697 2171 4736 non
2217 4682 2401 4752 potius
2451 4696 2549 4752 per
2591 4684 2863 4738 somnium
2914 4691 3190 4750 cerneret,
3237 4681 3531 4752 magicisve

262 4777 586 4845 praestigiis,
620 4782 717 4827 aut
786 4772 892 4826 alia
942 4786 1082 4825 nova
1153 4771 1344 4828 fraude
1390 4770 1737 4827 illuderetur.
1784 4772 2025 4830 Tandem
2084 4775 2176 4830 ubi
2226 4776 2387 4846 plane
2442 4782 2726 4845 perspecta
2807 4783 2893 4830 est
2968 4774 3277 4829 humanitas
3330 4771 3528 4830 Alexii.

264 4874 557 4927 industria:
584 4869 749 4923 laude
776 4868 1076 4930 cumulata,
1107 4882 1262 4924 versa
1291 4869 1345 4921 in
1376 4866 1635 4937 gaudium
1666 4868 2050 4935 admiratione,
2118 4871 2321 4941 sapius
2370 4871 2717 4940 amplexatus
2788 4881 2893 4934 est,
2971 4870 3370 4938 suaviatusque
3434 4880 3534 4935 pa-

267 4966 539 5028 truelem;
574 4963 952 5029 laetitiamque,
981 4974 1045 5012 ac
1075 4957 1496 5029 gratulationem
1526 4972 1704 5021 suam,
1737 4958 1959 5030 vulgata
1992 4975 2117 5014 mox
2141 4962 2304 5027 fama,
2348 4960 2416 5014 in
2467 4959 2787 5015 comitatum
2846 4957 3129 5017 Michaelis
3189 4960 3533 5013 universum:

271 5064 560 5128 ipsumque
592 5057 732 5111 adeo
770 5056 824 5109 in
868 5056 1177 5122 Augustum
1212 5051 1554 5123 propagavit.

352 5150 641 5204 Ἐντεῦθεν
673 5148 841 5201 πάλιν
863 5148 958 5200 ἰπὶ
978 5145 1079 5214 τὴν
1131 5144 1372 5213 ἑσπέραν
1397 5144 1676 5213 πέμπεται
1705 5144 1861 5213 παρὰ

273 5240 584 5314 Νικηφόρον
625 5239 725 5295 τοῦ
766 5238 1173 5307 αὐτοκράτορος
1202 5236 1302 5307 ἢδη
1333 5234 1401 5288 τὰ
1442 5236 1686 5304 Ῥωμαῖα
1728 5234 1864 5303 σκῆ-

270 5348 411 5405 πτρα
469 5332 883 5406 κατεσχηκότος
942 5328 1086 5381 κατᾶ
1151 5326 1468 5397 Νικηφόρον
1531 5324 1625 5378 τοῦ
1683 5324 1857 5380 Baue-

2040 5141 2097 5209 9
2129 5139 2266 5195 Hinc
2300 5140 2497 5195 iterum
2524 5144 2580 5194 in
2615 5138 2965 5195 Occidentem
2991 5138 3218 5191 Alexius
3244 5139 3478 5191 mittitur
3501 5150 3533 5188 a

1962 5234 2270 5304 Nicephoro
2324 5233 2680 5303 imperatore,
2712 5233 2938 5287 Romani
2980 5232 3092 5300 jam
3153 5232 3349 5302 sceptri
3379 5247 3533 5284 com-

1961 5335 2109 5397 pote,
2171 5326 2435 5380 adversus
2494 5322 2859 5395 Nicephorum
2895 5321 3217 5407 Bryenium,
3270 5323 3535 5381 occiduas

1349 5488 1485 5548 Car.
1516 5484 1832 5548 Dufresnii
1864 5484 1956 5545 Du
2001 5482 2221 5559 Cangii
2257 5486 2448 5543 notae.

323 5634 441 5707 (l0)
473 5634 585 5707 Ἐν
618 5627 701 5707 τῇ
736 5619 1025 5707 actuactu
1063 5616 1422 5707 {Id-JStLIiOll—
1443 5618 1846 5707 Agolnstantino-

1971 5614 2150 5707 rut)
2192 5613 2528 5707 εξοκειανός.
2561 5608 2902 5707 ,Τιιοΐοᾱοξιιε
2947 5608 3232 5707 Poceanus
3287 5608 3537 5691 $cylitaa

250 5678 569 5776 poii',vqu‘o‘d
604 5678 1026 5776 vdit—disertus
1051 5690 1367 5776 interpres,
1403 5690 1498 5743 sed
1528 5688 1858 5776 gastamone
1965 5678 2169 5776 ﬂictus,
2199 5684 2267 5776 de
2292 5697 2402 5776 quo
2429 5690 2483 5734 et
2524 5680 2646 5759 ejus
2684 5678 2891 5734 familia
2924 5680 3179 5749 pluribus
3224 5678 3439 5749 agim‘us
3469 5680 3527 5733 in

246 5752 726 5849 {6133555052.
760 5768 822 5823 V.
854 5760 1184 5832 Bryenitnn,
1217 5752 1311 5813 lib.
1352 5774 1408 5825 ιι,
1441 5774 1495 5811 n.
1535 5758 1625 5810 26.
1968 5754 2266 5807 Stemmate
2295 5752 2649 5805 Comuenico.
2895 5773 2899 5776 ~
