4068 6264
332 356 423 419 im

1573 358 1992 419 ALEXIADIS
2028 357 2180 420 LIB.
2221 360 2270 419 Ι.

3467 351 3567 422 11’.)

324 493 374 526 τ-
416 476 504 526 mi
536 474 644 525 τιίν
671 472 907 543 κορύθων
929 471 1136 525 ἐκεῖθεν
1163 472 1421 536 ἐξέπιπτε
1449 473 1588 540 μετὰ
1612 472 1885 542 δείματος.

1999 474 2337 542 pulsantium
2396 473 2734 544 clypeorum,
2790 472 3063 528 terrilicus
3112 472 3386 530 intuentes
3430 490 3572 545 pran-

335 564 388 618 Ὀ
412 563 468 617 δὲ
503 566 586 626 εἰς
623 564 822 633 μέσους
857 562 1229 633 κυκλούμενος
1272 566 1299 617 ὁ
1329 565 1582 632 Βρυένιος
1643 565 1895 633 καθάπερ

321 663 401 717 τις
431 653 605 724 Ἀρης
638 647 858 725 ῆγίγας
917 654 1237 725 ὑπερωμίας
1293 657 1371 718 εἰς
1420 657 1603 726 πῆχυν
1636 656 1734 708 ἕνα
1781 656 1895 707 τῶν

324 744 488 798 ἄλλων
544 746 766 799 πάντων
802 744 1105 815 ύψούμενος
1163 748 1258 799 καὶ
1310 747 1633 817 αὐτόχρημα
1687 746 1895 815 θάμϐος

319 838 380 911 ἦν
411 841 502 896 καὶ
527 843 689 910 φόϐος
718 844 833 905 τοῖς
871 841 1184 908 θεωμένοις.
1243 830 1483 905 Ἕξωθεν
1543 842 1597 894 δὲ
1628 842 1720 894 τοῦ
1766 843 1895 912 σχή-

324 948 479 1001 ματος
528 934 641 1006 (27)
698 935 823 988 ὅλου
870 935 1069 987 ὡσανεὶ
1118 934 1265 986 δυοῖν
1334 934 1566 986 σταὸἔων
1616 934 1893 1002 διάστημα

320 1022 509 1081 Σκύθαι
539 1028 684 1093 τινὲς
722 1024 868 1103 ἦσαν
899 1028 1181 1098 σύμμαχοι
1215 1026 1574 1097 βαρϐαρικοῖς
1614 1044 1894 1097 κεκοσμη-

320 1120 462 1188 μένοι
501 1125 614 1185 τοῖς
640 1124 850 1185 ὅπλοις.
886 1122 1245 1193 Παρή·;γελτο
1295 1121 1376 1182 δὲ,
1402 1120 1621 1173 ἐπειδὰν
1649 1123 1697 1172 oi
1730 1121 1890 1173 πολέ-

320 1227 421 1278 μιοι
446 1216 774 1282 προφανεῑεν
797 1216 890 1266 καὶ
920 1214 952 1284 ἠ
986 1212 1221 1279 σάλπιγξ
1250 1211 1506 1280 πολέμιον
1546 1211 1887 1276 ἀλαλάξειεν,

322 1302 469 1366 εὐθὺς
500 1305 642 1358 κατὰ
667 1305 857 1359 νώτων
888 1307 1185 1374 ἐμπίπτειν
1212 1306 1304 1356 καὶ
1346 1304 1559 1373 βάλλειν
1593 1304 1716 1365 τοὺς
1754 1305 1891 1356 Σκύ-

316 1395 404 1459 θας
432 1398 541 1460 τοῖς
571 1398 863 1468 πολεμίοις
894 1399 987 1451 καὶ
1020 1397 1228 1451 θλίϐειν
1264 1397 1461 1458 αὐτοὺς
1493 1400 1604 1460 τοῖς
1666 1400 1884 1461 πυκνοῖς

313 1491 396 1540 καὶ
458 1490 714 1560 συνεχέσι
775 1489 1097 1560 τοξεύμασι,
1148 1492 1276 1552 τοὺς
1331 1491 1387 1543 δὲ
1449 1490 1670 1553 λοιποὺς
1712 1489 1894 1543 πυκνὰ

316 1582 826 1652 συνασπισαμένους
868 1584 1170 1654 ἐμπίπτειν
1199 1587 1339 1637 κατὰ
1371 1585 1432 1636 τὸ
1454 1585 1889 1655 καρτερώτατον.

312 1668 451 1721 Οὕτω
465 1672 562 1740 μὲν
582 1667 744 1736 οὗτος
779 1675 901 1734 τοὺς
922 1674 1060 1745 ἀμφ’
1077 1676 1241 1729 αὐτὸν
1258 1678 1561 1743 διετάξατο.
1605 1677 1662 1729 Ὀ
1677 1674 1732 1728 δέ
1751 1693 1813 1740 γε
1837 1676 1894 1726 ἐ-

314 1762 400 1829 μὸς
425 1765 660 1835 πατὴρό
704 1767 1356 1837 Κομνηνὸςᾌλέξιοέτοῦ
1399 1772 1564 1823 τόπου
1604 1769 1703 1838 τὴν
1744 1769 1893 1822 θέσιν

307 1856 786 1925 κατασκεψάμενος
805 1857 865 1910 τὸ
888 1858 985 1926 μὲν
1012 1859 1105 1912 τοῦ
1122 1861 1528 1931 στρατεύματος
1555 1861 1893 1931 κατέστησεν

309 1946 362 1996 ἰν
373 1963 474 1999 τισι
487 1949 730 2012 κοιλάσι,
754 1951 811 2002 τὸ
827 1950 869 2002 δ’
888 1953 1269 2022 ἁντιμὲτωπον
1285 1954 1479 2024 ἔστησε
1508 1956 1576 2024 τῆ
1590 1997 1604 2014 .
1627 1957 1892 2024 στρατιᾶς

308 2035 567 2105 Βρυενίου.
594 2042 803 2111 Ἀμφω
839 2042 894 2095 δὲ
920 2045 1375 2114 παραταξάμενος
1393 2048 1453 2100 τὸ
1467 2047 1892 2117 ὑποκαθήμενον

306 2136 390 2185 καὶ
404 2132 461 2185 τὸ
474 2135 782 2204 προφανὲς,
806 2137 900 2188 καὶ
930 2137 1216 2207 πτερώσας
1244 2138 1606 2209 λόγοιςᾶνδρα
1637 2140 1891 2205 ἕκαστον,

304 2220 387 2273 καὶ
401 2220 475 2283 είς
496 2221 731 2292 ἀνδρίαν
750 2222 988 2292 ἐπάρας,
1019 2223 1098 2294 τῷ
1132 2227 1228 2293 μὲν
1245 2225 1561 2297 ἐπέσκηπτε
1580 2227 1658 2297 τῷ
1693 2227 1892 2297 προλο-

303 2311 490 2380 χίζοντι
550 2313 829 2384 τάγματι,
870 2316 1090 2369 ἐπειδὰν
1128 2317 1268 2370 κατά
1305 2317 1477 2372 νώτου
1511 2319 1755 2387 γένοιντο
1785 2318 1892 2371 τῶν

304 2402 569 2473 πολεμίων
599 2405 934 2474 ἐξαιφνιδὶου
990 2408 1383 2477 προσπίπτειν,
1420 2409 1514 2462 καὶ
1555 2409 1675 2480 μεθ’
1712 2411 1890 2480 ὁρμῆς

298 2495 375 2547 ὅτι
395 2496 607 2567 πολλῆς
632 2497 729 2550 καὶ
754 2498 994 2568 σφοδρᾶς
1034 2500 1364 2571 ἐπαράττειν
1393 2502 1537 2555 κατὰ
1584 2500 1678 2555 τοῦ
1709 2502 1889 2569 δεξιοῦ

299 2589 554 2660 κέρατος.
605 2591 746 2654 Τοὺς
796 2591 843 2645 δ’
873 2593 1181 2657 ἀθανάτους
1220 2594 1553 2664 λεγομένους
1606 2597 1700 2648 καί
1737 2612 1890 2657 τινας

296 2682 394 2736 ἀπὸ
412 2684 527 2737 τῶν
580 2683 804 2739 Κελτῶν
857 2685 1036 2756 ἐαυτῷ
1089 2687 1515 2757 παρακατέσχε,
1552 2687 1645 2739 καὶ
1686 2687 1891 2741 τούτων

297 2775 692 2847 προὺτέτακτο·
760 2776 874 2830 τῶν
943 2778 1002 2832 δὲ
1065 2779 1412 2849 Χωματικῶν
1469 2781 1564 2833 καὶ
1630 2780 1892 2834 Τούοκων

295 2868 519 2944 ἔξαρχον
592 2874 687 2927 τὸν
736 2872 1084 2927 Κατακαλὼν
1131 2872 1463 2941 κατέστησε,
1525 2874 1621 2927 καὶ
1662 2874 1798 2944 πρὸς
1830 2874 1892 2927 τὸ

299 2962 563 3017 Σκυθικὸν
603 2965 750 3017 ἆπαν
790 2962 942 3032 ἔχειν
979 2961 1071 3016 τὸν
1110 2960 1237 3015 νοῦν
1271 2963 1366 3015 καὶ
1403 2964 1504 3026 τὰς
1564 2962 1891 3037 διεκδρομάς

296 3054 455 3110 αύτῶν
477 3056 866 3111 ἀπαλλάττειν
890 3054 1351 3124 παρεκελεύσατο.
1385 3054 1571 3108 Ταῦτα
1596 3056 1697 3126 μὲν
1719 3055 1890 3120 οὕτως

2002 568 2189 620 sertim
2242 566 2486 621 emicans
2520 581 2552 621 e
2601 567 2805 637 galeis,
2837 567 3094 635 splendor
3151 569 3575 639 perstringeret.

2002 659 2119 728 Ipse
2150 661 2204 714 in
2253 661 2450 716 mediis
2507 660 2797 731 Bryenins,
2832 662 2980 714 velut
3031 661 3217 726 Mars,
3274 672 3368 716 aut
3420 664 3575 733 gigas

1997 754 2244 823 quidam,
2280 754 2527 808 humeris
2557 753 2854 807 altitudine
2887 754 3113 808 cubitali
3150 770 3317 824 supra
3353 757 3572 809 turbam

1999 853 2253 900 eacteram
2286 845 2663 900 eminentibus
2695 848 2983 910 exstabat;
3017 845 3084 899 ad
3120 852 3356 916 speciem
3402 848 3572 902 mira-

2000 938 2181 1002 bilior,
2234 952 2304 991 an
2338 937 2407 991 ad
2466 947 2729 993 terrorem
2792 938 3221 1004 formidolosior,
3278 940 3571 997 incertum.

2000 1029 2162 1083 Extra
2214 1039 2386 1084 totum
2419 1030 2555 1083 aciei
2588 1044 2815 1098 corpus.
2869 1030 3160 1084 intervallo
3206 1032 3363 1098 quasi
3402 1032 3573 1086 duum

1998 1119 2324 1181 stadiorum,
2379 1120 2678 1174 auxiliares
2730 1119 2977 1188 quaedam
3013 1121 3184 1188 copia:
3241 1118 3574 1189 Scytharum

1996 1219 2174 1274 erant,
2211 1210 2518 1265 barbaricis
2549 1211 2836 1265 instructae
2879 1212 3068 1266 armis.
3118 1211 3191 1266 De
3227 1212 3311 1266 his
3343 1213 3575 1267 manda-

1999 1313 2111 1357 tum
2140 1313 2277 1367 erat,
2307 1314 2362 1357 ut
2389 1305 2555 1359 simul
2586 1316 2750 1375 atque
2773 1320 3039 1373 apparere
3066 1305 3274 1371 hostes,
3303 1316 3357 1361 et
3380 1321 3576 1361 canere

1997 1399 2230 1452 classica
2282 1398 2592 1466 cepissent.
2633 1399 2996 1452 circumducti
3051 1398 3277 1455 Barbari
3336 1414 3363 1451 a
3419 1409 3574 1470 tergo

1998 1490 2422 1543 "omitterentur
2455 1491 2507 1543 in
2542 1490 2749 1554 hostes,
2780 1507 2876 1544 eos
2904 1500 3173 1561 quantum
3217 1502 3439 1560 possent
3482 1508 3575 1547 as-

1997 1581 2157 1634 sidua
2209 1581 2547 1651 jaculatione
2603 1583 3031 1645 canturhaturi,
3091 1584 3222 1637 dum
3279 1585 3501 1640 interim
3539 1601 3572 1641 α

1998 1673 2177 1728 fronte
2210 1673 2469 1741 phalanx,
2500 1674 2814 1743 conjunctis
2845 1675 3035 1741 armis,
3060 1684 3114 1729 et
3147 1677 3379 1740 viribus,
3408 1692 3571 1745 quam

1997 1765 2481 1820 vehementissime
2550 1767 2605 1819 in
2664 1766 2955 1821 adversum
3011 1768 3193 1823 nitens
3254 1769 3575 1824 inferretur.

1922 1820 1968 1879 Β
1998 1856 2111 1913 lloc
2159 1858 2273 1912 fere
2315 1858 2480 1912 modo
2524 1858 2851 1913 instrui-tum
2885 1873 3077 1929 agmen
3117 1861 3169 1913 in
3208 1875 3441 1930 pugnam
3469 1863 3575 1915 du.

1994 1951 2151 2004 cehat
2175 1934 2472 2022 'Bryenius.
2508 1951 2672 2005 Pater
2702 1966 2835 2006 vero
2864 1967 3041 2018 mens,
3078 1953 3306 2007 Ali-xius
3338 1953 3579 2009 Corunc-

1997 2061 2136 2108 nus,
2192 2047 2346 2114 prius
2404 2046 2731 2109 observata,
2783 2054 3110 2116 raptataque
3164 2048 3576 2116 opportunitate

1996 2132 2361 2197 quarumdam
2403 2132 2645 2198 vallium,
2682 2141 2888 2201 partem
2924 2137 3209 2203 copiarum
3249 2136 3361 2190 illic
3394 2137 3573 2189 subsi-

1995 2224 2128 2275 tlot'e
2157 2222 2357 2290 jussit;
2396 2225 2639 2292 reliquas
2686 2226 2919 2281 adversa
2953 2225 3134 2280 fronte
3162 2226 3367 2293 objecit
3402 2228 3570 2281 hosti.

1998 2316 2208 2380 Quibus
2262 2302 2511 2384 utrisqu
2546 2332 2644 2386 pro
2678 2326 2946 2387 tempore,
2982 2334 3047 2374 ac
3090 2320 3211 2374 loco
3264 2320 3574 2386 instruetis,

1995 2407 2362 2478 excitatisque
2395 2408 2600 2462 diserta
2645 2413 2901 2465 oratione
2934 2412 3000 2466 ad
3054 2428 3167 2466 rem
3222 2421 3447 2467 strenue
3479 2428 3575 2482 ge-

1998 2496 2221 2550 rendam
2256 2498 2508 2565 privatim
2565 2499 2633 2553 iis
2686 2515 2831 2569 quos
2884 2502 2937 2554 in
2972 2501 3192 2556 insidiis
3242 2502 3570 2565 collocarat,

1999 2590 2356 2660 prarscripsit,
2402 2601 2459 2644 ut
2509 2594 2917 2660 quamprimum
2970 2597 3238 2649 sentirent
3286 2597 3471 2653 hostes
3505 2610 3572 2651 eo

1996 2683 2351 2751 processisse,
2385 2682 2476 2736 tibi
2507 2678 2580 2737 ab
2620 2684 2753 2753 ipsis
2781 2687 3150 2742 coorientibus
3173 2704 3200 2741 a
3250 2703 3407 2759 tergo
3452 2693 3576 2761 pul-

1996 2774 2104 2827 sari
2141 2781 2390 2842 possent,
2438 2773 2809 2844 insurgerent,
2863 2785 2917 2830 et
2970 2791 3132 2846 quam
3179 2779 3574 2834 tumultuosis-

1996 2866 2155 2931 sime,
2206 2867 2799 2937 vehementissimeque
2851 2877 3095 2937 possent,
3136 2871 3187 2923 in
3238 2886 3407 2924 cornu
3443 2871 3577 2927 dex-

1996 2965 2141 3012 trum
2201 2959 2616 3015 inveherentur.
2673 2960 2781 3015 Eos
2847 2976 3033 3030 porro,
3104 2962 3196 3031 qui
3251 2964 3575 3018 dicebantur

1998 3050 2357 3115 immortales,
2413 3062 2466 3106 et
2528 3053 2795 3122 quosdam
2849 3069 2880 3108 e
2933 3055 3105 3110 Gallis
3163 3057 3266 3125 12
3319 3057 3467 3112 circa
3513 3074 3574 3113 se

294 3143 418 3218 εἶχε·
449 3150 556 3203 καὶ
604 3152 728 3204 ἐπεὶ
775 3150 921 3203 κατὰ
958 3149 1086 3211 τοὺς
1121 3146 1397 3210 κοιλώδεις
1457 3148 1657 3210 τόπους
1686 3148 1745 3200 τὸ
1789 3148 1884 3201 τοῦ

1995 3143 2241 3209 retinuit,
2287 3143 2463 3213 iisque
2497 3144 2671 3198 voluit
2722 3146 2837 3214 ipse
2894 3161 3165 3214 praeesse;
3213 3146 3571 3202 Chomateuis

292 3238 548 3311 Βρυενίου
588 3245 783 3310 γέγονε
847 3241 1164 3313 στράτευμα
1201 3239 1387 3303 εὐθὺς,
1441 3239 1697 3312 σύνθημα
1727 3240 1888 3293 δεδω-

291 3331 433 3396 κότος
463 3330 591 3385 ’ποῦ’
624 3332 730 3403 μοῦ
760 3332 971 3403 πατρὸς
1012 3329 1274 3396 Ἀλεξίου,
1311 3331 1449 3400 μετὰ
1485 3329 1612 3401 βοῆς
1641 3330 1736 3383 καὶ
1763 3331 1890 3384 ἁλαο

289 3421 495 3495 λαγμοῦ
531 3425 863 3495 ἐμπηδῆσαν
900 3423 961 3475 τὸ
992 3425 1120 3493 περὶ
1155 3422 1252 3491 τὴν
1292 3422 1518 3493 ἐνέδραν
1570 3423 1888 3494 στράτευμα

289 3516 359 3585 τῷ
389 3534 445 3569 τε
475 3515 737 3585 αἰφνιδίῳ
779 3514 1131 3583 κατέπληξαν
1164 3514 1291 3577 τοὺς
1327 3514 1623 3584 πολεμίους
1656 3515 1883 3578 ἕκαστος

289 3606 388 3659 τῶν
410 3607 849 3678 παρατυχόντων
880 3604 1129 3676 πλήττων
1165 3622 1221 3656 τε
1251 3606 1345 3657 καὶ
1387 3605 1651 3674 φονεύων,
1689 3609 1777 3658 καὶ
1807 3609 1886 3670 εἰς

290 3701 468 3771 φυγὴν
505 3700 962 3771 κατηνάγκασαν.
1030 3697 1173 3751 Ἀλλ’
1228 3699 1257 3751 ὁ
1307 3699 1568 3769 Βρυένιος
1632 3698 1884 3768 Ἰωάννης

290 3795 379 3846 καὶ
435 3791 537 3846 τοῦ
607 3792 882 3862 ἡγεμόνος
931 3791 1286 3861 αὐτάδελφος,
1356 3792 1614 3862 μνησθεὶς
1647 3793 1884 3846 ἐνταῦθα

293 3884 537 3955 θούριδος
569 3885 746 3955 ἀλκῆς
780 3885 875 3937 καὶ
905 3883 1111 3954 θυμοῦ,
1144 3885 1221 3954 τῷ
1272 3884 1484 3955 ψαλλίῳ
1529 3886 1732 3955 τρέψας
1791 3887 1884 3938 τὸν

291 3972 452 4028 ῐππον
477 3973 695 4028 καὶτὸν
725 3975 955 4027 ἐπιόντα
990 3976 1338 4045 στρατιώτην
1389 3976 1660 4028 ἀθάνατον
1699 3976 1880 4045 πληγῇ

295 4068 390 4137 μιᾷ
413 4065 752 4121 καταϐαλὼν
783 4067 917 4138 ἔστη
929 4067 987 4119 σέ
1016 4084 1071 4119 τε
1092 4069 1285 4120 κλονου
1293 4067 1465 4137 μένην
1488 4067 1586 4139 τὴν
1602 4069 1879 4137 φάλαγγα,

293 4161 379 4211 καὶ
413 4159 559 4213 οὕτω
590 4158 862 4223 συντάξας
902 4158 1093 4212 ἀπῶσε
1145 4161 1272 4229 τοὺς
1320 4157 1638 4226 πολεμίους.
1696 4161 1884 4229 Οὕτως

291 4249 338 4303 οἱ
366 4251 624 4305 ἀθάνατοι
652 4249 1043 4322 προτροπάδην
1084 4253 1226 4320 μετά
1256 4268 1397 4311 τινος
1424 4252 1695 4322 ἀκοσμίας
1724 4253 1864 4320 ipso

291 4358 379 4406 γον
412 4343 517 4397 ὑπὸ
544 4344 658 4396 τῶν
687 4343 924 4397 κατόπιν
955 4344 1045 4397 ἀεὶ
1087 4344 1437 4415 στρατιωτῶν
1472 4344 1880 4415 ἁποκτιννύμε-

293 4450 385 4486 νοι.
408 4436 465 4488 '0
488 4436 547 4489 δέ
577 4452 641 4502 γε
656 4436 792 4505 ἐμὸς
825 4433 1034 4504 πατὴρ,
1063 4438 1141 4497 είς
1181 4436 1381 4504 μέσους
1404 4436 1597 4490 ἑαυτὸν
1625 4438 1879 4509 ἐμϐαλὼν

297 4526 399 4578 τῶν
436 4528 737 4597 πολεμίων,
779 4528 874 4580 ναὶ
913 4527 1175 4593 γενναίως
1216 4527 1621 4597 ἀγωνιζόμενος
1669 4531 1876 4585 ἑκλόνει

305 4620 395 4685 μὲν
446 4623 539 4673 καὶ
589 4616 745 4684 οὗτος
779 4621 840 4672 τὸ
886 4619 1051 4688 μέρος
1090 4619 1173 4687 ἐφ’
1202 4613 1355 4690 ᾧπερ
1410 4619 1476 4673 ἂν
1520 4624 1875 4691 παραγίνοιτο

300 4713 533 4783 πλήττων
574 4716 811 4769 ἕκαστον
844 4716 937 4768 τὴν
981 4715 1114 4784 πρὸς
1158 4714 1319 4767 αὐτον
1380 4715 1527 4769 ἰόντα
1580 4720 1674 4772 καὶ
1712 4718 1873 4782 εὐθὺς

295 4808 638 4860 καταϐάλλων
670 4805 916 4870 ἐλπίζων
946 4805 1004 4858 δέ
1034 4805 1363 4871 ξυνέπεσἹαι
1419 4807 1513 4858 καί
1544 4826 1691 4870 τινας
1723 4809 1873 4878 ἀμύ-

294 4913 393 4948 ν;ιν
438 4898 587 4967 αὖτῷ
648 4898 1021 4968 στρατιώτας,
1077 4898 1493 4968 ἀκατασχέτως·
1544 4900 1725 4969 εἴχετο
1776 4902 1870 4954 τοῦ

295 4991 514 5057 ἀγῶνος,
546 4994 884 5061 αἰσθόμενος
945 4991 1003 5044 δὲ
1076 4990 1474 5061 διαρραγεῐσαν
1531 4992 1631 5064 τὴν
1680 4993 1878 5047 ἐαυτοῦ

298 5081 558 5153 φπλαγγα,
593 5085 693 5139 καὶ
760 5085 867 5155 ήδη
925 5079 1196 5152 πολλαχοῦ
1275 5083 1689 5147 σκεδασθεῖσαν,
1757 5087 1882 5149 τοὺς

298 5177 700 5250 εᾶᾦυχοτέρους,
767 5178 831 5243 ἓξ
884 5177 944 5229 δὲ
993 5172 1133 5247 ἦσαν
1166 5180 1216 5231 οἱ
1248 5178 1587 5246 σύμπαντες,
1622 5178 1882 5243 συλλεξά-

302 5283 439 5333 μενος
488 5271 862 5325 ἐὸουλεύσατο
917 5270 1313 5338 σπασαμένους
1360 5268 1430 5322 τὰ
1477 5267 1631 5338 ξίφη,
1661 5270 1882 5321 ἐπειδὰν

301 5362 556 5429 ἑγγὶσαιεν
611 5365 695 5436 τῷ
748 5362 1024 5434 Βρυενίῳ,
1079 5362 1198 5415 κατ’
1247 5361 1414 5416 αὐτοῦ
1465 5364 1664 5430 χωρεῖν
1726 5362 1879 5413 ἀναι.

302 5453 540 5522 σκύιτως,
570 5457 682 5512 κᾶν
721 5456 840 5511 δέοι
896 5453 1185 5515 κάκείνους
1234 5452 1384 5521 αὐτῷ
1450 5451 1869 5507 συναποθανεῖν.

308 5543 428 5601 Ἀλλ’
455 5553 682 5625 ἀπεῖρξε
732 5549 835 5602 τοῖ
886 5544 1132 5600 τοιούτου
1189 5544 1557 5615 βουλεύματος
1606 5545 1868 5607 Θεόδοτος

1991 3248 2147 3298 vero,
2182 3250 2246 3288 at:
2276 3233 2470 3291 Turcis
2502 3238 2695 3290 ducem
2730 3236 2973 3305 przefecit
3016 3237 3426 3302 Catacalonem,
3479 3241 3567 3293 cui

1990 3328 2213 3382 deditin
2245 3329 2542 3391 mandatis,
2568 3329 2887 3383 observaret
2921 3329 3177 3399 Scythas.
3211 3341 3264 3385 et
3289 3333 3568 3402 negotium

1992 3421 2279 3491 propriqu
2320 3421 2545 3475 haberet
2575 3436 2763 3475 eorum
2810 3421 3228 3477 incursionibus
3273 3424 3568 3478 obsistere.

1990 3511 2088 3565 llis
2145 3510 2217 3564 ita
2273 3511 2579 3580 dispositis,
2638 3511 2799 3565 simul
2865 3510 2931 3564 ad
2991 3509 3317 3565 insidiatum
3386 3512 3567 3567 locum

1992 3602 2207 3674 llrycnii
2237 3606 2514 3659 exercitus
2539 3615 2832 3674 provectus
2863 3613 2970 3669 est,
2996 3606 3155 3675 signo
3182 3623 3313 3661 ecce
3346 3614 3572 3676 rep-nte

1990 3699 2059 3751 ab
2088 3698 2282 3751 Alexio
2317 3698 2483 3759 dato,
2546 3706 2843 3766 erumpunt
2897 3699 3073 3750 nostri
3127 3714 3157 3751 e
3208 3697 3458 3761 latebris,
3514 3707 3574 3751 et

1992 3789 2188 3858 partim
2234 3786 2527 3856 improvisa
2562 3787 2745 3854 specie
2773 3786 2924 3847 mali,
2964 3787 3158 3854 partim
3203 3787 3568 3857 impressione

1988 3880 2321 3939 vehementi,
2368 3878 2719 3945 aedibusque
2772 3877 3056 3930 obviorum
3123 3878 3308 3935 hostes
3376 3882 3566 3934 turba-

1987 3979 2117 4025 runt
2167 3972 2446 4040 primum,
2501 3984 2624 4021 mox
2660 3968 2825 4021 etiam
2882 3967 2936 4020 in
2990 3967 3172 4037 fugam
3226 3982 3564 4027 averterunt.

1986 4061 2088 4116 llic
2121 4060 2386 4130 Bryenius
2427 4057 2692 4120 Joannes,
2753 4057 3107 4126 imperatoris
3157 4055 3351 4117 frater,
3410 4060 3567 4109 forti-

1988 4156 2197 4220 tudine,
2231 4168 2339 4220 qua
2369 4164 2581 4205 summa
2616 4148 2854 4212 valebat.
2906 4157 3016 4201 tota
3065 4164 3201 4201 usus
3233 4149 3285 4201 in
3319 4161 3566 4219 tempore

1986 4249 2147 4304 vertit
2200 4261 2398 4315 equum
2465 4242 2659 4305 freno’,
2720 4243 3122 4309 instantemque
3183 4242 3283 4295 sibi
3331 4258 3359 4294 a
3412 4253 3566 4312 tergo

1987 4340 2233 4403 militem,
2272 4351 2441 4388 unum
2504 4334 2818 4402 quempiam
2877 4346 2940 4383 ex
3000 4331 3407 4386 immortalibus
3454 4347 3563 4386 una

1989 4433 2141 4501 plaga
2171 4430 2392 4498 deiecit,
2434 4426 2680 4493 stititque
2714 4438 2939 4477 suorum
2986 4423 3193 4493 fugam,
3227 4433 3283 4478 et
3330 4424 3565 4494 phalan-

1912 4497 1960 4552 θ
1990 4497 2106 4590 peni
2154 4538 2183 4573 a
2232 4497 2656 4573 conturbatione
2705 4524 3041 4579 revocatum,
3093 4515 3366 4571 restitutis
3409 4517 3568 4571 ordir

1987 4613 2169 4673 nibus,
2205 4611 2257 4663 in
2292 4609 2478 4682 hostes
2508 4607 2741 4669 ducens,
2776 4622 2874 4661 eos
2925 4607 3146 4676 repulit.
3194 4605 3565 4679 Vicissimque

1985 4703 2344 4765 immortales,
2407 4698 2731 4769 Bryenianis
2773 4708 2925 4770 terga
2957 4700 3333 4767 suadentibus,
3368 4717 3562 4772 parum

1986 4799 2209 4852 honeste
2240 4793 2545 4863 fugiebant.
2581 4793 2648 4844 At
2686 4802 2838 4860 pater
2876 4808 3030 4849 meus
3053 4795 3166 4860 jam
3202 4794 3271 4848 ab
3317 4796 3474 4849 initio
3509 4796 3561 4848 iu

1984 4890 2191 4943 medios
2218 4888 2402 4939 illatus
2439 4886 2648 4947 hostes,
2683 4900 2847 4951 quam
2882 4885 2934 4937 in
2965 4886 3100 4940 aciei
3137 4895 3346 4955 partem
3379 4887 3568 4939 incur-

1982 4990 2150 5044 rerat,
2208 4994 2326 5034 eam
2384 4977 2599 5032 fortiter
2648 4978 2885 5043 agendo,
2940 4992 3003 5031 ac
3062 4994 3334 5047 quemque
3367 4987 3559 5031 contra

1980 5075 2288 5145 venientem
2357 5079 2579 5145 strenue
2644 5068 2957 5138 dejiciendo
3024 5079 3416 5123 commoverat.
3494 5068 3563 5120 Et

1984 5144 2243 5235 pergebat
2270 5154 2656 5216 irrevocabilis
2694 5161 2746 5213 in
2782 5160 3026 5229 incepto,
3056 5160 3338 5214 conlidens
3365 5160 3563 5212 adesse

1983 5259 2087 5313 sibi
2112 5271 2268 5319 suos,
2299 5264 2353 5307 et
2387 5252 2686 5322 subsequi;
2720 5252 2895 5305 donec
2954 5253 3173 5305 tandem
3206 5250 3378 5304 sensit
3412 5248 3560 5302 frac-

1984 5368 2092 5410 tam
2127 5368 2283 5408 suam
2318 5352 2672 5422 phalangem,
2708 5344 3019 5412 fusamque,
3056 5362 3120 5399 ac
3169 5345 3294 5413 fuga
3344 5345 3565 5413 disper-

1983 5463 2121 5503 sam.
2158 5445 2295 5500 Tum
2326 5461 2456 5500 vero
2487 5443 2805 5499 fortissimis
2838 5440 3151 5509 quibusque
3181 5453 3435 5501 suorum,
3467 5435 3560 5501 qui

1976 5542 2043 5597 ad
2072 5556 2291 5595 manum
2322 5546 2503 5604 erant,
2540 5550 2727 5591 secum
2753 5532 3074 5603 assumptis,
3104 5546 3200 5586 sex
3228 5531 3281 5586 lii
3312 5531 3558 5592 fuerunt,

1370 5711 1510 5773 Car.
1541 5706 1870 5770 Dufresnii
1906 5705 1997 5764 Dn
2033 5701 2259 5781 Cangii
2293 5708 2483 5762 notio.

357 5836 457 5908 (Ξῖ)
501 5842 774 5904 Ἐξωθεν
832 5835 947 5891 τοῦ
975 5834 1312 5906 σχήματος.
1360 5833 1502 5889 Edit.
1548 5832 1825 5889 Hcescbcl.
1870 5831 1885 5881 ἒ

1989 5829 2070 5883 ὶεν
2100 5830 2156 5883 δὲ
2182 5827 2275 5882 τοῦ
2300 5822 2585 5895 εὐωνύμου
2605 5816 2865 5890 κέρατος.
