4068 6264
473 368 575 433 115

1782 378 2009 439 ANNIE
2052 372 2360 437 COMNEN
2370 378 2433 435 1E

3607 375 3712 436 116

462 478 721 538 lteddidit
768 479 814 533 is
844 490 1176 550 conspectus
1205 483 1420 541 animos
1453 486 1654 553 sociis;
1706 488 2027 542 mirabiliter

2139 489 2236 542 τῶν
2264 489 2447 541 ἳππων
2472 486 2890 552 ἀποϐεϐηκότων
2953 486 3059 537 τῶν
3099 486 3365 553 Φράγγων
3411 487 3504 539 καὶ
3532 487 3714 552 δεξιὰς

461 572 606 625 enim
639 576 975 626 consternati
1008 574 1245 639 fuerant,
1276 586 1388 630 tum
1431 578 1600 634 rebus
1633 580 1756 634 aliis
1793 582 2028 650 impros-

466 664 628 733 peris,
652 669 1081 733 tumprmsertim
1102 667 1409 724 defectione
1432 669 1793 725 Francorum.
1823 671 2025 726 Franci

466 753 738 821 siquidem
772 756 849 809 illi
895 757 1021 826 ipsi,
1055 773 1198 824 quos
1234 775 1421 813 secum
1460 764 1512 814 in
1547 777 1724 830 pugna
1759 778 1902 824 esse,
1948 763 2025 816 si-

466 847 627 915 oique
656 849 1159 916 comitnrijusserat
1185 851 1432 911 A'exius,
1453 867 1566 919 p05!
1601 852 1827 921 primam
1860 854 2025 917 illam,

465 954 623 1007 quam
660 941 921 999 diximus.
957 941 1137 1008 fugam
1173 953 1507 1000 nostrorum.
1540 946 1837 999 desultorie
1875 956 2027 997 tran.

465 1029 671 1082 siet-ant
702 1030 766 1083 ad
796 1029 1110 1100 Bryeniutn,
1134 1033 1453 1102 dextrisque
1480 1035 1678 1086 oblatis
1711 1040 1786 1105 (ut
1820 1037 2027 1102 patrius

464 1135 705 1185 ipsorum
747 1135 862 1172 mas
895 1122 1008 1189 est)
1044 1124 1145 1174 fide
1178 1134 1423 1191 accepta,
1477 1127 1739 1194 dataque,
1793 1130 2026 1194 ptimum

465 1214 647 1278 pauci,
684 1212 882 1268 deinde
909 1216 998 1269 alii
1033 1217 1251 1269 aliunde
1286 1228 1407 1284 post
1439 1219 1574 1273 alios
1599 1221 1663 1272 ad
1694 1219 2029 1291 Bryi-nianos

463 1304 865 1370 conﬂuxerant,
920 1308 1217 1373 spectaturi
1268 1308 1395 1375 quid
1448 1309 1689 1363 futurum
1746 1322 1911 1367 esset.
1969 1312 2027 1366 Id

464 1396 666 1446 malum
730 1404 955 1449 strenue
1008 1413 1105 1465 per
1159 1402 1457 1453 exercitum
1523 1403 1785 1456 tutntians
1849 1403 2027 1467 fama,

464 1484 634 1536 multo
673 1485 830 1552 pejus
867 1486 1090 1541 fecerat.
1136 1489 1267 1544 inde
1290 1494 1431 1543 enim
1463 1495 1779 1548 senescebat
1825 1495 2034 1549 Alexia-

464 1591 659 1631 norum
699 1577 929 1643 impetus
970 1579 1317 1648 bellantium,
1351 1593 1402 1635 et
1435 1583 1808 1637 fortitudinem
1835 1586 2030 1650 optimi

463 1665 737 1737 cujusque
770 1669 1130 1726 labefartabat
1161 1674 1471 1740 desperatio
1497 1677 1826 1745 subrepens.
1857 1678 2031 1732 Caete-

463 1772 581 1809 rum
631 1773 752 1811 cum
812 1758 882 1810 ita
924 1776 983 1813 se
1047 1778 1133 1817 res
1188 1764 1427 1817 hostium
1483 1765 1683 1819 habere
1743 1775 2030 1821 cernerent
2063 1798 2103 1855 Β

464 1858 572 1901 tam
605 1851 638 1907 ii
672 1853 764 1920 qui
798 1853 1002 1911 dudum
1039 1863 1198 1911 erant
1227 1871 1350 1908 cum
1382 1856 1597 1920 Alexio,
1650 1873 1813 1927 quam
1848 1861 1941 1927 qui
1972 1876 2032 1915 se

463 1960 652 2000 recens
704 1950 1084 2013 adiunxerant,
1140 1951 1325 2018 Turci,
1389 1955 1620 2008 consilio
1661 1972 1725 2009 ex
1792 1966 2031 2026 tempore

463 2048 643 2107 Capto.
681 2041 838 2108 cujus
874 2050 1068 2095 auctor
1102 2043 1326 2098 Alesius
1367 2045 1491 2110 fuit,
1532 2054 1645 2103 tres
1695 2057 1905 2103 turmas
1945 2049 2030 2102 fa-

462 2129 652 2197 ciunt;
682 2130 821 2186 duas
847 2135 902 2186 in
941 2134 1060 2188 loca
1092 2135 1425 2202 subsistere,
1458 2138 1674 2191 tertiam
1726 2139 1924 2194 vadere
1977 2140 2029 2193 in

464 2220 651 2277 hostes
680 2223 881 2278 visum.
912 2217 1306 2293 PorroTurci,
1346 2244 1456 2283 non
1486 2239 1742 2285 conserto
1793 2232 2029 2301 agmine,

463 2312 821 2382 densatisque
870 2317 1183 2379 ordinibus,
1240 2320 1404 2373 simul
1448 2335 1639 2375 omnes
1690 2321 2030 2386 ferebantur,

464 2404 561 2458 sed
614 2405 837 2460 solutim
894 2423 999 2478 per.
1050 2410 1380 2480 manipulos,
1430 2412 1800 2468 crebrioribus
1858 2413 2032 2483 globis

467 2497 651 2565 spatio
698 2499 931 2567 quodam
983 2502 1051 2556 ab
1094 2502 1325 2558 invicem
1386 2504 1681 2572 disjunctis
1710 2544 1725 2570 ,
1778 2520 1875 2574 per
1922 2505 2033 2560 alas

464 2587 744 2656 sigillatim
781 2592 967 2648 hostes
996 2592 1413 2661 adoriebantur,
1450 2596 1606 2665 equis
1654 2596 1708 2661 in
1751 2596 1905 2665 ipsos
1935 2597 2034 2651 ad-

465 2680 672 2746 missis,
730 2692 785 2736 et
841 2685 1222 2753 pharetrarum
1281 2688 1521 2755 pendere
1567 2687 1929 2756 ejaculatioue
1979 2688 2034 2742 in

464 2773 655 2825 eodem
692 2773 948 2841 plurima,
994 2785 1363 2847 consumpto.
1403 2778 1532 2832 Post
1568 2779 1667 2832 hos
1709 2780 2035 2847 sequebatur

466 2864 561 2932 qui
596 2865 904 2921 universam
940 2869 1082 2922 hanc
1108 2870 1350 2923 militiam
1379 2886 1487 2924 uno
1514 2871 1744 2926 consilio
1775 2871 2035 2927 devinxe-

468 2962 555 3008 rat
595 2964 749 3022 pater
786 2972 944 3012 meus
978 2960 1225 3020 Alexius,
1257 2962 1503 3016 collectis
1533 2963 1682 3017 circa
1729 2977 1789 3015 se
1823 2978 1889 3016 ex
1918 2963 2035 3018 dis-

467 3060 750 3114 persorum
804 3063 1033 3103 numero
1093 3051 1181 3113 iis,
1237 3066 1622 3122 quoscumque
1675 3063 2034 3109 occurrentes

466 3138 686 3194 allicere
720 3141 923 3197 milites
954 3144 1243 3210 potuisset.
1300 3143 1397 3198 llic
1446 3146 1646 3214 aliquis
1698 3163 1764 3202 ex
1826 3149 1892 3202 iis
1937 3148 2030 3216 qui
2066 3131 2110 3188 (ἶ

467 3230 611 3284 circa
675 3233 921 3286 Alexium
993 3242 1169 3301 erant,
1224 3236 1649 3302 immortalibus,
1704 3238 1897 3293 audaci
1949 3238 2034 3292 vir

465 3335 707 3390 pectore,
744 3332 796 3377 et
850 3341 1024 3393 usque
1064 3327 1130 3379 ad
1177 3330 1542 3382 temeritatem
1595 3332 1900 3399 praefidens,
1941 3332 2036 3383 ad-

466 3414 639 3471 misso
672 3430 813 3483 equo
844 3416 984 3470 ultra
1017 3421 1239 3473 ordines
1270 3436 1622 3489 procurrens,
1673 3423 1849 3489 ipsum
1887 3431 2035 3477 recta

466 3501 781 3573 Bryenium,
846 3504 1074 3559 habenis
1120 3505 1377 3562 immissis
1417 3510 1700 3574 omnibus,
1756 3509 1928 3579 petiit,
1981 3517 2036 3563 et

468 3595 681 3650 hastam
724 3596 814 3652 ille
844 3597 1064 3667 quidem
1097 3598 1585 3655 vehementissime
1636 3599 1870 3655 adverso
1904 3616 2034 3669 pec-

471 3688 574 3742 tori
602 3687 815 3759 Bryenii
850 3680 1427 3759 applicuit.'Ca3terum
1454 3692 1524 3755 is,
1549 3700 1839 3760 antequam
1868 3692 2038 3745 hasta:

468 3796 658 3836 mucro
690 3782 911 3837 thorace
949 3784 1219 3839 terebrato
1250 3783 1566 3855 iuﬁgeretur
1613 3784 1799 3846 altius.
1853 3793 1905 3838 et
1952 3782 2038 3851 ip-

469 3887 589 3928 sum
628 3874 821 3933 hastile
849 3876 1119 3947 confregit
1143 3879 1352 3942 statim,
1378 3888 1431 3933 et
1458 3878 1724 3933 vibrantis
1749 3878 2036 3932 brachium

471 3980 502 4021 a
537 3983 756 4023 summo
785 3972 1015 4025 humero
1046 3987 1301 4036 exorsus,
1343 3986 1658 4041 quanquam
1710 3971 1888 4026 ferreo
1921 3989 2040 4026 mu-

472 4060 641 4114 nitum
676 4064 938 4133 tegmine,
968 4074 1137 4118 totum
1169 4065 1367 4128 secuit,
1402 4065 1664 4133 humique
1716 4067 2037 4132 prostravit.

469 4154 550 4207 Ac
576 4153 739 4209 Turci
767 4157 987 4224 quidem
1036 4156 1142 4210 sibi
1187 4155 1566 4219 succedentes,
1624 4162 1797 4209 totum
1844 4172 2039 4225 agmen

472 4248 688 4320 Bryenii
753 4253 1072 4322 sagittarum
1126 4251 1361 4306 assiduis
1419 4251 1746 4318 quibusdam
1801 4252 2041 4310 nubibus

471 4342 886 4397 inumbrabant.
920 4343 1121 4397 Contra
1155 4360 1291 4411 quos
1322 4343 1633 4413 Bryeniani,
1685 4345 1812 4399 licet
1850 4361 2044 4415 repen-

473 4434 586 4486 tina
619 4434 867 4489 nonnihil
900 4436 1215 4489 incursione
1249 4436 1474 4499 turbati,
1506 4436 1822 4505 colligentes
1849 4453 1906 4493 se
1938 4437 2040 4507 15

474 4534 683 4587 tamen,
717 4534 771 4579 et
828 4526 882 4580 in
940 4527 1160 4582 ordines
1207 4536 1401 4584 euntes
1456 4530 1819 4599 obsistebant,
1883 4538 2045 4600 prout

472 4624 834 4683 poterant,et
857 4618 983 4671 belli
1019 4619 1234 4687 pondus
1280 4622 1667 4675 sustentabant
1725 4632 2035 4692 utcunque,

473 4707 829 4764 adhortantes
883 4726 1005 4766 sese
1057 4714 1285 4766 invicem
1340 4715 1405 4766 ad
1467 4723 1691 4772 strenue
1746 4717 2043 4785 agendum.

474 4797 675 4854 Verum
710 4808 763 4854 et
795 4801 981 4866 Turci,
1011 4814 1063 4857 ct
1095 4811 1252 4872 pater
1291 4820 1442 4860 Ineus
1474 4815 1599 4876 post
1628 4808 2044 4876 impressionem

473 4892 656 4961 exigui
693 4895 955 4964 temporis
982 4907 1351 4964 recesserunt,
1383 4914 1449 4953 ex
1476 4900 1782 4969 composito
1812 4898 1935 4969 fuga
1967 4900 2044 4953 si-

2129 580 2379 632 διδὸντων
2405 578 2515 644 (55)
2544 576 2691 645 αύτῷ
2724 576 2974 642 καθάπερ
3003 574 3066 643 δὴ
3096 575 3321 643 πάτριόν
3360 576 3475 627 ἐστι
3507 575 3714 628 διδόναι

2128 670 2225 733 τὰς
2259 670 2487 731 πίπεις,
2518 668 2675 730 ἄλλος
2707 667 2999 736 ἀλλαχόθεν
3028 667 3163 736 πρδς
3183 666 3401 729 τούτους
3424 666 3718 737 ξυνέρῤεον

2142 762 2465 828 θεασόμενοι
2517 760 2576 811 τὸ
2619 760 2924 826 γινόμενον.
2966 757 3294 821 Διεσάλπιζε
3352 759 3460 827 γὰρ
3486 760 3519 828 ή
3552 759 3710 828 φήμη

2130 852 2527 919 τὸ’στράτευμα
2560 850 2634 910 ὡς
2661 850 2769 915 ἄρα
2801 848 2895 900 καὶ
2925 849 2975 899 οἱ
3012 849 3251 916 Φράγγοι
3285 847 3497 910 τούτοις
3530 866 3706 917 προσ-

2134 942 2318 1002 έ’)εντο
2353 942 2444 991 τὸν
2477 939 2917 1007 ἀρχιστράτηγον
2973 937 3424 998 καταλελοιπὸτες
3450 937 3711 1003 Ἀλέξιον,

2134 1035 2290 1087 Οὕτω
2334 1033 2469 1100 δῆτα
2499 1030 2917 1099 συγκεχυμένως
2952 1029 3174 1098 ἔχοντας
3205 1029 3453 1093 τούτους,
3495 1031 3546 1082 οἱ
3568 1031 3715 1099 ἀμφὶ

2131 1126 2222 1178 τὸν
2246 1127 2373 1194 ἐμῖν
2410 1124 2618 1193 πατέρα
2646 1125 2740 1176 καὶ
2763 1124 2885 1184 τοὺς
2910 1123 3171 1191 νεήλυδας
3203 1123 3477 1192 Τούρκους
3510 1123 3712 1176 θεασά-

2136 1232 2289 1285 μενοι
2320 1216 2401 1276 εἰς
2433 1217 2582 1284 τρεῖς
2619 1214 2816 1283 μοίρας
2850 1212 3076 1273 ἑαυτοὺς
3103 1212 3446 1281 διενείμαντο
3496 1216 3710 1277 καὶτὰς

2135 1310 2232 1379 μὲν
2265 1308 2357 1361 δύο
2400 1307 2634 1377 ἐλλοχεῖν
2665 1308 2829 1361 αὐτοῦ
2863 1324 2964 1359 που
3002 1305 3312 1369 διέταττον,
3345 1308 3444 1372 τὴν
3474 1307 3531 1365 δὲ
3587 1308 3711 1377 τρί-

2130 1418 2231 1468 την
2263 1400 2454 1467 μερίδα
2512 1402 2712 1469 χωρεῖν
2769 1401 2860 1451 ἐπί
2908 1399 3034 1462 τοὺς
3080 1399 3385 1466 πολεμίους
3437 1400 3711 1457 ἐκέλευον.

2134 1495 2242 1545 Καὶ
2269 1493 2330 1544 τὸ
2361 1489 2579 1560 ξύμπαν
2613 1494 2710 1560 τῆς
2739 1490 2996 1557 τοιαύτης
3054 1489 3318 1557 διαταγῆς
3363 1490 3420 1552 ἐς
3449 1489 3542 1544 τὸν
3577 1491 3710 1561 ἐμὸν

2133 1586 2346 1654 πατέρα
2390 1586 2627 1647 Ἀλέξιον
2667 1585 2983 1654 ἀνεφέρετο.
3034 1587 3097 1637 0i
3131 1588 3316 1654 μέντοι
3365 1585 3601 1651 Τοῦρκοι
3650 1587 3711 1639 οὐ

2132 1677 2273 1731 κατὰ
2334 1676 2588 1744 φάλαγγα
2640 1678 3083 1746 συντεταγμένως
3121 1674 3365 1744 ἐπῄεσαν
3431 1677 3548 1745 ἅμα
3578 1678 3713 1730 παν-

2349 1769 2484 1823 ἀλλὰ
2547 1770 2965 1838 μεμερισμένως
3051 1768 3194 1821 κατά
3276 1785 3426 1827 τινας
3491 1769 3714 1834 ὁμίλους

2134 1863 2227 1917 ἀπ’
2245 1862 2487 1930 ἀλλήλων
2510 1862 2853 1931 διεστηκότες
2880 1861 3211 1929 ἑκασταχοῦ.
3260 1855 3394 1912 Εἶτα
3429 1860 3707 1929 προσϐάλ-

2132 1788 2223 1830 τες
2255 1811 2268 1834 ,

2134 1957 2245 2010 λειν
2268 1957 2511 2025 ἑκάστην
2534 1957 2655 2026 ῐλην
2678 1957 2803 2017 τοὺς
2835 1955 3035 2016 ἵππους
3072 1957 3165 2007 ἐπὶ
3191 1954 3418 2016 τούτους
3453 1951 3710 2005 ἐλαύνον-

2135 2066 2230 2110 τας
2262 2049 2357 2101 καὶ
2388 2050 2615 2109 πυκνοῖς
2660 2044 3008 2114 ἀποχρῆσθαι
3037 2044 3386 2112 τοξεύμασιν.
3424 2043 3715 2098 Συνεὶπετο

2132 2140 2189 2193 δὲ
2218 2139 2429 2201 τούτοις
2467 2140 2601 2193 καὶὸ
2629 2139 2729 2208 τὴν
2769 2139 2897 2208 ὃλην
2948 2137 3279 2205 στρατηγίαν
3304 2134 3715 2202 ἀναδησάμενος

2135 2234 2265 2300 ἐμὸς
2292 2230 2477 2300 πατὴρ
2513 2229 2748 2293 ’Δλέξιος
2779 2229 3036 2292 συλλέξας
3055 2226 3161 2281 ἀπὺ
3178 2228 3283 2279 τῶν
3303 2225 3709 2278 σκεδασθέντων

2133 2327 2291 2386 ὅσους
2344 2327 2371 2377 ὁ
2422 2322 2615 2393 καιρὸς
2664 2322 2971 2391 ὑπηγόρευε
3037 2319 3396 2390 στρατιώτας.
3441 2314 3709 2370 Ἐνταῦθα

2133 2416 2242 2468 τῶν
2296 2413 2441 2484 ἀμφὶ
2499 2415 2590 2467 τὸν
2655 2411 2893 2475 Ἀλέξων
2963 2410 3253 2464 ἀθανάτων
3329 2406 3716 2477 θρασύσπλαγ-

2135 2509 2261 2579 χνός
2290 2525 2372 2571 τις
2401 2505 2477 2559 ὣν
2512 2508 2605 2558 καὶ
2635 2504 2937 2573 τολμητίας
2976 2500 3348 2572 προεξελάσας
3398 2501 3487 2553 τὸν
3525 2500 3713 2558 ἵππον,

2136 2599 2360 2654 καὶτῶν
2394 2598 2570 2653 ἄλλων
2628 2593 3051 2668 προεκδραμὼν,
3103 2594 3367 2662 ἄντικρυς
3412 2590 3554 2645 κατὰ
3610 2590 3717 2642 τῶν

2136 2689 2423 2762 Βρυεννὶου
2477 2690 2634 2751 ὅλους
2684 2688 2927 2758 χαλάσας
3005 2684 3255 2754 ῥυτῆρας
3309 2684 3554 2752 ἐφέρετο.
3609 2684 3718 2735 Καὶ

2137 2786 2301 2848 αὐτὸς
2328 2784 2426 2853 μὲν
2450 2784 2509 2835 τὸ
2531 2782 2660 2852 δόρυ
2706 2781 2855 2847 μάλα
2916 2777 3162 2847 σφοδρῶς
3193 2774 3388 2845 ἐρείδει
3435 2774 3575 2827 κατὰ
3606 2775 3714 2826 τῶν

2138 2877 2377 2943 στέρνων
2405 2876 2612 2926 ἐκείνου
2648 2889 2660 2902 ⁸
2688 2875 2715 2924 ὁ
2748 2870 2831 2931 δὲ,
2865 2869 3081 2938 γοργῶς
3122 2866 3216 2920 τοῦ
3254 2863 3444 2921 κολεοῦ
3481 2864 3540 2918 τὸ
3565 2864 3715 2933 ξίφος

2139 2969 2372 3029 ἑλκύσας
2401 2969 2566 3036 μήπω
2609 2966 2915 3033 φθάσαντος
2941 2963 3035 3015 τοῦ
3062 2963 3287 3031 δόρατος
3321 2959 3716 3029 κραταιότερον

2138 3056 2471 3128 ἐρεισθῆναι,
2530 3054 2688 3107 τοῦτὸ
2751 3070 2811 3106 τε
2869 3052 3149 3120 ἀπέκοψεν
3198 3050 3399 3103 αὐτίκα
3463 3050 3557 3102 καὶ
3616 3050 3707 3099 τὸν

2141 3148 2427 3218 τρώσαντα
2474 3145 2614 3198 κατὰ
2664 3144 2765 3211 τῆς
2818 3144 3024 3204 κλειδὸς
3085 3142 3292 3210 πλήξας
3317 3141 3421 3211 ὅλῳ
3466 3140 3712 3212 βραχίονι

2140 3240 2492 3306 κατενεγκεῖν
2534 3236 2630 3307 τὴν
2693 3235 2930 3304 πληγὴν.
2999 3233 3118 3301 ἅμα
3173 3234 3273 3301 τὴν
3326 3233 3481 3301 χεῖρα
3532 3232 3716 3283 πᾶσαν

2141 3330 2396 3394 ἐξέτεμεν
2429 3329 2577 3395 αὐτῷ
2609 3324 2838 3395 θώρακι.
2875 3327 2937 3379 Οἱ
2972 3324 3067 3394 μὲν
3124 3323 3217 3377 οὖν
3267 3322 3503 3390 Τοῦρκοι
3558 3320 3720 3381 ἄλλος

2142 3424 2229 3475 ἐπ’
2265 3422 2408 3491 ἄλλῳ
2436 3418 2948 3487 καταλαμϐάνοντες
2984 3419 3097 3478 τοῖς
3154 3415 3405 3484 συνεχέσι
3452 3414 3634 3482 βέλεσι
3658 3414 3721 3465 τὸ

2145 3514 2459 3581 στράτευμα
2483 3508 2861 3571 κατεσκίαζον.
2888 3507 2953 3562 Οἱ
2994 3505 3051 3558 δέ
3088 3522 3149 3572 γε
3175 3506 3301 3574 περὶ
3330 3504 3418 3556 τὸν
3460 3503 3719 3574 Βρυένιον

2143 3606 2463 3673 ἐπλήγησαν
2488 3601 2583 3671 μὲν
2605 3599 2682 3667 τῷ
2715 3598 2982 3667 αἰφνιδίῳ,
3015 3599 3164 3664 ὅμως
3204 3597 3554 3661 συλλέξαντες
3585 3597 3718 3650 ἑαυ-

2144 3697 2269 3759 τοὺς
2302 3696 2394 3748 καὶ
2424 3695 2500 3756 εἱς
2524 3692 2708 3757 τάξεις
2742 3691 3216 3759 καταστησάμενοι
3243 3691 3303 3742 τὺ
3346 3690 3441 3742 τοῦ
3475 3689 3719 3757 πολέμου

2148 3792 2312 3862 βάρος
2347 3787 2615 3855 ἐδέξαντο,
2630 3784 2787 3847 ἄλλος
2808 3785 2964 3837 ἄλλον
2980 3782 3430 3853 παρακαλοῦντες
3464 3783 3716 3852 ἀνδρίζε-

2147 3883 2292 3935 σθαι.
2322 3880 2387 3933 Oi
2414 3878 2510 3948 μέν
2538 3893 2622 3929 τοι
2646 3875 2882 3945 Τοῦρκοι
2912 3875 3048 3930 καὶὸ
3081 3875 3210 3944 ἐμὸς
3239 3876 3420 3946 πατὴρ
3448 3873 3623 3944 βραχύ
3665 3892 3719 3933 τι

2149 3975 2285 4044 πρὸς
2336 3972 2462 4032 τοὺς
2511 3967 2804 4036 πολεμίους
2861 3967 3352 4030 ἀντικαταστάντες
3423 3966 3717 4033 ἐκφεύγειν

2148 4060 2723 4137 ὲσχηματίζοντο,κατ’
2739 4058 2920 4125 ὀλίγον
2938 4061 3255 4127 ἐφέλκοντες
3276 4062 3355 4123 εἰς
3377 4062 3479 4123 τὰς
3497 4061 3718 4130 ἐνέδρας

2148 4164 2276 4223 τοὺς
2311 4157 2603 4225 πολεμίους
2642 4156 2735 4207 καὶ
2759 4155 3023 4222 τεχνικῶς
3063 4153 3426 4223 ύποσύροντες
3463 4169 3477 4184 ⁸
3506 4153 3631 4204 ἐπεὶ
3657 4152 3715 4206 δὲ

2150 4253 2291 4306 κατὰ
2318 4250 2417 4313 τὴν
2440 4248 2663 4318 πρώτην
2694 4249 2983 4315 γεγόνασιν
3016 4249 3259 4317 ἐνέδραν,
3285 4248 3340 4312 ἐξ
3370 4245 3718 4315 ὑποστροφῆς

2151 4347 2291 4398 κατὰ
2344 4344 2598 4413 μέτωπον
2652 4340 2864 4403 τούτοις
2931 4340 3283 4410 εἱστήκεσαν.
3344 4341 3449 4393 Καὶ
3517 4340 3711 4410 συνθή-

2157 4435 2323 4504 ματός
2344 4450 2490 4493 τινος
2524 4432 2808 4500 γεγονότος
2843 4430 3006 4492 εὐθὺς
3037 4431 3285 4500 καθάπερ
3322 4430 3548 4501 σφηκῐαι
3577 4431 3718 4493 τινὲς

2150 4527 2311 4588 ἄλλος
2359 4523 2656 4593 ἀλλαχόθεν
2681 4521 3096 4586 διεξιππάζοντο
3144 4524 3252 4573 τῶν
3308 4522 3717 4591 ἐλλοχιζόντων,

2144 4618 2237 4672 καὶ
2285 4614 2581 4684 ἀλαλαγμῷ
2627 4613 2805 4683 πολλῷ
2841 4616 2935 4667 καὶ
2968 4614 3064 4684 βοῇ
3119 4617 3210 4667 καὶ
3247 4617 3358 4678 τοῖς
3387 4614 3715 4683 ἐπαλλήλοις

2144 4713 2442 4785 τοξεύμασι
2504 4713 2569 4766 τά
2604 4730 2665 4765 τε
2704 4707 2816 4766 ὦτα
2873 4712 3188 4780 κατάκροτα
3258 4708 3367 4760 τῶν
3422 4706 3568 4776 ἀμφὶ
3626 4707 3717 4760 τὸν

2145 4808 2405 4878 Βρυένιον
2433 4807 2782 4876 ἐποιήσαντο,
2811 4805 2906 4857 καὶ
2947 4803 3014 4855 τὰ
3051 4803 3281 4871 σώματα
3332 4800 3716 4869 ξυνεζόιρωσαν

2142 4900 2209 4967 τῇ
2263 4896 2559 4966 πυκνότητι
2609 4894 2717 4947 τῶν
2756 4892 2926 4963 βελῶν
2967 4890 3346 4960 ἁπανταχόθεν
3366 4891 3714 4945 διεκπιπτόν.

1538 5060 1674 5120 Car.
1703 5057 2030 5119 Dufresnii
2071 5060 2159 5118 Du
2199 5054 2418 5119 Canuii
2453 5062 2636 5115 notas.

544 5177 652 5250 (‘25)
691 5176 1242 5250 Aefteqozddrtwr.
1279 5176 1899 5250 PatriumFrancorum
1928 5193 2040 5250 meo

474 5264 587 5302 rem
633 5246 703 5301 'in
753 5247 953 5302 dandis
989 5247 1250 5305 dextrrFS,
1310 5248 1362 5300 in
1416 5246 1561 5306 fidei,
1612 5263 1705 5301 seu
1761 5246 2039 5301 fidelitatis

474 5327 876 5387 argumentum,
907 5318 993 5369 hic
1040 5318 1262 5370 exhibet
1318 5318 1495 5369 Anna.
1552 5315 1809 5370 Bifariam
1844 5333 1972 5371 vero
2008 5332 2037 5370 a

476 5386 703 5442 Fram-is
742 5389 899 5441 datas
931 5389 1182 5441 erteras
1234 5387 1582 5453 potissimum
1607 5388 1899 5441 ohsrrvare
1929 5395 2034 5441 est.

477 5458 714 5526 primum
778 5473 900 5526 cum
960 5473 987 5507 a
1029 5457 1285 5517 subditis,
1338 5464 1431 5507 aut
1489 5456 1765 5516 vassallis,
1819 5457 2037 5525 regibus

481 5525 559 5578 vel
603 5526 839 5580 dominis
878 5525 1011 5579 ﬁdes
1056 5528 1457 5593 pnestahatur;
1510 5527 1668 5591 cuius
1722 5527 1911 5590 moris,
1942 5526 2034 5591 qui

479 5600 774 5647 etiamnum
797 5597 848 5649 in
880 5596 1203 5664 prwsmndis
1238 5595 1495 5649 homiuiis
1536 5597 1762 5664 obtinet,
1789 5596 2033 5664 exempla

481 5664 765 5731 proferunt
792 5675 980 5718 auctor
1015 5664 1149 5719 Vita:
1185 5663 1393 5718 Ludov.
1429 5666 1509 5719 Pii
1544 5680 1633 5718 an.
1673 5663 1800 5725 857,
1827 5663 2032 5729 ilegiuu

478 5746 533 5786 ιιι
592 5733 784 5789 Annal.
835 5734 1029 5788 Franc.
1070 5734 1224 5787 Fubl.
1260 5736 1362 5787 An.
1393 5736 1494 5795 884,
1545 5744 1599 5787 et
1623 5734 1746 5800 889,
1780 5731 2026 5784 Marculf.

478 5806 583 5871 ιιι),
614 5821 649 5879 ι,
708 5805 866 5861 form.
902 5805 993 5877 18;
1032 5802 1392 5871 Witikindus,
1449 5805 1542 5857 lib.
1577 5818 1615 5870 ι,
1649 5814 1701 5858 et
1763 5802 1852 5856 alii
1912 5804 2030 5856 sine

2147 5192 2397 5232 numero.
2425 5176 2635 5230 Dabant
2663 5183 2921 5244 praeterea
2967 5173 3222 5229 dexteras
3255 5176 3389 5228 nulli
3424 5175 3712 5241 clientelm,

2140 5249 2227 5301 vel
2286 5247 2575 5307 servituti,
2638 5245 3052 5311 obnoxii:quo
3107 5260 3238 5298 casu
3302 5255 3358 5298 ut
3415 5248 3714 5314 plurimum

2142 5319 2492 5372 dexterarum
2524 5314 2695 5378 datio,
2725 5331 2819 5368 seu
2852 5315 3031 5381 potius
3063 5314 3390 5378 implicatin,
3420 5317 3710 5384 reciproca

2142 5396 2281 5440 erat.
2342 5386 2431 5439 Sic
2465 5385 2689 5439 dextras
2752 5385 2909 5437 datas
2966 5393 3331 5453 etracccptas
3390 5387 3710 5447 legimusiu

2141 5456 2443 5509 Annalibus
2481 5453 2673 5509 Franc.
2702 5453 2860 5506 Fuld.
2897 5468 2986 5506 an.
3025 5451 3128 5507 869
3165 5451 3226 5506 et
3260 5455 3401 5522 apud
3440 5455 3709 5510 Willelm.

2144 5525 2389 5593 Tyrium,
2425 5524 2518 5577 lib.
2558 5538 2668 5588 κη,
2705 5539 2827 5591 cap.
2866 5521 3106 5593 {6.7Inde
3135 5521 3364 5583 12mm.
3405 5539 3505 5593 pro
3538 5525 3710 5593 fmd'e-

2145 5592 2298 5647 ribus
2329 5593 2472 5662 apud
2535 5593 2912 5655 llincmarum,
2949 5592 3021 5645 De
3069 5595 3183 5646 ard.
3230 5592 3562 5661 palat.'cap.
3613 5592 3706 5649 '50.

2140 5663 2335 5716 Franci
2386 5664 2551 5731 igitur
2591 5664 2833 5716 Alexiani
2864 5665 2915 5717 in
2951 5662 3166 5733 Bryenii
3202 5676 3380 5731 partes
3412 5674 3710 5718 transeun-

2140 5742 2241 5793 tes,
2270 5734 2505 5814 dextras
2529 5734 2835 5814 porrigunt,
2873 5733 3141 5814 fidamque
3171 5734 3321 5798 dant,
3348 5734 3710 5814 vicissimque

2137 5803 2413 5873 accipiunt
2468 5803 2526 5858 Υ.
2575 5821 2624 5881 p.
2668 5803 2769 5856 41::
2802 5812 2848 5856 cl
2884 5802 3005 5857 ΗΟ.

3562 5934 3591 5941 ο-
3609 5933 3617 5937 ~
