4068 6264
483 373 585 440 1ἒό

1750 382 1972 442 ΑΝΝεΈ
2008 382 2403 444 COMNENE'

3628 390 3737 453 ill

483 498 685 544 terram
738 490 963 545 multam
1019 492 1337 549 invehentes
1388 493 1645 563 antiquos
1695 494 1877 549 alveos
1920 495 2054 549 ubli-

2164 496 2241 565 μά
2279 515 2331 549 τι
2360 499 2636 568 ἀξιόλογον
2684 504 3065 574 ἐπιφορήσωσι
3102 507 3227 575 γῆς,
3263 506 3381 558 τότε
3426 505 3488 576 δὴ
3534 507 3625 558 ἐπὶ
3659 508 3742 561 τὰ,

484 585 777 646 maves-int,
837 586 1056 639 demunt
1129 586 1336 642 exclusi
1394 597 1712 657 restagnent
1767 590 1821 644 in
1880 606 2050 646 novas

485 674 665 736 sedes,
695 684 748 730 et
771 674 908 729 alias
942 676 1046 731 sibi
1085 678 1201 730 vias
1226 693 1399 747 prono
1431 678 1578 732 [luxu
1614 680 1931 745 moliantur,
1964 681 2049 736 in-

485 765 714 819 tervallo
743 765 1064 835 plerumque
1103 767 1242 823 duos
1276 769 1444 831 inter.
1476 785 1674 824 novum
1709 781 1762 825 et
1810 781 2049 827 veterem

482 858 720 920 alveum,
775 859 1075 929 intercepto
1126 863 1385 931 quodam.
1443 863 1500 917 id
1551 879 1617 918 eo
1668 864 1774 921 loci
1826 881 2048 933 passum

482 949 783 1005 Bardarnm
840 954 1199 1021 conspicatus
1242 954 1467 1009 Alexius
1514 969 1613 1023 pro
1668 971 1766 1011 sua
1826 957 2047 1011 militari

484 1044 781 1112 sagacitate
822 1044 1002 1098 locum
1043 1045 1178 1100 inibi
1216 1046 1416 1100 castris
1460 1046 1589 1116 legit
1635 1051 1777 1102 inter
1824 1048 2048 1104 ﬂuvium

483 1146 802 1205 utrumque,
833 1138 1037 1191 nativis
1065 1137 1193 1191 hinc
1233 1138 1364 1193 inde
1393 1140 1663 1194 munitum
1704 1141 1888 1196 fossis.
1923 1141 2050 1199 Dis-

483 1229 637 1282 tabat
678 1245 806 1284 vero
844 1245 873 1283 a
914 1211 1184 1284 Basilacio
1212 1247 1318 1285 non
1351 1232 1473 1300 plus
1507 1233 1720 1288 duobus
1750 1244 1844 1288 aut
1873 1236 2052 1291 tribus

482 1320 702 1375 stadiis.
733 1320 828 1374 Hic
857 1337 987 1375 vero
1012 1323 1122 1392 jam
1150 1324 1308 1393 quasi
1329 1340 1389 1376 cx
1416 1325 1670 1379 condicto
1704 1326 2050 1382 dm-esamb‘o

482 1413 626 1465 idem
654 1415 705 1466 in
734 1417 1020 1470 tOIlSiiillm
1049 1433 1377 1471 concurrere
1398 1428 1784 1474 nocturnarum
1811 1421 2050 1476 vicissim

482 1508 850 1559 cavcndarum
900 1523 962 1559 ac
1014 1509 1409 1562 mlecndarum
1471 1509 1748 1566 ftandum.
1806 1512 1947 1582 Ergo
1995 1513 2047 1568 in

489 1600 737 1669 utrisque
770 1617 832 1654 ex
864 1617 1019 1669 πριιιιο
1053 1604 1252 1656 castris
1306 1603 1542 1657 interdiu
1592 1604 1817 1673 quidem
1870 1606 2041 1659 homi-
2090 1613 2127 1642 7‘

483 1691 650 1745 nibus
700 1692 876 1745 somni
906 1693 1084 1760 quies.
1138 1692 1402 1762 jumentis
1441 1694 1601 1748 cibus
1657 1695 2044 1763 prmbebatur:

482 1781 742 1836 noctibus
800 1784 853 1835 in
910 1783 1166 1836 cautione
1210 1797 1274 1838 ac
1335 1783 1518 1853 vigilia
1573 1785 1806 1839 sollicita
1859 1801 2048 1841 omnes

481 1881 664 1927 erant.
699 1874 754 1927 ld
796 1874 931 1927 adeo
970 1890 996 1927 a
1033 1874 1302 1928 Basilavio
1344 1875 1687 1939 inchoatum,
1717 1878 1801 1932 vel
1838 1878 2051 1946 sagaci-

483 1974 590 2019 tate
617 1964 699 2019 vel
738 1963 1001 2020 felicitate
1042 1965 1225 2018 divina
1260 1966 1518 2035 quadam,
1554 1970 1695 2037 apud
1741 1984 1800 2024 se
1833 1986 2051 2039 quoque

480 2066 633 2124 pater
669 2072 824 2110 meus
856 2055 1050 2121 tenuit,
1082 2072 1177 2126 pro
1207 2073 1304 2111 sua
1342 2066 1538 2113 caetera
1576 2061 1660 2114 vel
1692 2077 1756 2114 ex
1782 2060 2048 2116 bellorum

482 2168 587 2207 usu
618 2149 933 2220 prudentia,
965 2149 1048 2203 vel
1084 2149 1308 2205 solertia
1341 2152 1600 2205 naturali.
1624 2150 1766 2217 Quin
1794 2156 1956 2207 etiam
1984 2169 2049 2208 ex

486 2244 711 2313 ingenio
780 2243 1082 2298 adversarii
1145 2252 1197 2296 ct
1257 2243 1361 2297 loci
1426 2242 1831 2311 prOpinquitate
1885 2243 2049 2301 ducta

484 2333 803 2403 conjectura
847 2348 970 2387 eum
1009 2332 1341 2404 providisset
1387 2334 1763 2389 verisimiliter
1810 2334 1949 2403 fore,
1992 2344 2049 2389 ut

484 2434 809 2480 nocturnam
844 2426 897 2478 in
926 2440 984 2480 se
1018 2424 1441 2494 impressionem
1480 2423 1779 2480 Basilacius
1820 2426 2052 2482 medita-

483 2533 654 2586 retur,
679 2527 903 2577 armatis
931 2521 1046 2575 suis
1068 2528 1292 2588 repente
1315 2518 1597 2582 omnibus,
1632 2518 1734 2571 sub
1763 2534 2047 2587 vesperam

488 2613 883 2686 profectionem
925 2627 1111 2666 secum
1143 2610 1340 2664 indicit
1370 2609 1649 2680 peditibus
1696 2608 1852 2677 juxta
1892 2611 2050 2680 equi-

483 2707 768 2775 tibusque,
799 2704 952 2758 velut
985 2703 1051 2756 ad
1084 2717 1321 2772 pugnam
1376 2701 1663 2756 instructis
1707 2702 2046 2770 ornatisque.

482 2800 617 2855 Cum
654 2813 720 2853 eo
756 2808 939 2850 autem
978 2803 1313 2865 praeceperat
1370 2792 1608 2862 relinqui
1659 2794 1814 2863 ignes
1864 2794 1919 2847 in
1969 2803 2052 2848 ta-

483 2889 799 2947 bernaculis
821 2888 885 2940 ad
911 2888 1191 2940 obtentum
1218 2886 1482 2955 inopinati
1512 2886 1727 2939 consilii
1760 2887 1864 2939 late
1885 2898 2047 2939 noctu

485 2984 818 3037 relucentes.
857 2979 915 3032 ln
969 2977 1195 3046 proprio
1247 2991 1380 3031 vero
1434 2976 1798 3030 tabernaculo
1845 2977 2051 3031 relictis

481 3074 758 3135 omnibus,
793 3087 913 3140 qua:
940 3071 1004 3123 ad
1034 3071 1263 3130 vietum,
1296 3084 1529 3139 qumque
1558 3068 1625 3122 ad
1668 3069 1879 3121 cultum
1922 3083 2047 3136 per-

2158 589 2483 660 κατάρροπα
2519 593 2755 664 ῥέουσιν,
2812 594 3003 666 ὥσπερ
3042 597 3105 667 δὴ
3158 598 3588 667 μεταμείὸοντες
3627 601 3727 663 τὰς

2158 683 2378 751 πρώτας
2426 686 2613 750 κοίτας
2644 688 2843 756 αὐτῶν,
2878 691 2974 743 καὶ
3011 691 3109 760 τὴν
3146 691 3243 759 μὲν
3293 691 3529 744 παλαιὰν
3558 709 3743 746 κατα-η

2155 775 2402 830 λείπουσι
2444 776 2677 847 πάροδον
2725 779 2971 835 διάκενον
3021 780 3192 852 ὑγροῦ
3236 784 3330 836 καὶ
3377 783 3725 852 χηρεύουσαν

2156 864 2369 929 ὓδατος,
2404 867 2472 935 ἦν
2500 867 2554 919 δὲ
2584 868 2679 922 νῦν
2710 868 3046 925 διοδεύουσιν
3078 871 3398 942 ἐμπιπλῶσι
3433 875 3723 943 ῥευμάτων

2154 958 2388 1011 πολλῶν.
2418 958 2638 1012 Τούτων
2668 962 2761 1014 οὖν
2800 962 2909 1016 τῶν
2939 963 3086 1015 δυοῖν
3115 964 3367 1034 παρόδων
3391 968 3490 1035 τῆς
3527 982 3586 1018 τε
3616 983 3721 1019 πα-

2154 1049 2315 1111 λαιᾶς
2345 1051 2621 1121 χαράδρας
2664 1054 2753 1105 καὶ
2786 1054 2883 1123 τῆς
2914 1054 3038 1124 ἄρτι
3071 1057 3370 1127 γενομένης
3413 1058 3639 1128 πορείας
3667 1062 3726 1112 τὸ

2157 1140 2362 1209 μεταξὺ
2407 1141 2744 1211 θεασάμενος
2774 1145 2802 1197 6
2836 1148 3354 1217 στρατηγικώτατος
3388 1144 3543 1213 οὗτος
3580 1151 3728 1204 Ἀλέ-

2154 1230 2264 1296 ξιος
2288 1232 2382 1284 καὶ
2411 1232 2540 1302 ἐμὸς
2564 1234 2769 1304 πατὴρ,
2803 1236 2897 1289 καὶ
2921 1237 3010 1289 τδν
3044 1239 3141 1307 μὲν
3168 1239 3330 1293 ὁλκὸν
3352 1239 3444 1294 τοῦ
3476 1242 3722 1311 ποταμοῦ

2154 1321 2228 1381 ὡς
2279 1322 2584 1387 ἀσφάλειαν
2619 1325 2842 1396 θέμενος
2894 1331 2957 1381 ἐκ
3003 1328 3256 1398 θατέρου,
3301 1335 3366 1401 τῇ
3414 1332 3470 1385 δὲ
3518 1334 3725 1404 παλαιᾷ

2153 1412 2310 1483 διόδῳ
2343 1416 2440 1487 ἤδη
2489 1418 2734 1486 φάραγγι
2769 1422 3027 1491 γεγονυίᾳ
3057 1425 3119 1476 ἐκ
3162 1424 3261 1493 τῆς
3306 1424 3400 1478 τοῦ
3452 1424 3722 1496 ῥεύματος

2154 1506 2445 1578 ἐπιρροίας
2490 1510 2743 1581 καθάπερ
2775 1511 3040 1581 αὐτοφυεῖ
3087 1515 3550 1585 ἀποχρησάμενος
3596 1517 3725 1572 διώ-

2156 1616 2280 1669 ρυχι
2313 1601 2810 1671 ἐστρατοπέδευσεν
2840 1605 2901 1656 οὐ
2938 1605 3123 1658 πλεῖον
3166 1606 3275 1659 τῶν
3306 1606 3454 1659 δυοῖν
3488 1608 3519 1678 ἢ
3555 1608 3723 1677 τριῶν

2157 1688 2385 1741 σταδίων
2433 1690 2681 1759 ἀλλήλων
2735 1692 3228 1761 ἀποδιεστηκότων.
3293 1695 3402 1747 Καὶ
3452 1695 3615 1758 εὐθὺς
3667 1699 3723 1750 ἐν

2156 1780 2503 1851 παραγγελία
2538 1783 2736 1846 πάντες
2758 1779 2901 1853 ἦσαν
2921 1785 3136 1853 ἡμέρας
3165 1785 3264 1853 μὲν
3304 1786 3723 1840 ἀναπαύσασθαι

2155 1871 2248 1923 καὶ
2296 1872 2699 1941 παραμυθῆσαι
2753 1873 2907 1943 ὕπνῳ
2936 1874 2996 1926 τὸ
3044 1875 3205 1943 σῶμα
3238 1877 3336 1929 καὶ
3390 1880 3501 1939 τοῖς
3536 1877 3724 1943 ἵπποις

2154 1962 2367 2032 τροφὴν
2400 1964 2587 2017 δοῦναι
2637 1965 2736 2035 τὴν
2790 1966 3090 2035 ἀρκοῦσαν.
3142 1968 3411 2022 Μέλλουσι
3464 1972 3571 2041 γὰρ
3626 1974 3729 2040 τῆς

2153 2054 2393 2125 ἑσπέρας
2427 2056 2843 2126 καταλαϐούσης
2875 2056 3229 2126 ἁγρυπνῆσαί
3261 2075 3328 2110 τε
3360 2059 3453 2111 καὶ
3484 2059 3727 2124 ἐλπίζειν

2152 2146 2414 2213 ἀδόκητόν
2438 2164 2489 2199 τι
2517 2148 2669 2216 παρὰ
2692 2148 2799 2200 τῶν
2822 2147 3100 2217 πολεμίων
3122 2149 3510 2220 ἐπισυμδῆναι.
3539 2151 3724 2206 Ταῦτα

2151 2237 2229 2301 δὲ,
2262 2234 2439 2307 οἶμαι,
2462 2239 2833 2309 διῳκονόμητο
2857 2238 2885 2290 6
2918 2239 3049 2309 ἐμὸς
3081 2239 3266 2312 πατὴρ
3313 2241 3558 2297 κίνδυνον
3590 2244 3724 2313 ὑφο-

2156 2330 2399 2399 ρώμενος
2428 2335 2570 2385 κατά
2619 2332 2720 2402 τὴν
2752 2331 2992 2404 ἑσπέραν
3035 2334 3255 2406 ἐκείνην
3289 2335 3439 2405 παρὰ
3472 2336 3581 2389 τῶν
3623 2356 3721 2391 ικο⁸

2152 2422 2377 2490 λεμίων.
2422 2423 2809 2495 Ἐπιθήσεσθαι
2854 2424 2963 2495 γὰρ
2994 2426 3172 2494 ἐαυτῷ
3201 2427 3423 2490 τούτους
3463 2428 3745 2503 ἧλπιξενκ

2153 2513 2251 2565 εἴτ’
2278 2516 2342 2566 ἐκ
2389 2514 2747 2586 πολυπειρίας
2796 2515 2959 2570 τοῦτο
3014 2520 3552 2589 προμαντευόμενος,
3610 2524 3725 2575 εἴτε

2152 2606 2328 2669 ἄλλως
2358 2609 2589 2671 εἰκάσας
2607 2624 2621 2639 ’
2648 2610 2710 2662 οὐ
2750 2611 2856 2679 μὴν
2878 2611 2946 2664 τὰ
2974 2610 3073 2679 τῆς
3099 2613 3437 2683 προφητείας
3467 2614 3617 2683 αὐτῷ
3648 2616 3731 2677 είς

2156 2697 2374 2767 μακρὰν
2405 2698 2679 2767 ἐληλύθει,
2727 2701 2849 2753 ούδέ
2888 2703 3141 2771 προέγνω
3177 2703 3301 2770 μὲν,
3342 2706 3401 2757 οὐ
3437 2706 3496 2759 τδ
3524 2705 3643 2758 δέον
3672 2706 3739 2757 δέ

2153 2790 2484 2859 διῳκήσατο.
2526 2791 2668 2844 Ἀλλ’
2719 2795 2939 2864 ἀπάρας
2985 2799 3083 2865 τῆς
3132 2797 3326 2850 τούτου
3374 2797 3578 2867 σκηνῆς
3609 2796 3729 2866 ἅμα

2153 2884 2266 2945 τοῖς
2296 2882 2435 2951 ἀμφ’
2467 2883 2632 2937 αὑτὸν
2666 2885 3027 2953 στρατιώταις
3065 2889 3160 2943 σὺν
3190 2887 3375 2951 ὅπλοις
3410 2890 3502 2941 καὶ
3538 2890 3732 2950 ἵπποις

2154 2973 2249 3025 καὶ
2282 2976 2417 3026 πᾶσι
2450 2977 2563 3037 τοῖς
2599 2975 2735 3045 πρὸς
2771 2977 2953 3048 μάχην
2992 2979 3343 3050 ἐπιτηδείοις,
3382 2979 3591 3050 ἀπέστη
3629 2981 3741 3048 μὲν

2153 3064 2249 3131 τῆς
2281 3068 2485 3135 σκηνῆς
2508 3066 2800 3135 λαμπάδας
2830 3070 3237 3135 καταλελοιπὼς
3258 3074 3373 3134 τοῖς
3397 3071 3567 3125 ἐκεῖθι
3593 3089 3733 3125 παν-

483 3167 758 3229 tinebant,
793 3165 861 3220 iis
901 3164 1223 3218 familiarem
1255 3162 1545 3233 quemdam
1590 3177 1773 3224 suum,
1814 3168 2049 3216 veterem

2159 3154 2383 3225 ταχὸθεν
2416 3158 2717 3224 φαινούσας
2745 3160 2840 3213 καί
2860 3174 2994 3215 ’τινα
3030 3163 3140 3216 τῶν
3166 3163 3306 3233 ἀμφ’
3330 3162 3494 3217 αὑτὸν
3516 3165 3743 3217 οἰκεῖον

486 3258 814 3314 monachum
860 3255 1205 3311 Joannit-ium
1270 3253 1630 3323 praefecerat;
1682 3254 1891 3309 interea
1938 3254 2055 3324 ipse

484 3365 609 3406 cum
646 3350 763 3403 suis
793 3363 955 3416 quam
998 3346 1318 3416 longissime
1350 3357 1404 3400 et
1446 3346 1818 3401 secretissime
1866 3362 1896 3401 a
1932 3361 2057 3402 cas-

484 3452 696 3498 trorum
738 3445 1037 3507 conspectu
1072 3438 1342 3494 subsedit.
1377 3438 1432 3491 in
1467 3437 1543 3490 rei
1591 3438 1847 3506 gerendae
1893 3454 2058 3493 occa-

488 3536 700 3591 sionem
735 3534 1000 3588 intentus.
1044 3528 1179 3583 Nam
1214 3530 1528 3597 suspicatus
1563 3529 1639 3591 id,
1680 3530 1823 3598 quod
1849 3532 2054 3596 evenit,

487 3623 819 3679 Basilacinm
844 3637 941 3694 per
972 3629 1188 3675 noctem
1216 3620 1271 3673 in
1300 3635 1432 3674 suos
1464 3618 1739 3673 facturum
1767 3619 2054 3689 impetum,

487 3727 649 3786 atque
683 3715 739 3769 in
782 3713 1226 3777 tabernaculum,
1275 3711 1580 3780 praesertim
1633 3726 1794 3766 suum
1853 3710 2053 3780 ipsius,

490 3802 581 3856 ubi
613 3800 820 3855 scilicet
848 3798 1051 3854 indicia
1072 3799 1383 3867 lampadum
1413 3789 1770 3854 accensaru'm
1798 3815 2056 3856 securum

491 3898 730 3953 dormire
769 3897 961 3951 ducem
993 3904 1045 3949 et
1063 3893 1233 3964 redigi
1261 3894 1421 3948 facile
1456 3894 1509 3947 in
1538 3902 1862 3963 potestatem
1897 3912 2059 3965 posse

490 3989 818 4051 suadebant,
859 3987 1172 4043 sustinebat
1212 4001 1274 4043 se
1313 3986 1419 4057 19
1447 3987 1671 4041 Alcxius
1718 3988 1772 4042 in
1818 3990 2053 4055 insidiis,

489 4081 618 4134 dum
654 4079 707 4133 id
736 4080 890 4135 fieret
922 4096 937 4133 :
979 4094 1077 4134 nec
1108 4078 1369 4132 frustrata
1416 4061 1540 4131 eum
1583 4094 1679 4132 sua
1719 4082 2058 4145 exspectatio

490 4183 593 4229 est.
630 4173 818 4237 Adest,
846 4171 1119 4242 irruitque
1150 4172 1408 4226 ferociter
1439 4171 1491 4225 in
1518 4181 1699 4226 castra
1730 4172 2055 4242 Basilacius,

491 4266 711 4335 equites
753 4265 1079 4334 peditesque
1112 4265 1417 4317 instructos
1442 4263 1671 4318 ducens.
1714 4263 1905 4319 Decem
1940 4267 2052 4320 mil-
2102 4275 2113 4333 ἦ

494 4351 627 4404 lium
656 4367 848 4406 omnes
880 4365 1170 4404 numerum
1218 4350 1535 4418 implebant.
1569 4353 1647 4407 Ac
1682 4369 1806 4408 cum
1866 4356 2057 4425 vigiles

495 4441 693 4510 passim
736 4443 889 4510 ignes
920 4443 973 4495 in
1009 4443 1282 4507 tentoriis,
1306 4441 1465 4499 ducis
1493 4461 1619 4500 vero
1648 4447 2054 4505 tabernaculum

492 4532 657 4587 altius
698 4533 913 4587 caeteris
968 4532 1242 4602 latiusque
1289 4549 1385 4603 per
1444 4545 1657 4590 noctem
1709 4540 2061 4607 resplendens

495 4626 829 4688 intueretur,
856 4625 911 4677 in
941 4624 1019 4687 id,
1048 4637 1255 4694 quanto
1288 4629 1465 4695 potuit
1496 4630 1758 4694 maximo,
1780 4633 2061 4711 contendit

495 4715 728 4782 impetu,
759 4716 1099 4769 concitatum
1133 4719 1321 4772 nescio
1355 4720 1483 4787 quid
1531 4736 1593 4773 ac
1634 4721 1915 4775 turbidum
1950 4723 2063 4775 cla—

494 4822 669 4862 tnaus.
726 4805 1005 4878 Nusquam
1068 4823 1198 4864 vero
1246 4820 1543 4878 apparente
1590 4811 1806 4877 Alexio,
1864 4830 2059 4884 neque,

493 4898 636 4967 quod
674 4899 789 4953 fieri
836 4914 934 4968 par
981 4910 1118 4969 erat,
1153 4917 1216 4956 ex
1255 4901 1392 4958 locis
1422 4904 1675 4971 praetorio
1716 4906 1912 4959 vicinis
1948 4908 2060 4962 ullo

494 4992 820 5048 centurione
848 5002 941 5047 aut
970 4992 1212 5057 tribuno,
1248 5008 1316 5049 ne
1338 4995 1507 5048 milite
1530 4995 1755 5062 quidem
1783 5006 2057 5063 exstante,

494 5084 684 5153 paucis
740 5092 951 5139 tantum
1004 5100 1071 5140 ex
1132 5086 1325 5140 humili
1377 5086 1651 5140 fanmlitio
1705 5087 1943 5143 sordidis
2006 5100 2061 5143 et

497 5177 1007 5248 contemptibilibus
1037 5180 1481 5243 occurrentibus,
1510 5193 1576 5234 eo
1607 5179 1782 5249 magis
1817 5178 2060 5236 instabat

2171 3248 2502 3302 Ἰωαννίκιον
2563 3251 2735 3305 πάλαι
2786 3253 2879 3307 τὸν
2934 3254 3225 3326 μοναχικδν
3284 3256 3376 3309 ἐλό
3420 3272 3540 3309 ενον
3590 3255 3731 3326 βίον,

2155 3338 2255 3408 τὴν
2279 3341 2485 3413 σκηνὴν
2511 3346 2975 3410 καταπιστεύσας,
2999 3346 3096 3399 καὶ
3115 3346 3213 3400 ὅσα
3242 3347 3541 3416 ἐπεφέρετο
3563 3348 3644 3410 εἷς
3666 3364 3737 3400 τε

2157 3430 2439 3501 τράπεζαν
2466 3434 2700 3505 χρειώδη
2732 3437 2827 3489 καὶ
2852 3437 2951 3506 τὴν
2974 3438 3140 3508 ἄλλην
3163 3439 3541 3508 παρασκευήν
3560 3439 3731 3502 αὐτὸς

2156 3523 2212 3577 δέ
2252 3527 2593 3597 πορρωτάτω
2649 3528 2828 3582 ἀπιὼν
2879 3529 3119 3601 ἐκάθητο
3174 3530 3312 3600 μετὰ
3359 3531 3457 3595 τῆς
3499 3531 3733 3584 ἐνόπλου

2160 3618 2423 3687 στρατιᾶς
2462 3619 2522 3671 τὸ
2553 3618 2746 3689 μέλλον
2794 3621 3148 3690 καραδοκῶν,
3192 3622 3352 3675 τοῦτο
3396 3622 3733 3693 τεχναζόμε-

2159 3726 2270 3773 νος,
2312 3710 2381 3763 ἶν’
2406 3711 2434 3762 6
2486 3710 2817 3774 Βασιλάκιος
2854 3712 3179 3782 ἁνημμένας
3219 3714 3558 3789 πανταχύθεν
3594 3731 3741 3781 πυρ-

2158 3803 2319 3865 καϊὰς
2338 3801 2461 3855 ἰδὼν
2480 3803 2574 3856 καὶ
2595 3803 3123 3872 λαμπαδοχουμένην
3144 3804 3240 3867 τὴν
3253 3801 3347 3857 τοῦ
3372 3805 3388 3855 ί
3397 3803 3498 3870 μοῦ
3521 3804 3731 3872 πατρὸς

2159 3893 2367 3965 σκηνὴν
2397 3895 2644 3965 οἰήσαιτο
2679 3894 2849 3948 ἐκεῖθι
2894 3895 3087 3948 τοῦτον
3143 3891 3283 3949 εἶναι⁵
3321 3894 3729 3966 διαναπαυόμε.

2158 4004 2270 4051 νον,
2303 3987 2380 4050 ὡς
2409 3973 2660 4041 ἐντεῦθεν
2707 3986 2900 4058 ἐκείνῳ
2931 3986 3122 4040 τοῦτον
3161 3984 3437 4058 ἁλώσιμον
3466 3984 3605 4042 εἶναι
3636 3991 3731 4042 καὶ

2159 4080 2495 4150 ὑποχείριον.
2527 4081 2641 4134 Οὐκ
2670 4080 2753 4143 είς
2802 4081 3004 4151 μάτην,
3034 4076 3287 4152 καθάπερ
3330 4083 3668 4154 είρήκειμεν,
3696 4086 3733 4155 ἡ

2163 4172 2393 4243 μαντεία
2412 4172 2504 4224 τοῦ
2539 4171 2667 4242 ίμοῦ
2698 4173 2906 4243 πατρὸς
2951 4172 3213 4239 Ἀλεξίου.
3256 4174 3489 4243 Ἔπῆλθε
3511 4176 3619 4243 γὰρ
3650 4178 3733 4245 τῷ

2160 4262 2599 4335 προσδοκωμένῳ
2629 4263 2982 4333 στρατοπέδῳ
3011 4262 3208 4332 ἁθρόον
3232 4265 3259 4316 6
3290 4265 3613 4328 Βασιλάκιος
3634 4269 3733 4320 σὺν

2160 4354 2386 4409 ἱππεῦσί
2428 4370 2489 4406 τε
2538 4354 2634 4406 καὶ
2668 4353 2855 4416 πεζοῖς
2910 4353 3240 4424 μυρίανδρον
3278 4355 3536 4424 στρατιὰν
3591 4359 3731 4409 ἐπα-

2162 4445 2413 4513 γόμενος,
2468 4442 2561 4494 καὶ
2611 4442 2713 4504 τὰς
2747 4443 2845 4510 μὲν
2876 4440 3093 4505 κλισίας
3138 4444 3387 4513 ἐφευρὼν
3425 4446 3731 4518 ἑκασταχοῦ

2164 4533 2592 4604 ἀναλαμπούσας
2642 4534 2798 4602 πυρὶ,
2859 4532 3338 4604 ἐξαστράπτουσαν
3392 4536 3448 4589 δέ
3494 4539 3586 4590 καὶ
3632 4538 3737 4607 τὴν

2163 4626 2257 4702 τορ
2291 4623 2602 4694 στρατηγοῦ
2636 4623 2845 4693 σκηνὴν
2887 4623 3246 4691 θεασάμενος,
3279 4624 3355 4686 ώς
3399 4618 3510 4693 εἶχε
3549 4624 3736 4694 ῥύμης

2163 4719 2244 4778 είς
2270 4716 2480 4787 ταύτην
2528 4714 2867 4781 εἰσεληλύθει
2907 4714 3288 4784 πολυτάραχόν
3330 4732 3385 4766 τι
3429 4715 3524 4768 καὶ
3572 4714 3739 4783 θορυ-

2164 4809 2333 4871 ϐῶδες
2367 4808 2527 4878 βοῶν.
2564 4808 2652 4869 Ὠς
2689 4806 2735 4859 δ’
2771 4806 2871 4859 οὐκ
2911 4801 2980 4874 ἦν
3010 4805 3251 4875 οὐδαμοῦ
3283 4807 3311 4857 ὁ
3346 4806 3736 4876 προσδοκώμε-

2165 4917 2276 4965 νος,
2308 4898 2428 4952 οὐδέ
2472 4903 2558 4961 τίς
2592 4898 2799 4964 ἀνέστη
2836 4894 3177 4964 στρατιώτης
3210 4894 3419 4947 ἐκεῖθεν
3455 4898 3519 4948 τὸ
3551 4898 3741 4965 παρά-

2166 5006 2274 5041 παν
2304 4986 2336 5056 ἢ
2371 4986 2702 5056 στρατηγὸς,
2733 4986 2783 5037 εἰ
2816 4985 2891 5053 μή
2934 4984 3038 5036 πού
3069 5000 3212 5045 τινες
3242 4984 3738 5055 καταλελειμμένοι

2165 5081 2275 5134 τῶν
2317 5080 2655 5150 θητευόντων
2698 5078 3187 5144 εὐκαταφρόνητοι,
3233 5076 3313 5128 ἔτι
3359 5077 3563 5145 μᾶλλον
3603 5078 3741 5130 ἐϐόα

2169 5177 2263 5232 καὶ
2300 5174 2616 5244 ἐκεκράγει,
2654 5169 2761 5223 Ποῦ
2787 5168 2916 5221 ποτε
2944 5169 3091 5221 ἐστιν
3118 5170 3143 5221 6
3188 5168 3418 5237 τραυλός
3450 5168 3601 5237 (4ης
3645 5170 3740 5223 0";-

1549 5291 1690 5353 Car.
1725 5290 2062 5354 Dufresnii
2094 5295 2186 5354 Du
2229 5287 2455 5365 Cangii
2490 5290 2675 5346 notua.

575 5389 685 5461 (Μ)
751 5395 817 5448 '0
891 5396 1172 5463 τραυλός.
1225 5393 1465 5463 Idipsnm
1545 5391 2065 5463 refert_Bryenins.

500 5461 594 5515 lib.
626 5478 701 5528 tv,
734 5480 791 5519 n.
822 5461 1105 5533 Statque
1132 5465 1256 5519 inde
1282 5462 1492 5521 Alexio,
1537 5462 1678 5533 quod
1737 5461 2068 5523 balbnlaitet,

504 5546 828 5601 cognomen,
864 5534 948 5587 vel
992 5531 1193 5601 potius,
1222 5550 1405 5587 nomen
1460 5531 1726 5601 jocufare,
1778 5539 1845 5601 int
1898 5535 2066 5601 verba

492 5613 628 5667 ‘utar
658 5603 908 5666 Ausonii,
936 5600 1164 5657 inditum
1205 5604 1273 5656 ab
1326 5600 1718 5665 invidentibtts,
1772 5600 2065 5667 Βαμόακί-

506 5686 695 5750 ρακος,
727 5674 805 5727 uti
842 5689 909 5727 ex
937 5673 1166 5750 epistola
1190 5673 1413 5750 Honorii
1469 5670 1535 5750 Ill
1567 5671 1665 5750 P_P.
1723 5672 1827 5723 28$
1863 5671 1959 5750 lib.
1984 5686 2062 5750 vi,

505 5744 812 5808 duce'nur;
857 5746 996 5810 quod
1035 5743 1297 5796 nimirum
1324 5809 1329 5810 ί
1359 5742 1723 5805 inzn-ticulate,
1778 5753 1829 5792 et
1866 5742 2066 5810 instar

509 5815 662 5871 corvi
695 5808 1013 5873 crocitando
1057 5813 1218 5868 verba
1260 5809 1579 5871 effunderct,
1644 5810 1785 5871 quod
1858 5808 2068 5863 faciunt

2207 5388 2628 5458 αμδαλίξοντες,
2662 5384 2754 5453 qui
2788 5383 3049 5458 dentibus
3078 5390 3300 5458 crepant
3336 5384 3539 5458 potius,
3572 5400 3738 5458 quam

2169 5390 2628 5511 Ραμδαλίξοντες,
2662 5390 2754 5453 qui
2788 5390 3049 5437 dentibus
3078 5390 3300 5450 crepant
3336 5390 3537 5450 potius.
3572 5400 3738 5441 quam

2188 5467 2488 5527 oquuntur.
2559 5454 2739 5509 Gloss.
2807 5453 3043 5527 Greecql.
3109 5453 3418 5527 ψελλιστής,
3496 5451 3745 5527 Ymnbal.’

2166 5520 2505 5582 ΑιΙῖιιιιίιιιιις
2564 5536 2778 5594 martyr
2806 5526 2942 5594 apud
2977 5520 3443 5594 SenatorempDe
3485 5520 3741 5594 Orthogr.

2163 5613 2285 5665 cap.
2321 5596 2376 5663 5,
2413 5590 2721 5654 ’Βαηιὺαίοζ
2753 5592 3066 5665 ψελλξστής.
3101 5590 3578 5665 Bambaliotforte
3612 5608 3626 5643 :
3659 5593 3749 5665 sic

2164 5659 2307 5721 Ctiut
2351 5659 2534 5718 nescio
2583 5678 2744 5730 quem
2768 5659 2851 5716 Μ.
2891 5659 3168 5726 Fundum,
3201 5661 3428 5715 Antonii
3465 5662 3744 5715 triumviri

2164 5751 2440 5797 socerum,
2478 5743 2689 5798 propter
2711 5733 3068 5786 ltwsitanliam
3096 5731 3315 5801 lingua,
3351 5741 3507 5785 vocat
3542 5730 3747 5784 Cicero

2164 5806 2376 5870 Pniiipp
2430 5803 2513 5858 ΙΙΙ.
