  <div class='ocr_page' id='page_1' title='image "/cluster/home/n/w/nwhite01/storage/ocr_20150623/131/mdp.39015078384248/075.png"; bbox 0 0 4068 6264; ppageno 0'>
   <div class='ocr_carea' id='block_1_1' title="bbox 491 376 592 442">
    <p class='ocr_par' dir='ltr' id='par_1_1' title="bbox 491 376 592 442">
     <span class='ocr_line' id='line_1_1' title="bbox 491 376 592 442; baseline 0 -1"><span class='ocrx_word' id='word_1_1' title='bbox 491 376 592 442; x_wconf 68' lang='grc' dir='ltr'><strong>ῙΞἸ</strong></span> 
     </span>
    </p>
   </div>
   <div class='ocr_carea' id='block_1_2' title="bbox 1727 383 2382 446">
    <p class='ocr_par' dir='ltr' id='par_1_2' title="bbox 1727 383 2382 446">
     <span class='ocr_line' id='line_1_2' title="bbox 1727 383 2382 446; baseline -0.002 -3"><span class='ocrx_word' id='word_1_2' title='bbox 1727 385 1884 446; x_wconf 82' lang='grc' dir='ltr'><strong>ΑΝΝ</strong></span> <span class='ocrx_word' id='word_1_3' title='bbox 1895 385 1957 442; x_wconf 79' lang='grc' dir='ltr'>,Ε</span> <span class='ocrx_word' id='word_1_4' title='bbox 1999 383 2382 445; x_wconf 63' lang='grc' dir='ltr'><strong>ΕΟΜΝΕΝίΕ</strong></span> 
     </span>
    </p>
   </div>
   <div class='ocr_carea' id='block_1_3' title="bbox 3627 385 3736 448">
    <p class='ocr_par' dir='ltr' id='par_1_3' title="bbox 3627 385 3736 448">
     <span class='ocr_line' id='line_1_3' title="bbox 3627 385 3736 448; baseline 0.037 -3"><span class='ocrx_word' id='word_1_5' title='bbox 3627 385 3736 448; x_wconf 68' lang='grc'><strong>123</strong></span> 
     </span>
    </p>
   </div>
   <div class='ocr_carea' id='block_1_4' title="bbox 492 487 2084 564">
    <p class='ocr_par' dir='ltr' id='par_1_4' title="bbox 492 487 2058 562">
     <span class='ocr_line' id='line_1_4' title="bbox 492 487 2058 562; baseline 0 -15"><span class='ocrx_word' id='word_1_6' title='bbox 492 487 978 560; x_wconf 73' lang='lat' dir='ltr'><strong>generosissimus,</strong></span> <span class='ocrx_word' id='word_1_7' title='bbox 1035 507 1099 547; x_wconf 89' lang='lat' dir='ltr'><strong>ac</strong></span> <span class='ocrx_word' id='word_1_8' title='bbox 1139 507 1209 546; x_wconf 90' lang='lat' dir='ltr'><strong>ne</strong></span> <span class='ocrx_word' id='word_1_9' title='bbox 1263 494 1382 561; x_wconf 89' lang='lat' dir='ltr'><strong>ipso</strong></span> <span class='ocrx_word' id='word_1_10' title='bbox 1414 491 1633 562; x_wconf 87' lang='lat' dir='ltr'><strong>quidem</strong></span> <span class='ocrx_word' id='word_1_11' title='bbox 1683 491 1956 548; x_wconf 88' lang='lat' dir='ltr'><strong>Basilacio</strong></span> <span class='ocrx_word' id='word_1_12' title='bbox 2006 497 2058 548; x_wconf 93' lang='lat' dir='ltr'><strong>in</strong></span> 
     </span>
    </p>
   </div>
   <div class='ocr_carea' id='block_1_5' title="bbox 2186 487 3750 564">
    <p class='ocr_par' dir='ltr' id='par_1_5' title="bbox 2186 494 3750 564">
     <span class='ocr_line' id='line_1_5' title="bbox 2186 494 3750 564; baseline 0.003 -18"><span class='ocrx_word' id='word_1_13' title='bbox 2186 497 2332 557; x_wconf 78' lang='grc' dir='ltr'>ναῖος,</span> <span class='ocrx_word' id='word_1_14' title='bbox 2359 495 2450 549; x_wconf 78' lang='grc' dir='ltr'>τὸν</span> <span class='ocrx_word' id='word_1_15' title='bbox 2483 494 2651 564; x_wconf 83' lang='grc' dir='ltr'>θυμὸν</span> <span class='ocrx_word' id='word_1_16' title='bbox 2683 496 2741 547; x_wconf 82' lang='grc' dir='ltr'>ἐν</span> <span class='ocrx_word' id='word_1_17' title='bbox 2784 495 3046 559; x_wconf 66' lang='grc' dir='ltr'>πολέμιις</span> <span class='ocrx_word' id='word_1_18' title='bbox 3071 497 3396 560; x_wconf 70' lang='grc' dir='ltr'><strong>ἀκάθεκτος,</strong></span> <span class='ocrx_word' id='word_1_19' title='bbox 3443 499 3534 550; x_wconf 67' lang='grc' dir='ltr'><strong>τὸν</strong></span> <span class='ocrx_word' id='word_1_20' title='bbox 3580 497 3750 551; x_wconf 70' lang='lat' dir='ltr'><strong>Baci-</strong></span> 
     </span>
    </p>
   </div>
   <div class='ocr_carea' id='block_1_6' title="bbox 492 583 2070 639">
    <p class='ocr_par' dir='ltr' id='par_1_6' title="bbox 492 583 2070 639">
     <span class='ocr_line' id='line_1_6' title="bbox 492 583 2070 639; baseline 0 -1"><span class='ocrx_word' id='word_1_21' title='bbox 492 584 656 638; x_wconf 89' lang='lat' dir='ltr'><strong>laude</strong></span> <span class='ocrx_word' id='word_1_22' title='bbox 711 583 1054 638; x_wconf 72' lang='lat' dir='ltr'><strong>fortitudinis</strong></span> <span class='ocrx_word' id='word_1_23' title='bbox 1117 583 1369 638; x_wconf 78' lang='lat' dir='ltr'><strong>inferior.</strong></span> <span class='ocrx_word' id='word_1_24' title='bbox 1429 583 1560 638; x_wconf 90' lang='lat' dir='ltr'><strong>lnde</strong></span> <span class='ocrx_word' id='word_1_25' title='bbox 1613 584 1668 638; x_wconf 91' lang='lat' dir='ltr'><strong>in</strong></span> <span class='ocrx_word' id='word_1_26' title='bbox 1723 586 1892 638; x_wconf 91' lang='lat' dir='ltr'><strong>semel</strong></span> <span class='ocrx_word' id='word_1_27' title='bbox 1942 601 2070 639; x_wconf 92' lang='lat' dir='ltr'><strong>con-</strong></span> 
     </span>
    </p>
   </div>
   <div class='ocr_carea' id='block_1_7' title="bbox 492 673 2070 740">
    <p class='ocr_par' dir='ltr' id='par_1_7' title="bbox 492 673 2070 740">
     <span class='ocr_line' id='line_1_7' title="bbox 492 673 2070 740; baseline -0.001 -14"><span class='ocrx_word' id='word_1_28' title='bbox 492 688 691 727; x_wconf 83' lang='lat' dir='ltr'><strong>cussos</strong></span> <span class='ocrx_word' id='word_1_29' title='bbox 717 673 1208 726; x_wconf 79' lang='lat' dir='ltr'><strong>vehementissimo</strong></span> <span class='ocrx_word' id='word_1_30' title='bbox 1240 674 1572 727; x_wconf 80' lang='lat' dir='ltr'><strong>incumbens</strong></span> <span class='ocrx_word' id='word_1_31' title='bbox 1621 673 1852 740; x_wconf 85' lang='lat' dir='ltr'><strong>impetu.</strong></span> <span class='ocrx_word' id='word_1_32' title='bbox 1893 687 1987 726; x_wconf 86' lang='lat' dir='ltr'><strong>eos</strong></span> <span class='ocrx_word' id='word_1_33' title='bbox 2017 681 2070 725; x_wconf 89' lang='lat' dir='ltr'><strong>et</strong></span> 
     </span>
    </p>
   </div>
   <div class='ocr_carea' id='block_1_8' title="bbox 492 764 2073 833">
    <p class='ocr_par' dir='ltr' id='par_1_8' title="bbox 492 764 2073 833">
     <span class='ocr_line' id='line_1_8' title="bbox 492 764 2073 833; baseline -0.001 -17"><span class='ocrx_word' id='word_1_34' title='bbox 492 764 708 833; x_wconf 74' lang='lat' dir='ltr'><strong>sagittis</strong></span> <span class='ocrx_word' id='word_1_35' title='bbox 755 765 969 819; x_wconf 89' lang='lat' dir='ltr'><strong>eminus</strong></span> <span class='ocrx_word' id='word_1_36' title='bbox 1017 765 1179 833; x_wconf 88' lang='lat' dir='ltr'><strong>petit,</strong></span> <span class='ocrx_word' id='word_1_37' title='bbox 1234 773 1288 818; x_wconf 87' lang='lat' dir='ltr'><strong>et</strong></span> <span class='ocrx_word' id='word_1_38' title='bbox 1325 765 1482 818; x_wconf 89' lang='lat' dir='ltr'><strong>liasta</strong></span> <span class='ocrx_word' id='word_1_39' title='bbox 1527 767 1784 818; x_wconf 82' lang='lat' dir='ltr'><strong>cominus</strong></span> <span class='ocrx_word' id='word_1_40' title='bbox 1835 764 1976 824; x_wconf 74' lang='lat' dir='ltr'><strong>ferit,</strong></span> <span class='ocrx_word' id='word_1_41' title='bbox 2019 771 2073 817; x_wconf 92' lang='lat' dir='ltr'><strong>et</strong></span> 
     </span>
    </p>
   </div>
   <div class='ocr_carea' id='block_1_9' title="bbox 495 856 2070 922">
    <p class='ocr_par' dir='ltr' id='par_1_9' title="bbox 495 856 2070 922">
     <span class='ocr_line' id='line_1_9' title="bbox 495 856 2070 922; baseline -0.003 -15"><span class='ocrx_word' id='word_1_42' title='bbox 495 856 836 910; x_wconf 78' lang='lat' dir='ltr'><strong>clamoribus</strong></span> <span class='ocrx_word' id='word_1_43' title='bbox 873 863 1074 922; x_wconf 79' lang='lat' dir='ltr'><strong>tei&#39;ret,</strong></span> <span class='ocrx_word' id='word_1_44' title='bbox 1112 867 1166 910; x_wconf 90' lang='lat' dir='ltr'><strong>et</strong></span> <span class='ocrx_word' id='word_1_45' title='bbox 1205 865 1364 910; x_wconf 88' lang='lat' dir='ltr'><strong>nocte</strong></span> <span class='ocrx_word' id='word_1_46' title='bbox 1416 857 1730 918; x_wconf 85' lang='lat' dir='ltr'><strong>euiiturbat,</strong></span> <span class='ocrx_word' id='word_1_47' title='bbox 1768 864 1820 906; x_wconf 87' lang='lat' dir='ltr'><strong>ct</strong></span> <span class='ocrx_word' id='word_1_48' title='bbox 1869 856 2070 919; x_wconf 84' lang='lat' dir='ltr'><strong>locum,</strong></span> 
     </span>
    </p>
   </div>
   <div class='ocr_carea' id='block_1_10' title="bbox 493 948 2073 1018">
    <p class='ocr_par' dir='ltr' id='par_1_10' title="bbox 493 948 2073 1018">
     <span class='ocr_line' id='line_1_10' title="bbox 493 948 2073 1018; baseline -0.001 -19"><span class='ocrx_word' id='word_1_49' title='bbox 493 957 732 1018; x_wconf 91' lang='lat' dir='ltr'><strong>tempus,</strong></span> <span class='ocrx_word' id='word_1_50' title='bbox 783 949 1309 1018; x_wconf 86' lang='lat' dir='ltr'><strong>circuuitantiaque</strong></span> <span class='ocrx_word' id='word_1_51' title='bbox 1343 949 1526 1002; x_wconf 86' lang='lat' dir='ltr'><strong>omnia</strong></span> <span class='ocrx_word' id='word_1_52' title='bbox 1589 949 1641 1000; x_wconf 92' lang='lat' dir='ltr'><strong>in</strong></span> <span class='ocrx_word' id='word_1_53' title='bbox 1693 949 1934 1000; x_wconf 75' lang='lat' dir='ltr'><strong>victoriii-</strong></span> <span class='ocrx_word' id='word_1_54' title='bbox 1990 948 2073 998; x_wconf 81' lang='lat' dir='ltr'><strong>in-</strong></span> 
     </span>
    </p>
   </div>
   <div class='ocr_carea' id='block_1_11' title="bbox 497 1039 2072 1111">
    <p class='ocr_par' dir='ltr' id='par_1_11' title="bbox 497 1039 2072 1111">
     <span class='ocr_line' id='line_1_11' title="bbox 497 1039 2072 1111; baseline -0.003 -15"><span class='ocrx_word' id='word_1_55' title='bbox 497 1050 811 1096; x_wconf 81' lang='lat' dir='ltr'><strong>Struinenta</strong></span> <span class='ocrx_word' id='word_1_56' title='bbox 844 1041 1023 1106; x_wconf 72' lang='lat' dir='ltr'><strong>vertit,</strong></span> <span class='ocrx_word' id='word_1_57' title='bbox 1073 1057 1510 1111; x_wconf 83' lang='lat' dir='ltr'><strong>unamquamque</strong></span> <span class='ocrx_word' id='word_1_58' title='bbox 1577 1057 1690 1094; x_wconf 84' lang='lat' dir='ltr'><strong>rem</strong></span> <span class='ocrx_word' id='word_1_59' title='bbox 1750 1043 1814 1094; x_wconf 85' lang='lat' dir='ltr'><strong>ad</strong></span> <span class='ocrx_word' id='word_1_60' title='bbox 1869 1042 1942 1104; x_wconf 86' lang='lat' dir='ltr'><strong>id,</strong></span> <span class='ocrx_word' id='word_1_61' title='bbox 2005 1039 2072 1094; x_wconf 87' lang='lat' dir='ltr'><strong>ad</strong></span> 
     </span>
    </p>
   </div>
   <div class='ocr_carea' id='block_1_12' title="bbox 495 1133 2078 1204">
    <p class='ocr_par' dir='ltr' id='par_1_12' title="bbox 495 1133 2078 1204">
     <span class='ocr_line' id='line_1_12' title="bbox 495 1133 2078 1204; baseline 0.001 -18"><span class='ocrx_word' id='word_1_62' title='bbox 495 1133 640 1200; x_wconf 88' lang='lat' dir='ltr'><strong>quod</strong></span> <span class='ocrx_word' id='word_1_63' title='bbox 688 1143 884 1188; x_wconf 87' lang='lat' dir='ltr'><strong>natura</strong></span> <span class='ocrx_word' id='word_1_64' title='bbox 934 1135 1099 1198; x_wconf 86' lang='lat' dir='ltr'><strong>valet,</strong></span> <span class='ocrx_word' id='word_1_65' title='bbox 1145 1145 1273 1204; x_wconf 87' lang='lat' dir='ltr'><strong>apte</strong></span> <span class='ocrx_word' id='word_1_66' title='bbox 1329 1134 1618 1200; x_wconf 85' lang='lat' dir='ltr'><strong>adhibetis,</strong></span> <span class='ocrx_word' id='word_1_67' title='bbox 1675 1137 1744 1188; x_wconf 91' lang='lat' dir='ltr'><strong>ita</strong></span> <span class='ocrx_word' id='word_1_68' title='bbox 1773 1150 1958 1188; x_wconf 89' lang='lat' dir='ltr'><strong>errore</strong></span> <span class='ocrx_word' id='word_1_69' title='bbox 2013 1147 2078 1188; x_wconf 90' lang='lat' dir='ltr'><strong>ac</strong></span> 
     </span>
    </p>
   </div>
   <div class='ocr_carea' id='block_1_13' title="bbox 499 1227 2077 1296">
    <p class='ocr_par' dir='ltr' id='par_1_13' title="bbox 499 1227 2077 1296">
     <span class='ocr_line' id='line_1_13' title="bbox 499 1227 2077 1296; baseline 0.001 -15"><span class='ocrx_word' id='word_1_70' title='bbox 499 1227 868 1296; x_wconf 78' lang='lat' dir='ltr'><strong>trepidatione</strong></span> <span class='ocrx_word' id='word_1_71' title='bbox 903 1229 1095 1282; x_wconf 67' lang='lat' dir='ltr'><strong>hostes</strong></span> <span class='ocrx_word' id='word_1_72' title='bbox 1137 1229 1393 1295; x_wconf 90' lang='lat' dir='ltr'><strong>inipleiis,</strong></span> <span class='ocrx_word' id='word_1_73' title='bbox 1431 1240 1489 1282; x_wconf 88' lang='lat' dir='ltr'><strong>ut</strong></span> <span class='ocrx_word' id='word_1_74' title='bbox 1518 1231 1638 1296; x_wconf 88' lang='lat' dir='ltr'><strong>ipse</strong></span> <span class='ocrx_word' id='word_1_75' title='bbox 1673 1239 1786 1282; x_wconf 90' lang='lat' dir='ltr'><strong>tum</strong></span> <span class='ocrx_word' id='word_1_76' title='bbox 1841 1228 2077 1282; x_wconf 85' lang='lat' dir='ltr'><strong>maxime</strong></span> 
     </span>
    </p>
   </div>
   <div class='ocr_carea' id='block_1_14' title="bbox 501 1320 2076 1390">
    <p class='ocr_par' dir='ltr' id='par_1_14' title="bbox 501 1320 2076 1390">
     <span class='ocr_line' id='line_1_14' title="bbox 501 1320 2076 1390; baseline 0 -18"><span class='ocrx_word' id='word_1_77' title='bbox 501 1320 837 1389; x_wconf 88' lang='lat' dir='ltr'><strong>tranquillus</strong></span> <span class='ocrx_word' id='word_1_78' title='bbox 873 1321 1288 1389; x_wconf 67' lang='lat' dir='ltr'><strong>imperturbata:</strong></span> <span class='ocrx_word' id='word_1_79' title='bbox 1321 1325 1521 1376; x_wconf 84' lang='lat' dir='ltr'><strong>mentis</strong></span> <span class='ocrx_word' id='word_1_80' title='bbox 1570 1321 1690 1376; x_wconf 86' lang='lat' dir='ltr'><strong>acie</strong></span> <span class='ocrx_word' id='word_1_81' title='bbox 1726 1331 1890 1390; x_wconf 88' lang='lat' dir='ltr'><strong>atque</strong></span> <span class='ocrx_word' id='word_1_82' title='bbox 1928 1323 2076 1373; x_wconf 77' lang='lat' dir='ltr'><strong>arbi-</strong></span> 
     </span>
    </p>
   </div>
   <div class='ocr_carea' id='block_1_15' title="bbox 501 1413 2075 1480">
    <p class='ocr_par' dir='ltr' id='par_1_15' title="bbox 501 1413 2075 1480">
     <span class='ocr_line' id='line_1_15' title="bbox 501 1413 2075 1480; baseline 0.001 -16"><span class='ocrx_word' id='word_1_83' title='bbox 501 1413 608 1465; x_wconf 87' lang='lat' dir='ltr'><strong>trio</strong></span> <span class='ocrx_word' id='word_1_84' title='bbox 645 1421 840 1466; x_wconf 90' lang='lat' dir='ltr'><strong>cuncta</strong></span> <span class='ocrx_word' id='word_1_85' title='bbox 884 1425 1160 1478; x_wconf 78' lang='lat' dir='ltr'><strong>cerneret,</strong></span> <span class='ocrx_word' id='word_1_86' title='bbox 1194 1421 1397 1466; x_wconf 90' lang='lat' dir='ltr'><strong>cuncta</strong></span> <span class='ocrx_word' id='word_1_87' title='bbox 1427 1413 1795 1480; x_wconf 85' lang='lat' dir='ltr'><strong>discerneret,</strong></span> <span class='ocrx_word' id='word_1_88' title='bbox 1828 1413 2075 1466; x_wconf 88' lang='lat' dir='ltr'><strong>omnium</strong></span> 
     </span>
    </p>
   </div>
   <div class='ocr_carea' id='block_1_16' title="bbox 503 1503 2074 1580">
    <p class='ocr_par' dir='ltr' id='par_1_16' title="bbox 503 1503 2074 1580">
     <span class='ocr_line' id='line_1_16' title="bbox 503 1503 2074 1580; baseline -0.001 -24"><span class='ocrx_word' id='word_1_89' title='bbox 503 1503 668 1556; x_wconf 90' lang='lat' dir='ltr'><strong>simul</strong></span> <span class='ocrx_word' id='word_1_90' title='bbox 716 1519 946 1567; x_wconf 87' lang='lat' dir='ltr'><strong>memor,</strong></span> <span class='ocrx_word' id='word_1_91' title='bbox 988 1511 1042 1557; x_wconf 88' lang='lat' dir='ltr'><strong>et</strong></span> <span class='ocrx_word' id='word_1_92' title='bbox 1093 1521 1264 1572; x_wconf 75' lang='lat' dir='ltr'><strong>usque</strong></span> <span class='ocrx_word' id='word_1_93' title='bbox 1303 1505 1357 1580; x_wconf 78' lang='lat' dir='ltr'><strong>in</strong></span> <span class='ocrx_word' id='word_1_94' title='bbox 1403 1505 1748 1570; x_wconf 75' lang='lat' dir='ltr'><strong>singulmum</strong></span> <span class='ocrx_word' id='word_1_95' title='bbox 1793 1504 2074 1558; x_wconf 87' lang='lat' dir='ltr'><strong>hominum</strong></span> 
     </span>
    </p>
   </div>
   <div class='ocr_carea' id='block_1_17' title="bbox 503 1583 2132 1665">
    <p class='ocr_par' dir='ltr' id='par_1_17' title="bbox 503 1583 2132 1665">
     <span class='ocr_line' id='line_1_17' title="bbox 503 1583 2132 1665; baseline 0.001 -19"><span class='ocrx_word' id='word_1_96' title='bbox 503 1609 689 1647; x_wconf 80' lang='lat' dir='ltr'><strong>curam</strong></span> <span class='ocrx_word' id='word_1_97' title='bbox 721 1595 1026 1648; x_wconf 82' lang='lat' dir='ltr'><strong>attentione</strong></span> <span class='ocrx_word' id='word_1_98' title='bbox 1057 1599 1424 1660; x_wconf 77' lang='lat' dir='ltr'><strong>redundante,</strong></span> <span class='ocrx_word' id='word_1_99' title='bbox 1454 1595 1751 1665; x_wconf 76' lang='lat' dir='ltr'><strong>fugientem</strong></span> <span class='ocrx_word' id='word_1_100' title='bbox 1777 1611 2075 1664; x_wconf 80' lang='lat' dir='ltr'><strong>quemque,</strong></span> <span class='ocrx_word' id='word_1_101' title='bbox 2117 1583 2132 1596; x_wconf 77' lang='grc'><em>’</em></span> 
     </span>
    </p>
   </div>
   <div class='ocr_carea' id='block_1_18' title="bbox 503 1684 2075 1756">
    <p class='ocr_par' dir='ltr' id='par_1_18' title="bbox 503 1684 2075 1756">
     <span class='ocr_line' id='line_1_18' title="bbox 503 1684 2075 1756; baseline 0.002 -20"><span class='ocrx_word' id='word_1_102' title='bbox 503 1684 547 1736; x_wconf 85' lang='lat' dir='ltr'><strong>si</strong></span> <span class='ocrx_word' id='word_1_103' title='bbox 606 1684 782 1739; x_wconf 84' lang='lat' dir='ltr'><strong>hostis</strong></span> <span class='ocrx_word' id='word_1_104' title='bbox 829 1695 969 1748; x_wconf 88' lang='lat' dir='ltr'><strong>erat,</strong></span> <span class='ocrx_word' id='word_1_105' title='bbox 1022 1687 1337 1756; x_wconf 81' lang='lat' dir='ltr'><strong>insequens,</strong></span> <span class='ocrx_word' id='word_1_106' title='bbox 1391 1688 1434 1740; x_wconf 92' lang='lat' dir='ltr'><strong>si</strong></span> <span class='ocrx_word' id='word_1_107' title='bbox 1505 1705 1533 1740; x_wconf 89' lang='lat' dir='ltr'><strong>c</strong></span> <span class='ocrx_word' id='word_1_108' title='bbox 1597 1689 1736 1753; x_wconf 83' lang='lat' dir='ltr'><strong>suis,</strong></span> <span class='ocrx_word' id='word_1_109' title='bbox 1789 1703 2075 1750; x_wconf 76' lang='lat' dir='ltr'><strong>revocans,</strong></span> 
     </span>
    </p>
   </div>
   <div class='ocr_carea' id='block_1_19' title="bbox 503 1776 2076 1844">
    <p class='ocr_par' dir='ltr' id='par_1_19' title="bbox 503 1776 2076 1844">
     <span class='ocr_line' id='line_1_19' title="bbox 503 1776 2076 1844; baseline 0.004 -16"><span class='ocrx_word' id='word_1_110' title='bbox 503 1791 771 1844; x_wconf 86' lang='lat' dir='ltr'><strong>nusquam</strong></span> <span class='ocrx_word' id='word_1_111' title='bbox 809 1777 861 1829; x_wconf 92' lang='lat' dir='ltr'><strong>in</strong></span> <span class='ocrx_word' id='word_1_112' title='bbox 898 1776 1226 1832; x_wconf 81' lang='lat' dir='ltr'><strong>confusione</strong></span> <span class='ocrx_word' id='word_1_113' title='bbox 1257 1788 1403 1832; x_wconf 87' lang='lat' dir='ltr'><strong>tanta</strong></span> <span class='ocrx_word' id='word_1_114' title='bbox 1441 1779 1610 1834; x_wconf 89' lang='lat' dir='ltr'><strong>vestis</strong></span> <span class='ocrx_word' id='word_1_115' title='bbox 1648 1779 1798 1832; x_wconf 91' lang='lat' dir='ltr'><strong>illum</strong></span> <span class='ocrx_word' id='word_1_116' title='bbox 1839 1789 1931 1832; x_wconf 91' lang='lat' dir='ltr'><strong>aut</strong></span> <span class='ocrx_word' id='word_1_117' title='bbox 1960 1780 2076 1834; x_wconf 89' lang='lat' dir='ltr'><strong>oris</strong></span> 
     </span>
    </p>
   </div>
   <div class='ocr_carea' id='block_1_20' title="bbox 504 1867 2077 1938">
    <p class='ocr_par' dir='ltr' id='par_1_20' title="bbox 504 1867 2077 1938">
     <span class='ocr_line' id='line_1_20' title="bbox 504 1867 2077 1938; baseline 0.003 -20"><span class='ocrx_word' id='word_1_118' title='bbox 504 1875 599 1920; x_wconf 89' lang='lat' dir='ltr'><strong>aut</strong></span> <span class='ocrx_word' id='word_1_119' title='bbox 637 1868 786 1922; x_wconf 69' lang='lat' dir='ltr'><strong>voois</strong></span> <span class='ocrx_word' id='word_1_120' title='bbox 815 1868 974 1936; x_wconf 82' lang='lat' dir='ltr'><strong>signo</strong></span> <span class='ocrx_word' id='word_1_121' title='bbox 1005 1867 1252 1932; x_wconf 78' lang='lat' dir='ltr'><strong>fallente,</strong></span> <span class='ocrx_word' id='word_1_122' title='bbox 1286 1879 1344 1922; x_wconf 94' lang='lat' dir='ltr'><strong>iit</strong></span> <span class='ocrx_word' id='word_1_123' title='bbox 1384 1885 1544 1923; x_wconf 91' lang='lat' dir='ltr'><strong>suum</strong></span> <span class='ocrx_word' id='word_1_124' title='bbox 1573 1887 1670 1938; x_wconf 83' lang='lat' dir='ltr'><strong>pro</strong></span> <span class='ocrx_word' id='word_1_125' title='bbox 1705 1872 1905 1934; x_wconf 88' lang='lat' dir='ltr'><strong>alieno,</strong></span> <span class='ocrx_word' id='word_1_126' title='bbox 1939 1870 2077 1923; x_wconf 87' lang='lat' dir='ltr'><strong>alie-</strong></span> 
     </span>
    </p>
   </div>
   <div class='ocr_carea' id='block_1_21' title="bbox 509 1959 2075 2028">
    <p class='ocr_par' dir='ltr' id='par_1_21' title="bbox 509 1959 2075 2028">
     <span class='ocr_line' id='line_1_21' title="bbox 509 1959 2075 2028; baseline 0.004 -18"><span class='ocrx_word' id='word_1_127' title='bbox 509 1973 636 2010; x_wconf 88' lang='lat' dir='ltr'><strong>num</strong></span> <span class='ocrx_word' id='word_1_128' title='bbox 675 1973 773 2026; x_wconf 91' lang='lat' dir='ltr'><strong>pro</strong></span> <span class='ocrx_word' id='word_1_129' title='bbox 801 1975 902 2014; x_wconf 90' lang='lat' dir='ltr'><strong>suo</strong></span> <span class='ocrx_word' id='word_1_130' title='bbox 931 1961 1054 2012; x_wconf 81' lang='lat' dir='ltr'><strong>dllCt</strong></span> <span class='ocrx_word' id='word_1_131' title='bbox 1077 1971 1177 2014; x_wconf 86' lang='lat' dir='ltr'><strong>ret.</strong></span> <span class='ocrx_word' id='word_1_132' title='bbox 1223 1959 1394 2028; x_wconf 88' lang='lat' dir='ltr'><strong>Cujus</strong></span> <span class='ocrx_word' id='word_1_133' title='bbox 1437 1961 1772 2017; x_wconf 81' lang='lat' dir='ltr'><strong>abundantis</strong></span> <span class='ocrx_word' id='word_1_134' title='bbox 1810 1961 1974 2016; x_wconf 88' lang='lat' dir='ltr'><strong>etiam</strong></span> <span class='ocrx_word' id='word_1_135' title='bbox 2008 1961 2075 2016; x_wconf 88' lang='lat' dir='ltr'><strong>ad</strong></span> 
     </span>
    </p>
   </div>
   <div class='ocr_carea' id='block_1_22' title="bbox 505 2050 2080 2122">
    <p class='ocr_par' dir='ltr' id='par_1_22' title="bbox 505 2050 2080 2122">
     <span class='ocr_line' id='line_1_22' title="bbox 505 2050 2080 2122; baseline 0.004 -22"><span class='ocrx_word' id='word_1_136' title='bbox 505 2050 715 2104; x_wconf 87' lang='lat' dir='ltr'><strong>minuta</strong></span> <span class='ocrx_word' id='word_1_137' title='bbox 776 2065 1006 2120; x_wconf 66' lang='lat' dir='ltr'><strong>quaeque</strong></span> <span class='ocrx_word' id='word_1_138' title='bbox 1062 2051 1300 2105; x_wconf 79' lang='lat' dir='ltr'><strong>nmanda</strong></span> <span class='ocrx_word' id='word_1_139' title='bbox 1369 2053 1716 2121; x_wconf 76' lang='lat' dir='ltr'><strong>regendaque</strong></span> <span class='ocrx_word' id='word_1_140' title='bbox 1777 2051 2080 2122; x_wconf 57' lang='lat' dir='ltr'><strong>praisentia:</strong></span> 
     </span>
    </p>
   </div>
   <div class='ocr_carea' id='block_1_23' title="bbox 505 2141 2078 2212">
    <p class='ocr_par' dir='ltr' id='par_1_23' title="bbox 505 2141 2078 2212">
     <span class='ocr_line' id='line_1_23' title="bbox 505 2141 2078 2212; baseline 0.003 -20"><span class='ocrx_word' id='word_1_141' title='bbox 505 2141 1015 2212; x_wconf 80' lang='lat' dir='ltr'><strong>consilii,equidein</strong></span> <span class='ocrx_word' id='word_1_142' title='bbox 1041 2143 1224 2197; x_wconf 85' lang='lat' dir='ltr'><strong>ethoc</strong></span> <span class='ocrx_word' id='word_1_143' title='bbox 1247 2143 1641 2198; x_wconf 80' lang='lat' dir='ltr'><strong>documentum</strong></span> <span class='ocrx_word' id='word_1_144' title='bbox 1667 2144 1755 2197; x_wconf 87' lang='lat' dir='ltr'><strong>liic</strong></span> <span class='ocrx_word' id='word_1_145' title='bbox 1785 2159 2078 2212; x_wconf 89' lang='lat' dir='ltr'><strong>apponam.</strong></span> 
     </span>
    </p>
   </div>
   <div class='ocr_carea' id='block_1_24' title="bbox 508 2233 2079 2304">
    <p class='ocr_par' dir='ltr' id='par_1_24' title="bbox 508 2233 2079 2304">
     <span class='ocr_line' id='line_1_24' title="bbox 508 2233 2079 2304; baseline 0.004 -23"><span class='ocrx_word' id='word_1_146' title='bbox 508 2233 676 2286; x_wconf 74' lang='lat' dir='ltr'><strong>tinles</strong></span> <span class='ocrx_word' id='word_1_147' title='bbox 713 2243 830 2286; x_wconf 88' lang='lat' dir='ltr'><strong>erat</strong></span> <span class='ocrx_word' id='word_1_148' title='bbox 875 2234 1097 2303; x_wconf 89' lang='lat' dir='ltr'><strong>quidam</strong></span> <span class='ocrx_word' id='word_1_149' title='bbox 1134 2233 1424 2304; x_wconf 84' lang='lat' dir='ltr'><strong>Cappadox</strong></span> <span class='ocrx_word' id='word_1_150' title='bbox 1473 2235 1609 2288; x_wconf 80' lang='lat' dir='ltr'><strong>fidus</strong></span> <span class='ocrx_word' id='word_1_151' title='bbox 1652 2235 1822 2302; x_wconf 71' lang='lat' dir='ltr'><strong>patiis</strong></span> <span class='ocrx_word' id='word_1_152' title='bbox 1858 2237 1962 2290; x_wconf 87' lang='lat' dir='ltr'><strong>mei</strong></span> <span class='ocrx_word' id='word_1_153' title='bbox 1993 2235 2079 2290; x_wconf 88' lang='lat' dir='ltr'><strong>fa-</strong></span> 
     </span>
    </p>
   </div>
   <div class='ocr_carea' id='block_1_25' title="bbox 513 2325 2079 2398">
    <p class='ocr_par' dir='ltr' id='par_1_25' title="bbox 513 2325 2079 2398">
     <span class='ocr_line' id='line_1_25' title="bbox 513 2325 2079 2398; baseline 0.007 -25"><span class='ocrx_word' id='word_1_154' title='bbox 513 2325 719 2384; x_wconf 87' lang='lat' dir='ltr'><strong>iiiiiltis.</strong></span> <span class='ocrx_word' id='word_1_155' title='bbox 751 2341 912 2378; x_wconf 89' lang='lat' dir='ltr'><strong>manu</strong></span> <span class='ocrx_word' id='word_1_156' title='bbox 951 2340 1261 2397; x_wconf 84' lang='lat' dir='ltr'><strong>promptus,</strong></span> <span class='ocrx_word' id='word_1_157' title='bbox 1297 2330 1668 2398; x_wconf 71' lang='lat' dir='ltr'><strong>i-rojectaeque</strong></span> <span class='ocrx_word' id='word_1_158' title='bbox 1722 2329 1773 2380; x_wconf 92' lang='lat' dir='ltr'><strong>iii</strong></span> <span class='ocrx_word' id='word_1_159' title='bbox 1812 2329 2079 2396; x_wconf 76' lang='lat' dir='ltr'><strong>periculis</strong></span> 
     </span>
    </p>
   </div>
   <div class='ocr_carea' id='block_1_26' title="bbox 513 2413 2080 2490">
    <p class='ocr_par' dir='ltr' id='par_1_26' title="bbox 513 2413 2080 2490">
     <span class='ocr_line' id='line_1_26' title="bbox 513 2413 2080 2490; baseline 0.006 -26"><span class='ocrx_word' id='word_1_160' title='bbox 513 2413 724 2470; x_wconf 78' lang='lat' dir='ltr'><strong>bellicis</strong></span> <span class='ocrx_word' id='word_1_161' title='bbox 765 2417 1036 2473; x_wconf 69' lang='lat' dir='ltr'><strong>audaciie.</strong></span> <span class='ocrx_word' id='word_1_162' title='bbox 1083 2419 1134 2473; x_wconf 89' lang='lat' dir='ltr'><strong>ls</strong></span> <span class='ocrx_word' id='word_1_163' title='bbox 1163 2421 1518 2488; x_wconf 75' lang='lat' dir='ltr'><strong>conspicatus</strong></span> <span class='ocrx_word' id='word_1_164' title='bbox 1555 2419 1908 2485; x_wconf 82' lang='lat' dir='ltr'><strong>Basiliiciiim,</strong></span> <span class='ocrx_word' id='word_1_165' title='bbox 1962 2421 2080 2490; x_wconf 92' lang='lat' dir='ltr'><strong>pla-</strong></span> 
     </span>
    </p>
   </div>
   <div class='ocr_carea' id='block_1_27' title="bbox 505 2509 2078 2582">
    <p class='ocr_par' dir='ltr' id='par_1_27' title="bbox 505 2509 2078 2582">
     <span class='ocr_line' id='line_1_27' title="bbox 505 2509 2078 2582; baseline 0.007 -26"><span class='ocrx_word' id='word_1_166' title='bbox 505 2520 683 2572; x_wconf 79' lang='lat' dir='ltr'><strong>neque</strong></span> <span class='ocrx_word' id='word_1_167' title='bbox 708 2521 1031 2574; x_wconf 80' lang='lat' dir='ltr'><strong>agnoscens,</strong></span> <span class='ocrx_word' id='word_1_168' title='bbox 1057 2509 1234 2564; x_wconf 86' lang='lat' dir='ltr'><strong>valido</strong></span> <span class='ocrx_word' id='word_1_169' title='bbox 1257 2527 1418 2580; x_wconf 83' lang='lat' dir='ltr'><strong>supra</strong></span> <span class='ocrx_word' id='word_1_170' title='bbox 1455 2513 1662 2581; x_wconf 81' lang='lat' dir='ltr'><strong>galeam</strong></span> <span class='ocrx_word' id='word_1_171' title='bbox 1698 2513 1808 2568; x_wconf 90' lang='lat' dir='ltr'><strong>ictu</strong></span> <span class='ocrx_word' id='word_1_172' title='bbox 1845 2512 2078 2582; x_wconf 79' lang='lat' dir='ltr'><strong>impetit.</strong></span> 
     </span>
    </p>
   </div>
   <div class='ocr_carea' id='block_1_28' title="bbox 509 2598 2077 2674">
    <p class='ocr_par' dir='ltr' id='par_1_28' title="bbox 509 2598 2077 2674">
     <span class='ocr_line' id='line_1_28' title="bbox 509 2598 2077 2674; baseline 0.005 -24"><span class='ocrx_word' id='word_1_173' title='bbox 509 2601 578 2650; x_wconf 73' lang='lat' dir='ltr'><strong>At</strong></span> <span class='ocrx_word' id='word_1_174' title='bbox 609 2598 712 2662; x_wconf 91' lang='lat' dir='ltr'><strong>illi,</strong></span> <span class='ocrx_word' id='word_1_175' title='bbox 748 2601 892 2669; x_wconf 91' lang='lat' dir='ltr'><strong>quod</strong></span> <span class='ocrx_word' id='word_1_176' title='bbox 928 2601 1173 2656; x_wconf 81' lang='lat' dir='ltr'><strong>Menelao</strong></span> <span class='ocrx_word' id='word_1_177' title='bbox 1199 2619 1420 2672; x_wconf 90' lang='lat' dir='ltr'><strong>quoque</strong></span> <span class='ocrx_word' id='word_1_178' title='bbox 1453 2607 1505 2657; x_wconf 90' lang='lat' dir='ltr'><strong>iii</strong></span> <span class='ocrx_word' id='word_1_179' title='bbox 1537 2603 1787 2658; x_wconf 82' lang='lat' dir='ltr'><strong>Paridem</strong></span> <span class='ocrx_word' id='word_1_180' title='bbox 1815 2605 2077 2674; x_wconf 75' lang='lat' dir='ltr'><strong>pugnanti</strong></span> 
     </span>
    </p>
   </div>
   <div class='ocr_carea' id='block_1_29' title="bbox 513 2692 2082 2767">
    <p class='ocr_par' dir='ltr' id='par_1_29' title="bbox 513 2692 2082 2767">
     <span class='ocr_line' id='line_1_29' title="bbox 513 2692 2082 2767; baseline 0.008 -27"><span class='ocrx_word' id='word_1_181' title='bbox 513 2705 615 2744; x_wconf 89' lang='lat' dir='ltr'><strong>iisu</strong></span> <span class='ocrx_word' id='word_1_182' title='bbox 645 2692 819 2754; x_wconf 87' lang='lat' dir='ltr'><strong>venit,</strong></span> <span class='ocrx_word' id='word_1_183' title='bbox 863 2692 915 2746; x_wconf 94' lang='lat' dir='ltr'><strong>iii</strong></span> <span class='ocrx_word' id='word_1_184' title='bbox 950 2702 1101 2747; x_wconf 88' lang='lat' dir='ltr'><strong>terna</strong></span> <span class='ocrx_word' id='word_1_185' title='bbox 1136 2706 1516 2765; x_wconf 86' lang='lat' dir='ltr'><strong>quateiuaque</strong></span> <span class='ocrx_word' id='word_1_186' title='bbox 1561 2699 1832 2767; x_wconf 77' lang='lat' dir='ltr'><strong>fragmina</strong></span> <span class='ocrx_word' id='word_1_187' title='bbox 1877 2697 2082 2752; x_wconf 66' lang='lat' dir='ltr'><strong>dissilit</strong></span> 
     </span>
    </p>
   </div>
   <div class='ocr_carea' id='block_1_30' title="bbox 510 2785 2078 2854">
    <p class='ocr_par' dir='ltr' id='par_1_30' title="bbox 510 2785 2078 2854">
     <span class='ocr_line' id='line_1_30' title="bbox 510 2785 2078 2854; baseline 0.006 -22"><span class='ocrx_word' id='word_1_188' title='bbox 510 2785 685 2849; x_wconf 77' lang='lat' dir='ltr'><strong>lllSiS,</strong></span> <span class='ocrx_word' id='word_1_189' title='bbox 717 2786 910 2854; x_wconf 87' lang='lat' dir='ltr'><strong>capulo</strong></span> <span class='ocrx_word' id='word_1_190' title='bbox 942 2789 1062 2840; x_wconf 86' lang='lat' dir='ltr'><strong>solo</strong></span> <span class='ocrx_word' id='word_1_191' title='bbox 1107 2790 1290 2841; x_wconf 87' lang='lat' dir='ltr'><strong>manui</strong></span> <span class='ocrx_word' id='word_1_192' title='bbox 1321 2787 1582 2843; x_wconf 72' lang='lat' dir='ltr'><strong>limi-cute.</strong></span> <span class='ocrx_word' id='word_1_193' title='bbox 1629 2791 1762 2844; x_wconf 86' lang='lat' dir='ltr'><strong>Eum</strong></span> <span class='ocrx_word' id='word_1_194' title='bbox 1807 2790 1898 2844; x_wconf 88' lang='lat' dir='ltr'><strong>tali</strong></span> <span class='ocrx_word' id='word_1_195' title='bbox 1931 2799 2078 2844; x_wconf 88' lang='lat' dir='ltr'><strong>statu</strong></span> 
     </span>
    </p>
   </div>
   <div class='ocr_carea' id='block_1_31' title="bbox 509 2875 2082 2948">
    <p class='ocr_par' dir='ltr' id='par_1_31' title="bbox 509 2875 2082 2948">
     <span class='ocr_line' id='line_1_31' title="bbox 509 2875 2082 2948; baseline 0.001 -20"><span class='ocrx_word' id='word_1_196' title='bbox 509 2890 633 2929; x_wconf 91' lang='lat' dir='ltr'><strong>cum</strong></span> <span class='ocrx_word' id='word_1_197' title='bbox 661 2875 890 2932; x_wconf 84' lang='lat' dir='ltr'><strong>vidisset</strong></span> <span class='ocrx_word' id='word_1_198' title='bbox 921 2879 1147 2934; x_wconf 78' lang='lat' dir='ltr'><strong>Alexius</strong></span> <span class='ocrx_word' id='word_1_199' title='bbox 1177 2879 1320 2932; x_wconf 92' lang='lat' dir='ltr'><strong>baud</strong></span> <span class='ocrx_word' id='word_1_200' title='bbox 1357 2880 1548 2933; x_wconf 79' lang='lat' dir='ltr'><strong>leviter</strong></span> <span class='ocrx_word' id='word_1_201' title='bbox 1585 2881 1881 2948; x_wconf 89' lang='lat' dir='ltr'><strong>increpuit,</strong></span> <span class='ocrx_word' id='word_1_202' title='bbox 1919 2880 2082 2948; x_wconf 80' lang='lat' dir='ltr'><strong>igna-</strong></span> 
     </span>
    </p>
   </div>
   <div class='ocr_carea' id='block_1_32' title="bbox 509 2969 2080 3042">
    <p class='ocr_par' dir='ltr' id='par_1_32' title="bbox 509 2969 2080 3042">
     <span class='ocr_line' id='line_1_32' title="bbox 509 2969 2080 3042; baseline 0.003 -23"><span class='ocrx_word' id='word_1_203' title='bbox 509 2969 720 3036; x_wconf 70' lang='lat' dir='ltr'><strong>viaiqiie</strong></span> <span class='ocrx_word' id='word_1_204' title='bbox 770 2970 1074 3033; x_wconf 88' lang='lat' dir='ltr'><strong>damnavit,</strong></span> <span class='ocrx_word' id='word_1_205' title='bbox 1136 2972 1294 3040; x_wconf 89' lang='lat' dir='ltr'><strong>quasi</strong></span> <span class='ocrx_word' id='word_1_206' title='bbox 1341 2973 1650 3042; x_wconf 72' lang='lat' dir='ltr'><strong>extorqueri</strong></span> <span class='ocrx_word' id='word_1_207' title='bbox 1693 2973 1794 3026; x_wconf 90' lang='lat' dir='ltr'><strong>sibi</strong></span> <span class='ocrx_word' id='word_1_208' title='bbox 1844 2971 2080 3041; x_wconf 79' lang='lat' dir='ltr'><strong>gladium</strong></span> 
     </span>
    </p>
   </div>
   <div class='ocr_carea' id='block_1_33' title="bbox 511 3059 2083 3134">
    <p class='ocr_par' dir='ltr' id='par_1_33' title="bbox 511 3059 2083 3134">
     <span class='ocr_line' id='line_1_33' title="bbox 511 3059 2083 3134; baseline 0.002 -22"><span class='ocrx_word' id='word_1_209' title='bbox 511 3059 734 3116; x_wconf 82' lang='lat' dir='ltr'><strong>sivisset</strong></span> <span class='ocrx_word' id='word_1_210' title='bbox 775 3080 788 3116; x_wconf 94' lang='lat'><strong>:</strong></span> <span class='ocrx_word' id='word_1_211' title='bbox 828 3063 976 3131; x_wconf 91' lang='lat' dir='ltr'><strong>quod</strong></span> <span class='ocrx_word' id='word_1_212' title='bbox 1029 3063 1119 3117; x_wconf 90' lang='lat' dir='ltr'><strong>ille</strong></span> <span class='ocrx_word' id='word_1_213' title='bbox 1177 3067 1451 3134; x_wconf 78' lang='lat' dir='ltr'><strong>purgavit,</strong></span> <span class='ocrx_word' id='word_1_214' title='bbox 1507 3065 1853 3133; x_wconf 83' lang='lat' dir='ltr'><strong>placavitque</strong></span> <span class='ocrx_word' id='word_1_215' title='bbox 1903 3063 2083 3118; x_wconf 86' lang='lat' dir='ltr'><strong>domi-</strong></span> 
     </span>
    </p>
   </div>
   <div class='ocr_carea' id='block_1_34' title="bbox 2172 586 3743 657">
    <p class='ocr_par' dir='ltr' id='par_1_34' title="bbox 2172 586 3743 657">
     <span class='ocr_line' id='line_1_34' title="bbox 2172 586 3743 657; baseline 0.004 -21"><span class='ocrx_word' id='word_1_216' title='bbox 2172 586 2360 638; x_wconf 71' lang='grc' dir='ltr'>λάκιον</span> <span class='ocrx_word' id='word_1_217' title='bbox 2417 587 2752 655; x_wconf 76' lang='grc' dir='ltr'>θεασάμενος</span> <span class='ocrx_word' id='word_1_218' title='bbox 2809 588 2904 640; x_wconf 75' lang='grc' dir='ltr'><strong>καὶ</strong></span> <span class='ocrx_word' id='word_1_219' title='bbox 2963 588 3210 657; x_wconf 72' lang='grc' dir='ltr'>ἀκριϐῶς</span> <span class='ocrx_word' id='word_1_220' title='bbox 3267 587 3527 654; x_wconf 76' lang='grc' dir='ltr'>ἐγνωκὼς</span> <span class='ocrx_word' id='word_1_221' title='bbox 3591 593 3743 643; x_wconf 87' lang='grc' dir='ltr'>παίει</span> 
     </span>
    </p>
   </div>
   <div class='ocr_carea' id='block_1_35' title="bbox 2173 676 3750 748">
    <p class='ocr_par' dir='ltr' id='par_1_35' title="bbox 2173 676 3750 748">
     <span class='ocr_line' id='line_1_35' title="bbox 2173 676 3750 748; baseline 0.001 -20"><span class='ocrx_word' id='word_1_222' title='bbox 2173 676 2314 728; x_wconf 79' lang='grc' dir='ltr'>κατὰ</span> <span class='ocrx_word' id='word_1_223' title='bbox 2345 677 2442 744; x_wconf 82' lang='grc' dir='ltr'>τῆς</span> <span class='ocrx_word' id='word_1_224' title='bbox 2489 677 2736 746; x_wconf 77' lang='grc' dir='ltr'>κόρυθος.</span> <span class='ocrx_word' id='word_1_225' title='bbox 2780 677 2940 730; x_wconf 69' lang='grc' dir='ltr'>Ἀλλὰ</span> <span class='ocrx_word' id='word_1_226' title='bbox 2971 679 3029 728; x_wconf 60' lang='grc' dir='ltr'>τδι</span> <span class='ocrx_word' id='word_1_227' title='bbox 3077 677 3167 729; x_wconf 73' lang='grc' dir='ltr'><strong>τοῦ</strong></span> <span class='ocrx_word' id='word_1_228' title='bbox 3202 677 3456 730; x_wconf 79' lang='grc' dir='ltr'>Μενέλεω</span> <span class='ocrx_word' id='word_1_229' title='bbox 3489 679 3626 748; x_wconf 68' lang='grc' dir='ltr'>πρὸς</span> <span class='ocrx_word' id='word_1_230' title='bbox 3653 681 3750 732; x_wconf 87' lang='grc' dir='ltr'><strong>τὸν</strong></span> 
     </span>
    </p>
   </div>
   <div class='ocr_carea' id='block_1_36' title="bbox 2186 769 3744 840">
    <p class='ocr_par' dir='ltr' id='par_1_36' title="bbox 2186 769 3744 840">
     <span class='ocr_line' id='line_1_36' title="bbox 2186 769 3744 840; baseline 0.002 -20"><span class='ocrx_word' id='word_1_231' title='bbox 2186 769 2530 838; x_wconf 73' lang='grc' dir='ltr'>Ἀλέξανδρον</span> <span class='ocrx_word' id='word_1_232' title='bbox 2565 770 2824 824; x_wconf 79' lang='grc' dir='ltr'>πέπονθε.</span> <span class='ocrx_word' id='word_1_233' title='bbox 2859 771 2930 822; x_wconf 75' lang='grc' dir='ltr'><strong>Τὸ</strong></span> <span class='ocrx_word' id='word_1_234' title='bbox 2957 770 3061 840; x_wconf 77' lang='grc' dir='ltr'><strong>γὰρ</strong></span> <span class='ocrx_word' id='word_1_235' title='bbox 3083 771 3230 835; x_wconf 55' lang='lat' dir='ltr'><strong>Egi-po;</strong></span> <span class='ocrx_word' id='word_1_236' title='bbox 3257 770 3420 825; x_wconf 63' lang='grc' dir='ltr'>αὲτο]</span> <span class='ocrx_word' id='word_1_237' title='bbox 3453 771 3652 840; x_wconf 79' lang='grc' dir='ltr'>τριχθά</span> <span class='ocrx_word' id='word_1_238' title='bbox 3683 787 3744 823; x_wconf 87' lang='grc' dir='ltr'><strong>τε</strong></span> 
     </span>
    </p>
   </div>
   <div class='ocr_carea' id='block_1_37' title="bbox 2173 861 3748 933">
    <p class='ocr_par' dir='ltr' id='par_1_37' title="bbox 2173 861 3748 933">
     <span class='ocr_line' id='line_1_37' title="bbox 2173 861 3748 933; baseline 0 -19"><span class='ocrx_word' id='word_1_239' title='bbox 2173 863 2269 914; x_wconf 78' lang='grc' dir='ltr'>καὶ</span> <span class='ocrx_word' id='word_1_240' title='bbox 2303 861 2577 930; x_wconf 71' lang='grc' dir='ltr'>τετραχθὰ</span> <span class='ocrx_word' id='word_1_241' title='bbox 2605 862 2918 933; x_wconf 74' lang='grc' dir='ltr'>διατριφθὲν</span> <span class='ocrx_word' id='word_1_242' title='bbox 2947 863 3170 926; x_wconf 76' lang='grc' dir='ltr'>ἐξέπεσε</span> <span class='ocrx_word' id='word_1_243' title='bbox 3201 863 3295 930; x_wconf 74' lang='grc' dir='ltr'>τῆς</span> <span class='ocrx_word' id='word_1_244' title='bbox 3321 863 3499 930; x_wconf 78' lang='grc' dir='ltr'>χειρὸς</span> <span class='ocrx_word' id='word_1_245' title='bbox 3525 863 3623 930; x_wconf 77' lang='grc' dir='ltr'>τῆς</span> <span class='ocrx_word' id='word_1_246' title='bbox 3657 863 3748 914; x_wconf 84' lang='grc' dir='ltr'>λα-</span> 
     </span>
    </p>
   </div>
   <div class='ocr_carea' id='block_1_38' title="bbox 2177 953 3748 1024">
    <p class='ocr_par' dir='ltr' id='par_1_38' title="bbox 2177 953 3748 1024">
     <span class='ocr_line' id='line_1_38' title="bbox 2177 953 3748 1024; baseline 0 -18"><span class='ocrx_word' id='word_1_247' title='bbox 2177 955 2278 1018; x_wconf 78' lang='grc' dir='ltr'>ῦῆς</span> <span class='ocrx_word' id='word_1_248' title='bbox 2331 953 2790 1022; x_wconf 76' lang='grc' dir='ltr'><strong>καταλειφθείσης</strong></span> <span class='ocrx_word' id='word_1_249' title='bbox 2819 955 2877 1006; x_wconf 75' lang='grc' dir='ltr'>ἐν</span> <span class='ocrx_word' id='word_1_250' title='bbox 2909 958 2972 1024; x_wconf 85' lang='grc' dir='ltr'>τῇ</span> <span class='ocrx_word' id='word_1_251' title='bbox 3026 955 3190 1024; x_wconf 82' lang='grc' dir='ltr'>χειρί.</span> <span class='ocrx_word' id='word_1_252' title='bbox 3226 957 3321 1006; x_wconf 90' lang='grc' dir='ltr'>Ὃν</span> <span class='ocrx_word' id='word_1_253' title='bbox 3366 957 3392 1006; x_wconf 77' lang='grc' dir='ltr'>ὁ</span> <span class='ocrx_word' id='word_1_254' title='bbox 3439 955 3748 1022; x_wconf 76' lang='grc' dir='ltr'>στρατηγὸς</span> 
     </span>
    </p>
   </div>
   <div class='ocr_carea' id='block_1_39' title="bbox 2177 1047 3754 1119">
    <p class='ocr_par' dir='ltr' id='par_1_39' title="bbox 2177 1047 3754 1119">
     <span class='ocr_line' id='line_1_39' title="bbox 2177 1047 3754 1119; baseline 0.001 -19"><span class='ocrx_word' id='word_1_255' title='bbox 2177 1047 2538 1118; x_wconf 83' lang='grc' dir='ltr'>θεασάμενος,</span> <span class='ocrx_word' id='word_1_256' title='bbox 2575 1047 2740 1110; x_wconf 81' lang='grc' dir='ltr'>εὐθὺς</span> <span class='ocrx_word' id='word_1_257' title='bbox 2767 1047 3144 1117; x_wconf 80' lang='grc' dir='ltr'>διελοιδορεῖτο</span> <span class='ocrx_word' id='word_1_258' title='bbox 3177 1049 3260 1100; x_wconf 86' lang='grc' dir='ltr'>ὅτι</span> <span class='ocrx_word' id='word_1_259' title='bbox 3295 1048 3370 1117; x_wconf 79' lang='grc' dir='ltr'>μὴ</span> <span class='ocrx_word' id='word_1_260' title='bbox 3403 1051 3668 1119; x_wconf 76' lang='grc' dir='ltr'><strong>κατάσχοι</strong></span> <span class='ocrx_word' id='word_1_261' title='bbox 3691 1051 3754 1102; x_wconf 84' lang='grc' dir='ltr'>τὸ</span> 
     </span>
    </p>
   </div>
   <div class='ocr_carea' id='block_1_40' title="bbox 2177 1135 3750 1208">
    <p class='ocr_par' dir='ltr' id='par_1_40' title="bbox 2177 1135 3750 1208">
     <span class='ocr_line' id='line_1_40' title="bbox 2177 1135 3750 1208; baseline 0.001 -22"><span class='ocrx_word' id='word_1_262' title='bbox 2177 1137 2350 1204; x_wconf 76' lang='grc' dir='ltr'>ξίφος,</span> <span class='ocrx_word' id='word_1_263' title='bbox 2383 1139 2476 1189; x_wconf 74' lang='grc' dir='ltr'>καὶ</span> <span class='ocrx_word' id='word_1_264' title='bbox 2503 1137 2766 1208; x_wconf 81' lang='grc' dir='ltr'>ἄνανδρον</span> <span class='ocrx_word' id='word_1_265' title='bbox 2807 1135 3072 1190; x_wconf 77' lang='grc' dir='ltr'><strong>ἀπεκάλει</strong></span> <span class='ocrx_word' id='word_1_266' title='bbox 3101 1135 3312 1188; x_wconf 81' lang='grc' dir='ltr'>τοῦτον.</span> <span class='ocrx_word' id='word_1_267' title='bbox 3357 1135 3495 1188; x_wconf 75' lang='grc' dir='ltr'>Ἀλλ’</span> <span class='ocrx_word' id='word_1_268' title='bbox 3523 1138 3549 1188; x_wconf 78' lang='grc' dir='ltr'>ὀ</span> <span class='ocrx_word' id='word_1_269' title='bbox 3581 1153 3750 1202; x_wconf 81' lang='grc' dir='ltr'>στρα-</span> 
     </span>
    </p>
   </div>
   <div class='ocr_carea' id='block_1_41' title="bbox 2177 1225 3748 1297">
    <p class='ocr_par' dir='ltr' id='par_1_41' title="bbox 2177 1225 3748 1297">
     <span class='ocr_line' id='line_1_41' title="bbox 2177 1225 3748 1297; baseline -0.002 -17"><span class='ocrx_word' id='word_1_270' title='bbox 2177 1227 2378 1297; x_wconf 78' lang='grc' dir='ltr'>τιώτης</span> <span class='ocrx_word' id='word_1_271' title='bbox 2432 1231 2530 1297; x_wconf 68' lang='grc' dir='ltr'><strong>τὴν</strong></span> <span class='ocrx_word' id='word_1_272' title='bbox 2581 1227 3038 1295; x_wconf 71' lang='grc' dir='ltr'><strong>καταλειφθεῖσαν</strong></span> <span class='ocrx_word' id='word_1_273' title='bbox 3085 1225 3180 1278; x_wconf 81' lang='grc' dir='ltr'>τοῦ</span> <span class='ocrx_word' id='word_1_274' title='bbox 3223 1226 3412 1293; x_wconf 78' lang='grc' dir='ltr'><strong>ξίφους</strong></span> <span class='ocrx_word' id='word_1_275' title='bbox 3443 1225 3614 1294; x_wconf 74' lang='grc' dir='ltr'>λαϐὴν</span> <span class='ocrx_word' id='word_1_276' title='bbox 3643 1243 3748 1277; x_wconf 82' lang='grc' dir='ltr'>πα-</span> 
     </span>
    </p>
   </div>
   <div class='ocr_carea' id='block_1_42' title="bbox 2180 1319 3748 1390">
    <p class='ocr_par' dir='ltr' id='par_1_42' title="bbox 2180 1319 3748 1390">
     <span class='ocr_line' id='line_1_42' title="bbox 2180 1319 3748 1390; baseline 0 -18"><span class='ocrx_word' id='word_1_277' title='bbox 2180 1320 2464 1389; x_wconf 76' lang='grc' dir='ltr'>ραδεικνὺς</span> <span class='ocrx_word' id='word_1_278' title='bbox 2503 1320 2810 1390; x_wconf 75' lang='grc' dir='ltr'>πραότερον</span> <span class='ocrx_word' id='word_1_279' title='bbox 2845 1320 3019 1372; x_wconf 79' lang='grc' dir='ltr'>ἐποίει</span> <span class='ocrx_word' id='word_1_280' title='bbox 3051 1319 3143 1372; x_wconf 78' lang='grc' dir='ltr'><strong>τὸν</strong></span> <span class='ocrx_word' id='word_1_281' title='bbox 3195 1321 3367 1388; x_wconf 80' lang='grc' dir='ltr'>μέγαν</span> <span class='ocrx_word' id='word_1_282' title='bbox 3399 1320 3748 1386; x_wconf 78' lang='grc' dir='ltr'>δομέστικον.</span> 
     </span>
    </p>
   </div>
   <div class='ocr_carea' id='block_1_43' title="bbox 2181 1411 3752 1480">
    <p class='ocr_par' dir='ltr' id='par_1_43' title="bbox 2181 1411 3752 1480">
     <span class='ocr_line' id='line_1_43' title="bbox 2181 1411 3752 1480; baseline -0.002 -16"><span class='ocrx_word' id='word_1_283' title='bbox 2181 1411 2288 1464; x_wconf 78' lang='grc' dir='ltr'>Καί</span> <span class='ocrx_word' id='word_1_284' title='bbox 2316 1429 2400 1474; x_wconf 87' lang='grc' dir='ltr'><strong>τις</strong></span> <span class='ocrx_word' id='word_1_285' title='bbox 2431 1411 2476 1463; x_wconf 88' lang='grc' dir='ltr'>δ’</span> <span class='ocrx_word' id='word_1_286' title='bbox 2498 1413 2655 1473; x_wconf 78' lang='grc' dir='ltr'>ἄλλος</span> <span class='ocrx_word' id='word_1_287' title='bbox 2687 1411 2973 1476; x_wconf 80' lang='grc' dir='ltr'>Μακεδὼν,</span> <span class='ocrx_word' id='word_1_288' title='bbox 3005 1412 3211 1480; x_wconf 77' lang='grc' dir='ltr'>Πέτρος</span> <span class='ocrx_word' id='word_1_289' title='bbox 3247 1411 3345 1480; x_wconf 85' lang='grc' dir='ltr'><strong>τὴν</strong></span> <span class='ocrx_word' id='word_1_290' title='bbox 3381 1411 3593 1479; x_wconf 79' lang='grc' dir='ltr'>κλῆσιν,</span> <span class='ocrx_word' id='word_1_291' title='bbox 3613 1411 3752 1480; x_wconf 88' lang='grc' dir='ltr'>Τορ-</span> 
     </span>
    </p>
   </div>
   <div class='ocr_carea' id='block_1_44' title="bbox 2179 1502 3752 1572">
    <p class='ocr_par' dir='ltr' id='par_1_44' title="bbox 2179 1502 3752 1572">
     <span class='ocr_line' id='line_1_44' title="bbox 2179 1502 3752 1572; baseline -0.001 -17"><span class='ocrx_word' id='word_1_292' title='bbox 2179 1505 2350 1566; x_wconf 81' lang='grc' dir='ltr'>νίκιος</span> <span class='ocrx_word' id='word_1_293' title='bbox 2395 1503 2508 1572; x_wconf 69' lang='grc'><strong>(43)</strong></span> <span class='ocrx_word' id='word_1_294' title='bbox 2563 1505 2662 1572; x_wconf 72' lang='grc' dir='ltr'><strong>τὴν</strong></span> <span class='ocrx_word' id='word_1_295' title='bbox 2710 1502 3048 1572; x_wconf 76' lang='grc' dir='ltr'>ἐπωνυμίαν,</span> <span class='ocrx_word' id='word_1_296' title='bbox 3093 1503 3258 1572; x_wconf 80' lang='grc' dir='ltr'><strong>μέσον</strong></span> <span class='ocrx_word' id='word_1_297' title='bbox 3317 1502 3425 1554; x_wconf 82' lang='grc' dir='ltr'><strong>τῶν</strong></span> <span class='ocrx_word' id='word_1_298' title='bbox 3477 1502 3752 1570; x_wconf 86' lang='grc' dir='ltr'>πολεμίων</span> 
     </span>
    </p>
   </div>
   <div class='ocr_carea' id='block_1_45' title="bbox 2180 1593 3756 1664">
    <p class='ocr_par' dir='ltr' id='par_1_45' title="bbox 2180 1593 3756 1664">
     <span class='ocr_line' id='line_1_45' title="bbox 2180 1593 3756 1664; baseline 0.002 -19"><span class='ocrx_word' id='word_1_299' title='bbox 2180 1593 2460 1662; x_wconf 80' lang='grc' dir='ltr'>ἐμπεσὼν,</span> <span class='ocrx_word' id='word_1_300' title='bbox 2503 1595 2734 1656; x_wconf 79' lang='grc' dir='ltr'>πολλοὺς</span> <span class='ocrx_word' id='word_1_301' title='bbox 2774 1594 2982 1646; x_wconf 88' lang='grc' dir='ltr'>τούτων</span> <span class='ocrx_word' id='word_1_302' title='bbox 3029 1594 3240 1664; x_wconf 81' lang='grc' dir='ltr'>ἀνῄρει.</span> <span class='ocrx_word' id='word_1_303' title='bbox 3285 1593 3348 1647; x_wconf 84' lang='grc' dir='ltr'><em>Ἢ</em></span> <span class='ocrx_word' id='word_1_304' title='bbox 3385 1594 3492 1662; x_wconf 83' lang='grc' dir='ltr'>γὰρ</span> <span class='ocrx_word' id='word_1_305' title='bbox 3535 1593 3756 1662; x_wconf 78' lang='grc' dir='ltr'>φάλαγξ</span> 
     </span>
    </p>
   </div>
   <div class='ocr_carea' id='block_1_46' title="bbox 2179 1686 3752 1754">
    <p class='ocr_par' dir='ltr' id='par_1_46' title="bbox 2179 1686 3752 1754">
     <span class='ocr_line' id='line_1_46' title="bbox 2179 1686 3752 1754; baseline -0.003 -13"><span class='ocrx_word' id='word_1_306' title='bbox 2179 1691 2364 1741; x_wconf 85' lang='grc' dir='ltr'>εἵπετο</span> <span class='ocrx_word' id='word_1_307' title='bbox 2413 1686 2684 1754; x_wconf 82' lang='grc' dir='ltr'>ἀγνοοῦσα</span> <span class='ocrx_word' id='word_1_308' title='bbox 2733 1686 2802 1738; x_wconf 76' lang='grc' dir='ltr'>τὰ</span> <span class='ocrx_word' id='word_1_309' title='bbox 2845 1687 3130 1754; x_wconf 84' lang='grc' dir='ltr'>δρώμενα·</span> <span class='ocrx_word' id='word_1_310' title='bbox 3177 1687 3236 1738; x_wconf 84' lang='grc' dir='ltr'>ὲν</span> <span class='ocrx_word' id='word_1_311' title='bbox 3271 1687 3453 1738; x_wconf 84' lang='grc' dir='ltr'>σκότει</span> <span class='ocrx_word' id='word_1_312' title='bbox 3507 1687 3616 1754; x_wconf 74' lang='grc' dir='ltr'>γὰρ</span> <span class='ocrx_word' id='word_1_313' title='bbox 3653 1687 3752 1754; x_wconf 85' lang='grc' dir='ltr'><strong>τῆς</strong></span> 
     </span>
    </p>
   </div>
   <div class='ocr_carea' id='block_1_47' title="bbox 2185 1773 3752 1850">
    <p class='ocr_par' dir='ltr' id='par_1_47' title="bbox 2185 1773 3752 1850">
     <span class='ocr_line' id='line_1_47' title="bbox 2185 1773 3752 1850; baseline -0.002 -17"><span class='ocrx_word' id='word_1_314' title='bbox 2185 1783 2361 1850; x_wconf 69' lang='grc' dir='ltr'>μάχης</span> <span class='ocrx_word' id='word_1_315' title='bbox 2398 1777 2824 1850; x_wconf 81' lang='grc' dir='ltr'><strong>καθισταμένης,</strong></span> <span class='ocrx_word' id='word_1_316' title='bbox 2861 1779 2957 1847; x_wconf 82' lang='grc' dir='ltr'>οὐχ</span> <span class='ocrx_word' id='word_1_317' title='bbox 2987 1773 3086 1830; x_wconf 75' lang='grc' dir='ltr'>οἷοί</span> <span class='ocrx_word' id='word_1_318' title='bbox 3138 1793 3196 1830; x_wconf 88' lang='grc' dir='ltr'><strong>τε</strong></span> <span class='ocrx_word' id='word_1_319' title='bbox 3229 1774 3368 1848; x_wconf 83' lang='grc' dir='ltr'>ἦσαν</span> <span class='ocrx_word' id='word_1_320' title='bbox 3416 1778 3654 1839; x_wconf 70' lang='grc' dir='ltr'>ἅπαντες</span> <span class='ocrx_word' id='word_1_321' title='bbox 3684 1779 3752 1830; x_wconf 73' lang='grc' dir='ltr'>τὰ</span> 
     </span>
    </p>
   </div>
   <div class='ocr_carea' id='block_1_48' title="bbox 2185 1869 3762 1940">
    <p class='ocr_par' dir='ltr' id='par_1_48' title="bbox 2185 1869 3762 1940">
     <span class='ocr_line' id='line_1_48' title="bbox 2185 1869 3762 1940; baseline 0 -18"><span class='ocrx_word' id='word_1_322' title='bbox 2185 1871 2447 1940; x_wconf 74' lang='grc' dir='ltr'>γινόμενα</span> <span class='ocrx_word' id='word_1_323' title='bbox 2496 1872 2648 1940; x_wconf 77' lang='grc' dir='ltr'>ὁρᾷν.</span> <span class='ocrx_word' id='word_1_324' title='bbox 2691 1870 2750 1922; x_wconf 90' lang='lat'><strong>&#39;0</strong></span> <span class='ocrx_word' id='word_1_325' title='bbox 2782 1869 2838 1922; x_wconf 79' lang='grc' dir='ltr'>δὲ</span> <span class='ocrx_word' id='word_1_326' title='bbox 2887 1870 3170 1938; x_wconf 74' lang='grc' dir='ltr'>Κομνηνδς</span> <span class='ocrx_word' id='word_1_327' title='bbox 3202 1869 3296 1922; x_wconf 76' lang='grc' dir='ltr'>ἐπὶ</span> <span class='ocrx_word' id='word_1_328' title='bbox 3333 1869 3392 1920; x_wconf 74' lang='grc' dir='ltr'>τὸ</span> <span class='ocrx_word' id='word_1_329' title='bbox 3437 1869 3604 1938; x_wconf 85' lang='grc' dir='ltr'><strong>μήπω</strong></span> <span class='ocrx_word' id='word_1_330' title='bbox 3635 1869 3762 1922; x_wconf 76' lang='grc' dir='ltr'>δια-</span> 
     </span>
    </p>
   </div>
   <div class='ocr_carea' id='block_1_49' title="bbox 2182 1960 3748 2030">
    <p class='ocr_par' dir='ltr' id='par_1_49' title="bbox 2182 1960 3748 2030">
     <span class='ocr_line' id='line_1_49' title="bbox 2182 1960 3748 2030; baseline -0.004 -13"><span class='ocrx_word' id='word_1_331' title='bbox 2182 1963 2424 2017; x_wconf 78' lang='grc' dir='ltr'>σπασθὲν</span> <span class='ocrx_word' id='word_1_332' title='bbox 2449 1964 2548 2030; x_wconf 78' lang='grc' dir='ltr'>τῆς</span> <span class='ocrx_word' id='word_1_333' title='bbox 2593 1962 2872 2030; x_wconf 78' lang='grc' dir='ltr'>φάλαγγος</span> <span class='ocrx_word' id='word_1_334' title='bbox 2921 1961 3032 2013; x_wconf 79' lang='grc' dir='ltr'>ἵετο</span> <span class='ocrx_word' id='word_1_335' title='bbox 3077 1961 3255 2014; x_wconf 87' lang='grc' dir='ltr'>παίων</span> <span class='ocrx_word' id='word_1_336' title='bbox 3297 1963 3422 2024; x_wconf 74' lang='grc' dir='ltr'>τοὺς</span> <span class='ocrx_word' id='word_1_337' title='bbox 3469 1960 3748 2013; x_wconf 81' lang='grc' dir='ltr'>ἀντικαθι-</span> 
     </span>
    </p>
   </div>
   <div class='ocr_carea' id='block_1_50' title="bbox 2181 2047 3752 2120">
    <p class='ocr_par' dir='ltr' id='par_1_50' title="bbox 2181 2047 3752 2120">
     <span class='ocr_line' id='line_1_50' title="bbox 2181 2047 3752 2120; baseline -0.003 -13"><span class='ocrx_word' id='word_1_338' title='bbox 2181 2054 2506 2120; x_wconf 77' lang='grc' dir='ltr'>σταμένους,</span> <span class='ocrx_word' id='word_1_339' title='bbox 2530 2054 2624 2106; x_wconf 80' lang='grc' dir='ltr'>καὶ</span> <span class='ocrx_word' id='word_1_340' title='bbox 2645 2051 3106 2120; x_wconf 76' lang='grc' dir='ltr'>ἀνθυποστρέφων</span> <span class='ocrx_word' id='word_1_341' title='bbox 3127 2047 3281 2114; x_wconf 85' lang='grc' dir='ltr'>αὖθις</span> <span class='ocrx_word' id='word_1_342' title='bbox 3307 2055 3386 2112; x_wconf 81' lang='grc' dir='ltr'><strong>είς</strong></span> <span class='ocrx_word' id='word_1_343' title='bbox 3411 2051 3536 2112; x_wconf 81' lang='grc' dir='ltr'>τοὺς</span> <span class='ocrx_word' id='word_1_344' title='bbox 3563 2051 3752 2113; x_wconf 83' lang='grc' dir='ltr'>ἰδίους,</span> 
     </span>
    </p>
   </div>
   <div class='ocr_carea' id='block_1_51' title="bbox 2181 2141 3754 2212">
    <p class='ocr_par' dir='ltr' id='par_1_51' title="bbox 2181 2141 3754 2212">
     <span class='ocr_line' id='line_1_51' title="bbox 2181 2141 3754 2212; baseline -0.004 -14"><span class='ocrx_word' id='word_1_345' title='bbox 2181 2145 2428 2200; x_wconf 82' lang='grc' dir='ltr'>σπεύδων</span> <span class='ocrx_word' id='word_1_346' title='bbox 2460 2147 2556 2198; x_wconf 75' lang='grc' dir='ltr'>καὶ</span> <span class='ocrx_word' id='word_1_347' title='bbox 2590 2145 2650 2198; x_wconf 81' lang='grc' dir='ltr'>τὸ</span> <span class='ocrx_word' id='word_1_348' title='bbox 2701 2145 2784 2198; x_wconf 79' lang='grc' dir='ltr'>ἐτι</span> <span class='ocrx_word' id='word_1_349' title='bbox 2827 2143 3216 2212; x_wconf 84' lang='grc' dir='ltr'>συνιστάμενον</span> <span class='ocrx_word' id='word_1_350' title='bbox 3249 2143 3346 2212; x_wconf 81' lang='grc' dir='ltr'>τῆς</span> <span class='ocrx_word' id='word_1_351' title='bbox 3393 2141 3488 2196; x_wconf 82' lang='grc' dir='ltr'>τοῦ</span> <span class='ocrx_word' id='word_1_352' title='bbox 3519 2141 3754 2194; x_wconf 63' lang='lat' dir='ltr'><strong>Basilo.-</strong></span> 
     </span>
    </p>
   </div>
   <div class='ocr_carea' id='block_1_52' title="bbox 2182 2235 3754 2308">
    <p class='ocr_par' dir='ltr' id='par_1_52' title="bbox 2182 2235 3754 2308">
     <span class='ocr_line' id='line_1_52' title="bbox 2182 2235 3754 2308; baseline -0.004 -16"><span class='ocrx_word' id='word_1_353' title='bbox 2182 2239 2298 2292; x_wconf 83' lang='grc' dir='ltr'>κίου</span> <span class='ocrx_word' id='word_1_354' title='bbox 2337 2237 2652 2308; x_wconf 81' lang='grc' dir='ltr'>παραλῦσαι</span> <span class='ocrx_word' id='word_1_355' title='bbox 2705 2238 3006 2307; x_wconf 73' lang='grc' dir='ltr'>φάλαγγος,</span> <span class='ocrx_word' id='word_1_356' title='bbox 3039 2239 3132 2290; x_wconf 81' lang='grc' dir='ltr'>καὶ</span> <span class='ocrx_word' id='word_1_357' title='bbox 3173 2235 3620 2305; x_wconf 60' lang='grc' dir='ltr'>διαπεμπόμενος</span> <span class='ocrx_word' id='word_1_358' title='bbox 3671 2238 3754 2296; x_wconf 77' lang='grc' dir='ltr'>εἰς</span> 
     </span>
    </p>
   </div>
   <div class='ocr_carea' id='block_1_53' title="bbox 2179 2325 3762 2397">
    <p class='ocr_par' dir='ltr' id='par_1_53' title="bbox 2179 2325 3762 2397">
     <span class='ocr_line' id='line_1_53' title="bbox 2179 2325 3762 2397; baseline -0.003 -17"><span class='ocrx_word' id='word_1_359' title='bbox 2179 2331 2304 2391; x_wconf 64' lang='grc' dir='ltr'>τοὺς</span> <span class='ocrx_word' id='word_1_360' title='bbox 2363 2328 2587 2382; x_wconf 74' lang='grc' dir='ltr'>ὄπισθεν</span> <span class='ocrx_word' id='word_1_361' title='bbox 2649 2329 2745 2382; x_wconf 78' lang='grc' dir='ltr'>καὶ</span> <span class='ocrx_word' id='word_1_362' title='bbox 2811 2329 3332 2397; x_wconf 80' lang='grc' dir='ltr'>παρακελευόμενος</span> <span class='ocrx_word' id='word_1_363' title='bbox 3397 2327 3472 2396; x_wconf 84' lang='grc' dir='ltr'>μὴ</span> <span class='ocrx_word' id='word_1_364' title='bbox 3539 2325 3762 2393; x_wconf 76' lang='grc' dir='ltr'>μέλλειν</span> 
     </span>
    </p>
   </div>
   <div class='ocr_carea' id='block_1_54' title="bbox 2180 2418 3754 2488">
    <p class='ocr_par' dir='ltr' id='par_1_54' title="bbox 2180 2418 3754 2488">
     <span class='ocr_line' id='line_1_54' title="bbox 2180 2418 3754 2488; baseline -0.001 -17"><span class='ocrx_word' id='word_1_365' title='bbox 2180 2419 2410 2474; x_wconf 77' lang='grc' dir='ltr'>ἕπεσθαί</span> <span class='ocrx_word' id='word_1_366' title='bbox 2441 2422 2490 2472; x_wconf 76' lang='grc' dir='ltr'>οἱ</span> <span class='ocrx_word' id='word_1_367' title='bbox 2527 2419 2620 2472; x_wconf 84' lang='grc' dir='ltr'>καὶ</span> <span class='ocrx_word' id='word_1_368' title='bbox 2667 2419 3114 2488; x_wconf 76' lang='grc' dir='ltr'>καταλαμϐάνειν</span> <span class='ocrx_word' id='word_1_369' title='bbox 3151 2418 3471 2488; x_wconf 78' lang='grc' dir='ltr'>ταχύτερον.</span> <span class='ocrx_word' id='word_1_370' title='bbox 3523 2419 3612 2470; x_wconf 85' lang='grc' dir='ltr'>Ἐν</span> <span class='ocrx_word' id='word_1_371' title='bbox 3665 2435 3754 2470; x_wconf 85' lang='grc' dir='ltr'>το-</span> 
     </span>
    </p>
   </div>
   <div class='ocr_carea' id='block_1_55' title="bbox 2183 2510 3752 2581">
    <p class='ocr_par' dir='ltr' id='par_1_55' title="bbox 2183 2510 3752 2581">
     <span class='ocr_line' id='line_1_55' title="bbox 2183 2510 3752 2581; baseline -0.003 -17"><span class='ocrx_word' id='word_1_372' title='bbox 2183 2512 2360 2580; x_wconf 84' lang='grc' dir='ltr'>σούτῳ</span> <span class='ocrx_word' id='word_1_373' title='bbox 2386 2511 2442 2563; x_wconf 80' lang='grc' dir='ltr'>δὲ</span> <span class='ocrx_word' id='word_1_374' title='bbox 2473 2511 2610 2581; x_wconf 77' lang='grc' dir='ltr'>ἀνήρ</span> <span class='ocrx_word' id='word_1_375' title='bbox 2641 2527 2724 2572; x_wconf 89' lang='grc' dir='ltr'><strong>τις</strong></span> <span class='ocrx_word' id='word_1_376' title='bbox 2757 2510 2963 2571; x_wconf 76' lang='grc' dir='ltr'>Κελτὸς</span> <span class='ocrx_word' id='word_1_377' title='bbox 2993 2510 3100 2563; x_wconf 83' lang='grc' dir='ltr'><strong>τῶν</strong></span> <span class='ocrx_word' id='word_1_378' title='bbox 3123 2512 3266 2580; x_wconf 72' lang='grc' dir='ltr'>ἀμφὶ</span> <span class='ocrx_word' id='word_1_379' title='bbox 3296 2511 3386 2562; x_wconf 77' lang='grc' dir='ltr'><strong>τὸν</strong></span> <span class='ocrx_word' id='word_1_380' title='bbox 3409 2510 3752 2580; x_wconf 80' lang='grc' dir='ltr'>δομέστικον,</span> 
     </span>
    </p>
   </div>
   <div class='ocr_carea' id='block_1_56' title="bbox 2183 2601 3758 2672">
    <p class='ocr_par' dir='ltr' id='par_1_56' title="bbox 2183 2601 3758 2672">
     <span class='ocr_line' id='line_1_56' title="bbox 2183 2601 3758 2672; baseline -0.001 -16"><span class='ocrx_word' id='word_1_381' title='bbox 2183 2603 2249 2656; x_wconf 82' lang='grc' dir='ltr'>ἵν’</span> <span class='ocrx_word' id='word_1_382' title='bbox 2287 2607 2342 2656; x_wconf 80' lang='grc' dir='ltr'>ὲν</span> <span class='ocrx_word' id='word_1_383' title='bbox 2373 2601 2564 2672; x_wconf 85' lang='grc' dir='ltr'>βραχεῖ</span> <span class='ocrx_word' id='word_1_384' title='bbox 2603 2601 2669 2654; x_wconf 84' lang='grc' dir='ltr'>τὰ</span> <span class='ocrx_word' id='word_1_385' title='bbox 2698 2603 2876 2655; x_wconf 84' lang='grc' dir='ltr'>πάντα</span> <span class='ocrx_word' id='word_1_386' title='bbox 2905 2603 3274 2671; x_wconf 84' lang='grc' dir='ltr'>διηγήσωμαι,</span> <span class='ocrx_word' id='word_1_387' title='bbox 3313 2603 3557 2668; x_wconf 74' lang='grc' dir='ltr'>γενναῖος</span> <span class='ocrx_word' id='word_1_388' title='bbox 3589 2619 3758 2670; x_wconf 86' lang='grc' dir='ltr'>στρα-</span> 
     </span>
    </p>
   </div>
   <div class='ocr_carea' id='block_1_57' title="bbox 2181 2693 3760 2766">
    <p class='ocr_par' dir='ltr' id='par_1_57' title="bbox 2181 2693 3760 2766">
     <span class='ocr_line' id='line_1_57' title="bbox 2181 2693 3760 2766; baseline -0.002 -19"><span class='ocrx_word' id='word_1_389' title='bbox 2181 2695 2382 2766; x_wconf 81' lang='grc' dir='ltr'>τιώτης</span> <span class='ocrx_word' id='word_1_390' title='bbox 2415 2695 2509 2748; x_wconf 71' lang='grc' dir='ltr'>καὶ</span> <span class='ocrx_word' id='word_1_391' title='bbox 2546 2695 2741 2762; x_wconf 75' lang='grc' dir='ltr'>’Ἄρεος</span> <span class='ocrx_word' id='word_1_392' title='bbox 2782 2695 2902 2756; x_wconf 80' lang='grc' dir='ltr'>ὅλος</span> <span class='ocrx_word' id='word_1_393' title='bbox 2945 2693 3196 2764; x_wconf 74' lang='grc' dir='ltr'>ἔμπλεως</span> <span class='ocrx_word' id='word_1_394' title='bbox 3228 2693 3317 2746; x_wconf 63' lang='grc' dir='ltr'>τὸν</span> <span class='ocrx_word' id='word_1_395' title='bbox 3373 2693 3505 2762; x_wconf 73' lang='grc' dir='ltr'>ἐμὸν</span> <span class='ocrx_word' id='word_1_396' title='bbox 3541 2693 3760 2762; x_wconf 80' lang='grc' dir='ltr'>πατέρα-</span> 
     </span>
    </p>
   </div>
   <div class='ocr_carea' id='block_1_58' title="bbox 2186 2783 3758 2854">
    <p class='ocr_par' dir='ltr' id='par_1_58' title="bbox 2186 2783 3758 2854">
     <span class='ocr_line' id='line_1_58' title="bbox 2186 2783 3758 2854; baseline -0.003 -15"><span class='ocrx_word' id='word_1_397' title='bbox 2186 2785 2308 2839; x_wconf 79' lang='grc' dir='ltr'>ίδὼν</span> <span class='ocrx_word' id='word_1_398' title='bbox 2347 2784 2575 2852; x_wconf 79' lang='grc' dir='ltr'>μεσόθεν</span> <span class='ocrx_word' id='word_1_399' title='bbox 2603 2785 2712 2838; x_wconf 80' lang='grc' dir='ltr'>τῶν</span> <span class='ocrx_word' id='word_1_400' title='bbox 2749 2785 3028 2852; x_wconf 83' lang='grc' dir='ltr'>πολεμίων</span> <span class='ocrx_word' id='word_1_401' title='bbox 3065 2784 3190 2854; x_wconf 83' lang='grc' dir='ltr'>ἄρτι</span> <span class='ocrx_word' id='word_1_402' title='bbox 3231 2783 3444 2848; x_wconf 80' lang='grc' dir='ltr'>ἐξιόντα</span> <span class='ocrx_word' id='word_1_403' title='bbox 3481 2785 3758 2852; x_wconf 76' lang='grc' dir='ltr'>ἐσπασμέ-</span> 
     </span>
    </p>
   </div>
   <div class='ocr_carea' id='block_1_59' title="bbox 2184 2877 3763 2946">
    <p class='ocr_par' dir='ltr' id='par_1_59' title="bbox 2184 2877 3763 2946">
     <span class='ocr_line' id='line_1_59' title="bbox 2184 2877 3763 2946; baseline -0.001 -16"><span class='ocrx_word' id='word_1_404' title='bbox 2184 2895 2274 2930; x_wconf 92' lang='grc' dir='ltr'><strong>νον</strong></span> <span class='ocrx_word' id='word_1_405' title='bbox 2318 2877 2379 2929; x_wconf 85' lang='grc' dir='ltr'>τὸ</span> <span class='ocrx_word' id='word_1_406' title='bbox 2414 2877 2566 2946; x_wconf 80' lang='grc' dir='ltr'>ξίφος</span> <span class='ocrx_word' id='word_1_407' title='bbox 2603 2877 2806 2946; x_wconf 74' lang='grc' dir='ltr'>θερμὸν</span> <span class='ocrx_word' id='word_1_408' title='bbox 2857 2877 2966 2930; x_wconf 83' lang='grc' dir='ltr'><strong>ἀπὸ</strong></span> <span class='ocrx_word' id='word_1_409' title='bbox 2997 2877 3091 2929; x_wconf 82' lang='grc' dir='ltr'><strong>τοῦ</strong></span> <span class='ocrx_word' id='word_1_410' title='bbox 3144 2877 3378 2946; x_wconf 80' lang='grc' dir='ltr'>αἵματος</span> <span class='ocrx_word' id='word_1_411' title='bbox 3431 2877 3763 2944; x_wconf 73' lang='grc' dir='ltr'>ἀναπέμπον</span> 
     </span>
    </p>
   </div>
   <div class='ocr_carea' id='block_1_60' title="bbox 2185 2966 3758 3038">
    <p class='ocr_par' dir='ltr' id='par_1_60' title="bbox 2185 2966 3758 3038">
     <span class='ocr_line' id='line_1_60' title="bbox 2185 2966 3758 3038; baseline -0.001 -17"><span class='ocrx_word' id='word_1_412' title='bbox 2185 2969 2377 3038; x_wconf 73' lang='grc' dir='ltr'>ἀτμὸν,</span> <span class='ocrx_word' id='word_1_413' title='bbox 2411 2969 2505 3020; x_wconf 78' lang='grc' dir='ltr'><strong>καὶ</strong></span> <span class='ocrx_word' id='word_1_414' title='bbox 2533 2969 2642 3020; x_wconf 74' lang='grc' dir='ltr'>τῶν</span> <span class='ocrx_word' id='word_1_415' title='bbox 2677 2968 2951 3037; x_wconf 87' lang='grc' dir='ltr'>πολεμίων</span> <span class='ocrx_word' id='word_1_416' title='bbox 2968 2967 3198 3037; x_wconf 80' lang='grc' dir='ltr'>νομίσας</span> <span class='ocrx_word' id='word_1_417' title='bbox 3222 2966 3342 3034; x_wconf 72' lang='grc' dir='ltr'>ἕνα,</span> <span class='ocrx_word' id='word_1_418' title='bbox 3382 2967 3578 3038; x_wconf 70' lang='grc' dir='ltr'>ἀθρόον</span> <span class='ocrx_word' id='word_1_419' title='bbox 3609 2967 3758 3036; x_wconf 69' lang='grc' dir='ltr'>αὐτῷ</span> 
     </span>
    </p>
   </div>
   <div class='ocr_carea' id='block_1_61' title="bbox 2184 3057 3758 3129">
    <p class='ocr_par' dir='ltr' id='par_1_61' title="bbox 2184 3057 3758 3129">
     <span class='ocr_line' id='line_1_61' title="bbox 2184 3057 3758 3129; baseline 0 -19"><span class='ocrx_word' id='word_1_420' title='bbox 2184 3057 2445 3126; x_wconf 78' lang='grc' dir='ltr'>ἐμπεσὼν</span> <span class='ocrx_word' id='word_1_421' title='bbox 2477 3061 2629 3110; x_wconf 77' lang='grc' dir='ltr'>παίει</span> <span class='ocrx_word' id='word_1_422' title='bbox 2657 3059 2730 3127; x_wconf 83' lang='grc' dir='ltr'><strong>τῷ</strong></span> <span class='ocrx_word' id='word_1_423' title='bbox 2758 3058 2947 3126; x_wconf 84' lang='grc' dir='ltr'>δόρατι</span> <span class='ocrx_word' id='word_1_424' title='bbox 2985 3060 3114 3129; x_wconf 74' lang='grc' dir='ltr'>περὶ</span> <span class='ocrx_word' id='word_1_425' title='bbox 3144 3060 3202 3112; x_wconf 76' lang='grc' dir='ltr'><strong>τὸ</strong></span> <span class='ocrx_word' id='word_1_426' title='bbox 3234 3059 3476 3128; x_wconf 85' lang='grc' dir='ltr'>στέρνον,</span> <span class='ocrx_word' id='word_1_427' title='bbox 3505 3059 3597 3111; x_wconf 81' lang='grc' dir='ltr'><strong>καὶ</strong></span> <span class='ocrx_word' id='word_1_428' title='bbox 3617 3057 3758 3126; x_wconf 76' lang='grc' dir='ltr'>τάχα</span> 
     </span>
    </p>
   </div>
   <div class='ocr_carea' id='block_1_62' title="bbox 513 3149 2084 3250">
    <p class='ocr_par' dir='ltr' id='par_1_62' title="bbox 513 3154 2082 3224">
     <span class='ocr_line' id='line_1_62' title="bbox 513 3154 2082 3224; baseline 0.004 -20"><span class='ocrx_word' id='word_1_429' title='bbox 513 3167 667 3213; x_wconf 84' lang='lat' dir='ltr'><strong>tium,</strong></span> <span class='ocrx_word' id='word_1_430' title='bbox 719 3154 938 3223; x_wconf 91' lang='lat' dir='ltr'><strong>capulo,</strong></span> <span class='ocrx_word' id='word_1_431' title='bbox 994 3171 1154 3224; x_wconf 89' lang='lat' dir='ltr'><strong>queui</strong></span> <span class='ocrx_word' id='word_1_432' title='bbox 1207 3157 1386 3211; x_wconf 83' lang='lat' dir='ltr'><strong>adhuc</strong></span> <span class='ocrx_word' id='word_1_433' title='bbox 1435 3159 1676 3218; x_wconf 89' lang='lat' dir='ltr'><strong>tenebat,</strong></span> <span class='ocrx_word' id='word_1_434' title='bbox 1720 3155 2082 3212; x_wconf 89' lang='lat' dir='ltr'><strong>ostendendo.</strong></span> 
     </span>
    </p>
   </div>
   <div class='ocr_carea' id='block_1_63' title="bbox 2186 3149 3760 3250">
    <p class='ocr_par' dir='ltr' id='par_1_63' title="bbox 2187 3149 3760 3222">
     <span class='ocr_line' id='line_1_63' title="bbox 2187 3149 3760 3222; baseline -0.001 -18"><span class='ocrx_word' id='word_1_435' title='bbox 2187 3149 2251 3204; x_wconf 84' lang='grc' dir='ltr'>ἂν</span> <span class='ocrx_word' id='word_1_436' title='bbox 2282 3150 2499 3218; x_wconf 71' lang='grc' dir='ltr'>ἔξεδρον</span> <span class='ocrx_word' id='word_1_437' title='bbox 2527 3150 2616 3202; x_wconf 78' lang='grc' dir='ltr'>τὸν</span> <span class='ocrx_word' id='word_1_438' title='bbox 2663 3150 2971 3220; x_wconf 78' lang='grc' dir='ltr'>στρατηγὸν</span> <span class='ocrx_word' id='word_1_439' title='bbox 3013 3154 3355 3220; x_wconf 76' lang='grc' dir='ltr'>ἐπεποιήκει,</span> <span class='ocrx_word' id='word_1_440' title='bbox 3388 3151 3436 3202; x_wconf 81' lang='grc' dir='ltr'>εἰ</span> <span class='ocrx_word' id='word_1_441' title='bbox 3477 3149 3552 3222; x_wconf 77' lang='grc' dir='ltr'>μὴ</span> <span class='ocrx_word' id='word_1_442' title='bbox 3599 3150 3760 3212; x_wconf 75' lang='grc' dir='ltr'>αὐτὸς</span> 
     </span>
    </p>
   </div>
   <div class='ocr_carea' id='block_1_64' title="bbox 511 3243 2082 3315">
    <p class='ocr_par' dir='ltr' id='par_1_64' title="bbox 511 3243 2082 3315">
     <span class='ocr_line' id='line_1_64' title="bbox 511 3243 2082 3315; baseline 0.003 -19"><span class='ocrx_word' id='word_1_443' title='bbox 511 3243 735 3297; x_wconf 81' lang='lat' dir='ltr'><strong>Interim</strong></span> <span class='ocrx_word' id='word_1_444' title='bbox 792 3246 934 3299; x_wconf 90' lang='lat' dir='ltr'><strong>alius</strong></span> <span class='ocrx_word' id='word_1_445' title='bbox 981 3247 1198 3315; x_wconf 87' lang='lat' dir='ltr'><strong>quidam</strong></span> <span class='ocrx_word' id='word_1_446' title='bbox 1271 3247 1527 3314; x_wconf 82' lang='lat' dir='ltr'><strong>Macedo,</strong></span> <span class='ocrx_word' id='word_1_447' title='bbox 1587 3247 1784 3304; x_wconf 85' lang='lat' dir='ltr'><strong>Petrus</strong></span> <span class='ocrx_word' id='word_1_448' title='bbox 1840 3247 2082 3310; x_wconf 90' lang='lat' dir='ltr'><strong>nomine,</strong></span> 
     </span>
    </p>
   </div>
   <div class='ocr_carea' id='block_1_65' title="bbox 512 3334 2086 3403">
    <p class='ocr_par' dir='ltr' id='par_1_65' title="bbox 512 3334 2086 3403">
     <span class='ocr_line' id='line_1_65' title="bbox 512 3334 2086 3403; baseline 0.003 -20"><span class='ocrx_word' id='word_1_449' title='bbox 512 3334 849 3400; x_wconf 78' lang='lat' dir='ltr'><strong>cognomine</strong></span> <span class='ocrx_word' id='word_1_450' title='bbox 889 3335 1206 3403; x_wconf 87' lang='lat' dir='ltr'><strong>Torniciiis,</strong></span> <span class='ocrx_word' id='word_1_451' title='bbox 1241 3339 1450 3394; x_wconf 90' lang='lat' dir='ltr'><strong>medios</strong></span> <span class='ocrx_word' id='word_1_452' title='bbox 1477 3339 1530 3392; x_wconf 91' lang='lat' dir='ltr'><strong>in</strong></span> <span class='ocrx_word' id='word_1_453' title='bbox 1563 3339 1750 3392; x_wconf 82' lang='lat' dir='ltr'><strong>hostes</strong></span> <span class='ocrx_word' id='word_1_454' title='bbox 1785 3353 1911 3392; x_wconf 86' lang='lat' dir='ltr'><strong>cum</strong></span> <span class='ocrx_word' id='word_1_455' title='bbox 1941 3338 2086 3390; x_wconf 90' lang='lat' dir='ltr'><strong>inci-</strong></span> 
     </span>
    </p>
   </div>
   <div class='ocr_carea' id='block_1_66' title="bbox 513 3423 2089 3497">
    <p class='ocr_par' dir='ltr' id='par_1_66' title="bbox 513 3423 2089 3497">
     <span class='ocr_line' id='line_1_66' title="bbox 513 3423 2089 3497; baseline 0.003 -21"><span class='ocrx_word' id='word_1_456' title='bbox 513 3423 708 3490; x_wconf 62' lang='grc' dir='ltr'>ατί-εει,</span> <span class='ocrx_word' id='word_1_457' title='bbox 763 3428 964 3481; x_wconf 89' lang='lat' dir='ltr'><strong>multos</strong></span> <span class='ocrx_word' id='word_1_458' title='bbox 1017 3445 1080 3482; x_wconf 78' lang='lat' dir='ltr'><strong>ex</strong></span> <span class='ocrx_word' id='word_1_459' title='bbox 1123 3432 1190 3482; x_wconf 89' lang='lat' dir='ltr'><strong>iis</strong></span> <span class='ocrx_word' id='word_1_460' title='bbox 1245 3431 1582 3484; x_wconf 60' lang='lat' dir='ltr'><strong>occidebat:</strong></span> <span class='ocrx_word' id='word_1_461' title='bbox 1639 3431 1878 3497; x_wconf 76' lang='lat' dir='ltr'><strong>plialanx</strong></span> <span class='ocrx_word' id='word_1_462' title='bbox 1942 3430 2089 3483; x_wconf 82' lang='lat' dir='ltr'><strong>enim</strong></span> 
     </span>
    </p>
   </div>
   <div class='ocr_carea' id='block_1_67' title="bbox 517 3515 2093 3590">
    <p class='ocr_par' dir='ltr' id='par_1_67' title="bbox 517 3515 2093 3590">
     <span class='ocr_line' id='line_1_67' title="bbox 517 3515 2093 3590; baseline 0.005 -24"><span class='ocrx_word' id='word_1_463' title='bbox 517 3515 766 3583; x_wconf 84' lang='lat' dir='ltr'><strong>ipsorum</strong></span> <span class='ocrx_word' id='word_1_464' title='bbox 791 3519 1127 3587; x_wconf 79' lang='lat' dir='ltr'><strong>sequi-batur</strong></span> <span class='ocrx_word' id='word_1_465' title='bbox 1153 3521 1340 3588; x_wconf 82' lang='lat' dir='ltr'><strong>ignara</strong></span> <span class='ocrx_word' id='word_1_466' title='bbox 1371 3523 1532 3576; x_wconf 89' lang='lat' dir='ltr'><strong>modo</strong></span> <span class='ocrx_word' id='word_1_467' title='bbox 1556 3532 1858 3590; x_wconf 66' lang='lat' dir='ltr'><strong>gestorum,</strong></span> <span class='ocrx_word' id='word_1_468' title='bbox 1890 3523 2042 3588; x_wconf 74' lang='lat' dir='ltr'><strong>qtlipt</strong></span> <span class='ocrx_word' id='word_1_469' title='bbox 2063 3535 2093 3574; x_wconf 89' lang='lat' dir='ltr'><strong>e</strong></span> 
     </span>
    </p>
   </div>
   <div class='ocr_carea' id='block_1_68' title="bbox 519 3607 2095 3678">
    <p class='ocr_par' dir='ltr' id='par_1_68' title="bbox 519 3607 2095 3678">
     <span class='ocr_line' id='line_1_68' title="bbox 519 3607 2095 3678; baseline 0.004 -22"><span class='ocrx_word' id='word_1_470' title='bbox 519 3615 682 3660; x_wconf 84' lang='lat' dir='ltr'><strong>nocte</strong></span> <span class='ocrx_word' id='word_1_471' title='bbox 731 3607 1008 3663; x_wconf 87' lang='lat' dir='ltr'><strong>adimente</strong></span> <span class='ocrx_word' id='word_1_472' title='bbox 1052 3621 1405 3678; x_wconf 87' lang='lat' dir='ltr'><strong>conspectuin</strong></span> <span class='ocrx_word' id='word_1_473' title='bbox 1461 3627 1667 3664; x_wconf 85' lang='lat' dir='ltr'><strong>rerum.</strong></span> <span class='ocrx_word' id='word_1_474' title='bbox 1707 3609 1764 3663; x_wconf 91' lang='lat' dir='ltr'><strong>lii</strong></span> <span class='ocrx_word' id='word_1_475' title='bbox 1803 3625 1926 3663; x_wconf 89' lang='lat' dir='ltr'><strong>enni</strong></span> <span class='ocrx_word' id='word_1_476' title='bbox 1979 3611 2095 3678; x_wconf 70' lang='lat' dir='ltr'><strong>glo-</strong></span> 
     </span>
    </p>
   </div>
   <div class='ocr_carea' id='block_1_69' title="bbox 517 3687 2096 3768">
    <p class='ocr_par' dir='ltr' id='par_1_69' title="bbox 517 3687 2096 3768">
     <span class='ocr_line' id='line_1_69' title="bbox 517 3687 2096 3768; baseline 0.004 -24"><span class='ocrx_word' id='word_1_477' title='bbox 517 3695 642 3746; x_wconf 92' lang='lat' dir='ltr'><strong>bum</strong></span> <span class='ocrx_word' id='word_1_478' title='bbox 700 3697 938 3751; x_wconf 91' lang='lat' dir='ltr'><strong>nondum</strong></span> <span class='ocrx_word' id='word_1_479' title='bbox 1001 3687 1328 3768; x_wconf 87' lang='lat' dir='ltr'><strong>dissipatum</strong></span> <span class='ocrx_word' id='word_1_480' title='bbox 1377 3709 1522 3753; x_wconf 89' lang='lat' dir='ltr'><strong>recta</strong></span> <span class='ocrx_word' id='word_1_481' title='bbox 1569 3699 1886 3754; x_wconf 82' lang='lat' dir='ltr'><strong>Cninnentis</strong></span> <span class='ocrx_word' id='word_1_482' title='bbox 1937 3699 2096 3752; x_wconf 83' lang='lat' dir='ltr'><strong>irruit</strong></span> 
     </span>
    </p>
   </div>
   <div class='ocr_carea' id='block_1_70' title="bbox 2187 3241 3762 3314">
    <p class='ocr_par' dir='ltr' id='par_1_70' title="bbox 2187 3241 3762 3314">
     <span class='ocr_line' id='line_1_70' title="bbox 2187 3241 3762 3314; baseline -0.002 -20"><span class='ocrx_word' id='word_1_483' title='bbox 2187 3241 2304 3312; x_wconf 78' lang='grc' dir='ltr'><strong>ἅμα</strong></span> <span class='ocrx_word' id='word_1_484' title='bbox 2331 3259 2388 3293; x_wconf 88' lang='grc' dir='ltr'><strong>τε</strong></span> <span class='ocrx_word' id='word_1_485' title='bbox 2431 3242 2567 3311; x_wconf 69' lang='grc' dir='ltr'>πρὸς</span> <span class='ocrx_word' id='word_1_486' title='bbox 2595 3241 2653 3294; x_wconf 82' lang='grc' dir='ltr'><strong>τὸ</strong></span> <span class='ocrx_word' id='word_1_487' title='bbox 2687 3243 3028 3314; x_wconf 78' lang='grc' dir='ltr'>ὲδραιότερον</span> <span class='ocrx_word' id='word_1_488' title='bbox 3059 3241 3248 3295; x_wconf 73' lang='grc' dir='ltr'>ἑαυτὸν</span> <span class='ocrx_word' id='word_1_489' title='bbox 3271 3241 3636 3312; x_wconf 77' lang='grc' dir='ltr'>ὲφηδράσατο,</span> <span class='ocrx_word' id='word_1_490' title='bbox 3666 3241 3762 3292; x_wconf 77' lang='grc' dir='ltr'><strong>καὶ</strong></span> 
     </span>
    </p>
   </div>
   <div class='ocr_carea' id='block_1_71' title="bbox 2184 3331 3762 3402">
    <p class='ocr_par' dir='ltr' id='par_1_71' title="bbox 2184 3331 3762 3402">
     <span class='ocr_line' id='line_1_71' title="bbox 2184 3331 3762 3402; baseline -0.001 -17"><span class='ocrx_word' id='word_1_491' title='bbox 2184 3333 2447 3402; x_wconf 65' lang='grc' dir='ltr'><strong>ὀνομαστὶ⁵</strong></span> <span class='ocrx_word' id='word_1_492' title='bbox 2475 3331 2665 3384; x_wconf 82' lang='grc' dir='ltr'>τοῦτον</span> <span class='ocrx_word' id='word_1_493' title='bbox 2691 3333 2968 3398; x_wconf 83' lang='grc' dir='ltr'>ἐκάλεσεν,</span> <span class='ocrx_word' id='word_1_494' title='bbox 3000 3334 3299 3402; x_wconf 76' lang='grc' dir='ltr'>ἀποκόψειν</span> <span class='ocrx_word' id='word_1_495' title='bbox 3325 3331 3762 3402; x_wconf 83' lang='grc' dir='ltr'>ἀπειλησάμενος</span> 
     </span>
    </p>
   </div>
   <div class='ocr_carea' id='block_1_72' title="bbox 2186 3423 3770 3495">
    <p class='ocr_par' dir='ltr' id='par_1_72' title="bbox 2186 3423 3770 3495">
     <span class='ocr_line' id='line_1_72' title="bbox 2186 3423 3770 3495; baseline -0.001 -19"><span class='ocrx_word' id='word_1_496' title='bbox 2186 3425 2275 3477; x_wconf 79' lang='grc' dir='ltr'>διὰ</span> <span class='ocrx_word' id='word_1_497' title='bbox 2323 3425 2417 3478; x_wconf 77' lang='grc' dir='ltr'>τοῦ</span> <span class='ocrx_word' id='word_1_498' title='bbox 2472 3424 2656 3492; x_wconf 70' lang='grc' dir='ltr'>ξίφους</span> <span class='ocrx_word' id='word_1_499' title='bbox 2717 3427 3064 3494; x_wconf 71' lang='grc' dir='ltr'>παραχρῆμα</span> <span class='ocrx_word' id='word_1_500' title='bbox 3117 3423 3214 3495; x_wconf 81' lang='grc' dir='ltr'>τὴν</span> <span class='ocrx_word' id='word_1_501' title='bbox 3259 3423 3524 3493; x_wconf 78' lang='grc' dir='ltr'>κεφαλήν.</span> <span class='ocrx_word' id='word_1_502' title='bbox 3591 3423 3650 3476; x_wconf 85' lang='grc' dir='ltr'><strong>Ὀ</strong></span> <span class='ocrx_word' id='word_1_503' title='bbox 3706 3423 3770 3475; x_wconf 68' lang='grc' dir='ltr'><strong>ὁὶ</strong></span> 
     </span>
    </p>
   </div>
   <div class='ocr_carea' id='block_1_73' title="bbox 2189 3513 3766 3584">
    <p class='ocr_par' dir='ltr' id='par_1_73' title="bbox 2189 3513 3766 3584">
     <span class='ocr_line' id='line_1_73' title="bbox 2189 3513 3766 3584; baseline -0.004 -16"><span class='ocrx_word' id='word_1_504' title='bbox 2189 3515 2374 3584; x_wconf 75' lang='grc' dir='ltr'>ἐπειδὴ</span> <span class='ocrx_word' id='word_1_505' title='bbox 2429 3533 2545 3578; x_wconf 86' lang='grc' dir='ltr'>πως</span> <span class='ocrx_word' id='word_1_506' title='bbox 2592 3514 2682 3567; x_wconf 82' lang='grc' dir='ltr'>τὸν</span> <span class='ocrx_word' id='word_1_507' title='bbox 2735 3516 3035 3582; x_wconf 56' lang='grc' dir='ltr'>ἀγνοοῦντα</span> <span class='ocrx_word' id='word_1_508' title='bbox 3090 3515 3464 3584; x_wconf 75' lang='grc' dir='ltr'>προύϐάλλετο</span> <span class='ocrx_word' id='word_1_509' title='bbox 3523 3513 3614 3566; x_wconf 79' lang='grc' dir='ltr'><strong>καὶ</strong></span> <span class='ocrx_word' id='word_1_510' title='bbox 3667 3513 3766 3584; x_wconf 77' lang='grc' dir='ltr'><strong>τὴν</strong></span> 
     </span>
    </p>
   </div>
   <div class='ocr_carea' id='block_1_74' title="bbox 2191 3605 3766 3676">
    <p class='ocr_par' dir='ltr' id='par_1_74' title="bbox 2191 3605 3766 3676">
     <span class='ocr_line' id='line_1_74' title="bbox 2191 3605 3766 3676; baseline -0.001 -18"><span class='ocrx_word' id='word_1_511' title='bbox 2191 3605 2362 3658; x_wconf 86' lang='grc' dir='ltr'>νύκτα</span> <span class='ocrx_word' id='word_1_512' title='bbox 2397 3607 2496 3658; x_wconf 73' lang='grc' dir='ltr'><strong>καὶ</strong></span> <span class='ocrx_word' id='word_1_513' title='bbox 2545 3606 2606 3658; x_wconf 82' lang='grc' dir='ltr'>τὸ</span> <span class='ocrx_word' id='word_1_514' title='bbox 2643 3605 3014 3675; x_wconf 80' lang='grc' dir='ltr'>συγκεχῦσθαι</span> <span class='ocrx_word' id='word_1_515' title='bbox 3067 3609 3196 3676; x_wconf 73' lang='grc' dir='ltr'>περὶ</span> <span class='ocrx_word' id='word_1_516' title='bbox 3245 3606 3342 3676; x_wconf 81' lang='grc' dir='ltr'>τὴν</span> <span class='ocrx_word' id='word_1_517' title='bbox 3391 3607 3576 3676; x_wconf 80' lang='grc' dir='ltr'><strong>,μάχην</strong></span> <span class='ocrx_word' id='word_1_518' title='bbox 3627 3605 3766 3674; x_wconf 69' lang='grc' dir='ltr'>μετὰ</span> 
     </span>
    </p>
   </div>
   <div class='ocr_carea' id='block_1_75' title="bbox 2192 3697 2888 3768">
    <p class='ocr_par' dir='ltr' id='par_1_75' title="bbox 2192 3697 2888 3768">
     <span class='ocr_line' id='line_1_75' title="bbox 2192 3697 2888 3768; baseline 0.001 -18"><span class='ocrx_word' id='word_1_519' title='bbox 2192 3698 2303 3750; x_wconf 85' lang='grc' dir='ltr'><strong>τῶν</strong></span> <span class='ocrx_word' id='word_1_520' title='bbox 2344 3697 2564 3761; x_wconf 75' lang='grc' dir='ltr'>ζώντων</span> <span class='ocrx_word' id='word_1_521' title='bbox 2591 3698 2714 3768; x_wconf 70' lang='grc' dir='ltr'>ὴρίθ</span> <span class='ocrx_word' id='word_1_522' title='bbox 2727 3716 2888 3766; x_wconf 82' lang='grc' dir='ltr'>μητο.</span> 
     </span>
    </p>
   </div>
   <div class='ocr_carea' id='block_1_76' title="bbox 513 3787 3762 3862">
    <p class='ocr_par' dir='ltr' id='par_1_76' title="bbox 513 3787 3762 3862">
     <span class='ocr_line' id='line_1_76' title="bbox 513 3787 3762 3862; baseline 0.003 -28"><span class='ocrx_word' id='word_1_523' title='bbox 513 3787 792 3845; x_wconf 68' lang='lat' dir='ltr'><strong>obstantes</strong></span> <span class='ocrx_word' id='word_1_524' title='bbox 832 3793 1080 3855; x_wconf 64' lang='lat' dir='ltr'><strong>credens;</strong></span> <span class='ocrx_word' id='word_1_525' title='bbox 1113 3805 1348 3859; x_wconf 79' lang='lat' dir='ltr'><strong>moxque</strong></span> <span class='ocrx_word' id='word_1_526' title='bbox 1388 3792 1452 3844; x_wconf 89' lang='lat' dir='ltr'><strong>ad</strong></span> <span class='ocrx_word' id='word_1_527' title='bbox 1497 3806 1630 3846; x_wconf 90' lang='lat' dir='ltr'><strong>suos</strong></span> <span class='ocrx_word' id='word_1_528' title='bbox 1678 3805 1988 3862; x_wconf 79' lang='lat' dir='ltr'><strong>regressus,</strong></span> <span class='ocrx_word' id='word_1_529' title='bbox 2019 3797 2080 3843; x_wconf 91' lang='lat' dir='ltr'><strong>ut</strong></span> <span class='ocrx_word' id='word_1_530' title='bbox 2119 3788 2174 3843; x_wconf 90' lang='lat' dir='ltr'><strong>in</strong></span> <span class='ocrx_word' id='word_1_531' title='bbox 2244 3789 2618 3858; x_wconf 80' lang='lat' dir='ltr'><strong>21idipsuin</strong></span> <span class='ocrx_word' id='word_1_532' title='bbox 2667 3805 2851 3842; x_wconf 82' lang='lat' dir='ltr'><strong>secum</strong></span> <span class='ocrx_word' id='word_1_533' title='bbox 2905 3789 3312 3856; x_wconf 87' lang='lat' dir='ltr'><strong>incumberent,</strong></span> <span class='ocrx_word' id='word_1_534' title='bbox 3363 3791 3562 3861; x_wconf 85' lang='lat' dir='ltr'><strong>agebat</strong></span> <span class='ocrx_word' id='word_1_535' title='bbox 3649 3800 3762 3846; x_wconf 88' lang='lat' dir='ltr'><strong>tum</strong></span> 
     </span>
    </p>
   </div>
   <div class='ocr_carea' id='block_1_77' title="bbox 514 3879 3772 3962">
    <p class='ocr_par' dir='ltr' id='par_1_77' title="bbox 514 3879 3772 3962">
     <span class='ocr_line' id='line_1_77' title="bbox 514 3879 3772 3962; baseline 0.002 -32"><span class='ocrx_word' id='word_1_536' title='bbox 514 3893 647 3932; x_wconf 90' lang='lat' dir='ltr'><strong>voce</strong></span> <span class='ocrx_word' id='word_1_537' title='bbox 675 3895 740 3962; x_wconf 78' lang='lat' dir='ltr'><strong>ac</strong></span> <span class='ocrx_word' id='word_1_538' title='bbox 767 3897 929 3936; x_wconf 82' lang='lat' dir='ltr'><strong>manu</strong></span> <span class='ocrx_word' id='word_1_539' title='bbox 955 3899 1049 3952; x_wconf 88' lang='lat' dir='ltr'><strong>per</strong></span> <span class='ocrx_word' id='word_1_540' title='bbox 1083 3885 1322 3953; x_wconf 81' lang='lat' dir='ltr'><strong>seipsuin</strong></span> <span class='ocrx_word' id='word_1_541' title='bbox 1348 3885 1414 3939; x_wconf 92' lang='lat' dir='ltr'><strong>ad</strong></span> <span class='ocrx_word' id='word_1_542' title='bbox 1445 3901 1540 3940; x_wconf 92' lang='lat' dir='ltr'><strong>eos</strong></span> <span class='ocrx_word' id='word_1_543' title='bbox 1565 3885 1656 3955; x_wconf 90' lang='lat' dir='ltr'><strong>qui</strong></span> <span class='ocrx_word' id='word_1_544' title='bbox 1687 3886 1939 3949; x_wconf 89' lang='lat' dir='ltr'><strong>aderant,</strong></span> <span class='ocrx_word' id='word_1_545' title='bbox 1969 3892 2079 3937; x_wconf 90' lang='lat' dir='ltr'><strong>tum</strong></span> <span class='ocrx_word' id='word_1_546' title='bbox 2127 3883 2315 3938; x_wconf 79' lang='lat' dir='ltr'><strong>missis</strong></span> <span class='ocrx_word' id='word_1_547' title='bbox 2375 3882 2586 3936; x_wconf 90' lang='lat' dir='ltr'><strong>nuntiis</strong></span> <span class='ocrx_word' id='word_1_548' title='bbox 2627 3879 2694 3934; x_wconf 90' lang='lat' dir='ltr'><strong>ad</strong></span> <span class='ocrx_word' id='word_1_549' title='bbox 2751 3891 2898 3935; x_wconf 85' lang='lat' dir='ltr'><strong>retro</strong></span> <span class='ocrx_word' id='word_1_550' title='bbox 2939 3883 3232 3944; x_wconf 86' lang='lat' dir='ltr'><strong>distantes,</strong></span> <span class='ocrx_word' id='word_1_551' title='bbox 3310 3897 3502 3938; x_wconf 89' lang='lat' dir='ltr'><strong>omnes</strong></span> <span class='ocrx_word' id='word_1_552' title='bbox 3577 3885 3772 3938; x_wconf 83' lang='lat' dir='ltr'><strong>admo-</strong></span> 
     </span>
    </p>
   </div>
   <div class='ocr_carea' id='block_1_78' title="bbox 518 3977 3769 4048">
    <p class='ocr_par' dir='ltr' id='par_1_78' title="bbox 518 3977 3769 4048">
     <span class='ocr_line' id='line_1_78' title="bbox 518 3977 3769 4048; baseline 0.003 -26"><span class='ocrx_word' id='word_1_553' title='bbox 518 3987 674 4036; x_wconf 84' lang='lat' dir='ltr'><strong>nens,</strong></span> <span class='ocrx_word' id='word_1_554' title='bbox 709 3981 765 4026; x_wconf 95' lang='lat' dir='ltr'><strong>ut</strong></span> <span class='ocrx_word' id='word_1_555' title='bbox 816 3991 875 4030; x_wconf 92' lang='lat' dir='ltr'><strong>se</strong></span> <span class='ocrx_word' id='word_1_556' title='bbox 943 3985 1192 4031; x_wconf 87' lang='lat' dir='ltr'><strong>ruentem</strong></span> <span class='ocrx_word' id='word_1_557' title='bbox 1241 3977 1296 4032; x_wconf 91' lang='lat' dir='ltr'><strong>in</strong></span> <span class='ocrx_word' id='word_1_558' title='bbox 1341 3978 1665 4047; x_wconf 76' lang='lat' dir='ltr'><strong>phalangem</strong></span> <span class='ocrx_word' id='word_1_559' title='bbox 1713 3977 1954 4032; x_wconf 82' lang='lat' dir='ltr'><strong>hostium</strong></span> <span class='ocrx_word' id='word_1_560' title='bbox 2007 3978 2126 4032; x_wconf 90' lang='lat' dir='ltr'><strong>sine</strong></span> <span class='ocrx_word' id='word_1_561' title='bbox 2163 3979 2516 4034; x_wconf 71' lang='lat' dir='ltr'><strong>cunitatione</strong></span> <span class='ocrx_word' id='word_1_562' title='bbox 2547 3989 2935 4048; x_wconf 68' lang='lat' dir='ltr'><strong>sequerentur.</strong></span> <span class='ocrx_word' id='word_1_563' title='bbox 2979 3977 3092 4032; x_wconf 90' lang='lat' dir='ltr'><strong>llac</strong></span> <span class='ocrx_word' id='word_1_564' title='bbox 3128 3979 3244 4032; x_wconf 84' lang='lat' dir='ltr'><strong>vice</strong></span> <span class='ocrx_word' id='word_1_565' title='bbox 3278 3993 3480 4044; x_wconf 87' lang='lat' dir='ltr'><strong>rerum,</strong></span> <span class='ocrx_word' id='word_1_566' title='bbox 3515 3987 3574 4032; x_wconf 92' lang='lat' dir='ltr'><strong>ut</strong></span> <span class='ocrx_word' id='word_1_567' title='bbox 3645 3980 3769 4038; x_wconf 76' lang='lat' dir='ltr'><strong>bre-</strong></span> 
     </span>
    </p>
   </div>
   <div class='ocr_carea' id='block_1_79' title="bbox 517 4051 3768 4144">
    <p class='ocr_par' dir='ltr' id='par_1_79' title="bbox 517 4051 3768 4144">
     <span class='ocr_line' id='line_1_79' title="bbox 517 4051 3768 4144; baseline 0.005 -29"><span class='ocrx_word' id='word_1_568' title='bbox 517 4064 651 4118; x_wconf 79' lang='lat' dir='ltr'><strong>viter</strong></span> <span class='ocrx_word' id='word_1_569' title='bbox 685 4082 880 4124; x_wconf 83' lang='lat' dir='ltr'><strong>cuneta</strong></span> <span class='ocrx_word' id='word_1_570' title='bbox 919 4071 1307 4139; x_wconf 69' lang='lat' dir='ltr'><strong>perstringam,</strong></span> <span class='ocrx_word' id='word_1_571' title='bbox 1373 4051 1566 4126; x_wconf 71' lang='lat' dir='ltr'><strong>Gallus</strong></span> <span class='ocrx_word' id='word_1_572' title='bbox 1633 4073 1856 4141; x_wconf 89' lang='lat' dir='ltr'><strong>quidam</strong></span> <span class='ocrx_word' id='word_1_573' title='bbox 1932 4089 1996 4125; x_wconf 80' lang='lat' dir='ltr'><strong>cx</strong></span> <span class='ocrx_word' id='word_1_574' title='bbox 2050 4074 2319 4130; x_wconf 81' lang='lat' dir='ltr'><strong>militibus</strong></span> <span class='ocrx_word' id='word_1_575' title='bbox 2373 4078 2552 4144; x_wconf 80' lang='lat' dir='ltr'><strong>magni</strong></span> <span class='ocrx_word' id='word_1_576' title='bbox 2605 4075 2921 4135; x_wconf 78' lang='lat' dir='ltr'><strong>domestici,</strong></span> <span class='ocrx_word' id='word_1_577' title='bbox 3013 4074 3094 4126; x_wconf 88' lang='lat' dir='ltr'><strong>vir</strong></span> <span class='ocrx_word' id='word_1_578' title='bbox 3137 4075 3301 4142; x_wconf 88' lang='lat' dir='ltr'><strong>plane</strong></span> <span class='ocrx_word' id='word_1_579' title='bbox 3354 4089 3656 4142; x_wconf 86' lang='lat' dir='ltr'><strong>generosus</strong></span> <span class='ocrx_word' id='word_1_580' title='bbox 3705 4092 3768 4131; x_wconf 85' lang='lat' dir='ltr'><strong>ac</strong></span> 
     </span>
    </p>
   </div>
   <div class='ocr_carea' id='block_1_80' title="bbox 515 4163 3772 4238">
    <p class='ocr_par' dir='ltr' id='par_1_80' title="bbox 515 4163 3772 4238">
     <span class='ocr_line' id='line_1_80' title="bbox 515 4163 3772 4238; baseline 0.004 -30"><span class='ocrx_word' id='word_1_581' title='bbox 515 4171 744 4214; x_wconf 81' lang='lat' dir='ltr'><strong>martem</strong></span> <span class='ocrx_word' id='word_1_582' title='bbox 787 4163 1021 4231; x_wconf 81' lang='lat' dir='ltr'><strong>spirans,</strong></span> <span class='ocrx_word' id='word_1_583' title='bbox 1057 4171 1266 4232; x_wconf 86' lang='lat' dir='ltr'><strong>patrem</strong></span> <span class='ocrx_word' id='word_1_584' title='bbox 1319 4179 1496 4216; x_wconf 86' lang='lat' dir='ltr'><strong>meum</strong></span> <span class='ocrx_word' id='word_1_585' title='bbox 1541 4179 1774 4218; x_wconf 87' lang='lat' dir='ltr'><strong>cernens</strong></span> <span class='ocrx_word' id='word_1_586' title='bbox 1819 4180 1848 4218; x_wconf 90' lang='lat' dir='ltr'><strong>e</strong></span> <span class='ocrx_word' id='word_1_587' title='bbox 1891 4165 2071 4220; x_wconf 90' lang='lat' dir='ltr'><strong>medio</strong></span> <span class='ocrx_word' id='word_1_588' title='bbox 2109 4167 2351 4220; x_wconf 81' lang='lat' dir='ltr'><strong>hostium</strong></span> <span class='ocrx_word' id='word_1_589' title='bbox 2385 4183 2474 4231; x_wconf 92' lang='lat' dir='ltr'><strong>eo,</strong></span> <span class='ocrx_word' id='word_1_590' title='bbox 2507 4168 2652 4235; x_wconf 85' lang='lat' dir='ltr'><strong>quod</strong></span> <span class='ocrx_word' id='word_1_591' title='bbox 2681 4169 2812 4231; x_wconf 81' lang='lat' dir='ltr'><strong>dixi,</strong></span> <span class='ocrx_word' id='word_1_592' title='bbox 2848 4167 3082 4221; x_wconf 88' lang='lat' dir='ltr'><strong>consilio</strong></span> <span class='ocrx_word' id='word_1_593' title='bbox 3141 4165 3208 4218; x_wconf 85' lang='lat' dir='ltr'><strong>ad</strong></span> <span class='ocrx_word' id='word_1_594' title='bbox 3259 4181 3388 4221; x_wconf 88' lang='lat' dir='ltr'><strong>suos</strong></span> <span class='ocrx_word' id='word_1_595' title='bbox 3455 4170 3772 4238; x_wconf 81' lang='lat' dir='ltr'><strong>regredien-</strong></span> 
     </span>
    </p>
   </div>
   <div class='ocr_carea' id='block_1_81' title="bbox 515 4257 3772 4329">
    <p class='ocr_par' dir='ltr' id='par_1_81' title="bbox 515 4257 3772 4329">
     <span class='ocr_line' id='line_1_81' title="bbox 515 4257 3772 4329; baseline 0.004 -23"><span class='ocrx_word' id='word_1_596' title='bbox 515 4265 649 4320; x_wconf 74' lang='lat' dir='ltr'><strong>teni,</strong></span> <span class='ocrx_word' id='word_1_597' title='bbox 687 4259 884 4312; x_wconf 88' lang='lat' dir='ltr'><strong>stricto</strong></span> <span class='ocrx_word' id='word_1_598' title='bbox 908 4258 1112 4328; x_wconf 81' lang='lat' dir='ltr'><strong>gladio,</strong></span> <span class='ocrx_word' id='word_1_599' title='bbox 1157 4271 1333 4325; x_wconf 85' lang='lat' dir='ltr'><strong>eoque</strong></span> <span class='ocrx_word' id='word_1_600' title='bbox 1379 4271 1609 4313; x_wconf 90' lang='lat' dir='ltr'><strong>cruento</strong></span> <span class='ocrx_word' id='word_1_601' title='bbox 1654 4273 1719 4313; x_wconf 89' lang='lat' dir='ltr'><strong>ac</strong></span> <span class='ocrx_word' id='word_1_602' title='bbox 1769 4258 2018 4313; x_wconf 87' lang='lat' dir='ltr'><strong>fumante</strong></span> <span class='ocrx_word' id='word_1_603' title='bbox 2049 4275 2077 4312; x_wconf 91' lang='lat' dir='ltr'><strong>a</strong></span> <span class='ocrx_word' id='word_1_604' title='bbox 2121 4262 2327 4314; x_wconf 84' lang='lat' dir='ltr'><strong>recenti</strong></span> <span class='ocrx_word' id='word_1_605' title='bbox 2357 4261 2526 4324; x_wconf 65' lang='lat' dir='ltr'><strong>caede,</strong></span> <span class='ocrx_word' id='word_1_606' title='bbox 2559 4260 2716 4315; x_wconf 82' lang='lat' dir='ltr'><strong>facile</strong></span> <span class='ocrx_word' id='word_1_607' title='bbox 2751 4263 3004 4329; x_wconf 81' lang='lat' dir='ltr'><strong>epiuatus</strong></span> <span class='ocrx_word' id='word_1_608' title='bbox 3030 4273 3154 4314; x_wconf 89' lang='lat' dir='ltr'><strong>esse</strong></span> <span class='ocrx_word' id='word_1_609' title='bbox 3223 4257 3400 4325; x_wconf 89' lang='lat' dir='ltr'><strong>ipsum</strong></span> <span class='ocrx_word' id='word_1_610' title='bbox 3459 4275 3528 4314; x_wconf 82' lang='lat' dir='ltr'><strong>ex</strong></span> <span class='ocrx_word' id='word_1_611' title='bbox 3596 4262 3772 4320; x_wconf 82' lang='lat' dir='ltr'><strong>hosti-</strong></span> 
     </span>
    </p>
   </div>
   <div class='ocr_carea' id='block_1_82' title="bbox 517 4349 3762 4427">
    <p class='ocr_par' dir='ltr' id='par_1_82' title="bbox 517 4349 3762 4427">
     <span class='ocr_line' id='line_1_82' title="bbox 517 4349 3762 4427; baseline 0.003 -27"><span class='ocrx_word' id='word_1_612' title='bbox 517 4349 618 4404; x_wconf 85' lang='lat' dir='ltr'><strong>bus</strong></span> <span class='ocrx_word' id='word_1_613' title='bbox 653 4355 986 4422; x_wconf 89' lang='lat' dir='ltr'><strong>quempiam,</strong></span> <span class='ocrx_word' id='word_1_614' title='bbox 1019 4359 1298 4427; x_wconf 71' lang='lat' dir='ltr'><strong>magnoin</strong></span> <span class='ocrx_word' id='word_1_615' title='bbox 1330 4373 1452 4410; x_wconf 89' lang='lat' dir='ltr'><strong>eum</strong></span> <span class='ocrx_word' id='word_1_616' title='bbox 1489 4370 1657 4409; x_wconf 88' lang='lat' dir='ltr'><strong>ruens</strong></span> <span class='ocrx_word' id='word_1_617' title='bbox 1689 4353 1894 4422; x_wconf 88' lang='lat' dir='ltr'><strong>impetu</strong></span> <span class='ocrx_word' id='word_1_618' title='bbox 1935 4353 2091 4409; x_wconf 86' lang='lat' dir='ltr'><strong>basta</strong></span> <span class='ocrx_word' id='word_1_619' title='bbox 2135 4355 2263 4408; x_wconf 89' lang='lat' dir='ltr'><strong>ferit</strong></span> <span class='ocrx_word' id='word_1_620' title='bbox 2293 4357 2436 4410; x_wconf 88' lang='lat' dir='ltr'><strong>circa</strong></span> <span class='ocrx_word' id='word_1_621' title='bbox 2477 4363 2691 4424; x_wconf 91' lang='lat' dir='ltr'><strong>pectus.</strong></span> <span class='ocrx_word' id='word_1_622' title='bbox 2781 4357 2903 4419; x_wconf 84' lang='lat' dir='ltr'><strong>Quo</strong></span> <span class='ocrx_word' id='word_1_623' title='bbox 2951 4355 3063 4409; x_wconf 86' lang='lat' dir='ltr'><strong>ictu</strong></span> <span class='ocrx_word' id='word_1_624' title='bbox 3119 4371 3311 4426; x_wconf 86' lang='lat' dir='ltr'><strong>parum</strong></span> <span class='ocrx_word' id='word_1_625' title='bbox 3365 4355 3565 4422; x_wconf 89' lang='lat' dir='ltr'><strong>abfuit,</strong></span> <span class='ocrx_word' id='word_1_626' title='bbox 3619 4355 3762 4425; x_wconf 85' lang='lat' dir='ltr'><strong>quin</strong></span> 
     </span>
    </p>
   </div>
   <div class='ocr_carea' id='block_1_83' title="bbox 515 4439 3770 4517">
    <p class='ocr_par' dir='ltr' id='par_1_83' title="bbox 515 4439 3770 4517">
     <span class='ocr_line' id='line_1_83' title="bbox 515 4439 3770 4517; baseline 0.003 -25"><span class='ocrx_word' id='word_1_627' title='bbox 515 4439 765 4496; x_wconf 77' lang='lat' dir='ltr'><strong>Alexiuin</strong></span> <span class='ocrx_word' id='word_1_628' title='bbox 800 4461 864 4498; x_wconf 79' lang='lat' dir='ltr'><strong>ex</strong></span> <span class='ocrx_word' id='word_1_629' title='bbox 895 4447 1170 4516; x_wconf 86' lang='lat' dir='ltr'><strong>ephippiis</strong></span> <span class='ocrx_word' id='word_1_630' title='bbox 1202 4455 1487 4501; x_wconf 75' lang='lat' dir='ltr'><strong>excuteret</strong></span> <span class='ocrx_word' id='word_1_631' title='bbox 1541 4447 1646 4500; x_wconf 92' lang='lat' dir='ltr'><strong>nisi</strong></span> <span class='ocrx_word' id='word_1_632' title='bbox 1686 4461 1746 4500; x_wconf 90' lang='lat' dir='ltr'><strong>se</strong></span> <span class='ocrx_word' id='word_1_633' title='bbox 1821 4446 1910 4500; x_wconf 87' lang='lat' dir='ltr'><strong>ille</strong></span> <span class='ocrx_word' id='word_1_634' title='bbox 1964 4447 2121 4500; x_wconf 87' lang='lat' dir='ltr'><strong>sedili</strong></span> <span class='ocrx_word' id='word_1_635' title='bbox 2201 4447 2363 4502; x_wconf 87' lang='lat' dir='ltr'><strong>simul</strong></span> <span class='ocrx_word' id='word_1_636' title='bbox 2409 4449 2731 4510; x_wconf 84' lang='lat' dir='ltr'><strong>oblirmans,</strong></span> <span class='ocrx_word' id='word_1_637' title='bbox 2780 4447 2948 4502; x_wconf 89' lang='lat' dir='ltr'><strong>simul</strong></span> <span class='ocrx_word' id='word_1_638' title='bbox 2997 4449 3388 4517; x_wconf 83' lang='lat' dir='ltr'><strong>compellatum</strong></span> <span class='ocrx_word' id='word_1_639' title='bbox 3443 4448 3770 4504; x_wconf 87' lang='lat' dir='ltr'><strong>nominatim</strong></span> 
     </span>
    </p>
   </div>
   <div class='ocr_carea' id='block_1_84' title="bbox 520 4535 3776 4612">
    <p class='ocr_par' dir='ltr' id='par_1_84' title="bbox 520 4535 3776 4612">
     <span class='ocr_line' id='line_1_84' title="bbox 520 4535 3776 4612; baseline 0.003 -25"><span class='ocrx_word' id='word_1_640' title='bbox 520 4535 820 4603; x_wconf 80' lang='lat' dir='ltr'><strong>hominem,</strong></span> <span class='ocrx_word' id='word_1_641' title='bbox 859 4554 915 4593; x_wconf 90' lang='lat' dir='ltr'><strong>se</strong></span> <span class='ocrx_word' id='word_1_642' title='bbox 946 4539 1022 4592; x_wconf 92' lang='lat' dir='ltr'><strong>illi</strong></span> <span class='ocrx_word' id='word_1_643' title='bbox 1055 4552 1216 4608; x_wconf 87' lang='lat' dir='ltr'><strong>caput</strong></span> <span class='ocrx_word' id='word_1_644' title='bbox 1258 4541 1635 4595; x_wconf 89' lang='lat' dir='ltr'><strong>abscissuruin</strong></span> <span class='ocrx_word' id='word_1_645' title='bbox 1689 4537 1950 4592; x_wconf 91' lang='lat' dir='ltr'><strong>minitans</strong></span> <span class='ocrx_word' id='word_1_646' title='bbox 1991 4537 2333 4592; x_wconf 85' lang='lat' dir='ltr'><strong>cohibuisset</strong></span> <span class='ocrx_word' id='word_1_647' title='bbox 2407 4539 2581 4592; x_wconf 89' lang='lat' dir='ltr'><strong>multa</strong></span> <span class='ocrx_word' id='word_1_648' title='bbox 2633 4548 3023 4600; x_wconf 78' lang='lat' dir='ltr'><strong>excusantem,</strong></span> <span class='ocrx_word' id='word_1_649' title='bbox 3073 4547 3128 4594; x_wconf 92' lang='lat' dir='ltr'><strong>et</strong></span> <span class='ocrx_word' id='word_1_650' title='bbox 3189 4552 3352 4594; x_wconf 89' lang='lat' dir='ltr'><strong>nocte</strong></span> <span class='ocrx_word' id='word_1_651' title='bbox 3419 4555 3484 4595; x_wconf 89' lang='lat' dir='ltr'><strong>ac</strong></span> <span class='ocrx_word' id='word_1_652' title='bbox 3553 4553 3776 4612; x_wconf 87' lang='lat' dir='ltr'><strong>pertur-</strong></span> 
     </span>
    </p>
   </div>
   <div class='ocr_carea' id='block_1_85' title="bbox 520 4631 3772 4706">
    <p class='ocr_par' dir='ltr' id='par_1_85' title="bbox 520 4631 3772 4706">
     <span class='ocr_line' id='line_1_85' title="bbox 520 4631 3772 4706; baseline 0.002 -22"><span class='ocrx_word' id='word_1_653' title='bbox 520 4631 758 4696; x_wconf 85' lang='lat' dir='ltr'><strong>batione,</strong></span> <span class='ocrx_word' id='word_1_654' title='bbox 793 4649 914 4702; x_wconf 67' lang='lat' dir='ltr'><strong>quae</strong></span> <span class='ocrx_word' id='word_1_655' title='bbox 947 4645 1080 4691; x_wconf 91' lang='lat' dir='ltr'><strong>tunc</strong></span> <span class='ocrx_word' id='word_1_656' title='bbox 1131 4645 1250 4690; x_wconf 87' lang='lat' dir='ltr'><strong>erat</strong></span> <span class='ocrx_word' id='word_1_657' title='bbox 1296 4639 1360 4691; x_wconf 89' lang='lat' dir='ltr'><strong>ad</strong></span> <span class='ocrx_word' id='word_1_658' title='bbox 1415 4635 1817 4705; x_wconf 76' lang='lat' dir='ltr'><strong>impetrandam</strong></span> <span class='ocrx_word' id='word_1_659' title='bbox 1868 4634 2077 4687; x_wconf 85' lang='lat' dir='ltr'><strong>erroris</strong></span> <span class='ocrx_word' id='word_1_660' title='bbox 2119 4634 2204 4687; x_wconf 93' lang='lat' dir='ltr'><strong>sui</strong></span> <span class='ocrx_word' id='word_1_661' title='bbox 2239 4633 2449 4688; x_wconf 89' lang='lat' dir='ltr'><strong>veniam</strong></span> <span class='ocrx_word' id='word_1_662' title='bbox 2481 4633 2848 4697; x_wconf 88' lang='lat' dir='ltr'><strong>obtendenda,</strong></span> <span class='ocrx_word' id='word_1_663' title='bbox 2883 4633 3266 4689; x_wconf 86' lang='lat' dir='ltr'><strong>lucrifaciente</strong></span> <span class='ocrx_word' id='word_1_664' title='bbox 3337 4651 3552 4700; x_wconf 66' lang='lat' dir='ltr'><strong>ironiam</strong></span> <span class='ocrx_word' id='word_1_665' title='bbox 3617 4652 3772 4706; x_wconf 76' lang='lat' dir='ltr'><strong>prie—</strong></span> 
     </span>
    </p>
   </div>
   <div class='ocr_carea' id='block_1_86' title="bbox 517 4723 889 4780">
    <p class='ocr_par' dir='ltr' id='par_1_86' title="bbox 517 4723 889 4780">
     <span class='ocr_line' id='line_1_86' title="bbox 517 4723 889 4780; baseline 0.005 -2"><span class='ocrx_word' id='word_1_666' title='bbox 517 4723 690 4778; x_wconf 84' lang='lat' dir='ltr'><strong>scntis</strong></span> <span class='ocrx_word' id='word_1_667' title='bbox 721 4727 889 4780; x_wconf 87' lang='lat' dir='ltr'><strong>necis.</strong></span> 
     </span>
    </p>
   </div>
   <div class='ocr_carea' id='block_1_87' title="bbox 2261 4817 3776 4888">
    <p class='ocr_par' dir='ltr' id='par_1_87' title="bbox 2261 4817 3776 4888">
     <span class='ocr_line' id='line_1_87' title="bbox 2261 4817 3776 4888; baseline 0.001 -16"><span class='ocrx_word' id='word_1_668' title='bbox 2261 4821 2342 4872; x_wconf 63' lang='lat' dir='ltr'><strong>Tit</strong></span> <span class='ocrx_word' id='word_1_669' title='bbox 2397 4819 2496 4888; x_wconf 83' lang='grc' dir='ltr'><strong>μὲν</strong></span> <span class='ocrx_word' id='word_1_670' title='bbox 2544 4819 2736 4878; x_wconf 82' lang='grc' dir='ltr'>νυκτὸς</span> <span class='ocrx_word' id='word_1_671' title='bbox 2765 4819 2900 4886; x_wconf 79' lang='grc' dir='ltr'>ἔργα</span> <span class='ocrx_word' id='word_1_672' title='bbox 2926 4820 3020 4870; x_wconf 79' lang='grc' dir='ltr'>τοῦ</span> <span class='ocrx_word' id='word_1_673' title='bbox 3073 4817 3396 4887; x_wconf 84' lang='grc' dir='ltr'>δομεστίκου</span> <span class='ocrx_word' id='word_1_674' title='bbox 3427 4817 3534 4869; x_wconf 74' lang='grc' dir='ltr'>τῶν</span> <span class='ocrx_word' id='word_1_675' title='bbox 3569 4821 3776 4888; x_wconf 77' lang='grc' dir='ltr'>σχολῶν</span> 
     </span>
    </p>
   </div>
   <div class='ocr_carea' id='block_1_88' title="bbox 2203 4909 3778 4982">
    <p class='ocr_par' dir='ltr' id='par_1_88' title="bbox 2203 4909 3778 4982">
     <span class='ocr_line' id='line_1_88' title="bbox 2203 4909 3778 4982; baseline 0 -17"><span class='ocrx_word' id='word_1_676' title='bbox 2203 4914 2297 4966; x_wconf 81' lang='grc' dir='ltr'><strong>σὺν</strong></span> <span class='ocrx_word' id='word_1_677' title='bbox 2334 4912 2542 4978; x_wconf 83' lang='grc' dir='ltr'>ὀλίγοις</span> <span class='ocrx_word' id='word_1_678' title='bbox 2577 4912 2804 4963; x_wconf 73' lang='grc' dir='ltr'>τοιαῦτα</span> <span class='ocrx_word' id='word_1_679' title='bbox 2843 4926 2854 4940; x_wconf 80' lang='grc'><strong><em>⁸</em></strong></span> <span class='ocrx_word' id='word_1_680' title='bbox 2890 4912 3111 4980; x_wconf 78' lang='grc' dir='ltr'>ἡμέρας</span> <span class='ocrx_word' id='word_1_681' title='bbox 3166 4911 3220 4964; x_wconf 79' lang='grc' dir='ltr'>δὲ</span> <span class='ocrx_word' id='word_1_682' title='bbox 3257 4911 3383 4979; x_wconf 79' lang='grc' dir='ltr'>ἄρτι</span> <span class='ocrx_word' id='word_1_683' title='bbox 3435 4909 3778 4982; x_wconf 67' lang='grc' dir='ltr'>δια-γελώσης</span> 
     </span>
    </p>
   </div>
   <div class='ocr_carea' id='block_1_89' title="bbox 2210 5001 3777 5074">
    <p class='ocr_par' dir='ltr' id='par_1_89' title="bbox 2210 5001 3777 5074">
     <span class='ocr_line' id='line_1_89' title="bbox 2210 5001 3777 5074; baseline -0.008 -17"><span class='ocrx_word' id='word_1_684' title='bbox 2210 5005 2321 5074; x_wconf 66' lang='grc' dir='ltr'><strong>(Η)</strong></span> <span class='ocrx_word' id='word_1_685' title='bbox 2352 5003 2442 5055; x_wconf 81' lang='grc' dir='ltr'><strong>καὶ</strong></span> <span class='ocrx_word' id='word_1_686' title='bbox 2473 5001 2566 5054; x_wconf 83' lang='grc' dir='ltr'>τοῦ</span> <span class='ocrx_word' id='word_1_687' title='bbox 2609 5003 2760 5070; x_wconf 78' lang='grc' dir='ltr'>ἡλίου</span> <span class='ocrx_word' id='word_1_688' title='bbox 2795 5002 2886 5053; x_wconf 82' lang='grc' dir='ltr'>τοῦ</span> <span class='ocrx_word' id='word_1_689' title='bbox 2939 5003 3216 5072; x_wconf 77' lang='grc' dir='ltr'>ὁρίζοντος</span> <span class='ocrx_word' id='word_1_690' title='bbox 3253 5001 3692 5072; x_wconf 61' lang='grc' dir='ltr'>ὑπερκύψαντος,</span> <span class='ocrx_word' id='word_1_691' title='bbox 3726 5005 3777 5056; x_wconf 73' lang='grc' dir='ltr'><strong>οἱ</strong></span> 
     </span>
    </p>
   </div>
   <div class='ocr_carea' id='block_1_90' title="bbox 592 4825 2160 4898">
    <p class='ocr_par' dir='ltr' id='par_1_90' title="bbox 592 4825 2160 4898">
     <span class='ocr_line' id='line_1_90' title="bbox 592 4825 2160 4898; baseline 0.001 -22"><span class='ocrx_word' id='word_1_692' title='bbox 592 4826 716 4877; x_wconf 80' lang='lat' dir='ltr'><strong>llaec</strong></span> <span class='ocrx_word' id='word_1_693' title='bbox 749 4825 858 4881; x_wconf 82' lang='lat' dir='ltr'><strong>fere</strong></span> <span class='ocrx_word' id='word_1_694' title='bbox 887 4841 985 4896; x_wconf 88' lang='lat' dir='ltr'><strong>per</strong></span> <span class='ocrx_word' id='word_1_695' title='bbox 1026 4835 1235 4882; x_wconf 90' lang='lat' dir='ltr'><strong>noctem</strong></span> <span class='ocrx_word' id='word_1_696' title='bbox 1279 4827 1426 4882; x_wconf 88' lang='lat' dir='ltr'><strong>illam</strong></span> <span class='ocrx_word' id='word_1_697' title='bbox 1473 4842 1702 4898; x_wconf 82' lang='lat' dir='ltr'><strong>magnus</strong></span> <span class='ocrx_word' id='word_1_698' title='bbox 1750 4826 2084 4879; x_wconf 81' lang='lat' dir='ltr'><strong>domesticus</strong></span> <span class='ocrx_word' id='word_1_699' title='bbox 2119 4832 2160 4886; x_wconf 83' lang='grc' dir='ltr'>ο</span> 
     </span>
    </p>
   </div>
   <div class='ocr_carea' id='block_1_91' title="bbox 517 4917 2094 4988">
    <p class='ocr_par' dir='ltr' id='par_1_91' title="bbox 517 4917 2094 4988">
     <span class='ocr_line' id='line_1_91' title="bbox 517 4917 2094 4988; baseline 0 -20"><span class='ocrx_word' id='word_1_700' title='bbox 517 4931 644 4986; x_wconf 76' lang='lat' dir='ltr'><strong>eum</strong></span> <span class='ocrx_word' id='word_1_701' title='bbox 682 4917 798 4972; x_wconf 90' lang='lat' dir='ltr'><strong>suis</strong></span> <span class='ocrx_word' id='word_1_702' title='bbox 827 4919 1016 4987; x_wconf 80' lang='lat' dir='ltr'><strong>gessit.</strong></span> <span class='ocrx_word' id='word_1_703' title='bbox 1053 4918 1146 4972; x_wconf 79' lang='lat' dir='ltr'><strong>Die</strong></span> <span class='ocrx_word' id='word_1_704' title='bbox 1198 4935 1327 4974; x_wconf 86' lang='lat' dir='ltr'><strong>vero</strong></span> <span class='ocrx_word' id='word_1_705' title='bbox 1361 4921 1613 4988; x_wconf 78' lang='lat' dir='ltr'><strong>‘primum</strong></span> <span class='ocrx_word' id='word_1_706' title='bbox 1669 4919 1950 4972; x_wconf 78' lang='lat' dir='ltr'><strong>exoriente</strong></span> <span class='ocrx_word' id='word_1_707' title='bbox 1977 4956 1990 4978; x_wconf 94' lang='lat'><strong>,</strong></span> <span class='ocrx_word' id='word_1_708' title='bbox 2041 4925 2094 4968; x_wconf 89' lang='lat' dir='ltr'><strong>et</strong></span> 
     </span>
    </p>
   </div>
   <div class='ocr_carea' id='block_1_92' title="bbox 523 5009 2094 5083">
    <p class='ocr_par' dir='ltr' id='par_1_92' title="bbox 523 5009 2094 5083">
     <span class='ocr_line' id='line_1_92' title="bbox 523 5009 2094 5083; baseline -0.002 -21"><span class='ocrx_word' id='word_1_709' title='bbox 523 5011 870 5065; x_wconf 78' lang='lat' dir='ltr'><strong>horizontem</strong></span> <span class='ocrx_word' id='word_1_710' title='bbox 904 5011 1020 5068; x_wconf 90' lang='lat' dir='ltr'><strong>sole</strong></span> <span class='ocrx_word' id='word_1_711' title='bbox 1055 5029 1410 5083; x_wconf 78' lang='lat' dir='ltr'><strong>supergresso</strong></span> <span class='ocrx_word' id='word_1_712' title='bbox 1441 5011 1643 5066; x_wconf 87' lang='lat' dir='ltr'><strong>tribuni</strong></span> <span class='ocrx_word' id='word_1_713' title='bbox 1690 5025 1750 5064; x_wconf 89' lang='lat' dir='ltr'><strong>ac</strong></span> <span class='ocrx_word' id='word_1_714' title='bbox 1777 5011 1942 5062; x_wconf 78' lang='lat' dir='ltr'><strong>duces</strong></span> <span class='ocrx_word' id='word_1_715' title='bbox 1991 5009 2094 5059; x_wconf 75' lang='lat' dir='ltr'><strong>lla-</strong></span> 
     </span>
    </p>
   </div>
   <div class='ocr_carea' id='block_1_93' title="bbox 1602 5127 2734 5204">
    <p class='ocr_par' dir='ltr' id='par_1_93' title="bbox 1602 5127 2734 5204">
     <span class='ocr_line' id='line_1_93' title="bbox 1602 5127 2734 5204; baseline -0.01 -10"><span class='ocrx_word' id='word_1_716' title='bbox 1602 5137 1738 5194; x_wconf 79' lang='lat' dir='ltr'><strong>Car.</strong></span> <span class='ocrx_word' id='word_1_717' title='bbox 1777 5131 2110 5192; x_wconf 84' lang='lat' dir='ltr'><strong>Diifresnii</strong></span> <span class='ocrx_word' id='word_1_718' title='bbox 2154 5133 2246 5190; x_wconf 89' lang='lat' dir='ltr'><strong>Du</strong></span> <span class='ocrx_word' id='word_1_719' title='bbox 2283 5127 2506 5204; x_wconf 77' lang='lat' dir='ltr'><strong>Cangii</strong></span> <span class='ocrx_word' id='word_1_720' title='bbox 2547 5131 2734 5186; x_wconf 77' lang='lat' dir='ltr'><strong>nolm.</strong></span> 
     </span>
    </p>
   </div>
   <div class='ocr_carea' id='block_1_94' title="bbox 595 5215 2084 5304">
    <p class='ocr_par' dir='ltr' id='par_1_94' title="bbox 595 5231 2084 5304">
     <span class='ocr_line' id='line_1_94' title="bbox 595 5231 2084 5304; baseline -0.008 -10"><span class='ocrx_word' id='word_1_721' title='bbox 595 5233 704 5300; x_wconf 74' lang='grc'><strong>(45)</strong></span> <span class='ocrx_word' id='word_1_722' title='bbox 745 5233 964 5304; x_wconf 82' lang='grc' dir='ltr'>Πέτρος</span> <span class='ocrx_word' id='word_1_723' title='bbox 997 5235 1325 5300; x_wconf 70' lang='grc' dir='ltr'>Τορνίκιος.</span> <span class='ocrx_word' id='word_1_724' title='bbox 1375 5232 1630 5301; x_wconf 85' lang='lat' dir='ltr'><strong>Ejusdem</strong></span> <span class='ocrx_word' id='word_1_725' title='bbox 1675 5233 1852 5304; x_wconf 78' lang='lat' dir='ltr'><strong>gentis</strong></span> <span class='ocrx_word' id='word_1_726' title='bbox 1901 5231 2004 5284; x_wconf 86' lang='lat' dir='ltr'><strong>fuit</strong></span> <span class='ocrx_word' id='word_1_727' title='bbox 2033 5241 2084 5304; x_wconf 74' lang='lat' dir='ltr'><strong>et</strong></span> 
     </span>
    </p>
   </div>
   <div class='ocr_carea' id='block_1_95' title="bbox 2186 5215 3780 5304">
    <p class='ocr_par' dir='ltr' id='par_1_95' title="bbox 2265 5215 3780 5304">
     <span class='ocr_line' id='line_1_95' title="bbox 2265 5215 3780 5304; baseline -0.007 -23"><span class='ocrx_word' id='word_1_728' title='bbox 2265 5222 3056 5304; x_wconf 39' lang='lat' dir='ltr'><strong>Tllt-‘OPIIAVMCIJIS_Sil110‘caii§,</strong></span> <span class='ocrx_word' id='word_1_729' title='bbox 3079 5220 3241 5304; x_wconf 70' lang='lat' dir='ltr'><strong>epist.</strong></span> <span class='ocrx_word' id='word_1_730' title='bbox 3395 5233 3408 5269; x_wconf 93' lang='lat'>:</span> <span class='ocrx_word' id='word_1_731' title='bbox 3438 5215 3574 5270; x_wconf 79' lang='grc' dir='ltr'>υῠτε</span> <span class='ocrx_word' id='word_1_732' title='bbox 3599 5234 3780 5286; x_wconf 75' lang='grc' dir='ltr'>φρεωο</span> 
     </span>
    </p>
   </div>
   <div class='ocr_carea' id='block_1_96' title="bbox 527 5288 2084 5372">
    <p class='ocr_par' dir='ltr' id='par_1_96' title="bbox 527 5288 2084 5372">
     <span class='ocr_line' id='line_1_96' title="bbox 527 5288 2084 5372; baseline -0.003 -18"><span class='ocrx_word' id='word_1_733' title='bbox 527 5288 905 5372; x_wconf 57' lang='grc' dir='ltr'>σιιίεἱιίὶεᾯιιῖιι</span> <span class='ocrx_word' id='word_1_734' title='bbox 931 5288 1214 5368; x_wconf 62' lang='grc' dir='ltr'>Ῠοηίίρίυ,</span> <span class='ocrx_word' id='word_1_735' title='bbox 1251 5288 1340 5371; x_wconf 60' lang='grc' dir='ltr'>(ιἰιὶ</span> <span class='ocrx_word' id='word_1_736' title='bbox 1375 5288 1536 5358; x_wconf 63' lang='lat' dir='ltr'><strong>Italia!</strong></span> <span class='ocrx_word' id='word_1_737' title='bbox 1571 5288 1942 5372; x_wconf 52' lang='grc' dir='ltr'>ιιιάἶίίιήρῑιιιτιιιι</span> <span class='ocrx_word' id='word_1_738' title='bbox 1996 5301 2084 5351; x_wconf 84' lang='grc'><strong>01)-</strong></span> 
     </span>
    </p>
   </div>
   <div class='ocr_carea' id='block_1_97' title="bbox 2186 5288 3488 5372">
    <p class='ocr_par' dir='ltr' id='par_1_97' title="bbox 2197 5288 3488 5372">
     <span class='ocr_line' id='line_1_97' title="bbox 2197 5288 3488 5372; baseline -0.008 -26"><span class='ocrx_word' id='word_1_739' title='bbox 2197 5301 2350 5372; x_wconf 67' lang='grc' dir='ltr'>ρύχοι</span> <span class='ocrx_word' id='word_1_740' title='bbox 2367 5288 2554 5372; x_wconf 47' lang='grc' dir='ltr'><strong>⁵ιιτιΞι-τῆς</strong></span> <span class='ocrx_word' id='word_1_741' title='bbox 2596 5295 2698 5362; x_wconf 69' lang='grc' dir='ltr'>γῆς</span> <span class='ocrx_word' id='word_1_742' title='bbox 2715 5289 3155 5372; x_wconf 47' lang='grc' dir='ltr'>ὲρεϐοδιίροῦντες</span> <span class='ocrx_word' id='word_1_743' title='bbox 3181 5288 3488 5372; x_wconf 57' lang='grc' dir='ltr'>απόρῥητα.</span> 
     </span>
    </p>
   </div>
   <div class='ocr_carea' id='block_1_98' title="bbox 535 5371 2092 5439">
    <p class='ocr_par' dir='ltr' id='par_1_98' title="bbox 535 5371 2092 5439">
     <span class='ocr_line' id='line_1_98' title="bbox 535 5371 2092 5439; baseline -0.001 -18"><span class='ocrx_word' id='word_1_744' title='bbox 535 5373 698 5426; x_wconf 81' lang='lat' dir='ltr'><strong>tinuit</strong></span> <span class='ocrx_word' id='word_1_745' title='bbox 731 5377 925 5430; x_wconf 71' lang='lat' dir='ltr'><strong>liasiliu</strong></span> <span class='ocrx_word' id='word_1_746' title='bbox 951 5386 1002 5428; x_wconf 82' lang='lat' dir='ltr'><strong>et</strong></span> <span class='ocrx_word' id='word_1_747' title='bbox 1035 5377 1393 5429; x_wconf 75' lang='lat' dir='ltr'><strong>Constantino</strong></span> <span class='ocrx_word' id='word_1_748' title='bbox 1423 5371 1854 5439; x_wconf 73' lang='lat' dir='ltr'><strong>llilpt‘l&#39;alllllllls;</strong></span> <span class='ocrx_word' id='word_1_749' title='bbox 1886 5373 1951 5422; x_wconf 86' lang='lat' dir='ltr'><strong>de</strong></span> <span class='ocrx_word' id='word_1_750' title='bbox 1985 5385 2092 5434; x_wconf 88' lang='lat' dir='ltr'><strong>quo</strong></span> 
     </span>
    </p>
   </div>
   <div class='ocr_carea' id='block_1_99' title="bbox 527 5439 2096 5510">
    <p class='ocr_par' dir='ltr' id='par_1_99' title="bbox 527 5439 2096 5510">
     <span class='ocr_line' id='line_1_99' title="bbox 527 5439 2096 5510; baseline -0.002 -18"><span class='ocrx_word' id='word_1_751' title='bbox 527 5441 642 5494; x_wconf 71' lang='lat' dir='ltr'><strong>haec</strong></span> <span class='ocrx_word' id='word_1_752' title='bbox 691 5443 1011 5497; x_wconf 75' lang='lat' dir='ltr'><strong>Guilleliiius</strong></span> <span class='ocrx_word' id='word_1_753' title='bbox 1039 5445 1369 5510; x_wconf 81' lang='lat' dir='ltr'><strong>Apiilieusis,</strong></span> <span class='ocrx_word' id='word_1_754' title='bbox 1395 5441 1516 5495; x_wconf 87' lang='lat' dir='ltr'><strong>lib.i</strong></span> <span class='ocrx_word' id='word_1_755' title='bbox 1549 5441 1734 5492; x_wconf 68' lang='lat' dir='ltr'><strong>Iterum</strong></span> <span class='ocrx_word' id='word_1_756' title='bbox 1763 5439 2096 5490; x_wconf 83' lang='lat' dir='ltr'><strong>Normauu.:</strong></span> 
     </span>
    </p>
   </div>
   <div class='ocr_carea' id='block_1_100' title="bbox 677 5511 1938 5578">
    <p class='ocr_par' dir='ltr' id='par_1_100' title="bbox 677 5511 1938 5578">
     <span class='ocr_line' id='line_1_100' title="bbox 677 5511 1938 5578; baseline 0 -14"><span class='ocrx_word' id='word_1_757' title='bbox 677 5511 911 5566; x_wconf 81' lang='lat' dir='ltr'><strong>Turuicii</strong></span> <span class='ocrx_word' id='word_1_758' title='bbox 943 5517 1150 5568; x_wconf 76' lang='lat' dir='ltr'><strong>tandem</strong></span> <span class='ocrx_word' id='word_1_759' title='bbox 1182 5529 1361 5566; x_wconf 82' lang='lat' dir='ltr'><strong>rumor</strong></span> <span class='ocrx_word' id='word_1_760' title='bbox 1385 5513 1610 5578; x_wconf 67' lang='lat' dir='ltr'><strong>peri-cuit</strong></span> <span class='ocrx_word' id='word_1_761' title='bbox 1647 5514 1712 5560; x_wconf 82' lang='lat' dir='ltr'><strong>ad</strong></span> <span class='ocrx_word' id='word_1_762' title='bbox 1751 5524 1902 5560; x_wconf 82' lang='lat' dir='ltr'><strong>aures</strong></span> <span class='ocrx_word' id='word_1_763' title='bbox 1923 5546 1938 5564; x_wconf 78' lang='lat'>.</span> 
     </span>
    </p>
   </div>
   <div class='ocr_carea' id='block_1_101' title="bbox 673 5575 2099 5652">
    <p class='ocr_par' dir='ltr' id='par_1_101' title="bbox 673 5575 2099 5652">
     <span class='ocr_line' id='line_1_101' title="bbox 673 5575 2099 5652; baseline -0.004 -18"><span class='ocrx_word' id='word_1_764' title='bbox 673 5583 776 5652; x_wconf 81' lang='lat' dir='ltr'><strong>Qui</strong></span> <span class='ocrx_word' id='word_1_765' title='bbox 805 5585 1046 5652; x_wconf 81' lang='lat' dir='ltr'><strong>Catapun</strong></span> <span class='ocrx_word' id='word_1_766' title='bbox 1096 5595 1267 5644; x_wconf 73' lang='lat' dir='ltr'><strong>luerat</strong></span> <span class='ocrx_word' id='word_1_767' title='bbox 1304 5575 1606 5636; x_wconf 64' lang='grc' dir='ltr'>διοίγων-μω</span> <span class='ocrx_word' id='word_1_768' title='bbox 1641 5581 1825 5652; x_wconf 77' lang='lat' dir='ltr'><strong>missus</strong></span> <span class='ocrx_word' id='word_1_769' title='bbox 1863 5578 1924 5652; x_wconf 69' lang='lat' dir='ltr'><strong>nl)</strong></span> <span class='ocrx_word' id='word_1_770' title='bbox 1955 5575 2099 5638; x_wconf 86' lang='lat' dir='ltr'><strong>urbe,</strong></span> 
     </span>
    </p>
   </div>
   <div class='ocr_carea' id='block_1_102' title="bbox 673 5647 1964 5708">
    <p class='ocr_par' dir='ltr' id='par_1_102' title="bbox 673 5647 1964 5708">
     <span class='ocr_line' id='line_1_102' title="bbox 673 5647 1964 5708; baseline -0.002 -6"><span class='ocrx_word' id='word_1_771' title='bbox 673 5651 772 5702; x_wconf 80' lang='lat' dir='ltr'><strong>Cui</strong></span> <span class='ocrx_word' id='word_1_772' title='bbox 801 5647 1178 5706; x_wconf 77' lang='lat' dir='ltr'><strong>Constantinus</strong></span> <span class='ocrx_word' id='word_1_773' title='bbox 1209 5669 1390 5703; x_wconf 73' lang='lat' dir='ltr'><strong>nomen</strong></span> <span class='ocrx_word' id='word_1_774' title='bbox 1423 5653 1562 5704; x_wconf 84' lang='lat' dir='ltr'><strong>dedit</strong></span> <span class='ocrx_word' id='word_1_775' title='bbox 1600 5651 1771 5703; x_wconf 79' lang='lat' dir='ltr'><strong>editor</strong></span> <span class='ocrx_word' id='word_1_776' title='bbox 1797 5647 1964 5708; x_wconf 71' lang='lat' dir='ltr'><strong>urbis,</strong></span> 
     </span>
    </p>
   </div>
   <div class='ocr_carea' id='block_1_103' title="bbox 675 5716 1885 5789">
    <p class='ocr_par' dir='ltr' id='par_1_103' title="bbox 675 5716 1885 5789">
     <span class='ocr_line' id='line_1_103' title="bbox 675 5716 1885 5789; baseline -0.005 -15"><span class='ocrx_word' id='word_1_777' title='bbox 675 5719 740 5770; x_wconf 68' lang='lat' dir='ltr'><strong>Et</strong></span> <span class='ocrx_word' id='word_1_778' title='bbox 780 5719 1162 5775; x_wconf 77' lang='lat' dir='ltr'><strong>Constantinus</strong></span> <span class='ocrx_word' id='word_1_779' title='bbox 1199 5723 1504 5789; x_wconf 66' lang='lat' dir='ltr'><strong>pariterque</strong></span> <span class='ocrx_word' id='word_1_780' title='bbox 1529 5721 1760 5774; x_wconf 73' lang='lat' dir='ltr'><strong>Basilius</strong></span> <span class='ocrx_word' id='word_1_781' title='bbox 1804 5716 1885 5769; x_wconf 77' lang='lat' dir='ltr'><strong>t&#39;i&#39;lt&#39;</strong></span> 
     </span>
    </p>
   </div>
   <div class='ocr_carea' id='block_1_104' title="bbox 681 5785 1504 5857">
    <p class='ocr_par' dir='ltr' id='par_1_104' title="bbox 681 5785 1504 5857">
     <span class='ocr_line' id='line_1_104' title="bbox 681 5785 1504 5857; baseline 0.007 -17"><span class='ocrx_word' id='word_1_782' title='bbox 681 5789 706 5840; x_wconf 84' lang='grc' dir='ltr'><strong><em>Ἰ</em></strong></span> <span class='ocrx_word' id='word_1_783' title='bbox 726 5807 821 5842; x_wconf 83' lang='lat' dir='ltr'><strong>unc</strong></span> <span class='ocrx_word' id='word_1_784' title='bbox 847 5785 1266 5857; x_wconf 58' lang='lat' dir='ltr'><strong>dotitiiiubaiitui;</strong></span> <span class='ocrx_word' id='word_1_785' title='bbox 1411 5785 1420 5789; x_wconf 63' lang='grc'><em>’</em></span> <span class='ocrx_word' id='word_1_786' title='bbox 1495 5785 1504 5794; x_wconf 70' lang='grc'><strong>’</strong></span> 
     </span>
    </p>
   </div>
   <div class='ocr_carea' id='block_1_105' title="bbox 2269 5355 3780 5436">
    <p class='ocr_par' dir='ltr' id='par_1_105' title="bbox 2269 5355 3780 5436">
     <span class='ocr_line' id='line_1_105' title="bbox 2269 5355 3780 5436; baseline -0.007 -17"><span class='ocrx_word' id='word_1_787' title='bbox 2269 5355 2382 5436; x_wconf 55' lang='grc' dir='ltr'><strong>(ΑΗ)</strong></span> <span class='ocrx_word' id='word_1_788' title='bbox 2424 5355 2689 5436; x_wconf 33' lang='lat' dir='ltr'><strong>Euripi}?</strong></span> <span class='ocrx_word' id='word_1_789' title='bbox 2736 5355 3132 5436; x_wconf 49' lang='lat' dir='ltr'><strong>8((t7‘8vlt90&#39;llg.</strong></span> <span class='ocrx_word' id='word_1_790' title='bbox 3191 5355 3490 5436; x_wconf 45' lang='grc' dir='ltr'>ξλοιιξιιοιιέίὶ-</span> <span class='ocrx_word' id='word_1_791' title='bbox 3542 5355 3780 5436; x_wconf 65' lang='lat' dir='ltr'><strong>formula</strong></span> 
     </span>
    </p>
   </div>
   <div class='ocr_carea' id='block_1_106' title="bbox 2212 5426 3774 5505">
    <p class='ocr_par' dir='ltr' id='par_1_106' title="bbox 2212 5426 3774 5505">
     <span class='ocr_line' id='line_1_106' title="bbox 2212 5426 3774 5505; baseline -0.008 -17"><span class='ocrx_word' id='word_1_792' title='bbox 2212 5426 2526 5505; x_wconf 57' lang='grc' dir='ltr'>Ἐρωτικῶν</span> <span class='ocrx_word' id='word_1_793' title='bbox 2554 5426 2918 5501; x_wconf 58' lang='lat' dir='ltr'><strong>sciiptorilitis</strong></span> <span class='ocrx_word' id='word_1_794' title='bbox 2957 5429 3266 5505; x_wconf 69' lang='lat' dir='ltr'><strong>familiaris,</strong></span> <span class='ocrx_word' id='word_1_795' title='bbox 3305 5426 3582 5505; x_wconf 58' lang='lat' dir='ltr'><strong>lleliqilor:</strong></span> <span class='ocrx_word' id='word_1_796' title='bbox 3619 5427 3774 5505; x_wconf 25' lang='lat' dir='ltr'><strong>libat;</strong></span> 
     </span>
    </p>
   </div>
   <div class='ocr_carea' id='block_1_107' title="bbox 2203 5494 3774 5562">
    <p class='ocr_par' dir='ltr' id='par_1_107' title="bbox 2203 5494 3774 5562">
     <span class='ocr_line' id='line_1_107' title="bbox 2203 5494 3774 5562; baseline -0.008 -4"><span class='ocrx_word' id='word_1_797' title='bbox 2203 5494 2453 5560; x_wconf 68' lang='grc' dir='ltr'>Ειιέῑιιιίι.</span> <span class='ocrx_word' id='word_1_798' title='bbox 2485 5503 2559 5556; x_wconf 85' lang='lat' dir='ltr'><strong>De</strong></span> <span class='ocrx_word' id='word_1_799' title='bbox 2605 5494 2798 5555; x_wconf 45' lang='lat' dir='ltr'><strong>lsi-neu.</strong></span> <span class='ocrx_word' id='word_1_800' title='bbox 2830 5499 3056 5552; x_wconf 79' lang='lat' dir='ltr'><strong>amorib.</strong></span> <span class='ocrx_word' id='word_1_801' title='bbox 3087 5514 3136 5560; x_wconf 73' lang='grc' dir='ltr'><strong>ν,</strong></span> <span class='ocrx_word' id='word_1_802' title='bbox 3165 5509 3217 5550; x_wconf 89' lang='lat' dir='ltr'><strong>et</strong></span> <span class='ocrx_word' id='word_1_803' title='bbox 3249 5513 3342 5549; x_wconf 76' lang='lat' dir='ltr'><strong>VIII</strong></span> <span class='ocrx_word' id='word_1_804' title='bbox 3371 5513 3382 5554; x_wconf 88' lang='lat'><strong>:</strong></span> <span class='ocrx_word' id='word_1_805' title='bbox 3437 5495 3682 5562; x_wconf 68' lang='lat' dir='ltr'><strong>Iilugiiitii</strong></span> <span class='ocrx_word' id='word_1_806' title='bbox 3719 5494 3774 5548; x_wconf 85' lang='lat' dir='ltr'><strong>S.</strong></span> 
     </span>
    </p>
   </div>
   <div class='ocr_carea' id='block_1_108' title="bbox 2205 5566 3808 5644">
    <p class='ocr_par' dir='ltr' id='par_1_108' title="bbox 2205 5566 3808 5644">
     <span class='ocr_line' id='line_1_108' title="bbox 2205 5566 3808 5644; baseline -0.001 -16"><span class='ocrx_word' id='word_1_807' title='bbox 2205 5574 2643 5628; x_wconf 73' lang='lat' dir='ltr'><strong>l‘aiitclecniouis</strong></span> <span class='ocrx_word' id='word_1_808' title='bbox 2671 5611 2686 5636; x_wconf 93' lang='lat'><strong>,</strong></span> <span class='ocrx_word' id='word_1_809' title='bbox 2862 5567 3363 5644; x_wconf 46' lang='grc' dir='ltr'>γυλιῖισηςηὴμέῼμς</span> <span class='ocrx_word' id='word_1_810' title='bbox 3394 5566 3808 5644; x_wconf 50' lang='grc' dir='ltr'><strong>,γρςέσοχρὰξυκ</strong></span> 
     </span>
    </p>
   </div>
   <div class='ocr_carea' id='block_1_109' title="bbox 2211 5633 3772 5708">
    <p class='ocr_par' dir='ltr' id='par_1_109' title="bbox 2211 5633 3772 5708">
     <span class='ocr_line' id='line_1_109' title="bbox 2211 5633 3772 5708; baseline -0.009 -10"><span class='ocrx_word' id='word_1_811' title='bbox 2211 5644 2450 5698; x_wconf 88' lang='lat' dir='ltr'><strong>Utuntur</strong></span> <span class='ocrx_word' id='word_1_812' title='bbox 2475 5633 2731 5708; x_wconf 72' lang='lat' dir='ltr'><strong>praeterea</strong></span> <span class='ocrx_word' id='word_1_813' title='bbox 2753 5633 3070 5701; x_wconf 67' lang='lat' dir='ltr'><strong>Procopius,</strong></span> <span class='ocrx_word' id='word_1_814' title='bbox 3094 5637 3186 5708; x_wconf 88' lang='lat' dir='ltr'><strong>lib.</strong></span> <span class='ocrx_word' id='word_1_815' title='bbox 3217 5652 3232 5688; x_wconf 84' lang='grc' dir='ltr'><strong>ι</strong></span> <span class='ocrx_word' id='word_1_816' title='bbox 3267 5635 3340 5708; x_wconf 76' lang='lat' dir='ltr'><strong>De</strong></span> <span class='ocrx_word' id='word_1_817' title='bbox 3365 5633 3541 5699; x_wconf 69' lang='grc' dir='ltr'><em>ΑΞάὶῙ.</em></span> <span class='ocrx_word' id='word_1_818' title='bbox 3567 5633 3772 5708; x_wconf 52' lang='grc' dir='ltr'><strong>,ίιιειὶιιζ</strong></span> 
     </span>
    </p>
   </div>
   <div class='ocr_carea' id='block_1_110' title="bbox 2211 5703 3786 5772">
    <p class='ocr_par' dir='ltr' id='par_1_110' title="bbox 2211 5703 3786 5772">
     <span class='ocr_line' id='line_1_110' title="bbox 2211 5703 3786 5772; baseline -0.008 -6"><span class='ocrx_word' id='word_1_819' title='bbox 2211 5715 2428 5766; x_wconf 74' lang='lat' dir='ltr'><strong>Nectas</strong></span> <span class='ocrx_word' id='word_1_820' title='bbox 2461 5703 2513 5762; x_wconf 79' lang='lat' dir='ltr'><strong>iii</strong></span> <span class='ocrx_word' id='word_1_821' title='bbox 2545 5709 2780 5764; x_wconf 75' lang='lat' dir='ltr'><strong>[Saiii:iii,</strong></span> <span class='ocrx_word' id='word_1_822' title='bbox 2815 5709 2886 5760; x_wconf 91' lang='lat' dir='ltr'><strong>lib</strong></span> <span class='ocrx_word' id='word_1_823' title='bbox 2949 5722 3005 5764; x_wconf 87' lang='lat' dir='ltr'><strong>ii,</strong></span> <span class='ocrx_word' id='word_1_824' title='bbox 3043 5713 3092 5756; x_wconf 75' lang='lat' dir='ltr'><strong>et</strong></span> <span class='ocrx_word' id='word_1_825' title='bbox 3129 5707 3240 5772; x_wconf 70' lang='lat' dir='ltr'><strong>ipsa</strong></span> <span class='ocrx_word' id='word_1_826' title='bbox 3294 5706 3450 5756; x_wconf 89' lang='lat' dir='ltr'><strong>Antia</strong></span> <span class='ocrx_word' id='word_1_827' title='bbox 3475 5744 3488 5766; x_wconf 94' lang='lat'><strong>,</strong></span> <span class='ocrx_word' id='word_1_828' title='bbox 3523 5719 3647 5771; x_wconf 83' lang='lat' dir='ltr'><strong>pag.</strong></span> <span class='ocrx_word' id='word_1_829' title='bbox 3675 5703 3786 5756; x_wconf 67' lang='lat'><strong>‘252</strong></span> 
     </span>
    </p>
   </div>
   <div class='ocr_carea' id='block_1_111' title="bbox 2211 5773 3430 5838">
    <p class='ocr_par' dir='ltr' id='par_1_111' title="bbox 2211 5773 3430 5838">
     <span class='ocr_line' id='line_1_111' title="bbox 2211 5773 3430 5838; baseline -0.011 0"><span class='ocrx_word' id='word_1_830' title='bbox 2211 5793 2262 5838; x_wconf 77' lang='lat' dir='ltr'><strong>et</strong></span> <span class='ocrx_word' id='word_1_831' title='bbox 2291 5783 2414 5836; x_wconf 71' lang='lat' dir='ltr'><strong>59L</strong></span> <span class='ocrx_word' id='word_1_832' title='bbox 2451 5779 2586 5833; x_wconf 72' lang='lat' dir='ltr'><strong>Vide</strong></span> <span class='ocrx_word' id='word_1_833' title='bbox 2614 5779 2650 5830; x_wconf 78' lang='grc' dir='ltr'><strong>Β</strong></span> <span class='ocrx_word' id='word_1_834' title='bbox 2695 5779 2923 5830; x_wconf 77' lang='grc' dir='ltr'>ιιι·ιΙ·.-1υι.</span> <span class='ocrx_word' id='word_1_835' title='bbox 2965 5777 3027 5828; x_wconf 80' lang='lat' dir='ltr'><strong>ad</strong></span> <span class='ocrx_word' id='word_1_836' title='bbox 3059 5773 3430 5828; x_wconf 78' lang='lat' dir='ltr'><strong>Heliodorum.</strong></span> 
     </span>
    </p>
   </div>
  </div>
