4068 6264
299 385 382 450 ill
1554 395 1971 460 ALEXIADIS
2011 399 2158 462 LIB.
2197 400 2246 459 ῐ.

3477 397 3577 458 142

304 498 548 554 eomes
601 517 664 553 τε
727 501 828 554 καὶ
881 496 1028 556 εἷλκε
1079 503 1172 556 καὶ
1205 503 1419 556 εῐλκετο
1453 505 1547 558 καλ⁸
1598 504 1882 558 ἐκυλίοντο

2000 507 2174 560 icbant
2205 505 2257 557 in
2287 502 2502 559 insidiis
2521 502 2619 557 viri
2653 493 2908 574 quatuor,
2944 512 3290 574 emergentes
3315 521 3346 560 e
3374 505 3575 575 palude

305 595 453 662 ἄμφω
511 592 664 645 κατὰ
698 592 814 646 τοῦ
861 595 1127 665 πρανοῦζ.
1173 594 1410 659 Τούτους
1449 596 1504 649 δὲ
1536 597 1586 648 οἱ
1614 596 1884 665 λοχῶντες

301 689 557 755 τέσσαρες
587 687 790 740 ἐκεῖνοι
824 687 1024 758 ἄνδρες
1051 687 1403 759 θεασάμενοι,
1440 689 1740 753 ἀναδύντες
1787 685 1885 740 τοῦ

304 782 446 843 ἕλους
474 780 794 849 ἐπέδραμον
820 781 923 850 ἤδη
953 780 1028 849 τῷ
1069 781 1372 852 Γελιέλμῳ,
1399 784 1494 835 καὶ
1525 783 1888 853 ξυνδήσαντες

303 872 677 941 ἁπανταχόθεν
703 874 999 943 ἀνέτρεχον
1022 874 1096 936 ὡς
1123 875 1259 944 πρὸς
1295 876 1421 938 τοὺς
1452 878 1532 940 εἰς
1569 879 1667 946 τὴν
1695 877 1890 946 ἑτέραν

301 968 613 1039 ἀκρώρειαν
653 967 984 1036 ἱσταμένους
1023 966 1212 1030 ἱππεῖς
1260 969 1354 1021 τοῦ
1399 969 1738 1040 Ἰδομπέρτου
1787 970 1888 1040 ἥδη

300 1062 386 1112 καὶ
413 1060 604 1112 αὐτῶν
641 1058 1136 1123 ὐποκολπαζόντων
1165 1059 1308 1112 κατὰ
1339 1059 1435 1112 τοῦ
1466 1058 1704 1131 πρανοῦς
1737 1059 1877 1128 πρὸς

303 1153 524 1214 αὐτούς·
585 1150 814 1203 ὄπισθεν
853 1151 912 1204 δὲ
936 1151 1160 1203 ἐδίωκον
1209 1150 1259 1203 οἱ
1311 1151 1406 1204 τοῦ
1462 1151 1780 1221 Γελιέλμου.
1834 1151 1892 1204 Ὀ

300 1246 349 1298 δέ
371 1263 432 1310 γε
452 1244 798 1314 Ῥομπὲρτος
827 1243 1025 1306 ἐπιϐὰς
1047 1243 1138 1296 τοῦ
1162 1244 1331 1297 ἵππου
1354 1244 1555 1315 κράνος
1571 1261 1630 1296 τε
1657 1245 1749 1297 καὶ
1764 1244 1892 1315 δόρυ

299 1338 474 1392 λαϐὼν
501 1341 598 1391 καὶ
621 1338 840 1406 γοργῶς
871 1338 1392 1406 ἐναγκαλισάμενος,
1436 1339 1530 1390 καὶ
1555 1337 1746 1391 ἀσπίδι
1800 1355 1897 1390 πε-

302 1431 570 1500 ριφράξας
595 1430 784 1482 ἑαυτὸν
812 1432 1170 1499 ἐπιστραφεὶς
1201 1429 1426 1498 πλήττει
1445 1428 1542 1482 ἕνα
1563 1429 1670 1480 τῶν
1689 1427 1784 1481 τοῦ
1803 1429 1899 1481 Γε-

297 1520 524 1585 λιὲλμου
564 1519 656 1570 διὰ
676 1519 926 1588 δόρατος·
952 1520 978 1570 ό
995 1519 1038 1571 δ’
1059 1521 1174 1589 ἅμα
1192 1522 1258 1589 τῇ
1284 1519 1467 1590 πληγῇ
1487 1521 1581 1572 καὶ
1600 1519 1698 1590 τὴν
1719 1519 1898 1590 ψυχὴν

301 1612 688 1681 σ’νναφῂρητο.
752 1610 840 1663 Ἑν
870 1610 1110 1681 τοσούτῳ
1142 1611 1241 1681 τὴν
1269 1612 1443 1681 φορὰν
1476 1611 1586 1663 τῶν
1625 1612 1771 1680 ἀμφὶ
1799 1611 1893 1662 τὸν

298 1703 569 1772 πενθερὸν
599 1703 814 1755 ἱππέων
844 1702 1209 1771 ἀναχαιτίσας
1265 1704 1359 1754 καὶ
1411 1703 1513 1771 τὴν
1546 1701 1653 1754 ἀπὸ
1685 1703 1892 1754 τούτων

298 1795 567 1866 βοήθειαν
598 1793 881 1862 ἅνακόψας
913 1793 985 1863 (οἱ
1011 1793 1066 1845 δέ
1096 1809 1158 1860 γε
1207 1792 1389 1846 λοιποὶ
1430 1792 1558 1855 τοὺς
1612 1793 1753 1863 ὑπὲρ
1803 1811 1897 1846 κε-

1992 605 2216 651 strenue
2244 604 2546 651 accurrunt
2569 597 2830 652 adversus
2855 596 3204 652 Guillelmum
3231 613 3392 666 quem
3418 599 3578 654 facile

1992 690 2232 743 vinctum
2258 690 2611 744 attrahebant
2646 690 2712 744 ad
2741 692 2954 760 equites
2985 689 3204 744 Roberti
3237 691 3494 757 alterum,
3522 701 3582 746 ut

1992 782 2256 845 diximus,
2302 781 2606 837 insidentes
2635 783 2828 836 collem
2863 801 2877 839 :
2913 783 3004 852 qui
3042 793 3096 838 et
3139 783 3258 852 ipse
3298 799 3355 837 re
3386 784 3580 852 procul

1994 874 2284 929 observata
2327 890 2420 942 per
2449 889 2672 941 pronam
2694 875 2811 945 jugi
2843 882 3052 930 costam
3088 874 3348 930 festinare
3382 875 3446 929 ad
3481 891 3578 929 eos

1995 973 2274 1034 ceperant.
2329 965 2546 1018 Interim
2585 982 2707 1020 sero
2737 966 3117 1020 animadversa
3143 965 3333 1020 fraude
3353 965 3581 1020 comites

1996 1056 2294 1119 Guiileltni,
2321 1057 2477 1125 quasi
2509 1056 2840 1110 vindicaturi
2870 1057 3152 1109 dominum
3188 1071 3215 1109 a
3249 1065 3401 1126 tergo
3435 1056 3584 1111 inse-

1996 1151 2323 1222 quebantur.
2379 1151 2446 1203 At
2499 1149 2770 1204 “obertus
2833 1165 2977 1219 cquo
3017 1165 3344 1212 conscenso,
3394 1151 3584 1204 induta

1998 1243 2148 1312 galea
2176 1281 2189 1305 ,
2239 1250 2457 1309 sumpta
2489 1251 2541 1294 et
2574 1243 2784 1294 vibrata
2818 1241 3078 1296 ferociter
3111 1242 3288 1305 hasta,
3331 1241 3583 1310 objecto-

1997 1350 2104 1404 que
2136 1335 2188 1386 in
2223 1334 2306 1386 sui
2341 1334 2619 1386 munimen
2650 1333 2840 1402 clypeo
2871 1347 3174 1387 conversus
3209 1349 3378 1387 unum
3405 1348 3470 1388 ex
3501 1335 3584 1389 eis

2003 1427 2158 1480 hasta
2192 1425 2693 1479 transverberatum
2727 1425 2982 1479 interficit
3021 1444 3033 1479 :
3068 1441 3176 1494 quo
3219 1425 3462 1481 facinore
3489 1441 3579 1480 re-

2001 1518 2285 1584 frigeravit
2306 1517 2563 1584 impetum
2591 1517 3146 1585 Guillielmiauorum,
3165 1533 3429 1588 spemque
3453 1518 3587 1588 ipsis

2002 1609 2250 1664 excussit
2282 1610 2369 1663 sui
2411 1608 2682 1678 principis
2718 1610 3093 1678 recuperandi.
3123 1610 3267 1679 Ergo
3310 1609 3586 1679 extemplo

2006 1701 2226 1770 reliqui,
2261 1701 2366 1754 alia
2400 1700 2624 1770 insuper
2676 1701 2859 1770 specie
2909 1701 3149 1769 perculsi
3198 1703 3582 1770 apparentiqu

2003 1793 2114 1863 jam
2169 1795 2416 1864 equitum
2474 1792 2698 1847 Roberti
2731 1794 2894 1862 inque
2943 1794 3094 1863 ipsos
3142 1793 3360 1849 infestis
3414 1795 3592 1848 hastis.

294 1887 468 1954 φαλῆς
493 1885 681 1937 αὐτῶν
705 1882 1134 1944 καταϐαένοντας
1158 1884 1391 1945 ἱππότας
1418 1883 1512 1935 τοῦ
1543 1881 1884 1953 Ῥομπέρτου

2002 1887 2519 1958 pergentium,terga
2550 1896 2852 1940 verterunt.
2887 1885 3115 1940 Ducitur
3144 1887 3328 1954 itaque
3363 1887 3586 1954 impune

294 1981 368 2042 ὡς
393 1981 489 2032 καὶ
525 1979 636 2029 ἀπὸ
693 1976 788 2029 τοῦ
841 1975 1008 2028 τόπου
1064 1974 1472 2046 βοηθουμένους
1531 1973 1889 2044 θεασάμενοι,

298 2072 652 2140 παραχρῆμα
680 2070 748 2121 τὰ
777 2068 925 2121 νῶτα
943 2068 1228 2137 διδόασιν),
1258 2066 1401 2120 οὕτω
1431 2067 1563 2136 γοῦν
1589 2069 1689 2138 τὴν
1719 2067 1892 2138 φορὰν

294 2164 402 2216 τῶν
435 2163 532 2216 τοῦ
563 2159 907 2231 Μασκαϐἐλη
932 2158 1146 2212 ἱππέων
1171 2157 1546 2226 ἀνακόῲαντος
1584 2157 1680 2211 τοῦ
1722 2158 1890 2227 Ῥομ-

292 2256 518 2325 πέρτου,
539 2254 734 2320 ἄγεται
757 2250 1061 2320 τηνικαῦτα
1090 2251 1116 2302 ὁ
1145 2248 1515 2318 Μασκαϐέλης
1540 2247 1763 2318 δέσμιος
1797 2251 1893 2302 καὶ

294 2347 736 2416 αἰχμάλωτοςεὶς
748 2343 887 2409 ὅπερ
906 2341 1134 2394 δέδωκεν
1151 2340 1298 2409 αὐτῷ
1314 2341 1393 2402 εἰς
1411 2342 1607 2409 πρεῖκα
1624 2341 1904 2410 φρούριον,

292 2439 380 2490 ὅτε
399 2438 501 2507 τὴν
526 2437 806 2505 θυγατέρα
835 2432 1008 2502 τούτῳ
1033 2434 1482 2501 κατηγγυὴσατο.
1512 2433 1607 2484 καὶ
1628 2428 1774 2502 εῖχεν
1795 2435 1903 2505 ἄρα

290 2529 414 2580 τότε
435 2529 528 2581 τὸν
545 2527 746 2578 οἰκεῖον
767 2523 1083 2592 δεσπότηνή
1109 2523 1264 2584 πόλις
1287 2523 1618 2593 ἔμφρουρον,
1638 2523 1900 2594 φρούριον

292 2621 553 2674 ἐντεῦθεν
579 2619 810 2680 εἰκότως
841 2614 1392 2686 προσαγορευομένη.
1419 2616 1587 2668 Οὐδὲν
1619 2617 1675 2668 δὲ
1703 2620 1892 2686 χεῖρον

291 2713 384 2766 καὶ
433 2711 535 2780 τὴν
595 2709 859 2778 ὡμότητα
939 2705 1034 2758 τοῦ
1095 2705 1440 2775 Ῥομπέρτου
1499 2705 1891 2774 διηγήσασθαι.

303 2803 530 2872 Ἐπειδὴ
559 2803 670 2872 γὰρ
711 2799 864 2863 ἅπαξ
897 2797 1173 2870 ἐγκρατὴς
1221 2798 1471 2865 ἐγεγόνει
1509 2797 1605 2850 τοῦ
1653 2799 1890 2851 Magn-

294 2895 549 2967 ϐέλη,τὰ
598 2894 794 2962 πρῶτα
857 2893 958 2960 μὲν
1005 2889 1114 2942 τῶν
1152 2890 1383 2942 ὀδόντων
1440 2889 1699 2943 ἁπάντων
1751 2893 1890 2944 ἀπο-

293 2989 484 3056 στερεῖ
533 2984 622 3053 ἐφ’
669 2983 892 3052 ἑκάστῳ
933 2981 1142 3035 τούτων
1191 2981 1592 3050 προσαπαιτῶν
1647 2982 1893 3037 πολυτά-

2001 1982 2249 2050 captivus
2287 1981 2617 2050 vinctusque
2649 1980 3004 2044 Mascabeles,
3037 1987 3087 2032 et
3125 1979 3175 2032 in
3213 1979 3388 2047 ipsam
3418 1994 3588 2048 quam

2001 2071 2054 2125 in
2089 2071 2209 2125 ﬁliae
2247 2071 2429 2126 dotem
2465 2072 2682 2140 egregio
2714 2086 2917 2140 genero
2954 2072 3123 2124 miser
3154 2069 3462 2124 donaverat
3497 2085 3588 2122 ar-

1999 2178 2117 2217 cem
2153 2162 2476 2216 iueluditur.
2539 2161 2853 2232 Habuitque
2909 2171 3024 2214 tum
3082 2161 3174 2215 illa
3234 2161 3435 2216 civitas
3486 2162 3589 2217 sub

2003 2254 2238 2323 prtesidii
2287 2255 2537 2310 custodia
2584 2255 2870 2324 proprium
2903 2254 3185 2309 dominum
3222 2253 3424 2308 merito
3460 2269 3589 2322 pro-

2015 2357 2198 2415 pterea
2229 2347 2508 2413 Frurium,
2537 2349 2642 2403 hoc
2668 2359 2752 2402 est
2783 2348 3098 2418 praesidium
3134 2348 3252 2403 sive
3281 2362 3379 2402 arx
3413 2346 3581 2402 dicta.

2010 2437 2152 2491 Nihil
2185 2448 2365 2494 autem
2403 2448 2549 2495 vetat
2579 2441 2840 2509 reliquam
2880 2447 3164 2509 pertexere
3193 2438 3418 2493 Roberti
3450 2454 3580 2493 cru-

2007 2530 2305 2585 delitatem.
2341 2531 2448 2600 27
2484 2531 2662 2585 Semel
2699 2531 2844 2585 enim
2896 2547 3088 2585 socero
3131 2531 3338 2598 potitus
3393 2531 3585 2584 dentes

2004 2620 2110 2689 ipsi
2143 2622 2422 2692 sigillatim
2448 2638 2640 2678 omnes
2681 2623 2912 2686 excutit,
2938 2622 3260 2677 immensam
3292 2621 3588 2691 quamdam

2003 2729 2357 2768 nummorum
2399 2731 2670 2769 summam
2710 2716 2764 2769 in
2807 2716 3058 2785 singulos
3093 2717 3492 2785 pronuntians,
3536 2723 3592 2768 ct

2008 2805 2098 2859 ubi
2125 2805 2270 2860 dicta
2326 2822 2538 2861 summa
2572 2808 2801 2877 reperiri
2855 2817 3042 2878 posset
3076 2808 3318 2863 iudicare
3365 2823 3590 2876 cogens.

2005 2897 2087 2951 Ad
2135 2907 2444 2953 extremum
2482 2900 2747 2954 exhausta
2779 2902 3012 2971 pecunia
3049 2917 3174 2956 cum
3207 2901 3487 2965 dentibus,
3532 2900 3586 2953 in

2003 2992 2192 3046 oculos
2236 2991 2441 3047 involat
2473 2992 2769 3058 Guillehni,
2801 3009 2939 3062 quos
2981 2995 3128 3047 eruit
3173 2993 3588 3047 crudelissime.

289 3081 485 3132 λαντον
543 3078 712 3148 ὁλκὴν
763 3075 1144 3143 νομισμάτων,
1213 3073 1306 3124 καὶ
1356 3073 1767 3142 πυνθανόμενος
1826 3070 1887 3127 οὗ
1921 3079 2094 3133 ταῦτα
2125 3083 2448 3140 ἐναπέθετο.
2505 3083 2659 3136 Ἐπεὶ
2728 3083 2784 3135 δὲ
2824 3085 2927 3136 οὐκ
2990 3083 3184 3150 ἔληγεν
3247 3081 3590 3150 ἀπαράδσων

295 3173 402 3238 ἐστ’
433 3173 503 3225 ἂν
537 3173 758 3225 ἅπαντα
789 3167 976 3228 ἔλαϐε,
1012 3166 1105 3219 καὶ¹
1132 3165 1248 3235 ἅμα
1305 3167 1358 3218 οἵ
1390 3184 1448 3218 τε
1511 3167 1724 3231 ὀδόντες
1781 3170 2030 3237 ἐξέλιπον
2092 3178 2186 3230 καὶ
2248 3177 2316 3230 τὰ
2347 3181 2629 3248 χρήματα,
2665 3180 2757 3231 ἐπὶ
2820 3181 2946 3240 τοὺς
2980 3177 3295 3247 ὀφθαλμοὺς
3375 3173 3592 3228 Γελιέλ-

299 3280 400 3333 μου
435 3262 728 3317 ἐπιϐάλλει
779 3259 908 3321 τοὺς
960 3257 1271 3327 ὀφθαλμοὺς
1302 3262 1328 3312 ὁ
1377 3257 1738 3329 Ῥομπέρτος,
1787 3264 1883 3314 καὶ
1921 3265 2201 3339 φθονήσας
2261 3271 2438 3339 τούτῳ
2525 3273 2632 3322 τῶν
2691 3270 2890 3338 agema,
2947 3270 3246 3338 ἀποστερεῖ
3292 3266 3403 3320 τῶν
3485 3267 3590 3336 ὀμ·

303 3355 513 3423 μάτων.

371 3451 599 3502 Πάντων
641 3440 738 3498 οὖν
779 3444 1059 3515 ἐγκρατὴς
1098 3444 1388 3512 γενόμενος
1441 3442 1703 3512 ηὐξάνετο
1733 3462 1790 3497 τε
1826 3445 1888 3498 τὸ
1918 3451 1960 3509 C

297 3541 551 3594 ἐντεῦθεν
586 3538 866 3608 ὁσημέραι
902 3538 997 3590 καὶ
1044 3539 1122 3600 εἰς
1149 3537 1210 3588 τὸ
1240 3534 1712 3606 τυραννικώτερον
1747 3539 1886 3590 ἁπο-

297 3635 492 3688 κλξνων
522 3636 647 3696 ταῖς
679 3631 874 3684 πόλεσὶ
913 3647 973 3682 τε
1015 3629 1374 3700 προσετίθετο
1430 3628 1614 3692 πόλεις
1648 3631 1741 3683 καὶ
1780 3634 1893 3694 τοῖς

298 3727 544 3795 χρήμασι
575 3724 861 3793 χρήματα.
899 3722 1007 3774 Καὶ
1036 3724 1093 3775 ὲν
1116 3721 1306 3793 βραχεί
1337 3725 1471 3796 προς
1507 3725 1604 3795 τὴν
1633 3725 1892 3797 δουκικὴν

301 3814 588 3886 περιωπήν
603 3811 1114 3882 ἁναϐεϐτμὼςβοὺξ
1127 3815 1526 3886 Λογγιϐαρδὶας
1540 3817 1654 3888 (58)
1674 3819 1894 3887 ἁπάσης

301 3907 637 3980 ὠνομάζετο.
695 3905 984 3959 Ἐντεῦθεν
1031 3905 1126 3959 οὖν
1166 3906 1403 3970 ἅπαντες
1449 3911 1585 3978 πρὸς
1635 3909 1726 3960 τὸν
1769 3909 1890 3961 κατ’

302 4002 464 4054 αὑτοῦ
510 4000 710 4070 φθόνον
743 3998 1063 4069 ἠρεθίζοντο
1126 3999 1184 4053 Ὀ
1217 4001 1270 4052 δὲ
1299 4002 1584 4070 φρενήρης
1628 4001 1705 4052 ὣν
1749 4000 1890 4071 ἀνὴρ

300 4085 430 4144 ὃπου
469 4092 569 4160 μὲν
597 4089 867 4150 θωπείαις
893 4090 1241 4158 χρησάμενος
1272 4091 1410 4162 πρὸς
1441 4091 1570 4154 τοὺς
1617 4092 1884 4145 ἀντικαθ-

305 4185 630 4251 ισταμένους
651 4179 825 4246 αὐτῷ,
857 4180 995 4235 ὅπου
1016 4179 1072 4231 δὲ
1096 4180 1189 4232 καὶ
1215 4180 1360 4250 δωρή
1371 4198 1505 4250 μασι
1529 4181 1656 4244 τοὺς
1682 4182 1886 4250 μεταξὺ

300 4274 395 4328 τοῦ
432 4273 674 4345 πλήθους
727 4270 994 4340 θορύϐους
1042 4270 1418 4341 ὲξωμαλίσατο
1479 4275 1573 4328 καὶ
1628 4275 1718 4326 τὸν
1770 4274 1893 4327 κατ’

300 4367 462 4419 αὑτοῦ
491 4366 689 4433 φθόνον
713 4365 822 4416 τῶν
854 4365 1202 4433 μεγιστάνων
1229 4367 1552 4437 εὐμηχάνως
1598 4368 1888 4421 κατέστει-

299 4459 413 4524 λεν,
469 4459 588 4510 ἐστι
621 4457 667 4510 δ’
705 4451 768 4511 οὗ
801 4457 897 4509 καὶ
931 4456 1120 4520 ὅπλοις
1175 4460 1591 4528 χειρωσάμενος
1651 4460 1800 4515 ἂπαν
1826 4463 1888 4514 τὸ

299 4554 506 4622 κράτος
544 4547 960 4617 Λογγιϐαρδὶας
991 4564 1049 4599 τε
1086 4552 1181 4603 καὶ
1216 4551 1315 4620 τῆς
1347 4552 1663 4622 ὁμορούσης
1703 4553 1890 4623 χώρας

300 4650 380 4706 εἱς
409 4647 602 4698 ἑαυτὸν
642 4643 969 4712 ἀνεδήσατο.
1015 4643 1129 4697 Ἀεὶ
1160 4644 1216 4696 δέ
1242 4662 1294 4697 τι
1330 4645 1712 4724 όῬομπέρτος
1731 4641 1888 4710 οὗτος

298 4737 536 4790 ἐπινοῶν
575 4737 1064 4807 τυραννικώτερον
1095 4737 1190 4789 καὶ
1215 4737 1621 4806 φανταζόμενος
1651 4739 1750 4809 τὴν
1788 4738 1887 4809 βας

2068 3447 2179 3502 llac
2206 3450 2385 3519 praeda
2419 3450 2781 3518 locupletatus
2807 3449 3110 3520 majoribus
3137 3449 3332 3506 deinde
3360 3449 3415 3504 in
3467 3449 3588 3504 dies

2018 3544 2326 3611 augmentis
2364 3544 2523 3598 fiebat
2558 3545 2740 3612 scipso
2773 3543 3050 3613 potentior
3085 3562 3098 3597 :
3136 3543 3299 3597 urbes
3331 3541 3586 3605 urbibus,

2003 3632 2267 3699 pecunias
2308 3633 2562 3702 pecuniis
2602 3633 2907 3704 adjungens
2960 3635 3135 3688 donec
3189 3633 3340 3688 brevi
3391 3632 3587 3686 ducalc

2001 3723 2279 3792 fastigium
2313 3724 2566 3792 adeptus,
2602 3724 2713 3776 (lux
2744 3722 3143 3793 Lougobardim
3175 3722 3449 3776 universae
3482 3735 3582 3775 no—

2002 3798 2197 3867 minari
2227 3823 2440 3880 coeptus
2479 3825 2561 3866 est
2601 3830 2616 3865 :
2656 3813 2800 3865 unde
2841 3814 3084 3865 omnittm
3126 3812 3336 3866 irritata
3382 3811 3587 3866 invidia

1998 3916 2101 3966 εει,
2137 3917 2298 3971 quam
2329 3902 2446 3970 ipse
2479 3917 2574 3971 pro
2597 3901 2757 3954 solita
2789 3910 2954 3970 atque
2980 3900 3167 3953 innata
3203 3899 3306 3954 sibi
3343 3899 3589 3969 pruden-

1997 3995 2072 4046 tia
2116 3993 2274 4048 facile
2317 3994 2596 4062 placavit;
2633 3993 2830 4062 partim
2880 3992 3295 4046 adulationibus
3339 4001 3396 4046 et
3442 3993 3587 4048 ﬁctis

1995 4086 2280 4156 obsequiis
2303 4086 2578 4139 deliuiens
2615 4083 2955 4153 polentfm'es
2984 4083 3398 4138 adversantium
3435 4084 3584 4148 sibi;

1999 4182 2196 4250 partim
2233 4180 2474 4248 plebeios
2508 4179 2743 4234 maxime
2791 4177 3042 4233 homines
3079 4177 3132 4230 in
3175 4191 3243 4232 'se
3273 4178 3586 4232 coorientes

1997 4274 2156 4327 donis
2187 4288 2250 4326 ac
2284 4271 2665 4340 largitionibus
2694 4285 2985 4324 exarmans
3016 4287 3028 4324 :
3065 4270 3342 4324 interdum
3372 4269 3464 4325 tibi
3492 4285 3583 4325 ars

1999 4383 2104 4420 non
2147 4364 2446 4427 sufficeret,
2483 4364 2588 4418 vim
2641 4363 2926 4426 adhibens,
2962 4379 3026 4418 ac
3073 4379 3196 4418 cum
3251 4365 3477 4419 armatis
3507 4362 3584 4418 ir-

1995 4471 2281 4526 rumpens,
2325 4457 2562 4524 denique
2601 4469 2818 4508 omnem
2847 4470 2954 4523 qua
3001 4471 3167 4510 manu
3204 4470 3312 4525 qua
3349 4455 3582 4512 consilio

1998 4561 2105 4599 non
2157 4543 2590 4614 Longobardiam
2652 4543 2870 4608 solum‘,
2910 4543 3005 4598 sed
3069 4544 3304 4600 vicinam
3358 4559 3580 4614 quoque

1990 4640 2419 4705 circumquaque
2451 4636 2555 4691 sibi
2603 4635 2836 4701 subjecit
2881 4637 3227 4705 lirmavitque
3260 4637 3573 4705 regionem.

1999 4727 2138 4782 llinc
2169 4727 2283 4797 jam
2321 4729 2488 4783 altius
2520 4744 2737 4798 semper
2790 4727 3000 4798 aliquid
3055 4728 3306 4799 cogitans
3351 4738 3406 4783 et
3441 4745 3582 4799 prae-

298 4824 508 4875 σιλεὶαν
532 4823 826 4893 Ῥωμαίων
854 4825 1209 4896 προφάσεως,
1231 4825 1487 4894 ὡςέφην,
1517 4828 1611 4896 τῆς
1634 4828 1772 4897 πρὸς
1799 4830 1891 4881 τὸν

2001 4833 2208 4880 sentem
2241 4824 2676 4893 magnitudinem
2721 4838 2823 4892 pro
2857 4823 3032 4892 gradu
3063 4823 3131 4878 ad
3162 4831 3437 4894 speratam
3487 4823 3585 4876 ha-

296 4915 684 4986 αὑτοκρὰτορα
719 4914 949 4986 Μιχαὴλ
1004 4915 1408 4986 συμπενθερίας
1453 4918 1884 4989 ὲπιδραξὰμενος

293 5009 388 5059 τον
413 5009 552 5077 πρὸς
594 5008 910 5079 Ῥωμαίους
941 5008 1265 5079 άνερρίπιζε
1302 5009 1562 5077 πόλεμον.
1599 5011 1886 5079 Ἔφθημεν

292 5103 407 5170 γὰρ
433 5102 744 5172 εἱρηκότες,
799 5102 885 5153 ὅτι
933 5099 1155 5170 Μιχαὴλ
1193 5102 1220 5152 ό
1261 5101 1622 5171 αὐτοκράτωρ
1652 5102 1752 5153 οὐκ
1789 5095 1888 5153 οἷδ’

291 5194 444 5255 ὅπως
473 5193 574 5264 τὴν
601 5190 701 5244 τοῦ
733 5189 1011 5262 τυράννου
1045 5189 1240 5243 τούτου
1271 5190 1549 5261 θυγατέρα
1574 5191 1799 5260 (Ἑλένη
1832 5191 1889 5244 δὲ

1996 4918 2173 4980 hens,
2230 4931 2424 4971 ausum
2483 4918 2647 4970 etiam
2715 4923 2799 4970 est
2851 4916 2917 4969 ad
2979 4916 3276 4984 imperium
3333 4915 3582 4984 aspirare

1997 5006 2392 5072 Romanorum,
2442 5007 2736 5061 occasione
2770 5014 2934 5060 tantae
2988 5009 3066 5061 rei
3119 5005 3393 5064 tentandae
3436 5003 3581 5056 unde

1998 5101 2112 5155 dixi
2149 5111 2366 5167 smupta
2409 5117 2424 5152 :
2457 5100 2712 5153 videlicet
2743 5114 2806 5152 ex
2842 5097 3104 5154 aﬂinitate
3133 5115 3298 5168 quam
3350 5095 3580 5159 Michael

2000 5193 2319 5262 imperator,
2365 5193 2554 5246 nescio
2609 5207 2718 5260 quo
2775 5207 2912 5247 usus
2965 5191 3223 5256 consilio,
3269 5203 3394 5242 cum
3453 5186 3576 5254 ipso

1374 5328 1516 5390 Car.
1551 5327 2006 5389 Dufresnii-Du
2041 5323 2262 5403 Cangii
2316 5332 2504 5387 iteite.

365 5486 477 5556 (58)
500 5485 656 5550 Δοὺξ
681 5481 1146 5556 Λοτχιϐαρδίας.
1189 5481 1442 5556 0btin_t_tit
1467 5496 1494 5534 a
1524 5477 1751 5556 Siculae
1781 5475 1887 5556 PP.

294 5559 455 5612 ducis
506 5559 738 5612 titulum

293 5639 566 5683 testantur
625 5626 963 5696 Gregorius
1003 5621 1116 5696 _Vl|,
1174 5621 1281 5696 PP.

291 5700 381 5751 lib.
418 5716 542 5766 vrtt,
578 5690 772 5768 epist:
801 5696 826 5748 1
859 5711 875 5758 ;
915 5690 1580 5768 ΜοὶοιεττοΑἎ-ιὶὺρςοορ

289 5838 381 5895 lib.
408 5857 469 5896 tt.

849 5554 1080 5608 obertus
1135 5567 1281 5605 anno
1325 5551 1456 5606 Chr.
1522 5549 1686 5612 1060,
1745 5551 1892 5618 quod

1341 5623 1438 5675 lib.
1478 5637 1540 5682 Il,
1601 5622 1764 5688 epist.
1820 5618 1895 5681 9;

1589 5731 1602 5742 .
1629 5689 1702 5743 25
1731 5699 1782 5741 et
1809 5688 1901 5752 56,

291 5780 339 5821 et
387 5769 492 5825 L60
528 5759 693 5827 Ὀὲι.
757 5767 858 5820 ιιι).
894 5779 978 5826 III,
1020 5779 1140 5833 cap.
1199 5763 1306 5828 15;
1369 5759 1693 5816 Guilleitnus
1744 5759 1902 5829 Apul.

2141 5474 2324 5547 finita
2363 5475 2585 5547 synodo,
2622 5477 2912 5547 multorum
2956 5472 3108 5540 Papa
3136 5483 3328 5542 rogatu

2137 5544 2424 5600 liobertum
2457 5547 2618 5598 donat
2649 5544 2912 5599 Nicotaus
2945 5547 3140 5597 honore
3175 5545 3380 5598 ducali.

2146 5613 2250 5667 Hic
2277 5619 2527 5669 comitum
2562 5615 2706 5668 solus
2737 5631 2982 5679 concesso
3002 5615 3120 5683 iure
3149 5616 3376 5668 ducatus

2004 5684 2300 5757 233413“
2331 5686 2503 5757 ΡαρίιεΔ
2522 5686 2691 5757 {actus
2715 5688 2952 5755 juramfo
2973 5686 3091 5752 jure
3118 5685 3290 5752 ﬁdelis
3321 5699 3342 5740 .’

2156 5755 2302 5809 Unde
2332 5758 2431 5810 sibi
2464 5754 2695 5809 Calaber
2719 5754 3022 5820 concessus,
3055 5770 3101 5809 et
3131 5758 3368 5824 Appulus
3407 5759 3580 5810 omni:

2156 5825 2249 5879 Est
2283 5830 2450 5893 locus,
2487 5838 2535 5882 et
2581 5825 2733 5883 Latio
2772 5830 2964 5901 patriw
3010 5829 3304 5881 dominatio
3325 5831 3512 5897 gentis.
