4068 6264
351 367 448 429 155

1616 378 2029 440 ALEXIADIS
2071 381 2218 443 LIB.
2262 383 2307 441 Ιη

3484 378 3616 457 ’166

347 486 463 540 κατ’
509 488 697 553 αὑτὸν,
740 488 954 544 ἐκεῖνον
992 490 1096 562 γὰρ
1133 493 1259 547 ἰδεῖν
1294 511 1423 565 φησι
1477 496 1616 564 μετά
1666 499 1763 569 τὴν
1815 499 1914 553 ἀπὶ

2028 498 2217 561 sterio,
2270 497 2611 569 curiosisque
2659 502 2833 559 otiose
2882 510 3186 574 spectatum
3244 503 3421 561 oculis
3450 505 3619 577 plane

347 579 533 647 θρόνου
567 581 896 651 καθαίρεσιν
926 584 987 636 ἐν
1012 587 1077 654 τῇ
1110 584 1343 654 βασιλίδι
1392 588 1543 641 πόλει
1592 592 1751 659 φαιὸν
1781 592 1927 643 ἐνδε-

345 667 569 736 δυμένον
612 673 929 740 τριϐώνιον.
983 674 1087 726 Καὶ
1148 676 1208 729 ἐν
1268 679 1616 750 μοναστηρίῳ
1668 682 1925 748 διάγοντα

346 760 600 824 ἐπιμελὲς
632 764 1007 833 ποιησάμενος
1049 767 1108 819 τὸ
1138 768 1330 833 αὑταῖς
1367 769 1523 837 ὄψεσι
1563 772 1651 823 τὶν
1684 775 1923 825 καταϐε-

346 851 611 920 ϐλημένον
676 854 905 922 βασιλέα
955 857 1274 912 θεάσασθαι.
1325 863 1558 915 Ἔπειτα
1616 864 1923 931 προσετίθει

344 946 436 996 καὶ
470 946 632 998 τοῦτο
656 947 683 999 δ
707 953 802 1001 καὶ
833 952 976 1004 κατά
1008 952 1103 1021 τὴν
1132 952 1484 1024 ὑποστροφὴν
1517 957 1920 1023 συμπεπτωκὸς

342 1039 569 1105 ἠκηκόει
602 1058 614 1069 ·
654 1043 682 1092 6
712 1042 822 1110 γὰρ
855 1043 987 1110 ἐμὸς
1017 1044 1196 1115 πατὴρ
1238 1049 1338 1115 τῆς
1379 1046 1656 1115 βασιλείας
1698 1050 1922 1118 ἐπιδραι⁹

342 1128 595 1196 ξάμενος,
629 1132 705 1194 ὡς
761 1132 991 1204 ὕστερον
1037 1135 1398 1207 διηγήσομαι,
1426 1139 1515 1190 τὸν
1557 1139 1922 1211 Βοτανειάτην

339 1223 445 1273 τῶν
470 1222 768 1291 βασιλείων
799 1226 1047 1297 ἐξήλασε,
1080 1230 1284 1282 καὶτὸν
1317 1231 1408 1282 τοῦ
1451 1233 1628 1285 Δούκα
1685 1235 1801 1284 υἱὸν
1832 1234 1921 1286 τὸν

342 1320 813 1388 περιφανέστατον
862 1326 1271 1380 Κωνσταντῖνον
1309 1330 1513 1381 ἐκεῖνον
1567 1332 1624 1381 ὲν
1670 1334 1779 1391 τοῖς
1830 1330 1920 1397 ὑφ’

339 1404 487 1473 ἥλιον
527 1412 953 1479 προσηκάμενος
991 1415 1264 1483 μετεδίδου
1291 1412 1447 1478 αὖθις
1480 1418 1579 1486 τῆς
1616 1419 1916 1489 βασιλείας.

339 1496 507 1549 Τοῦτο
546 1502 693 1553 κα.τά
734 1503 834 1571 τὴν
877 1504 994 1555 ὁδὸν
1039 1505 1292 1574 ἀκηκοὼς
1326 1507 1354 1558 ὁ
1393 1505 1587 1560 Ῥαοὺλ
1623 1513 1703 1571 εἰς
1744 1510 1920 1562 πειθὼ

339 1590 631 1644 καὶταῦτα
665 1597 934 1663 προσῆγε,
961 1598 1264 1665 παραλύειν
1304 1597 1649 1669 πειρώμενος
1687 1602 1784 1670 τὴν
1824 1600 1918 1654 τοῦ

339 1681 580 1763 πολέμου
612 1688 837 1753 σκευήν.
896 1688 1013 1740 Τίνι
1042 1689 1150 1758 γὰρ
1194 1690 1391 1759 δικαίῳ
1420 1693 1563 1762 λόγῳ
1599 1694 1735 1763 πρὸς
1768 1696 1922 1747 Ἀλέ-

338 1760 468 1838 ξιοῗ),
496 1776 652 1841 φησὶ,
685 1777 1074 1848 πολεμήσομεν
1100 1781 1192 1834 τοῦ
1230 1783 1587 1837 Βοτανειάτου
1613 1785 1709 1848 τὰς
1745 1788 1920 1857 ἀρχάς

334 1864 635 1928 δεδοικότος
664 1870 764 1937 τῆς
796 1870 1032 1934 ἀδικίας,
1069 1873 1161 1926 καὶ
1209 1874 1305 1945 τὴν
1356 1875 1635 1946 θυγατέρα
1671 1878 1770 1949 τὴν
1823 1879 1921 1947 σὴν

343 1959 565 2029 Ἑλένην
591 1962 700 2015 τῶν
726 1963 1051 2030 Ῥωμαϊκῶν
1086 1968 1382 2039 σκήπτρων
1408 1972 1917 2042 ἀποστερήσαντοςς

333 2055 413 2105 Τά
443 2055 553 2124 γὰρ
588 2055 724 2125 παρ’
755 2056 931 2109 ἄλλων
970 2061 1047 2119 είς
1080 2061 1229 2130 ἡμᾶς
1259 2062 1524 2132 γινόμενα
1552 2064 1652 2117 οὐκ
1699 2065 1763 2117 ἂν
1792 2064 1914 2117 ἐτέ-

344 2164 457 2215 ροις
493 2151 614 2211 τοῖς
664 2150 743 2219 μὴ
807 2152 1277 2223 προσκεκρουκὸσι
1338 2156 1480 2207 κατὰ
1519 2156 1674 2225 δίκην
1707 2157 1918 2224 ἐνέγκοι

332 2239 593 2309 πόλεμον.
630 2241 722 2312 Μὴ
756 2242 971 2311 ἔχοντος
1007 2244 1063 2296 δὲ
1103 2245 1197 2297 τοῦ
1243 2245 1483 2315 πολέμου
1534 2247 1747 2301 δικαίαν
1783 2251 1917 2320 πρό-

332 2348 519 2397 φασιν,
552 2334 623 2386 τα
664 2332 956 2402 ξύμπαντα
1000 2335 1206 2405 φροῦδα
1237 2337 1333 2390 καὶ
1359 2337 1488 2407 νῆες
1519 2339 1614 2392 καὶ
1644 2340 1785 2393 ὅπλα
1820 2341 1916 2395 καὶ

328 2422 520 2489 ἄνδρες
549 2424 648 2475 καὶ
703 2425 1028 2496 παρασκευὴ
1066 2428 1217 2480 πᾶσα
1256 2428 1704 2501 πολεμιστήριος.
1730 2432 1916 2485 Ταῦτα

333 2512 569 2582 ρηθέντα
599 2515 901 2585 ὲξώργισεν
934 2518 1026 2570 ἐπὶ
1059 2518 1217 2574 πλέον
1260 2520 1618 2591 Ῥομπέρτον,
1645 2526 1914 2596 ὲμεμήνει

331 2607 435 2674 γὰρ
464 2607 562 2659 καὶ
599 2607 797 2676 ἔμελλε
837 2609 914 2681 τῷ
945 2614 1093 2680 χεῖρε
1125 2611 1301 2683 τούτῳ
1335 2614 1644 2672 ἐπιϐαλεῖν.
1678 2619 1773 2671 Ἐκ
1812 2618 1911 2671 θα-

328 2698 485 2768 τέρου
539 2700 597 2752 δὲ
650 2703 744 2754 καὶ
794 2703 822 2754 6
881 2705 1269 2775 πεπλασμένος
1329 2706 1538 2771 ἐκεῖνος
1569 2708 1773 2771 δοῦκας
1818 2711 1914 2765 καὶ

330 2792 759 2861 ψευδοόασιλεὺς
796 2795 1017 2865 Μιχαὴλ
1048 2796 1107 2849 δν
1129 2797 1225 2849 καὶ
1270 2796 1578 2871 Ῥαίκτωρα
1619 2800 1913 2870 ὠνομάκα-

334 2901 430 2951 μεν
482 2885 803 2953 ὲσχετλίαζέ
857 2904 916 2939 τε
958 2889 1052 2941 καὶ
1112 2887 1421 2960 ἐδυσφόρει,
1473 2893 1567 2946 καὶ
1613 2894 1715 2946 οὐκ
1768 2890 1913 2965 εἶχεν

330 2974 474 3038 ὅπως
534 2978 805 3048 κατάσχοι
836 2979 937 3050 τὴν
983 2980 1156 3049 ὀργὴν
1193 2980 1336 3036 οὕτω
1384 2984 1572 3052 σαφῶς
1624 2986 1911 3056 ἐξελεγχό-

332 3085 488 3136 μενος
520 3069 597 3133 ὡς
637 3072 739 3124 οὐκ
774 3070 860 3141 εἴη
924 3072 1178 3140 βασιλεὺς
1207 3075 1415 3139 ἐκεῖνος
1454 3078 1481 3129 6
1510 3078 1731 3145 δοῦκας,
1774 3079 1912 3133 ἀλλά

2032 589 2368 655 comperisse
2426 590 2576 643 illum
2628 610 2749 650 esse
2798 596 2975 666 ipsum
3023 596 3116 665 qui
3146 611 3322 666 nuper
3353 611 3617 667 possesso

2030 680 2259 749 imperio
2329 686 2551 742 excidit.
2609 687 2812 742 Deinde
2861 688 3145 758 snhjttngit
3220 691 3270 742 id
3298 691 3440 757 quod
3491 701 3614 759 post

2029 789 2187 827 suum
2228 791 2290 829 ex
2346 777 2482 831 urbe
2529 778 2831 833 discessum
2870 782 3030 835 modo
3077 789 3289 851 gestum
3341 782 3614 844 audierat,

2028 867 2155 919 dum
2186 870 2236 921 in
2275 869 2465 924 itinere
2500 872 2563 924 ad
2594 873 2830 925 reditum
2868 880 3056 927 esset:
3117 871 3366 926 Alexiutu
3424 889 3617 942 nempe

2027 975 2330 1029 occupasse
2380 963 2671 1030 imperium
2730 965 2905 1032 ejecto
2945 964 3228 1018 Botaniate
3281 966 3469 1034 (quol
3515 983 3617 1023 nos

2027 1065 2212 1121 postea
2275 1057 2660 1127 narrabimus)
2706 1056 3240 1123 Constantinutnque
3302 1057 3616 1112 illustrissi-

2027 1160 2172 1197 mum
2202 1147 2348 1199 illum
2381 1148 2622 1201 omnium
2649 1164 2787 1217 quos
2816 1151 2894 1201 sol
2930 1152 3121 1218 aspicit
3146 1150 3422 1205 Michaelis
3451 1152 3612 1207 Dttca:

2028 1237 2196 1288 tilium
2236 1250 2488 1290 evectum
2522 1254 2588 1291 ex
2627 1241 2811 1307 priore
2853 1238 3070 1291 fortuna
3104 1242 3266 1309 regiis
3306 1242 3613 1313 insignibus

2025 1328 2206 1381 denuo
2246 1330 2664 1383 cohonestatum
2704 1330 2931 1398 imperio
2988 1332 3318 1386 reddidisse.
3382 1334 3455 1386 Ex
3490 1335 3613 1402 qui-

2028 1419 2130 1473 bus
2162 1422 2241 1474 sic
2272 1422 2564 1490 colligebat
2593 1421 2765 1476 llaul:
2804 1424 3026 1477 Minime
3064 1425 3231 1479 videri
3256 1428 3462 1494 justam
3493 1445 3615 1484 esse

2029 1509 2265 1564 Roberto
2292 1513 2415 1565 belli
2440 1529 2661 1567 causam
2695 1517 2744 1567 itt
2772 1517 3021 1571 Alexium
3049 1519 3119 1572 ob
3155 1518 3411 1586 ittjuriam
3448 1536 3612 1590 quam

2028 1600 2342 1657 Botaniates
2375 1606 2575 1657 intulit.
2611 1604 2912 1661 Botaniatis
2944 1610 3085 1660 cnim
3118 1609 3367 1677 profecto
3399 1613 3612 1666 crimen

2028 1709 2150 1747 esse
2206 1695 2493 1763 impeditas
2525 1694 2748 1750 Helenae
2806 1699 3051 1766 nuptias,
3106 1708 3159 1753 et
3200 1702 3611 1757 abdicationem

2027 1787 2415 1841 Constantini:
2452 1804 2573 1858 quae
2598 1791 2873 1857 quomodo
2900 1791 3048 1859 juste
3082 1791 3342 1859 imputari
3382 1794 3615 1850 Conme-

2026 1892 2098 1931 no
2144 1890 2350 1947 queant
2385 1894 2577 1933 eorum
2622 1880 2786 1932 ultori
2812 1890 2866 1934 et
2920 1882 3251 1945 restitutori,
3285 1892 3393 1935 n0n
3438 1898 3611 1954 appa-

2026 1985 2168 2025 rere.
2205 1971 2377 2024 Porro
2410 1972 2455 2026 si
2484 1971 2627 2025 bello
2657 1987 2825 2026 causa
2856 1973 3002 2041 justa
3036 1987 3145 2025 non
3204 1973 3383 2027 subsit
3418 1989 3612 2043 parum

2024 2060 2267 2130 praesidii
2319 2076 2383 2115 ac
2428 2063 2542 2130 spei
2609 2065 2924 2133 ponendum
2977 2065 3031 2118 in
3092 2067 3353 2132 navibus,
3422 2068 3611 2132 armis,

2024 2153 2179 2219 viris,
2213 2161 2519 2222 caateroque
2547 2156 2697 2208 omni
2728 2164 2991 2225 apparatu
3026 2158 3244 2212 bellico.
3275 2157 3398 2212 Haec
3436 2160 3616 2215 disse-

2023 2246 2177 2299 rebat
2211 2245 2345 2299 Raul
2379 2255 2532 2301 tanto
2557 2247 2751 2301 dolore
2789 2248 3016 2302 liobcrti
3054 2259 3113 2302 ut
3146 2250 3235 2304 vix
3271 2251 3513 2306 furorem
3545 2267 3611 2306 ac

2022 2351 2219 2391 manus
2247 2352 2279 2392 a
2322 2338 2500 2408 legato
2537 2339 2666 2393 dum
2710 2341 3236 2410 diceret'pulsando
3278 2344 3611 2398 contineret.

2021 2427 2157 2483 Cum
2193 2440 2374 2484 autem
2418 2438 2566 2486 esset
2609 2442 2873 2501 praeterea
2908 2434 3139 2487 fraterni
3170 2450 3391 2505 quoque
3427 2445 3613 2489 trans-

2021 2520 2154 2590 fugii
2194 2522 2415 2577 nomine
2467 2521 2705 2577 Roberto
2759 2535 3049 2594 suspectus
3096 2524 3280 2597 Raul(
3338 2543 3461 2581 nam
3488 2527 3609 2597 ejus

2020 2627 2318 2682 germanus
2367 2612 2639 2683 Rogerius
2682 2616 2824 2668 ultro
2850 2617 2915 2671 ad
2957 2618 3608 2689 Constantinopolitanos

2019 2703 2321 2758 indicatum
2354 2704 2420 2758 de
2465 2705 2594 2758 belli
2620 2707 2853 2761 consilio
2881 2716 3046 2777 atque
3078 2717 3343 2778 apparatu
3378 2710 3611 2764 transic—

2019 2794 2162 2864 rat),
2212 2796 2443 2850 collecta
2471 2797 2526 2849 in
2558 2812 2729 2851 unum
2760 2808 2975 2868 tempus
3029 2799 3231 2853 invidia
3281 2800 3605 2856 oﬁensionis

2018 2887 2246 2953 geminae
2275 2893 2565 2957 tyrannum
2609 2888 2729 2957 plus
2787 2888 2961 2941 nimio
3014 2889 3331 2943 irritabilem
3377 2902 3442 2944 eo
3479 2906 3606 2959 per-

2022 2977 2163 3046 pulit
2197 2986 2254 3029 ut
2285 2977 2451 3032 etiam
2489 2994 2677 3033 necem
2714 2977 2871 3031 Bauli
2913 2980 3251 3034 minaretur:
3285 2997 3349 3035 ex
3378 2996 3488 3051 quo
3513 2982 3603 3036 ille

2021 3067 2311 3138 intelt‘gens
2364 3079 2571 3138 quanto
2599 3070 2653 3124 in
2687 3071 2930 3138 periculo
2952 3082 3285 3135 versaretur,
3336 3073 3479 3127 haud
3515 3089 3605 3128 se-

328 3161 795 3227 ψευδεπίπλαστος
842 3163 1116 3233 βασιλεύς.
1164 3167 1258 3219 ’Ὡν
1301 3167 1358 3220 δὲ
1401 3168 1494 3221 καὶ
1527 3169 1704 3234 άλλως
1739 3169 1911 3240 ἐξωρ-

2020 3159 2108 3225 gni
2132 3156 2261 3228 fuga
2287 3173 2347 3213 se
2378 3160 2432 3211 in
2461 3159 2751 3213 Baimundi
2804 3160 3150 3224 comitatum,
3209 3160 3468 3214 idoneum
3506 3161 3605 3216 tali

328 3266 361 3317 γ
386 3251 579 3320 σμένος
618 3255 647 3306 6
672 3253 936 3321 τύραννος
976 3258 1119 3311 κατὰ
1169 3256 1262 3311 τοῦ
1298 3258 1493 3314 Ῥαοὺλ
1530 3263 1626 3315 τοῦ
1671 3262 1908 3332 ἀδελφοῦ

340 3340 567 3414 Ῥογέρη
648 3347 787 3417 πρὸς
872 3349 1182 3419 Ῥωμαίους
1241 3352 1756 3425 αὐτομολήσαντος,
1819 3358 1917 3409 καὶ

327 3433 802 3506 διαμεμηνυκότος
834 3438 1049 3493 ἅπαντα
1083 3441 1151 3494 τά
1183 3444 1326 3496 κατὰ
1364 3445 1456 3498 τὸν
1487 3446 1907 3516 παρασκευαζό-

331 3544 485 3595 μενον
519 3530 775 3599 πόλεμον,
804 3530 1079 3603 ἠϐουλήθη
1111 3535 1282 3587 κακόν
1303 3552 1354 3588 τι
1378 3535 1584 3605 δράσας
1607 3537 1681 3605 τῷ
1719 3538 1915 3592 Ῥαοὺλ

329 3620 414 3671 τῦν
458 3622 777 3689 παραυτίκα
809 3623 1038 3677 θάνατον
1090 3625 1416 3697 ἀπειλήσας.
1459 3626 1518 3681 '0
1550 3629 1608 3681 δὲ
1660 3629 1913 3700 μηδόλως

328 3712 458 3779 πρὸς
496 3712 596 3784 τὴν
626 3713 810 3785 φυγὴν
837 3716 1248 3789 ἐρρᾳθυμηκὼς
1273 3719 1412 3789 πρὸς
1444 3719 1537 3773 τὸν
1568 3721 1907 3791 Βαῖμοῦντον

328 3802 731 3872 ἐδραπέτευσεν
755 3806 947 3877 ὥσπερ
974 3824 1026 3860 τι
1073 3809 1459 3879 κρησφύγετον
1498 3813 1563 3865 ἐκ
1597 3811 1692 3865 τοῦ
1726 3812 1912 3881 σχεδὸν

330 3898 489 3949 αὐτον
536 3898 934 3968 ἔφευράμενος.
984 3899 1314 3971 Ἐτραγῴδει
1346 3903 1404 3956 δὲ
1450 3902 1546 3957 καὶ⁵
1575 3905 1604 3956 6
1638 3902 1910 3974 Ῥαίκτωρ

328 3988 421 4050 τὰς
474 3988 966 4058 παλαμναιοτάτας
1009 3991 1238 4055 ἀπειλὰς
1279 3992 1527 4063 τάδελφῷ
1570 3992 1664 4046 τοῦ
1720 3994 1913 4048 Ῥαούλ

329 4079 403 4147 τῷ
466 4080 602 4151 πρὸς
676 4080 985 4150 Ῥωμαίους
1053 4083 1492 4154 αὐτομολήσαντι
1568 4083 1784 4154 μεγάλα
1850 4101 1911 4139 τε

331 4162 615 4242 κεκραγὼς
674 4175 770 4227 καὶ
809 4175 900 4227 τὸν
955 4179 1129 4245 μηρὸν
1184 4179 1249 4247 τῇ
1305 4176 1458 4249 δεξιᾷ
1513 4177 1768 4248 πλήττων
1816 4180 1912 4232 καὶ

330 4264 710 4335 ἐξαιτούμενος
767 4266 859 4318 τὸν
915 4267 1254 4337 Ῥομπέρτον
1304 4269 1399 4322 καὶ⁵
1454 4269 1630 4335 λέγων
1661 4267 1721 4322 ἓν
1751 4268 1910 4323 τοῦτο

331 4359 417 4410 καὶ
464 4358 627 4428 μόνον
666 4358 805 4410 αἰτῶ
845 4358 922 4419 ὡς
974 4357 1035 4411 Εἰ
1062 4359 1158 4429 τῆς
1191 4359 1476 4429 βασιλείας
1511 4360 1911 4432 ὲπιδραξοίμην

332 4452 418 4502 καὶ
450 4449 903 4518 ἀποκαταστλίην
938 4452 1049 4511 τοῖς
1082 4451 1295 4521 θρόνοις
1322 4450 1662 4523 παραδοῦναί
1696 4469 1786 4522 μοι
1818 4454 1909 4505 τὸν

2022 3257 2268 3317 tempore
2311 3250 2547 3318 asylum,
2616 3250 2906 3318 proripuit.
2953 3249 3425 3305 Pseudo—Michael
3474 3266 3605 3305 vero

2021 3339 2233 3393 [hector
2266 3340 2574 3394 monachus
2604 3339 2925 3393 incredibile
2952 3349 3035 3394 est
3075 3351 3279 3409 quanta
3309 3357 3433 3395 cutn
3457 3341 3605 3396 indi-

2018 3430 2277 3499 gnatione
2337 3431 2526 3483 tulerit
2602 3431 2776 3496 palam
2830 3430 3233 3497 deprehensum
3285 3432 3604 3488 testimonio

2017 3520 2209 3576 Raulis
2260 3520 2801 3591 itnpudentissimum
2832 3537 2993 3575 suum
3035 3522 3275 3592 plagium
3306 3540 3319 3576 :
3356 3524 3603 3578 instabat

2016 3628 2148 3683 ergo
2212 3613 2675 3683 impotentissime
2714 3613 2859 3681 apud
2946 3610 3272 3678 Robertnm,
3335 3612 3515 3665 oleum
3546 3612 3601 3664 in

2015 3707 2291 3761 ﬂammam
2335 3708 2581 3770 mittens,
2620 3705 2742 3773 ejus
2773 3704 2829 3756 in
2869 3701 3099 3757 Raulem
3137 3703 3436 3757 iracundiae
3466 3718 3604 3772 quc-

2014 3800 2144 3854 relis
2173 3797 2645 3852 artiﬁciosissimis
2694 3795 2975 3865 augendae.
3030 3794 3089 3847 In
3144 3793 3435 3863 Rogerium
3467 3809 3604 3848 vero

2018 3890 2366 3959 transfugam
2417 3886 2718 3942 violentius
2751 3896 3083 3949 commotus,
3118 3886 3601 3956 perturbatissima

2015 3997 2152 4038 voce
2212 3979 2505 4046 clamabat,
2557 3979 2735 4032 femur
2786 3977 2949 4032 simul
3026 3978 3378 4048 percutiens,
3432 3980 3599 4033 etiam

2018 4088 2078 4129 se
2110 4082 2272 4143 atque
2298 4070 2465 4126 etiam
2508 4070 2560 4123 id
2604 4084 2775 4125 unum
2807 4084 2837 4123 a
2875 4069 3112 4124 Roberto
3151 4080 3353 4137 petere,
3389 4079 3447 4122 ut
3474 4083 3601 4123 cum

2014 4167 2253 4237 primum
2291 4166 2344 4219 in
2376 4180 2535 4221 suum
2567 4180 2623 4219 se
2663 4164 2920 4218 thronum
2966 4174 3128 4232 atque
3178 4161 3468 4231 imperium
3511 4177 3602 4217 re-

2017 4261 2277 4325 tituisset,
2305 4258 2529 4313 dederet
2550 4256 2653 4311 sibi
2681 4254 3001 4323 Rogerittm,
3031 4262 3145 4307 tum
3171 4254 3316 4309 enim
3340 4252 3446 4307 nisi
3471 4267 3598 4308 eum

2015 4351 2307 4407 confestim
2362 4350 2417 4403 in
2466 4349 2644 4403 media
2695 4348 3175 4417 Constantinopoli
3208 4348 3317 4401 alto
3352 4346 3601 4416 patibulo

2015 4444 2233 4497 afl‘txum
2265 4442 2535 4497 horrenda
2576 4457 2710 4497 nece
2743 4440 3242 4495 contrucidandum
3286 4436 3463 4503 daret,
3501 4453 3601 4509 op-

344 4538 625 4608 Ῥογὲρην,
654 4538 748 4590 καὶ
779 4539 828 4589 εἰ
857 4537 935 4609 μὴ
970 4540 1160 4592 τοῦτον
1185 4540 1441 4610 οἰκτίστῳ
1474 4540 1690 4608 Θανάτῳ
1728 4559 1905 4612 παραυ

2020 4543 2134 4590 tare
2158 4551 2218 4589 se
2260 4535 2406 4589 ultro
2441 4535 2660 4603 quidvis
2690 4531 2959 4587 malorum
2997 4547 3026 4585 a
3060 4531 3170 4586 Deo
3200 4532 3435 4601 perpeti.
3468 4530 3600 4584 Mitti

333 4630 471 4699 δοίην
522 4632 725 4683 αὐτίκα
757 4633 813 4683 ἐν
848 4631 993 4702 μέσῃ
1023 4634 1086 4701 τῇ
1127 4632 1279 4684 πδλει
1311 4633 1748 4702 ἀνασταυρώσας
1780 4635 1906 4686 τάδε

334 4725 417 4774 καὶ
478 4722 608 4776 τάδε
672 4724 938 4790 πείσομαι
972 4724 1033 4773 ἐκ
1087 4722 1245 4777 Θεοῦ.
1316 4723 1478 4776 Ἀλλά
1543 4724 1748 4793 μεταξὺ
1803 4725 1909 4779 τῶν

332 4813 635 4883 διηγήσεων
676 4813 887 4867 τούτων
942 4814 1106 4886 γελᾷν
1161 4815 1345 4867 ἔπεισί
1401 4832 1492 4885 μοι
1542 4817 1670 4880 τοὺς
1710 4817 1909 4889 ἄνδρας

330 4909 547 4967 τούτους
607 4907 703 4960 καὶ
760 4906 863 4975 τῆς
916 4908 1175 4968 ἀπονοίας
1233 4909 1326 4960 καὶ
1385 4909 1481 4978 τῆς
1543 4909 1902 4981 κουφότητος,

334 4999 529 5065 μᾶλλον
562 5000 620 5052 δὲ
654 5000 754 5065 τῆς
786 4997 907 5051 κατ’
942 4998 1189 5077 ἀλλήλων
1219 4999 1557 5063 ἀλαζονείας.
1582 5002 1642 5053 '0
1673 5001 1770 5071 μὲν
1800 5003 1910 5075 γάρ

329 5106 405 5140 τοι
439 5088 789 5158 Ῥομπέρτος
824 5087 1099 5157 πρόφασιν
1131 5080 1246 5156 εἶχε
1292 5088 1384 5140 τὸν
1442 5089 1739 5144 ἀπατεῶνα
1781 5092 1908 5144 τοῦ·

328 5200 413 5234 τον
456 5185 552 5235 καὶ
599 5181 801 5249 δέλεαρ
843 5180 937 5232 καὶ
981 5174 1091 5232 οἷόν
1114 5197 1168 5231 τι
1200 5180 1497 5250 πρόσχημα
1526 5181 1620 5234 τοῦ
1664 5199 1911 5252 συμπεν-

329 5274 505 5342 θὲρου,
564 5272 662 5327 καὶ
712 5270 1020 5341 βασιλέως,
1069 5274 1165 5323 καὶ⁵
1223 5270 1485 5325 διεδείκνυ
1540 5272 1730 5326 τοῦτον
1789 5278 1910 5335 ταῖς

326 5366 531 5429 πόλεσι,
572 5363 674 5417 καὶ
732 5361 873 5432 πρὸς
932 5361 1271 5415 ἀποστασίαν
1332 5364 1540 5433 ἐπῆρεν
1595 5365 1681 5432 ἐφ’
1716 5364 1809 5429 οὓς
1843 5366 1910 5421 ἂν

326 5457 688 5525 παραγένοιτο
745 5452 848 5503 καὶ
898 5451 1221 5518 συμπείθειν
1274 5451 1532 5522 ἠδύνατο,
1568 5453 1626 5504 ἐν
1660 5452 1737 5524 νῷ
1767 5452 1908 5522 ἔχων

323 5549 503 5619 ἐπειδὴ
559 5545 713 5600 κατά
772 5542 907 5615 ῥοῦν
940 5543 1088 5614 αὺτῷ
1140 5547 1208 5596 τὰ
1248 5543 1343 5597 τοῦ
1386 5544 1626 5614 πολέμου
1676 5547 1772 5599 καί
1812 5546 1912 5617 τῆς

321 5645 481 5715 τύχης
514 5639 773 5701 ἐπέλθοι,
813 5637 909 5687 ἐπὶ
937 5636 1029 5689 τοῦ
1054 5638 1330 5707 τραχήλου
1369 5636 1610 5701 ῥαπίσας
1654 5637 1912 5707 ἀποπέμ-

318 5735 409 5803 ψαι
442 5738 542 5789 σὺν
586 5732 797 5801 γέλωτι
828 5743 843 5758 ·
884 5727 1021 5796 μετά
1050 5728 1160 5797 γὰρ
1207 5726 1304 5798 τὴν
1334 5728 1508 5798 θήραν
1540 5728 1910 5793 καταγελᾶται

320 5832 373 5883 τὸ
412 5831 629 5901 δέὶωρ,
690 5824 752 5877 Ὀ
789 5821 851 5875 δὲ
898 5822 989 5874 καὶ
1038 5822 1201 5886 αὐτὸς
1253 5822 1470 5877 ἐλπίσιν
1518 5823 1910 5893 ἠπατημέναις

2017 4639 2145 4680 vero
2199 4623 2315 4679 haec
2363 4623 2469 4693 37
2507 4627 2653 4677 serio
2711 4622 2957 4676 narranti
3013 4623 3391 4692 scribentique
3451 4622 3602 4677 risus

2015 4718 2286 4773 oboritur.
2327 4718 2412 4770 An
2462 4716 2606 4771 enim
2640 4730 2831 4784 parum
2885 4715 3031 4768 salsa
3074 4730 3162 4769 res
3189 4714 3405 4768 videtur
3435 4713 3601 4768 levis-

2015 4811 2141 4867 simi
2189 4810 2473 4880 utriusque
2506 4810 2701 4880 capitis
2756 4810 3050 4866 vaferrima
3110 4810 3163 4862 in
3205 4807 3306 4861 sibi
3366 4805 3599 4860 invicem

2014 4902 2287 4957 illudendc
2354 4902 2716 4957 constantia?
2768 4912 2831 4957 ut
2874 4917 2996 4956 cum
3052 4898 3328 4953 Robertus
3378 4896 3605 4964 quidem

2015 4995 2279 5065 prazclare
2327 4993 2494 5049 sciret
2518 4993 2711 5062 quanti
2743 4994 2963 5049 demum
2986 4990 3212 5046 deberet
3263 5003 3391 5043 esse
3422 4988 3595 5054 itnpe'

2014 5096 2167 5141 ratur
2197 5086 2452 5141 scenictts
2519 5100 2585 5139 ex
2625 5085 2874 5140 mendaci
2924 5083 3215 5145 monacho,
3250 5088 3427 5134 tamen
3464 5092 3593 5131 eum

2015 5180 2176 5232 talem
2206 5178 2437 5249 Augusti
2467 5178 2588 5232 loco
2611 5177 2835 5233 haberet
2855 5186 3021 5246 atque
3051 5171 3337 5228 consoceri
3363 5170 3595 5223 coleret-

2017 5284 2125 5339 que
2171 5267 2463 5322 ambitiose
2520 5276 2685 5338 atque
2723 5276 3026 5322 ostentaret
3059 5264 3311 5321 urbibus.
3355 5274 3494 5325 quas
3525 5258 3596 5311 ab

2018 5360 2348 5426 imperatore
2373 5357 2647 5411 abducere
2681 5356 3030 5419 moliebatur,
3063 5357 3209 5407 hunc
3236 5365 3420 5404 verum
3444 5350 3598 5416 ipso-

2017 5465 2137 5505 rum
2170 5446 2471 5518 priucipem
2505 5449 2794 5515 mentiens,
2828 5462 3003 5516 eoque
3034 5456 3291 5514 tanquam
3339 5441 3597 5497 illecebta

2020 5554 2179 5597 utens
2223 5540 2289 5594 ad
2322 5538 2625 5609 captandas
2656 5539 2894 5603 animos,
2927 5553 3090 5608 quem
3124 5544 3334 5590 certum
3370 5536 3596 5588 haberet

2018 5634 2182 5689 simul
2240 5640 2402 5702 atque
2454 5639 2827 5701 perpetrassct
2875 5633 3020 5702 quod
3048 5630 3421 5685 destinaverat
3469 5642 3594 5682 cum

2019 5726 2255 5782 ludibrio
2285 5727 2352 5779 ab
2393 5740 2451 5780 se
2508 5726 2790 5794 repellere,
2825 5727 2984 5796 plane
3016 5734 3334 5794 utaucupes
3376 5730 3472 5777 aut
3512 5721 3597 5789 pi-

2019 5829 2265 5876 scatores
2284 5818 2464 5890 praeda
2489 5829 2668 5891 capta,
2697 5835 2880 5879 escam
2905 5835 3070 5892 quam
3110 5819 3285 5874 hamis
3304 5817 3595 5871 induerant
