4068 6266
349 364 432 429 183
1531 372 1889 432 Αιεχιλῡῐ

2005 377 2128 439 ΑΒ.
2184 379 2267 439 Π.

3444 378 3551 444 186

347 480 447 530 πεῖν
481 478 582 546 τὴν
622 478 1028 549 αὐτοκράτορος
1061 479 1306 545 ἐξουσίαν
1349 482 1427 552 τῷ
1474 484 1570 551 τῆς
1615 485 1881 555 βασιλίδος

2008 497 2133 543 ante
2166 492 2369 545 certius
2400 501 2682 554 assereret;
2704 508 2812 547 rem
2850 494 2913 547 ad
2949 492 3169 547 salutem
3194 506 3258 546 ac
3284 492 3552 545 securita-

348 569 429 636 υἱῷ
456 570 860 641 κωνσταντίνῳ
882 572 1223 630 καταλιπεῖν,
1255 574 1348 626 καί
1376 573 1449 633 ὡς
1474 572 1584 627 οἷόν
1618 594 1739 629 τινα
1767 577 1897 645 κλῆ-

350 678 426 730 ρον
480 663 616 729 πρὸς
665 662 894 714 πάππου
948 665 1040 716 καὶ
1079 666 1283 731 πατρὶς
1318 666 1466 734 αύτῷ
1514 666 1896 735 διαφέρουσαν,

348 752 428 803 καί
463 752 565 818 τὴν
596 751 847 819 βασιλίδα
904 755 1099 822 μᾶλλον
1127 757 1213 809 διὰ
1260 756 1417 809 τοῦτο
1452 757 1539 808 ἐπ’
1570 758 1715 826 αὐτῷ
1764 759 1892 828 θαῤ-

348 844 469 907 ῥεῖν,
503 842 600 893 καί⁵
647 843 710 894 τὸ
759 842 948 896 εὔνουν
979 844 1232 908 ὲπαύξειν
1269 847 1335 910 ⁸⁸,
1385 847 1610 915 λέληθεν
1658 849 1898 902 ὲαυτδνὸ

347 931 600 1000 γηραλέος
634 932 801 985 ἄδικά
842 950 898 984 τε
936 934 1029 986 καί.
1070 934 1361 1004 ἀξύμφορα
1411 936 1895 1003 διασκοπούμενος,

346 1024 427 1072 rei
478 1023 579 1089 τῆς
632 1022 755 1054 ⁸⁷’⁶⁹
813 1023 1006 1076 ἑαυτοῦ
1074 1026 1319 1091 κεφαλῆς
1375 1028 1671 1080 τεκταίνων
1731 1030 1894 1083 κακά.

347 1111 552 1163 Τούτων
604 1113 1151 1182 ύποψιθυριζομένων
1200 1117 1394 1185 ᾔσθετο
1449 1119 1481 1187 ή
1539 1118 1747 1186 βασιλὶς
1805 1119 1897 1171 καί.

343 1204 630 1268 περίλυπος
664 1201 753 1275 ἦν,
793 1206 884 1256 τὸν
914 1205 1006 1258 τοῦ
1034 1208 1226 1269 παιδὸς
1258 1207 1499 1260 κίνδυνον
1529 1188 1891 1280 ὑφορωμένη·

344 1295 426 1345 καὶ
454 1290 522 1362 ἦν
553 1295 846 1362 ἀθυμοῦσα
878 1295 996 1363 μὲν,
1024 1296 1197 1349 οὐδενί
1238 1296 1293 1348 δὲ
1322 1298 1418 1364 τὴν
1441 1297 1615 1367 λύπην
1642 1299 1896 1367 ὲξορχο-ι-

344 1386 492 1453 μένη.
534 1386 708 1438 Τοῦτο
758 1386 885 1448 τοὺς
932 1388 1250 1455 Κομνηνοὺς
1281 1387 1341 1438 ού
1384 1388 1647 1441 διέλαθεν.
1695 1389 1897 1439 Εὔκαι-

343 1478 456 1545 pinv
483 1477 576 1530 οὖν
611 1479 679 1545 ἢν
702 1477 928 1539 ἐζήτουν
975 1478 1285 1547 εὑρηκότες,
1338 1482 1401 1549 τῇ
1444 1479 1674 1547 βασιλίδι
1728 1495 1894 1546 προσ-

337 1571 509 1624 ελθεῖν
574 1571 981 1624 ἐϐουλεύσαντο.
1015 1572 1123 1639 Τῆς
1183 1572 1238 1624 δὲ
1294 1572 1428 1640 πρὸς
1474 1571 1643 1640 αὐτὴν
1686 1571 1900 1639 ὁμιλίας

339 1661 431 1727 τὴν
482 1660 762 1728 καταρχὴν
820 1661 851 1728 ἡ
908 1662 1085 1728 μήτηρ
1139 1660 1214 1729 τῷ
1293 1661 1545 1729 ’ῐσαακίῳ
1593 1660 1895 1730 ἐπέτρεψε,

337 1750 717 1820 συμπαρόντος
739 1750 886 1819 αὐτῷ
908 1749 954 1801 τ’
978 1750 1204 1817 ἀδελφοῦ
1240 1750 1501 1813 Ἀλεξίου.
1518 1750 1638 1802 Τῶν
1659 1751 1715 1801 δὲ
1734 1766 1898 1818 προσ·

335 1840 594 1892 ιλθόντων
646 1842 713 1909 τῇ
759 1838 986 1908 βασιλίδι
1029 1842 1056 1892 ὁ
1119 1839 1383 1900 Ἰσαάκιός
1435 1855 1567 1908 φησι
1607 1839 1742 1909 πρὸς
1795 1839 1896 1889 αὑ-
1931 1848 1955 1857 '

334 1934 472 2000 τήν·
504 1931 620 1996 Οὐχ
672 1930 745 1991 ὡς
780 1930 907 1998 χθὲς
952 1931 1043 1983 καί
1076 1930 1344 2000 πρότριτα
1394 1931 1610 2000 ὁρῶμέν
1668 1948 1746 1993 σε,
1804 1930 1895 1981 δέ-

339 2039 555 2088 σποινα,
582 2023 836 2091 ἔχουσαν,
864 2021 979 2074 ἀλλ’
1013 2021 1087 2085 ὡς
1120 2023 1226 2075 ὑπὸ
1263 2023 1540 2092 λογισμῶν
1578 2025 1894 2093 ἀνεκνρόρων

336 2112 677 2181 δακνομένην
702 2114 797 2165 καὶ
831 2113 1228 2181 σκεπτομένην,
1262 2113 1337 2175 ὡς
1375 2114 1449 2183 μὴ
1487 2114 1707 2185 θαρῥείν
1745 2114 1896 2183 ἔχου-

337 2221 430 2257 σαν
458 2203 600 2273 πρὸς
634 2202 692 2255 ὃν
739 2201 1141 2270 ἀνακαλύψειας
1170 2203 1215 2236 δ’
1249 2203 1309 2257 τὸ
1354 2205 1685 2275 ἀπόρρητον.
1730 2206 1792 2258 Ἢ
1840 2206 1895 2259 δὲ

337 2294 468 2355 τέως
503 2294 600 2363 μὲν
628 2292 914 2361 ἐμφαίνειν
950 2293 1048 2345 οὐκ
1081 2293 1261 2362 ἦθελε.
1304 2293 1498 2348 Πύθιον
1525 2294 1587 2358 ,δέ
1622 2312 1673 2346 τι
1710 2296 1898 2347 στενά-

340 2384 500 2448 ξασα.
530 2383 606 2434 Ού
634 2383 763 2451 χρὴ,
791 2381 946 2451 φησὶ,
985 2384 1106 2442 τοὺς
1134 2381 1421 2450 ἀλλοτρίαν
1456 2381 1739 2443 οἰκοῦντας
1769 2383 1899 2435 ὲπε-

339 2475 539 2544 ρωτᾷν,
566 2473 701 2527 αὐτὸ
729 2471 835 2544 γάρ
854 2473 1010 2525 τοῦτο
1040 2474 1118 2535 εἰς
1144 2473 1321 2539 λύπην
1349 2473 1532 2536 αὐτοῖς
1579 2475 1645 2536 άξ
1670 2474 1896 2543 όχρεων.

348 2566 473 2635 Ἐμὲ
512 2566 593 2631 δὲ,
636 2564 736 2634 φεῦ
764 2565 777 2617 ι
805 2562 893 2617 οἶα
918 2566 975 2629 ἐξ
1018 2563 1144 2618 οἴων
1172 2563 1443 2628 διεδέξατο
1479 2567 1570 2617 καὶ
1596 2566 1754 2619 ὁποῖά
1784 2584 1896 2634 μοι,

336 2657 406 2721 ὡς
434 2656 607 2721 ἔοικε,
650 2655 769 2724 μετ’
797 2655 860 2708 ού
900 2655 1032 2708 πολὺ
1059 2656 1378 2725 ταμιεύεται
1402 2658 1414 2710 !
1442 2658 1504 2710 Οἰ
1544 2657 1601 2709 δὲ
1629 2658 1903 2711 ἀποστάν-

338 2765 427 2811 τες
458 2748 636 2801 πλείω
672 2748 769 2814 μὲν
830 2747 1053 2817 ῥήματα
1086 2748 1144 2800 ού
1197 2748 1558 2817 προσέθεντο·
1605 2750 1661 2810 ἐς
1713 2752 1817 2815 γῆν
1844 2748 1900 2801 δὲ

337 2838 460 2898 τοὺς
511 2834 826 2903 ὀφθαλμοὺς
882 2835 1279 2903 ἐπερείσαντες,
1326 2834 1420 2888 καὶ
1464 2836 1901 2906 περιστείλαντες

341 2926 511 2995 ἄμφω
539 2923 619 2977 τὼ
648 2928 818 2995 χεῖρε,
862 2924 1055 2988 σύνους
1082 2926 1128 2958 ⁵ο
1158 2926 1298 2993 πρὸς
1333 2926 1527 2996 μικρὸν
1556 2928 1899 2995 εἱστήκεσαν,

336 3013 456 3082 εἶτα
491 3020 597 3087 τὴν
650 3016 855 3086 συνήθη
911 3017 1281 3087 προσκύνησιν
1324 3019 1683 3088 ποιησάμενοι
1718 3020 1899 3071 οἴκαδε

2004 590 2107 631 lem
2143 581 2310 648 ipsius
2346 584 2527 635 utilem
2560 600 2663 636 non
2701 598 2908 650 parum.
2943 586 3130 646 Itaque
3170 583 3223 635 in
3261 599 3369 635 uno
3407 581 3553 635 facto

2002 669 2160 722 simul
2194 671 2450 737 injustus,
2484 676 2641 725 simul
2674 675 2920 726 incautus
2952 689 3137 735 senex,
3174 681 3229 723 et
3255 673 3322 726 de
3350 670 3553 740 pupillo

2002 762 2139 814 male
2192 773 2269 815 est
2327 766 2574 826 meritus,
2627 774 2679 816 et
2710 766 2809 818 s'uo
2859 768 2972 831 ipse
3029 767 3191 833 capiti
3259 764 3551 832 perniciem

2000 852 2223 903 struxit.
2275 850 2443 905 Porro
2496 854 2653 906 istius
2682 854 2892 907 consilii
2931 870 3148 906 rumore
3201 853 3551 906 elaneulariis

1998 941 2237 994 Susurris
2267 957 2455 1010 sparso
2480 942 2755 995 admonita
2777 944 3019 1010 Augusta
3053 943 3552 1006 incredibilitermto

1999 1045 2099 1083 cer:
2126 1040 2267 1083 mota
2307 1040 2408 1093 est,
2445 1033 2734 1099 periclitari
2767 1032 2833 1083 de
2865 1048 2958 1099 spe
2989 1034 3199 1100 imperii
3241 1032 3404 1085 lilium
3435 1046 3553 1083 cer-

1999 1137 2166 1183 nens;
2204 1122 2257 1174 in
2291 1122 2434 1174 luctu
2466 1124 2641 1184 itaque
2678 1137 2738 1172 ac
2771 1122 3134 1174 sollicitudine
3168 1132 3304 1184 erat,
3351 1121 3548 1173 nemini

2000 1222 2177 1265 tamen
2219 1215 2382 1267 animi
2439 1214 2634 1267 \‘tllntts
2680 1228 2808 1266 ausa
2856 1215 3122 1278 detegere.
3189 1211 3301 1264 Non
3365 1211 3552 1263 fefellit

1999 1305 2303 1357 (,Iomnenos
2330 1304 2588 1369 :egritudo
2623 1303 2762 1366 eius.
2802 1303 3166 1354 Decrevcrunt
3199 1301 3361 1369 igitur
3396 1301 3543 1352 adire

2002 1396 2169 1459 ipsam
2203 1396 2575 1452 confidentius.
2609 1394 2696 1448 ubi
2730 1394 2845 1458 ejus
2878 1392 2950 1445 rei
2990 1394 3173 1446 horam
3212 1390 3547 1444 commodam

2005 1487 2483 1545 nanciscerentur;
2520 1498 2677 1551 quam
2725 1483 2777 1535 in
2829 1483 3261 1535 observationem
3316 1479 3553 1533 excuba-

2003 1577 2151 1628 bant.
2185 1578 2259 1628 Ac
2292 1577 2417 1628 talis
2450 1575 2716 1628 St‘t‘tttOIIlS
2748 1577 2977 1642 primum
3029 1576 3331 1643 ingressum
3380 1582 3551 1626 mater

2001 1669 2398 1720 Comnenorum
2458 1666 2785 1718 moderatrix
2847 1665 3058 1717 consilii
3134 1666 3299 1717 totius
3352 1664 3555 1717 Isaacio

2003 1754 2447 1807 committendum
2475 1753 2811 1805 decreverat.
2870 1753 2917 1805 Is
2953 1754 3116 1821 igitur
3151 1754 3316 1803 fratre
3365 1752 3552 1803 Alexio

2000 1854 2260 1912 pnesmte
2293 1844 2479 1897 intime
2530 1842 2800 1896 admissus
2835 1845 2897 1894 azl
2934 1843 3327 1909 imperatricem
3368 1841 3547 1905 :Quid

1998 1945 2101 1998 est,
2134 1935 2331 2001 inquit,
2374 1949 2406 1983 ο
2452 1934 2694 1994 domina,
2724 1933 2867 1998 quod
2910 1943 2960 1986 te
2990 1950 3093 1985 non
3134 1943 3189 1984 ut
3216 1933 3329 1985 heri
3362 1941 3413 1985 et
3453 1947 3551 1982 nu-

2001 2028 2322 2081 diustertius
2366 2028 2588 2081 hilarem
2622 2026 2899 2078 cernimus
2927 2043 2941 2090 ;
2986 2025 3076 2078 sed
3109 2025 3258 2075 vultu
3289 2039 3351 2076 ac
3376 2024 3555 2075 fronte

2003 2118 2142 2172 haud
2176 2117 2338 2171 dubia
2364 2116 2565 2183 judicia
2595 2117 2851 2169 ferentem
2883 2131 3089 2167 arcanae
3128 2131 3291 2176 curre.
3324 2114 3557 2167 doloris-

2000 2226 2102 2278 que
2129 2208 2451 2277 profundum
2486 2208 2648 2259 anitni
2683 2208 3001 2267 mordentis,
3033 2223 3191 2273 quem
3222 2246 3237 2266 ,
3266 2206 3419 2271 quasi
3456 2220 3550 2257 nc-

2003 2304 2200 2356 minem
2230 2302 2431 2353 habeas
2467 2299 2601 2352 satis
2635 2298 2797 2349 lldum
2834 2299 2918 2349 cui
2975 2298 3373 2350 emmnunicare
3407 2302 3552 2347 recte

2001 2386 2176 2457 possis
2207 2430 2220 2449 .
2256 2390 2307 2442 in
2337 2389 2678 2443 conscientiae
2726 2388 2908 2439 abdito
2933 2386 3238 2452 Supprimits
3270 2385 3423 2456 τῆς
3458 2383 3554 2436 ilic

2001 2482 2111 2543 illa,
2156 2480 2283 2549 quid
2341 2479 2415 2533 rei
2455 2478 2670 2548 quidem
2722 2479 2772 2530 id
2824 2487 2968 2531 esset
3000 2492 3268 2544 exponere
3319 2479 3551 2527 nondu'n

2000 2573 2199 2635 voluit;
2238 2573 2346 2624 alto
2388 2580 2565 2623 autem
2603 2570 2836 2635 suspirio
2884 2577 3156 2621 attracto:
3203 2566 3423 2632 Nempe,
3459 2564 3549 2617 in-

2004 2666 2142 2731 quit,
2166 2664 2254 2730 qui
2296 2678 2516 2733 peregre
2543 2661 2704 2712 vitam
2738 2660 2933 2727 degunt
2972 2659 3156 2725 procul
3189 2672 3214 2709 a
3243 2657 3404 2710 natali
3439 2656 3555 2709 solo

2002 2755 2179 2825 rogari
2216 2771 2319 2807 non
2356 2754 2551 2807 debent
2587 2768 2686 2819 qua
2715 2766 2769 2803 re
2796 2761 3061 2814 angantur
3084 2788 3098 2810 ,
3133 2746 3346 2800 abunde
3376 2746 3552 2812 siqui-

2006 2847 2126 2899 dem
2170 2860 2365 2912 magna
2405 2844 2662 2896 niterendi
2715 2856 2875 2893 eausa
2937 2838 3064 2891 illud
3122 2839 3297 2906 ipsum
3335 2845 3438 2890 est.
3476 2835 3557 2890 Me

2004 2954 2156 2998 vero,
2197 2938 2299 2990 heu
2332 2936 2499 2988 mihi!
2536 2945 2591 2985 ut
2626 2933 2726 2985 alia
2777 2947 2839 2984 ex
2890 2932 3010 2982 al'is
3044 2930 3180 2982 mala
3211 2926 3554 2981 suceedentia

2005 3028 2363 3096 exceperunt!
2401 3036 2456 3079 ut
2486 3026 2588 3077 alia
2623 3039 2718 3075 nec
2749 3024 2947 3074 leviora
2981 3022 3031 3073 in
3068 3020 3329 3079 futurum,
3363 3018 3470 3070 imo
3498 3017 3551 3069 in

336 3107 585 3177 ἀπῄεσαν
616 3107 986 3172 ἀγωνιῶντες.
1027 3108 1104 3175 Τῇ
1137 3107 1181 3157 δ’
1213 3106 1473 3178 ὑστεραία
1515 3110 1675 3161 πάλιν
1701 3127 1899 3179 προσε-

2008 3118 2312 3187 proximum
2347 3114 2692 3184 impendent!
2723 3112 2795 3163 Ad
2828 3112 2939 3163 haec
2973 3110 3044 3160 illi
3077 3108 3221 3160 nullo
3248 3107 3408 3159 verlio
3435 3106 3557 3156 red-

340 3200 635 3271 ρηοόμενοι
666 3200 918 3265 ἥκουσιν.
962 3197 1307 3267 Ἱλαρώτερον
1336 3198 1392 3251 δὲ
1436 3200 1468 3268 ἢ
1510 3201 1701 3270 πρώην
1730 3201 1907 3253 ἀτενί-

338 3290 537 3353 ζουσαν
566 3288 799 3355 τούτοις,
826 3287 1058 3357 ὁρῶντες
1081 3290 1371 3356 προσίασιν
1396 3290 1563 3358 ἄμφω
1586 3290 1680 3344 καί
1701 3308 1864 3358 φασιν
1886 3307 1901 3322 ·

338 3382 407 3433 Σὺ
442 3382 545 3451 μὲν
577 3380 856 3442 δεσπότις,
891 3380 1053 3449 ἡμεῖς
1095 3378 1151 3431 δὲ
1177 3378 1351 3433 δοῦλοι
1389 3380 1763 3445 εὐνούστατοι,
1797 3383 1905 3434 πᾶν

337 3470 364 3522 ὅ
388 3486 443 3522 τι
475 3468 574 3522 (ὒν
606 3468 841 3537 ἑτοίμως
904 3467 1119 3536 ἔχοντες
1145 3468 1287 3538 ὑπὲρ
1335 3470 1433 3537 τῆς
1480 3471 1579 3536 σῆς
1630 3470 1910 3538 βασιλείας

339 3560 557 3622 παθεῖν,
588 3560 685 3613 καί
716 3561 788 3629 μή
823 3575 883 3611 σε
929 3558 1184 3627 λογισμός
1234 3575 1318 3621 τις
1366 3559 1792 3631 διαταραττέτω,
1829 3562 1910 3624 εἰς

334 3651 593 3720 διψνχίαν
631 3650 772 3711 ὅλως
803 3649 1060 3716 εἰσάγων.
1106 3649 1201 3702 Ἐκ
1222 3650 1429 3703 τούτων
1455 3645 1548 3703 οὖν
1574 3651 1683 3703 τῶν
1713 3651 1906 3719 λόγων,

332 3741 403 3792 τά
436 3740 610 3793 πιστά
639 3739 936 3801 δεδωκότες
975 3741 1040 3808 τῇ
1087 3738 1339 3807 βασιλίδι,
1371 3741 1468 3794 καὶ
1498 3742 1911 3805 ἀπαλλάξαντες

338 3834 567 3887 ἑαυτοὺς
590 3831 827 3899 ὑποψίας
847 3830 1082 3899 ἀπάσης,
1106 3829 1164 3882 τδ
1183 3831 1495 3901 ἀπόρῤητσν
1513 3832 1611 3900 ἤδη
1638 3831 1908 3885 συνίεσαν.

346 3925 521 3990 Ὀξεῖς
576 3924 635 3976 δὲ
694 3924 847 3983 ὅντες
880 3921 972 3973 καὶ
1014 3921 1246 3988 ἀγχίνοι,
1313 3922 1408 3972 καὶ
1459 3921 1623 3973 δεινοὶ
1680 3921 1913 3990 θηράσαι

334 4015 647 4083 ἀνθρώπων
683 4012 743 4076 ἐξ
781 4012 980 4078 ὀλίγων
1031 4011 1294 4079 ῥημάτων
1336 4009 1542 4080 βαθέως
1579 4011 1912 4080 ὲγκειμένην

334 4108 585 4174 γνώμην,
615 4103 711 4157 καὶ
732 4103 868 4164 τέως
894 4102 1203 4171 ἀπόρρητον
1228 4101 1321 4153 καὶ
1350 4098 1548 4152 αὐτίκα
1578 4100 1722 4167 μάλα
1749 4117 1914 4170 προσ-

340 4198 584 4248 ετίθεντο
630 4195 751 4245 τότε
798 4194 862 4259 δὴ
898 4192 1152 4261 βασι-λίδι,
1202 4192 1299 4244 καί.
1354 4192 1419 4244 ὲκ
1458 4189 1674 4243 πολλῶν
1723 4191 1912 4253 εὖνους

340 4284 539 4336 αὖτοὺς
574 4282 830 4350 φανερῶς
871 4282 1332 4349 καταστήσαντες.
1369 4279 1481 4333 Καὶ
1521 4281 1629 4332 πᾶν
1666 4283 1743 4341 εἰς
1776 4280 1913 4349 ὅπερ

2006 3209 2121 3264 dito
2160 3207 2440 3260 obtutibus
2491 3204 2607 3257 solo
2659 3202 2849 3252 defixis
2901 3198 3344 3263 czmiplieatisque
3393 3194 3558 3247 ambo

2007 3298 2260 3351 manibus
2285 3297 2517 3348 tristium
2552 3293 2757 3348 habitu.
2786 3301 3067 3360 postquam
3088 3288 3398 3357 aliquandiu
3422 3287 3556 3339 asti-

2007 3396 2191 3443 terunt
2223 3386 2391 3446 taciti,
2429 3391 2686 3437 consueta
2719 3382 2915 3436 deinde
2942 3382 3265 3433 salutatione
3291 3378 3557 3447 perfuncti

2010 3485 2372 3532 recesserunt.
2409 3474 2677 3528 Postridie
2718 3472 3065 3525 redeuntibus
3117 3470 3340 3523 hilarior
3386 3484 3545 3534 quam

2008 3568 2159 3636 prius
2206 3565 2432 3618 intuitus
2463 3563 2718 3629 Augusta!
2752 3563 2959 3614 animos
2992 3561 3115 3614 fecit
3157 3572 3215 3612 ut
3267 3559 3380 3610 hac
3412 3559 3560 3610 dice-

2010 3664 2127 3708 rent
2162 3670 2175 3705 :
2212 3654 2315 3713 Tu.
2341 3652 2564 3704 Domina
2597 3662 2778 3704 nostra
2811 3666 2889 3712 es,
2921 3664 3017 3703 nos
3061 3657 3239 3701 autem
3287 3647 3426 3699 servi
3463 3646 3556 3699 tibi

2008 3761 2071 3797 ex
2111 3743 2291 3796 animo
2325 3740 2700 3795 addictissimi.
2734 3754 2795 3789 ac
2823 3740 2978 3805 plane
3009 3737 3176 3803 parati
3208 3736 3425 3805 quidvis
3457 3749 3557 3801 pro

2010 3841 2101 3883 tua
2140 3829 2423 3896 majestate
2467 3827 2608 3894 pati;
2655 3841 2721 3877 ne
2770 3834 2821 3878 te
2877 3825 3038 3891 igitur
3093 3838 3220 3876 cura
3275 3825 3559 3878 conturbet

2013 3920 2140 3979 ulla,
2177 3926 2268 3969 aut
2308 3932 2506 3985 aegrum
2560 3915 2796 3967 animum
2830 3922 2971 3967 metu
3003 3914 3166 3965 tacito
3197 3914 3449 3965 emaciari
3484 3914 3562 3965 si-

2013 4025 2128 4062 nas.
2182 4006 2277 4061 llis
2327 4006 2502 4059 verbis
2550 4004 2876 4057 confirmatae
2914 4005 3167 4071 Augustae
3195 4043 3208 4063 .
3250 4003 3561 4069 suspicione

2010 4099 2156 4152 omni
2204 4097 2272 4150 ab
2304 4112 2361 4150 se
2401 4097 2667 4153 abstersa.
2720 4093 2934 4146 deztlllltl
2979 4108 3237 4146 arcanum
3292 4108 3560 4146 coniux--

2012 4199 2172 4254 runt;
2210 4187 2352 4256 quod
2376 4187 2485 4255 jam
2521 4195 2666 4245 ante.
2694 4200 2800 4253 qua
2831 4191 2987 4236 erant
3008 4186 3300 4251 sagacitate
3327 4185 3377 4236 in
3412 4182 3558 4236 aesti-

2013 4278 2225 4333 mandis
2253 4292 2317 4331 ex
2347 4276 2496 4329 vultu
2525 4275 2720 4327 animis
2756 4274 3057 4332 hominum,
3102 4274 3394 4326 solertibus
3425 4285 3559 4324 con-

341 4376 410 4427 ἀν
453 4374 655 4435 αὐτοὺς
724 4369 1109 4438 προσκαλοῖτο,
1153 4370 1402 4438 ἐκθύμως
1447 4371 1745 4439 ἐπαμύνειν
1786 4389 1903 4423 κατ-

2009 4368 2237 4436 jecturis
2265 4366 2421 4434 quale
2454 4372 2598 4417 esset
2632 4369 2979 4429 agnoverant.
3010 4359 3144 4413 Tum
3179 4376 3304 4413 vero
3349 4361 3400 4412 in
3442 4374 3563 4411 ma-

344 4465 756 4532 ιπηγγείλαντο
779 4465 845 4515 ⁸¹.
878 4463 1201 4531 Συγχαίρειν
1229 4478 1287 4512 τε
1306 4460 1673 4531 συγχαιρούσῃ
1704 4462 1796 4513 καὶ
1823 4462 1903 4512 λυ-

2010 4458 2204 4526 gnilica
2235 4454 2471 4522 provecti
2521 4453 2781 4513 promissa
2834 4458 2978 4504 sunt.
3021 4452 3149 4503 Sese
3183 4450 3336 4503 Iidem
3368 4449 3433 4502 ad
3465 4465 3561 4501 ex-

339 4556 589 4623 πουμένῃ
658 4550 1059 4616 συνανιᾶσθαι,
1110 4550 1266 4602 τοῦτο
1323 4549 1386 4619 δὴ
1442 4551 1503 4601 τὸ
1557 4550 1911 4605 ἀποστολικὸν

344 4647 488 4711 μάλα
513 4644 811 4715 προθύμως
840 4641 1146 4695 συνέθεντο.
1168 4641 1277 4693 Καὶ
1298 4642 1371 4701 ὡς
1396 4640 1695 4707 αὐθιγενεῖς
1728 4641 1910 4708 ἠξίουν

340 4735 563 4796 τούτους
604 4733 921 4801 λογίζεσθαι
967 4732 1057 4784 καί
1090 4733 1342 4801 συνήθεις
1373 4732 1621 4783 κάκεῖθεν
1651 4730 1908 4801 ὁρμωμέ-

342 4839 485 4884 νους,
523 4824 647 4876 ὅθεν
676 4824 771 4875 καὶ
806 4820 972 4889 αὑτὴ,
1013 4820 1263 4872 τοσοῦτον
1307 4821 1645 4881 ὲπειπόντες,
1670 4820 1741 4881 ὡς
1783 4818 1836 4869 εἴ
1858 4835 1910 4870 τι

347 4915 494 4981 παρά
521 4914 629 4965 τῶν
657 4912 1004 4979 φθονούντων
1048 4912 1184 4979 αὐτῇ
1215 4927 1275 4962 τε
1323 4913 1387 4980 τῇ
1420 4909 1677 4980 δεσποίνῃ
1709 4908 1805 4960 καὶ
1834 4907 1911 4977 τῷ

349 5003 708 5071 αὐτοκράτορι
753 5007 877 5054 κατ’
910 4999 1092 5052 αὐτῶν
1122 5001 1494 5069 εἰσηγήσαιτο,
1534 4998 1690 5050 τοῦτο
1718 4998 1912 5060 αὐτοὺς

354 5092 425 5158 μὴ
457 5094 800 5147 διαλανθάνοι
850 5092 911 5143 τὸ
960 5091 1295 5159 παραυτίκα,
1325 5089 1409 5140 ῑνα
1444 5089 1518 5158 μὴ
1567 5088 1769 5140 λάθωσι
1794 5090 1913 5149 ταῖς

352 5185 543 5249 πάγαις
565 5186 673 5238 τῶν
704 5183 922 5255 ἐχθρῶν
958 5181 1377 5249 ἐμπεσούμενοι,
1413 5177 1583 5230 Τοῦτό
1619 5195 1676 5230 τε
1708 5176 1911 5245 ἠξίουν,

345 5276 434 5327 καὶ
458 5274 672 5347 θαρῤεῖν
720 5275 988 5327 ἐκέλευον
1017 5270 1089 5331 ὡς
1130 5270 1225 5322 σὺν
1258 5268 1378 5335 Θεῴ
1407 5283 1468 5335 γε
1503 5267 1669 5333 φάναι
1700 5267 1797 5333 τὴν
1821 5266 1911 5317 δυ-

338 5367 498 5437 νατὴν
546 5370 686 5439 μετᾶ
738 5360 1065 5434 προθυμίας
1119 5360 1450 5427 εἰσενεγκεῖν
1508 5356 1782 5425 βοήθειαν,
1834 5354 1908 5415 ὡς

2012 4560 2241 4603 tremum
2275 4549 2346 4601 illi
2379 4555 2709 4604 servaturos,
2755 4543 3117 4610 quodcunque
3168 4553 3379 4610 tempus
3430 4541 3563 4594 inci-

2004 4641 2157 4692 deret
2204 4644 2437 4698 vocaret,
2475 4633 2627 4700 sequi
2676 4643 2892 4700 paratos
2945 4632 3147 4699 absque
3199 4631 3557 4699 exceptione;

2011 4727 2419 4797 propulsaturos
2479 4722 2546 4776 ab
2600 4738 2660 4774 ea
2712 4732 2944 4789 natoque
3001 4721 3119 4787 ejus
3173 4720 3302 4773 totis
3352 4719 3561 4772 viribus

2010 4818 2239 4887 quodvis
2284 4816 2480 4884 capitis
2516 4812 2859 4879 dignitatisve
2900 4812 3243 4879 periculum:
3282 4814 3557 4862 fortunam

2008 4926 2066 4965 se
2101 4925 2252 4964 suam
2283 4908 2517 4973 ipsorum
2550 4919 2671 4957 cmn
2707 4901 2921 4954 fortuna
2955 4903 3203 4969 Augusta:
3237 4912 3437 4952 aeterna
3471 4913 3561 4950 so-

2007 5000 2199 5050 tietate
2245 4995 2541 5055 devincire,
2587 4992 2866 5061 gavisurus
2924 5006 3043 5040 eum
3094 4989 3398 5057 gandi-nte,
3435 5001 3554 5038 cum

2006 5089 2167 5142 ﬂente
2212 5086 2452 5146 ﬂeturus,
2484 5085 2634 5148 juxta
2673 5081 2800 5134 illud
2848 5081 3243 5147 Apostulieum.
3280 5078 3454 5141 Quare
3493 5089 3558 5126 ne

2012 5176 2194 5246 pati-ite
2221 5174 2665 5241 longinquitatem
2700 5173 3098 5236 charorumque
3132 5183 3192 5218 ac
3222 5162 3558 5217 necessario-

2013 5282 2130 5319 rum
2168 5266 2464 5317 absentiam
2491 5300 2505 5323 ,
2540 5276 2658 5315 sese
2689 5261 2762 5312 illi
2798 5261 3214 5326 propinquorum
3243 5268 3305 5304 ac
3328 5266 3556 5304 crnsan-

2016 5357 2331 5427 guineorum
2365 5352 2535 5406 oliicia
2562 5349 2739 5403 omnia
2764 5349 3118 5409 exliibituros,
3162 5342 3559 5410 ell‘ecturosquo

1360 5556 1553 5617 Vat-im
1579 5555 1883 5617 lectiones
1933 5568 2008 5612 ex
2041 5550 2181 5612 cod.
2211 5545 2480 5608 Coislin.

379 5740 432 5781 “
460 5739 634 5803 ὲπάξε
644 5753 721 5790 ιν.

809 5728 938 5768 *ι’-ε’
981 5726 1074 5779 καὶ
1096 5727 1236 5780 κατὰ
1261 5725 1383 5793 τῆς.
1460 5725 1503 5756 ⁸⁸
1526 5723 1592 5780 ἂν
1615 5717 2001 5792 ὲκκαλὺψειας.
2076 5720 2122 5752 ⁵⁸
2154 5717 2394 5778 σύννους.
2470 5710 2515 5744 ⁸³
2550 5709 3031 5780 κατεπεγγεζλατο.
