4068 6266
523 338 630 402 215

1814 342 2040 403 ΑΝΝᾹΞ
2081 342 2470 401 COMNENIE
3645 345 3737 411 216

521 451 790 520 Georgius
819 452 1177 522 Palmolngns.
1231 451 1295 505 lli
1343 468 1441 519 pro
1493 469 1552 509 se
1611 455 1846 525 quisque
1901 471 2082 525 agere,

2190 455 2282 506 uel.
2327 454 2578 523 Ἰωάννης
2613 454 2660 506 οἱ
2687 455 2876 507 τούτου
2913 454 3126 522 ἔγγονοι
3160 469 3175 484 ·
3195 455 3283 507 ναὶ
3327 455 3429 522 μὴν
3460 457 3547 509 καὶ
3577 460 3600 510 ὁ
3632 461 3740 512 τού-

522 544 752 608 ainhire,
799 559 1083 613 prensare,
1147 559 1390 612 onmem,
1449 548 1592 615 quod
1640 551 1814 615 aiunt,
1879 565 2094 604 movere

521 635 745 699 funem,
817 651 1032 690 onmem
1112 637 1373 691 adhibere
1443 640 1750 693 machinam
1815 649 1875 694 ut
1964 640 2092 694 Alc-

519 729 646 782 xins
716 727 1031 797 eligeretur.
1111 730 1234 782 Erat
1311 727 1553 787 Joannes
1613 729 1800 786 Caesar
1875 749 2093 788 summo

517 822 869 876 auctoritatis
933 822 1192 892 pondere.
1268 823 1490 891 ingenio
1547 834 1710 892 atque
1771 824 2089 882 eloquentia

518 913 785 981 quidquid
846 913 1277 982 aggrederentur
1333 930 1646 984 expugnare
1697 914 1887 978 certis,
1945 916 2090 984 reg'a

517 1006 748 1074 insuper
811 1003 986 1060 forma
1055 1013 1108 1059 et
1164 1005 1383 1059 heroica
1452 1006 1785 1075 proceritate
1837 1007 2092 1073 corporis

515 1094 784 1164 quidquid
813 1102 999 1163 ageret
1021 1095 1559 1159 commendantibus,
1591 1095 1857 1166 quidquid
1883 1103 2092 1166 peteret

515 1187 968 1254 impetrantibus,
1013 1196 1107 1241 aut
1135 1189 1316 1256 potius
1350 1188 1815 1258 extorqucntibus
1862 1189 1912 1243 vi
1955 1203 2090 1258 qna-

515 1275 641 1328 dam
674 1275 896 1329 blanda.
923 1276 1115 1344 Itaque
1162 1293 1284 1331 cum
1331 1277 1727 1334 dissuadendis
1761 1279 1828 1335 iis
1881 1280 1974 1347 qui
2012 1277 2092 1330 fa—

513 1365 722 1420 vebant
785 1364 993 1421 lsaacio
1042 1369 1272 1421 nxultuin
1337 1370 1652 1438 proliceret,
1706 1369 2092 1424 incumbebant

513 1460 709 1514 eodem
739 1461 920 1513 caeteri
970 1460 1128 1515 Ducas
1172 1475 1270 1528 pro
1303 1478 1401 1516 sua
1437 1463 1672 1531 quisque
1703 1463 1877 1526 gratia
1913 1471 1966 1518 et
2007 1462 2091 1516 fa-

515 1554 724 1606 cultate
781 1552 1002 1607 obnixis
1062 1555 1279 1608 studiis.
1334 1553 1474 1619 Quid
1504 1555 1648 1610 enim
1695 1572 1805 1610 non
1861 1555 2086 1620 factum,

517 1643 652 1712 quid
688 1659 797 1697 non
829 1645 1060 1707 dictum,
1098 1645 1230 1714 quid
1263 1661 1370 1701 non
1406 1648 1735 1716 promissum
1774 1650 1844 1704 ab
1887 1649 1976 1716 iis,
2006 1648 2087 1703 vel

513 1736 774 1804 privatim
812 1737 876 1790 ad
913 1737 1166 1808 singulos
1191 1738 1396 1793 ducum
1435 1755 1498 1796 ac
1531 1740 1805 1806 tribunos,
1858 1742 1943 1796 vel
1987 1759 2088 1812 pu-

513 1827 662 1882 blice
697 1828 764 1881 ad
806 1827 1100 1883 militarem
1130 1830 1453 1885 concinnem
1506 1845 1605 1898 pro
1652 1831 1846 1886 Alexio
1880 1834 2092 1901 agenti-

512 1922 659 1976 bus?
691 1919 811 1984 Ille,
843 1923 1192 1991 inquiebant,
1217 1922 1305 1976 ille
1333 1941 1420 1976 vos
1447 1923 1638 1977 milites
1665 1925 1914 1978 maximis
1938 1926 2090 1979 donis

513 2013 866 2082 maximisque
919 2013 1208 2067 honoribus
1253 2015 1455 2083 afﬁciet
1482 2059 1496 2081 ,
1540 2033 1702 2086 neque
1747 2016 1803 2070 id
1857 2034 1985 2071 casu
2027 2036 2091 2072 ac

509 2104 625 2157 sine
659 2103 888 2169 delectu,
933 2114 1088 2173 prout
1119 2104 1285 2159 solent
1317 2107 1406 2172 qui
1429 2123 1520 2173 per
1553 2123 1607 2160 se
1640 2123 1720 2160 res
1753 2125 1856 2160 non
1879 2117 2087 2177 gerunt,

509 2194 699 2262 quibus
731 2195 898 2248 virtus
932 2195 1160 2249 virorum
1193 2197 1437 2265 fortium,
1484 2199 1698 2253 nonnisi
1739 2199 1959 2267 fortuito
1991 2218 2090 2255 sa:-

507 2287 728 2356 piusque
788 2288 1021 2358 maligno
1051 2288 1222 2344 relatu
1267 2300 1534 2354 comperta
1568 2301 1665 2347 est.
1709 2290 1872 2356 Vidit,
1920 2293 2087 2345 inter-

509 2382 636 2445 luit,
667 2379 881 2448 prwfuit
911 2381 1243 2450 facinoribus
1278 2385 1487 2443 vestris.
1545 2383 1743 2440 laboris
1775 2395 1823 2439 et
1864 2387 2087 2452 periculi

506 2473 814 2541 particeps,
869 2475 1068 2528 notavit
1124 2492 1568 2542 unumquemque,
1638 2479 1858 2548 imisque
1916 2479 2084 2546 inﬁxa

509 2566 749 2621 sensibus
778 2581 844 2620 ex
881 2571 1132 2635 pra’senti
1162 2570 1278 2622 visu
1311 2570 1500 2622 merita
1531 2580 1702 2622 uestra
1756 2570 2082 2640 circumfert,

509 2673 845 2726 nequaquam
879 2657 1051 2712 otiosa
1092 2659 1454 2725 conscientia;
1493 2660 1582 2714 sed
1619 2660 1672 2712 in
1707 2663 2084 2715 remunerandi

511 2749 816 2818 largitatem
855 2751 1015 2804 simul
1045 2751 1278 2820 facultas
1308 2768 1398 2819 per
1431 2770 1518 2807 vos
1544 2754 1777 2822 adfuerit
1805 2767 2082 2824 eruptura.

507 2841 886 2896 Recordamini
953 2852 1079 2913 quot
1126 2845 1300 2911 spatia
1339 2854 1626 2910 terrarum,
1677 2857 1802 2916 quot
1835 2849 2082 2914 planities

507 2950 574 2988 ac
635 2948 833 2989 montes
879 2937 974 2990 illo
1025 2937 1246 2992 ductore
1295 2941 1721 3008 peragraveritis,
1776 2943 1978 3010 quoties
2026 2943 2082 2993 in

507 3028 622 3080 acie
659 3028 940 3082 ordinante
987 3028 1079 3082 illo
1130 3032 1408 3090 steteritis,
1450 3035 1655 3100 quoties
1698 3035 1851 3101 signa
1890 3043 2080 3086 contu-

2195 561 2303 596 των
2349 547 2436 597 ἐπ’
2477 545 2675 615 ἁδελφῇ
2725 546 2974 616 γαμϐρὸς
3015 544 3284 615 Γεώργιος
3327 547 3354 600 ὁ
3389 547 3739 617 Παλαιολόγος,

2205 636 2590 706 συμπαρέντες
2625 638 2809 699 αὐτοῖς
2841 638 2934 690 καὶ
2973 637 3318 704 ἀγωνιῶντες
3338 681 3350 702 ,
3381 639 3469 690 καὶ
3497 639 3559 690 τὰ
3590 643 3744 695 ἁπάν-

2194 746 2304 782 των
2337 727 2473 799 πρὸς
2504 729 2564 782 τὸ
2591 729 2774 792 αὐτοῖς
2807 729 3069 799 βουλητδν
3091 729 3497 798 διαστρέφοντες
3518 730 3741 799 γνώμας,

2195 825 2289 874 καὶ
2340 823 2518 875 πάντα
2565 821 2766 883 κάλων,
2798 822 2823 872 ὃ
2873 839 3028 889 φασι,
3091 820 3393 882 κινοῦντες,
3441 825 3528 874 καὶ
3583 827 3744 876 πᾶσαν

2197 909 2443 980 μηχανὴν
2474 910 2690 978 εὐφυῶς
2728 909 3196 979 τεχναζὸμενοι¹⁶,
3230 909 3367 961 ὥστε
3401 913 3487 962 τὸν
3530 912 3741 975 ’Λλέξινκν

2193 1003 2594 1075 ἀναρρηθῆναι.
2643 1001 2944 1072 Τοιγαροῦν
2993 1005 3086 1055 καὶ
3113 1002 3179 1054 τὰ
3237 1003 3492 1055 ἁπάντων
3530 1005 3653 1069 πρὸς
3699 1008 3743 1053 τί,

2196 1097 2376 1158 αὐτιίς
2408 1094 2666 1164 βουλητὸν
2712 1095 3010 1164 μετέφερον
3045 1095 3288 1163 γνώμας.
3341 1096 3530 1146 Ἔνθεν
3563 1114 3637 1148 τοι
3669 1117 3745 1147 7.1».

2197 1189 2317 1253 τοὺς
2355 1189 2431 1258 τῷ
2472 1189 2721 1260 Ίσαακίῳ
2751 1191 3182 1260 προσανέχοντας
3220 1189 3357 1241 κατὰ
3411 1190 3579 1258 βραχὺ
3623 1189 3754 1240 ἐλατ-

2191 1281 2417 1334 τοῦσθαι
2454 1282 2790 1336 συνέϐαινεν.
2830 1282 3006 1333 Ὅπου
3048 1282 3156 1348 γὰρ
3205 1283 3457 1349 Ἰωάννης
3491 1283 3516 1332 ὁ
3553 1283 3751 1346 Καῖσαρ

2190 1365 2280 1443 ἦν,
2315 1372 2488 1435 οὐδεὶς
2518 1373 2625 1424 τῶν
2658 1373 2912 1426 ἁπάντων
2971 1373 3216 1442 ἀντέχειν
3245 1369 3497 1440 ἠδύνατο.
3520 1367 3625 1422 Ἦν
3652 1374 3749 1439 γὰρ

2192 1463 2575 1532 ἁπαράμιλλος
2601 1457 2759 1526 οὗτος
2811 1463 2955 1516 κατά
2984 1480 3042 1516 τε
3080 1464 3430 1532 φρονήματος
3468 1462 3624 1528 δγκον
3669 1463 3754 1513 καὶ

2194 1553 2448 1623 σώματος
2475 1553 2723 1622 μέγεθος,
2749 1555 2842 1607 καὶ
2866 1556 3080 1626 μορφὴν
3097 1555 3346 1624 τυράννῳ
3371 1558 3755 1625 προσήκουσαν.

2195 1642 2260 1696 Τί
2293 1644 2390 1713 μὲν
2424 1646 2523 1697 οὐκ
2554 1646 2825 1715 ἔπραττον
2846 1647 2899 1699 oi
2926 1645 3161 1712 Δοῦκαι;
3203 1646 3269 1699 Τί
3301 1647 3360 1700 δὲ
3408 1649 3508 1700 οὐκ
3549 1647 3753 1714 ἕλεγον;

2193 1736 2258 1788 Τί
2287 1737 2341 1788 δὲ
2367 1737 2464 1807 οὐχ
2499 1735 2859 1807 ὑπισχνοῦντο
2891 1738 3094 1804 ἀγαθὸν
3127 1739 3348 1792 ἔσεσθαι
3368 1742 3479 1802 τοῖς
3513 1757 3565 1791 τε
3583 1739 3758 1806 λογάσι

2196 1829 2286 1880 καὶ
2319 1826 2394 1898 τῷ
2420 1828 2585 1897 κοινῷ
2616 1829 2706 1880 τοῦ
2751 1828 3009 1898 στρατοῦ,
3044 1831 3091 1883 εί
3115 1831 3206 1882 ἐπὶ
3237 1831 3336 1900 τὴν
3371 1831 3636 1899 βασίλειον
3667 1849 3757 1882 πε-

2194 1920 2406 1988 ριιυπὴν
2435 1919 2668 1986 Ἀλέξιος
2691 1920 2991 1993 ἀναϐαίνεις
3019 1919 3434 1989 φάσκοντες,ὼς
3455 1924 3760 1991 Μεγίσταις

2190 2009 2344 2078 ὑμᾶς
2362 2011 2608 2079 δωρεαῖς
2627 2011 2723 2064 καὶ
2748 2012 2942 2080 τιμαῖς
2967 2013 3418 2080 ἀνταμείψετιιι,
3444 2013 3522 2078 ὡς
3545 2013 3763 2075 ἑκάστῳ

2190 2103 2508 2169 προσήκει,
2537 2105 2630 2156 καὶ
2665 2105 2777 2172 οὐχ
2806 2105 2883 2170 ὡς
2908 2105 3106 2172 ἔτυχε,
3135 2107 3406 2173 καθάπερ
3440 2109 3498 2160 ol
3531 2105 3764 2171 ἀμαθεῖς

2188 2195 2282 2247 καὶ
2315 2196 2545 2262 ἄπειροι
2564 2196 2680 2249 τῶν
2704 2197 3035 2265 ἡγεμόνων,
3067 2197 3166 2251 διὰ
3193 2199 3256 2251 τὸ
3285 2199 3387 2251 καὶ
3408 2199 3766 2264 asp-aranea-

2187 2286 2381 2357 άρχης
2404 2287 2570 2357 ὑμῶν
2599 2292 2820 2357 χρόνον
2864 2289 2979 2358 ἤδη
3008 2290 3208 2343 πολὺν
3247 2292 3638 2359 χρηματίσαι,
3674 2289 3764 2342 καί

2181 2381 2370 2450 μέγας
2394 2381 2502 2448 τῆς
2532 2380 2797 2449 ἑσπέρας
2824 2380 3199 2449 δομέστικος,
3231 2384 3325 2434 καὶ
3362 2381 3587 2435 κοινῶν
3612 2384 3648 2435 ἀ
3669 2381 3766 2432 τῶν

2185 2472 2682 2540 ὺμῖνμετασχεῒν,
2708 2474 2776 2525 ἐν
2795 2474 2997 2542 λόγοις
3017 2471 3233 2545 [λόχοις]
3262 2491 3329 2527 τε
3351 2477 3452 2528 καὶ
3478 2475 3602 2538 τοῖς
3627 2473 3764 2525 κατὰ

2186 2563 2508 2631 συστάδην
2549 2565 2834 2632 πολέμοις
2863 2566 3151 2633 γενναίως
3182 2565 3328 2634 ὑμῖν
3367 2563 3763 2635 συναγωνιζόο

2181 2673 2386 2724 μενος,
2420 2657 2504 2725 μὴ
2535 2655 2798 2724 σαρκῶν,
2844 2656 2930 2724 μὴ
2953 2656 3175 2724 μελῶν,
3209 2658 3373 2725 μηδὲ
3409 2657 3524 2725 τῆς
3569 2654 3763 2726 ψυχῆς

2184 2747 2374 2816 αὐτῆς
2417 2749 2570 2816 ὑπὲρ
2607 2747 2716 2813 τῆς
2756 2749 2923 2817 ὑμῶν
2961 2750 3329 2818 φεισάμενος
3378 2752 3425 2782 ¹¹
3457 2752 3768 2816 σωτηρίας,

2186 2845 2293 2911 ὄρη
2321 2859 2380 2897 τε
2400 2846 2495 2897 καὶ
2521 2842 2802 2910 πεδιάδας
2819 2845 2946 2913 μεθ’
2972 2843 3137 2913 ὑμῶν
3158 2846 3468 2909 πολλάκις
3493 2843 3686 2897 ἐλθὼν
3706 2845 3767 2906 ³⁸,

2185 2935 2293 3001 τὰς
2331 2936 2400 2989 ἐκ
2442 2934 2560 2988 τῶν
2584 2937 2789 3004 μόθων
2833 2937 2878 2967 ’³
2901 2935 3302 3001 κακοπαθείας
3345 2933 3770 3004 ἐπιστάμενος,

2185 3025 2284 3079 καὶ
2335 3023 2591 3092 ἀκριϐῶς
2651 3023 2922 3090 ἅπαντας
2977 3023 3126 3094 ὁμοῦ
3180 3025 3278 3078 καὶ
3344 3027 3482 3079 καθ’
3534 3024 3642 3077 ἕνα
3695 3040 3772 3090 γιο

507 3121 672 3174 leritis
734 3121 829 3175 illo
882 3123 1165 3176 classicum
1218 3124 1339 3177 cani
1399 3125 1634 3193 jubente,
1697 3127 1792 3179 illo
1853 3129 2082 3180 irruente

2187 3117 2454 3181 νὼσκων,
2512 3118 2852 3187 Ἀρηΐςριλός
2890 3135 2955 3171 τε
2981 3116 3086 3182 ὢν,
3127 3117 3223 3171 καί
3257 3118 3409 3182 τοὺς
3463 3119 3779 3186 γενναίους

506 3217 644 3269 inter
703 3218 950 3284 primos,
1024 3229 1074 3272 et
1133 3221 1424 3286 periculum
1501 3229 1915 3285 prteoccupante.
1973 3218 2082 3273 Scit

505 3317 753 3373 expertus
825 3309 950 3377 quid
1013 3311 1082 3362 sit
1160 3310 1350 3375 labor,-
1419 3328 1577 3379 quam
1668 3328 1820 3376 (equa
1887 3328 2082 3364 merces

505 3397 578 3449 sit
640 3414 756 3466 qua:
824 3415 921 3467 pro
979 3401 1239 3466 sanguine
1315 3419 1378 3454 ac
1453 3402 1754 3455 uulneribus
1843 3401 2084 3455 redditur

506 3486 616 3558 59
713 3506 813 3542 usu
913 3491 1143 3544 aestimat
1252 3495 1485 3562 proprio.
1580 3493 1768 3546 Vestra
1862 3493 2080 3546 interest

505 3581 596 3648 qui
631 3581 851 3647 fortium
889 3582 1033 3636 vobis
1066 3599 1282 3652 operum
1310 3586 1438 3638 estis
1466 3587 1664 3639 conscii
1693 3585 1828 3638 hunc
1853 3601 1964 3638 esse
1996 3602 2081 3639 ar-

505 3674 705 3727 bitrum
746 3691 944 3730 rerum.
991 3674 1154 3731 Novit
1198 3693 1450 3747 quemque
1481 3685 1707 3732 vestrum
1749 3678 1812 3730 de
1858 3679 1993 3748 facie
2032 3688 2080 3732 et

505 3769 569 3821 de
604 3771 852 3834 nomine;
879 3779 1120 3824 versatus
1152 3771 1293 3825 inter
1318 3787 1406 3824 vos
1444 3771 1629 3824 tandiu
1666 3771 1792 3824 dum
1823 3772 2082 3826 exercitus

505 3859 712 3923 ducem,
740 3861 865 3913 dum
913 3877 1163 3932 magnum
1217 3861 1516 3918 Occidentis
1553 3863 1894 3917 domesticum
1931 3873 2078 3916 tanto

507 3963 737 4021 tempore
767 3955 899 4022 agit.
937 3952 1267 4022 Tantumque
1298 3955 1430 4008 salis
1471 3954 1732 4010 vobiscum
1759 3955 2077 4022 absumpsit,

503 4044 661 4110 plane
718 4055 906 4110 vester,
967 4047 1281 4108 commilito,
1358 4047 1789 4109 contubernalis,
1854 4047 2076 4111 sodalis,

505 4137 752 4190 alumnus
783 4139 874 4206 qui
902 4148 960 4190 ut
987 4153 1259 4207 nunquam
1299 4137 1351 4190 in
1389 4137 1578 4205 pugnis
1609 4154 1672 4190 ac
1701 4140 2078 4192 certaminibus

504 4226 614 4278 suis
656 4227 901 4280 membris
928 4243 1128 4296 suoque
1162 4227 1371 4294 corpori
1401 4229 1653 4292 pepercit,
1691 4230 1767 4280 ita
1804 4243 1896 4281 nec
1935 4243 2078 4294 prae-

504 4316 731 4368 miorum
759 4316 857 4368 erit
903 4332 1118 4375 avarus.
1154 4317 1346 4386 quippe
1371 4316 1592 4372 idoneus
1626 4321 1923 4374 aestimator
1969 4321 2078 4375 bel-

505 4407 621 4460 lica:
644 4407 875 4467 virtutis.
916 4409 1070 4475 cujus
1119 4410 1227 4475 ipse
1272 4409 1430 4464 decus
1465 4411 1686 4479 deperit,
1733 4413 1807 4466 sic
1855 4422 2072 4475 natura,

2185 3208 2305 3263 τῶν
2334 3210 2710 3279 στρατιωτῶν
2738 3211 2962 3279 ἐξόχως
2993 3208 3214 3264 ποθῶν.
3268 3209 3440 3262 Ἀλλὰ
3472 3209 3649 3261 ταῦτα
3681 3205 3777 3274 μὲν

2183 3305 2230 3356 οἱ
2260 3301 2482 3357 Δοῦκαι.
2522 3303 2581 3355 '0
2610 3303 2664 3355 δέ
2689 3319 2752 3370 γε
2797 3301 3032 3367 Ἀλέξιος
3067 3301 3270 3370 πολλῆς
3292 3303 3472 3371 τιμῆς
3502 3301 3661 3372 ἠξίου
3693 3298 3781 3350 τδν

2197 3395 2486 3462 Ἰσαάκιον,
2511 3397 2567 3448 ὲν
2587 3397 2751 3449 πᾶσιν
2775 3395 2940 3450 αὑτὸν
2973 3396 3426 3463 προτιμώμενος,
3463 3395 3577 3446 εἴτε
3604 3392 3694 3446 διὰ
3725 3389 3781 3441 τδ

2185 3486 2405 3556 φίλτρον
2427 3487 2527 3555 τῆς
2551 3486 2932 3556 ἀδελφότητος,
2951 3487 2984 3554 ἢ
3006 3486 3097 3537 καὶ
3121 3484 3348 3555 μᾶλλον,
3371 3485 3400 3536 ὃ
3419 3486 3519 3538 καὶ
3539 3484 3782 3540 λεκιέον.

2182 3579 2371 3647 ἐπειδὴ
2395 3579 2428 3648 ἡ
2461 3579 2558 3647 μὲν
2585 3579 2814 3648 στρατιὰ
2837 3577 3097 3648 ξύμπασα
3111 3576 3250 3644 πρὸς
3270 3578 3480 3631 τοῦτον
3511 3577 3780 3645 ξυνέῤῥει,

2181 3670 2277 3722 καὶ
2320 3670 2418 3739 τὴν
2459 3670 2624 3723 αὑτοῦ
2671 3670 2952 3739 βασιλείαν
2992 3667 3355 3734 κατέσπευδε,
3407 3670 3553 3737 πρὶς
3597 3666 3656 3720 δὲ
3696 3665 3787 3718 τὸν

2193 3760 2466 3814 Ἰσαάκιον
2481 3761 2593 3814 οὐδ’
2617 3761 2925 3814 ὁπωστιοῦν
2963 3759 3364 3829 ἐπεστρέφετο,
3397 3761 3547 3830 ἔχων
3579 3757 3786 3810 ἐκεῖθεν

2181 3851 2240 3904 τὸ
2286 3851 2488 3921 κράτος
2547 3854 2638 3904 καὶ
2687 3850 2786 3921 τὴν
2829 3850 2983 3919 ἰσχὺν
3046 3850 3138 3903 καὶ
3167 3851 3290 3902 κατ’
3342 3848 3586 3907 ἐλπίδας
3643 3841 3790 3912 αὺτῷ

2181 3945 2248 4014 τὸ,
2291 3945 2527 4014 πρᾶγμα
2558 3944 2845 4013 γινόμενον
2885 3941 3027 4010 ὁρῶν
3059 3941 3453 4010 παρεμυθεῖτο
3489 3941 3587 3993 τὸν
3637 3937 3793 3992 ἀδελ-

2179 4005 2279 4103 φέν
2305 4038 2368 4105 τῇ
2398 4036 2536 4106 πρὸς
2567 4037 2666 4106 τὴν
2699 4034 2976 4104 βασιλείαν
3005 4033 3342 4101 ὕποποιήσει
3372 4073 3388 4096 ,
3431 4034 3680 4104 πρᾶγμα
3705 4028 3794 4082 οὑ-

2178 4127 2264 4180 δὲν
2294 4128 2356 4180 ὲκ
2377 4128 2585 4180 τούτων
2610 4129 2834 4197 πάσχων
2861 4126 3179 4196 ἀϐούλητονο
3210 4127 3259 4178 εἱ
3292 4126 3477 4188 αὐτὸς
3505 4127 3612 4194 μὲν
3644 4126 3795 4192 παρὰ

2177 4219 2274 4287 τῆς
2296 4222 2556 4290 στρατιᾶς
2593 4220 2811 4286 ἀπάσης
2853 4221 2932 4280 είς
2971 4219 3097 4280 τοὺς
3139 4217 3554 4287 ὑπερηφάνους
3598 4215 3797 4281 ἄξονας

2176 4311 2570 4382 ἀναρπάςοιτο,
2591 4311 2689 4364 sse
2713 4311 2894 4378 λόγοις
2920 4309 3200 4363 ὑποσαίνοι
3234 4309 3281 4340 ⁸⁸
3307 4309 3411 4361 τὸν
3438 4308 3682 4376 ἀδελφὸν
3707 4305 3801 4358 καὶ

2178 4404 2480 4474 πρόσχημα
2505 4406 2711 4456 ποιοῖτο
2736 4403 2836 4472 τὴν
2855 4402 2948 4456 τοῦ
2976 4402 3216 4472 κράτους
3236 4402 3420 4471 δῆθεν
3444 4401 3796 4472 ἐκχώρησιν.

502 4499 579 4551 sic
627 4498 962 4551 institutione
996 4516 1058 4552 ac
1095 4500 1275 4552 studio
1325 4504 1584 4572 formatus
1628 4513 1682 4556 ut
1731 4504 1864 4558 nihil
1903 4507 2070 4570 pluris

2187 4496 2287 4550 Τοῦ
2337 4496 2532 4567 καιροῦ
2591 4496 2724 4564 γοῦν
2776 4495 2920 4549 οὕτω
2967 4495 3296 4566 τριϐομένου
3353 4495 3696 4550 συνείλεκτο
3742 4491 3804 4543 τὸ

501 4604 662 4658 quam
721 4607 1000 4660 generosos
1051 4604 1099 4646 et
1151 4603 1391 4648 strenuos
1449 4595 1642 4648 milites
1685 4596 1869 4662 faciat.
1921 4595 2072 4650 Talia

501 4679 666 4733 Daca:
719 4697 814 4749 per
864 4683 1171 4737 exercitum
1215 4686 1494 4740 serebant.
1548 4689 1616 4740 At
1667 4689 1895 4743 Alesins
1955 4691 2074 4758 ipse

503 4771 679 4837 palam
713 4773 922 4827 Isaatio
959 4774 1180 4830 favebat
1209 4794 1222 4829 :
1256 4776 1339 4830 vel
1365 4779 1449 4832 sui
1480 4779 1648 4832 oblita
1701 4779 1904 4848 pietate
1953 4795 2073 4832 ma-

501 4861 609 4928 jori
669 4861 822 4915 fratri
887 4864 1096 4931 primas
1149 4865 1375 4921 honoris
1423 4866 1866 4933 deferens:vel,
1925 4868 2070 4938 quod

501 4953 690 5008 verius
723 4955 873 5008 dictu
921 4964 1027 5019 est,
1062 4958 1297 5026 cognitis
1348 4959 1620 5014 exercitus
1671 4961 1726 5012 in
1777 4974 1836 5014 se
1877 4961 2075 5014 studiis

500 5047 783 5114 petitionis
817 5062 932 5102 sure
954 5056 1164 5112 certus,
1200 5050 1497 5104 fraternam
1542 5053 1813 5121 repulsam
1849 5052 2074 5105 simula-

502 5133 652 5187 tione
684 5133 911 5187 cedendi
948 5135 1266 5199 consolans,
1294 5135 1634 5192 humanitate
1668 5139 1802 5191 nihil
1839 5140 1940 5192 sibi
1977 5153 2075 5191 no-

504 5221 706 5272 citura.
758 5221 811 5273 In
857 5219 942 5275 his
974 5223 1255 5276 terebatnr
1284 5234 1500 5292 tempus
1555 5227 1732 5292 quoad
1778 5226 2074 5295 aliquando

503 5310 732 5364 collecta
769 5313 913 5366 circa
943 5313 1358 5368 tabernaculum
1387 5315 1613 5368 militari
1645 5318 1910 5371 concione
1949 5319 2072 5371 uni-

504 5413 687 5462 versa,
743 5403 1032 5470 suspensis
1063 5404 1323 5458 omnibus
1367 5414 1420 5457 et
1453 5420 1552 5474 pro
1597 5421 1695 5458 sua
1743 5423 2075 5478 unoquoque

507 5503 602 5555 spe
631 5501 753 5543 vola
810 5492 1172 5557 facientibus,
1226 5508 1532 5562 exsurgens
1581 5492 1816 5548 lsaacins
1867 5513 2072 5565 purpu-

2181 4588 2460 4640 ὁπλιτικὸν
2513 4589 2658 4641 ἅπαν
2701 4589 2828 4657 περὶ
2873 4586 2970 4657 τὴν
3022 4587 3232 4656 σκηνὴν
3266 4587 3570 4654 μετέωροι
3618 4587 3801 4646 ὄντες,

2185 4681 2276 4732 καὶ
2306 4680 2404 4748 τὴν
2433 4679 2569 4733 ἰδίαν
2600 4679 2832 4742 ἕκαστος
2856 4678 3153 4746 ἐπιθυμίαν
3183 4679 3505 4748 εὐχόμενος
3538 4677 3806 4744 τελεσοῆ·

2187 4790 2294 4827 ναι.
2343 4772 2608 4835 Ἀναστὰς
2635 4773 2691 4825 δὲ
2723 4775 2754 4826 ὁ
2802 4773 3072 4835 Ἰσαάκιος
3098 4773 3194 4826 καὶ
3220 4771 3429 4825 λαϐὼν
3460 4774 3528 4826 τὸ
3566 4786 3810 4841 φοινικο-

2180 4865 2353 4935 σαφὲς
2394 4864 2629 4928 πέδιλον,
2653 4863 3025 4917 ὑποδιδύσκειν
3054 4863 3156 4929 ςτὲν
3199 4863 3458 4933 ἀδελφὸν
3505 4865 3811 4930 ἐπειρᾶτο.

2191 4960 2276 5019 Ὠς
2300 4958 2356 5011 δὲ
2374 4959 2580 5019 ἐκεῖνος
2606 4956 2863 5018 πολλάκις
2889 4955 3160 5017 ἁνένευεν,
3187 4957 3329 5016 "Ea,
3370 4958 3581 5026 φησιν,
3604 4959 3639 5008 ό
3663 4953 3810 5016 Θεὸς

2179 5049 2277 5102 διά
2307 5064 2424 5102 σου
2455 5048 2519 5101 τὸ
2547 5048 2721 5115 γένος
2750 5046 2918 5116 ὑμῶν
2930 5049 3453 5102 ἀνακαλέσασθαι
3480 5051 3812 5113 βούλεται,

2177 5136 2494 5207 ἀναμνήσας
2537 5137 2629 5190 καὶ
2654 5131 2728 5189 ὧν
2769 5138 2798 5189 ὁ
2829 5137 3016 5205 φανείς
3065 5153 3195 5188 ποτε
3250 5139 3521 5206 περίπου
3557 5140 3628 5190 τὰ
3661 5139 3812 5204 Καρ·

2181 5227 2392 5281 πιανῶν
2423 5231 2466 5262 ⁸³
2500 5229 2770 5297 λεγόμενα
2811 5231 2874 5280 ἐκ
2903 5229 3008 5281 τῶν
3050 5225 3352 5295 βασιλείων
3391 5231 3597 5284 οἴκαδε
3635 5232 3814 5296 ἁπερο

2183 5319 2427 5386 χομένων
2467 5318 2791 5390 ἀμφοτέρων
2822 5317 2928 5367 τῶν
2957 5314 3221 5382 ἀδελφῶν,
3258 5314 3420 5380 πρὸς
3465 5317 3646 5369 αὑτὸν
3675 5318 3810 5369 ἀπε·

2184 5407 2461 5476 φοίόασεν.
2512 5409 2719 5461 Ἐκεῖσε
2755 5409 2863 5477 γὰρ
2895 5404 3210 5474 γενομένοις
3249 5405 3417 5474 ἁνήρ
3465 5426 3561 5471 τις
3599 5406 3815 5466 τούτοις

2183 5497 2510 5567 ἀπηντηκὼς
2541 5498 2584 5529 ³⁸
2615 5497 2742 5562 (εἴτε
2772 5497 2880 5547 τῶν
2914 5493 3241 5564 κρειττόνων
3276 5509 3377 5557 τις
3413 5495 3523 5562 ὢν,
3563 5497 3599 5566 ἢ
3639 5496 3818 5554 ἄλλως

1563 5607 1760 5670 Varia;
1791 5608 2094 5673 lectiones
2127 5628 2202 5672 ex
2256 5611 2396 5670 cod.
2444 5611 2700 5673 Coislin.

580 5708 624 5737 10
656 5724 708 5737 ι...

566 5710 624 5788 ,³³
656 5710 1061 5779 τεχναζῦίιενῦι.
1139 5712 1175 5740 ²¹
1228 5711 1557 5781 ζρτΑῧὸςιλνος.
1637 5714 1680 5741 ²²
1712 5712 1954 5766 διελθών.

512 5793 639 5840 κως.

2035 5714 2080 5743 ’³
2113 5713 2349 5783 μόχθων.

2429 5714 2472 5744 ’⁸
2512 5713 2814 5766 ὑποσαίνει.
2895 5716 2938 5744 ⁸⁵
2986 5713 3352 5784 Καρπιανοῦ.

3453 5719 3504 5748 ²⁶
3558 5716 3818 5789 ditty/tr.-
