4068 6266
531 277 638 340 239

532 413 639 466 que
719 396 772 448 in
859 392 1066 462 regiam
1147 397 1572 460 transportaret.

533 491 654 558 ejus
705 486 1028 557 Spatharius
1088 499 1247 538 unam
1303 491 1638 536 armatarum
1715 481 1782 536 ad
1827 478 1937 551 65
1975 493 2109 534 usus

535 583 760 636 bellicos
813 580 1028 632 navium
1083 577 1406 630 intraverat.
1473 576 1630 628 Hunc
1689 573 1850 642 longe
1903 569 2111 625 Palam-

535 680 692 747 logus
751 673 1040 742 agnitum,
1103 670 1308 738 quippe
1380 669 1510 722 olim
1583 667 1686 722 sibi
1782 664 2109 718 iatniliarem

533 769 756 838 propius
785 765 1057 820 accedens
1107 770 1372 816 consueta
1417 761 1510 814 illa
1557 767 1917 828 percontatur
1955 757 2112 812 unde

532 875 586 916 et
611 877 720 931 quo
745 860 874 922 iret,
908 873 970 911 ac
1019 867 1075 910 ut
1103 871 1162 910 se
1199 856 1252 908 in
1289 869 1480 908 navem
1519 852 1774 906 admittat
1803 851 1964 921 petit.
1997 849 2112 906 Me~

537 969 698 1009 tuens
737 951 1064 1022 Spatliarius
1095 947 1240 1018 quod
1293 947 1656 1016 l‘alteol0gum
1698 959 1822 998 eum
1861 953 2017 998 scuto
2059 949 2113 997 et

534 1046 715 1118 gla-lio
745 1051 994 1099 cerneret
1030 1062 1042 1095 :
1077 1040 1338 1094 Libenter
1369 1049 1422 1093 te
1451 1035 2110 1107 acciperem,respondit,

535 1140 644 1193 nisi
677 1137 918 1190 viderem
953 1141 1253 1187 armatum.
1299 1129 1374 1183 Ne
1409 1129 1480 1182 sit
1525 1129 1627 1182 hoc
1659 1129 1712 1182 in
1747 1141 1898 1180 mora
1932 1125 2110 1182 Geor-

535 1230 898 1304 giusinquit,
935 1226 1010 1280 En
1065 1227 1352 1278 acinacem
1411 1222 1667 1292 protinus
1721 1231 1775 1274 et
1816 1234 2006 1274 areum
2064 1219 2112 1274 si

533 1328 778 1394 recipere
817 1320 1018 1376 annuis
1053 1321 1286 1386 insuper
1331 1327 1385 1370 et
1429 1316 1640 1384 galeam
1679 1316 1907 1384 abjicio.
1941 1313 2114 1368 Secu-

535 1433 630 1471 rus
660 1431 726 1470 eo
753 1417 983 1484 pignore
1016 1409 1356 1480 Spatltarius
1402 1407 1768 1476 Palaeologum
1817 1411 1870 1460 in
1919 1421 2111 1460 navem

535 1507 766 1575 accipit,
792 1502 1035 1557 olliciose
1070 1503 1413 1568 amplectens
1454 1507 1622 1566 atque
1669 1499 1929 1550 osculans
1968 1505 2115 1550 vete—

535 1615 650 1654 rem
708 1596 970 1652 amicum.
1020 1594 1092 1649 At
1141 1597 1186 1648 is
1238 1592 1318 1646 vir
1367 1591 1660 1646 vehemens
1712 1591 2116 1658 cunctandiqne

536 1687 784 1751 nescius,
831 1703 899 1740 ne
937 1685 1219 1740 minimam
1261 1683 1480 1751 quidem
1523 1697 1731 1734 moram
1783 1682 2115 1750 interposuit

533 1782 830 1852 quominus
851 1779 1188 1833 destinatum
1207 1782 1621 1843 exsequeretur.
1639 1773 1893 1828 insiliens
1910 1772 2112 1840 quippe

535 1879 587 1928 in
629 1887 850 1944 proram
918 1871 998 1926 sic
1059 1868 1296 1936 remiges
1352 1867 1654 1934 all0quitut'
1689 1883 1700 1918 :
1741 1865 1879 1930 Quid
1928 1866 2107 1934 agitis,

527 1982 692 2034 quove
730 1963 946 2033 pergitis
979 1961 1242 2013 malorum
1276 1959 1544 2011 institores
1577 1959 1869 2026 ingentium
1895 1973 2011 2026 qua:
2057 1957 2111 2010 in

531 2069 702 2111 t-estra
747 2059 986 2125 ipsorum
1029 2052 1203 2118 capita
1240 2051 1496 2106 recident.
1543 2049 1764 2111 Civitas.
1800 2061 1856 2104 ut
1904 2050 2106 2114 videtis,

529 2157 690 2217 capta
720 2155 818 2202 est.
845 2145 1067 2214 Magnus
1105 2144 1194 2213 qui
1243 2143 1402 2197 modo
1440 2153 1554 2198 erat
1589 2143 1922 2196 domesticus
1971 2158 2109 2194 nunc

529 2252 602 2294 est
639 2242 930 2309 imperator
959 2238 1324 2302 acclantatus;
1361 2245 1598 2289 armatos
1627 2237 1744 2289 novi
1773 2237 1996 2302 Augusti
2026 2251 2112 2285 sa-

531 2327 723 2379 tellites
749 2327 985 2386 cernitis.
1012 2323 1482 2393 proclantattonem
1516 2327 1629 2392 ejus
1655 2341 1754 2394 qua
1784 2325 1902 2392 {ora
1930 2327 2110 2378 omnia

531 2430 820 2490 personant
863 2419 1104 2486 auditis,-
1155 2435 1258 2472 non
1300 2430 1376 2471 est
1429 2421 1586 2472 alteri
1637 2423 1778 2472 locus
1827 2421 1878 2471 in
1925 2421 2110 2472 throno

529 2514 698 2576 reqio.
741 2511 921 2565 Bonus
947 2511 1283 2576 Botaniates,
1327 2522 1456 2564 esto.
1497 2511 1600 2566 Sed
1649 2515 1814 2564 multo
1860 2511 2112 2566 Conmeni

533 2605 800 2658 meliores.
831 2603 1163 2656 Numerosus
1197 2603 1499 2656 Botaniatis
1537 2607 1822 2666 exercitus,
1869 2616 1926 2657 at
1963 2608 2111 2676 longe

537 2707 713 2750 uoster
745 2696 1096 2750 numerosior.
1139 2693 1263 2749 Non
1295 2697 1457 2765 igitur
1487 2708 1687 2764 oportet
1718 2708 1942 2752 vestram
1975 2701 2112 2767 ipsu-

537 2808 652 2842 rnm
682 2789 866 2854 vitam,
915 2803 1208 2857 uxoresque
1245 2804 1305 2841 ac
1360 2787 1546 2842 liberos
1597 2789 1815 2858 prodere
1867 2808 1976 2856 vos,
2021 2793 2111 2846 sed

539 2882 906 2936 animadverso
949 2881 1182 2934 civitatis
1226 2889 1372 2934 statu
1419 2899 1509 2949 per
1547 2899 1705 2952 quant
1741 2894 1878 2938 totus
1935 2899 2112 2938 noster

539 2981 756 3042 ungatur
808 2972 1070 3026 exercitus
1125 2971 1305 3038 palam
1371 2973 1538 3042 signis
1595 2977 1782 3029 erectis
1840 2975 2111 3044 liberaque

1825 267 2054 332 ΑΝΝιΕ
2091 265 2470 328 (ΙΟΜΝΕΝΑΞ
3661 273 3755 342 2m

1662 387 1858 444 Comes
1935 401 2108 456 porro
2139 390 2184 446 Δ
2214 386 2321 438 τῶν
2353 385 2672 455 πολεμικῶν
2705 385 2870 454 νηῶν.
2891 385 3169 456 Γνωρίσας
3191 381 3283 441 οὗν
3315 387 3476 443 αὐτὸν
3503 393 3762 464 πόρῤωθεν

2216 479 2382 534 πάλαι
2412 480 2620 549 συνήθη
2651 477 2843 532 τοῦτον
2877 479 3038 550 ἔχων,
3075 482 3470 550 παραπλεύσας
3495 489 3582 536 καὶ
3611 503 3761 554 προσ-

2217 572 2390 625 ειπὼν
2425 572 2574 644 αὐτῷ
2617 574 2685 626 τὰ
2725 574 2930 644 συνήθη
2956 614 2971 637 ,
3020 573 3356 628 ἐπυνθάνετο
3403 576 3522 630 ὅθεν
3555 579 3642 631 καὶ
3669 581 3764 650 ’όπη

2215 663 2547 734 πορεύεται,
2617 665 2714 720 καὶ
2773 665 2896 735 μεθ’
2945 667 3144 720 ἑαυτοῦ
3199 667 3565 722 ἀναλαϐέσθαι
3617 673 3764 726 αὐτὸν

2214 757 2392 826 ἠξίου.
2458 756 2516 808 Ὀ
2549 756 2606 809 δὲ
2655 757 2969 828 Σπαθάριος
3019 759 3230 830 ξιφήρη
3277 759 3465 813 τοῦτον
3505 762 3640 832 ὁρῶν
3687 767 3772 818 καὶ

2217 845 2424 900 ἀσπίδα
2459 847 2790 916 κατέχοντα,
2823 847 3104 914 δειλιάσας
3147 851 3282 920 φησὶ
3325 853 3462 922 πρὸς
3495 854 3683 907 αὐτόν·
3718 857 3772 908 Ei

2221 942 2294 1012 μή
2335 959 2392 994 σε
2425 941 2569 996 οὕτω
2603 943 3060 1014 καθωπλισμένον
3103 945 3294 1016 ἐώρων
3317 987 3332 1008 ,
3371 950 3676 1019 περιχαρῶς
3717 951 3775 1004 ἂν

2218 1033 2512 1104 ἐδεξάμην.
2551 1036 2611 1088 '0
2634 1035 2690 1088 δὲ
2727 1036 2872 1106 μάλα
2903 1037 3198 1107 προθύμως
3229 1041 3320 1092 καὶ
3341 1038 3440 1108 τὴν
3465 1041 3664 1094 ἀσπίδα
3693 1044 3778 1095 καὶ

2217 1125 2311 1178 τὸν
2339 1127 2615 1195 ἀκινάκην
2637 1128 2734 1180 καὶ
2760 1127 2862 1198 τὴν
2885 1128 3093 1198 κόρυθα
3125 1130 3428 1184 ἀποθέσθαι
3455 1133 3779 1198 κατετίθετο,

2216 1218 2266 1269 εί
2309 1219 2472 1287 μόνον
2507 1219 2728 1290 θελήσει
2758 1220 2950 1274 τοῦτον
2973 1219 3370 1275 ἀναλαϐέσθαι.
3414 1221 3505 1286 Ὧς
3535 1225 3592 1277 δὲ
3616 1242 3780 1279 κατα·

2221 1311 2450 1381 θέμενον
2509 1314 2674 1368 αὐτὸν
2735 1314 2804 1368 τὰ
2857 1316 3000 1368 ὅπλα
3055 1319 3082 1369 ὁ
3141 1317 3458 1386 Σπαθὰριος
3505 1319 3782 1386 ἐθεάσατο,

2221 1408 2691 1476 παρεκεχωρὴκει
2743 1408 3050 1478 τηνικαῦτα
3093 1409 3248 1478 αὐτῷ
3296 1411 3400 1479 τῆς
3445 1413 3528 1475 είς
3559 1412 3620 1463 τὸ
3665 1413 3787 1465 [διον

2219 1497 2407 1549 πλοῖον
2433 1499 2815 1564 είσελεύσεως,
2861 1501 2952 1551 καὶ
2999 1499 3367 1570 περιπλακεὶς
3413 1505 3788 1572 κατησπάζετο

2221 1587 2368 1655 μάλα
2395 1589 2726 1658 περιχαρῶς.
2780 1591 2841 1643 '0
2873 1590 2930 1642 δὲ
2967 1591 3356 1660 Παλαιολόγος,
3393 1593 3792 1664 όμϐριμοεργὸς

2220 1677 2294 1732 ὣν
2315 1678 2476 1749 ἀνὴρ,
2501 1680 2622 1734 οὐδὲ
2655 1681 2793 1751 πρὸς
2811 1681 2987 1752 βραχύ
3009 1685 3358 1754 περιμείνας,
3389 1684 3555 1754 ἔργου
3579 1687 3790 1755 ἥπτετο.

2220 1771 2330 1823 Καὶ
2365 1770 2440 1833 ὡς
2471 1771 2570 1842 τὴν
2603 1771 2648 1803 ⁷⁸
2679 1771 2909 1842 πρώραν
2935 1773 3232 1843 ἀλλόμενος
3260 1777 3390 1838 τοὺς
3413 1777 3610 1846 ἐρέτας
3643 1779 3788 1828 ἐπυν-

2213 1862 2426 1926 θάνετο,
2459 1859 2538 1925 Τι’,
2556 1863 2752 1931 λέγων,
2778 1866 3023 1933 ποιεῖτε,
3043 1865 3140 1920 καὶ
3159 1866 3277 1936 ὅπη
3301 1870 3639 1937 πορεύεσθε
3660 1869 3797 1922 κατὰ

2215 1953 2324 2022 τῆς
2370 1953 2546 2023 σφῶν
2602 1955 2878 2024 κεφαλῆς
2939 1959 3092 2012 κακὰ
3141 1959 3410 2028 μέγιστα
3459 1961 3803 2027 ἐπενεγκεῖν

2216 2047 2818 2114 πραγματευόμενος
2879 2049 2949 2102 Ἠ
3001 2050 3202 2115 πόλις,
3255 2053 3338 2116 ὡς
3395 2053 3598 2118 ὁρᾶτε,
3637 2053 3799 2107 ἑάλω.

2227 2133 2288 2185 '0
2319 2135 2466 2188 ποτὲ
2501 2140 2688 2206 μέγας
2731 2139 3092 2207 δομέστικος
3111 2183 3124 2206 ,
3169 2141 3288 2194 νῦν
3314 2143 3639 2208 βασιλεὺς
3667 2147 3809 2211 ἀνη-

2214 2227 2512 2293 γῴευτίυ,
2547 2229 2645 2280 καὶ
2678 2229 2819 2296 τοὺς
2859 2233 3246 2300 ὁπλοφόρους
3297 2234 3524 2301 ὁρᾶτε,
3565 2237 3664 2290 καί
3709 2237 3808 2303 τῆς

2213 2319 2515 2388 εὐφημίας
2547 2321 2837 2375 ἀκοὺετε”
2871 2325 2970 2376 καὶ
3007 2325 3211 2378 οὐκέτι
3248 2330 3468 2395 χώραν
3513 2328 3719 2396 ἕτερος
3749 2331 3813 2382 ἐν

2215 2412 2340 2476 τοῖς
2364 2413 2710 2480 βασιλείοις
2743 2415 2886 2480 ἕξει.
2915 2418 3115 2484 Καλὸς
3139 2420 3258 2488 μὲν
3289 2421 3412 2474 οὖν
3445 2426 3480 2478 ὁ
3503 2421 3811 2477 Βοτανειά-

2215 2522 2344 2572 της,
2393 2506 2555 2560 ἀλλὰ
2586 2508 2685 2562 καὶ
2723 2512 2777 2562 οἱ
2819 2511 3120 2579 Κομνηνοὶ
3161 2514 3382 2578 πολλῷ
3445 2518 3811 2582 κρείττονες.

2217 2598 2424 2664 Πολλὴ
2459 2599 2496 2664 ἡ
2533 2599 2638 2653 τοῦ
2669 2603 3073 2656 Βοτανειὰτου
3108 2609 3372 2672 στρατιὰ
3395 2649 3410 2674 ,
3457 2609 3630 2664 ἀλλὰ
3673 2612 3812 2662 πολ-

2213 2692 2555 2754 λαπλάσιος
2607 2694 2644 2759 ἡ
2695 2694 2975 2764 ἡμετέρα.
3027 2700 3109 2750 Οὐ
3157 2698 3276 2766 χρὴ
3329 2704 3674 2772 τοιγαροῦν
3711 2703 3818 2769 τὴν

2215 2784 2393 2851 σφῶν
2455 2784 2657 2838 αὐτῶν
2711 2785 2884 2854 ζωὴν,
2919 2788 3026 2854 τάς
3072 2808 3134 2844 τε
3171 2794 3483 2860 γυναῖκας
3525 2798 3627 2850 καὶ
3686 2796 3818 2860 τοὺς

2216 2877 2434 2942 παῖδας
2463 2878 2816 2946 προδοῦναι,
2844 2881 3006 2934 ἀλλὰ
3028 2883 3104 2948 δὴ
3133 2885 3247 2950 τὴν
3270 2888 3474 2940 πόλιν
3503 2887 3818 2958 περιαθρή-

2215 2983 2472 3034 ο-ιιντας,
2529 2969 2628 3022 καί
2673 2970 2741 3022 τὸ
2798 2974 3118 3028 ὁπλιτικὸν
3167 2976 3339 3030 ἅπαν
3395 2979 3588 3046 ἐντὸς
3637 2979 3820 3048 αὐτῆς

539 3082 658 3120 roce
705 3065 954 3118 Alexium
992 3066 1365 3130 imperatorem
1407 3066 1603 3133 ferens,
1645 3069 1898 3138 illumque
1941 3071 2109 3137 ipsum

2218 3060 2658 3129 θεασαμένους,
2694 3062 2801 3129 τάς
2825 3081 2888 3116 τε
2919 3067 3186 3133 σημαίας
3215 3069 3320 3121 καὶ
3361 3071 3489 3138 τὴν
3521 3074 3824 3142 εὐφημίαν

533 3155 828 3226 insignibus
853 3157 1060 3224 imperii
1093 3165 1344 3208 ornatum
1385 3173 1548 3224 usque
1591 3159 1643 3211 in
1686 3160 1829 3228 ipsas
1865 3161 1984 3230 jam
2009 3179 2110 3230 pa-

533 3256 654 3306 latii
685 3255 821 3322 [ores
849 3261 1180 3318 prosecutus.
1205 3269 1420 3320 proram
1453 3261 1711 3306 vertentes
1739 3255 1970 3308 accedite
2033 3257 2110 3308 vi-

527 3347 689 3412 ctori,
719 3355 768 3398 et
803 3355 1068 3396 certamen
1108 3355 1280 3396 uestra
1313 3347 1563 3412 pernicie,
1608 3349 1654 3398 si
1695 3347 1946 3401 obsistere
1979 3365 2110 3416 per-

532 3439 677 3508 gitis,
698 3436 1015 3489 duraturum
1033 3445 1243 3488 matura
1263 3437 1526 3488 deditione
1541 3437 1793 3501 dirimite,
1815 3442 2110 3494 conditione

534 3539 704 3584 vestra
739 3537 888 3581 tanto
927 3527 1114 3596 futura
1156 3529 1410 3592 meliore;
1443 3529 1580 3595 quod
1617 3531 1662 3582 si
1703 3533 1943 3598 arrt‘pitis
1989 3533 2110 3586 bene

534 3621 766 3676 merendi
818 3621 1144 3673 occasionem
1205 3636 1362 3672 novus
1415 3622 1656 3688 princeps
1709 3623 1944 3677 victoria:
1999 3639 2110 3678 sure

531 3721 734 3779 partem
771 3717 942 3762 vestro
981 3707 1227 3774 beneﬁcio
1254 3707 1530 3760 debiturus
1575 3717 1675 3761 est.
1709 3707 1808 3763 liis
1859 3713 2108 3779 persuasi

535 3810 716 3855 nautae
747 3815 938 3853 omnes
969 3800 1021 3852 in
1054 3799 1173 3868 ejus
1225 3801 1554 3854 sententiam
1605 3811 1930 3867 transeunt;
1981 3819 2106 3856 cum

532 3901 714 3945 autem
785 3889 840 3942 id
903 3890 1217 3959 spatharius
1269 3891 1498 3945 moleste
1557 3891 1758 3956 ferret,
1815 3891 2106 3965 Georgius,

531 3983 733 4050 quippe
767 3981 932 4036 homo
967 3983 1198 4034 bellator
1244 3990 1298 4035 et
1331 3997 1493 4036 manu
1545 3997 1848 4052 promptus.
1887 3987 2018 4040 forti
2056 3987 2104 4041 ei

533 4089 665 4128 voce
705 4077 946 4128 minatus
994 4083 1078 4128 est
1120 4089 1241 4128 sese
1277 4073 1426 4125 illum
1479 4075 1523 4128 si
1575 4089 1806 4128 renuere
1857 4087 2108 4148 pergeret

534 4175 760 4235 repente
789 4182 958 4234 supra
997 4167 1150 4220 foros
1199 4166 1356 4218 navis
1414 4166 1780 4221 astricturum
1843 4171 2104 4236 vinculis,

532 4258 670 4312 forte
695 4258 862 4312 etiam
893 4256 1018 4310 inde
1047 4255 1382 4325 praecipitem
1441 4257 1496 4310 in
1551 4257 1885 4327 profundum
1956 4264 2106 4332 abje-

533 4358 780 4402 eturum.
843 4347 964 4400 Mox
1013 4349 1463 4404 acclamationem
1495 4349 1666 4404 Alexii
1717 4354 1891 4422 praeit,
1942 4371 2104 4424 quam

533 4439 787 4492 alacriter
859 4454 1126 4508 excepere
1191 4443 1582 4512 prosecutique
1649 4456 1776 4500 suat
1845 4448 2102 4518 remiges.

533 4531 806 4595 Quoniam
889 4546 1018 4584 vero
1079 4533 1324 4586 nuntium
1393 4537 1710 4600 quiescebat
1783 4539 2106 4607 Spatliarius

534 4632 844 4693 correptum
882 4625 1032 4678 illum
1066 4633 1274 4680 ebtoto
1310 4628 1432 4682 nisu
1482 4629 1847 4686 reluctantem
1899 4636 2107 4702 majore

533 4718 582 4769 \i
617 4715 850 4772 domans
885 4717 936 4769 in
970 4721 1126 4773 navis
1159 4727 1454 4775 constrata:
1481 4722 1746 4788 tabulato,
1781 4735 1838 4778 ut
1869 4725 2104 4790 dixerat,

531 4807 772 4858 vinctum
805 4805 1082 4874 deposuit.
1115 4808 1344 4863 Paulum
1382 4810 1508 4865 inde
1543 4829 1876 4880 promoveus
1913 4818 2104 4888 clypeo

529 4897 860 4967 acinaceque
899 4909 1204 4968 resumpto,
1243 4916 1306 4956 eo
1337 4903 1564 4971 appellit
1601 4905 1690 4959 ubi
1726 4907 1924 4964 classis
1967 4920 2108 4974 erat,

530 4988 690 5058 cujus
725 5005 918 5044 omnes
954 5001 1204 5047 vectores
1249 5001 1558 5063 nautasque
1597 4996 1984 5066 imperatorem
2025 5017 2114 5055 ae-

530 5081 774 5135 clamare
833 5083 1086 5136 Alexium
1139 5099 1336 5154 magna
1389 5101 1522 5142 voce
1581 5089 1814 5156 prteiens
1869 5090 2106 5160 itnpulit.

529 5169 700 5224 Porro
733 5185 857 5223 eum
895 5171 978 5225 eui
1016 5174 1294 5243 negotium
1325 5175 1645 5234 Botaniates
1663 5179 1888 5234 dederat
1915 5184 2109 5242 classis

2216 3153 2504 3222 λαμπρὰν
2521 3156 2849 3224 γινομένην
2871 3157 3234 3225 ἀκούοντας,
3251 3163 3369 3216 τόν
3385 3182 3456 3218 τε
3475 3169 3631 3220 ποτὲ
3636 3167 3826 3238 μέγαν

2216 3247 2581 3316 δομέστικον
2625 3249 2744 3301 νῦν
2787 3251 3057 3314 βασιλέα
3083 3253 3207 3320 τοῖς
3227 3256 3608 3328 ,βασιλείοις
3647 3261 3825 3316 πελά-

2215 3338 2392 3397 ζοντα
2429 3339 2528 3391 καὶ
2553 3338 2668 3404 τὴν
2695 3341 3114 3410 αὐτοκράτοία
3135 3345 3348 3414 ἀρχὴν
3385 3349 3516 3418 ἤδη
3555 3351 3826 3419 περιζων-

2214 3431 2497 3498 νύμενεν,
2531 3432 2813 3499 πρύμναν
2829 3449 2890 3485 τε
2913 3436 3316 3502 κρούσίισθαι,
3341 3441 3698 3508 ἑτεραλκέα
3721 3443 3832 3510 τὴν

2213 3521 2392 3586 νίκην
2445 3519 2900 3586 ποιησαμένους
2961 3523 3124 3588 αὐτῷ
3173 3533 3596 3594 προσελθεῖν.
3669 3535 3732 3584 Οἱ
3779 3534 3834 3586 δὲ

2218 3611 2524 3678 τηνικαῦτα
2569 3613 2683 3672 τοῖς
2731 3612 2924 3666 τούτου
2967 3613 3148 3684 λόγοις
3192 3619 3574 3688 ὑπείξαντες,
3631 3627 3834 3688 πάντες

2213 3703 2310 3770 τῆς
2336 3703 2502 3754 αὐτοῦ
2535 3703 2762 3772 γνώμης
2794 3705 3074 3772 γεγόνασι.
3101 3707 3207 3760 Τοῦ
3237 3709 3302 3763 δὲ
3331 3715 3679 3786 Σπαθαρίου
3714 3720 3838 3772 δυσ-

2213 3795 2575 3865 χεραίνοντος,
2596 3797 2895 3866 ἠπείληκεν
2915 3799 2962 3830 '9
2978 3801 3005 3852 ὁ
3027 3802 3336 3871 ξιφηφόρος
3357 3803 3530 3872 οὗτος
3557 3812 3834 3882 Γεὼργιος

2214 3889 2240 3939 ὁ
2282 3887 2646 3956 Παλαιολόγος
2679 3889 2844 3942 αὐτοῦ
2895 3909 2998 3944 που
3045 3895 3138 3946 ἐπὶ
3185 3895 3278 3948 τοῦ
3335 3905 3838 3974 καταστρώματος

2214 3979 2313 4048 τῆς
2346 3979 2477 4043 νεὼς
2521 3980 2804 4050 δεσμήσας
2851 3983 3180 4038 καταλαϐεῖν
3217 3986 3288 4052 ⁸⁸,
3335 3991 3372 4060 ἦ
3411 3997 3570 4046 κατὰ
3603 3994 3701 4048 τοῦ
3743 3996 3836 4065 βυ-

2217 4071 2309 4124 θοῦ
2347 4069 2524 4140 ῥίψαι.
2569 4071 2748 4134 Εὐθὺς
2781 4067 2876 4125 οὖν
2912 4075 3011 4144 τῆς
3044 4077 3335 4146 εὐφημίας
3384 4085 3416 4136 ὁ
3451 4085 3843 4154 Παλαιολόγος

2213 4161 2435 4232 ἐξῆρχε,
2477 4162 2570 4214 καὶ
2601 4163 2697 4217 σὺν
2731 4163 2881 4233 αὐτῷ
2929 4166 2978 4216 οἱ
3013 4167 3222 4234 ἐρέται.
3269 4170 3388 4225 Τὸν
3423 4175 3490 4229 δὲ.
3521 4178 3842 4248 Σπαθαριον

2215 4256 2309 4308 καὶ
2349 4255 2425 4324 μὴ
2457 4254 2786 4324 βουλόμενον
2835 4258 2930 4309 καὶ
2957 4259 3413 4331 δυσχεραίνοντα
3449 4269 3526 4336 ³⁸,
3565 4272 3716 4324 κατά
3753 4271 3846 4323 τοῦ

2213 4349 2679 4418 καταστρώματος
2711 4347 2993 4417 δεσμήσας
3027 4351 3072 4382 ⁸³
3099 4354 3454 4426 κατέθηκεν.
3504 4361 3846 4429 Παραπλεύ-

2216 4457 2311 4503 σα;
2346 4441 2402 4492 δὲ
2435 4441 2656 4510 μικρὸν,
2683 4440 3130 4510 ἀναλαμϐάνεται
3163 4445 3256 4498 τόν
3286 4465 3358 4500 τε
3409 4453 3716 4522 ἀκινάκην
3757 4453 3849 4507 καὶ

2214 4535 2311 4594 τὴν
2343 4533 2546 4586 ἀσπίδα
2577 4533 2674 4585 καὶ
2699 4533 2842 4586 οὓτω
2880 4537 3241 4606 προσορμίξει
3269 4539 3430 4594 ὅπου
3467 4545 3498 4594 ὁ
3537 4548 3736 4607 στόλος
3759 4547 3852 4598 καὶ

2217 4625 2498 4694 πάνδημον
2530 4627 2769 4677 ἐποιεῖτο
2816 4626 2919 4698 ἤδη
2952 4628 3051 4696 τὴν
3089 4629 3422 4700 εὐφημίαν.
3471 4638 3770 4710 Ἐντυχὼν
3799 4639 3854 4692 δὲ

2215 4719 2306 4770 καὶ
2335 4717 2410 4787 τῷ
2443 4718 2806 4770 ἀποσταλέντι
2855 4720 3012 4791 παρά
3043 4721 3137 4774 τοῦ
3186 4723 3598 4784 Βοτανειάτου
3623 4773 3638 4796 ,
3676 4735 3764 4799 ἐφ’
3809 4724 3852 4798 ᾧ

2213 4811 2304 4864 τὸν
2356 4811 2547 4863 στόλον
2581 4810 2958 4864 ἀναλαϐέσθαι
2989 4853 3004 4877 ,
3047 4815 3141 4867 καὶ
3188 4815 3570 4887 διαπερᾶσαι
3607 4825 3708 4878 τὸν
3739 4826 3856 4878 Με-

2213 4903 2491 4974 λισσηνδν,
2526 4903 2690 4965 εὐθὺς
2717 4905 2985 4974 κατέσχεν
3011 4905 3197 4973 αὐτὸν,
3234 4911 3348 4963 καὶ
3383 4913 3572 4968 λῦσαι
3603 4919 3677 4970 τὰ
3709 4934 3852 4986 πρυ-

2218 5000 2424 5067 μνήσια
2456 4997 2869 5064 παρεκελεύετο
2897 5000 3011 5061 τοῖς
3062 5007 3390 5066 ναυτικοῖς.
3439 5007 3857 5072 Ἀποπλεύσιις

2211 5090 2304 5143 οὐν
2359 5088 2574 5142 ἐκεῖθεν
2631 5089 2852 5158 σύναμα
2905 5091 2980 5160 τῷ
3033 5091 3203 5162 στόλῳ
3232 5099 3706 5172 καταλαμϐάνει
3759 5103 3856 5170 τὴν

2214 5182 2514 5254 ἀκρόπολιν
2547 5180 2686 5252 (58),
2719 5182 2815 5251 τὴν
2846 5183 3124 5252 εὐφημίαν
3153 5183 3448 5260 λαμπρὰν
3487 5195 3857 5264 ποιούμενος.

1575 5291 1778 5353 Variae
1823 5295 2126 5362 lectiones
2179 5321 2256 5364 ex
2297 5301 2440 5364 cod.
2475 5297 2731 5360 Coislin.

597 5381 642 5455 '_’
699 5381 836 5455 πρὸς
907 5386 1025 5455 τήν.

1141 5388 1188 5418 ⁷³
1249 5389 1568 5460 ἠπείλησεν.

533 5451 576 5479 ³⁸³
603 5450 914 5522 δεσμώτην.

1675 5393 1720 5424 ³ο
1778 5394 2048 5468 δεσμότην
2104 5403 2457 5456 καταϐαλεῖν.

2566 5397 2610 5429 ⁸*
2669 5397 3096 5469 δυσχεραίνοντα
3154 5401 3250 5454 καὶ
3327 5406 3420 5478 μὴ
3486 5411 3858 5484 βουλόμενον.

1559 5553 1710 5614 Car.
1747 5552 2072 5617 Dufresnii
2109 5560 2202 5619 Du
2237 5559 2462 5636 Cangii
2493 5568 2680 5622 nota.

599 5645 710 5723 (58)
749 5647 874 5723 Thr
911 5648 1292 5723 ’Axpdrroltr.
1345 5651 1566 5706 Exstitit
1613 5653 1897 5723 Acropolis
1951 5657 2098 5710 (Ion-

521 5716 1022 5786 stantinopolitana'
1050 5721 1116 5776 ad
1149 5722 1416 5778 orientem
1463 5724 1516 5777 in
1579 5716 1774 5794 prima'
1809 5725 1957 5781 urbis
2013 5742 2098 5781 re-

2213 5659 2421 5742 gione.
2449 5670 2503 5741 et
2544 5663 2596 5715 in
2641 5663 3012 5742 primaeque,
3045 5679 3075 5718 e
3109 5667 3353 5734 regione
3397 5675 3672 5732 Scutai-ii
3701 5719 3717 5742 ,
3751 5680 3866 5733 sive

2220 5731 2478 5786 vernalici
2505 5731 2882 5803 promontorii,
2911 5735 2962 5791 in
2991 5731 3234 5793 extremo
3273 5745 3456 5803 urbis
3491 5731 3868 5823 anigiuio'pqui
