4068 6266
506 455 627 518 255’

1810 458 2035 518 ANNAB
2063 459 2461 520 COMNEN/E

3654 451 3763 514 256

511 566 718 633 filiique
747 572 950 619 statum
1004 576 1070 617 ac
1129 561 1453 634 dignitatem
1515 564 1710 619 idonea
1741 567 2000 622 cautione
2053 583 2084 621 a

2210 568 2414 637 ’μάτων
2463 560 2884 633 ἁναγκαζομένη
2935 559 3200 631 φῦσεως),
3253 559 3354 631 ήδῦ
3401 558 3503 630 μὶν
3553 559 3655 612 οὐκ
3701 562 3761 612 ὲν

508 657 809 712 victoribus
838 669 1096 726 expressa
1130 656 1477 711 munivisset.
1512 654 1643 710 Erat
1677 671 1739 710 ea
1768 656 2079 726 justissima

510 751 705 803 matris
765 763 896 803 cura
956 764 1056 818 pro
1103 763 1274 819 puero
1320 748 1640 804 festivitatis
1695 756 1750 803 et
1799 749 2082 815 elegantiae

510 841 872 904 admirabilis,
909 841 1087 896 adhuc
1117 842 1393 910 septenni,
1442 842 1628 910 (liceat
1665 841 1797 895 mihi
1840 842 1931 895 ubi
1993 858 2081 897 res

512 934 702 988 sinunt
734 934 1010 1003 indulgere
1034 933 1331 987 laudationi
1364 943 1631 1001 meorum)
1653 934 1813 1000 cujus
1837 934 2082 988 suavitas

513 1028 628 1082 sive
685 1025 982 1094 loquentis.
1035 1024 1152 1079 sive
1207 1024 1461 1077 ludorum
1517 1039 1716 1091 genere
1764 1024 1916 1076 vario
1948 1038 2085 1090 quos

514 1116 722 1170 ferebat
759 1125 893 1169 aetas
923 1127 1125 1183 corpus
1161 1111 1464 1168 scitissime
1526 1113 1819 1178 moventis,
1871 1113 2085 1182 judicio

512 1205 878 1274 Spectantium
938 1204 1356 1272 comparatione
1407 1204 1554 1258 omni
1618 1206 1873 1274 superior
1944 1214 2083 1259 erat.

513 1294 681 1348 Flava
732 1295 1009 1357 czesaries,
1048 1295 1195 1350 cutis
1247 1294 1490 1349 candore
1542 1294 1725 1361 lactis,
1774 1296 1955 1350 vivido
1995 1296 2087 1348 ubi

516 1400 658 1453 opus
693 1384 834 1440 foret
859 1385 1062 1440 rubore
1093 1399 1374 1455 resperso,
1409 1384 1633 1451 florens,
1660 1386 1839 1455 qualis
1888 1396 1972 1441 est
1998 1404 2090 1442 ro-

519 1490 704 1530 sarum
752 1476 985 1544 primum
1054 1477 1257 1532 calices
1312 1479 1708 1545 rumpentium.
1760 1479 1919 1533 Oculi
1978 1494 2085 1533 non

519 1566 655 1628 albi,
689 1566 782 1619 sed
810 1566 1004 1633 quales
1031 1567 1380 1635 accipitrum,
1413 1569 1782 1623 sciutillantes
1810 1570 1913 1625 sub
1946 1572 2089 1627 ciliis

518 1663 572 1708 et
601 1665 857 1721 tanquam
885 1671 947 1707 ex
983 1668 1149 1707 aurea
1177 1654 1295 1723 pala
1360 1670 1668 1723 gemmeum
1703 1655 1969 1724 fulgorem
2004 1660 2092 1712 itt-

520 1745 767 1800 credibili
816 1746 1113 1800 astantium
1153 1746 1430 1815 voluptate
1464 1748 1743 1802 vibrantes
1778 1766 1791 1808 ;
1844 1749 2088 1804 caelestis

520 1836 681 1904 plane
712 1832 885 1890 foru'ia
916 1844 970 1890 et
1019 1840 1254 1891 terrenaé
1300 1840 1681 1893 concretionis
1734 1856 1834 1893 usu
1887 1843 2090 1911 major,
2128 1877 2168 1931 Β

520 1941 683 1994 quam
716 1928 812 1995 qui
841 1938 1091 1982 cerneret
1121 1929 1341 1997 dignam
1376 1938 1594 1997 putaret
1621 1947 1742 2000 qua:
1772 1935 1947 1986 amori
1995 1934 2096 1987 tri-

522 2018 805 2072 bueretur.
836 2019 987 2075 Talis
1035 2024 1183 2088 pueri
1217 2021 1463 2077 Charitas
1492 2022 1679 2078 Mariae
1739 2040 1867 2079 vera
1928 2042 2095 2080 causa

520 2108 626 2163 fuit
658 2110 711 2163 in
746 2110 947 2179 palatio
984 2112 1238 2164 manendi
1268 2129 1283 2177 ;
1326 2113 1432 2182 72
1461 2114 1731 2183 quidquid
1764 2127 1957 2171 contra
1994 2119 2097 2171 fin-

523 2210 648 2270 gant
682 2215 824 2268 quos
858 2200 1200 2257 obtrectandi
1241 2208 1465 2275 prurigo
1505 2215 1674 2270 tenet,
1726 2224 1962 2277 quorum
1998 2226 2099 2267 nec

523 2291 729 2346 imitari
789 2293 980 2346 vitium
1021 2308 1123 2348 nec
1158 2296 1393 2363 probare
1450 2299 1783 2352 sententiam
1848 2316 2096 2369 possum,

523 2382 849 2438 certioi-ibus
879 2383 942 2437 ad
969 2385 1081 2438 veri
1115 2385 1272 2440 fidem
1302 2386 1594 2441 informata
1617 2387 1964 2444 documentis
1987 2391 2099 2443 Au-

524 2480 698 2541 gustae
725 2473 793 2527 de
825 2489 929 2539 qua
961 2475 1160 2543 loquor
1190 2477 1382 2546 ipsius,
1420 2477 1475 2532 in
1505 2479 1664 2548 cujus
1684 2496 1784 2550 ego
1815 2497 1843 2536 a
1873 2484 2099 2551 pueritia

526 2562 730 2615 nutrita
791 2562 914 2617 sinu
971 2564 1038 2618 ad
1094 2572 1306 2621 aetatem
1356 2583 1530 2636 usque
1580 2584 1746 2639 supra
1813 2581 2099 2627 octennem

529 2650 767 2708 adolevi.
795 2653 912 2718 Quo
939 2655 1050 2723 jam
1078 2666 1189 2709 tum
1215 2657 1304 2711 illa
1327 2675 1393 2712 ex
1417 2669 1660 2727 tempore
1679 2676 1776 2733 pro
1805 2667 2101 2719 tenerrimo

528 2757 714 2797 amore
746 2761 855 2812 quo
897 2763 980 2799 me
1014 2749 1480 2817 complectebatur
1511 2753 1647 2806 nihil
1694 2754 1825 2808 milii
1875 2771 2100 2811 suorum

529 2847 791 2888 arcanum
817 2836 1188 2894 volebatesse
1223 2857 1239 2895 :
1275 2842 1456 2911 itaque
1510 2858 1575 2897 ex
1614 2844 1702 2898 illa
1752 2848 1971 2900 memini
2021 2864 2106 2903 me

528 2926 732 2992 smpitts
757 2929 948 2984 audire
977 2945 1104 2984 cum
1142 2943 1397 2987 narraret
1421 2946 1686 3005 quantum
1714 2940 1766 2991 in
1800 2951 2004 2994 metum
2042 2946 2104 2994 de

531 3015 625 3070 filii
663 3022 971 3087 praesertim
1014 3023 1188 3079 salute
1216 3034 1328 3079 tum
1358 3028 1611 3081 inciderit
1639 3046 1763 3084 cum
1821 3033 2101 3088 cedentem

2183 659 2367 727 λόγοις
2401 657 2581 727 μόνον,
2614 653 2750 708 ἀλλὰ
2796 652 2893 706 καὶ
2926 656 2986 706 ὲν
3041 651 3325 715 παντοίαις
3379 651 3630 720 κινήσεσι
3666 650 3763 702 καὶ

2187 749 2581 819 περιπροφαῖς
2648 745 2915 812 παιγνίων
2987 741 3396 812 ἀπαρὰμιλλον,
3429 740 3505 803 ὡς
3533 740 3585 792 οἱ
3636 739 3763 792 τότε

2188 841 2455 910 παρόντες
2488 837 2713 903 ὔστερον
2747 836 2952 903 ἔλεγον,
2986 834 3178 898 ξανθὸν
3210 834 3305 887 καὶ
3327 832 3546 896 λευκὸν,
3574 830 3767 899 ὥσπερ

2190 930 2331 998 γάλα
2374 927 2723 997 ἐρυθήματος
2757 926 2954 995 μεστὸν
2993 926 3129 979 ὅπου
3155 925 3289 990 δέοι,
3324 926 3422 977 καὶ
3474 925 3659 978 ὁποῖον
3693 923 3764 976 τὰ

2189 1019 2301 1071 τῶν
2346 1018 2602 1070 καλύκων
2664 1022 2792 1086 ἄρτι
2829 1016 3276 1086 ὲξαστράπτοντα
3317 1015 3467 1084 ῥόδαο
3514 1015 3641 1069 οίδὲ
3666 1014 3770 1081 ὀφ-

2192 1109 2389 1179 θαλμοὶ
2422 1109 2483 1161 οὐ
2524 1108 2728 1170 λευκοὶ,
2776 1107 2897 1161 ἀλλ’
2949 1107 3170 1177 ἱέρακος
3203 1107 3442 1169 ἐοικότες
3496 1105 3590 1159 καὶ
3624 1107 3771 1174 λάμ·

2193 1215 2388 1261 ποντες
2438 1198 2552 1267 «72)
2611 1199 2717 1252 ὑπὸ
2770 1200 2897 1261 ταῖς
2959 1197 3213 1267 ὀφρύσιν,
3257 1197 3448 1268 ὥσπερ
3483 1199 3540 1250 ἐν
3591 1200 3770 1268 χρυσῇ

2193 1291 2475 1361 σφενδόνῃ·
2519 1290 2591 1344 κά
2603 1289 2822 1343 ντεῦθεν
2848 1289 3127 1352 ποικίλαις
3154 1287 3380 1359 τέρψεσι
3411 1288 3614 1358 τέρπον
3641 1288 3776 1350 τοὺς

2193 1384 2459 1454 ὁρῶντας,
2493 1381 2745 1451 οὐράνιόν
2785 1398 2844 1434 τε
2879 1382 2972 1434 καὶ
3003 1381 3105 1434 οὐκ
3161 1381 3409 1445 ἐπίγειον
3454 1378 3646 1441 κάλλος
3681 1378 3777 1431 δο-

2194 1473 2347 1538 κοῦν,
2382 1473 2476 1525 καὶ
2521 1472 2582 1525 τὸ
2630 1472 2774 1536 ὅλον,
2810 1466 2963 1523 εἶπεν
3022 1470 3087 1524 ἀν
3120 1487 3204 1533 τις
3261 1468 3412 1532 ἰδὼν,
3453 1468 3642 1521 όποίον
3679 1468 3775 1520 τὸν

2195 1564 2377 1632 ἔρωτα
2399 1563 2724 1632 γράφουσιν.
2777 1562 2928 1631 Αὕτη
2957 1562 2993 1630 ἡ
3042 1559 3249 1630 ἀληθὴς
3279 1559 3429 1613 αίτία
3456 1558 3556 1628 τῆς
3581 1560 3661 1622 είς
3703 1557 3779 1610 τὰ

2196 1654 2443 1723 βασίλεια
2472 1654 2570 1722 τῆς
2597 1652 2870 1723 βασιλίδος
2914 1651 3301 1722 ὲγκαρτερίας.
3348 1649 3492 1718 Ἐγὼ
3536 1651 3648 1720 γὰρ
3681 1650 3779 1702 καὶ

2194 1747 2369 1810 ἄλλως
2399 1745 2558 1815 φύσει
2590 1745 2651 1797 τὸ
2679 1745 2984 1813 λογοποιεῖν
3005 1745 3102 1798 καὶ
3128 1743 3294 1797 καινά
3326 1760 3450 1797 τινα
3498 1742 3780 1796 ἀναπλᾶτο

2195 1855 2312 1891 τειν
2392 1838 2840 1906 ἀποστρέφομαι,
2895 1837 3072 1889 εἰδυῖα
3125 1834 3356 1905 σύνηθες
3427 1833 3586 1886 τοῦτο
3634 1827 3781 1885 εἶναι

2197 1932 2308 1991 τοῖς
2362 1928 2599 1993 πολλοῖς,
2640 1928 2734 1980 καὶ
2785 1928 2983 1998 μᾶλλον
3029 1927 3271 1997 ὁπηνίκα
3300 1925 3406 1979 ὑπὸ
3444 1925 3641 1994 φθόνου
3682 1925 3782 1977 καὶ

2198 2022 2560 2092 χαιρεκακίας
2608 2020 2930 2082 ἁλίσκοιντο,
2965 2020 3059 2073 καὶ
3090 2020 3154 2072 οὐ
3185 2018 3325 2087 ταχὺ
3350 2019 3471 2080 ταῖς
3501 2015 3783 2078 διαϐολαῖς

2204 2114 2563 2183 συμφέρομαι
2588 2113 2698 2166 τῶν
2733 2111 2968 2165 πολλῶν
3001 2109 3138 2164 ἀλλὰ
3183 2110 3279 2163 καὶ
3313 2107 3540 2164 ἄλλοθεν
3589 2106 3688 2178 την
3722 2108 3785 2158 ὲν

2199 2210 2314 2269 τοῖς
2346 2207 2611 2269 τοιούτοις
2632 2205 2937 2275 ἀσφάλειαν
2971 2203 3155 2273 ἔσχον,
3180 2205 3248 2256 ὲκ
3293 2202 3587 2272 παιδαρίου
3608 2202 3628 2232 ⁸
3657 2216 3789 2252 συν-

2205 2299 2477 2368 τραφεῖσα
2522 2300 2587 2364 τῇ
2632 2294 2889 2365 βασιλίδι,
2951 2294 3043 2345 καὶ
3063 2291 3217 2345 οὔπω
3240 2292 3332 2344 τὸν
3372 2289 3559 2357 ὃγδοον
3593 2290 3768 2354 ὑπερ-

2211 2391 2450 2443 ελάσασα
2542 2388 2756 2458 χρόνον.
2815 2385 2958 2438 Πολὺ
3016 2384 3073 2438 δὲ
3125 2382 3186 2437 τὺ
3246 2381 3378 2452 περὶ
3419 2381 3519 2450 ἐμὲ
3560 2380 3789 2449 φίλτρον

2212 2483 2440 2553 ἔχουσα,
2473 2482 2582 2533 τῶν
2611 2479 2939 2549 ἀπορρήτων
2989 2477 3206 2530 πάντων
3261 2473 3651 2542 κεκοινώνηκε.
3676 2470 3794 2524 Καὶ

2211 2574 2418 2627 πολλῶν
2454 2573 2551 2642 μὲν
2587 2572 2683 2624 καὶ⁵
2713 2569 2887 2623 ἄλλων
2915 2568 3043 2639 περὶ
3076 2567 3284 2619 τούτων
3323 2566 3589 2634 λεγόντων
3639 2563 3791 2631 ἀκήο

2212 2685 2333 2730 κοα,
2370 2667 2463 2719 καὶ
2515 2665 2653 2733 πρὸς
2693 2664 2887 2725 ἄλλους
2947 2660 3386 2729 διαφερομένων,
3417 2658 3524 2711 τῶν
3557 2657 3657 2726 μὲν
3691 2654 3795 2709 οὗ·

2209 2778 2341 2821 τως,
2370 2756 2478 2810 τῶν
2517 2755 2574 2809 δὲ
2604 2754 2777 2817 οὕτως
2816 2753 3317 2823 ἐκλαμϐανομένων
3355 2749 3425 2803 τὰ
3475 2750 3596 2802 τότε
3641 2763 3797 2815 πρα-

2212 2851 2438 2921 χθέντα,
2467 2849 2705 2902 ἑκάστου
2731 2846 2868 2915 πρὸς
2897 2845 2993 2913 τὴν
3028 2843 3164 2897 ἰδίαν
3187 2843 3284 2911 τῆς
3301 2843 3481 2912 ψυχῆς
3510 2839 3799 2893 κατάστα-

2214 2962 2318 3006 σιν,
2356 2943 2449 2996 καὶ
2482 2942 2557 3002 ὡς
2593 2940 2727 3009 πρὸς
2751 2939 2922 3006 αὐτὴν
2968 2938 3181 2998 εὐνοίας
3211 2936 3243 3006 ἢ
3279 2935 3469 3004 μίσους
3525 2929 3661 3000 εἶχε,
3689 2932 3797 2983 καὶ

2210 3036 2269 3089 οὐ
2299 3036 2505 3095 πάντας
2537 3036 2635 3099 τῆς
2682 3030 2856 3095 αὐτῆς
2890 3028 3078 3099 ἑώρων
3107 3028 3333 3096 γνώμης
3367 3044 3377 3056 ι
3420 3024 3688 3095 ὴκηκόειν
3726 3023 3798 3075 δὲ

529 3111 765 3178 imperio
822 3112 1159 3169 Botaniatem
1227 3117 1386 3171 vidit.
1430 3119 1585 3184 Quod
1621 3122 1874 3189 equidem
1905 3140 2026 3177 meo
2057 3132 2105 3179 ct

2212 3125 2476 3187 πολλάκις
2508 3126 2601 3177 καὶ⁹
2624 3123 2793 3191 αὐτῆς
2822 3120 3193 3190 διηγουμένης
3226 3117 3400 3170 ὁπόσα
3440 3112 3799 3182 ξυμϐέϐηκεν

529 3204 793 3265 veritatis.
838 3216 894 3261 ιιι
921 3223 1101 3276 spero,
1152 3210 1449 3265 amantium
1501 3212 1707 3281 judicio
1750 3214 1892 3269 haud
1946 3217 2105 3285 paulo

2210 3220 2369 3286 αὐτῇ,
2402 3216 2497 3269 καὶ
2552 3217 2631 3277 εἰς
2690 3208 2805 3266 οἷον
2870 3211 3036 3278 φόϐον
3098 3210 3191 3263 καὶ
3250 3208 3449 3276 μᾶλλον
3508 3205 3636 3273 περὶ
3690 3203 3802 3256 τοῦ

531 3304 617 3350 est
659 3313 720 3351 ve
755 3298 1037 3365 isimilius,
1092 3317 1255 3370 quam
1292 3303 1396 3357 alia
1429 3320 1551 3372 quae
1582 3307 1756 3360 multa
1789 3306 2044 3361 feruntur
2079 3324 2105 3363 a

2213 3309 2401 3371 παιδὸς
2446 3306 2778 3370 ἐπεπτώκει,
2819 3304 3059 3374 ὁπηνίκα
3101 3303 3128 3354 ὁ
3175 3300 3427 3371 βασιλεὺς
3473 3296 3806 3364 Νικηφόρος

535 3387 702 3441 variis
736 3391 881 3443 varia
920 3401 1080 3460 prout
1109 3396 1345 3464 quisque
1373 3394 1636 3452 benevole
1664 3406 1757 3452 aut
1797 3414 1956 3453 secus
1979 3414 2105 3470 erga

2210 3401 2305 3471 τὴν
2355 3397 2629 3468 βασιλείαν
2661 3396 2966 3450 ἀπετίθετο.
3006 3394 3115 3447 Καὶ
3153 3394 3293 3445 κατά
3322 3407 3386 3462 γε
3418 3390 3519 3455 ἐμὲ
3562 3387 3807 3459 κριτὴν,

538 3478 689 3530 illam
729 3478 956 3534 allectus
988 3491 1094 3536 est.
1151 3483 1224 3538 De
1284 3501 1391 3553 qua
1425 3487 1587 3541 modo
1615 3488 1760 3542 dit-ta
1814 3489 2105 3546 sulliciant.

2211 3491 2308 3546 καὶ
2339 3492 2462 3552 τοὺς
2496 3489 2722 3551 πολλοὺς
2748 3488 2855 3540 τῶν
2884 3486 3121 3559 ἀρίστων
3162 3486 3257 3537 καὶ
3288 3480 3548 3551 ἀληθείας
3583 3481 3799 3548 ἐπιμε-

534 3570 801 3625 Caeterum
830 3574 1054 3627 Alexius
1086 3584 1236 3644 pater
1259 3593 1414 3632 meus
1454 3595 1628 3635 novus
1672 3582 1965 3650 imperator
2013 3585 2105 3637 in-

2211 3584 2485 3653 λουμένων
2552 3582 2580 3634 ό
2603 3580 2695 3633 τοῦ
2732 3578 2922 3641 παιδὸς
2965 3578 3127 3639 πόθος
3185 3573 3354 3642 αὐτὴν
3394 3576 3451 3625 ὲν
3481 3565 3594 3633 τοῖς
3632 3572 3812 3640 βασι-

537 3678 763 3731 gressus
827 3665 1112 3734 palatium,
1174 3670 1455 3739 propriam
1508 3671 1795 3741 conjugeui
1854 3673 2105 3741 quintum

2214 3672 2382 3735 λείοις
2423 3673 2559 3742 πρὸς
2592 3670 2775 3735 ὀλίγον
2806 3668 2929 3721 τότε
2970 3666 3330 3734 κατέσχηκεν.
3369 3661 3533 3717 Ἀλλά
3571 3660 3638 3713 τὰ
3694 3661 3810 3728 μὲν

536 3754 809 3809 decimum
843 3759 1018 3813 aetatis
1048 3768 1295 3828 agentem
1329 3776 1532 3816 anitum
1564 3780 1687 3819 cum
1737 3768 2025 3822 sororibus
2051 3784 2105 3822 ac

2214 3763 2343 3832 περὶ
2376 3764 2471 3830 τῆς
2506 3760 2772 3831 βασιλίδος
2808 3758 3027 3828 Μαρίας
3061 3755 3323 3809 τοσαῦτα.
3383 3753 3440 3805 '0
3472 3752 3531 3806 δέ
3558 3767 3622 3820 γε
3650 3749 3814 3811 τέως

538 3855 733 3911 matre,
774 3846 1129 3917 Ca-sareque,
1154 3859 1388 3921 paterno
1421 3853 1596 3923 ipsius
1623 3871 1746 3923 avo,
1779 3858 1833 3911 in
1869 3858 2105 3913 inferior;

2214 3854 2325 3906 τῶν
2356 3853 2656 3922 σκήπτρων
2678 3849 3016 3919 δραξάμενος
3081 3846 3314 3911 Ἀλέξιος
3345 3847 3373 3898 6
3424 3844 3556 3914 ὲμδς
3607 3842 3813 3912 πατὴρ

538 3938 742 4007 palatio
772 3942 1013 4013 reliquit.
1052 3944 1144 3999 Sic
1167 3948 1313 4000 enim
1353 3964 1379 4001 a
1408 3950 1517 4004 situ
1568 3950 1673 4005 loci
1738 3955 1922 4006 vocari
1986 3968 2120 4007 con-

539 4039 812 4086 sueverat.
851 4030 969 4101 lpse
998 4045 1178 4090 autem
1208 4054 1330 4091 cum
1364 4040 1630 4096 fratribus
1663 4051 1837 4096 matre
1869 4059 1932 4097 ac
1993 4061 2120 4112 pro-

539 4121 758 4188 pinquis
813 4123 1180 4194 allinibusque
1230 4129 1489 4196 superius
1540 4131 1804 4198 palatium
1856 4133 2114 4199 obtinuit,

539 4212 763 4277 quodet
800 4211 1074 4268 Bucoleon
1127 4217 1571 4283 cognominatur,
1603 4222 1697 4274 tali
1752 4225 1988 4289 quadam
2050 4226 2119 4287 de

539 4316 732 4356 causa.
789 4302 907 4357 Non
965 4304 1126 4374 longe
1175 4320 1206 4359 a
1266 4310 1439 4363 muris
1496 4311 1618 4379 ejus
1676 4323 1868 4382 portus
1923 4314 2120 4370 visitur

542 4407 820 4447 marmore
854 4394 1182 4462 aedificatus,
1217 4413 1415 4469 magno
1449 4403 1579 4456 olim
1615 4414 1861 4474 sumptu,
1897 4405 1987 4460 ubi
2034 4408 2119 4462 lco

545 4485 790 4555 lapideus
817 4495 1034 4543 taurum
1077 4492 1246 4560 capit,
1283 4501 1342 4546 ut
1372 4493 1587 4563 species
1638 4496 1882 4563 simulat,
1936 4496 2118 4551 vivum

543 4588 596 4630 et
630 4579 1012 4635 reluctantem.
1043 4580 1149 4637 Sed
1178 4584 1264 4637 leo
1289 4584 1485 4640 fortior
1512 4595 1733 4657 arrepto
1759 4588 1919 4644 bovis
1941 4605 2118 4644 cornu

542 4668 810 4723 cervicem
844 4669 966 4739 ejus
1002 4673 1283 4728 mordicus
1320 4691 1576 4744 premens
1611 4693 1788 4748 usque
1822 4679 1876 4732 in
1938 4680 2117 4750 ipsum

612 4887 634 4918 ⁹
666 4890 941 4947 παιδόθεν.
1020 4896 1063 4926 ¹⁰
1095 4895 1376 4950 παλάτιον.

2212 3948 2345 4000 εἴσω
2384 3945 2494 3999 τῶν
2547 3944 2836 4014 βασιλείων
2861 3941 3175 4011 γενόμενος,
3208 3939 3310 4009 τὴν
3364 3937 3462 4007 μὲν
3499 3934 3636 3989 ἰξίαν
3676 3934 3787 3988 σὺν

2212 4056 2364 4093 ευνον
2434 4035 2921 4090 πεντεκαιδέκατον
3001 4033 3121 4094 ἔτος
3182 4032 3426 4099 ἄγουσαν
3453 4070 3469 4093 ,
3523 4028 3622 4080 σὺν
3686 4030 3818 4088 ταῖς

2214 4131 2474 4199 ἀδελφαῖς
2523 4126 2617 4181 καὶ
2672 4125 2841 4197 μητρὶ
2879 4125 2972 4178 καὶ
3034 4122 3272 4193 Καίσαρι
3292 4119 3370 4192 τῷ
3397 4118 3530 4190 πρὸς
3592 4118 3820 4188 πατρὸς

2216 4224 2387 4291 αὐτῆς
2423 4221 2633 4288 πάππῳ
2657 4220 2713 4270 ὲν
2742 4216 2820 4287 τῷ
2848 4218 3004 4270 κάτω
3035 4213 3424 4270 καταλελοίπει
3454 4209 3718 4281 παλατίῳ
3743 4211 3816 4262 ⁸⁸).

2216 4315 2379 4369 Οὕτω
2416 4313 2524 4382 γὰρ
2549 4310 2753 4379 ἔφθασε
2806 4309 3115 4373 καλεῖσθαι,
3165 4306 3274 4360 ἀπὺ
3336 4306 3435 4373 τῆς
3480 4302 3577 4356 τοῦ
3630 4305 3821 4357 τόποι)

2216 4409 2419 4470 θέσεως
2451 4406 2548 4477 τὴν
2601 4403 2917 4473 ἐπωνυμίαν
2988 4400 3173 4472 λαχόψ
3216 4398 3380 4460 αὐτὸς
3412 4397 3469 4450 δὲ
3512 4394 3657 4466 μετά
3700 4396 3825 4449 τῶν

2223 4501 2466 4569 ἀδελφῶν
2507 4498 2603 4551 καὶ
2653 4497 2752 4565 τῆς
2806 4496 3030 4566 μητρὸς,
3075 4493 3170 4546 καὶ
3228 4492 3338 4546 τῶν
3375 4491 3436 4554 ἐξ
3482 4489 3824 4559 ἀγχιστείας

2227 4590 2621 4660 προσηκόντων
2656 4585 2807 4657 αὺτῷ
2841 4583 3133 4653 γαμϐρῶν,
3188 4583 3270 4643 είς
3303 4579 3365 4633 τὸ
3405 4578 3825 4649 ὑπερκείμενον

2233 4683 2349 4752 (7'5)
2383 4681 2649 4734 παλάτιον
2681 4680 2912 4742 ἄνεισιν,
2942 4676 2970 4729 δ
2999 4676 3093 4728 καὶ
3126 4672 3439 4726 Βονκολέων
3473 4669 3588 4741 (Ἠ)
3613 4671 3828 4723 ἐπονο-

1556 4797 1754 4859 Varias
1788 4798 2089 4861 lectiones
2121 4814 2202 4859 ex
2262 4796 2407 4859 cod.
2434 4793 2706 4891 _Coislin.

1558 4990 1699 5052 Car.
1742 4989 2064 5051 Dufresnii
2098 4988 2192 5050 Du
2228 4984 2449 5063 Cangii
2497 4990 2686 5045 notae.

613 5088 727 5163 (72)
753 5093 863 5149 Kal
901 5091 1265 5163 λάμποντες.
1296 5090 1391 5147 Vel
1423 5108 1487 5147 ex
1520 5093 1626 5147 hoc
1663 5095 1831 5146 Amne
1870 5094 1990 5147 loco
2033 5109 2128 5161 pa-

544 5166 621 5230 tet
657 5162 881 5216 minime
923 5178 951 5216 a
981 5162 1317 5225 illotaniata,
1364 5173 1485 5230 post
1536 5171 1720 5217 actum
1778 5165 1830 5215 in
1868 5164 2123 5217 ordinem

544 5229 885 5302 Micliaelcm,
913 5233 1198 5302 ademptos
1222 5229 1590 5287 Constantino
1613 5234 1730 5297 ejus
1764 5234 1876 5288 lilio
1903 5237 2121 5298 oculos,

549 5301 694 5368 quod
741 5318 1022 5372 perperam
1080 5301 1249 5357 tradit
1297 5303 1598 5358 0rdericus
1646 5302 1867 5366 Vitalis,
1896 5305 1989 5356 lib.
2025 5318 2120 5366 vn,

553 5384 674 5440 pag.
704 5372 831 5438 640,
858 5383 916 5426 ιιι
951 5389 1050 5429 nec
1077 5374 1145 5429 ab
1172 5373 1363 5436 Alexio
1396 5374 1448 5426 in
1482 5376 1875 5426 monasterium
1902 5374 1959 5426 S.
1993 5374 2123 5440 Cyri

552 5443 876 5495 translatum
941 5443 1390 5507 Constantinum,
1451 5441 1543 5496 ubi
1579 5452 1637 5495 ut
1682 5443 1876 5496 mundo
1914 5443 2123 5496 inutilis

554 5514 842 5582 monac/ius
878 5514 1050 5582 factus
1089 5515 1180 5577 sit,
1229 5513 1473 5582 omnique
1527 5513 1634 5582 vita
1666 5528 1764 5565 sua
1797 5529 1918 5566 cum
1954 5515 2122 5567 servis

551 5576 651 5632 Ι)εὲ
671 5576 1026 5651 coniurarant:
1050 5586 1116 5637 sit
1136 5576 1323 5651 :Vqttod
1342 5576 1627 5649 sequentia
1657 5582 1791 5636 satis
1819 5583 2122 5638 tleclal'attl.

627 5650 739 5719 (75)
771 5655 875 5718 Εἰς
919 5654 984 5705 τὸ
1014 5650 1469 5722 ὑπερκείμενον.
1524 5651 1789 5721 Superius
1837 5655 2125 5721 palatium,

557 5735 651 5771 seu
689 5724 868 5784 potius
902 5723 1076 5789 Magni
1111 5723 1294 5789 palatii
1338 5721 1658 5787 triclinium,
1690 5724 1763 5775 ita
1795 5722 2124 5790 appellatum

562 5805 816 5854 iespccm
856 5792 1158 5851 inferioris,
1188 5792 1347 5857 cujus
1380 5791 1623 5845 hocloco
1660 5793 1902 5843 meminit
1933 5794 2084 5846 Anna
2113 5812 2125 5847 :

562 5860 644 5911 ἰιι
671 5860 1053 5919 ὑπερκείμενα
1082 5862 1191 5913 τῶν
1223 5862 1539 5926 ἀνακτόρων
1592 5860 1766 5914 eidem
1803 5862 1995 5929 Annae,
2037 5864 2129 5917 lib.

2226 5107 2339 5155 τιν,
2384 5104 2506 5158 pag.
2546 5088 2683 5158 455;
2715 5087 2783 5139 τὰ
2818 5086 3056 5140 παλὰτια
3092 5086 3160 5140 τά
3215 5082 3741 5158 sariunt,“liiodino.L
3764 5085 3825 5138 tiu

2229 5154 2540 5231 OrigXpag.
2580 5157 2685 5221 50;
2720 5160 3114 5231 supereminens
3174 5158 3344 5231 regia,
3378 5154 3659 5231 Willeluto
3701 5156 3827 5223 Ty-

2234 5224 2347 5292 rio;
2374 5224 2466 5283 lih.
2495 5224 2596 5290 αι,
2625 5242 2747 5294 cap.
2784 5224 2888 5291 25;
2927 5226 3073 5295 quod
3111 5224 3322 5280 scilicet
3358 5241 3423 5279 ea
3456 5224 3644 5295 palatii
3683 5240 3825 5291 pars

2229 5301 2284 5352 in
2323 5300 2534 5352 tumulo
2565 5312 2716 5350 mare
2749 5294 3041 5363 attingenti
3094 5298 3147 5350 in
3192 5296 3540 5350 altitudinem
3585 5294 3825 5363 circiter

2224 5379 2448 5423 centum
2506 5382 2768 5436 passuum
2819 5361 2994 5429 edito,
3050 5377 3111 5419 ut
3173 5375 3364 5420 auctor
3418 5371 3505 5417 est
3572 5361 3828 5436 Gyllius,

2227 5438 2321 5491 lih.
2365 5456 2404 5499 t,
2442 5430 2623 5492 Déscr.
2662 5435 2775 5491 ΕΡ.
2807 5451 2929 5504 cap.
2975 5436 3027 5499 7,
3060 5444 3341 5490 exstructa
3394 5441 3564 5488 esset.
3621 5430 3827 5501 Hujus

2220 5510 2563 5562 conditorem
2618 5504 2988 5574 Nicephorum
3062 5505 3323 5561 Phocam’
3378 5504 3556 5557 fuisse
3617 5513 3828 5574 censet

2222 5576 2621 5640 Rhamnusius,
2657 5573 2803 5645 quod
2839 5590 2958 5630 eam
3000 5576 3186 5645 palatii
3240 5581 3474 5645 partem,
3503 5587 3674 5641 quam
3710 5573 3828 5624 im-

2224 5648 2456 5701 modicis
2502 5646 2790 5711 iuipensis,
2823 5646 2997 5703 muris
3041 5646 3304 5710 cinxisse,
3338 5655 3392 5701 et
3430 5645 3591 5696 novis
3619 5646 3833 5711 operi-

3406 5714 3513 5767 bus
3545 5715 3831 5768 manilius

2305 5858 2420 5931 (74)
2457 5856 2836 5913 Βουκολέων.
2894 5858 3076 5925 Anna,
3104 5855 3204 5923 lib,
3236 5868 3333 5920 vn,
3394 5850 3465 5907 de
3511 5850 3839 5923 Porphym
