4068 6266
243 284 351 350 2H

1548 290 1971 352 ALEXIADIS
2010 290 2162 353 LIB.
2191 289 2309 353 IlI.

3435 290 3543 356 262

241 400 439 472 τὰρς)
473 400 625 455 ἀλλᾶ
660 402 762 471 τὴν
818 400 927 453 τῶν
981 403 1270 472 Ῥωμαίων
1295 404 1570 474 βασιλείαν
1592 406 1636 436 ¹⁶
1682 421 1833 475 παρα

1970 411 2121 457 rator
2156 402 2374 458 Alexius
2402 402 2536 456 nihil
2570 417 2811 473 unquam
2840 403 2947 459 tale
2976 419 3043 459 ne
3076 404 3375 473 primarum
3413 412 3542 478 qui-

246 495 458 559 λαϐὼν,
504 494 656 564 ἀνὴρ
690 496 750 547 ἐν
802 496 934 549 πᾶσι
987 496 1318 566 δραστήριος
1354 498 1462 550 τῶν
1524 498 1662 550 ὅλων
1694 498 1856 560 εὐθὺς

256 590 617 657 τραγμάτων
678 587 916 654 γίνεται,
967 589 1063 640 καὶ
1095 588 1169 651 ὡς
1210 589 1277 641 ἂν
1320 590 1471 642 εῐποι
1513 606 1595 652 τις
1629 590 1704 652 ὼς
1748 592 1857 643 άπὸ

254 680 486 746 κέντρου
519 676 636 727 τῶν
679 678 941 730 ἁπάντων
971 678 1331 747 κατάρχεται.
1382 679 1721 747 Ἀνίσχοντος
1748 679 1855 749 γὰρ

257 770 412 837 ﬁlim
444 771 524 829 εἰς
549 769 621 820 τὰ
650 768 903 836 βασίλεια
958 771 1237 835 εἰσελθὼν,
1270 771 1453 842 πρὶνῆ
1486 772 1576 823 τὸν
1618 773 1727 825 ἀπὸ
1754 776 1854 842 τῆς

262 860 508 921 στάσεως
566 861 855 913 κονίσαλον
919 860 1373 926 ἀποτινάξασθαι,
1443 866 1536 916 καὶ
1592 864 1653 915 τὸ
1695 864 1855 933 σῶμα

260 952 666 1013 διαναπαῦσαι,
726 953 892 1015 εὐθὺς
931 955 1031 1020 τῆς
1083 956 1194 1007 τῶν
1266 956 1675 1024 στρατιωτικῶν
1734 956 1853 1017 ὅλος

262 1046 506 1111 ἐγεγόνει
543 1045 851 1110 φροντίδος.
919 1047 1023 1097 Καὶ
1060 1047 1151 1099 τὸν
1201 1048 1432 1118 ἀδελφὸν
1474 1050 1743 1102 Ἰσαάκιον
1778 1050 1852 1113 ὡς

265 1137 476 1204 πατέρα
532 1135 856 1205 σεῆόμενος,
893 1139 1155 1190 κοινωνὸν
1228 1135 1375 1209 εἶχεν
1414 1143 1470 1192 ὲν
1527 1141 1691 1193 πᾶσιν
1732 1143 1850 1211 ἅμα

259 1229 351 1279 καὶ
390 1230 491 1292 τὴν
538 1228 757 1296 μητέρα
813 1230 869 1280 ἐν
918 1233 1038 1291 ταῖς
1104 1230 1215 1281 τῶν
1269 1232 1466 1284 κοινῶν
1514 1234 1850 1302 διοικήσεσιν

257 1320 672 1381 ὑπερείδοντας,
710 1319 814 1371 κᾶν
837 1320 895 1371 τὸ
926 1321 1259 1387 μεγαλόνουν
1288 1323 1462 1391 αὐτῆς
1492 1326 1586 1375 καὶ
1612 1325 1849 1395 δραστή-

254 1428 397 1481 ριον,
448 1413 510 1463 οὐ
557 1412 694 1480 πρὸς
763 1414 890 1480 μιᾶς
930 1414 973 1443 ⁸⁵
1043 1412 1319 1481 βασιλείας
1352 1416 1651 1483 διοίκησιν,
1714 1417 1849 1471 ἀλλὰ

250 1502 477 1565 πολλαῖς
512 1506 607 1556 καὶ
653 1504 939 1574 διαφόροις
1004 1507 1253 1575 ἐξήρκει.
1322 1509 1494 1570 Αὐτὸς
1528 1509 1582 1560 δὲ
1618 1510 1750 1576 πρὸς
1785 1512 1844 1561 τὸ

248 1599 585 1662 κατεπεῖγον
632 1596 1015 1660 ἀπονενευκὼς
1051 1594 1118 1667 ἦν
1147 1600 1207 1650 τὸ
1240 1600 1340 1669 τῆς
1383 1601 1598 1670 ἡμέρας
1638 1602 1845 1654 ἐπίλοι-

246 1706 353 1739 πον
388 1690 481 1740 καὶ
506 1688 606 1745 τὴν
655 1687 787 1757 ὅλην
830 1690 1000 1741 νύκτα
1030 1692 1084 1750 ἐς
1132 1691 1394 1760 φροντίδα
1428 1691 1843 1754 καταναλώσας,

1967 494 2089 545 dem
2126 494 2525 563 cogitationum
2595 502 2762 548 tenus
2819 495 2873 547 in
2927 495 3169 548 animum
3224 498 3542 552 admiserat.

1968 586 2071 639 Sed
2135 584 2395 639 Romanae
2458 585 2535 640 rei
2590 589 2827 654 primum
2888 584 3424 640 administrationem
3488 588 3541 642 in

1966 692 2161 731 manus
2193 693 2438 742 sumens,
2482 678 2644 735 homo
2675 692 2799 732 acer
2826 686 2881 732 et
2908 688 3174 732 Strenuus
3212 681 3345 731 adeo
3377 694 3541 734 curas

1964 785 2157 823 omnes
2195 770 2250 822 in
2289 769 2603 835 primordiis
2645 771 2783 824 tanti
2831 772 3036 840 negotii
3086 770 3349 824 defixerat
3382 778 3439 824 ut
3474 771 3542 826 de

1963 864 2314 917 removendis
2350 879 2490 931 quas
2542 864 2651 917 dixi
2710 864 3087 934 suspicionum
3123 866 3307 918 causis
3346 880 3539 933 parum

1964 954 2066 1022 ipsi
2106 964 2325 1009 vacaret
2348 957 2617 1024 cogitare.
2650 955 2795 1010 Sane
2843 957 2889 1010 is
2925 972 2955 1011 a
2987 968 3178 1010 centro
3224 973 3430 1019 rerum,
3483 966 3540 1010 ιιι

1961 1048 2047 1100 sic
2083 1048 2287 1111 dicam,
2323 1065 2559 1104 exorsus
2608 1065 2731 1103 cum
2769 1050 2979 1105 oriente
3031 1050 3145 1105 sole
3186 1049 3238 1102 in
3276 1050 3538 1118 palatium

1962 1141 2249 1203 intrasset,
2310 1142 2633 1210 priusquam
2686 1141 2964 1210 pulverem
3023 1142 3158 1194 tanti
3217 1142 3538 1198 certaminis

1957 1240 2267 1296 excuteret,
2307 1243 2400 1285 aut
2431 1247 2635 1301 corpus
2689 1241 2930 1294 curaret,
3000 1234 3185 1285 statim
3238 1235 3290 1285 in
3345 1247 3535 1286 curam

1958 1326 2156 1379 seriam
2188 1326 2457 1385 incubuit.
2485 1326 2727 1380 adhibito
2749 1326 2801 1378 in
2826 1326 3114 1378 consilium
3145 1324 3309 1379 fratre
3329 1328 3539 1395 majore

1957 1418 2167 1471 lSzlaCiD
2189 1434 2354 1487 quem
2390 1420 2565 1487 patris
2626 1419 2840 1473 colebat
2890 1418 3032 1482 loco,
3069 1427 3121 1472 et
3166 1428 3338 1473 matre
3381 1420 3540 1489 cujus

1961 1526 2212 1575 magnam
2246 1520 2298 1562 et
2329 1518 2609 1564 strenuam
2641 1520 2883 1564 mentem
2904 1527 3011 1564 non
3041 1511 3132 1563 uni
3168 1510 3259 1565 sed
3293 1512 3540 1581 pluribus

1958 1601 2122 1654 simul
2156 1601 2614 1657 administrandis
2646 1618 2828 1670 parem
2888 1603 3134 1672 imperiis
3184 1604 3537 1673 intelligeret,

1956 1700 2014 1743 ιιι
2050 1692 2279 1744 militum
2316 1692 2521 1761 rapinis
2558 1696 2645 1760 qui
2674 1692 2848 1745 adhuc
2886 1692 2938 1744 in
2972 1694 3210 1749 civitatis
3234 1696 3537 1752 visceribus

244 1784 341 1835 τοῦ
409 1783 813 1853 στρατιωτικοῦ
881 1783 1124 1850 πλήθους
1205 1784 1601 1845 σκεδασθέντος
1650 1786 1728 1845 εἰς
1786 1786 1838 1837 τὲ

1956 1784 2355 1851 grassabantur
2381 1783 2576 1837 modus
2610 1799 2773 1853 quam
2811 1786 3273 1853 praesentissimus
3303 1786 3534 1841 adhibe-

247 1876 556 1939 Βυζάντιον
598 1875 714 1943 ἅμα
743 1875 839 1928 καὶ
884 1878 1142 1937 ἀτάκτοις
1210 1878 1406 1944 ὁρμαῖς
1472 1877 1839 1945 κεχρημένου,

245 1970 395 2030 ὅπως
443 1969 545 2037 μὲν
580 1967 813 2039 θορύϐου
870 1967 1003 2037 ἄτερ
1042 1968 1243 2031 αὐτοὺς
1291 1967 1393 2036 τῆς
1424 1968 1662 2021 ἀτάκτου
1706 1970 1842 2022 ἀνα-

247 2060 392 2131 κὸιζρῃ
415 2059 597 2129 ὁρμῆς
622 2097 636 2118 ,
668 2058 1043 2128 ἀφροντησίαν
1063 2058 1106 2089 ¹⁶
1132 2057 1188 2109 δὲ
1220 2058 1298 2125 τῷ
1327 2056 1493 2126 κοινῷ
1528 2058 1622 2110 τοῦ
1650 2058 1838 2111 λοιποῦ

244 2153 707 2220 περιποιήσηται.
758 2149 980 2201 Ἐδεδίει
1022 2150 1119 2202 καὶ
1143 2149 1187 2179 ¹⁷
1218 2148 1392 2212 ἄλλως
1423 2151 1482 2203 τὸ
1514 2151 1701 2219 ἰταμὸν
1732 2151 1841 2202 τῶν

246 2243 607 2314 στρατιωτῶν
641 2284 655 2306 ,
712 2244 807 2294 κα)¹
878 2239 1080 2309 μᾶλλον
1147 2241 1367 2311 ὅσῳπερ
1428 2244 1491 2294 ὲκ
1566 2242 1840 2313 διαφόρων

247 2336 587 2397 συνείλεκτο,
628 2333 703 2403 μὴ
732 2335 828 2387 καὶ
861 2334 981 2389 κατ’
1014 2333 1180 2386 αὑτοῦ
1223 2337 1409 2403 χεῖρον
1438 2334 1837 2402 διανοησαιντο.

257 2430 317 2481 Ὀ
344 2428 402 2480 δὲ
430 2429 655 2494 Καῖσαρ
698 2426 953 2494 Ἰωάννης
978 2429 1005 2478 6
1034 2425 1249 2487 Δοῦκας
1287 2426 1609 2495 βουλόμενος
1650 2427 1839 2495 τάχιον

250 2523 346 2589 τὴν
392 2520 649 2590 βασιλίδα
691 2519 1197 2585 ἀποσκευάσασθαι,
1242 2520 1335 2571 καὶ
1382 2518 1491 2570 τῶν
1550 2517 1838 2588 βασιλείων

246 2612 549 2675 ἀπελάσαι,
588 2610 831 2678 ὑποψίας
857 2626 915 2661 τε
946 2609 1176 2671 πολλοὺς
1232 2609 1538 2675 ἀπαλλάξαι
1581 2609 1833 2678 ψευδοῦς,

247 2704 397 2756 ἐνθεν
421 2703 527 2774 μὲν
550 2704 642 2755 τὸν
674 2702 1025 2773 πατριάργην
1059 2704 1285 2770 Κοσμᾶν
1319 2704 1589 2767 παντοίως
1624 2707 1835 2756 ὑποπε-

248 2800 463 2850 ποιεῖτο
494 2796 559 2859 ι’,
592 2795 763 2858 ἀξιῶν
809 2794 879 2847 τὰ
935 2794 1077 2863 ὑπὲρ
1114 2794 1293 2848 αὐτῶν
1332 2798 1569 2862 φρονεῖν,
1596 2796 1690 2848 καὶ
1724 2798 1835 2857 τοῖς

252 2891 425 2957 λογοις
490 2888 595 2957 τῆς
624 2888 735 2939 τῶν
789 2888 1093 2957 Κομνηνῶν
1142 2886 1349 2954 μητρὸς
1381 2886 1647 2957 μηδαμῶς
1680 2889 1833 2940 ὑπεί-

254 2999 378 3035 αειν³
450 2982 667 3034 ἐκεῖθεν
707 2981 762 3032 δὲ
822 2980 921 3049 τὴν
982 2978 1227 3047 βασιλίδα
1278 2979 1499 3045 Μαρίαν
1560 2979 1833 3049 νουνεχῶς

254 3078 561 3141 ὑπετίθετο,
596 3074 876 3144 ἕγγραφὸν
898 3091 947 3125 τι
985 3071 1075 3124 τοῦ
1100 3072 1502 3143 αὐτοκράτορος
1536 3072 1798 3143 ὲξαιτησα

250 3173 436 3242 μένην,
473 3168 645 3236 αὐτῆς
676 3184 734 3218 τε
765 3166 928 3233 χάριν
959 3164 1160 3232 καὶτῆς
1186 3163 1277 3217 τοῦ
1302 3165 1491 3227 παιδὸς
1512 3165 1830 3234 ἀσφαλείας,

244 3263 416 3324 οὕτως
488 3262 704 3313 ἐκεῖθεν
767 3257 1081 3325 ἀποχωρεῖν
1139 3256 1204 3321 ⁸⁸,
1242 3256 1555 3327 Πάτροκλον
1618 3259 1833 3327 πρόφα-

247 3373 328 3406 σιν
364 3352 481 3421 (78)
514 3349 676 3403 ταῦτ’
706 3349 977 3418 ἐσχηκώς.
1011 3348 1256 3415 Ἔφθασε
1294 3350 1400 3419 γάρ
1450 3350 1834 3405 ἀντιλαϐέσθαι

244 3447 474 3516 ταύτης,
526 3442 773 3511 ὁπηνίκα
805 3443 832 3493 6
866 3441 1117 3510 βασιλεὺς
1150 3442 1371 3511 Μιχαὴλ
1412 3444 1439 3494 6
1489 3443 1701 3506 Δοῦκας
1736 3448 1835 3513 τῆς

246 3540 528 3610 βασιλείας
560 3536 784 3602 ἐξέστη,
827 3534 1021 3602 καὶτῷ
1051 3535 1168 3601 μετ’
1198 3534 1365 3586 αὑτοῦ
1421 3533 1833 3603 βεσασιλευκότι

244 3632 554 3701 Νικηφόρῳ
590 3626 670 3695 τῷ
711 3626 1041 3694 Βοτανειάτῃ
1111 3626 1617 3694 συμόουλεύσασθαι
1674 3646 1836 3683 συνα-

246 3724 437 3793 κρῆναι
473 3721 588 3788 (79)
639 3718 816 3787 ταύτῃ
876 3716 1011 3784 προς
1052 3714 1231 3782 γάμου
1292 3716 1614 3780 κοινωνίαν,
1651 3720 1733 3772 ὅτι
1778 3720 1836 3785 ἐξ

244 3813 565 3880 ἀλλοδαπῆς
626 3809 891 3872 tergm!
962 3807 1246 3873 συγγενῶν
1303 3807 1459 3878 δχλος
1508 3810 1571 3861 οὐ
1624 3811 1837 3880 προσῆν

244 3910 401 3977 uiti],
434 3908 504 3957 δι’
540 3900 617 3955 ὧν
652 3905 681 3954 6
717 3900 972 3971 βασιλεὺς
1021 3898 1253 3969 ὀχλοῖτο,
1294 3900 1421 3969 περί
1455 3917 1516 3953 τε
1544 3902 1735 3968 γένους
1767 3904 1836 3968 ⁸ο,

244 4001 337 4054 καὶ
359 3999 461 4066 τῆς
490 3996 589 4048 τοῦ
624 3991 881 4061 σώματος
926 3989 1074 4059 ὥρας
1114 3990 1476 4058 ἀπαγγέλλων
1522 3992 1715 4055 πολλὰ,
1745 3995 1839 4046 καὶ

245 4090 511 4150 πολλάκις
542 4084 787 4138 ἐπαινῶν
822 4083 1016 4152 αὐτήν.
1061 4082 1169 4134 Καὶ
1200 4082 1311 4149 γὰρ
1343 4078 1411 4153 ἦν
1454 4082 1706 4152 εὐμήκης
1738 4085 1838 4153 μὲν

243 4182 343 4250 τὴν
391 4178 617 4247 ἡλικίαν
659 4174 981 4244 καθάπερή
1041 4174 1399 4243 κυπάριττος,
1454 4173 1622 4245 λευκὴ
1677 4174 1731 4227 δὲ
1778 4173 1838 4227 τὸ

248 4274 408 4340 σῶμα
475 4271 552 4331 ὡς
585 4269 618 4337 ἡ
660 4269 704 4299 ἰ
740 4265 895 4336 χιὼν.
948 4266 1248 4335 πρόσωπον
1316 4263 1516 4318 κύκλον
1580 4268 1680 4336 μὲν
1737 4267 1837 4319 οὐκ

244 4363 575 4434 ἀπαρτίζον,
599 4360 662 4413 τὸ
701 4359 760 4411 δὲ
790 4358 994 4429 χρῶμα
1025 4356 1092 4409 δι’
1124 4357 1245 4409 ὅλου
1274 4357 1435 4421 ἄνθος
1461 4357 1651 4427 ἡρινὸν
1685 4358 1836 4412 ἀντι-

1953 1885 2130 1927 retur.
2199 1873 2370 1929 Totus
2418 1876 2465 1929 is
2510 1877 2628 1930 dies
2685 1892 2902 1944 noxque
2960 1877 3253 1942 insequens
3301 1880 3351 1932 in
3382 1896 3441 1933 ca
3478 1896 3535 1935 re

1954 1968 2304 2022 deliberanda
2329 1969 2697 2036 tentandaque
2716 1968 2872 2034 abiit,
2898 1984 3003 2022 non
3037 1985 3168 2023 sane
3203 1970 3372 2025 facili.
3396 1971 3533 2025 Nam

1950 2069 2004 2114 et
2033 2061 2259 2113 omnino
2288 2060 2570 2114 securitati
2613 2061 2812 2113 civiuzn
2850 2061 3247 2115 consulendum
3280 2072 3402 2117 erat
3433 2082 3445 2116 :
3474 2072 3528 2118 et

1951 2150 2219 2200 exercitui
2251 2146 2579 2202 effusissime
2616 2148 2895 2217 disperso,
2931 2159 3104 2217 atque
3134 2153 3203 2205 ob
3230 2153 3282 2206 id
3321 2155 3536 2222 pericli-

1953 2237 2109 2302 tanti,
2147 2238 2502 2291 restituendis
2520 2238 2809 2294 ordinibus
2834 2243 3288 2297 succurrentium.
3330 2243 3531 2300 Verum

1951 2330 2171 2383 intanto
2195 2346 2421 2383 numero
2443 2346 2505 2383 ac
2535 2340 2682 2383 tanta
2706 2333 2968 2387 varietate
2998 2335 3405 2405 cupiditateque
3428 2338 3531 2391 lto-

1947 2420 2156 2474 minum
2178 2437 2239 2474 ex
2258 2423 2801 2489 quibusisexercitus
2817 2427 3124 2489 constabat,
3144 2436 3259 2481 erat
3278 2428 3327 2481 id
3363 2443 3534 2498 appa-

1946 2513 2629 2583 rebatquedifﬁcillimum.
2648 2514 2754 2569 Nec
2774 2514 2956 2569 deerat
2972 2516 3270 2584 periculum
3289 2534 3356 2573 ne
3374 2520 3530 2575 miles

1947 2605 2095 2660 ferox
2123 2606 2434 2660 etinsolens
2477 2608 2519 2660 si
2569 2618 2909 2663 coerceretur
2954 2608 3303 2678 imperiosius
3325 2610 3527 2678 aliquid

1945 2696 1999 2749 in
2031 2712 2228 2750 novum
2262 2700 2565 2765 Augustum
2589 2700 2742 2767 pejus
2765 2699 3068 2753 moliretur.
3089 2702 3155 2751 At
3176 2699 3531 2759 CaesarJo;sn-

1944 2802 2040 2841 nes
2078 2787 2253 2841 Ducas
2286 2788 2338 2840 in
2379 2791 2561 2842 animo
2603 2790 2810 2843 habens
2834 2789 3058 2844 Mariam
3102 2807 3265 2858 quam
3290 2794 3525 2861 primum

1942 2880 2174 2933 educere
2212 2883 2435 2949 palatio,
2463 2882 2944 2952 suspicionumque
2965 2900 3163 2939 causas
3189 2885 3395 2950 tollere,
3425 2886 3498 2940 du

1941 2971 2065 3039 pliri
2087 2974 2149 3024 ad
2170 2989 2288 3026 eam
2318 2974 2475 3029 finem
2497 2974 2580 3027 via
2602 2990 2827 3044 pergere
2844 2977 3098 3031 instituit.
3122 2977 3360 3032 Primum
3380 2980 3527 3034 enim

1941 3066 2191 3119 Cosmam
2223 3067 2325 3122 sibi
2362 3068 2569 3123 firmius
2599 3069 2978 3135 astrinxitjam
3008 3070 3137 3123 olim
3178 3071 3521 3132 familiarem.

1938 3161 2391 3228 praemunivitque
2437 3177 2502 3214 ne
2528 3175 2557 3213 a
2596 3171 2770 3215 matre
2814 3162 3221 3216 Comnenorum
3252 3162 3303 3214 in
3345 3171 3524 3230 patres

1938 3248 2078 3301 trahi
2111 3260 2315 3317 posset.
2348 3248 2550 3303 Deinde
2579 3249 2800 3303 Mariam
2846 3250 2960 3319 ipse
2984 3265 3273 3321 aggressus
3306 3255 3524 3306 suasio-

1937 3340 2101 3396 nibus
2122 3349 2175 3395 et
2196 3342 2435 3404 monitis,
2464 3357 2560 3412 pro
2579 3358 2641 3397 ea
2666 3359 2768 3412 qua
2790 3344 3005 3398 valebat
3034 3344 3357 3398 auctoritate
3381 3344 3521 3411 apud

1938 3435 2111 3502 ipsam
2144 3434 2254 3503 jam
2290 3443 2401 3488 tum
2438 3451 2503 3489 ex
2538 3450 2648 3506 quo
2678 3436 2754 3489 illi
2790 3446 2986 3491 auctor
3041 3420 3240 3502 fuerat,
3277 3453 3398 3490 cum
3433 3436 3518 3489 vir

1936 3526 2058 3593 ejus
2089 3524 2319 3580 Michael
2361 3527 2537 3583 Ducas
2573 3530 2772 3582 throno
2828 3529 3039 3597 ejectus
3084 3538 3196 3593 est,
3248 3538 3305 3582 ut
3352 3527 3520 3582 Bota-

1938 3620 2068 3672 niati
2105 3620 2359 3681 nuberet,
2396 3636 2723 3689 magnopere
2760 3623 2977 3681 institit.
3013 3630 3093 3684 ut,
3117 3623 3161 3675 si
3199 3624 3314 3675 suis
3349 3622 3517 3674 rebus

1938 3712 2249 3765 consultum
2286 3710 2463 3774 vellet,
2523 3711 2820 3765 securitate
2878 3712 2980 3765 sibi
3039 3711 3259 3779 filioque
3300 3711 3515 3779 scripto

1939 3810 2183 3868 accepta,
2216 3800 2421 3868 palatio
2493 3802 2805 3854 exrcderct.
2854 3802 2919 3854 Et
2970 3804 3145 3855 fuerat
3198 3802 3328 3853 illud
3373 3803 3517 3868 quod

1939 3890 2048 3943 dixi
2089 3891 2316 3945 Joannis
2353 3893 2403 3943 iu
2443 3890 2666 3944 Mariam
2696 3892 2929 3945 cilicium
2969 3909 3076 3946 ιιοιι
3106 3907 3352 3961 parvum.
3378 3891 3511 3945 Nam

1941 3981 2264 4035 Botaniates
2308 3982 2360 4035 in
2388 3982 2504 4047 ejus
2542 3984 2762 4051 nuptias
2793 3983 3110 4051 neutiquam
3147 3983 3513 4051 prOpendens,

1938 4075 2082 4143 quod
2124 4089 2242 4127 eam
2278 4074 2560 4129 mulierem
2594 4075 2953 4146 alienigenam
2993 4078 3160 4128 sciret
3185 4074 3348 4128 nullis
3382 4075 3517 4129 sub-

1936 4166 2122 4219 nixam
2173 4167 2708 4238 consanguineorum
2770 4167 3002 4236 opibus;
3046 4167 3312 4220 aJoanne
3364 4167 3510 4221 illam

1940 4256 2112 4326 ipsam
2151 4258 2222 4311 ob
2271 4274 2516 4322 causam,
2556 4275 2751 4328 nempe
2778 4269 2833 4312 ut
2873 4259 3023 4314 illius
3062 4259 3345 4313 solitudini
3380 4273 3517 4313 con-

1940 4350 2170 4415 suleret,
2218 4352 2627 4407 studiosissime
2668 4353 3083 4419 interveniente,
3116 4368 3223 4407 non
3253 4368 3515 4422 asperna-

245 4473 398 4525 γρυς.
438 4454 553 4515 Τάς
585 4450 642 4503 δὲ
698 4450 809 4502 τῶν
852 4448 1125 4518 ὀμμάτων
1184 4448 1359 4515 αὐγὰς
1395 4450 1481 4512 τίς
1525 4449 1831 4519 ἀνθρώπων

1948 4449 2096 4495 retur
2132 4464 2143 4497 :
2180 4446 2323 4512 quod
2356 4445 2593 4498 obtinuit
2621 4445 2819 4513 genere
2848 4461 2909 4499 ac
2943 4447 3115 4500 forma
3154 4446 3274 4515 ejus
3308 4449 3515 4515 saepius

248 4548 510 4611 ἑξείποις
618 4540 824 4610 Ὀφρῦς
904 4539 1390 4609 ὕπερανεστηκυῖα
1465 4541 1560 4592 καὶ
1622 4541 1831 4611 πυρσὴ,

247 4637 467 4706 βλέμμα
512 4632 783 4703 χαροπόν.
842 4628 1150 4699 Ζωγράφου
1189 4629 1233 4660 ’⁸
1287 4629 1386 4698 μὲν
1450 4624 1541 4682 οὖν
1591 4630 1713 4700 χεὶρ
1763 4631 1832 4684 τὰ

247 4727 510 4798 χρώματα
553 4726 665 4778 τῶν
697 4722 909 4777 ἀνθέων
970 4719 1236 4782 πολλάκις
1274 4721 1607 4790 ἐμιμήσατο,
1657 4721 1832 4775 ὁπόσα

245 4815 381 4886 ὧραι
408 4818 602 4887 φέρειν
659 4815 910 4867 εἰώθασι·
958 4810 1019 4862 τὸ
1050 4810 1107 4862 δὲ
1143 4810 1243 4880 τῆς
1300 4812 1570 4879 βασιλίδος
1610 4813 1827 4877 κάλλος,

244 4914 339 4965 καὶ
378 4912 409 4981 ἠ
440 4909 845 4977 ὲπιλάμπουσα
877 4902 1021 4972 αὐτῇ
1043 4900 1089 4932 ’⁸
1116 4902 1277 4973 χάρις
1312 4904 1404 4956 καὶ
1442 4903 1503 4955 τὸ
1534 4904 1644 4957 τῶν
1683 4903 1831 4973 ἠθῶν

1942 4543 1995 4587 et
2024 4535 2211 4590 multis
2246 4536 2427 4591 verbis
2472 4537 2615 4607 apud
2661 4538 2965 4609 Augustum
3020 4540 3406 4609 praedicandis.
3437 4542 3516 4594 Ac

1941 4625 2173 4680 formam
2232 4630 2453 4695 quidem
2503 4630 2645 4699 quod
2694 4632 2911 4694 attinet,
2962 4632 3220 4686 ercelluit
3264 4645 3325 4684 ea
3361 4639 3519 4699 parte

1941 4718 2150 4785 Maria;
2191 4719 2299 4791 74
2327 4736 2522 4790 corpus
2568 4730 2684 4777 erat
2724 4724 2929 4777 celsum
2970 4723 3295 4792 proceritate
3346 4723 3514 4790 maje-

1941 4813 2098 4866 statis
2128 4815 2283 4880 plena
2326 4814 2777 4883 eyparissumque
2834 4814 3123 4879 referente,
3178 4813 3288 4883 jam
3340 4820 3515 4867 totum

1941 4904 2181 4959 Candore
2229 4907 2391 4975 plane
2424 4907 2587 4960 nivali
2628 4907 2931 4977 perfusum.
2976 4906 3166 4961 Facies
3201 4920 3307 4959 non
3341 4905 3393 4959 in
3421 4918 3517 4957 or-

1304 5038 1832 5102 Varimlectiones
1889 5061 1966 5106 ex
2006 5044 2151 5107 cod.
2187 5045 2447 5108 Coisiin.

1155 5142 1197 5173 ¹⁶
1232 5140 1606 5208 ἀφροντισίαν.

311 5148 692 5217 ¹⁵ήγεμυνὶαν.
813 5146 853 5177 ⁸³
891 5142 1045 5211 μίαν.
1155 5142 1201 5243 ‘;
1232 5142 1358 5208 ἀιρρν

311 5218 351 5243 ιι
386 5221 407 5243 .·
432 5218 508 5243 --ι
633 5219 679 5243 n
724 5214 1028 5243 r.......'...-,.
1156 5214 1174 5241 I
1232 5212 1358 5243 ,η’.-ἐ

1230 5228 1424 5278 αυτην.

310 5218 351 5248 ⁸⁸
382 5214 530 5273 ὡσεί.
633 5219 679 5247 ’⁸
720 5214 1050 5283 ζωγράφος.

1718 5144 1759 5174 ’⁷
1780 5144 1884 5215 γὰρ
1914 5146 2026 5199 καί.

2138 5148 2179 5177 ⁸⁸³
2214 5148 2555 5201 ὑπεποιεῖτο.
2632 5145 3020 5215 ¹⁹ὑποχωρεῖν.
3104 5142 3149 5173 ¹⁰
3172 5148 3267 5193 τοῦ
3294 5142 3509 5209 γένους.

1329 5328 1466 5386 Car.
1506 5324 1834 5386 Dufresnii
1882 5329 1979 5387 Du
2018 5326 2228 5401 Cangii
2264 5334 2451 5386 notua.

310 5439 415 5509 (Ἡ)
457 5441 822 5509 Πάτροκλον
862 5430 1205 5509 ξειοόξρλιλισινζ
1244 5428 1505 5509 Prov-crit.
1554 5429 1688 5509 ,Ἐπὶ
1716 5428 1824 5480 τῶν

248 5497 645 5579 μήνόνναμέιῶν
676 5508 771 5561 διὰ
791 5500 989 5579 59663-3.
1009 5500 1244 5579 ,θρηνεῖν
1290 5497 1653 5579 τάςιοὶκεςίας.
1684 5514 1825 5565 συμ-

246 5566 415 5650 Ῑᾷθξοὰς,
450 5566 509 5647 ἐξ
536 5583 749 5650 ἐτέρων
784 5566 847 5626 δὲ
901 5566 1139 5635 θλίψεων
1188 5569 1355 5629 αὑτὰς
1388 5566 1821 5647 ἀποκλαιοντων.

246 5651 541 5699 υιιηιρηίεηι,
598 5656 753 5699 cent,
798 5644 864 5699 7.
928 5637 1182 5699 Apostol.
1239 5647 1380 5691 cent.
1424 5637 1509 5689 15.
1568 5638 1824 5689 Occurrit

245 5644 541 5722 btiigenian.
598 5644 753 5704 cent.
798 5644 864 5707 7,
928 5644 1182 5706 Apostol.
1239 5647 1380 5691 cent.
1424 5644 1509 5689 15.
1568 5644 1823 5689 Occurrit

244 5728 387 5779 semel
443 5740 506 5780 ac
586 5724 806 5779 iterum
880 5708 1029 5778 apud
1104 5709 1343 5774 Annam,
1400 5722 1527 5777 pag.
1587 5705 1715 5772 191,
1768 5714 1823 5761 et

1937 5431 2077 5498 apud
2121 5428 2532 5498 Pachymeretn,
2561 5427 2658 5480 lib.
2693 5440 2791 5480 xu,
2832 5434 2955 5485 cap.
2999 5420 3227 5476 13.Vide
3260 5420 3504 5480 Glossar.

1936 5500 2137 5553 eruditi
2166 5499 2509 5565 interpretis.

2007 5569 2119 5639 (79)
2149 5561 2532 5635 Nmnjsdpq)...
2567 5566 2970 5639 συναχθῆναι.
3001 5562 3065 5617 V.
3091 5561 3317 5631 Niicplt.
3342 5561 3508 5633 Brye-

1936 5637 2115 5705 nium,
2150 5638 2245 5692 lib.
2280 5653 2363 5703 ιιι,
2401 5652 2524 5708 cap.
2560 5637 2652 5691 9.5.
