4068 6266
559 305 670 370 263

1859 295 2086 358 ANNIE
2119 292 2500 355 COMNENAE

3685 289 3785 354 264

565 425 684 477 bent
713 429 922 475 toruata
957 417 1281 486 perfectum,
1314 417 1409 472 sed
1436 413 1744 483 ublongior,
1771 417 1885 468 tota
1913 409 2042 464 liliis
2065 421 2130 461 ac

2251 407 2522 474 ;παγωγόν
2564 423 2625 460 τε
2669 405 2765 458 καὶ
2817 403 3012 473 εὔχαρι
3049 401 3188 470 ὑπὲρ
3255 399 3416 467 λόγον
3457 401 3549 453 καὶ
3603 398 3786 468 τεχνην

566 514 704 566 rosis
755 521 878 580 apte
938 508 1254 573 temperatis
1295 507 1520 560 ﬂorens.
1555 503 1851 558 Oculorum
1914 499 2130 562 fulgura

564 605 688 674 quis
719 601 999 655 hominum
1031 601 1250 667 assequi
1287 596 1520 652 dicendo
1550 593 1753 664 queat?
1807 587 2134 644 imminebat

565 702 856 749 curvatum
893 693 1000 744 alte
1055 705 1118 742 ac
1170 689 1394 742 rutilum
1446 685 1818 752 supercilium,
1879 688 2133 746 aspectus

567 788 726 840 mites
777 792 828 836 et
885 793 1157 834 alumnam
1215 781 1488 847 spirantes
1544 775 1795 844 gratiam.
1857 770 2132 822 Pictorum

565 879 782 946 quidem
826 889 1020 926 manus
1059 871 1218 924 ﬂores
1248 885 1407 924 omne
1437 883 1608 935 genus
1637 879 1776 931 qttos
1805 863 1970 914 variat
1997 869 2136 912 tem.

569 977 805 1039 pustulas
854 966 1036 1018 ferunt
1093 973 1207 1016 arte
1259 961 1538 1014 coloribus
1597 957 1904 1018 assimulat,
1948 952 2133 1004 ﬂorem

567 1077 696 1114 vero
743 1058 929 1111 fui-nne
981 1072 1042 1108 ac
1104 1055 1288 1121 gratia:
1339 1061 1454 1104 toto
1506 1067 1570 1102 ex
1633 1049 1890 1116 Augusta:
1927 1043 2136 1104 habitu,

573 1162 741 1211 motu,
777 1156 1070 1216 conspectu
1109 1147 1414 1197 radiantem
1451 1141 1632 1194 nullus
1681 1137 1918 1205 Apelles,
1955 1134 2138 1186 nullus

574 1243 815 1305 Phidias,
843 1253 934 1290 aut
961 1239 1074 1290 idea
1107 1236 1413 1300 designare,
1445 1241 1536 1284 attt
1555 1229 1809 1299 penicillo
1835 1227 2140 1294 exprimere

575 1342 780 1404 posset.
823 1329 1142 1383 Laudantur
1185 1325 1416 1388 insignia
1467 1337 1630 1388 opera
1695 1318 2136 1378 statuariorum;

573 1425 782 1478 nullum
825 1433 1058 1487 unquam
1102 1417 1206 1470 tale
1243 1414 1464 1468 humani
1497 1412 1742 1480 corporis
1776 1407 2136 1460 simulacrum

572 1514 800 1570 exstitit.
841 1511 1046 1565 Ferunt
1078 1508 1350 1574 Gorgonis
1381 1511 1544 1573 caput
1569 1509 1782 1555 vertere
1819 1499 2039 1554 solitum
2073 1512 2137 1548 ex

575 1603 883 1660 liuininibtts
917 1601 968 1653 in
1004 1613 1132 1652 saxa
1166 1597 1257 1665 qui
1292 1596 1470 1664 ipsum
1498 1599 1788 1648 cernerent
1819 1609 1832 1644 :
1871 1592 2010 1642 hanc
2043 1587 2138 1654 qui

575 1695 782 1749 videret
834 1689 1224 1759 ingredientem
1271 1696 1493 1753 repente
1525 1683 1810 1752 perculsus
1845 1687 1898 1733 et
1925 1677 2138 1732 deﬁxus

573 1799 809 1840 occursu
843 1783 1018 1851 primo
1050 1780 1268 1832 astabat
1291 1777 1506 1830 inhians
1549 1775 1600 1828 in
1639 1775 1756 1841 ipso
1793 1770 1978 1824 habitu
2019 1769 2137 1824 sine
2169 1749 2212 1804 Β

575 1891 727 1938 voce,
763 1873 917 1943 quasi
949 1871 1130 1924 anima
1167 1869 1416 1936 privatus
1443 1873 1496 1918 et
1533 1879 1724 1918 sensu.
1757 1861 1928 1914 Tanta
1970 1858 2142 1927 siqui-

574 1975 694 2024 dem
729 1975 846 2021 erat
884 1963 1166 2032 proportio
1205 1959 1579 2012 membrorum
1617 1955 1697 2008 vel
1733 1957 1876 2005 inter
1917 1967 1976 2004 se
2021 1965 2141 2004 oni-

577 2063 750 2121 nium,
805 2057 888 2109 vel
952 2052 1292 2121 singulorum
1334 2049 1399 2102 ad
1448 2049 1686 2115 singula,
1724 2045 1806 2100 vel
1862 2041 2140 2111 sigillatim

575 2155 841 2220 cajusque
868 2148 934 2202 ad
967 2155 1162 2206 totum,
1194 2153 1452 2212 quantam
1493 2149 1546 2193 et
1595 2153 1756 2207 quam
1813 2135 2140 2189 concinnam

578 2245 867 2311 lepideque
923 2239 1224 2293 dimensam
1285 2247 1349 2287 ac
1397 2232 1726 2299 descriptam
1787 2226 1841 2280 in
1900 2226 2143 2280 humano

577 2347 744 2388 nemo
775 2329 954 2384 adhuc
979 2338 1218 2392 unquam
1251 2321 1458 2376 viderat
1489 2331 1740 2386 corpore.
1775 2313 2144 2368 Simulacrum

579 2423 644 2478 ad
677 2423 852 2476 ideam
896 2413 1316 2486 pulchritudinis
1343 2425 1406 2464 ac
1442 2419 1608 2463 totam
1656 2406 1840 2460 decori
1898 2405 2002 2458 vim
2037 2416 2146 2456 uno

577 2512 910 2581 compendio
965 2505 1355 2575 colligendam,
1387 2511 1442 2555 et
1477 2499 1762 2554 hominum
1808 2497 1903 2565 qui
1959 2510 2142 2550 rerum

581 2605 932 2672 pulchrarum
965 2613 1185 2651 sensum
1234 2595 1468 2660 aliquem
1515 2591 1781 2644 haberent
1837 2601 2054 2640 amores
2090 2585 2144 2638 in

577 2711 639 2750 se
685 2694 928 2748 oumium
977 2685 1270 2742 vertendos
1321 2683 1551 2746 ﬁctum;
1609 2689 1702 2734 aut
1758 2681 1940 2749 potius
1993 2691 2146 2730 antur

580 2789 742 2856 plane
796 2786 914 2854 ipse
965 2785 1286 2849 corporatus
1317 2775 1373 2829 in
1407 2775 1555 2828 hunc
1596 2781 1914 2828 terrestrem
1955 2769 2144 2822 orbem

581 2879 835 2945 delapsus
867 2889 898 2928 e
936 2875 1096 2926 cmlo.
1135 2867 1259 2922 Haec
1286 2865 1524 2919 validum
1555 2861 1752 2918 Joanni
1779 2859 1982 2916 Caesari
2016 2872 2148 2924 sup-

582 2971 898 3041 peditarunt
957 2969 1340 3032 argumentum
1392 2958 1458 3012 ad
1515 2954 1865 3010 molliendum
1913 2951 2146 3006 doman-

2235 497 2508 566 ἐφαίνετο·
2555 498 2658 550 οὐκ
2709 493 3008 564 Ἀπελλῆς,
3043 494 3104 546 οὐ
3135 492 3372 552 Φειδίας.
3421 491 3540 542 οὐδέ
3561 507 3641 554 τις
3690 491 3787 544 τῶν

2233 590 2692 658 ἀγαλματοποιῶν
2729 588 2972 640 τοιοῦτόν
3025 602 3153 638 ποτε
3187 587 3509 650 παρήγαγεν
3562 582 3788 651 ἄγαλμα.

2237 683 2348 734 Καὶ
2380 683 2412 749 ἡ
2452 681 2552 749 μὲν
2585 681 2685 748 τῆς
2708 678 2958 748 Γοργοῦς
2994 674 3204 744 κεφαλὴ
3239 670 3789 742 λίθουςὲξὰνθρώπων

2235 774 2360 834 τοὺς
2381 773 2624 838 ὁρῶντας
2663 772 2834 824 ἐποίει
2867 770 2944 831 ὡς
2976 769 3211 835 λέγεται,
3249 767 3345 834 τὴν
3377 767 3431 818 δὲ
3464 763 3584 816 ἰδὼν
3614 764 3674 816 ἂν
3708 780 3786 824 τις

2242 865 2588 934 βαδίζουσαν,
2619 866 2650 934 ἢ
2685 865 2883 930 αἴφνης
2909 860 3248 915 ὑπαντιάσας
3279 857 3322 889 ³⁵
3349 857 3595 922 ἐκεχήνει
3627 871 3681 904 τε
3710 854 3794 903 καὶ

2239 956 2333 1008 ἐπὶ
2363 952 2560 1006 ταύτοῦ
2595 953 2874 1020 σχήματος
2905 949 2989 1016 ἐφ’
3011 942 3055 1014 ᾧ
3087 948 3277 1014 ἔτυχεν
3307 944 3380 996 ὢν
3423 944 3604 994 ἵστατο
3635 941 3794 1003 ὲννεὶς

2239 1045 2313 1108 ὡς
2368 1043 2686 1114 ἀφῃρῆσθαι
2733 1041 3038 1109 τηνικαῦτα
3098 1038 3297 1102 δοκεῖν,
3354 1037 3448 1086 καὶ
3490 1033 3678 1102 ψυχὴν,
3711 1035 3796 1084 καὶ

2239 1141 2504 1192 διάνοιαν.
2541 1138 2857 1204 Ἀναλογίαν
2879 1136 2986 1204 γάρ
3007 1135 3264 1201 τοιαύτην
3304 1131 3482 1197 μελῶν
3512 1130 3603 1180 καὶ
3633 1128 3797 1195 μερῶν

2239 1231 2335 1283 τοῦ
2365 1231 2488 1282 ὅλου
2525 1230 2660 1298 πρὸς
2691 1230 2760 1280 τὰ
2811 1229 2978 1296 μέρη,
3013 1227 3107 1278 καὶ
3141 1225 3346 1277 τούτων
3393 1223 3530 1292 πρὶς
3570 1221 3628 1271 τὸ
3669 1219 3796 1281 ὅλον,

2241 1319 2418 1380 οὐδεὶς
2445 1318 2656 1370 οὐδέπω
2713 1315 2974 1384 τοιαύτην
3005 1316 3059 1364 ἐν
3093 1312 3386 1380 ἀνθρώπου
3419 1308 3629 1377 σώματι
3653 1307 3799 1358 ἐθεά-

2244 1426 2393 1463 σατο·
2449 1407 2668 1476 ἄγαλμα
2695 1407 2940 1475 ἔμψυχον
2994 1403 3084 1456 καὶ
3135 1401 3450 1472 ἀνθρώποις
3507 1397 3801 1464 φιλοκάλοις

2243 1501 2530 1570 ἐράσμιον.
2588 1499 2810 1567 Ἵμερος
2855 1497 2964 1566 γὰρ
3019 1497 3280 1560 ἄντικρυς
3341 1487 3412 1561 ἦν
3467 1485 3799 1555 σωματωθεδς

2243 1587 2353 1644 οἷον
2375 1593 2454 1653 εἰς
2497 1590 2646 1642 τόνδε
2677 1589 2767 1640 τὸν
2812 1587 3092 1655 περίγειον
3129 1586 3174 1615 ’⁵
3219 1585 3452 1650 κόσμον.
3481 1578 3694 1638 Τούτοις
3719 1569 3800 1628 οὖν

2242 1683 2512 1748 ὁΚαίσαρ
2541 1678 2996 1748 συγχρησάμενος
3031 1678 3175 1736 τότε,
3233 1671 3334 1742 τὴν
3400 1668 3500 1722 τσῦ
3560 1665 3800 1736 βασιλέως

2245 1773 2649 1844 καταμαλάττει
2675 1771 2768 1822 καὶ
2801 1767 3082 1838 χειροῦται
3107 1763 3307 1834 ψυχὴν,
3344 1763 3448 1814 κᾶν
3468 1758 3644 1812 πολλοὶ
3671 1752 3802 1834 αὐτῷ

2247 1865 2640 1921 συνεϐούλευον
2660 1862 2759 1929 τὴν
2783 1859 3036 1930 βασιλίδα
3062 1853 3377 1924 ἀγαγέσθαι
3401 1851 3659 1904 Εὑδοκίαν
3683 1847 3802 1915 (80),

2245 1958 2377 2027 περὶ
2405 1949 2472 2026 ἦς
2511 1949 2941 2021 ὑπετονθόρυζόν
2999 1965 3143 2010 τινες
3166 1946 3240 2006 ὡς
3280 1945 3384 2013 τῆς
3420 1939 3690 2012 βασιλείας
3725 1937 3807 1989 καὶ

2245 2049 2402 2111 αὖθις
2460 2044 2790 2115 ἱμειρομένη
2861 2041 2954 2093 τὸν
3027 2037 3400 2105 Βοτανειάτην
3451 2035 3681 2102 ὁπηνίκα
3723 2027 3806 2094 τὴν

2245 2140 2492 2210 Δάμαλιν
2519 2135 2842 2196 κατέλαϐεν,
2882 2132 3238 2198 ἐπειγόμενος
3261 2130 3346 2190 είς
3369 2125 3476 2179 τὸν
3498 2126 3542 2156 ⁸⁸
3561 2121 3808 2192 βασίλειον

2244 2209 2550 2301 ἀναχθῆναι
2579 2225 2865 2297 περιωπήν
2899 2225 2965 2286 ’⁷,
3017 2220 3106 2276 διὰ
3156 2218 3512 2290 γραμμάτων
3557 2209 3808 2280 ἐσφετερί-

2247 2325 2390 2389 ζετο·
2426 2323 2478 2376 ot
2531 2321 2589 2374 δὲ
2643 2321 2725 2373 ὅτι
2773 2319 2834 2370 οὺ
2887 2317 3048 2386 χάριν
3104 2315 3336 2381 ἑαυτῆς,
3381 2309 3518 2362 ἀλλὰ
3556 2307 3649 2374 τῆς
3695 2303 3804 2360 ἰδίας

2249 2417 2404 2486 Ζωῆς
2429 2415 2541 2484 (81)
2579 2413 2678 2481 τῆς
2711 2407 3231 2479 Πορφνρογεννήτου
3273 2403 3348 2458 ³⁸.
3393 2403 3503 2455 Καὶ
3549 2398 3684 2466 τάχα
3715 2394 3810 2458 διη-

2245 2510 2402 2563 νύκει
2431 2507 2498 2559 ἂν
2528 2506 2588 2558 τὸ
2617 2501 3080 2566 σπουδαζόμενον,
3113 2501 3162 2550 εί
3201 2498 3275 2566 μή
3313 2513 3406 2558 τις
3431 2493 3540 2545 τῶν
3568 2486 3810 2558 θεραπόν·

2255 2618 2366 2654 των
2391 2598 2489 2668 τῆς
2517 2594 2699 2664 ὁρμῆς
2747 2591 2950 2660 ταύτης
3003 2589 3257 2654 ἁνέκοψε,
3285 2587 3452 2639 Λέων
3515 2577 3760 2646 ἐκτομίας
3789 2573 3812 2622 ὁ

2248 2686 2634 2754 Κυδωνειάτης
2661 2683 2831 2736 πολλὰ
2861 2683 2956 2734 καὶ
2988 2679 3218 2750 καιρίως
3243 2677 3288 2708 ¹⁹
3319 2677 3462 2746 πρὸς
3491 2671 3654 2740 αὐτὴν
3683 2670 3816 2734 εἰρη-

2249 2781 2381 2844 κὼς,
2414 2776 2620 2831 ἂκατὰ
2679 2775 2848 2844 μέρος
2911 2768 3280 2838 ἀπαγγέλλειν
3356 2770 3494 2837 ἡμῖν
3545 2762 3602 2814 οὺ
3656 2756 3814 2844 Θέμις,

2249 2843 2410 2938 φύσει
2441 2869 2502 2922 τὺ
2535 2843 2850 2920 διαϐάλλειν
2895 2859 3445 2932 ἀποστρεφομένοις,
3489 2855 3598 2912 τοῖς
3629 2849 3682 2900 δὲ
3721 2843 3816 2896 τῶν

2249 2961 2510 3016 τοιούτων
2565 2957 2878 3026 λογοποιοῖς
2937 2953 3140 3015 παντὸς
3193 2951 3237 2982 ⁸⁸
3305 2951 3407 3002 καὶ
3463 2943 3590 3013 περὶ
3635 2937 3818 2992 τούτων

581 3065 820 3129 dumque
856 3055 1156 3110 Botaniatis
1177 3055 1415 3104 animum
1443 3049 1495 3102 in
1529 3046 1756 3115 gratiam
1787 3042 2146 3098 desiderium-

2257 3054 2504 3122 μελήσει.
2578 3049 2640 3100 '0
2687 3047 2876 3115 μέντοι
2931 3046 3154 3112 Καῖσαρ
3234 3040 3507 3106 Ἰωάννης
3569 3028 3819 3086 παντοίως

577 3169 686 3222 que
727 3149 938 3214 Mat-ite;
974 3147 1062 3202 cui
1097 3154 1156 3198 ut
1184 3141 1460 3214 praeferret
1491 3139 1784 3194 Eudociam
1811 3135 1962 3189 multi
1991 3142 2146 3188 erant

579 3251 834 3298 auctores
892 3253 908 3292 :
960 3251 1124 3305 quam
1182 3241 1236 3288 et
1285 3245 1467 3286 sermo
1521 3233 1873 3284 emanaverat
1933 3223 2146 3292 imperii

581 3331 892 3401 regustaudi
945 3329 1198 3396 cupidam
1254 3323 1345 3378 ubi
1392 3322 1726 3378 Botaniatem
1771 3317 1840 3372 ad
1887 3316 2146 3370 thronum

583 3427 972 3493 properantem
1053 3427 1359 3482 occupasse
1429 3411 1692 3464 Damalim
1766 3407 2146 3477 cognovisset,

583 3511 822 3566 voluisse
864 3505 1162 3560 conciliare
1193 3502 1298 3556 sibi
1330 3515 1454 3554 eum
1481 3515 1574 3568 per
1616 3499 1824 3551 litteras
1855 3496 2020 3565 (quod
2063 3505 2149 3548 ta-

582 3615 706 3654 men
739 3597 832 3650 atii
872 3601 1134 3648 tentatum
1160 3591 1229 3644 ab
1252 3590 1340 3642 illa
1369 3604 1476 3640 non
1515 3586 1816 3640 ambitione
1865 3586 2013 3653 regni
2044 3583 2148 3637 sibi

585 3689 834 3760 parandi,
875 3685 970 3742 sed
994 3697 1180 3737 amore
1215 3679 1356 3734 Zoes
1395 3675 1880 3748 Porphyrogenitte
1902 3675 1989 3729 cui
2019 3689 2151 3728 con-

581 3781 786 3836 sultum
815 3784 1042 3845 cuperet
1092 3771 1452 3840 contendunt)
1507 3770 1918 3838 cogitatumque
1983 3765 2152 3820 fuisse

585 3869 946 3940 perfecturam
981 3867 1081 3918 nisi
1129 3864 1350 3932 quidam
1395 3876 1464 3914 ex
1519 3859 1638 3930 ejus
1683 3856 2001 3912 domesticis
2041 3854 2151 3908 Leo

586 3959 874 4013 eunuchus
925 3956 1070 4008 illam
1103 3968 1130 4006 a
1167 3952 1254 4006 tali
1285 3949 1520 4005 consilio
1565 3946 1908 4008 deduxisset,
1963 3945 2152 3996 multis

583 4051 728 4122 apud
761 4065 876 4106 eam
907 4055 958 4102 iu
981 4058 1225 4115 tempore
1251 4041 1772 4102 commemorandis,
1802 4054 1923 4107 qua:
1951 4038 2152 4090 distin-

585 4148 730 4198 ctius
775 4141 978 4195 referre
1006 4140 1071 4192 sit
1111 4135 1265 4190 nefas
1313 4133 1473 4186 nobis
1506 4129 1750 4198 quidem,
1802 4128 2008 4196 judicio
2055 4139 2153 4178 na-

589 4247 722 4288 turae
751 4243 914 4300 atque
941 4225 1308 4282 institutionis
1348 4222 1638 4290 disciplina
1687 4221 1756 4272 ab
1807 4215 2152 4272 obtrectandi

591 4331 842 4394 maleque
869 4319 1087 4374 dicendi
1139 4315 1274 4370 vitio
1323 4311 1773 4369 abhorrentibus.
1820 4308 2053 4362 Abunde
2091 4322 2154 4360 ac

2253 3121 2416 3198 αὑτὸν
2495 3137 2770 3212 μετελθὼν
2825 3136 2999 3207 πέρας
3042 3135 3241 3188 δέδωκε
3297 3135 3372 3203 τῇ
3426 3129 3590 3202 βουλῇ
3643 3121 3821 3178 πείσας

2255 3234 2594 3303 συναφθῆναι
2649 3232 2718 3299 τῇ
2773 3227 3007 3298 βασιλίδι
3059 3227 3290 3296 Μαρίᾳ,
3359 3221 3549 3281 καθὼς
3599 3215 3626 3268 ό
3681 3213 3822 3275 λόγος

2259 3301 2593 3392 σαφέστερον
2626 3319 2839 3387 φθάσας
2873 3316 3132 3386 ἐδήλωσε,
3162 3313 3476 3367 κάντεῦθεν
3530 3301 3824 3378 παρρησίαν

2257 3415 2459 3483 πολλὴν
2529 3412 2752 3480 ὲσχήκει
2803 3410 2940 3478 πρὸς
2993 3408 3177 3461 αὐτόν.
3247 3407 3412 3459 Ἐπεὶ
3481 3405 3525 3456 δ’
3579 3403 3634 3452 ἓν
3697 3408 3826 3446 τισιν

2258 3481 2493 3576 ἡμέραις
2554 3501 2707 3556 ταῦτ’
2797 3501 3090 3560 ἐτελεῖτο,
3166 3495 3238 3566 μὴ
3325 3493 3668 3566 βουλομένων
3730 3481 3828 3536 τῶν

2259 3594 2609 3666 Κομνηνῶν,
2669 3591 2868 3663 ἀθρόον
2941 3590 3109 3659 αὐτὴν
3175 3588 3467 3641 ἀπελάσαι
3522 3583 3631 3636 τῶν
3687 3578 3826 3646 βασι-

2257 3689 2439 3752 λείων,
2473 3686 2571 3740 ἆτε
2611 3683 2819 3737 πολλῶν
2873 3682 3044 3748 αὐτῆς
3077 3678 3550 3750 εὐεργετημάτων
3578 3671 3830 3739 τυχόντων

2260 3779 2392 3846 παρ’
2445 3779 2564 3832 ὅλον
2625 3776 2715 3829 τὸν
2744 3774 2843 3843 τῆς
2899 3773 3176 3840 βασιλείας
3235 3770 3419 3837 αὐτῆς
3475 3766 3688 3837 χρόνον,
3740 3761 3828 3826 οὐχ

2257 3868 2420 3944 ἦττον
2452 3870 2507 3923 δὲ
2538 3871 2630 3922 καὶ
2659 3867 2726 3922 δι’
2751 3868 2816 3937 ἦν
2845 3865 3004 3934 ἔσχον
3045 3863 3181 3932 πρὸς
3225 3861 3408 3930 αὐτὴν
3447 3857 3734 3926 συνήθειαν
3771 3851 3830 3917 τῇ

2260 3961 2537 4030 προφάσει
2592 3959 2688 4026 τῆς
2737 3954 2796 4020 ἐξ
2849 3953 3172 4023 ἀμφοτέρων
3222 3949 3340 4002 τῶν
3391 3948 3581 4018 μερῶν
3645 3955 3833 4009 συμπε-

2264 4052 2464 4122 σούσης
2521 4049 2860 4116 συγγενείας,
2893 4045 3078 4097 πολλοὶ
3134 4044 3198 4095 ὲκ
3254 4041 3480 4095 πολλῶν
3539 4036 3832 4105 συνείροντο

2260 4144 2410 4210 λόγοι
2460 4141 2747 4210 νοημάτων
2793 4137 3068 4204 διαφόρων
3134 4131 3552 4200 ὲξαγγελτικοὶ,
3608 4128 3715 4180 τῶν
3744 4122 3832 4191 μὲν

2263 4234 2439 4294 ἄλλως
2498 4226 2992 4298 ἐπιλαμϐανομένων
3051 4225 3119 4278 τά
3173 4223 3585 4293 πραττόμενα,
3631 4218 3735 4270 τῶν
3782 4211 3833 4264 δὲ

2262 4323 2484 4393 ἑτέρως.
2531 4321 2608 4382 ὡς
2667 4320 2896 4381 ἕκαστος
2949 4315 3158 4379 ἑννοίας
3211 4317 3278 4380 ³¹,
3339 4315 3375 4385 ἥ
3414 4314 3611 4384 μίσους
3651 4305 3756 4376 εἶχε
3779 4304 3836 4356 τὰ

593 4416 716 4482 plus
739 4393 870 4465 satis
897 4410 1028 4461 talia
1056 4415 1350 4475 suggerent
1395 4417 1683 4474 sparsuras
1722 4401 2146 4467 collectoresque

2264 4416 2400 4486 πρὸς
2433 4413 2625 4480 αὐτὴν,
2657 4410 2765 4462 τῶν
2800 4409 3070 4462 είωθότων
3102 4409 3166 4460 ἐκ
3195 4407 3615 4476 προαιρέσεως,
3646 4399 3740 4453 καὶ
3771 4393 3837 4464 μὴ

593 4503 938 4574 pupularium
971 4511 1268 4550 rumorum.
1299 4495 1564 4548 Caeterum
1596 4491 1836 4546 Joannes
1861 4489 2042 4546 Caesar
2065 4491 2156 4544 diu

592 4597 882 4651 obsessum
937 4600 992 4645 et
1031 4589 1176 4643 varie
1228 4596 1495 4641 tentatum
1555 4585 1856 4638 Botaniatis
1914 4583 2155 4637 animum

597 4683 813 4738 tandem
867 4680 1104 4750 perpulit
1155 4685 1214 4731 ut
1255 4677 1477 4730 Mariam
1516 4677 1818 4745 Augustam
1871 4675 2156 4744 conjugem

594 4777 838 4837 duceret,
871 4787 994 4842 quae
1042 4785 1130 4824 res
1165 4770 1242 4823 illi
1292 4782 1540 4837 magnam
1577 4767 1718 4836 apud
1772 4781 1892 4819 eam
1929 4767 2156 4834 gratiam

597 4865 833 4938 paravit,
857 4879 964 4935 qua
997 4863 1188 4923 fretus,
1226 4871 1280 4914 ut
1305 4861 1439 4923 dixi,
1469 4859 1700 4914 suadere
1731 4857 1835 4925 ipsi
1859 4873 2152 4927 aggressus

597 4968 769 5014 estut
808 4957 1009 5029 palatio
1041 4955 1240 5010 exiret.
1311 4950 1519 5007 Verum
1571 4966 1696 5006 cum
1755 4965 1816 5004 ea
1865 4965 1952 5004 res
2011 4952 2156 5005 lenta

2265 4507 2340 4568 ὡς
2374 4505 2557 4574 ἔχουσι
2585 4501 2793 4570 κρίνειν
2829 4501 2896 4554 τά
2923 4499 3244 4570 πράγματα.
3303 4498 3420 4548 Καὶ
3475 4496 3544 4564 δὴ
3595 4491 3839 4557 στέφεται

2264 4598 2403 4658 τέως
2429 4597 2458 4648 ὁ
2493 4592 2725 4656 Ἀλέξιος
2755 4592 2914 4662 μόνος
2939 4591 3089 4660 παρὰ
3134 4589 3232 4657 τῆς
3277 4586 3473 4652 δεξιᾶς
3524 4582 3620 4636 τοῦ
3665 4583 3840 4648 ἀρχιε-

2269 4686 2407 4757 ρέως
2436 4684 2654 4752 Κοσμᾶ.
2722 4683 2832 4735 Καὶ
2889 4679 2996 4750 γάρ
3030 4679 3106 4748 τῷ
3133 4677 3391 4746 τετάρτῳ
3424 4675 3540 4729 ἔτει
3577 4676 3674 4742 τῆς
3703 4671 3842 4740 βασιε

2267 4755 2416 4836 λείας
2451 4772 2674 4841 Μιχαὴλ
2708 4769 2800 4822 τοῦ
2839 4770 3020 4822 Δούκα
3045 4769 3138 4819 καὶ
3171 4765 3267 4819 τοῦ
3312 4765 3440 4818 υἱοῦ
3495 4755 3839 4818 Κωνσταντί-

2265 4881 2356 4916 νου
2415 4861 2820 4932 αὐτοκράτορος
2885 4860 3304 4927 τελευτήσαντος
3371 4857 3474 4908 τοῦ
3559 4851 3840 4924 ίερωτάτου

2267 4953 2610 5022 πατριάρχου
2681 4951 2928 5004 Ἰωάννου
2989 4949 3085 5002 τοῦ
3141 4945 3438 5016 Ξιφιλίνου
3503 4945 3616 5016 (82)
3683 4935 3839 5010 μηνὸς

1606 5065 1802 5131 Varia:
1847 5065 2149 5128 lectiones
2183 5085 2259 5128 ex
2301 5067 2443 5128 cod.
2477 5063 2734 5125 Coislin.

685 5175 730 5206 “
757 5169 1126 5230 ὑπαντιὼσας.
1188 5237 1193 5238 ί
1223 5169 1270 5202 ⁸⁵
1301 5167 1458 5222 Deest
1499 5181 1603 5220 vox
1653 5165 1948 5238 περίγειον.

599 5245 644 5278 ³¹³
669 5247 907 5304 πάντως.
985 5239 1026 5270 ³⁸
1055 5237 1287 5304 εὐνοίας.

2059 5170 2103 5200 ’⁸
2135 5171 2254 5237 τήν.

2383 5169 2428 5199 ³⁷
2453 5167 2747 5236 περιοπήν.
2859 5165 2904 5197 ⁸⁸
2930 5163 3460 5244 ιΙοριρυρογενήτου.
3569 5161 3615 5192 ³³
3643 5153 3836 5226 καίρια.

1667 5353 1803 5412 Car.
1839 5351 2161 5412 Dufresnii
2198 5352 2288 5414 Du
2327 5351 2546 5428 Cangii
2577 5359 2762 5412 notas.

675 5481 784 5551 (80)
823 5477 1154 5551 ίΕὐδοκίαν.
1225 5475 1523 5551 Eudociam
1579 5474 1950 5551 Quiassenant':
2009 5471 2158 5524 Con-

602 5541 836 5688 :gutini
890 5551 1050 5601 Ducat
1105 5547 1238 5613 imp.
1311 5547 1554 5600 viduam.
1601 5542 1822 5615 Scylitz.
1851 5583 1866 5610 ,
1914 5541 2157 5606 Zonar.,

679 5681 792 5750 iul)
812 5685 998 5752 Ζωῆς.
1016 5683 1154 5740 Zoes
1169 5681 1436 5753 Dircaeum,
1459 5681 1802 5740 Constantini
1823 5681 2163 5748 Ducteimpe-

2265 5474 2463 5528 ratoris
2492 5489 2552 5527 ex
2588 5472 2779 5526 eadem
2817 5469 3060 5525 Eudocia
3103 5470 3243 5524 ﬂlim.

2341 5542 2454 5613 (89.)
2502 5542 2836 5610 Ξιςςιλίνου.
2909 5541 3150 5613 Joannes
3235 5537 3612 5613 Xi_phi_l_i_nns_,‘
3661 5531 3841 5613 patria

2271 5602 2759 5692 Trapezuntinus,
2825 5602 3348 5692 patruus-deﬁnitis
3393 5602 3714 5692 giiprhilini}
3761 5602 3844 5671 qui

2279 5677 2468 5736 Dionis
2521 5683 2796 5758 epitomen
2825 5677 2841 5682 ⁷
2866 5681 3120 5746 confecit,
3165 5677 3444 5734 Michaele
3478 5677 3642 5732 ’Duca
3685 5679 3842 5742 impe-
