4068 6266
516 282 620 347 2-37

1779 277 2007 337 ΑΝΝίΕ
2036 276 2416 338 (ῙΟΜΝΕΝᾸΕ

3665 268 3770 334 268

515 407 568 451 et
609 399 792 450 lrenes
826 394 1083 462 majestas
1113 400 1164 448 et
1201 393 1368 447 decor
1398 393 1668 449 emicabat
1693 392 2089 448 incredibiliter

2200 392 2298 462 ξίῳ
2327 410 2386 444 τε
2437 392 2533 446 καὶ
2585 391 2793 462 Εἰρήνῃ
2851 388 3156 458 ἀμήχανοι,
3196 385 3290 438 καὶ
3334 385 3413 448 είς
3454 384 3601 440 ἅπαν
3641 386 3773 455 ἀμί-

517 486 836 556 splendens,
892 495 945 541 et
998 488 1155 555 plane
1218 485 1564 540 inimitabilis
1604 492 1722 540 arte
1779 487 2093 555 quantavis.

515 577 707 648 Neque
741 581 887 633 enim
925 579 1100 648 pit-tor
1139 580 1292 634 illttm
1334 579 1644 650 archetypas
1667 578 2098 647 pulchritudinis

514 672 701 726 ﬂorem
758 671 979 726 intuens
1016 673 1327 742 exprimere
1375 681 1433 727 ut
1491 671 1732 726 maxime
1776 682 2007 725 conetur
2040 670 2093 724 in

517 762 701 818 tabula
739 775 898 832 queat
942 783 954 819 :
1003 780 1179 832 neque
1232 764 1556 828 statuarius.
1610 773 1671 818 ut
1726 778 1957 819 summa:
2011 765 2095 815 in-

515 856 744 910 dustriae
769 857 876 925 76
913 872 1113 912 nervos
1143 857 1442 913 contendat
1475 871 1686 921 omnes,
1719 856 1937 910 etiamsi
1981 864 2092 909 tcta

514 949 626 1001 vita
683 949 771 1002 illa
835 950 1096 1020 Polycleti
1153 950 1596 1004 elaboratissima
1667 949 1824 1018 signa
1895 963 2096 1017 magno

514 1041 807 1095 annulandi
835 1043 1019 1096 studio
1046 1042 1453 1111 contemplatus
1483 1041 1574 1104 sit,
1603 1041 1678 1094 ita
1709 1055 1952 1109 unquam
1984 1053 2098 1092 ma-

517 1133 706 1187 teriam
743 1135 1041 1188 inanimam
1081 1135 1304 1204 tingere,
1343 1136 1594 1204 sculpere
1625 1133 2095 1202 conformareqne

516 1226 690 1292 possit
738 1232 798 1276 ut
849 1227 1178 1293 spirantium
1231 1227 1464 1279 istorum
1521 1233 1734 1278 naturae
1770 1223 2096 1276 simulacro-

516 1330 661 1377 rum,
725 1316 1005 1384 Augustos
1054 1315 1178 1369 dico
1231 1331 1427 1369 recens
1478 1323 1794 1377 coronatos,
1853 1315 2094 1383 speciem

524 1406 901 1462 admirabilem
936 1418 1312 1478 reprresentet.
1349 1408 1554 1463 Horum
1606 1407 1831 1462 Alexius
1871 1406 2090 1475 quidem

520 1508 732 1552 statura
767 1499 870 1553 fuit
903 1515 1010 1553 non
1049 1502 1274 1553 multum
1297 1502 1581 1562 eminenti,
1619 1510 1876 1554 caeterum
1907 1499 2091 1567 plena,

515 1605 614 1644 nec
648 1592 870 1646 modum
899 1603 1076 1646 tamen
1109 1592 1425 1655 excedente,
1466 1590 1792 1645 habitudine
1815 1590 2090 1660 corporis.

512 1683 706 1753 Itaque
736 1683 884 1738 illius
936 1685 1166 1752 pedibus
1202 1684 1510 1738 insistentis
1550 1698 1654 1736 non
1707 1691 1918 1736 tantum
1967 1697 2092 1753 per-

2202 500 2364 553 μητοι
2420 485 2514 537 καὶ
2575 483 2698 538 οὔτε
2758 483 3005 552 γραφεὺς
3047 477 3310 548 γράψειεν
3342 476 3409 530 ἂν
3439 475 3578 547 πρὸς
3604 476 3772 545 ἀρχε-

2196 577 2399 640 τυπίας
2451 578 2495 609 ³⁸
2531 577 2628 630 τοῦ
2677 575 2911 638 κάλλους
2938 574 3098 643 ὁρῶν,
3126 570 3253 625 οὐτε
3286 570 3531 636 λιθοξόος
3565 569 3773 639 ἄψυχον

2197 670 2387 724 οὐσίαν
2412 669 2554 722 οὕτω
2592 669 2915 739 ρυθμήσειε,
2933 665 3163 723 εῐτιςᾶν
3181 663 3315 734 πρὸς
3339 662 3407 717 τὰ
3433 662 3532 732 τῆς
3559 661 3776 731 φύσεως

2196 765 2488 833 ἀγάλματα
2505 762 2704 826 ταῦτα,
2734 761 2877 828 λέγω
2893 760 2956 829 δὴ
2979 759 3107 820 τούς
3132 757 3476 827 ἀρτιστεφεϊς
3505 755 3776 823 αὐτοκρά-

2196 875 2384 926 τορας,
2410 856 2506 909 καὶ
2535 855 2673 924 πρὸς
2707 853 2775 906 τὰ
2805 853 2899 905 τοῦ
2933 849 3301 904 Πολυκλείτου
3343 848 3554 901 ἐκείνου
3605 863 3776 899 σπου-

2195 952 2451 1017 δάσματα
2491 947 2876 1016 ἀποϐλέψειεν.
2927 945 2985 998 '0
3012 944 3238 1014 μὲνγὰρ
3271 941 3508 1006 Ἀλέξιος
3537 942 3598 994 οὐ
3626 941 3771 994 πάνυ

2201 1043 2298 1110 μὲν
2329 1042 2436 1095 ἀπὸ
2460 1041 2557 1112 τῆς
2578 1043 2683 1110 γῆς
2707 1043 2912 1111 ἐπῆρτο
2933 1042 3025 1093 ὲπί
3042 1040 3290 1103 πολύ,είς
3306 1035 3462 1107 εὖρος
3487 1038 3541 1090 δὲ
3561 1038 3778 1106 συμμέο

2197 1151 2340 1203 τρως
2364 1151 2480 1196 πως
2509 1134 2799 1204 ηὐρύνετο.
2829 1135 2939 1187 Καὶ
2972 1135 3265 1202 ἱστάμενος
3298 1130 3397 1201 μὲν
3425 1131 3487 1184 οὐ
3514 1130 3775 1184 τοσοῦτον

2200 1223 2406 1292 θάμϐος
2433 1224 2603 1277 ἐδίδου
2622 1227 2733 1287 τοῖς
2755 1224 3071 1293 θεωμένοις,
3097 1225 3143 1276 εἰ
3175 1223 3230 1275 δὲ
3256 1223 3348 1275 ἐπὶ
3373 1221 3469 1274 τοῦ
3491 1220 3772 1290 βασιλείου

2199 1315 2478 1369 καθίσειεν
2509 1310 2667 1380 οὗτος
2695 1316 2889 1385 θρόνου
2915 1317 3006 1369 καὶ
3029 1315 3320 1385 γοργωπὸν
3353 1314 3515 1376 σέλας
3537 1315 3773 1382 ἅφήσειε

2197 1409 2305 1461 τῶν
2331 1410 2655 1480 ὀφθαλμῶν,
2689 1411 2940 1480 πλήστὴρ
2971 1409 3170 1472 ἐδόκει,
3229 1408 3324 1460 καὶ
3353 1409 3566 1477 ἄμαχον
3598 1406 3775 1475 αὐγὴν

2199 1500 2562 1555 ἀποστέλλειν
2593 1504 2689 1556 καὶ
2720 1502 2815 1555 τοῦ
2850 1503 3149 1574 προσώπου
3187 1503 3284 1554 καὶ
3334 1502 3433 1568 τῆς
3467 1500 3596 1568 ὅλης
3629 1499 3776 1570 διορ-

2197 1592 2511 1660 γανώσεως.
2561 1595 2810 1648 Μέλαινα
2843 1597 2942 1664 μὲν
2986 1596 3092 1666 γὰρ
3145 1595 3376 1664 ἡόφρύς
3431 1591 3776 1660 ἑκατέρωθεν

2198 1685 2519 1755 ὲκυρτοῦτο,
2547 1689 2613 1758 τῇ
2639 1687 2694 1739 δὲ
2717 1687 2997 1756 ὀφθαλμὸς
3030 1687 3342 1756 ὑπεκάθητο
3369 1685 3628 1758 βλοσυρὸν
3655 1685 3774 1755 ἅμα

512 1750 745 1828 cellebat
792 1750 1073 1828 intuentes
1126 1775 1408 1843 majestas,
1461 1785 1726 1844 quantum
1776 1775 1828 1827 in
1893 1750 2089 1828 throno

2199 1750 2531 1847 καὶ-ἥμερον
2562 1750 2788 1848 ἐνορῶν,
2820 1750 3040 1840 ὡςάπό
3061 1795 3120 1830 τε
3145 1777 3246 1846 τῆς
3269 1750 3442 1848 *βολ-ῆς
3461 1779 3504 1809 ³⁷
3530 1750 3638 1831 τῶν
3666 1750 3777 1849 ὀμ-

513 1867 810 1923 residentis
845 1870 1020 1938 regio,
1073 1877 1128 1922 ct
1180 1883 1365 1921 acrem
1408 1869 1536 1922 inde
1587 1868 1873 1922 oculorum
1912 1867 2089 1922 aciem

512 1971 703 2014 contra
731 1960 1018 2015 vibrantis.
1044 1960 1200 2014 Tunc
1231 1961 1376 2014 enim
1407 1961 1541 2014 nihil
1579 1960 1763 2015 minus
1793 1960 2093 2015 terriﬁcum

514 2054 947 2122 praestinguebat
1002 2055 1150 2107 visus
1200 2053 1502 2107 astantium
1554 2068 1717 2123 quam
1760 2053 1906 2122 quod
1941 2053 2094 2108 elisis

514 2149 757 2204 nubibus
793 2147 976 2220 fulgur
1032 2149 1392 2218 resplendens
1434 2150 1734 2204 connivere
1777 2148 2092 2203 audacissi-

514 2259 632 2298 mos
680 2245 860 2313 cogit;
906 2252 1055 2298 tanta
1098 2259 1164 2299 ex
1219 2251 1334 2297 toto
1393 2258 1502 2298 non
1553 2244 1729 2298 solum
1775 2243 1950 2307 vultu,
1997 2242 2090 2297 sed

511 2340 678 2391 etiam
736 2353 968 2408 corpore
1019 2353 1084 2392 ac
1122 2337 1561 2391 conformatione
1607 2337 1866 2392 universa
1917 2349 2091 2389 mem-

513 2431 739 2484 brorum
801 2429 887 2483 lux
954 2431 1265 2499 imperiosae
1317 2443 1382 2483 ac
1437 2429 1844 2484 venerationem
1912 2438 2096 2482 extor-

517 2525 736 2591 quentis
793 2523 1069 2577 emicabat
1144 2523 1450 2591 dignitatis.
1515 2518 1744 2590 Nigrum
1815 2520 2093 2589 utrimque

518 2616 876 2685 supercilium
907 2614 1183 2668 concinne
1228 2618 1599 2667 cnrrabatur:
1631 2622 1681 2668 et
1736 2627 1834 2668 sua
1890 2615 2092 2681 cuique

518 2710 762 2778 subjecta
809 2708 1011 2777 pupilla
1054 2706 1288 2761 blandos
1344 2706 1510 2760 simul
1545 2705 1734 2761 eadem
1786 2705 2093 2760 terribiles-

513 2816 618 2868 qne
648 2800 812 2854 dabat
849 2818 863 2852 :
898 2809 956 2852 ιιι
990 2814 1019 2852 a
1054 2799 1202 2868 jactu
1240 2798 1555 2860 obtutuunt,
1589 2813 1618 2849 a
1648 2798 1860 2867 fulgore
1887 2797 2088 2861 vultus,

513 2908 543 2944 a
587 2892 852 2962 dignitate
875 2905 1138 2962 genarum
1181 2901 1309 2958 apte
1360 2890 1611 2959 insperso
1643 2891 1844 2945 rubore
1890 2889 2092 2943 mican-

512 2987 670 3051 tium,
704 2986 851 3041 misti
912 2985 1216 3054 majestatis
1265 2986 1681 3055 clementiaeque
1738 2984 1875 3038 radii
1925 2984 2087 3040 simul

512 3080 712 3144 vereri,
747 3079 911 3134 simul
945 3077 1230 3133 conlidere
1264 3079 1515 3133 homines
1541 3078 1820 3147 juberent.
1861 3076 1980 3131 1am
2016 3079 2087 3130 la~
2114 3087 2157 3149 ρ

514 3176 688 3230 titndo
725 3177 1108 3237 humerorum,
1153 3173 1486 3227 lacertorum
1543 3173 1826 3235 torositas,
1886 3172 2087 3240 proaui-

512 3269 696 3322 nentia
735 3269 996 3338 pectoris,
1030 3268 1252 3322 heroica
1285 3266 1494 3327 omnia,
1547 3275 1599 3318 et
1634 3265 1799 3318 simul
1846 3263 2088 3317 adrnira-

512 3363 740 3427 tionem,
769 3361 932 3415 simul
965 3360 1300 3426 voluptatem
1343 3359 1633 3413 aﬂ‘ercntia
1667 3357 2084 3427 spectantibus;

511 3454 654 3509 idem
679 3453 822 3508 enim
853 3454 906 3505 in
939 3467 1006 3507 eo
1041 3459 1095 3505 et
1121 3452 1359 3520 speciem
1403 3451 1640 3504 habebat
1681 3460 1737 3504 et
1768 3450 1998 3518 gratiam
2035 3457 2088 3502 et

509 3546 730 3615 pondus
760 3553 929 3614 atque
956 3543 1133 3597 instar
1160 3542 1449 3612 gravitatis
1476 3541 1775 3596 inaccessae
1811 3559 1824 3595 :
1869 3541 2015 3610 quod
2040 3542 2087 3596 si

503 3656 572 3694 vos
600 3639 836 3709 aperiret
891 3637 1244 3707 linguamque
1285 3635 1548 3699 solveret,
1577 3634 1792 3688 videres
1851 3633 2090 3687 insidere

511 3734 614 3786 viri
646 3731 815 3786 labris
855 3731 1014 3800 igneo
1048 3729 1349 3798 spirantem
1399 3729 1605 3797 impetu
1638 3725 1970 3780 rhetoricam
2008 3726 2090 3793 ip-

511 3836 628 3874 sam
664 3819 1048 3875 Demosthenis
1079 3817 1252 3873 eﬂ‘uso
1299 3817 1540 3886 qundam
1584 3816 1991 3872 vehementiam
2036 3823 2090 3869 et

502 3915 756 3969 brevium
793 3918 1250 3983 argumentorum
1288 3911 1446 3979 quasi
1485 3915 1729 3963 torrente
1771 3924 1936 3964 aures
1966 3922 2088 3959 οιιι-

510 4021 610 4060 nes
641 4005 964 4072 animosque
1009 4002 1341 4070 rapientem.
1373 4000 1483 4054 Nec
1534 4015 1662 4054 vero
1699 4001 1779 4053 vis
1819 4002 1941 4070 ejus
1972 4001 2086 4055 clo-

508 4097 751 4166 quentia:
810 4095 947 4150 satis
999 4093 1257 4162 explicari
1319 4090 1556 4145 dicendo
1603 4100 1802 4159 potest,
1851 4107 1949 4146 nec
1989 4108 2086 4162 par

510 4189 810 4258 quidquam
844 4187 1045 4240 victrix
1074 4186 1317 4254 impetus
1355 4184 1666 4252 perorantis
1722 4185 1940 4252 linguae,
1974 4185 2084 4240 nisi

510 4287 682 4336 t'ortes
711 4283 854 4335 ictus
881 4288 980 4333 aut
1017 4276 1364 4332 inevitabiles
1393 4277 1581 4346 jacms
1607 4276 1812 4332 dextra:
1835 4294 2084 4350 pugnan—

511 4377 584 4430 tis
617 4375 843 4438 habuit,
899 4379 1132 4440 utraque
1185 4369 1469 4424 invictus:
1503 4385 1692 4424 verum
1748 4371 1934 4442 lingua
1984 4373 2080 4428 de—

512 4467 768 4530 lectabat,
802 4479 999 4518 manus
1045 4461 1315 4532 alll'gebat
1351 4477 1489 4532 quos
1537 4462 1804 4517 vinceret.
1850 4466 1920 4518 At
1967 4464 2079 4518 Att-

507 4569 668 4630 gusta
701 4556 858 4613 lrene
913 4563 1089 4610 mater
1123 4569 1241 4609 mea
1277 4563 1392 4609 tum
1455 4555 1635 4610 adhuc
1675 4556 2080 4613 adoleScentula

509 4652 761 4721 quintum
823 4649 1098 4704 decimum
1168 4646 1411 4700 nondum
1475 4662 1680 4702 annum
1738 4657 2079 4704 excesserat.

507 4743 806 4799 Andronici
833 4743 963 4803 tilia,
991 4742 1083 4811 qui
1114 4738 1343 4795 Joannis
1376 4740 1611 4796 Caesaris
1678 4740 2082 4809 primogenitus

520 4844 659 4902 erat,
690 4835 988 4904 οοιιειιὶοιιο
1034 4834 1224 4903 utique
1263 4848 1463 4902 genere
1491 4831 1650 4902 cujus
1695 4833 1766 4886 ab
1804 4833 2077 4887 Androni.

510 4933 595 4983 cis
651 4927 757 4981 illis
809 4938 860 4980 et
909 4924 1313 4988 Constantinis,
1377 4925 1469 4992 qui
1522 4922 1918 4993 cognominati.
1953 4934 2081 4979 sunt

512 5023 694 5086 Ducat,
730 5020 901 5074 series
949 5017 1321 5087 repetebatur.
1360 5014 1633 5083 Surgebat
1684 5028 1851 5084 porro
1910 5016 2083 5070 instar

503 5117 770 5184 speciosa:
801 5111 1016 5168 arboris
1045 5120 1194 5166 recta
1235 5121 1289 5165 et
1333 5107 1550 5163 ﬂorenti
1602 5117 1836 5173 statura,
1869 5124 2082 5163 summa

2201 1868 2390 1937 μάτων
2422 1871 2518 1922 καὶ
2548 1873 2648 1939 τῆς
2685 1871 3078 1940 στιλπνότητος
3105 1870 3199 1924 τοῦ
3233 1870 3530 1941 προσώπου
3563 1871 3629 1931 ³⁸,
3677 1874 3775 1923 καὶ

2194 1961 2306 2013 τῶν
2337 1961 2583 2033 παρειῶν
2612 1963 2712 2032 τῆς
2740 1965 3073 2033 σεμνότητος
3110 1965 3205 2017 καὶ
3239 1965 3336 2018 τοῦ
3387 1965 3777 2035 ὲπιτρέχοντος

2196 2053 2390 2117 αὐταῖς
2419 2055 2680 2126 ὲρεύθους
2711 2057 2848 2125 ὁμοῦ
2905 2061 2998 2109 καὶ
3033 2057 3333 2111 δεδοικέναι
3379 2073 3439 2110 τε
3485 2057 3584 2109 καὶ
3637 2056 3776 2127 θαρ·

2197 2146 2339 2215 ῥεῖν.
2371 2146 2494 2201 Τῶν
2533 2164 2593 2201 τε
2628 2147 2795 2218 ὤμων
2828 2151 2860 2219 ἡ
2894 2150 3136 2220 εὐρύτης
3178 2151 3272 2202 καὶ
3316 2148 3428 2203 τῶν
3469 2148 3778 2218 βραχιόνων

2194 2241 2258 2294 τὸ
2310 2242 2541 2314 στερρὸν
2589 2243 2684 2295 καὶ
2730 2243 2841 2296 τῶν
2899 2245 3137 2314 στέρνων
3183 2243 3514 2314 ἡπροὸολὴ,
3555 2244 3777 2312 ἡρωῖγά

2196 2335 2392 2395 πάντα,
2423 2335 2517 2387 καὶ
2551 2334 2780 2398 ὃλωςεξς
2813 2335 3019 2405 θάμϐος
3046 2335 3141 2388 καὶ
3179 2335 3368 2406 τέρψιν
3394 2338 3523 2399 τούς
3545 2335 3777 2400 πολλοὺς

2194 2426 2595 2497 ἐκκαλούμενοι.
2629 2428 2702 2481 Τὸ
2733 2429 2842 2497 γὰρ
2864 2429 2996 2480 αὐτὸ
3027 2429 3119 2480 τοῦ
3147 2428 3336 2500 ἀνδρὸς
3365 2429 3460 2482 καὶ
3479 2428 3627 2498 ὤραν
3657 2426 3776 2497 εἶχε

2194 2518 2291 2570 καὶ
2321 2520 2504 2588 χάριν,
2557 2519 2724 2591 βάρος
2762 2521 2806 2552 ³⁸
2831 2522 2926 2574 καὶ
2954 2521 3121 2590 ὄγκον
3154 2522 3476 2593 ἀπρόσιτον.
3505 2523 3643 2576 Είδὲ
3676 2523 3776 2575 καὶ

2193 2613 2274 2674 είς
2299 2613 2518 2681 ὁμιλίαν
2534 2604 2698 2684 ἦλθεν
2721 2617 2954 2680 ἐκεῖνος,
2987 2617 3081 2669 καὶ
3099 2615 3196 2688 τὴν
3221 2617 3470 2684 γλῶτταν
3493 2616 3772 2685 ἐκίνησεν,

2193 2702 2334 2769 εἶδες
2379 2707 2446 2759 ἂν
2490 2707 2818 2778 αὐτόχρημα
2869 2709 2967 2778 τὴν
3011 2711 3314 2778 πυρίπνουν
3359 2709 3776 2779 ὲπικαθημένην

2192 2801 2306 2862 τοῖς
2335 2799 2573 2870 χείλεσιν
2618 2802 2833 2853 ἐκείνου
2875 2803 3176 2872 ῥητορικὴν
3225 2802 3620 2872 Δημοσθένους.
3663 2803 3778 2854 Καὶ

2190 2892 2299 2945 τῶν
2328 2893 2436 2962 γὰρ
2474 2894 2518 2924 ⁸ο
2547 2893 2927 2963 κατακλυσμῷ
2955 2895 3063 2946 τῶν
3098 2896 3550 2966 ἐπιχειρημάτων
3585 2898 3773 2950 πᾶσαν

2192 2984 2289 3036 καὶ
2324 2984 2516 3055 ἀκοήν,
2559 2986 2657 3038 καὶ
2703 2985 2883 3056 ψυχήν
2926 2986 3282 3055 κατεσύρετο,
3338 2988 3432 3040 καὶ
3486 2987 3772 3058 ἀμύθητος

2190 3072 2256 3147 ἦν
2294 3078 2388 3129 καὶ
2412 3077 2625 3147 ἄμαχος
2649 3079 2747 3131 καὶ
2773 3079 2874 3145 τὴν
2901 3078 3149 3146 γλῶτταν
3177 3078 3314 3148 ὁμοῦ
3339 3081 3430 3132 καὶ
3456 3081 3553 3150 τὴν
3580 3083 3769 3151 χεῖρα,

2189 3170 2289 3240 τὴν
2328 3171 2428 3240 μὲν
2463 3171 2602 3243 πρὸς
2636 3171 2860 3242 δόρατος
2884 3171 3100 3239 ἄφεσιν,
3131 3173 3232 3241 τήν
3257 3173 3312 3225 δὲ
3347 3173 3481 3242 πρὸς
3512 3174 3775 3242 ἀκήρατα

2192 3261 2490 3332 θέλγητρα.
2532 3263 2596 3315 'Il
2627 3263 2683 3316 δέ
2713 3280 2774 3331 γε
2817 3262 3032 3332 βασιλὶς
3062 3265 3268 3335 Εἰρήνη
3306 3265 3401 3318 καὶ
3434 3265 3617 3334 μήτηρ
3656 3266 3769 3336 ἐμὴ

2193 3353 2392 3422 μεῖραξ
2423 3369 2479 3405 τε
2507 3349 2575 3425 ἦν
2606 3355 2666 3407 τὸ
2715 3355 2997 3424 τηνικάδε,
3037 3359 3132 3408 καὶ
3177 3356 3390 3409 οὐδέπω
3435 3357 3527 3410 τὸν
3572 3374 3771 3411 πεντε-

2192 3445 2520 3498 καιδέκατον
2561 3446 3050 3518 παραδεδραμήκει
3081 3448 3294 3518 χρόνον.
3327 3449 3588 3520 Θυγάτηρ
3616 3451 3672 3503 δὲ
3702 3448 3771 3521 ἦν
3798 3507 3800 3509 ς

2203 3536 2547 3606 Ἀνδρονίκου
2584 3540 2696 3611 (86)
2725 3541 2819 3592 τοῦ
2852 3542 3202 3610 πρωτοτόκου
3245 3543 3361 3595 υίοῦ
3422 3543 3517 3595 τοῦ
3555 3544 3771 3597 Καίσαο

2193 3646 2306 3700 ρος,
2335 3633 2396 3684 τὸ
2427 3633 2591 3698 γένος
2634 3633 3022 3704 περίϐλεπτος,
3077 3637 3158 3697 είς
3202 3635 3581 3706 Ἀνδρονίκους
3622 3637 3772 3688 ὲκεί-

2189 3739 2312 3786 νους
2349 3724 2446 3776 καὶ
2495 3726 2949 3790 Κωνσταντίνους
3003 3729 3132 3792 τούς
3179 3727 3388 3791 Δούκας
3414 3730 3770 3797 ἀναφέρουσα

2187 3817 2287 3886 τὴν
2314 3817 2408 3868 τοῦ
2457 3817 2651 3884 γένους
2696 3819 2904 3888 σειράν.
2961 3820 3241 3872 Ἀνίστατο
3281 3821 3389 3890 γὰρ
3419 3821 3460 3852 δ¹
3511 3819 3769 3890 καθάπερ

2186 3926 2240 3963 τι
2273 3909 2427 3977 ἔρνος
2460 3909 2647 3980 ὄρθιον
2677 3909 2765 3968 καὶ
2797 3909 3047 3973 ἀειθαλὲς
3081 3913 3417 3982 συμμέτρως
3469 3911 3567 3964 καὶ
3623 3911 3769 3966 πλα-

2187 4002 2464 4072 τυνομένη
2508 4003 2604 4056 καὶ
2649 4003 2985 4071 στενουμένη
3033 4003 3392 4072 καταλλήλως
3437 4004 3484 4035 ⁸³
3531 4006 3771 4058 ἑκασταο

2187 4091 2286 4161 χοῦ
2339 4091 2450 4144 τῶν
2507 4091 2708 4161 μελῶν,
2770 4093 2865 4144 καὶ
2928 4093 3136 4162 μερῶν,
3194 4095 3290 4146 καὶ
3327 4095 3629 4163 ἐπέραστος
3664 4094 3769 4164 μὲν

2189 4183 2344 4248 ἰδεῖν,
2380 4184 2686 4254 ἐπέραστος
2705 4183 2763 4236 δὲ
2786 4183 3043 4250 ἀκοῦσαι,
3069 4186 3161 4238 καὶ
3181 4185 3360 4256 ὅψεως
3385 4205 3445 4239 τε
3469 4185 3567 4239 καὶ
3593 4187 3769 4256 ἀκοῆς

2185 4276 2484 4348 ἀκόρεστον
2518 4277 2592 4340 ὡς
2627 4277 2797 4340 ὅντως
2827 4276 3084 4348 ἄκουσμά
3127 4296 3187 4332 τε
3223 4281 3315 4332 καὶ
3363 4280 3565 4348 θέαμα.
3622 4281 3773 4335 Αὐτὸ

2194 4367 2294 4438 μὲν
2323 4370 2433 4438 γάρ
2456 4369 2516 4422 τὸ
2556 4368 2872 4440 πρόσωπον,
2903 4368 3135 4439 σελήνης
3172 4370 3270 4438 μὲν
3293 4371 3587 4425 ἀπέστιλϐε
3633 4373 3774 4441 φέγ-

2187 4473 2304 4526 γος,
2339 4460 2399 4511 οὐ
2440 4457 2549 4529 μὴν
2575 4458 2889 4522 είςκύκλον
2944 4458 3571 4530 ἀκριϐἦέδιαπέπλαστο
3623 4463 3773 4516 κατὰ

2187 4551 2287 4615 τὰς
2357 4543 2652 4624 Ἀσσυρίας
2697 4553 2744 4589 ⁸⁸
2814 4554 3101 4621 γυναῖκας,
3163 4554 3275 4606 οὐδ’
3331 4553 3508 4616 ἄλλως
3561 4553 3776 4626 ἐξεμη-

2190 4646 2385 4699 κύνετο
2417 4647 2558 4701 κατὰ
2603 4647 2704 4710 τὰς
2756 4645 3044 4711 Σκυθίδας,
3088 4647 3204 4702 ἀλλ’
3243 4647 3574 4702 ὑπεκαλεῖτο
3602 4650 3651 4681 ⁸⁸
3677 4668 3775 4721 μι-

2190 4740 2322 4810 κρόν
2355 4756 2471 4803 πως
2513 4740 2613 4808 τῆς
2651 4739 2939 4809 ἀκριϐείας
2969 4742 3065 4792 τοῦ
3107 4740 3331 4794 κύκλου.
3387 4740 3772 4798 Ἀνεπέπτατο

2187 4831 2247 4885 δὲ
2286 4832 2459 4902 αὐτῆς
2504 4833 2533 4883 ὁ
2577 4830 2782 4900 λειμὼν
2816 4833 2923 4885 ἀπὸ
2949 4831 3057 4884 τῶν
3091 4835 3355 4903 παρειῶν,
3403 4837 3498 4888 καὶ
3539 4838 3641 4906 τὴν
3674 4842 3773 4908 ῥο-

2189 4923 2386 4977 δωνιὰν
2438 4925 2536 4977 καὶ
2585 4926 2699 4986 τοῖς
2752 4923 2946 4995 πόρρω
3000 4925 3402 4996 προύϐάλλετο.
3460 4929 3659 4998 ὐμμα
3710 4931 3769 4982 δὲ

2190 5016 2432 5086 χαροπὸν
2469 5019 2565 5069 καὶ
2600 5016 2695 5082 ξὺν
2731 5018 2892 5088 ἡδονῇ
2922 5017 3154 5087 φοϐερὸν
3179 5020 3512 5089 ἐνητένιζεν,
3535 5021 3614 5082 ὡς
3653 5023 3769 5075 τῶν

2192 5107 2445 5178 ὁρώντων
2479 5109 2548 5161 τά
2595 5108 2822 5178 ὄμματα
2864 5111 2931 5178 τῇ
2986 5113 3085 5177 μὲν
3124 5111 3283 5181 ἡδονῇ
3341 5113 3433 5164 καὶ
3465 5111 3544 5180 τῷ
3576 5114 3765 5166 κάλλει

1575 5201 1774 5263 Variae
1804 5202 2108 5265 lectiones
2146 5220 2225 5264 ex
2257 5203 2397 5263 cod.
2425 5201 2687 5263 Coislin.

1085 5308 1129 5340 ³⁷
1162 5305 1385 5376 βολίίος.

1081 5379 1123 5410 ⁵⁸
1173 5377 1453 5447 Ἀσυρίας.

1493 5304 1538 5335 ³⁸
1574 5303 1847 5373 μετώπου.

575 5312 620 5342 ⁸⁸
651 5310 1006 5380 άρχετυπίαν.
1085 5310 1129 5340 ³⁷
1162 5310 1385 5376 βολίξος.
1493 5310 1538 5335 ³⁸
1574 5310 1847 5373 μετώπου.

583 5384 1000 5444 κατ’ἁλλήιοις.
1081 5379 1123 5410 ⁸⁸
1173 5377 1453 5444 Ἀσυρίας.
1532 5374 1578 5406 ⁸⁸
1613 5374 1923 5444 ὑπεχαλᾶτο

1671 5407 1713 5426 ὣς
1726 5407 1944 5426 ιαλψυυο

510 5383 554 5416 ⁸⁸
583 5385 704 5436 κατ’
727 5384 1000 5451 ἀλλήλοις.

1929 5305 1971 5334 ³³
2006 5304 2096 5358 καὶ
2129 5304 2319 5373 βάρος.

2398 5303 2444 5335 ⁸ο
2481 5304 2687 5359 Desunt
2730 5317 2892 5359 voces
2926 5305 3020 5358 καὶ
3055 5305 3164 5358 τῶν
3195 5305 3322 5376 γάρ.
3419 5305 3463 5337 ⁸¹
3496 5303 3603 5376 μὴν
3631 5304 3760 5373 γάρ.

1549 5466 1690 5526 Car.
1729 5463 2056 5525 Dufresnii
2110 5465 2202 5523 l)u
2253 5461 2474 5539 Cangii
2512 5468 2700 5522 noles.

571 5576 680 5644 (86)
713 5573 985 5643 Θυγάτηρ
1006 5569 1074 5644 δὲ
1096 5565 1869 5644 ἦνβΑνδρργι¹κουζΡθιΊυνὶ
1916 5567 2065 5644 illius

501 5660 552 5701 et
574 5638 971 5716 perlidi,cujus
1002 5638 1203 5716 insigni
1251 5642 1558 5716 proditione
1623 5639 1902 5693 Romanus
1943 5638 2067 5688 Din-

502 5709 668 5774 qenes
703 5717 834 5774 iniu.
869 5709 955 5768 cui
989 5714 1251 5776 merebat,
1285 5713 1338 5764 in
1371 5709 1677 5765 Turcorutn
1736 5716 2062 5778 potestatem

2175 5565 2572 5635 venitzquem
2646 5565 2993 5634 postmodum
3065 5577 3255 5622 contra
3331 5570 3516 5625 datam
3599 5572 3763 5627 (hii-tn

2177 5635 2394 5710 ellossis
2429 5636 2626 5710 (_)_cn|is,
2664 5652 2764 5710 nec
2789 5639 3013 5710 curatis
3053 5640 3396 5710 vulneribus,
3453 5646 3633 5710 perire
3661 5660 3768 5700 cu—

2175 5707 2303 5775 egit.
2341 5704 2400 5759 V.
2439 5704 2646 5760 Zonar.
2678 5706 2905 5778 Scylitz.
2940 5707 3185 5766 Manass.
3217 5704 3468 5766 Glt'cam:
