4068 6266
316 256 422 320 269

1552 258 1972 321 ALEXIADIS
2004 258 2150 320 LIB.
2192 253 2310 318 ΙΙΙ.

3491 252 3597 318 270

319 365 498 419 ἕλκειν
533 364 681 435 πρὸς
720 366 938 437 ἑαυτὴν,
969 365 1046 435 τῷ
1083 366 1139 420 δὲ
1172 369 1321 440 φόϐῳ
1357 368 1516 438 μύειν
1550 368 1900 433 καταναγκά-

2017 367 2365 436 proportione
2411 363 2503 419 ubi
2550 371 2668 419 erat
2727 377 2865 434 opus
2935 363 3098 418 modo
3153 365 3382 420 dilatata
3431 371 3612 424 modo-

326 455 454 520 ζειν,
498 457 602 509 οὐκ
652 455 887 527 ἐχόντων
919 458 1070 520 ὅπως
1107 457 1552 528 ἀποϐλέψωνται,
1583 459 1614 527 ἢ
1664 459 1815 520 ὅπως
1844 458 1910 511 ἂν

329 547 780 616 ἀποκρύψωνται.
799 549 906 600 Καὶ
939 549 987 600 εί
1016 549 1114 617 μέν
1135 565 1218 612 τις
1250 544 1315 619 ἧν
1341 548 1546 619 Ἀθηνᾶ
1572 552 1682 612 τοῖς
1720 552 1912 617 πρώην

330 639 685 708 ἐφευρημένη
751 643 1006 709 ποιηταῖς
1067 659 1124 694 τε
1184 643 1278 695 καὶ
1339 642 1752 712 συγγραφεῦσιν
1811 643 1912 694 οὐκ

329 729 440 783 οίδα
477 730 656 798 ἔγωγε
684 747 700 764 ο
742 731 912 802 μῦθον
959 735 1014 786 δὲ
1057 734 1262 805 ταύτην
1292 734 1478 787 ἀκούω
1529 735 1909 803 περιφερόμε-

330 841 413 876 νον
465 825 560 876 καὶ
617 825 1093 894 περισυρόμενοψ
1141 827 1241 897 τὴν
1294 827 1351 879 δὲ
1402 826 1652 897 βασιλίδα
1707 825 1912 896 ταύτην

350 917 604 984 Ἀθηνᾶν,
639 917 803 979 εἴτις
829 913 987 988 εἴπερ
1019 918 1062 950 ⁸⁵
1089 920 1148 971 ὲν
1178 921 1292 982 τοῖς
1321 920 1441 971 τότε
1469 921 1684 990 χρόνοις
1725 922 1913 990 φανεί-

332 1025 424 1061 σαν
454 1006 534 1077 τῷ
581 1007 917 1080 ἀνθρωπίνῳ
949 1009 1070 1080 βίῳ,
1106 1011 1138 1081 ἣ
1167 1014 1622 1083 καταρραγεῖσαν
1652 1011 1711 1076 ἐξ
1743 1014 1908 1084 οὐρα-

327 1099 410 1152 νοῦ
473 1099 613 1169 μετά
674 1117 824 1163 τινος
881 1102 1140 1170 οὐρανίας
1194 1102 1389 1172 αἴγλης
1452 1105 1547 1157 καὶ
1602 1105 1909 1174 ἀπροσίτου

331 1194 726 1261 μαρμαρυγῆς,
759 1193 860 1244 οὐκ
893 1191 959 1245 ἄν
996 1192 1270 1262 ἐξήμαρτε
1301 1192 1394 1246 τοῦ
1435 1193 1664 1258 εἰκότος.
1712 1194 1821 1246 Καὶ
1855 1195 1913 1246 τὸ

330 1282 804 1351 θαυμασιώτερον,
838 1285 974 1355 ὅπερ
1025 1286 1125 1338 οὐκ
1182 1285 1249 1338 ἂν
1299 1287 1356 1337 ἐν
1404 1285 1539 1360 ἄλλῃ
1571 1286 1680 1340 τῶν
1727 1304 1912 1354 γυναιο

329 1376 430 1427 κῶν
488 1374 767 1444 εὑρεθείη,
819 1377 942 1438 τοὺς
1013 1376 1110 1445 μὲν
1168 1378 1396 1447 ίθαμοὺς
1447 1378 1490 1410 ⁸⁸
1541 1378 1650 1432 τῶν
1704 1380 1913 1448 ἀνδρῶν

329 1467 670 1528 συνέστελλε,
708 1471 822 1529 τοῖς
864 1469 906 1519 δ’
941 1469 1044 1520 ὑπὸ
1077 1469 1242 1536 φόϐου
1275 1471 1731 1539 συνεσταλμένοις
1769 1470 1909 1542 θαρ-

329 1561 436 1628 ρεῖν
470 1559 706 1611 ἐνεδίδου
739 1563 801 1611 ἐκ
841 1560 1008 1628 μόνης
1037 1559 1233 1628 ὄψεως.
1269 1562 1350 1615 Τὰ
1407 1563 1464 1615 δὲ
1506 1563 1659 1634 χείλη
1692 1564 1909 1632 ἐμεμύ-

339 1669 420 1703 κει
454 1652 554 1720 μὲν
585 1652 651 1705 τὰ
685 1653 855 1706 ποῖ.λά
888 1655 978 1706 καὶ
1003 1655 1214 1708 ἐδείκνυ
1259 1655 1527 1725 σιγῶσαν,
1560 1657 1803 1726 ἔμπνουν
1831 1658 1908 1720 ὡς

2019 467 2255 518 arctata,
2287 455 2554 510 membris
2589 456 2690 509 sibi
2725 466 2921 510 exacte
2959 455 3441 525 respondentibus,
3478 461 3597 514 visu

2019 551 2226 618 pariter
2254 556 2309 602 et
2342 549 2535 601 auditu
2573 548 2652 602 sic
2677 546 2929 602 amabilis
2981 555 3042 601 ut
3077 563 3177 602 nec
3215 551 3596 617 spectaculum

2017 641 2263 702 suavius,
2301 655 2402 693 nec
2434 655 2686 693 acroama
2732 638 2952 694 dulcius
2998 637 3118 707 ejus
3161 640 3310 693 vultu
3355 656 3599 710 voceque

2017 734 2268 788 homines
2301 733 2586 787 haberent.
2640 732 2834 786 Facies
2881 732 3098 802 quidem
3156 733 3313 801 pleno
3357 736 3599 789 micabat

2017 826 2159 879 lunae
2187 823 2404 893 fulgore
2426 841 2440 878 :
2462 839 2573 878 non
2606 832 2790 878 tamen
2819 824 2869 876 in
2895 822 3196 892 perfectum
3219 825 3487 879 circinata
3509 844 3598 880 or-

2015 916 2136 969 bem
2167 931 2321 970 more
2367 917 2750 987 Assyriarum,
2780 931 2880 970 nec
2914 915 3207 972 immodice
3231 917 3392 987 longa
3416 920 3596 986 qualis

2015 1011 2121 1080 77
2177 1011 2230 1062 in
2287 1007 2504 1080 Scythis
2571 1007 2786 1063 feminis
2840 1007 3108 1071 cernitur,
3167 1008 3262 1064 sed
3323 1010 3589 1078 producta

2013 1103 2300 1172 p-uululnm
2345 1103 2486 1156 ultra
2544 1118 2710 1173 gyros
2760 1103 2938 1156 exacti
3008 1102 3225 1158 circuli.
3269 1102 3596 1160 Pet-volabat

2016 1211 2141 1250 vero
2175 1196 2322 1249 illam
2384 1211 2490 1264 qua
2545 1196 2912 1250 tendebantur
2961 1210 3112 1264 gena:
3168 1197 3383 1266 species
3436 1204 3600 1266 atque

2017 1304 2151 1342 aura
2187 1288 2434 1356 quaedam
2481 1289 2766 1342 vernantis
2813 1287 2950 1356 prati
2982 1299 3034 1342 ct
3065 1289 3184 1342 viva
3217 1304 3456 1358 purpura
3501 1291 3600 1344 lla-

2017 1390 2261 1450 grantem
2295 1378 2537 1434 florentis
2567 1379 2766 1434 rosarii
2795 1379 3027 1434 colorem
3057 1377 3110 1432 in
3139 1381 3333 1434 oculos
3361 1381 3443 1434 vel
3471 1397 3600 1449 pro-

2018 1471 2106 1524 cul
2159 1471 2526 1539 spectantium
2562 1470 2976 1539 ejaculabatur;
3022 1472 3289 1526 intuentis
3341 1483 3601 1540 aspectus

2017 1565 2197 1618 vivide
2239 1579 2491 1627 serenus,
2542 1573 2595 1617 et
2647 1563 2852 1629 pariter
2904 1564 3206 1626 delectans.
3243 1565 3450 1633 pariter
3485 1576 3601 1619 ter-

2018 1672 2167 1718 rens,
2205 1667 2262 1710 ut
2293 1655 2702 1710 occurrentium
2743 1654 2928 1709 oculos
2975 1663 3031 1710 et
3082 1656 3263 1724 specie
3301 1657 3352 1710 in
3384 1671 3442 1710 se
3476 1673 3598 1711 ver-

326 1719 541 1810 ἀληθῶς
602 1742 830 1811 ἄγαλμα
893 1743 1159 1815 καλλονῆς
1224 1719 1339 1800 καὶ⁷
1383 1719 1604 1818 στήλην
1661 1747 1906 1818 ἔμψυχον

2019 1759 2174 1813 teret,
2213 1757 2266 1802 ct
2303 1748 2590 1816 majestate
2622 1746 2914 1800 connivere
2938 1757 3174 1816 cogeret,
3210 1748 3350 1802 inter
3380 1759 3594 1802 utrum-

326 1832 652 1903 εὐρυθμίας.
697 1835 936 1904 Ἰίνιὸχει
966 1836 1022 1888 δὲ
1055 1838 1121 1889 τὰ
1159 1838 1330 1890 πολλὰ
1385 1841 1416 1909 ἡ
1473 1841 1594 1909 χεὶρ
1642 1839 1719 1909 τῷ
1763 1840 1906 1911 λόγῳ

327 1926 418 1977 σὺν
452 1927 736 1997 εὐρυθμίᾳ
772 1928 937 1998 μέχρι
980 1928 1073 1979 τοῦ
1126 1929 1343 1998 καρποῦ
1395 1932 1812 2001 παραδεικνῦσα
1843 1933 1905 1985 τὸ

328 2021 726 2089 μετακὰρπιον,
763 2024 858 2073 καὶ
887 2018 1039 2083 εἶπες
1067 2021 1132 2074 ἂν
1169 2021 1440 2092 ἐλέφαντα
1481 2023 1902 2094 ὲκτετορεῦσθαι

326 2113 473 2182 παρὰ
507 2114 757 2181 τεχνίτου
787 2114 934 2175 τινὸς
980 2116 1059 2177 είς
1088 2115 1370 2169 δακτύλων
1411 2117 1504 2169 καὶ
1545 2117 1747 2186 χειρῶν
1783 2116 1901 2169 διάο

325 2203 492 2255 θεσιν.
548 2203 612 2255 Ἡ
675 2205 859 2273 μέντοι
912 2199 1023 2274 ipse;
1090 2205 1200 2258 τῶν
1269 2207 1569 2276 ὀφθαλμῶν
1629 2209 1904 2262 θάλατταν

324 2303 578 2369 ἐμιμεῖτο
635 2301 980 2367 γαληνιῶσαν
1030 2302 1087 2353 ὲν
1138 2300 1476 2372 βαθυκύμονι
1537 2301 1774 2355 διαθέσει
1845 2305 1906 2356 τὸ

324 2391 560 2444 κυανοῦν
617 2393 1020 2460 ἐξαυγὰζουσα.
1081 2395 1424 2448 Ἀντέστιλὸε
1484 2397 1527 2428 ⁸⁷
1578 2396 1634 2450 δὲ
1693 2396 1786 2448 καὶ
1841 2397 1903 2449 τὸ

323 2483 511 2536 λευκὸν
551 2484 663 2534 τῶν
711 2485 980 2554 ὀμμάτων
1025 2486 1211 2555 κύκλῳ
1249 2487 1349 2555 τῆς
1387 2487 1575 2558 ἴριδος,
1611 2488 1707 2540 καὶ
1737 2487 1900 2556 χάριν

325 2575 652 2643 ἀπέλαμπον
708 2575 921 2644 ἄμαχον
974 2579 1065 2628 καὶ
1120 2577 1312 2648 ἡδονὴν
1371 2580 1579 2646 ἀραῖον
1636 2579 1902 2632 ἐνεδίδουν

324 2669 438 2726 ταῖς
479 2665 664 2731 ὄψεσι.
712 2665 961 2717 Τοιοῦτοι
1027 2666 1126 2735 μὲν
1190 2667 1290 2736 τὴν
1350 2668 1495 2722 ἰδέαν
1544 2669 1751 2738 Εἰρήνη
1807 2670 1903 2722 καὶ

336 2754 594 2818 ’Δλέξιος.
645 2757 704 2808 Ὀ
759 2758 943 2824 μέντοι
990 2756 1129 2818 θεῖος
1172 2758 1306 2826 ἐμὸς
1350 2759 1620 2822 Ἰσαάκιος
1665 2761 1762 2831 τὴν
1801 2760 1903 2830 μὲν

325 2848 540 2915 ἠλικίαν
566 2845 730 2916 ἐῴκει
761 2846 1030 2915 τάδελφῷ,
1062 2848 1182 2900 οὐδὲ
1218 2850 1287 2903 τὰ
1315 2849 1448 2902 ἄλλα
1473 2851 1519 2882 ⁸⁸
1555 2852 1691 2905 πολὺ
1724 2851 1906 2923 ἀπεῲ-

328 2953 424 2989 κει.
462 2938 766 3007 ’Ὗπωχρος
795 2936 894 3006 μὲν
925 2933 1015 2989 οὖν
1050 2935 1116 3008 ἦν
1146 2939 1306 3003 αὐτὸς
1344 2941 1441 3009 τὴν
1491 2942 1612 3012 ὄψιν
1665 2945 1760 2995 καὶ
1803 2947 1904 3014 τὴν

329 3027 537 3096 ὑπήνην
575 3029 636 3079 οῦ
676 3033 817 3076 πάνυ
859 3026 1046 3092 δασὺς,
1074 3029 1208 3081 ἀλλὰ
1253 3032 1345 3083 καὶ
1379 3033 1506 3100 περ).
1541 3031 1639 3094 τὰς
1671 3031 1905 3099 γνάθους
1937 3075 1978 3129 c

326 3120 637 3188 ψιλωτέραν
678 3115 792 3185 εἶχε
851 3118 951 3187 τῆς
1004 3121 1291 3188 τάδελφοῦ.
1323 3123 1524 3192 ’Λμφω
1562 3123 1618 3175 δὲ
1664 3123 1908 3193 τάδελφὼ

328 3210 679 3277 κυνηγεσίοις
743 3209 844 3278 μὲν
906 3211 1169 3274 πολλάκις
1229 3214 1519 3279 ἀπένευον,
1549 3216 1793 3286 ὁπηνίκα
1850 3219 1912 3270 οὐ

330 3301 492 3370 πολλή
552 3317 636 3362 τις
689 3302 874 3364 αὐτοῖς
930 3303 1154 3373 ἐπέρρει
1189 3304 1232 3336 ‘9
1267 3309 1612 3376 πραγμάτων
1665 3311 1910 3378 φροντὶς,

332 3391 652 3462 πολεμικοῖς
735 3391 792 3442 δὲ
875 3393 1161 3464 μᾶλλονῆ
1237 3401 1618 3465 κυνηγετικοῖς
1695 3401 1914 3469 ἔχαιρον

332 3485 677 3553 πράγμασιν.
725 3483 812 3534 Ἐν
865 3483 921 3533 δὲ
973 3487 1093 3547 ταῖς
1143 3487 1405 3554 ἐμϐολαῖς
1462 3489 1570 3540 τῶν
1627 3490 1910 3561 πολέμων,

333 3577 433 3626 οὐδ’
464 3577 711 3646 ὁπηνίκα
770 3578 880 3629 τῶν
924 3581 1222 3647 ταγμάτων
1254 3582 1419 3644 αὐτὸς
1461 3584 1706 3654 κατῆρχε
1743 3587 1912 3654 προέ-

330 3678 487 3744 τρεχέ
513 3693 599 3738 τις
627 3676 824 3736 αὑτοῦ,
858 3677 976 3728 ἀλλ’
1013 3676 1128 3744 ἅμα
1172 3694 1231 3729 τε
1258 3681 1356 3747 τὴν
1391 3680 1701 3749 παράταξιν
1729 3683 1909 3752 ἐωρὰ-

332 3785 411 3819 κει
437 3769 549 3820 τῶν
601 3769 886 3835 πολεμίων
929 3771 1134 3832 ἐκεῖνος
1170 3773 1261 3822 καὶ
1289 3772 1510 3824 πάντων
1558 3779 1911 3847 καταφρονή⁸

332 3876 426 3921 σας
468 3861 583 3912 τῶν
632 3861 833 3926 ἄλλων,
869 3862 928 3924 ὲς
972 3862 1169 3931 μέσους
1215 3864 1476 3916 ἐνέπιπτε
1525 3865 1776 3937 καθάπερ
1829 3885 1913 3931 τις

328 3955 620 4023 κεραυνὸς,
676 3953 844 4017 ὀξέως
897 3954 1205 4008 διακόπτων
1264 3956 1361 4019 τὰς
1427 3957 1734 4026 φάλαγγας.
1789 3962 1915 4012 Κὰκ

328 4048 513 4097 τούτου
555 4047 703 4098 ἑάλω
737 4046 848 4114 (87)
888 4047 980 4098 καὶ
1007 4047 1154 4112 ἅπαξ
1179 4051 1266 4100 καὶ
1301 4049 1384 4109 δὶς
1414 4051 1559 4102 κατὰ
1596 4051 1696 4120 τὴν
1720 4051 1909 4104 Ἀσίαν

331 4137 614 4204 συμμίξας
644 4138 998 4207 Ἀγαρηνοῖς.
1028 4139 1134 4190 Καὶ
1161 4141 1322 4193 τοῦτο
1356 4140 1519 4208 μόνον
1571 4138 1684 4211 εἶχε
1735 4144 1907 4213 ψόγου

330 4226 473 4290 ἄξιον
505 4230 565 4278 ὲν
604 4229 718 4289 τοῖς
749 4229 1012 4298 πολέμοις
1053 4230 1222 4299 οὑμὸς
1259 4230 1404 4294 θεῖος
1453 4232 1538 4285 ὅτι
1582 4234 1718 4303 πρὸς
1772 4252 1910 4304 συμ-

335 4319 490 4383 ϐολὰς
526 4320 910 4388 ἀκατάσχετος
942 4316 1030 4391 ἦν.

2013 1857 2119 1912 que
2184 1841 2460 1903 incertos,
2499 1854 2563 1894 ac
2621 1855 2719 1894 nec
2775 1841 3052 1894 abstinere
3089 1858 3115 1893 a
3159 1841 3436 1895 cernendo
3499 1857 3601 1896 nec

2015 1933 2290 1988 sustinere
2329 1939 2520 1985 contra
2571 1931 2870 1985 intuentem
2910 1931 3168 1984 valentes.
3197 1931 3368 1996 Quam
3423 1930 3599 1984 Palla-

2013 2024 2133 2079 dem
2166 2031 2333 2091 poctaa
2383 2022 2731 2090 pictoresque
2764 2021 3047 2074 celebrant
3076 2063 3090 2082 ,
3136 2035 3200 2073 ea
3239 2035 3306 2074 an
3351 2036 3590 2090 unquam

2016 2115 2293 2171 exstiterit
2347 2116 2569 2178 nescio,
2607 2114 2856 2183 plerique
2898 2113 3138 2166 fabulam
3185 2121 3510 2177 autumant;
3543 2123 3598 2167 at

2015 2207 2255 2260 formam
2293 2205 2458 2276 hujus
2500 2214 2702 2261 nostra}
2739 2205 3002 2274 Angusta:
3037 2204 3272 2259 similem
3315 2203 3598 2260 exstitisse

2016 2301 2145 2352 olim
2205 2300 2258 2352 in
2315 2297 2478 2351 terris
2514 2306 2568 2352 et
2615 2296 2980 2350 admiratione
3041 2296 3127 2349 sui
3167 2310 3230 2348 ac
3284 2294 3594 2364 fulguribus

2016 2372 2305 2447 oculorum
2344 2389 2624 2458 radiisque
2670 2389 2890 2442 acribus
2943 2387 3290 2456 percellentis
3341 2389 3550 2456 speciei
3579 2431 3595 2452 ,

2019 2481 2254 2538 caelestis
2273 2481 2503 2548 originis
2537 2479 2695 2532 facile
2726 2478 2886 2532 fidem
2919 2477 3118 2533 fecisse
3147 2478 3192 2532 si
3218 2479 3340 2546 quis
3371 2476 3594 2542 dixerit,

2015 2590 2097 2629 me
2138 2576 2182 2628 is
2216 2589 2245 2626 a
2274 2587 2424 2636 vero,
2476 2578 2624 2625 certe
2653 2569 2930 2623 verisimili
2967 2585 3075 2622 non
3121 2569 3496 2635 abcrraverit;
3532 2584 3598 2624 ac

2013 2665 2160 2732 quod
2212 2663 2462 2717 mirabile
2524 2670 2578 2716 et
2618 2661 2780 2727 hujus
2831 2661 2990 2729 plane
3019 2661 3263 2716 mulieris
3300 2660 3596 2730 singulare.

2021 2758 2258 2811 audaces
2320 2755 2776 2823 impmlrntesque
2818 2752 3185 2807 conturbabat
3236 2752 3596 2819 reprimebat-

2014 2867 2138 2919 que,
2177 2847 2410 2902 humiles
2465 2858 2657 2899 contra
2694 2854 2946 2914 metuque
2995 2853 3308 2900 contractos
3349 2845 3597 2914 erigebat

2015 2943 2067 2996 in
2110 2940 2366 2995 fiduciam
2409 2937 2525 2991 solo
2566 2947 2812 3005 aspectu.
2848 2938 2916 2990 At
2964 2937 3148 3003 labia,
3197 2937 3451 3006 patebant
3502 2936 3595 2990 illa

2015 3034 2231 3102 quidem
2265 3032 2606 3100 plerumque,
2638 3029 2731 3082 sed
2769 3028 2834 3081 ad
2870 3042 3255 3096 speciem,non
3281 3027 3347 3082 ad
3382 3041 3596 3088 vocem,

2022 3133 2247 3194 totaque
2274 3123 2602 3177 cernebatur
2641 3121 2858 3189 spirans
2903 3119 3258 3174 simulacrum
3291 3119 3598 3188 pulchritu-

2017 3216 2186 3275 dinis,
2234 3222 2289 3268 et
2338 3213 2578 3268 animata
2632 3210 3021 3265 concinnitatis
3057 3211 3330 3264 columna.
3372 3209 3595 3264 Sermo-

2023 3322 2144 3360 nem
2202 3305 2314 3358 fere
2363 3302 2704 3372 gubernabat
2763 3315 2980 3362 manus,
3024 3315 3241 3354 summo
3291 3300 3474 3368 lepore
3531 3315 3596 3354 ac

2017 3399 2284 3467 elegantia
2322 3411 2499 3465 usque
2536 3393 2603 3449 ad
2631 3395 2948 3464 juncturam
2982 3395 3188 3448 brachii
3223 3395 3450 3463 nudata,
3491 3396 3594 3450 mi-

2020 3489 2204 3542 raculo
2236 3485 2564 3540 intuentium
2606 3483 2697 3553 qui
2735 3482 3188 3539 candidissimum
3222 3483 3358 3536 ebur
3405 3483 3461 3536 in
3507 3482 3594 3536 di-

2019 3581 2161 3649 gitos
2189 3588 2240 3632 et
2269 3578 2444 3632 volam
2468 3592 2530 3630 ac
2549 3587 2800 3631 cmteram
2837 3591 3056 3629 manum
3095 3590 3122 3627 a
3152 3575 3430 3642 prazstanti
3461 3588 3600 3639 quo-

2019 3671 2142 3724 dam
2178 3669 2384 3723 artifice
2423 3677 2692 3723 tornatum
2739 3667 2924 3720 videre
2958 3666 3058 3719 sibi
3094 3664 3437 3718 videbantur.
3489 3661 3589 3716 iris

2017 3762 2302 3816 oculorum
2337 3775 2486 3814 mare
2525 3758 2874 3826 tranquillam
2907 3755 3196 3818 referebat,
3228 3754 3280 3805 in
3328 3751 3596 3820 profunda

2017 3855 2197 3923 quiete
2225 3851 2495 3906 undarum
2526 3851 2754 3902 caerulea
2794 3847 3089 3900 serenitate
3124 3843 3400 3896 renidens.
3437 3840 3587 3894 Can-

2019 3946 2120 3999 dor
2160 3959 2321 4012 porro
2355 3938 2707 3996 circumdans
2740 3937 3006 4006 pupillum
3041 3934 3224 3988 vivum
3247 3941 3300 3986 et
3330 3934 3504 4001 ipsum
3534 3947 3598 3983 ae

2019 4037 2234 4097 lucens,
2261 4033 2596 4100 mistumquc
2640 4045 2706 4085 ex
2767 4029 2850 4082 his
2901 4026 3157 4080 omnibus
3204 4027 3437 4095 gratiam
3485 4023 3594 4076 evi-

2019 4129 2213 4185 brabat
2262 4125 2748 4195 incomparabilem
2778 4163 2794 4189 ,
2841 4131 2896 4177 et
2945 4120 3226 4188 voluptate
3284 4117 3594 4172 incredibili

2018 4219 2270 4288 pascebat
2304 4218 2597 4270 intuentes.
2617 4212 2764 4268 Talis
2793 4211 2905 4266 fere
2928 4210 3110 4264 [renes
3135 4213 3190 4262 et
3216 4207 3388 4261 Alexii
3419 4204 3592 4260 forma

2018 4311 2251 4366 exstitit.
2296 4309 2531 4362 Patruus
2566 4322 2698 4362 vero
2737 4319 2892 4359 mens
2919 4301 3160 4355 lsaacius
3195 4308 3403 4353 statura
3438 4295 3598 4350 fratri

334 4412 554 4477 similis,
585 4429 656 4468 ne
728 4413 780 4465 in
854 4413 1062 4467 caeteris
1103 4413 1322 4482 quidem
1372 4415 1526 4471 valde
1572 4416 1962 4489 discrepabat,
2035 4422 2138 4476 sub
2189 4416 2459 4488 pallidiori
2518 4426 2696 4468 tamen
2762 4411 2932 4477 faciei
2994 4424 3094 4463 nec
3151 4406 3317 4462 barba
3364 4406 3594 4460 "mum"

334 4505 518 4571 densa,
597 4505 731 4573 quin
809 4514 863 4559 et
910 4506 977 4559 ad
1033 4507 1205 4561 malas
1264 4508 1443 4562 minus
1502 4509 1731 4578 pilorum
1795 4512 1983 4568 habuit
2022 4528 2188 4583 quam
2225 4512 2392 4564 frater
2434 4510 2562 4563 licet
2604 4507 2812 4576 junior.
2883 4505 3182 4558 Amborum
3217 4501 3330 4569 j.un
3365 4501 3592 4554 fratrum

335 4610 626 4649 commune
689 4598 957 4662 studium,
995 4597 1042 4652 si
1085 4600 1255 4652 otium
1297 4609 1447 4655 esset
1497 4615 1526 4654 a
1575 4603 1829 4672 negotiis,
1873 4605 2154 4676 indulgere
2209 4602 2507 4667 venationi,
2574 4600 2664 4654 cui
2703 4607 2884 4653 tamen
2924 4609 3049 4649 cum
3121 4594 3341 4649 occasio
3369 4594 3556 4646 aderat
3584 4611 3597 4632 ο

340 4695 586 4744 n.ihtiam
612 4691 997 4760 praeferebant.
1029 4693 1270 4749 lsaacius
1342 4711 1507 4764 porro
1551 4700 1643 4766 qui
1713 4703 1990 4755 exercitus
2033 4716 2178 4770 saepe
2211 4701 2488 4765 ductui-at,
2521 4712 2644 4752 cum
2677 4692 3128 4749 committendum
3153 4699 3301 4745 esset
3329 4690 3596 4758 pratlium,

344 4802 623 4855 nunquam
662 4788 752 4840 alii
782 4788 989 4857 primas
1023 4789 1252 4858 periculi
1286 4799 1382 4843 aut
1443 4791 1748 4849 lacessendi
1818 4798 1992 4852 hostis
2032 4795 2199 4851 dabat
2240 4813 2253 4849 :
2285 4810 2475 4850 verum
2509 4795 2629 4863 ipse
2661 4792 2916 4862 princeps
2949 4787 3114 4842 simul
3145 4785 3397 4839 hostilem
3423 4783 3596 4835 aciem

341 4885 544 4938 viderat
576 4886 629 4938 in
660 4900 782 4945 eam
818 4900 1061 4955 praeceps
1128 4886 1362 4940 mediam
1407 4903 1552 4944 caeco
1591 4901 1646 4943 at
1694 4889 1958 4948 fulmineo
1999 4895 2205 4962 impetu
2246 4871 2547 4957 ferebatur,
2591 4904 2788 4960 magna
2822 4887 3140 4956 plerumque
3170 4891 3352 4948 strage
3396 4894 3458 4931 ac
3488 4878 3572 4927 dis

338 4976 570 5041 lectione
635 4977 992 5047 phalangum.
1055 4978 1164 5047 78
1200 4977 1354 5033 Unde
1427 4990 1482 5035 et
1533 4983 1760 5052 contigit
1826 4993 1883 5038 ut
1933 4987 2101 5040 semel
2137 4995 2300 5054 atque
2363 4986 2560 5039 iterum
2597 4983 2650 5036 in
2694 4981 2822 5034 Asia
2867 4990 3116 5049 pugnans
3152 4989 3276 5028 cum
3316 4972 3598 5040 Agareuis,

346 5079 644 5131 caperetur.
682 5069 863 5134 Atque
898 5067 1002 5120 huc
1031 5068 1206 5120 solum
1242 5068 1294 5122 in
1324 5070 1535 5125 bellicis
1599 5073 1764 5129 rebus
1827 5076 2197 5145 vituperabile
2264 5084 2491 5144 patruus
2546 5072 2733 5127 habuit
2786 5086 2965 5135 meus,
2995 5066 3141 5138 quod
3172 5068 3226 5120 in
3257 5063 3598 5130 congressio.

348 5161 498 5214 nibus
530 5178 639 5215 non
675 5161 904 5232 regebat
938 5159 1222 5229 impetum.

1435 5298 1639 5360 Varias
1677 5299 1989 5362 lectiones
2028 5316 2107 5361 ex
2139 5299 2283 5359 cod.
2314 5299 2586 5361 Coislin.

412 5401 456 5435 “
492 5400 659 5456 εἶπεν.
738 5403 787 5436 ⁸⁸
824 5398 1076 5470 ἰταμούς.
1151 5399 1195 5431 ⁸⁷
1236 5398 1547 5452 ἀπέστιλϐε.

1619 5399 1664 5431 ⁸³
1690 5395 1750 5454 οῦ
1783 5401 1923 5454 κατά
1950 5400 2106 5454 ἄλλα.

2182 5400 2227 5430 ⁸⁹
2261 5399 2514 5472 ὲπερῤὀει
2539 5401 2763 5464 τούτοις.

1419 5538 1562 5600 Car.
1602 5537 1932 5599 Dufresnii
1959 5541 2051 5599 Du
2095 5537 2309 5616 Caugii
2347 5546 2534 5599 notua.

407 5668 513 5743 (87)
554 5667 780 5726 Ἑάλω.
821 5660 897 5717 Ut
927 5674 957 5714 a
995 5658 1282 5716 Saracenis
1332 5665 1528 5728 captus
1570 5657 1734 5713 fuerit
1783 5657 2040 5725 lsaacins,
2075 5659 2319 5730 pluribus
2354 5664 2539 5712 narrat
2576 5654 2854 5724 Bryenius.
