4068 6266
522 501 630 563 275

1763 510 1988 574 ΛΝΝᾸΕ
2027 514 2410 578 ΟΟΜΝΕΝᾸΞ

3660 515 3768 578 276

517 614 801 672 cothurnis
828 623 881 671 et
919 630 1118 671 corona
1154 617 1422 688 augustali
1479 627 1759 682 uteretur,
1806 630 1860 676 et
1892 638 2081 680 nomen

2193 631 2422 702 δωρεαῖς
2471 630 2566 685 καὶ
2628 627 3049 700 χρυσοὸούλλοις
3131 626 3314 695 λόγοις
3359 626 3615 695 δεύτερος
3669 621 3767 677 τοῦ

511 711 632 778 ejus
701 723 826 764 cum
887 709 1072 764 Alexii
1153 710 1378 766 nomine
1433 713 1886 782 proclamaretnr.
1958 715 2085 772 Haec

513 801 718 868 scripto
755 801 1048 870 diplomate
1082 802 1339 872 bullaque
1373 805 1586 858 munito
1630 821 1794 860 aurea
1823 823 2082 863 concessa

513 895 566 946 in
599 908 754 948 nsum
796 893 980 947 statim
1014 901 1142 948 sunt
1165 895 1379 949 redacta
1408 939 1423 961 ,
1452 897 1754 966 positisque
1811 899 2085 955 Constan-

511 988 658 1039 tinus
687 986 798 1055 80
831 986 1108 1056 polymitis
1134 1002 1197 1040 ac
1225 988 1518 1058 variegatis
1543 1030 1558 1055 ,
1593 990 1830 1058 perfecte
1883 993 2083 1048 rubros

509 1077 686 1130 induit
715 1078 932 1132 calceos
953 1118 966 1139 ,
995 1087 1048 1131 ct
1099 1079 1148 1130 in
1184 1079 1565 1149 largitionibus
1589 1120 1603 1144 ,
1651 1081 1814 1137 bullis
1851 1083 2034 1137 aureis
2065 1125 2078 1148 ,

511 1175 895 1244 similibusque
937 1177 1188 1240 chartis,
1253 1178 1476 1232 rubrica
1531 1178 1918 1234 subscribcbat
1973 1195 2078 1234 una

512 1285 637 1324 cum
689 1270 879 1325 Alexio
933 1273 1222 1340 Augusto,
1267 1281 1322 1324 et
1371 1272 1422 1324 in
1477 1272 1963 1340 supplicationibus
2016 1289 2082 1328 ac

511 1364 725 1434 pompis
763 1378 886 1418 eum
931 1364 1081 1417 nullo
1137 1364 1316 1420 medio
1366 1380 1489 1418 cum
1544 1365 1680 1418 tiara
1728 1367 2076 1433 sequebatur.

509 1458 743 1521 Quidam
802 1459 1020 1512 aiebant
1073 1459 1184 1511 haec
1223 1457 1334 1525 jam
1379 1458 1454 1510 illi
1497 1460 1707 1512 cavisse
1750 1473 1815 1511 ac
1849 1467 2076 1527 pactam

509 1552 685 1605 fuisse
724 1549 947 1604 Mariam
979 1551 1279 1616 Augustam
1302 1565 1424 1604 cum
1459 1548 1754 1603 Comnenis
1780 1561 2072 1619 antequam

507 1642 583 1694 illi
651 1641 998 1696 rcbellarent.
1031 1639 1164 1695 Utut
1200 1657 1258 1696 se
1290 1657 1375 1694 res
1405 1641 1600 1696 habeat
1625 1680 1640 1702 ,
1687 1641 1769 1696 his
1797 1649 1945 1696 certe
1991 1642 2072 1696 sic

509 1731 766 1800 perfectis
797 1733 1035 1788 excessit
1065 1733 1156 1786 illa
1193 1732 1420 1801 palatio,
1457 1747 1656 1801 magno
1687 1733 1948 1788 comitatu
1980 1733 2076 1788 de-

505 1823 848 1885 ducentium,
887 1835 948 1875 ac
981 1837 1091 1892 prae
1113 1821 1328 1876 caeteris
1359 1819 1548 1875 lsaaeii
1583 1821 2077 1888 sebastocratoris;

2191 723 2380 777 λοιποῦ
2431 723 2868 794 συνυπογράφων
2921 717 2989 791 ἦν
3026 720 3115 775 διὰ
3161 719 3504 788 κιναὸάρεως
3537 716 3647 788 (97)
3687 716 3767 784 τῷ

2193 817 2405 887 βασιλεῖ
2467 817 2704 887 Ἀλεξίῳ,
2757 816 2857 870 κάν
2883 817 3003 876 ταῖς
3056 815 3414 884 προπομπαῖς
3464 810 3603 878 μετὰ
3665 810 3766 878 τῆς

2191 907 2476 977 βασιλικῆς
2516 909 2712 976 τιάρας
2741 906 3128 974 συνεπόμενος.
3175 902 3262 964 Ὧς
3299 901 3356 954 δέ
3379 918 3522 962 τινες
3555 900 3764 966 ἔφασαν

2188 999 2280 1050 καὶ
2311 1000 2420 1068 πρὸ
2450 999 2548 1067 τῆς
2578 998 2925 1060 ἁποστασίας
2953 997 3050 1058 τὰς
3083 995 3212 1066 περὶ
3247 994 3444 1046 τούτου
3487 993 3764 1062 συνθήκας

2187 1090 2331 1162 εἶχεν
2358 1093 2390 1162 ή
2422 1091 2653 1160 βασιλὶς,
2718 1091 2785 1144 ἵν’
2831 1089 2973 1142 οὕτω
3007 1089 3075 1142 τὰ
3104 1087 3244 1141 κατά
3296 1087 3388 1138 τὸν
3447 1085 3562 1137 υἱὸν
3590 1085 3762 1154 αὐτῆς

2185 1183 2394 1251 γένοιτο
2416 1183 2550 1254 (98).
2581 1182 2736 1236 Οὕτω
2776 1181 2905 1250 γοῦν
2933 1180 3040 1235 τῶν
3071 1179 3360 1250 βασιλείων
3383 1177 3564 1245 ἐκείνη
3612 1175 3768 1245 ἐξέρ-

2184 1294 2340 1347 χεται
2398 1277 2536 1346 μετά
2592 1273 2931 1344 προπομπῆς
2987 1272 3146 1336 ἀξίας
3210 1273 3266 1324 ἐν
3323 1273 3436 1332 τοῖς
3493 1268 3635 1321 κατὰ
3665 1267 3765 1336 τὴν

2185 1369 2414 1436 μονὴν⁸¹⁵
2452 1367 2546 1420 τοῦ
2573 1367 2811 1436 μεγάλου
2859 1365 3138 1433 μάρτυρος
3167 1359 3445 1430 Γεωργίου
3482 1359 3635 1428 παρᾶ
3666 1357 3764 1409 τοῦ

2184 1458 2624 1520 ἀποδεδωκότος
2677 1455 3090 1511 Κωνσταντίνου
3133 1453 3225 1506 τοῦ
3283 1451 3611 1521 Μονομὰχου
3669 1449 3768 1518 βα-

2185 1548 2377 1612 σιλέως
2403 1549 2853 1618 οἰκοδομηθεῖσαν
2877 1549 2919 1584 ⁵⁵
2955 1549 3250 1616 οἰκήμασιν
3281 1540 3764 1612 κατασκηνὼσασα

2187 1638 2488 1709 (Μᾶγγανα
2517 1639 2691 1692 ταῦτα
2719 1641 2750 1707 ή
2784 1637 2937 1708 κοινὴ
2961 1637 3100 1690 Est“
3121 1637 3407 1704 κικλήσκει
3432 1628 3762 1698 διάλεκτος).

2200 1729 2468 1782 Ίσαακίου
2506 1729 2950 1799 συνεφεπομένου
3018 1725 3196 1798 ταύτῃ
3239 1725 3334 1779 τοῦ
3383 1719 3764 1790 σεϐαστοκρα-

2186 1837 2367 1890 τορος.

506 1919 864 1988 migravitque
915 1917 966 1970 in
1033 1917 1178 1971 aedes
1223 1931 1251 1969 a
1299 1915 1662 1972 Constantino
1713 1916 2072 1972 Monomacbo
2113 1919 2448 1987 imperatore
2479 1923 2826 1972 constructas
2851 1931 3020 1986 prope
3051 1914 3310 1984 templum
3337 1911 3514 1981 magni
3562 1909 3768 1978 Marty-

505 2011 582 2064 ris
615 2008 853 2079 Georgii,
884 2024 1005 2078 quae
1033 2008 1218 2077 lingua
1237 2007 1442 2076 vulgari
1475 2008 1741 2078 Mangana
1776 2009 1881 2062 dici
1913 2009 2109 2065 solent.

575 2104 846 2157 Caeterum
881 2103 1176 2170 imperator
1210 2101 1514 2158 rectissime
1547 2103 1830 2158 institutus
1859 2119 1886 2156 ιι
1917 2119 2081 2174 puero

2265 2105 2344 2157 Τὰ
2372 2104 2473 2173 μὲν
2497 2101 2592 2156 οῦν
2615 2104 2680 2156 τὰ
2713 2103 2854 2157 κατά
2880 2105 2925 2135 ⁸⁷
2959 2102 3057 2170 τὴν
3090 2099 3342 2172 βασιλίδα
3373 2098 3595 2168 Μαρίαν
3617 2097 3768 2154 οὕτω

507 2195 844 2264 monitisque
910 2195 1284 2264 religiossimaa
1317 2197 1508 2250 matris
1567 2199 1632 2250 ad
1683 2196 1778 2253 Dei
1831 2197 2081 2252 timorem

507 2302 696 2342 verum
731 2287 1036 2355 intimoque
1076 2296 1401 2356 conceptum
1428 2288 1610 2342 animo
1637 2287 1795 2344 iictus
1825 2303 1889 2342 ex
1921 2288 2082 2357 longo

506 2379 908 2446 formatuSque,
931 2379 1284 2433 mordebatur
1323 2379 1525 2433 acerbo
1553 2395 1719 2434 sensu
1747 2380 2086 2450 poenitentia:

508 2471 573 2524 ad
613 2471 929 2525 memoriam
968 2469 1169 2538 ubique
1199 2468 1416 2522 obviam
1442 2470 1613 2524 cladis
1631 2471 1890 2536 civitatis,
1923 2473 2084 2541 cujus

507 2577 697 2616 omnes
725 2562 924 2632 passim
961 2562 1151 2614 incolat
1187 2571 1430 2616 extrema
1461 2563 1732 2616 malorum
1763 2579 1826 2618 ac
1860 2563 2086 2616 calami—

506 2652 634 2706 tatis
670 2653 910 2720 perpessi
952 2659 1106 2704 erant
1150 2652 1206 2703 in
1251 2651 1496 2720 ingressu
1525 2650 1951 2705 Comnenorum.
1989 2650 2085 2704 El-

507 2744 714 2798 fectnm
753 2743 916 2796 habet
944 2742 1212 2796 interdum
1265 2743 1465 2796 malum
1517 2759 1603 2798 res
1655 2745 1886 2812 optima,
1921 2743 2085 2794 inno-

511 2836 690 2888 centia
732 2835 918 2904 lapsus
950 2850 1148 2905 expers
1179 2837 1382 2899 Omnis,
1406 2849 1528 2888 eum
1558 2835 1649 2904 qui
1683 2835 1817 2888 nihil
1845 2849 2081 2904 unquam

511 2926 791 2982 ollendcrit
827 2929 879 2981 in
911 2927 1216 2994 superbiam
1277 2942 1342 2980 ac
1378 2927 1640 2980 tumidam
1697 2926 2083 2995 pnet‘ulentiam

511 3021 762 3076 eii'erens.
791 3021 861 3074 At
887 3020 977 3090 qui
1012 3020 1260 3080 oilettdit,
1290 3019 1333 3074 si
1359 3029 1414 3074 et
1441 3019 1958 3075 beneinstitutusin
1994 3021 2086 3075 Dei

511 3113 659 3168 cultu
709 3119 762 3166 et
809 3121 1002 3166 natura
1041 3111 1285 3181 prudens
1339 3111 1457 3174 sit,
1510 3110 1694 3164 statim
1749 3110 1838 3163 Dei
1892 3111 2089 3164 timore

512 3213 873 3274 compunctus
904 3211 1282 3258 commovetur
1329 3202 1512 3255 animo
1566 3215 1630 3256 ac
1679 3201 1903 3256 salutari
1951 3217 2086 3254 con-

513 3295 763 3349 turbatur
828 3305 993 3360 metu,
1036 3294 1332 3362 praisertim
1376 3293 1420 3347 si
1451 3307 1674 3362 magnas
1697 3309 1782 3348 res
1801 3307 2088 3362 aggressus

512 3397 565 3443 et
602 3388 656 3442 in
683 3388 850 3441 altum
887 3403 951 3441 ac
998 3403 1235 3456 prteceps
1288 3385 1561 3454 fastigium
1601 3395 1822 3440 evectus
1855 3425 1870 3450 ,
1926 3401 2084 3457 egere

511 3489 645 3534 tunc
690 3494 813 3532 cum
879 3478 1114 3531 maxime
1171 3493 1228 3531 se
1281 3476 1479 3530 sentiat
1525 3477 1776 3544 praesenti
1830 3476 2082 3532 Numinis

511 3569 718 3624 auxilio
751 3587 764 3622 :
797 3583 906 3638 quo
937 3567 1212 3620 abnuente
1243 3580 1306 3618 ac
1347 3578 1540 3620 averso
1570 3564 1699 3632 quid
1761 3575 2083 3634 exspectan-

510 3665 638 3718 dum
670 3660 838 3724 aliud,
879 3673 1042 3730 quam
1077 3656 1194 3712 fore
1230 3665 1289 3710 ut
1323 3671 1526 3720 errore,
1561 3659 1800 3711 amentia
1840 3700 1854 3724 ,
1891 3670 2084 3713 contu-

513 3755 673 3810 melia
707 3769 946 3824 praeceps
977 3752 1070 3820 qui
1099 3750 1262 3806 Deum
1289 3751 1452 3804 habet
1485 3751 1780 3816 infensum,
1819 3753 1870 3806 in
1903 3756 2084 3808 scelus

513 3863 677 3902 Omne
709 3862 876 3901 ruens
903 3858 956 3900 et
981 3845 1218 3900 divinam
1248 3844 1300 3897 in
1330 3860 1391 3898 se
1423 3844 1557 3898 iram
1587 3854 1876 3914 exaugeat,
1903 3853 1957 3900 et
1984 3846 2082 3899 lto-

516 3939 965 3994 minumultione
999 3951 1292 4007 provocata
1328 3937 1526 3991 throno
1551 3951 1708 4006 quem
1741 3937 1977 3993 insidere
1996 3939 2081 3992 vix

511 4041 753 4102 cmperat
781 4031 963 4086 statim
995 4031 1317 4084 estut-betur
1343 4039 1505 4097 atque
1533 4029 1816 4083 evolvatur
1866 4030 1920 4083 in
1979 4030 2082 4084 mi-

513 4127 712 4180 seriam
743 4127 987 4178 ultimam
1019 4125 1040 4176 ?
1078 4125 1268 4188 Qualia
1304 4137 1525 4190 passum
1559 4123 1832 4190 quondam
1863 4121 2080 4176 Sauiem

511 4211 759 4274 scimus,
812 4213 970 4280 cujus
1004 4211 1074 4264 0b
1125 4211 1332 4264 crimen
1381 4209 1640 4264 scindens
1689 4211 1888 4264 scindit
1942 4211 2084 4266 Deus

511 4319 736 4373 regnum
773 4304 970 4372 ipsius.
999 4302 1200 4356 [larum
1235 4301 1376 4356 tristi
1410 4315 1644 4356 occursu
1677 4301 2080 4370 cogitationum

511 4392 718 4445 intimis
749 4406 989 4447 moerens
1027 4392 1284 4447 sensibus
1311 4391 1559 4454 Alexius,
1593 4389 2004 4461 formidansque
2031 4401 2085 4445 et;

510 4495 756 4538 acsmans
789 4484 972 4538 animo
1010 4493 1266 4554 tanquam
1307 4500 1426 4538 mox
1465 4483 1774 4538 incubitura
1821 4484 1872 4537 in
1925 4495 2086 4555 caput

514 4576 688 4644 ipsius
717 4577 954 4631 vindicta
990 4578 1080 4631 Dei
1111 4576 1485 4639 severissima,
1518 4579 1719 4648 quippe
1770 4578 1838 4633 ob
1871 4588 2080 4633 tantum

513 4677 720 4724 actam
772 4669 1054 4738 multiplex
1101 4671 1305 4724 crimen
1358 4670 1606 4738 expilata:
1657 4670 2084 4739 deformatazque

2187 2197 2339 2266 παρὰ
2359 2198 2468 2251 τῶν
2503 2195 2804 2266 Κομνηνῶν
2825 2195 3171 2264 ιῷκονόμητο.
3223 2193 3278 2246 Ὀ
3301 2192 3359 2244 δέ
3401 2209 3462 2260 γε
3485 2191 3766 2259 αὐτοκρα-

2185 2308 2298 2361 τωρ
2351 2291 2602 2351 παιδείας
2633 2291 2697 2340 ἐκ
2739 2287 2937 2356 νηπίου
2983 2285 3161 2354 τυχὼν
3223 2283 3453 2352 ἀγαθῆς,
3493 2281 3762 2352 καὶπρὸς

2184 2383 2283 2445 τὰς
2311 2381 2590 2444 νουθεσίας
2616 2381 2713 2452 τῆς
2749 2379 2954 2450 μητρὸς
3021 2377 3213 2430 ἑαυτὸν
3242 2374 3590 2435 ἀπευθύνων,
3666 2375 3758 2427 τὸν

2184 2474 2281 2526 τοῦ
2312 2473 2448 2526 Θεοῦ
2483 2471 2646 2538 φόϐον
2695 2468 3187 2539 ἐνστερνισάμενον
3217 2467 3262 2498 ⁸⁸
3318 2467 3412 2520 καὶ
3469 2464 3759 2534 ἐγκάρῗιον

2187 2565 2348 2634 ἔχων,
2381 2565 2642 2616 ἐδάκνετο
2681 2561 2990 2630 ἀνιώμενος
3023 2562 3119 2612 ἐπὶ
3151 2563 3216 2629 τῇ
3244 2559 3342 2627 τῆς
3387 2557 3593 2618 πόλεως
3623 2573 3760 2624 προ-

2188 2661 2351 2726 νομῇ,
2381 2656 2448 2726 ἣν
2481 2655 2623 2708 κατά
2653 2654 2751 2724 τὴν
2780 2654 3084 2706 εἰσέλευσιν
3115 2649 3280 2704 αὑτοῦ
3315 2649 3518 2710 πάντες
3551 2648 3765 2714 πανδη-

2190 2749 2282 2816 μεὶ
2334 2748 2746 2801 ἐπεπόνθεισαν.
2813 2746 2885 2798 Τὸ
2943 2745 3040 2815 μὲν
3094 2744 3202 2810 γὰρ
3261 2743 3559 2797 ἄπταιστον
3625 2739 3764 2796 ἴσως

2189 2845 2268 2905 εις
2299 2842 2342 2874 ⁸³
2369 2842 2629 2894 ἀπόνοιαν
2663 2839 2786 2905 ἄγει
2812 2838 2900 2891 τὸν
2934 2837 3055 2906 μηδ’
3083 2837 3228 2892 ὅπως
3263 2852 3316 2887 τι
3359 2832 3451 2886 οὖν
3517 2847 3761 2901 προσκε-

2189 2933 2464 3002 κρουκότα
2529 2934 2642 2994 τοῖς
2703 2932 3029 2998 πράγμασιν
3063 2944 3076 2960 ·
3115 2929 3141 2980 ό
3186 2925 3241 2977 δέ
3299 2941 3363 2991 γε
3403 2919 3760 2990 ἐξαμαρτὼν,

2189 3025 2349 3094 εἴπερ
2381 3027 2496 3078 ἐστὶ
2531 3026 2638 3078 τῶν
2667 3024 2963 3077 εὐλαϐεστέ
2975 3038 3082 3088 ρων
3101 3019 3322 3074 καὶτῶν
3349 3015 3474 3070 νοῦν
3499 3016 3758 3084 ἐχόντων,

2190 3120 2391 3172 αὐτίκα
2419 3117 2508 3170 τὸν
2546 3116 2639 3170 τοῦ
2663 3117 2797 3168 Θεοῦ
2835 3115 2879 3146 ⁷⁸
2938 3114 3195 3185 βάλλεται
3249 3112 3390 3164 κατὰ
3437 3108 3618 3178 ψυχὴν
3665 3105 3764 3159 καὶ

2190 3213 2324 3274 ὅλως
2383 3211 2799 3264 κατακλονεῖται
2849 3208 2944 3260 καὶ
2999 3207 3230 3266 δέδοικε,
3268 3204 3365 3258 καὶ
3415 3200 3616 3270 μᾶλλον
3643 3199 3764 3261 εἴγε

2193 3299 2535 3370 πραγμάτιον
2595 3297 2844 3367 μεγάλων
2897 3294 3338 3364 ἐπιδραξάμενος
3390 3292 3496 3360 εἴη,
3554 3289 3648 3342 καὶ
3679 3290 3763 3350 εἰς

2193 3393 2576 3461 ὑπερηφάνους
2607 3391 2820 3443 ἁνέλθοι
2857 3389 3163 3457 περιωπάς.
3238 3388 3365 3450 Δέος
3423 3384 3532 3453 γὰρ
3595 3382 3764 3436 αὐτὸν

2188 3481 2538 3554 ὐποθράττει,
2577 3483 2648 3551 μή
2683 3499 2798 3542 πως
2832 3479 3041 3550 ἀμαθίᾳ
3067 3479 3160 3531 καὶ
3197 3476 3388 3545 θράσει
3444 3473 3536 3526 καὶ
3599 3471 3762 3540 ὕϐρει

2188 3578 2552 3646 πορευόμενος
2586 3575 2674 3626 τόν
2709 3591 2766 3625 τε
2803 3573 2971 3641 θυμὸν
3020 3570 3112 3623 τοῦ
3156 3568 3291 3622 Θεοῦ
3321 3569 3400 3630 είς
3438 3564 3634 3619 ἑαυτὸν
3669 3565 3764 3615 ἐκ·-

2187 3669 2490 3734 καλέσηται
2517 3668 2612 3719 καὶ
2643 3667 2738 3734 τῆς
2774 3663 2948 3735 ἀρχῆς
3012 3661 3354 3723 ἐκκυλισθεὶς
3383 3657 3762 3725 ἁποπέσηται,

2185 3753 2260 3812 ὧν
2300 3761 2436 3822 τέως
2511 3758 2788 3828 ἐγκρατὴς
2837 3757 3086 3824 γέγονεν.
3149 3748 3252 3806 Οἷα
3311 3752 3404 3805 καὶ
3455 3750 3532 3819 τῷ
3587 3747 3764 3801 Σαοὺλ

2188 3850 2527 3920 συμϐεϐήκει
2567 3849 2697 3902 ποτέ
2731 3867 2743 3879 ·
2799 3847 2896 3900 καὶ
2945 3847 3052 3916 γὰρ
3083 3847 3109 3898 ὀ
3147 3844 3278 3906 Θεὸς
3323 3843 3411 3896 διὰ
3455 3839 3636 3896 τὸτοῦ
3669 3840 3764 3908 βαο

2189 3944 2382 4006 σιλέως
2413 3941 2718 3996 ἀτάσθαλον
2770 3941 3122 4011 διαρρήσσων
3184 3937 3436 4007 διέρρηξε
3477 3933 3574 4004 τὴν
3611 3931 3762 4002 βασι-

2185 4038 2334 4090 λείαν
2389 4035 2576 4088 αὐτοῦ.
2635 4033 2859 4096 Τούτοις
2921 4031 3166 4086 ἁλύων⁷¹
3216 4033 3327 4091 τοίς
3394 4027 3676 4093 λογισμοῖς
3734 4023 3764 4074 ὁ

2199 4129 2436 4195 Ἀλὲξιος
2502 4127 2593 4180 καὶ
2623 4124 3022 4196 παθαινόμενος
3072 4125 3170 4194 τὴν
3198 4121 3374 4192 ψυχὴν
3443 4119 3628 4190 μήπου
3667 4115 3766 4170 καὶ

2187 4219 2324 4273 Θεοῦ
2385 4220 2648 4288 ἄντικρυς
2705 4219 2922 4288 μήνιμα
2981 4217 3195 4284 γένοιτο
3221 4214 3302 4278 (τὸ
3357 4213 3464 4281 γὰρ
3497 4211 3580 4272 εἰς
3631 4209 3762 4277 δλην

2185 4311 2286 4378 τὴν
2316 4309 2474 4362 πόλιν
2501 4306 2728 4375 γεγονὸς
2757 4305 2928 4360 κακὸν
2959 4304 3090 4374 παρ’
3125 4303 3356 4358 ἑκάστου
3386 4302 3432 4332 ⁷³
3468 4298 3576 4351 τῶν
3607 4314 3766 4366 στρα-

2186 4401 2419 4464 τιωτῶν,
2494 4400 2691 4462 ὁπόσος
2774 4396 3080 4468 τηνικαῦτα
3157 4391 3420 4463 συρφετὸς
3497 4389 3604 4445 ἀ.νά
3655 4389 3766 4442 πᾶ-

2189 4511 2288 4547 σαν
2349 4493 2448 4560 τὴν
2504 4493 2659 4544 πόλιν
2719 4490 3080 4560 ἐπέῥρευσεν,
3135 4487 3267 4540 ἴδιον
3329 4479 3630 4551 ἐλογίζετο)
3667 4481 3762 4532 καὶ

2187 4585 2262 4646 ὡς
2301 4583 2462 4646 αὐτὸς
2523 4581 2599 4634 ὢν
2654 4581 2863 4642 ἐκεῖνος
2913 4581 2940 4632 ό
2989 4578 3060 4630 τὰ
3090 4576 3352 4630 πάνδεινα
3403 4573 3590 4625 ἐκεῖνα
3612 4569 3766 4623 κακὰ

2187 4675 2569 4748 ἐργασάμενον
2598 4673 2642 4706 ⁷³
2716 4669 3190 4740 κατετιτρώσκετό
3235 4685 3296 4721 τε
3385 4665 3479 4719 καὶ
3539 4661 3766 4731 ἐξεφ)ιέ-

510 4757 774 4814 civitatis.
807 4758 942 4813 Nam
975 4761 1240 4830 quidquid
1277 4760 1368 4812 illa
1397 4761 1659 4816 colluvies
1693 4762 1866 4816 mistte
1901 4763 2081 4816 multi-

2192 4785 2318 4836 γετο
2381 4766 2680 4838 βασιλείαν,
2742 4765 2836 4816 καὶ
2887 4762 3110 4832 κράτος,
3166 4761 3262 4814 καὶ
3311 4757 3634 4826 ἁλουργίδα,
3669 4754 3766 4807 καὶ

511 4851 718 4906 tudinis
743 4851 947 4906 [malum
981 4852 1360 4922 improbumve
1392 4868 1487 4922 per
1528 4853 1802 4908 licentiam
1843 4855 2084 4909 victoriae

511 4941 566 4995 in
599 4951 753 5012 capta
803 4943 934 4996 urbe
961 4943 1344 5013 designat/erat
1372 4959 1434 4998 ac
1491 4943 1698 4998 iecerat
1729 4985 1744 5006 ,
1777 4944 2080 5015 imputabat

2190 4860 2429 4928 διάδημα
2501 4855 2917 4924 λιθοκόλλητον,
2997 4855 3090 4908 καὶ
3151 4851 3352 4922 ἐσθῆτα
3426 4849 3639 4920 χρυσῆν
3695 4865 3756 4900 τε

2190 4953 2284 5004 καὶ
2315 4951 2738 5021 περιμάργαρον
2797 4948 2972 5013 οὐδὲν,
3021 4945 3096 5009 ὥς
3150 4961 3212 5014 γε
3243 4943 3304 4997 τδ
3333 4943 3503 5008 είκὸς,
3553 4939 3756 5010 λογιζό-

1587 5061 1794 5124 Variae
1833 5063 2146 5128 lectiones
2174 5083 2251 5127 ex
2282 5068 2422 5129 cod.
2452 5065 2726 5128 Coislin.

579 5172 624 5204 “
645 5171 871 5238 γίνοιτο.
949 5167 1464 5238 θδοὶκοδομηθεῖσιν.
1562 5169 1604 5200 ⁶⁶
1638 5170 1826 5223 εἰσέτι,

507 5241 778 5296 ’ίὰλύων.
865 5240 1152 5292 τ’ἐκείνου.
1216 5239 1259 5270 ⁷³
1287 5238 1653 5307 ἐογασάμνος.

1923 5171 1968 5202 ⁸⁷
1999 5172 2160 5226 κατά.

2274 5173 2318 5205 ⁸⁸
2350 5171 2852 5242 ὲνστερνισαμενος.
2951 5169 2995 5201 ⁸³
3027 5167 3120 5222 καὶ
3140 5167 3242 5231 είς.
3317 5167 3362 5199 ⁷ο
3397 5164 3533 5219 Θεοῦ
3565 5165 3754 5232 φόϐον.

1625 5333 1760 5393 Car.
1797 5334 2120 5396 Dufresnii
2159 5339 2252 5397 Du
2287 5337 2508 5416 Cangii
2545 5344 2708 5398 nota)

585 5437 696 5498 (9'7)
733 5435 836 5488 Διὰ
873 5433 1288 5500 κινναϐάρεως.
1331 5433 1443 5488 Leo
1467 5433 1769 5487 Grammat.
1804 5435 1857 5486 in
1895 5433 2076 5490 Leone

514 5505 763 5560 Philos.:
799 5505 968 5556 Τοῦτο
996 5503 1091 5556 καὶ
1114 5503 1417 5574 πεποίηκεν
1451 5507 1478 5555 ὁ
1529 5503 1803 5574 βασιλεὺς,
1856 5505 2075 5573 γράψας

511 5574 599 5626 διὰ
627 5575 1024 5642 κινναϐάρεως.
1057 5575 1148 5625 καὶ
1172 5573 1506 5642 ἀποστείλας
1546 5573 1683 5640 μετὰ
1745 5577 2078 5642 χρυσοϐ-ἰυλ-

511 5644 628 5695 λίου
666 5641 1130 5714 ἔνδοθεν-φαθλίου
1162 5641 1404 5714 βραχέως
1439 5641 1901 5714 τρακτοῦη269
1941 5645 2073 5696 Gre-

515 5714 704 5780 gorius
735 5712 795 5763 ll.
835 5711 932 5764 I‘P.
969 5711 1034 5762 ad
1073 5711 1251 5780 Leon.
1281 5713 1450 5763 isaur.
1511 5711 1645 5780 Imp.
1693 5711 1830 5765 Cum
1863 5711 2072 5767 'tttterw

512 5779 638 5844 tua),
670 5792 714 5833 cl
753 5798 852 5831 non
891 5781 1077 5832 aliena:
1133 5779 1318 5846 sigillis
1378 5779 1732 5842 imperatoriis
1785 5782 2074 5849 obsignata:

510 5863 698 5914 essent,
739 5867 799 5900 ac
837 5861 1099 5902 accurata:
1129 5851 1268 5902 intus
1293 5849 1704 5918 subscriptiones
1749 5867 1838 5914 per
1887 5857 2072 5904 cimo-

513 5923 686 5974 barim
728 5923 941 5989 propria
968 5935 1126 5972 manu
1183 5929 1298 5986 tua,
1330 5931 1386 5971 ιιι
1419 5936 1530 5972 mos
1559 5929 1634 5974 est
1663 5925 2070 5990 imperatoribus

2181 5440 2530 5498 subscribere,

2253 5512 2365 5578 (98)
2423 5513 2526 5562 Ἐν
2569 5508 2690 5573 τοῖς
2735 5505 2884 5578 κατα
2931 5523 3046 5573 την
3067 5505 3284 5574 μονήν.
3315 5505 3452 5560 Vide
3484 5513 3540 5578 et
3571 5503 3754 5578 c_oni'_er

2181 5573 2474 5632 Zonaram.
2525 5579 2790 5630 Palatium
2843 5573 3231 5648 Mangan’orum
3273 5575 3546 5648 exstruxit
3569 5573 3750 5648 ‘Basil.

2182 5649 2424 5706 Macedo.
2459 5660 2515 5702 ut
2550 5660 2739 5702 auctor
2771 5656 2855 5702 est
2879 5643 3162 5717 Scylitzes.
3189 5645 3246 5699 in
3277 5643 3751 5717 interiorePhilo-

2180 5719 2326 5786 patio
2367 5719 2558 5773 statuit
2605 5718 2859 5779 Nicetas,
2913 5715 3007 5785 qui
3041 5725 3313 5786 praeterea
3339 5715 3408 5768 ab
3437 5715 3754 5770 Andronico

2180 5783 2460 5844 Crnuneno
2495 5789 2836 5842 destructum
2877 5783 3070 5842 refert.
3098 5785 3232 5840 Vide
3272 5783 3461 5840 Tracl.
3505 5793 3752 5842 nostrum

2182 5860 2248 5914 de
2281 5874 2401 5927 cap.
2430 5857 2483 5916 S.
2518 5859 2673 5913 Joan.
2709 5856 2768 5911 Β.
2800 5865 2920 5926 cap.
2953 5858 3006 5922 8,
3042 5873 3092 5911 ιιι
3131 5857 3184 5911 8.
