4068 6266
323 396 420 457 277

1532 395 1942 456 ALEXIADIS
1979 395 2107 456 LIB
2171 395 2286 457 III.

3483 395 3598 460 278

330 528 487 579 μενος
520 509 664 579 πρὸς
698 508 802 580 τὴν
833 508 949 563 τότε
982 508 1361 580 κατασχοῦσαν
1380 510 1758 582 ἀπεριήγητον
1785 527 1921 581 συμ-

2029 515 2146 582 ipse
2185 513 2315 578 sibi,
2352 522 2407 569 et
2445 520 2710 586 tanquam
2744 514 3001 587 proprius
3027 524 3190 587 atque
3240 529 3384 571 unus
3415 524 3607 571 auctor

332 603 502 673 φορὰν
533 603 636 667 τὴν
673 601 927 671 βασιλίδα
963 600 1073 653 τῶν
1110 600 1339 654 πόλεων.
1375 599 1455 653 Τὰ
1484 600 1592 670 γὰρ
1642 616 1918 670 περιστοι-

328 701 571 767 χήσαντα
604 697 649 727 ⁷⁵
681 696 889 765 ταύτην
923 696 1070 750 δεινὰ
1098 693 1222 748 κατ’
1275 696 1449 747 ἐκεῖνο
1482 693 1676 766 καιροῦ
1741 694 1920 758 οὐδεὶς

330 793 394 845 ἂν
458 795 557 845 καὶ
624 791 800 845 θέλων
848 788 1216 861 διηγήσασθαι
1245 789 1313 843 ’³.
1340 790 1450 843 Καὶ
1476 791 1588 860 γάρ
1634 788 1728 843 καὶ
1778 790 1919 844 αὐτὰ

334 887 476 953 ἱερὰ,
522 884 619 936 καὶ
668 884 899 953 τεμένη,
927 884 1019 936 καὶ
1050 883 1117 935 τὰ
1150 881 1327 946 κοινὰ,
1354 880 1449 934 καὶ
1480 882 1549 934 τά
1581 880 1708 946 ἴδια,
1742 881 1919 934 ἁπαν-

333 976 566 1045 ταχόθεν
601 976 708 1028 ὑπὸ
735 976 955 1028 πάντων
983 974 1424 1045 καθηρπάζοντοο
1457 973 1522 1026 τὰ
1562 974 1617 1026 δὲ
1660 967 1773 1027 ὦτα
1812 973 1919 1025 τῶν

333 1072 593 1123 ἁπάντων
621 1069 1108 1139 κατακεκρότηντο
1134 1071 1256 1131 ταῖς
1295 1067 1691 1137 ριπτουμέναις
1742 1068 1917 1120 ἁπαν-

334 1163 501 1232 ταχοῦ
538 1163 692 1232 βοαῖς
720 1166 816 1214 καὶ
835 1164 1071 1230 φωναῖς·
1093 1162 1253 1231 ειπερ
1275 1163 1339 1215 ἄν
1369 1180 1453 1223 τις
1483 1159 1605 1213 ίδὼν
1633 1159 1853 1228 σεισμὸν
1877 1160 1922 1190 ⁷⁸

338 1252 476 1307 sinat
541 1254 603 1306 τὸ
646 1254 953 1320 γινόμενον.
1003 1252 1191 1305 Ταῦτα
1241 1254 1321 1315 εἷς
1370 1251 1493 1305 νοῦν
1539 1248 1922 1319 βαλλόμενοςὸ

349 1347 587 1411 meam;
623 1347 821 1415 ἡνιᾶτό
860 1364 918 1398 τε
948 1348 1046 1416 τὴν
1085 1345 1265 1416 ψυχὴν
1293 1345 1386 1398 καὶ
1440 1341 1921 1411 κατεσπαράττετο

338 1438 428 1489 καὶ
460 1438 563 1490 οὐκ
605 1433 754 1507 εῖχεν
788 1440 817 1492 ὃ
870 1455 921 1489 τι
958 1436 1036 1505 τῷ
1065 1436 1259 1505 πλήθει
1287 1436 1385 1502 τῆς
1417 1434 1597 1503 λύπης
1630 1433 1919 1503 χρήσαιτο.

335 1525 440 1583 Ἦν
486 1533 596 1603 γὰρ
632 1533 660 1584 ὁ
722 1532 863 1603 ἀνὴρ
913 1532 991 1593 είς
1045 1530 1301 1597 αἴσθησιν
1360 1528 1535 1580 ἐλθεῖν
1590 1525 1684 1578 τοῦ
1740 1524 1923 1583 κακῶς

339 1625 738 1694 πεπραγμένου
789 1625 1139 1677 παντάπασιν
1190 1621 1469 1688 ὀξύτατος.
1495 1620 1604 1671 Καὶ
1626 1617 1802 1671 ταῦτα
1826 1615 1923 1686 μὲν

342 1719 409 1769 τὰ
450 1718 830 1785 προγεγο·.ότα
866 1715 952 1784 ἐφ’
986 1712 1070 1778 οἷς
1116 1717 1148 1786 ἡ
1182 1716 1338 1777 πόλις
1373 1711 1627 1782 πονηρῶς
1664 1707 1920 1779 ἔπραξεν,

342 1810 455 1879 ᾔδει
484 1809 587 1879 μὲν
615 1808 691 1871 ὡς
723 1808 929 1878 ἐτέρων
951 1809 1131 1878 χεῖρες
1167 1807 1263 1859 καὶ
1312 1806 1528 1875 γνῶμαι
1561 1804 1926 1872 διενηργήκα-

343 1918 448 1965 σιν,
479 1900 622 1954 ἀλλὰ
655 1900 875 1972 συνῄδει
896 1902 989 1954 καὶ
1018 1899 1175 1953 τοῦτό
1210 1917 1272 1966 γε
1307 1898 1705 1969 ἀκριϐέστατα,
1733 1895 1926 1957 ὅτιτάς

341 1994 637 2056 ὑποθέσεις
663 1996 758 2047 καὶ
785 1995 886 2056 τὰς
919 1993 1095 2064 ἀρχὰς
1127 1993 1220 2047 τοῦ
1246 1991 1453 2054 πάθους
1483 1991 1642 2052 αὐτὸς
1665 1989 1921 2042 δέδωκεν·

339 2087 491 2159 αῦτῷ
530 2087 587 2140 δὲ
623 2089 787 2140 πάλιν
818 2089 917 2157 τῆς
950 2087 1287 2151 ἀποστασίας
1319 2087 1484 2139 αἴτιοι
1516 2087 1562 2137 οί
1594 2084 1696 2155 ἤδη
1731 2082 1925 2154 ῥηθέν,-

338 2198 424 2245 τες
452 2182 635 2234 δοῦλοι
664 2182 982 2250 γεγόνασιν.
1029 2180 1189 2235 Ἀλλὰ
1223 2181 1317 2233 καὶ¹
1353 2180 1427 2242 ὡς
1452 2178 1632 2247 ἑαυτῴ
1654 2178 1755 2247 τὴν
1784 2177 1925 2230 άπα-

342 2291 437 2327 σαν
462 2274 804 2344 προσάπτων
852 2274 1038 2327 αἰτίαν
1086 2272 1426 2342 θεραπεῦσαι
1475 2271 1534 2322 τὸ
1576 2268 1796 2339 τραῦμα
1834 2267 1927 2319 καὶ

339 2369 601 2437 ἐπεζήτει
644 2370 739 2421 καὶ
791 2368 1021 2437 ἤθελεν·
1086 2368 1228 2420 οὕτω
1270 2367 1376 2437 γὰρ
1435 2365 1502 2417 ἂν
1538 2364 1632 2416 καὶ
1660 2365 1795 2432 μετὰ
1827 2362 1927 2431 τὴν

338 2460 601 2530 τοιαύτην
640 2460 945 2529 θεραπείαν
989 2460 1084 2514 καὶ
1127 2460 1238 2512 τῶν
1261 2460 1306 2491 ⁷⁷
1356 2460 1570 2512 τουτονὶ
1638 2454 1927 2526 καθαρμὸν

337 2551 648 2623 ἐπιχειροίη
712 2553 823 2614 τοῖς
879 2552 977 2622 τῆς
1040 2551 1321 2621 βασιλείας
1370 2550 1664 2621 πράγμασι
1718 2550 1812 2602 καὶ
1859 2548 1928 2601 τὰ

335 2646 475 2696 κατά
505 2660 571 2711 γε
605 2642 712 2713 [τε]
748 2644 839 2697 τὸν
878 2645 1111 2713 στρατὸν
1164 2644 1309 2698 κατά
1347 2661 1406 2695 τε
1463 2644 1590 2707 τοὺς
1655 2642 1927 2711 πολέμους

340 2735 513 2799 καλῶς
551 2736 783 2790 διιθύνοι
810 2738 906 2789 καὶ
933 2737 1193 2805 διεξάγοι.
1232 2737 1605 2808 Προσέρχεται
1634 2738 1816 2790 τοίνυν
1858 2739 1924 2807 τῇ

340 2828 528 2897 μητρὶ,
602 2829 989 2881 ἀνακοινοῦται
1043 2829 1103 2881 τὸ
1153 2828 1441 2882 ἐπαινετὸν
1488 2830 1664 2891 πάθος
1722 2831 1922 2892 ἐκεῖνο,

338 2919 644 2987 θεραπείας
704 2921 908 2987 τρόπον
960 2920 1227 2990 ἀναζητεῖ
1283 2922 1375 2973 καὶ
1425 2921 1753 2990 ἀπαλλαγῆς
1818 2920 1928 2974 τῶν

340 3011 749 3075 ὑποκνιζόντων
768 3013 934 3065 αὐτοῦ
962 3014 1062 3083 τὴν
1086 3014 1415 3085 συνείδησιν.
1455 3015 1518 3066 Ἥ
1541 3015 1597 3068 δὲ
1621 3012 1926 3077 ἀσπάζεται

339 3105 424 3156 τὸν
454 3104 575 3157 υἱὸν
604 3106 701 3158 καὶ
727 3106 981 3175 ἀσμένως
1015 3106 1228 3176 δέχεται
1257 3107 1326 3160 τὰ
1361 3107 1642 3177 λεχθέντα.
1666 3109 1927 3162 Μετακα-

2025 616 2288 677 actorque
2322 608 2514 663 talium
2552 610 2797 666 omnium
2831 610 2914 665 sic
2944 610 3449 664 convulnerabatur
3478 624 3608 663 ure-

2022 699 2296 771 batnrque
2325 703 2451 757 imis
2481 703 2802 773 praecordiis
2865 704 3072 774 ingenti
3128 703 3177 757 vi
3225 703 3561 773 paenitentia!
3589 743 3602 763 ,

2021 806 2185 859 quam
2210 809 2318 847 non
2342 794 2651 864 imperium,
2673 811 2778 850 non
2800 810 3064 866 purpura,
3085 810 3192 849 non
3212 795 3460 849 diadema
3478 809 3607 849 con-

2022 892 2172 938 textu
2212 901 2549 954 gemmarum
2586 888 2956 951 eﬂloreseens,
2992 904 3098 942 non
3128 887 3297 943 vestis
3331 902 3466 941 auro
3493 888 3606 940 col-

2024 978 2214 1032 lucens
2235 980 2340 1048 81
2367 990 2418 1033 et
2459 980 2777 1045 unionibus,
2802 982 2909 1035 ulla
2938 998 3001 1036 ex
3028 990 3177 1050 parte
3196 981 3602 1036 consolabatur.

2025 1065 2230 1119 llorum
2287 1067 2433 1121 enim
2498 1068 2735 1123 fructum
2786 1086 3001 1125 omnem
3054 1072 3402 1126 amarissimo
3457 1073 3601 1125 luctu

2022 1156 2277 1209 obrutum
2304 1161 3002 1229 corrumpebatoccursaus
3048 1177 3269 1231 semper
3296 1163 3479 1217 animo
3508 1163 3603 1215 tri-

2023 1252 2270 1307 stissima
2309 1253 2487 1323 imago
2514 1255 3182 1327 alllietaeconculcatmque
3202 1260 3454 1313 ludibriis
3474 1274 3609 1313 con-

2026 1346 2372 1417 tumeliisque
2424 1350 2880 1420 omnibus,atquc
2906 1361 3148 1406 extrema
3167 1354 3477 1409 calamitate
3509 1354 3611 1407 ob-

2025 1436 2169 1490 trita:
2199 1439 2458 1507 Augustae
2514 1442 2686 1495 urbis.
2734 1442 2878 1497 Sane
2918 1452 3180 1512 quantum
3214 1443 3268 1496 in
3303 1443 3444 1496 illam
3494 1452 3607 1496 tum

2027 1526 2292 1579 malorum
2352 1529 2620 1597 ingruerit
2650 1548 2810 1587 nemo
2866 1534 3031 1588 fando
3102 1536 3321 1604 assequi
3371 1551 3607 1605 unquam

2026 1628 2211 1685 queat.
2242 1618 2376 1674 Nam
2433 1629 2487 1675 et
2520 1624 2728 1693 privata
2761 1636 2811 1679 et
2834 1627 3048 1694 publica
3077 1637 3129 1682 et
3154 1643 3309 1683 sacra
3345 1630 3611 1684 maxime-

2026 1727 2134 1779 que
2169 1712 2421 1782 religiosa
2469 1718 2707 1785 expilata
2746 1718 3068 1788 direptaque
3118 1731 3246 1775 sunt
3291 1722 3613 1776 avarissime

2029 1804 2230 1871 passim
2265 1806 2333 1857 ab
2364 1807 2618 1862 omnibus
2650 1825 2663 1862 :
2709 1810 2957 1879 tantique
2987 1825 3049 1864 ac
3082 1821 3192 1865 tam
3215 1813 3352 1866 varii
3385 1813 3612 1867 misera-

2031 1896 2212 1949 biliter
2244 1896 2659 1953 lamentantium
2680 1910 2909 1969 questus
2945 1902 3329 1966 audiebantur,
3361 1910 3419 1965 ut
3453 1912 3613 1958 terrae

2029 1998 2175 2042 motu
2214 1991 2511 2060 periclitari
2551 1993 2737 2047 urbem
2774 1995 3028 2051 crederes
3060 2013 3073 2050 ι
3118 1996 3253 2049 nihil
3291 1996 3483 2050 horum
3527 1995 3613 2049 fu-

2030 2081 2209 2151 giebat
2293 2099 2517 2138 sensum
2584 2084 2918 2157 fallebatque
2988 2087 3310 2141 memoriam
3391 2086 3609 2149 Alexii.

2032 2177 2271 2232 hominis
2293 2194 2403 2247 quo
2450 2195 2611 2235 nemo
2650 2190 2768 2236 erat
2798 2190 2892 2236 aut
2925 2183 3293 2252 perspicacior
3312 2190 3403 2236 aut
3430 2197 3613 2251 prom-

2030 2273 2175 2340 ptior
2209 2274 2274 2325 ad
2329 2272 2596 2340 judicium
2652 2291 2846 2345 expers
2874 2277 3064 2345 gratia:
3122 2278 3191 2332 de
3264 2279 3382 2333 suis
3438 2277 3614 2345 ipsius

2031 2375 2195 2426 prave
2227 2360 2386 2416 factis
2412 2361 2718 2419 ferendum.
2749 2363 2883 2418 Nam
2929 2380 3053 2419 cum
3089 2366 3202 2434 ipse
3236 2373 3499 2434 patronus
3526 2366 3610 2419 sui

2029 2454 2131 2507 sibi
2162 2465 2475 2523 suggereret
2509 2458 2739 2511 militum
2773 2474 2891 2514 eam
2919 2459 3088 2513 fuisse
3113 2460 3351 2529 culpam,
3384 2474 3613 2528 respon-

2029 2543 2191 2596 debat
2222 2560 2249 2598 ιι
2296 2561 2356 2600 se
2402 2547 2771 2613 occasionem,
2811 2549 3086 2604 licentiam
3133 2590 3148 2615 ,
3189 2557 3243 2602 et
3284 2549 3497 2602 initium
3546 2549 3612 2603 iis

2031 2636 2337 2692 sreleribus
2391 2639 2580 2692 datum
2625 2640 2929 2695 rebellione
2972 2642 3112 2710 ipsa,
3170 2641 3333 2710 cujus
3396 2641 3523 2695 licet
3558 2644 3610 2693 in

2030 2745 2221 2785 Servos
2263 2731 2387 2787 illos
2418 2732 2771 2787 insidiatores
2821 2734 3052 2802 rejirere
3078 2734 3339 2787 invidiam
3374 2741 3611 2804 poterat,

2032 2826 2269 2879 malebat
2315 2826 2418 2879 sibi
2455 2828 2730 2882 ascribere
2768 2844 2831 2882 ac
2862 2828 3091 2897 propria:
3127 2827 3475 2883 eonscienti:e
3517 2843 3614 2881 cn-

2031 2920 2216 2972 raudaa
2250 2934 2344 2985 per
2393 2918 2634 2973 dolorem
2672 2934 2735 2973 ac
2768 2920 3148 2988 paenitentiam
3182 2934 3377 2975 vacare
3408 2922 3610 2990 potius,

2030 3028 2193 3081 quam
2236 3013 2429 3067 alienae
2470 3013 2821 3067 accusandae:
2862 3014 2942 3069 sic
2994 3022 3239 3068 statuens
3263 3029 3321 3067 se
3364 3027 3476 3066 tum
3521 3014 3614 3067 de-

2032 3120 2177 3158 mum
2233 3104 2575 3173 auspicatum
2623 3120 2687 3158 ac
2741 3104 2867 3159 felix
2912 3106 3259 3175 capessenda:
3302 3105 3614 3173 reipublicae

338 3196 553 3250 λοῦνται
583 3198 769 3250 τοίνυν
797 3198 1010 3267 (τούτου
1045 3199 1418 3269 συνδόξαντος)
1448 3201 1538 3253 τόν
1561 3218 1617 3253 τε
1649 3202 1924 3271 πατριάρ-

2028 3197 2175 3251 domi
2221 3198 2536 3266 militiaeque
2588 3197 2803 3251 initium
2858 3197 3200 3261 habiturum,
3255 3197 3439 3251 sinon
3503 3197 3609 3252 nisi

344 3304 441 3355 χην
484 3290 721 3357 Κοσμᾶν
743 3289 788 3318 ⁷⁸
819 3287 994 3358 (οὔπω
1051 3290 1157 3359 γὰρ
1212 3291 1304 3343 τὸν
1352 3291 1475 3345 τότε
1507 3292 1549 3323 ⁷³
1598 3292 1691 3343 τὸν
1736 3289 1927 3360 θρόνον

341 3381 648 3452 παρῄτητο)
692 3382 785 3433 καί
818 3360 973 3445 τινας
1014 3383 1247 3449 λογάδας
1297 3385 1406 3436 τῶν
1448 3385 1544 3452 τῆς
1588 3383 1743 3455 ἱερᾶς
1800 3402 1929 3437 συν-

339 3474 457 3527 ὁδου
505 3474 621 3543 (99)
681 3476 778 3528 καὶ
820 3476 913 3528 τοῦ
954 3475 1243 3544 μοναδικοῦ
1293 3476 1693 3545 συντάγματος.
1748 3474 1929 3546 Πρόσ-

341 3582 441 3618 εισι
497 3566 716 3629 τούτοις
773 3569 800 3620 ὁ
850 3567 1106 3636 βασιλεὺς
1167 3569 1243 3629 ὼς
1309 3568 1584 3632 ὑπόδικος,
1629 3569 1700 3631 ὡς
1754 3568 1928 3621 κατά-

339 3676 549 3729 κριτος,
618 3660 694 3721 ὼς
752 3661 979 3730 εὐτελὴς
1042 3660 1152 3732 ἡ³⁰
1191 3661 1283 3713 καί
1310 3680 1395 3723 τις
1456 3662 1617 3725 ἄλλος
1673 3663 1781 3715 τῶν
1834 3659 1928 3714 ὑπ’

340 3754 564 3822 ἐξουσίᾳ
595 3754 638 3783 ⁸¹
670 3753 1046 3819 τεταγμένων,
1080 3753 1173 3805 καὶ
1201 3753 1300 3820 τὴν
1326 3752 1507 3821 ψῆφον
1546 3755 1671 3806 ὅσον
1706 3755 1919 3807 οὐδέπω

342 3845 827 3913 καραδοκούντων,
861 3843 928 3913 ἢν
959 3844 1079 3895 κατ’
1122 3844 1330 3897 ἐκείνου
1364 3844 1651 3914 ψηφιεῖται
1693 3845 1752 3897 τὸ
1781 3846 1931 3899 δικα-

345 3938 592 4007 στήριον.
678 3936 1030 4004 Ἐξαγγέλλει
1086 3937 1300 3995 πάντα.
1344 3940 1419 4006 μὴ
1484 3938 1778 4007 προϐολὴν,
1855 3938 1930 4007 μὴ

345 4028 773 4095 συγκατάθεσιν,
806 4028 880 4097 μὴ
921 4028 1142 4098 πρᾶξιν,
1174 4029 1308 4098 μηδὲ
1341 4029 1520 4081 αἰτίαν
1548 4029 1655 4080 τῶν
1686 4046 1934 4099 πεπραγ-

349 4122 527 4188 μένων
563 4121 973 4192 παραδραμὼν,
1011 4122 1147 4174 ἀλλὰ
1179 4122 1361 4175 πάντα
1392 4124 1435 4153 ⁸³
1470 4126 1607 4191 μετὰ
1640 4122 1806 4189 φόϐου
1837 4122 1931 4174 καὶ

348 4215 588 4277 πίστεως
650 4215 1184 4285 ἐξαγορευσάμενος,
1240 4217 1334 4268 καὶ
1378 4213 1475 4284 τὴν
1519 4215 1817 4284 θεραπείαν
1872 4214 1932 4279 ἐξ

348 4308 571 4359 ἐκείνων
602 4307 826 4375 θερμῶς
869 4306 1092 4370 ἐξαιτεῖ,
1129 4307 1426 4375 ἐπιτιμίοις
1463 4305 1652 4359 ἑαυτὸν
1696 4305 1935 4359 καθυπο-

351 4399 581 4452 ϐάλλων.
654 4399 713 4451 '0
737 4398 784 4429 ⁸³
833 4398 890 4450 δὲ
939 4397 1038 4450 οὐκ
1092 4398 1255 4449 αῦτον
1293 4398 1474 4467 μόνον,
1506 4397 1764 4451 ἀλλὰκαὶ
1807 4399 1933 4460 τοὺς

353 4490 413 4540 ὲκ
452 4490 654 4542 ταύτοῦ
685 4487 926 4557 αἵματος
955 4489 1336 4557 προσήκοντας
1360 4490 1453 4540 καὶ
1500 4488 1635 4558 πρὸς
1668 4488 1767 4557 τὴν
1794 4489 1933 4540 ἁπο-

354 4580 577 4633 στασίαν
606 4580 1026 4649 συναραμένους
1088 4582 1200 4641 τοῖς
1234 4580 1415 4641 αὐτοῖς
1458 4580 1753 4648 ἐπιτιμίοις
1793 4580 1932 4634 καθ-

356 4670 775 4733 υποϐάλλουσιν,
811 4669 1091 4739 νηστείαν,
1124 4668 1219 4721 καὶ
1241 4668 1563 4737 χαμευνίαν,
1598 4670 1778 4722 καὶτὰ
1808 4670 1932 4723 τού-

354 4778 459 4824 τοις
508 4763 833 4831 ὲφεπόμενα
900 4760 1037 4830 πρὸς
1078 4760 1178 4830 τὴν
1231 4759 1323 4812 τοῦ
1389 4760 1523 4814 Θεοῦ
1553 4760 1600 4791 ⁸⁸
1653 4761 1933 4823 ἐξιλέωσιν

357 4855 733 4919 ἐπιτάξαντες.
782 4851 1084 4920 Δεξάμενοι
1131 4851 1187 4903 δὲ
1247 4851 1315 4903 τὰ
1340 4851 1593 4919 ἐπιτίμια
1638 4851 1935 4921 προθύμως

358 4945 648 5013 ἐφύλαττον
674 4948 746 4999 ⁸⁸.
790 4944 931 4999 Ἀλλ’
963 4943 1083 4997 οὐδὲ
1108 4944 1166 4997 αί
1189 4943 1236 4975 ⁸⁸
1272 4944 1420 5013 σφῶν
1452 4944 1630 4997 αὐτῶν
1675 4947 1934 5013 γυναῖκες

2030 3289 2176 3342 eluta
2207 3290 2325 3343 labe
2355 3290 2639 3359 culpisque
2673 3291 2984 3359 procuratis
3017 3304 3115 3359 per
3141 3289 3394 3359 religiosa
3424 3290 3615 3358 piacu-

2032 3379 2102 3442 la,
2138 3394 2358 3432 manum
2384 3387 2732 3448 mentemque
2748 3381 3136 3451 gubernaculis
3154 3397 3333 3436 rerum
3360 3382 3616 3435 admove-

2032 3481 2133 3527 ret.
2171 3472 2250 3526 Μ)
2306 3472 2409 3527 hoc
2442 3473 2724 3542 proposito
2764 3483 2995 3527 matrem
3038 3475 3151 3529 adit
3178 3476 3342 3544 eique
3374 3472 3616 3528 laudabi-

2030 3567 2133 3619 lem
2200 3565 2348 3619 illam
2413 3582 2570 3621 suam
2640 3568 3110 3637 perturbationem
3182 3567 3389 3636 aperit,
3451 3568 3613 3622 simul

2029 3657 2268 3725 exquirit
2318 3658 2537 3711 modum
2587 3658 2813 3711 sedandi
2857 3672 3078 3711 morsus
3109 3657 3481 3711 conscientiae.
3522 3657 3615 3710 Illa

2033 3749 2197 3801 lilium
2256 3759 2501 3803 materne
2556 3749 2778 3817 exeipit,
2831 3749 3169 3812 consolatur,
3218 3750 3511 3813 collaudat,
3555 3750 3615 3804 li-

2034 3843 2335 3909 benterque
2367 3842 2557 3909 recipit
2588 3856 2647 3896 se
2681 3841 2946 3894 facturam
2987 3842 3132 3909 quod
3172 3843 3411 3911 petebat.
3450 3842 3615 3896 Com-

2034 3934 2272 3985 mttniter
2297 3932 2465 4002 igitur
2489 3932 2719 3987 consilio
2745 3933 2932 3986 habito
2957 3934 3225 3988 advocant
3246 3937 3613 4005 patriarcham

2032 4024 2289 4079 Cosmam
2323 4025 2339 4093 (
2366 4023 2602 4077 nondum
2632 4023 2678 4077 is
2713 4023 2964 4093 dignitati
2999 4025 3436 4094 renuntiaverat)
3464 4042 3616 4081 cum-

2033 4134 2140 4187 que
2166 4130 2232 4170 eo
2262 4116 2562 4185 praecipuos
2590 4130 2837 4185 quosque
2866 4132 2928 4170 ex
2953 4132 3108 4171 sacra
3141 4119 3349 4187 synodo
3380 4126 3433 4173 et
3474 4122 3617 4174 ordi-

2035 4227 2103 4264 ne
2156 4208 2570 4262 monachorum.
2623 4207 2703 4262 Ad
2732 4208 2831 4262 hos
2893 4208 2947 4262 in
3033 4224 3199 4263 unum
3255 4220 3616 4282 congregatos

2035 4302 2343 4374 ingreditur
2384 4303 2681 4370 imperator
2705 4301 2783 4355 rei
2830 4300 3019 4356 habitu
3071 4302 3356 4373 cultuque,
3398 4320 3501 4359 nec
3533 4307 3612 4360 rei

2037 4406 2275 4455 tantum.
2318 4396 2411 4450 sed
2456 4395 2567 4462 jam
2628 4394 3026 4462 condemnati;
3089 4396 3169 4451 sic
3218 4398 3482 4463 vestitus,
3536 4401 3616 4454 sic

2038 4488 2228 4542 oculos
2265 4488 2346 4541 sic
2395 4487 2602 4540 vultum
2636 4486 2842 4550 ferens,
2893 4489 3054 4557 plane
3105 4497 3164 4543 ut
3201 4490 3505 4547 vilissimus
3548 4491 3616 4545 de

2038 4580 2193 4650 plebe
2243 4579 2510 4648 quispiam
2567 4594 2753 4634 coram
2804 4580 3084 4648 judieibus
3128 4585 3435 4645 assisteret,
3491 4600 3617 4637 mox.

2035 4682 2213 4726 atrum
2281 4673 2485 4741 inejus
2516 4682 2681 4741 caput
2742 4673 3013 4727 calculum
3067 4674 3299 4730 daturis.
3358 4676 3455 4730 llic
3500 4676 3611 4745 jam

2034 4774 2235 4821 cuncta
2264 4764 2575 4831 conﬁtetur,
2611 4781 2717 4819 non
2752 4766 2987 4834 primum
3024 4765 3280 4835 impetum
3312 4784 3374 4823 ac
3408 4772 3614 4837 cogita-

2034 4858 2263 4920 tionem,
2322 4873 2431 4911 non
2481 4871 2836 4920 consensum,
2889 4872 2996 4910 non
3054 4861 3489 4928 progressionem
3560 4861 3613 4912 in

2033 4965 2171 5020 opus
2202 4958 2255 5004 et
2290 4951 2725 5013 exsecutionem,
2756 4964 2863 5002 non
2894 4950 3053 5003 linem
3085 4959 3136 5005 et
3169 4966 3393 5021 scopum
3418 4966 3615 5021 prepo-

1436 5085 1636 5144 νοτία)
1672 5084 1977 5146 lectiones
2021 5104 2095 5147 ex
2121 5089 2263 5149 cod.
2308 5088 2578 5152 Coislin.

422 5215 466 5245 '“
494 5212 1006 5282 περιστοιχίσαντα.
1082 5210 1125 5242 ⁷⁸
1156 5210 1525 5282 διηγήσασθαι
1551 5209 1868 5278 δυνήσηται.

357 5284 489 5337 τότε.
562 5285 610 5315 ⁸⁸
639 5286 693 5353 ἦ.

358 5350 759 5426 πεπραγμένων
790 5352 1189 5421 παραδραμὼν,
1224 5352 1357 5403 ἀλλὰ
1392 5352 1587 5403 πάντα.
1672 5350 1719 5381 ⁸³
1754 5352 1821 5402 oi.

1968 5213 2014 5243 76

778 5214 1006 5279 ςίσαντα.
1082 5214 1125 5242 ⁷⁸
1156 5214 1525 5279 διηγήσασθαι
1551 5214 1868 5278 δυνήσηται.
1968 5214 2014 5243 ⁷⁸
2042 5214 2260 5282 χισμόν.
2357 5216 2402 5246 '"
2432 5214 2553 5266 τόν.
2659 5214 2707 5245 ⁷⁸
2737 5214 2897 5266 Deest
2927 5227 3028 5263 vox
3067 5214 3313 5280 Κοσμᾶν.
3418 5214 3462 5242 τ’
3503 5214 3610 5278 γὰρ

778 5284 821 5315 ⁸¹
874 5281 1145 5343 ὲξουσῖαν.
1218 5281 1262 5311 ⁸¹
1299 5281 1503 5334 Desunt
1541 5297 1714 5352 voci-s
1747 5284 1820 5349 μὴ
1871 5282 2163 5351 προϐολὴν,
2220 5282 2293 5352 μὴ
2324 5283 2741 5352 συγκατάθεσιν,
2782 5281 2855 5351 μὴ
2887 5282 3107 5352 πρᾶξιν,
3141 5283 3274 5349 μηδὲ
3297 5280 3476 5333 αίτίαν
3504 5279 3610 5333 τῶν

1906 5350 1952 5382 ⁸⁸
1980 5350 2125 5405 θείου
2156 5350 2425 5417 ἐδέξαντο.
2498 5353 2542 5385 ⁸⁵
2579 5350 2851 5417 ἐδέξαντο,
2924 5351 2969 5381 ⁸⁸
3000 5352 3162 5405 Deest
3187 5352 3376 5405 vocula
3402 5352 3480 5404 αἱ.

2357 5216 2402 5246 '"
2432 5213 2553 5266 τόν.
2659 5213 2707 5245 ⁷⁸
2737 5213 2897 5266 Deest
2927 5227 3028 5263 vox
3067 5213 3313 5280 Κοσμᾶν.
3418 5210 3462 5242 "
3503 5210 3610 5278 γὰρ

1479 5465 1617 5526 Car.
1668 5463 1999 5526 anresnii
2036 5468 2128 5527 Du
2157 5467 2379 5547 Cangii
2417 5477 2606 5529 notua.

416 5570 528 5637 (99)
568 5572 684 5637 Τῆς
733 5567 903 5636 ἱερᾶς
940 5565 1242 5637 συνόδου,
1299 5564 1481 5637 Divisa
1533 5575 1586 5618 et
1637 5565 1927 5637 distributa

350 5636 471 5693 olim
504 5636 657 5696 fuere
688 5641 871 5694 cilicia
902 5636 1105 5705 Magna:
1132 5636 1375 5691 ecclesia:
1419 5636 1930 5701 Constantinopoli-

350 5719 483 5765 tanae
516 5714 566 5764 in
604 5729 655 5765 ix
687 5708 992 5764 Peutadas.
1020 5706 1223 5759 llarum
1261 5708 1454 5774 prima,
1489 5722 1747 5773 magnum
1779 5720 1926 5758 aecu-

349 5796 586 5847 nomum,
613 5795 876 5851 magnum
914 5778 1285 5851 sacellarium,
1308 5791 1561 5844 magnum
1598 5776 1929 5851 chartophxf

350 5845 579 5919 lact-tn,
617 5845 1152 5919 cha'rtophylaccm,
1229 5857 1282 5902 ct
1346 5856 1659 5901 curatorem
1741 5845 1926 5900 sacelli

2039 5568 2385 5641 continebat,
2414 5571 2589 5641 Atque
2630 5568 2714 5622 isti
2763 5579 2920 5625 erant
2962 5568 3243 5641 praecipui
3277 5568 3616 5641 patriarcha-

2041 5654 2161 5693 rum
2192 5640 2492 5694 consiliarii
2527 5647 2582 5692 et
2607 5652 2940 5703 assessores,
2966 5640 3318 5709 'solique_jus
3348 5640 3617 5693 habebant

2038 5710 2262 5779 sedendi
2293 5710 2345 5763 in
2371 5709 2581 5779 synodo
2609 5724 2734 5762 cum
2766 5711 3074 5777 patriarcha
3107 5703 3124 5761 ς’
3148 5703 3308 5764 libro:
3350 5710 3614 5778 κάθηνται

2036 5780 2097 5904 ἓν
2218 5778 2337 5853 θείᾳ
2371 5778 2462 5834 καὶ
2497 5780 2620 5851 ίερᾷ
2646 5779 2847 5850 συνόδῳ
2880 5783 3015 5852 μετά
3045 5779 3143 5835 τοῦ
3170 5781 3471 5853 ἀρχιερέως
3495 5818 3508 5842 ,
3537 5780 3612 5830 ait

2086 5866 2115 5905 ο
2160 5866 2306 5905 inus.

2086 5866 2306 5907 oumus.
