4068 6266
541 347 613 410 79
1746 345 1967 404 ΑΝΝΑΞ
1997 346 2084 406 C0

2189 346 2378 408 [ENJE

3629 357 3726 424 9280

505 462 670 514 situm
709 473 762 512 ιιι
797 465 910 513 ιοιο
941 457 1032 510 illo
1061 457 1302 512 facinore
1335 460 1650 528 praeteriens
1674 498 1688 522 ,
1725 461 1854 527 quin
1891 462 2083 530 singu-

2189 461 2292 526 ἔξω
2329 463 2437 516 τῶν
2499 463 2792 533 ἐπιτιμίων
2847 461 3071 516 ἑστάναι
3131 463 3411 532 ἠνείχοντο
3448 481 3462 496 ·
3497 469 3605 532 πῶς
3627 474 3726 544 γὰρ

507 551 658 606 latim
685 566 808 605 cum
839 565 1032 617 magna
1063 559 1116 604 et
1141 551 1355 606 timoris
1392 550 1486 606 Dei
1511 561 1565 606 et
1599 552 1734 607 vivae
1769 554 1888 608 fidei
1919 555 2088 622 signi-

507 641 757 694 ficatione
787 648 1082 708 exponeret
1104 644 1321 693 omnia:
1351 657 1547 710 rogans
1571 643 1636 696 ad
1675 643 1786 696 inec
1816 653 1873 697 ut
1896 645 2086 699 morbo

506 733 724 802 cognito
756 749 854 802 pro
901 750 1002 790 sua
1047 736 1245 802 peritia
1283 745 1334 788 ct
1377 744 1646 806 potestate
1703 737 2084 804 mederentur;

509 840 609 878 nec
637 827 814 895 poenis
849 841 912 880 ac
940 828 1222 898 suppliciis
1261 839 1546 895 parcerent
1595 831 1795 897 quibus
1831 847 1890 886 se
1943 831 2085 885 ultro

505 916 713 972 ferebat
744 919 1063 974 olmoxium.
1096 921 1164 972 At
1205 921 1278 974 illi
1315 937 1420 975 non
1449 921 1622 974 solmn
1648 923 1972 988 Augustum,
1992 924 2084 978 sed

505 1010 640 1065 alios
676 1024 894 1080 quoque
939 1010 1053 1063 sive
1086 1011 1354 1079 sanguine
1421 1012 1524 1080 ipsi
1555 1013 1668 1066 sive
1703 1013 1812 1082 82
1846 1013 2086 1066 amicitia

504 1099 850 1168 conjunctos,
876 1100 968 1168 qui
993 1101 1318 1157 defectionis
1349 1119 1570 1173 quoquo
1602 1105 1761 1158 modo
1791 1105 2082 1173 participes

503 1189 892 1258 adjutoresque
921 1189 1162 1256 fuerant,
1204 1191 1396 1246 iisdem
1425 1208 1614 1246 omnes
1655 1194 1884 1262 piaculis
1911 1195 2081 1264 subji-

507 1279 1002 1352 ciunt,praescripto
1039 1282 1169 1352 ipsis
1192 1282 1424 1352 jejunio,
1461 1283 1934 1348 humicubatione.
1974 1301 2078 1340 cae-

503 1373 744 1440 terisque
773 1389 892 1441 qua:
923 1389 1045 1430 cum
1087 1375 1172 1430 his
1208 1375 1416 1445 injungi
1464 1377 1642 1431 solent
1690 1379 2068 1446 paenitentiam

505 1462 911 1530 proﬁtentibus,
953 1466 1019 1519 ad
1068 1466 1566 1520 reconciliationem
1607 1485 1728 1520 cum
1765 1467 1874 1520 Deo
1906 1469 2079 1537 impe-

504 1550 775 1606 trandam.
813 1552 1070 1610 Libenter
1091 1569 1348 1624 accepere
1391 1558 1717 1627 subiereqne
1752 1560 2078 1612 sententiam

505 1645 709 1696 cuncti.
739 1645 847 1699 Nec
871 1646 1000 1716 ipsae
1017 1649 1272 1703 mulieres
1303 1665 1491 1703 eorum
1517 1651 1787 1705 intumues
1812 1651 2084 1718 squaloris

2187 555 2470 624 φίλανδροι
2522 552 2716 624 οὔσαις
2767 556 3059 626 αὐτόμολοι
3115 557 3174 610 δὲ
3203 559 3294 610 τὸν
3335 561 3432 627 τῆς
3463 563 3728 628 μετανοίας

2185 645 2352 712 ζυγὸν
2399 646 2770 714 ἀναδέχονται,
2803 645 2914 696 Καὶ
2961 639 3030 715 ἦν
3081 646 3208 698 ίδεῖν
3235 646 3304 699 τὰ
3345 647 3579 716 βασίλεια
3617 653 3729 707 τότε

2183 737 2434 808 δακρύων
2481 741 2576 790 καὶ
2623 737 2852 799 πένθους
2907 738 3215 806 ἀνάμεστα,
3251 739 3477 802 πένθους
3511 742 3602 794 οὐκ
3623 746 3732 796 ἐπι-

2183 832 2356 902 ψόγου
2400 829 2509 884 οὐδ’
2561 829 2848 884 ἀσθένειαν
2895 830 3085 900 ψυχῶν
3131 831 3582 902 κατηγοροῦντος,
3625 835 3732 888 ἀλλ’

2191 920 2473 974 ἐπαινετοῦ
2502 921 2595 972 καὶ
2641 924 2814 990 χαρᾶς
2867 921 3134 990 προξένου
3173 922 3276 990 τῆς
3307 923 3628 992 κρείττονος,
3651 928 3735 978 καὶ

2191 1012 2463 1082 μηδέποτε
2491 1012 2779 1081 λυομένης.
2817 1012 2874 1064 '0
2895 1013 2951 1064 δὲ
2969 1013 3328 1083 αὐτοκράτωρ
3349 1015 3524 1074 ὁποῖος
3546 1016 3733 1076 ἐκεῖνος

2186 1103 2282 1173 τὴν
2305 1103 2588 1158 εὐσέϐειαν
2611 1104 2772 1157 πλέον
2795 1104 2909 1157 τιθ⁷
2939 1104 3130 1167 ποιῶν,
3165 1103 3316 1166 ἐντὸς
3347 1107 3445 1172 τῆς
3473 1103 3736 1172 βασιλικῆς

2183 1195 2502 1265 ἁλουργίδος
2561 1195 2764 1248 σάκκον
2817 1195 3212 1265 περιεϐέϐλητο
3253 1200 3310 1248 ἐν
3365 1193 3482 1264 χρῷ
3513 1194 3737 1263 ψαύοντα

2181 1289 2281 1354 τῆς
2339 1287 2542 1353 σαρκὸς
2609 1288 2702 1340 ἐπὶ
2758 1288 3165 1356 τεσσαράκοντα
3221 1286 3601 1356 νυχθημέροις.
3651 1286 3734 1338 Ἐν

2185 1377 2243 1430 δὲ
2267 1381 2388 1438 ταῖς
2421 1377 2538 1440 νυξὶ
2563 1357 2844 1448 χᾶμεύνης
2875 1377 3053 1431 ἔκειτο
3075 1379 3170 1430 ἐπὶ
3201 1379 3408 1447 πέτρας
3451 1378 3604 1446 μόνον
3625 1377 3741 1430 ἀνέ-

2189 1487 2300 1538 χων
2329 1469 2428 1538 τὴν
2455 1469 2695 1540 κεφαλὴν
2723 1477 2818 1528 καὶ
2850 1471 3064 1524 πενθῶν
3101 1471 3176 1534 ὡς
3229 1471 3394 1534 εἰκός.
3427 1467 3534 1522 Εἶθ’
3585 1467 3740 1531 οὕτως

2188 1560 2297 1612 τῶν
2327 1563 2424 1632 τῆς
2460 1562 2738 1631 βασιλείας
2773 1567 3114 1634 πραγμάτων
3135 1565 3325 1632 ἁγναῖς
3367 1564 3592 1617 ἅπτεται
3625 1577 3741 1630 χερ-

2196 1653 2302 1706 σίν.

504 1749 567 1790 ac
604 1737 782 1794 luctus
813 1739 972 1795 istius
1027 1755 1150 1796 esse
1211 1742 1630 1796 sustinuerunt:
1697 1753 1968 1810 vtcuuque
2025 1757 2302 1797 armorum
2371 1759 2436 1799 ac
2463 1746 2773 1802 rebellionis
2819 1747 3110 1816 participes
3145 1764 3266 1803 esse
3323 1748 3734 1816 nequivissent:

505 1835 777 1900 pertinere
809 1835 1078 1905 siquidem
1147 1837 1212 1890 ad
1266 1837 1524 1907 nuptialis
1569 1837 1992 1894 necessitudinis
2047 1846 2100 1892 et
2141 1838 2424 1896 charitatis
2485 1840 2720 1896 oﬂicium
2756 1844 3020 1913 pntubaut
3082 1845 3242 1898 etiam
3293 1842 3740 1898 incommodorqu

503 1917 560 1977 in
595 1925 794 1996 quibus
833 1927 1040 1980 versari
1073 1928 1218 1982 viros
1257 1943 1386 1982 suos
1417 1937 1726 1992 cernerent,
1765 1931 1907 1982 ultro
1950 1933 2500 1986 communicationem
2529 1945 2805 2002 appetere.
2853 1935 3184 1990 Voluntarim
3227 1936 3392 2005 igitur
3457 1950 3516 1990 se
3570 1933 3742 2000 adjun-

503 2031 636 2084 gnnt
687 2017 905 2087 conjugi
939 2033 1199 2087 .quzeque
1250 2035 1372 2086 suo,
1425 2020 1492 2074 ad
1537 2019 1728 2090 jugum
1779 2020 2110 2089 poenitentiae
2149 2023 2424 2076 communi
2477 2025 2738 2094 patientia
2815 2026 3161 2079 trahendum.
3203 2025 3396 2094 Itaque
3427 2025 3604 2078 videre
3639 2027 3744 2078 erat

505 2129 600 2184 per
635 2113 686 2166 id
713 2123 928 2182 tempus
965 2115 1224 2183 palatium
1279 2115 1594 2170 universum
1646 2116 1864 2186 plenum
1907 2117 2270 2186 laerymarum
2317 2135 2380 2172 ac
2409 2120 2612 2174 luctus.
2663 2120 2872 2174 Luctus
2907 2135 3013 2174 non
3097 2121 3275 2190 ignari
3341 2136 3412 2176 ac
3487 2121 3745 2189 vitupera-

505 2203 654 2269 bilis,
691 2206 856 2259 animi
891 2205 1084 2276 ahjecti
1139 2207 1562 2262 imbecillitatem
1639 2207 1920 2277 prodeatis
1971 2225 1986 2262 :
2041 2208 2140 2262 sed
2187 2210 2398 2264 honesti
2462 2227 2525 2265 ac
2582 2212 2909 2274 laudabilis,
2971 2213 3337 2281 gaudiumque
3411 2210 3740 2282 procuratori

505 2313 786 2368 nunquam
836 2298 1214 2354 auferendum.
1268 2300 1382 2366 Qua
1409 2303 1460 2353 iu
1511 2315 1569 2354 re
1621 2301 1918 2370 imperator
1952 2317 2060 2354 non
2103 2301 2287 2356 minus
2309 2303 2582 2356 eminebat
2613 2319 2776 2372 quam
2819 2305 2872 2356 in
2903 2304 3150 2368 caeteris;
3193 2305 3403 2372 quippe
3461 2303 3552 2372 qui
3618 2299 3747 2356 reii-

506 2391 720 2460 gionem
752 2393 910 2464 longe
941 2393 1112 2463 pluris
1143 2409 1303 2463 quam
1359 2395 1589 2450 aliorqu
1623 2394 1839 2464 quidvis
1872 2394 2098 2449 faceret.
2141 2395 2327 2466 Itaque
2391 2397 2496 2452 sub
2545 2413 2784 2466 purpura
2840 2411 3062 2450 saccum
3107 2399 3396 2450 cilicinum
3447 2397 3604 2450 nudae
3641 2395 3742 2450 cuti

507 2489 787 2542 admotum
821 2490 1066 2558 gestabat
1102 2503 1193 2558 per
1215 2490 1331 2544 dies
1361 2501 1658 2561 noctesque
1686 2489 2068 2560 quadraginta,
2117 2505 2222 2544 non
2257 2491 2367 2545 alio
2440 2507 2536 2561 per
2585 2491 2636 2546 id
2699 2501 2914 2560 tempus
2959 2492 3024 2544 ad
3073 2503 3325 2544 somnum
3387 2488 3743 2559 excipiendum

507 2588 650 2640 lecto
681 2593 839 2638 utens
880 2601 1042 2654 quam
1081 2587 1245 2638 humo
1277 2599 1337 2636 ac
1373 2585 1706 2652 pavimento.
1760 2583 1935 2652 lapide
1979 2592 2161 2637 autem
2203 2599 2298 2653 pro
2325 2584 2576 2637 cervicali
2614 2584 2680 2636 ad
2754 2583 3086 2636 l‘nlriendum
3155 2591 3341 2652 caput.

3420 2583 3596 2651 Atque
3657 2579 3746 2633 hac

512 2675 729 2730 tandem
763 2675 1022 2744 religione
1057 2675 1377 2744 perfunctus
1412 2673 1494 2727 sic
1524 2673 1744 2728 demum
1789 2689 1954 2744 puras
1985 2689 2184 2730 manus
2215 2676 2362 2746 regni
2388 2676 2778 2744 gubernaculis
2808 2675 3069 2728 admovit.

577 2769 714 2824 Cum
745 2780 924 2824 autem
965 2784 1267 2824 exonerare
1297 2769 1642 2836 uegetiorum
1669 2784 1855 2822 curam
1883 2783 1911 2820 a
1939 2783 1999 2822 se
2033 2768 2084 2820 in

2263 2767 2670 2837 Οίακοστρὸφον
2701 2769 2755 2820 δὲ
2781 2768 2983 2835 μᾶλλον
3011 2766 3204 2820 ἐαυτοῦ
3235 2765 3334 2835 τὴν
3374 2767 3583 2839 μητέρα
3623 2768 3746 2832 ἱμει-

511 2861 904 2929 provideutiam
948 2863 1140 2916 matris
1169 2876 1282 2916 suae
1322 2869 1667 2930 percuperet,
1719 2861 1878 2914 initio
1909 2870 2086 2912 tamen

511 2967 772 3008 arcanum
821 2953 874 3007 id
905 2953 1194 3007 consilium
1229 2955 1422 3008 habuit
1449 2971 1462 3006 :
1494 2951 1698 3007 veritus
1735 2969 1800 3006 ne
1826 2953 1872 3008 si
1903 2969 2011 3022 prae
2031 2967 2090 3008 se

511 3044 702 3108 ferret.
739 3045 1029 3115 perterrita
1061 3060 1124 3099 ea
1153 3053 1300 3099 metu
1341 3045 1683 3112 imminentis
1720 3045 1899 3110 molis,
1941 3043 2090 3100 festi-

511 3144 666 3192 naret
699 3137 922 3207 exsequi
967 3137 1116 3208 quod
1148 3137 1350 3192 dudum
1384 3137 1724 3206 parturiebat
1757 3138 1939 3190 animo
1967 3152 2090 3206 pro-

513 3227 752 3296 positum
779 3229 1066 3284 recedendi
1092 3243 1121 3281 ο
1149 3227 1316 3298 regia,
1345 3228 1576 3298 vitaeque
1601 3227 1666 3282 ad
1684 3229 2086 3296 processiouem

512 3317 720 3386 vulgari
751 3317 1086 3372 sublimioris
1117 3317 1465 3372 transeundi.
1495 3318 1538 3370 A
1567 3332 1672 3385 qua
1697 3317 1840 3370 illam
1867 3317 2089 3372 Alexius

515 3418 576 3464 ut
619 3408 822 3464 sensim
859 3409 1188 3478 cogitatione
1239 3409 1556 3470 abduceret,
1609 3409 1782 3462 itabat
1826 3409 1890 3463 ad
1943 3410 2086 3462 illam

510 3501 724 3556 consilii
753 3500 871 3569 ejus
895 3500 1212 3570 exquirendi
1243 3516 1431 3562 causa,
1455 3516 1554 3554 nec
1583 3503 1878 3570 quidquam
1901 3517 2091 3570 quam-

510 3592 596 3648 vis
648 3594 915 3646 minutum
979 3607 1042 3646 ac
1075 3591 1232 3647 facile
1265 3593 1382 3660 ipsa
1417 3607 1524 3646 non
1558 3593 1810 3646 consulta
1839 3591 2092 3660 expedie-

511 3685 622 3739 bat.
665 3683 756 3738 Sic
785 3685 1042 3753 paulatim
1082 3684 1460 3740 assuefaciens
1497 3684 1642 3738 illam
1687 3684 2086 3752 gubernationi,

510 3777 726 3847 sibique
753 3777 804 3831 in
825 3778 940 3832 dies
963 3779 1168 3832 arctius
1186 3777 1732 3846 indissolubiliusque
1752 3777 2088 3841 devineiens,

509 3871 778 3940 planeque
827 3870 900 3924 illi
954 3871 1286 3939 persuadere
1336 3877 1499 3940 atque
1541 3869 1663 3924 aliis
1712 3875 1988 3940 setageus,
2035 3873 2087 3922 in

514 3978 623 4018 una
672 3963 860 4019 matris
891 3963 1230 4031 providentia
1259 3979 1318 4018 se
1370 3979 1521 4031 spem
1557 3963 1756 4018 habere
1793 3963 2090 4031 repositam

509 4053 724 4124 imperii
753 4055 888 4110 bene
910 4057 1158 4126 gerendi,
1196 4057 1340 4124 quod
1367 4055 1574 4124 absque
1595 4055 1824 4111 consilio
1855 4057 1972 4124 ejus
2003 4055 2088 4110 fo-

2196 2860 2426 2930 ρόμενος
2451 2861 2497 2892 ⁸³
2529 2856 2690 2921 εῖναι,
2739 2859 2836 2930 τὴν
2868 2859 3064 2930 βουλὴν
3089 2860 3432 2930 ὑποϐρύχιον
3461 2861 3591 2921 τέως
3627 2855 3747 2928 εἶχε,

2191 2949 2377 3013 δεδιὼς
2429 2953 2503 3020 μὴ
2535 2951 2628 3004 τοῦ
2661 2951 2907 3004 τοιούτου
2947 2951 3282 3018 γνωσθέντος
3305 2953 3454 3020 αὐτῇ
3508 2945 3748 3018 λογισμοῦ

2193 3043 2284 3095 καὶ
2309 3042 2418 3096 τῶν
2435 3042 2723 3111 βασιλείων
2751 3041 2984 3108 ἐξέλθοι,
3012 3040 3150 3112 πρὸς
3183 3041 3532 3113 ὑψηλότερον
3551 3043 3660 3113 βίον
3683 3040 3750 3108 (l)

2191 3133 2474 3203 γινώσκων
2527 3135 2698 3205 αὐτὴν
2745 3135 3183 3190 ἀποϐλέπουσαν.
3229 3137 3316 3189 Ἐν
3369 3140 3504 3190 πᾶσι
3553 3134 3754 3207 μὲνοῦν

2193 3225 2287 3292 τῆς
2327 3221 2372 3254 ⁸⁸
2409 3225 2818 3292 προσπίπτουσι
2863 3224 3058 3294 βουλῆς
3097 3226 3270 3293 αὐτῆς
3338 3228 3484 3299 ἄτερ
3544 3226 3672 3297 μηδὲ
3700 3225 3754 3276 τὸ

2193 3312 2357 3380 τυχὲν
2381 3307 2446 3382 ἦν
2477 3313 2736 3382 ἐνεργῶν,
2764 3314 2900 3366 ἀλλά
2925 3317 3178 3367 κοινωνὸν
3209 3313 3320 3385 εἷχε
3360 3318 3470 3370 τῶν
3495 3316 3753 3387 βουλημάο

2191 3419 2297 3456 των
2331 3403 2465 3474 ὁμοῦ
2498 3407 2594 3456 καὶ
2635 3405 2982 3477 συλλήπτορα
3005 3408 3104 3477 τὴν
3141 3409 3360 3476 μητέρα
3385 3410 3432 3442 ⁹⁰
3463 3410 3558 3461 καὶ
3597 3424 3751 3460 κατα-

2196 3497 2392 3566 μικρὺν
2427 3498 2684 3566 ὑφέρπων
2709 3501 2867 3570 αὐτῇ,
2918 3501 3011 3554 καὶ
3038 3503 3516 3573 κοινοποιούμενος
3537 3503 3632 3572 τὴν
3653 3499 3751 3552 τῶν

2193 3591 2534 3659 πραγμάτων
2575 3591 2864 3661 διοίκησιν.
2913 3594 3019 3646 Καί
3055 3612 3157 3648 που
3184 3596 3278 3648 καὶ
3307 3597 3560 3666 φανερῶς
3597 3593 3752 3646 ἐνδειι

2194 3684 2460 3755 κνύμενος
2497 3685 2572 3749 ὡς
2619 3687 2752 3757 ἄτερ
2784 3692 2882 3759 τῆς
2913 3688 3130 3757 ἐκείνης
3165 3692 3368 3762 φρενὸς
3419 3693 3514 3744 καὶ
3543 3691 3752 3759 γνώμης

2193 3777 2474 3830 ἀπολεῖται
2518 3781 2620 3848 τῆς
2655 3779 2934 3848 βασιλείοις
2964 3781 3031 3835 τὰ
3082 3782 3412 3851 πράγματα.
3439 3783 3622 3845 Οὕτως
3649 3776 3752 3848 εἶχε

2193 3871 2287 3922 καί
2323 3871 2643 3940 ξυνεδέσμει
2701 3873 2866 3927 πλέον
2911 3875 3092 3944 ἑαυτῷ
3124 3875 3168 3907 ⁰¹
3229 3877 3330 3945 τὴν
3387 3876 3623 3947 μητέρα,
3667 3873 3754 3926 καὶ

2191 3962 2285 4015 τοῦ
2319 3963 2463 4015 κατὰ
2517 3963 2718 4016 σκοπὸν
2749 3965 2982 4035 ἀπεῖργε
3029 3967 3124 4019 καὶ
3169 3967 3520 4020 ἀπεκώλυεν.
3571 3967 3635 4018 'H
3665 3963 3752 4034 μὲν

2194 4052 2302 4123 γὰρ
2361 4053 2495 4121 πρὸς
2537 4053 2780 4122 σταθμὸν
2836 4055 3145 4108 ἀπέϐλεπεν
3167 4055 3422 4126 ἔσχατον,
3467 4057 3562 4110 καὶ
3601 4052 3755 4125 μονὰς

507 4159 612 4212 ret,
641 4163 857 4217 pessum
903 4149 1104 4203 iturum
1134 4149 1428 4202 videretur.
1475 4149 1568 4201 Illa
1607 4163 1734 4202 vero
1771 4164 2084 4218 quanquam

2191 4143 2466 4209 διενοεῖτο,
2493 4145 2549 4195 ἐν
2579 4137 2667 4204 αἷς
2706 4144 2797 4196 τὸν
2825 4143 3104 4198 ἐπίλοιπον
3135 4149 3327 4215 χρόνον
3359 4148 3485 4217 μετ’
3509 4147 3754 4216 εὔφρονος

509 4253 707 4309 magno
741 4239 980 4308 pondere
1009 4240 1060 4292 in
1096 4239 1383 4294 secedendi
1417 4241 1804 4310 cogitationem
1847 4255 2086 4310 propen—

507 4330 690 4394 debat,
746 4331 992 4398 nihilque
1045 4331 1306 4386 libentius
1346 4346 1509 4400 quam
1563 4332 1954 4388 monasterium
2031 4333 2084 4384 in

507 4439 618 4492 quo
637 4423 760 4476 vitae
787 4423 1050 4492 reliquum
1079 4425 1260 4491 quiete
1285 4427 1610 4494 transigeret
1628 4441 1748 4482 cum
1774 4436 1953 4478 mente
1979 4425 2088 4493 agi-

512 4516 685 4577 tabat,
755 4522 870 4568 tum
910 4513 1196 4570 allectabat
1247 4516 1406 4581 rotis,
1447 4525 1623 4570 tamen
1656 4515 1923 4571 charitate
1969 4515 2082 4578 filii,

508 4621 616 4675 quo
660 4605 856 4660 aﬂ'ectu
887 4607 1020 4661 nulli
1075 4608 1362 4664 mulierum
1419 4609 1666 4672 cedebat,
1731 4607 2084 4662 vehementer

510 4698 895 4768 impellebatur
934 4699 999 4753 ad
1049 4699 1431 4755 conferendam
1481 4715 1644 4755 suam
1697 4713 1918 4766 operam
1969 4713 2084 4752 ma-

513 4804 674 4860 gnam
728 4805 844 4845 rem
895 4806 1173 4862 aggressa,
1224 4807 1527 4861 navemque
1569 4807 1670 4846 nec
1715 4791 1924 4844 ﬁrmam
1983 4805 2082 4844 nec

510 4881 832 4936 instructam
891 4883 1024 4938 satis
1069 4883 1224 4938 iratis
1274 4883 1410 4936 mari
1457 4883 1724 4950 coeloque,
1789 4897 1910 4936 cum
1940 4898 2081 4949 pra:-

508 4973 648 5026 senti
711 4974 954 5042 periculo
990 4974 1233 5044 .regenti
1289 4983 1458 5029 nato:
1535 4973 1834 5042 praesertim
1900 4973 2080 5026 adhuc

511 5063 620 5134 83
655 5065 959 5136 inexperto,
989 5082 1244 5136 nuncque
1269 5067 1504 5135 primum
1535 5065 1674 5120 istos
1701 5075 1914 5129 ventos,
1941 5063 2078 5118 istos

511 5155 712 5214 ﬂuctus
753 5159 1040 5226 sentienti,
1078 5160 1341 5219 nondum.
1381 5157 1630 5226 inquam,
1665 5171 1768 5212 usu
1801 5171 1982 5209 rerum
2024 5164 2080 5208 et

2191 4233 2453 4304 λογισμοῦ
2510 4233 2728 4288 ἐλκύσει
2782 4235 2876 4288 τοῦ
2923 4237 3063 4305 βίου.
3123 4239 3234 4292 Καὶ
3281 4239 3442 4293 ταῦτ’
3475 4241 3616 4293 ἐνόει
3669 4235 3755 4290 καὶ

2195 4325 2364 4396 ἑαυτῇ
2421 4326 2510 4378 διά
2561 4326 2760 4389 παντὸς
2801 4329 3072 4398 ἐπηύχετο
3127 4331 3448 4394 τεύξασθαι.
3520 4330 3656 4385 Ἀλλ’
3709 4329 3754 4379 εί

2193 4419 2289 4472 καὶ
2337 4419 2562 4472 τοιαῦτα
2611 4421 2752 4473 κατὰ
2805 4419 2930 4474 νοῦν
2989 4422 3438 4478 συνδιεσκοπεῖτο
3489 4425 3584 4478 καὶ
3627 4423 3756 4481 ὅλως

2190 4511 2326 4582 πρὸς
2377 4512 2710 4582 ὑψηλότερον
2768 4512 3040 4581 ἐνητένιζε
3093 4513 3229 4584 βίον,
3277 4516 3397 4569 ἀλλ’
3437 4513 3508 4585 ἦν
3555 4533 3616 4582 γε
3668 4511 3756 4564 καὶ

2191 4605 2446 4672 φιλόπαις
2511 4603 2672 4672 εἴπερ
2732 4619 2814 4668 τις
2881 4603 3013 4674 ἄλλη
3085 4607 3244 4675 γυνὴ,
3283 4607 3382 4660 καί
3435 4624 3556 4670 πως
3603 4604 3758 4676 ἠϐούο

2188 4696 2308 4750 λετο
2373 4695 2766 4762 συνδιενεγκεῖν
2822 4696 2959 4764 μετά
3018 4697 3112 4750 τοῦ
3169 4697 3284 4751 υίοῦ
3363 4698 3427 4751 τὸ
3495 4701 3597 4768 τῆς
3667 4693 3756 4764 βα-

2189 4787 2392 4850 σιλείας
2445 4787 2760 4851 κλυδώνιον,
2805 4789 2904 4840 καὶ
2959 4788 3427 4860 οὐριοδρομοῦσαν
3483 4791 3584 4860 τὴν
3633 4783 3758 4840 ναῦν

2184 4879 2216 4948 ἢ
2287 4879 2382 4932 καὶ
2463 4880 2804 4948 πανταχόθεν
2893 4879 3232 4951 βαλλομένην
3303 4883 3428 4944 τοῖς
3501 4881 3752 4948 κύμασιν,

2189 4965 2263 5028 ὡς
2346 4967 2541 5035 ἄριστα
2617 4967 3024 5036 οίακοστροφῶν
3075 4970 3120 5001 ⁹²
3190 4972 3284 5023 καὶ
3373 4970 3610 5039 μάλιστα
3665 4963 3790 5042 τοῦῙ

2190 5058 2378 5120 παιδὸς
2411 5058 2532 5128 ἄρτι
2565 5058 2660 5110 ἐπὶ
2704 5058 2802 5129 τὴν
2839 5060 3093 5130 πρύμναν
3135 5061 3483 5126 καθίσαντος,
3528 5059 3620 5114 καὶ
3653 5056 3754 5110 τῶν

2191 5149 2392 5202 οἰάκων
2423 5147 2606 5217 ἐφαψα
2617 5151 2803 5219 μένου,
2831 5151 2927 5204 καὶ
2961 5152 3132 5222 μήπω
3161 5151 3358 5224 πρώην
3399 5151 3637 5221 θαλάττῃ
3666 5145 3753 5200 καὶ

1552 5292 1742 5352 Variae
1773 5291 2077 5352 lectiones
2108 5303 2184 5348 ex
2215 5286 2357 5346 cod.
2399 5287 2668 5347 Coislin.

586 5419 629 5452 ⁸⁷
671 5421 952 5473 εὐσέϐειαν
977 5414 1046 5489 ἦν
1068 5419 1229 5472 πλέον
1261 5436 1332 5471 τι.
1405 5417 1450 5448 ⁸⁸⁵
1493 5415 1833 5485 βουλόμενος.
1907 5417 1954 5449 ⁸⁹
1978 5415 2109 5475 τοῖς.

514 5493 787 5562 στροφεῖν.

2183 5409 2231 5440 ⁹⁰
2255 5409 2461 5466 Desunt
2483 5427 2647 5468 voces
2667 5415 2766 5483 τὴν
2801 5413 3038 5486 μητέρα.
3130 5412 3174 5444 ⁹¹
3210 5408 3436 5464 ἑαυτοῦ.
3513 5413 3560 5442 ’³
3587 5408 3755 5460 οίακο-

1663 5607 1797 5665 Car.
1824 5605 2149 5668 Dufresnii
2185 5609 2281 5668 Du
2321 5603 2540 5684 Cangii
2575 5609 2759 5664 notae.

579 5729 1294 5802 (1)⁹Υψτινιὸτερον,ϐίον.
1363 5729 1492 5786 Vide
1569 5729 1874 5795 Zonaram,

1955 5747 2006 5800 p.
2058 5729 2184 5783 254.
