4068 6266
332 403 422 468 ιδι
1511 418 1925 481 ALEXlADIS
1967 425 2110 486 LIB.
2155 416 2288 481 III.-

3475 427 3582 489 ,τρε

335 517 544 586 κύμασι
571 521 676 572 καὶ
711 519 938 587 ἀνέμοις
967 523 1308 593 ὡμιληκότος
1340 529 1620 593 τοιούτοις.
1649 532 1835 586 Ταῦτα
1861 536 1917 586 δὲ

2030 537 2420 604 praeteritorum
2475 541 2734 593 mentm-ia
2785 537 3010 591 subacto
3053 546 3314 604 quantum
3368 551 3584 608 Oportet

337 610 590 676 λέγουσα,
638 610 745 678 τὴν
793 611 892 679 τῆς
941 611 1220 679 βασιλείας
1272 616 1580 686 αίνίττομαι
1627 621 1912 691 πολυμερῆ

341 703 427 758 καὶ
475 704 960 774 πολυτάρακτον⁹³
1005 707 1249 776 ὄχλησιν.
1312 710 1385 762 Τὸ
1432 711 1608 764 τοίνυν
1665 715 1915 783 μητρῷον

343 797 504 856 πάθος
530 799 790 866 κατεῖχεν
811 799 1002 866 αὐτὴν,
1023 801 1116 851 καὶ
1148 802 1574 873 συνδιεκυεέρνα
1600 805 1674 875 τῷ
1701 807 1801 875 υίῴ
1824 809 1916 861 καὶ

345 887 551 955 βασιλεί
582 889 678 940 καὶ
705 888 805 950 τὰς
834 888 992 958 ἡνίας
1040 889 1186 942 ἐστιν
1209 893 1342 943 ὅπου
1376 895 1466 946 καὶ
1504 896 1636 965 μόνη
1671 899 1917 966 παραλα-

346 979 531 1041 δθῦσαν
552 981 1027 1048 ἀπροσπταίστως
1048 1000 1106 1034 τε
1135 985 1224 1034 καὶ
1245 985 1649 1055 ἀναμαρτήτως
1676 990 1733 1040 τὸ
1764 992 1914 1059 ἅρμα

347 1068 429 1120 τοῦ
469 1069 715 1138 κράτους
749 1068 1117 1140 ἥλαυνενῘΗν
1151 1077 1260 1141 γὰρ
1301 1079 1396 1128 καὶ
1431 1081 1713 1148 φρενήρης
1736 1081 1912 1144 ἄλλως

348 1161 431 1213 καὶ
481 1160 761 1230 βασίλειος
794 1165 988 1232 γνώμη
1031 1166 1354 1236 αὐτόχρημα
1389 1170 1481 1220 καὶ
1535 1169 1737 1240 θρόνων
1786 1189 1917 1224 κατ.

348 1252 573 1320 ἇρθωσις
604 1269 620 1284 ο
657 1254 909 1307 ἀνθεῖλκε
942 1255 998 1307 δὲ
1039 1257 1246 1327 ταύτην
1291 1261 1352 1311 ὲκ
1384 1260 1611 1326 θατέρου
1644 1263 1737 1315 καὶ
1762 1264 1788 1313 ὁ
1820 1263 1916 1315 πό-

347 1342 430 1404 θος
481 1343 510 1395 ὁ
565 1344 707 1413 πρὸς
760 1345 914 1400 Θεόν.
959 1348 1111 1400 Ἐπεὶ
1166 1349 1222 1402 δὲ
1277 1353 1419 1403 κατὰ
1467 1352 1558 1405 τὸν
1607 1354 1915 1422 Αὔγουστον

347 1434 491 1499 μῆνα
535 1435 614 1504 (2)
641 1437 1024 1505 ὲπινεμήσεως
1071 1439 1172 1507 τῆς
1221 1442 1387 1511 αὐτῆς
1442 1442 1520 1495 ἔτι
1553 1445 1849 1515 τρεχούσης
1881 1449 1914 1515 ἡ

348 1525 438 1577 τοῦ
481 1527 830 1596 Ῥομπέρτου
873 1529 1267 1597 διαπεραίωσις
1300 1534 1490 1586 τοῦτον
1516 1535 1755 1599 ἐξελθεῖν
1787 1555 1917 1590 κατ-

347 1619 683 1687 ηνάγκαζεν,
745 1623 826 1683 εἰς
857 1623 975 1690 φῶς
1009 1624 1108 1694 ἤδη
1144 1627 1238 1678 καὶ
1288 1627 1449 1695 ἔργον
1502 1627 1562 1679 τὸ
1599 1630 1696 1692 τῆς
1742 1629 1918 1698 ψυχῆς

346 1711 586 1781 ἐννόημα
642 1712 888 1781 ἐξάγων,
941 1716 1040 1785 τὴν
1088 1718 1468 1788 αὐτοκράτορα
1526 1720 1790 1788 διοίκησιν
1849 1725 1914 1792 τῇ

342 1804 514 1875 μητρὶ
533 1807 627 1860 καῖ
651 1808 788 1878 μόνῃ
815 1809 1266 1878 ἀπεκληρώσατο,
1295 1812 1389 1864 καὶ
1417 1813 1501 1866 διὰ
1523 1815 1914 1883 χρυσοόούλλου

2017 628 2083 680 ad
2141 629 2496 697 multiplicem
2543 637 2598 683 et
2643 631 2871 698 spissam
2921 630 3146 698 publicae
3185 633 3261 684 rei
3318 648 3585 696 procura-

2020 716 2253 776 tionem,
2301 716 2354 769 in
2391 726 2543 769 tanto
2575 717 2802 782 imperio
2836 726 3054 784 tatnque
3085 718 3224 770 male
3256 717 3470 780 allecto,
3522 736 3586 776 ac

2020 812 2096 856 tot
2124 805 2364 874 undique
2384 805 2660 871 tantisque
2683 804 2938 859 hostibus
2957 813 3186 858 tentato.
3211 803 3389 858 Evicit
3416 806 3584 874 igitur

2022 906 2303 949 maternus
2335 911 2487 948 amor
2528 905 2588 948 ut
2621 896 2964 949 commodare
2999 911 3216 949 manum
3255 896 3364 949 t'ilio
3412 907 3582 950 mater

2017 989 2081 1038 ad
2150 987 2392 1041 habenas
2443 988 2656 1056 imperii
2714 989 3043 1050 tractandas,
3095 989 3383 1057 ipsumque.
3421 989 3581 1058 quasi

2015 1093 2238 1130 currum
2295 1078 2609 1147 reipublicae
2652 1079 2856 1146 aurigae
2909 1080 3081 1133 vicem
3139 1081 3257 1147 ipsa
3305 1079 3576 1132 interdum

2019 1169 2136 1222 sola
2192 1170 2356 1221 vellet
2410 1170 2660 1231 incitare,
2713 1170 2981 1223 inoffenso
3033 1185 3197 1223 cursu
3255 1185 3471 1237 semper
3518 1183 3583 1220 ac

2016 1276 2300 1329 prospero.
2344 1260 2474 1314 Erat
2507 1261 2650 1313 enim
2686 1261 3117 1329 prudentissima
3151 1271 3204 1314 et
3238 1263 3420 1330 regnis
3454 1269 3581 1314 nata

2019 1353 2394 1408 moderandis.
2429 1355 2722 1422 Postquam
2762 1361 2944 1406 autem
2975 1353 3220 1407 nuntiata
3265 1369 3454 1407 mense
3483 1356 3585 1406 Au-

2020 1456 2183 1513 gusto
2237 1447 2512 1499 currentis
2569 1447 2745 1499 adhuc
2796 1446 3114 1500 indictionis
3177 1446 3478 1516 irruptione
3521 1461 3585 1500 ac

2021 1536 2343 1608 traiectione
2368 1536 2586 1589 lioberti
2620 1538 2736 1605 cogi
2768 1552 2824 1590 se
2859 1538 2921 1588 ad
2955 1536 3333 1604 prodeundum
3387 1537 3460 1588 illi
3491 1537 3587 1589 ob-

2022 1628 2164 1682 viam
2195 1643 2318 1680 cum
2353 1628 2526 1694 copiis
2556 1629 2726 1702 sensit
2756 1629 3002 1688 Alexius,
3028 1635 3300 1682 maturum
3348 1627 3401 1681 id
3448 1637 3585 1680 tem-

2023 1738 2124 1792 pus
2177 1729 2332 1775 ratus
2387 1722 2571 1774 arcani
2625 1722 2890 1774 hactenus
2935 1723 3020 1776 sui
3077 1723 3143 1775 de
3198 1733 3371 1776 matre
3423 1725 3586 1776 rebus

2025 1815 2365 1886 przeticienda
2395 1815 2605 1868 consilii
2636 1814 2900 1882 prodendi
2933 1815 3296 1883 patrandique
3318 1855 3331 1875 ,
3359 1830 3584 1868 auream

342 1896 501 1962 λόγου
529 1895 598 1948 τὰ
633 1897 1037 1969 βεϐουλευμένα
1065 1903 1144 1960 είς
1175 1899 1452 1972 προῦπτον
1487 1907 1621 1958 πᾶσι
1647 1908 1914 1976 κατέστη-

2030 1906 2194 1974 palam
2253 1905 2452 1958 bullam
2511 1905 2687 1958 edidit
2735 1920 2840 1972 qua
2898 1906 3056 1958 matri
3105 1920 3217 1957 sure
3265 1905 3355 1957 nui
3410 1905 3587 1956 admi-

343 2003 456 2044 σεν.
504 1985 664 2040 Ἐπεὶ
695 1988 752 2041 δὲ
785 1989 878 2043 τὸν
925 1993 1164 2062 ἱστορίαν
1234 1997 1616 2063 συγγράφοντα
1651 1998 1712 2050 οὐ
1742 2017 1914 2068 παχυ-

344 2079 530 2148 μερῶ;
561 2080 666 2142 τὰς
687 2081 797 2134 τῶν
823 2083 1042 2148 ἀγαθῶν
1078 2085 1286 2154 ἀνδρῶν
1338 2089 1566 2155 πράξεις
1597 2091 1689 2142 καὶ
1719 2091 1784 2144 τὰ
1821 2093 1914 2143 θε-

344 2171 636 2240 σπίσματα
669 2175 1066 2244 παραπέμπειν
1115 2177 1254 2248 χρὴ,
1289 2179 1422 2232 ἀλλὰ
1452 2181 1550 2244 τὰς
1600 2182 1698 2250 μὲν
1754 2201 1918 2236 κατα-

343 2263 637 2316 λεπτύνειν
661 2264 736 2326 ὡς
764 2265 903 2330 ἐνὸν,
957 2268 1024 2318 τὰ
1055 2269 1098 2321 δ’
1124 2270 1347 2334 ἐκείνοις
1376 2271 1674 2340 δεδογμένα
1705 2273 1917 2325 ἐκτίθε-

343 2350 496 2414 σθαι,
565 2354 688 2421 είμὶ
707 2355 752 2385 ⁸⁸
781 2356 878 2406 καὶ
913 2357 1052 2424 αὐτὴ
1111 2359 1302 2411 τοῦτον
1347 2360 1436 2413 τὸν
1482 2361 1683 2428 τρόπον
1726 2363 1792 2414 τὰ
1827 2363 1920 2414 τοῦ

341 2443 613 2512 ῥηθέντος
643 2447 1044 2514 χρυσοὸοὑλλου
1104 2451 1471 2522 ὲκθησομένη,
1513 2453 1612 2516 τὰς
1645 2454 1739 2506 τοῦ
1792 2472 1924 2524 γρα-

342 2535 491 2598 φέως
533 2537 702 2604 μόνον
732 2537 1002 2607 κομψείας
1021 2543 1067 2574 ⁸⁸
1099 2543 1422 2612 περιελοῦσα
1446 2559 1462 2575 ο
1499 2543 1610 2614 ἔχει
1635 2545 1690 2597 δὲ
1729 2543 1921 2607 οὕτως.

341 2624 635 2697 Jocunque
699 2632 977 2688 indicasse
1055 2638 1347 2698 contenti,
1432 2638 1594 2691 etiam

342 2735 497 2789 opert

1702 2639 1836 2705 ipsis
1912 2640 2133 2693 aeternis
2210 2647 2375 2694 tanta:

599 2723 907 2790 pleniorem
988 2729 1108 2798 ejus
1182 2728 1696 2799 distinetioremque
1767 2731 2017 2785 notitiam
2103 2731 2406 2801 posteritati
2485 2733 2922 2786 transmittamus

2024 1997 2405 2050 nistrationcm
2464 1996 2674 2064 plenam
2715 2010 2894 2048 rerum
2934 1995 3146 2062 imperii
3202 1995 3425 2047 univers
3464 2009 3584 2046 rmn

2028 2085 2304 2139 attribuit.
2343 2087 2612 2151 Quoniam
2648 2102 2773 2140 vero
2806 2086 2874 2139 ad
2902 2084 3140 2140 omnium
3192 2085 3435 2138 historici
3469 2101 3592 2152 per-

2027 2178 2163 2230 tinet
2217 2193 2324 2230 non
2391 2177 2566 2231 solum
2621 2176 2910 2244 designare
2973 2178 3284 2230 summatim
3343 2176 3588 2229 consulta

2027 2278 2292 2338 gestaque
2369 2271 2613 2323 virorum
2676 2270 3102 2338 pra-stantium,
3160 2285 3346 2321 verum
3424 2268 3587 2322 etiam

2029 2361 2082 2412 in
2169 2361 2236 2414 iis
2327 2361 2582 2415 subtilius
2678 2361 3128 2429 enucleatiusque
3219 2360 3589 2415 edisserendis

2029 2453 2291 2506 exactiori
2350 2454 2634 2523 diligentia
2701 2453 2908 2508 versari
2962 2469 2978 2507 :
3037 2467 3135 2521 age
3191 2468 3294 2506 nos
3375 2465 3594 2521 quoque

2034 2548 2182 2614 pium
2231 2547 2404 2600 Alexii
2474 2545 2726 2600 aﬂ‘ectum
2786 2544 2843 2596 in
2900 2555 3126 2598 matrem
3192 2559 3298 2597 non
3361 2559 3595 2612 quomo-

2471 2641 2549 2693 rei
2619 2637 2992 2692 monumentis
3082 2637 3397 2692 intexendis
3470 2637 3598 2690 huic

3014 2729 3380 2799 descriptione
3439 2728 3594 2784 istius

342 2811 520 2880 ipsius
584 2812 748 2866 bullae
805 2830 986 2870 aurea:
1013 2856 1028 2882 ,
1078 2833 1244 2887 quam
1289 2819 1378 2874 hic
1444 2821 1707 2891 deinceps
1744 2837 1867 2875 cum
1911 2819 2011 2874 ﬁde
2053 2823 2354 2888 reddimus,
2394 2822 2668 2891 superﬂuo
2733 2823 3002 2877 duntaxat
3075 2821 3361 2891 scriptoris
3399 2832 3597 2876 ornata

343 2907 625 2962 detracto.

348 3026 428 3077 τὰ
471 3024 584 3077 τοῦ
624 3025 1096 3090 χρυσοὸούλλου
1132 3024 1242 3077 τοῦ
1295 3027 1612 3092 γεγονότος
1647 3027 1774 3091 περ)
1813 3024 1923 3092 τῆς

378 3092 742 3159 διοικήσεως
762 3095 880 3147 τῶν
897 3094 1116 3148 κοινῶν
1139 3095 1211 3163 τῇ
1233 3096 1409 3164 μητρί
1434 3097 1538 3149 τοῦ
1556 3097 1884 3161 βαδιλέως.

428 3271 598 3322 Οὐδὲν
644 3271 950 3324 ἰσοστάσιον
1009 3282 1214 3342 μητρὸς
1257 3272 1577 3342 συμπαοοῢς
1623 3275 1716 3327 καὶ
1776 3274 1926 3344 φιλὸ-

2017 3020 2177 3075 Bulla
2229 3035 2392 3071 aurea
2422 3019 2756 3083 imperatoris
2790 3017 2964 3068 Alexii
2987 3017 3262 3076 Conmem‘,
3299 3031 3404 3084 qua
3429 3024 3592 3066 mam

2089 3107 2198 3144 sua:
2253 3089 2460 3155 plenam
2524 3098 2834 3155 potestatem
2889 3087 3070 3138 tribuit
3132 3102 3308 3137 rerum
3379 3085 3594 3151 imponi

2090 3158 2658 3212 administrandarnnt.

2097 3275 2242 3328 Nihil
2283 3272 2654 3341 comparabile
2689 3270 2844 3323 bona:
2877 3269 3034 3320 matri
3072 3278 3124 3321 et
3161 3269 3301 3321 bona
3345 3270 3598 3336 malaque

354 3366 542 3428 παιδος
569 3405 582 3424 ,
612 3362 740 3416 οὗτε
771 3363 979 3432 ταύτης
1027 3365 1372 3434 ἰσχυρότερον
1400 3367 1786 3436 φυλακτήριον,
1826 3369 1925 3420 κᾶν

2033 3387 2145 3422 sua-
2174 3368 2344 3436 prolis
2372 3366 2592 3419 ducenti
2629 3364 2848 3433 prOpria
2877 3380 2893 3429 ;
2928 3363 3134 3416 nullum
3167 3363 3259 3415 illo
3297 3365 3594 3415 amnletutu

355 3456 596 3517 κίνδυνος
655 3457 980 3524 προορᾶται,
1033 3456 1136 3508 κᾶν
1185 3457 1312 3510 ἄλλο
1356 3475 1408 3508 τι
1441 3458 1548 3508 τῶν
1580 3459 1930 3511 ἁπευκταίων

358 3547 628 3612 λογίζοιτο
677 3544 1023 3616 [ὲλπίζοιτο].
1084 3547 1144 3600 El
1207 3550 1318 3618 γὰρ
1383 3547 1732 3616 βουλεύσεται
1769 3550 1927 3619 αὕτη,

359 3639 552 3706 τ-άγιον
583 3641 740 3690 ἔσται
768 3641 826 3692 τὸ
863 3639 1137 3708 βούλευμα
1165 3658 1180 3672 ο
1211 3643 1260 3692 εἰ
1295 3643 1617 3708 ἐπεύξεται,
1641 3619 1932 3714 ’στήριγμα

359 3730 568 3784 ἔσονται
605 3734 664 3784 αἱ
705 3733 863 3802 εὐχαὶ
895 3735 985 3785 καὶ
1017 3733 1259 3800 φύλακες
1301 3735 1760 3802 ἁκαταγὼνιστοι.
1813 3739 1934 3788 Τοι-

360 3823 494 3892 αύτη
529 3823 668 3890 γοῦν
699 3825 794 3877 καὶ
828 3828 892 3892 τῇ
925 3825 1172 3897 βασιλείᾳ
1211 3845 1312 3895 μου
1384 3828 1556 3897 ἐφάνη
1575 3830 1621 3860 ⁸⁸
1668 3829 1727 3890 ἐξ
1761 3829 1932 3895 αὐτῆς

361 3916 456 3977 τῖς
478 3916 710 3977 ἀτελοῦς
733 3917 951 3985 ἡλικίας
978 3920 1303 3986 πρακτικῶς
1355 3921 1387 3988 ὴ
1416 3920 1723 3988 ἡγιασμένη
1753 3919 1934 3987 μήτγτρ

359 4007 524 4075 αὐτῆς
592 4009 690 4060 καὶ
743 4007 1040 4074 δέσποινα,
1069 4011 1136 4062 τὰ
1192 4011 1366 4064 πάντα
1405 4029 1497 4079 μοι
1530 4015 1804 4079 γεγονυῖα,
1839 4013 1934 4063 καὶ

361 4103 560 4170 τροφὸς
614 4101 713 4152 καὶ
767 4102 1070 4167 ἀναγωγός.
1136 4104 1246 4154 Καὶ
1300 4102 1410 4172 γὰρ
1459 4103 1536 4170 τῷ
1587 4102 1935 4170 συγκλητικῷ

359 4193 652 4261 καταλόγῳ
679 4193 848 4258 αὐτῆς
882 4191 1170 4260 συνούσης,
1195 4195 1398 4265 μητρὸς
1417 4195 1579 4256 πόθος
1600 4195 1931 4263 προέδραμε,

361 4285 454 4336 καὶ
485 4284 604 4336 υἱοῦ
643 4284 826 4346 πίστις
867 4284 1103 4352 ἀκεραία
1153 4287 1514 4356 συνετηρήθη.
1545 4287 1655 4339 Μία
1687 4285 1831 4354 ψυχὴ
1877 4288 1934 4339 ἐν

362 4376 714 4446 διῃρημένοις
751 4375 1003 4445 σώμασιν
1037 4375 1422 4444 διεγνώσθηθτ,
1459 4381 1553 4432 καὶ
1579 4381 1762 4450 χάριτι
1797 4381 1935 4450 Χρι-

365 4471 486 4524 sto-3
515 4471 702 4532 καλῶς
733 4471 1030 4541 διετηρήθη
1075 4471 1234 4540 μέχρι
1268 4471 1362 4524 τοῦ
1389 4473 1502 4536 νῦν,
1532 4476 1593 4526 οὐ
1625 4473 1684 4524 τὸ
1713 4472 1866 4541 ἐμὸν,
1900 4473 1931 4540 ἦ

365 4565 422 4614 τὸ
453 4562 568 4625 σὺν,
595 4563 657 4613 τὸ
698 4561 908 4630 ψυχρὸν
948 4559 1108 4612 τοῦτο
1144 4562 1291 4630 ῥῆμα
1326 4563 1529 4632 ἐρρήθη
1559 4603 1572 4626 ,
1619 4563 1713 4615 καὶ
1759 4563 1818 4614 τὸ
1871 4561 1934 4631 δὴ

367 4653 570 4721 μεῖζον,
623 4653 707 4706 ὅτι
743 4653 799 4704 at
836 4651 1008 4720 αὐτῆς
1032 4651 1190 4720 εὐχαὶ
1221 4651 1312 4703 τὸν
1352 4652 1528 4704 πάντα
1572 4654 1765 4722 χρόνον
1800 4652 1936 4722 πλη-

365 4745 653 4812 θυνόμεναι
678 4745 757 4805 εἰς
784 4743 854 4795 τὰ
882 4736 997 4795 ὦτα
1020 4742 1222 4810 Κυρίου
1251 4743 1554 4806 εἰσέδυσαν,
1583 4744 1676 4796 καὶ
1707 4747 1786 4804 είς
1807 4744 1926 4795 τόδε
1963 4728 2008 4783 Ῑ)

365 4838 423 4889 τὸ
450 4838 560 4899 ἔτος
583 4838 629 4869 ⁸⁸
660 4836 761 4905 τῆς
789 4835 1069 4902 βασιλείας
1088 4837 1292 4904 ἡμᾶς⁹⁹
1325 4837 1622 4905 ἀνήγαγον.
1643 4837 1785 4888 Ἀλλ’
1808 4837 1934 4888 ἐπεὶ

367 4929 462 4984 καὶ
502 4930 642 4997 μετὰ
691 4929 752 4982 τδ
809 4927 1168 4982 ἐπιλαϐέσθαι
1214 4929 1323 4980 τῶν
1354 4928 1452 4997 τῆς
1487 4928 1764 4998 βασιλείας
1799 4928 1935 4997 σκή-

366 5041 550 5092 πτρων
580 5025 681 5076 οὐκ
707 5022 875 5090 ἔφερε
911 5021 988 5089 μὴ
1024 5021 1443 5090 συμπονουμένη
1507 5021 1704 5089 ἐπίσης
1732 5022 1798 5089 τῇ
1840 5019 1935 5088 βα-

366 5115 540 5185 σιλείᾳ
574 5133 700 5183 μου,
739 5116 833 5167 καὶ
862 5113 959 5167 τοῦ
987 5112 1364 5181 συμφέροντος
1417 5113 1554 5182 αὑτὴ
1597 5112 1932 5181 ἀντεχομένη

2035 3460 2458 3530 praesidiumque
2494 3455 2772 3524 potentius
2798 3472 2810 3507 :
2840 3470 2935 3508 seu
2971 3455 3286 3522 providetur
3313 3454 3599 3507 imminens

2036 3554 2361 3620 periculum,
2391 3567 2484 3605 seu
2509 3552 2665 3604 triste
2697 3548 2897 3617 aliquid
2926 3559 3017 3601 aut
3044 3547 3316 3600 illa-labile
3353 3546 3596 3598 timetur.

2034 3646 2312 3714 Siquidem
2352 3644 2441 3696 illa
2465 3643 2576 3695 sive
2611 3644 2662 3694 in
2698 3641 2924 3710 periculi
2969 3639 3285 3708 provisione
3306 3636 3596 3689 consilium

2035 3734 2393 3806 suggesserit,
2451 3732 2562 3786 erit
2622 3733 2672 3784 id
2732 3732 2945 3783 ﬁrmum
3001 3737 3055 3783 et
3101 3727 3289 3781 ellicax
3323 3745 3336 3780 :
3373 3727 3486 3779 sive
3531 3725 3596 3776 ad

2037 3830 2238 3882 malum
2279 3825 2576 3881 arcendqu
2616 3826 2855 3877 humana
2896 3823 2946 3874 vi
2987 3821 3266 3888 potentius
3305 3835 3498 3888 preces
3529 3819 3597 3870 ad

2037 3919 2203 3971 Deum
2237 3932 2302 3970 ac
2325 3925 2449 3969 vota
2483 3914 2766 3976 direxerit,
2789 3921 2952 3966 erunt
2974 3927 3033 3964 ea
3067 3911 3242 3963 instar
3273 3910 3597 3964 invictorum

2037 4009 2335 4065 satellitum
2363 4008 2626 4060 adversus
2659 4004 2978 4074 quantasvis
3010 4002 3240 4054 insidias
3287 4002 3452 4053 latera
3489 3999 3599 4052 uti-

2037 4116 2143 4169 que
2175 4114 2238 4152 ac
2265 4101 2498 4153 salutem
2528 4100 2846 4150 tutantium.
2877 4095 2929 4147 Id
2959 4094 3094 4146 adeo
3122 4092 3454 4160 experientia
3498 4105 3597 4143 nos

2039 4195 2144 4263 ipsi
2189 4195 2348 4263 longa
2389 4191 2780 4260 comperimus,
2833 4189 2884 4242 in
2919 4197 3127 4241 saneta:
3158 4201 3220 4239 ac
3272 4183 3600 4238 venerabilis

2039 4287 2285 4356 parentis
2338 4293 2538 4339 nostra:
2587 4297 2650 4335 ac
2701 4280 2935 4334 dominae
2977 4278 3314 4346 providentia
3352 4289 3521 4342 usque
3571 4288 3598 4323 a

2039 4380 2214 4448 prima
2242 4375 2464 4430 a’tatula
2503 4374 2565 4426 ad
2617 4373 2759 4424 hanc
2805 4369 2950 4422 diem
2999 4369 3236 4421 educati.
3291 4365 3409 4417 llaec
3456 4363 3598 4416 enim

2041 4471 2249 4530 nutrix,
2271 4469 2382 4521 haec
2411 4464 2740 4524 institutrix,
2775 4465 2889 4516 lure.
2917 4477 3024 4515 una
3052 4464 3210 4528 plane
3239 4460 3417 4512 omnia
3448 4455 3599 4510 nob‘s

2042 4562 2167 4614 fuit.
2199 4560 2381 4625 Quare
2409 4571 2532 4611 cum
2572 4554 2661 4606 illa
2698 4567 2798 4604 nos
2827 4568 2892 4606 ex
2935 4567 3035 4605 suo
3068 4552 3189 4604 sinu
3250 4549 3302 4600 in
3353 4559 3600 4600 senatum

2043 4668 2105 4704 ac
2142 4649 2456 4719 reipublicze
2483 4646 2864 4700 tractationem
2904 4644 3012 4712 jam
3045 4645 3252 4696 solutos
3287 4641 3600 4706 emancipa-

2043 4757 2232 4811 tosque
2261 4741 2584 4800 dimitteret,
2619 4753 2725 4791 non
2761 4749 2943 4791 tamen
2999 4735 3135 4788 tanti
3173 4733 3295 4800 ejus
3332 4732 3599 4784 hactenus

2044 4835 2275 4904 impensi
2310 4835 2513 4888 amoris
2542 4830 2791 4885 oblivisci
2841 4844 2942 4883 nos
2974 4838 3068 4881 aut
3105 4824 3352 4892 obsequii
3388 4835 3602 4887 semper

2044 4927 2119 4980 illi
2156 4926 2320 4981 debiti
2372 4925 2671 4994 potuimus,
2714 4922 2806 4976 sed
2857 4920 3171 4989 praecedens
3212 4917 3399 4969 matris
3451 4927 3602 4966 amor

2043 5029 2476 5088 consequente-tn
2506 5032 2569 5070 ac
2601 5013 3020 5081 respondentem
3071 5011 3257 5063 habuit
3287 5007 3376 5060 lilii
3431 5004 3598 5072 pieta~

2044 5121 2175 5172 tem,
2205 5113 2461 5164 omnibus
2500 5110 2620 5163 lidei
2650 5107 2762 5177 84
2803 5106 3078 5173 oliiciique
3125 5110 3378 5154 testatum
3430 5096 3604 5149 docu-

1399 5223 1603 5284 Variaa
1645 5221 1951 5284 lectiones
1990 5239 2066 5282 ex
2103 5222 2241 5280 col.
2275 5219 2542 5279 Coislin.

436 5331 484 5402 cf
514 5314 841 5402 ἐτολύτεχνον
876 5329 990 5402 3:11
1021 5326 1420 5397 πολυτάραχον.

1514 5322 1716 5398 ’δεῖμα

368 5406 408 5437 ’⁸
441 5401 597 5458 Deest
630 5399 733 5456 vos
778 5399 952 5469 ἡμᾶς.

1793 5329 1838 5360 ⁸⁵
1867 5325 2124 5397 κομψίας.

2231 5326 2276 5357 ³⁸
2312 5327 2470 5379 Deest
2503 5337 2602 5375 vox
2625 5320 2820 5388 ἐφάνη.
2929 5319 2973 5350 ³⁷
2998 5312 3267 5382 ἐγνώσθη.
3368 5309 3414 5340 ’⁸
3446 5305 3598 5374 ὕψος.

1438 5487 1576 5546 Car.
1613 5482 1934 5545 Dufresnii
1962 5484 2058 5544 Du
2088 5480 2304 5556 Cangii
2350 5488 2532 5541 notae.

436 5593 512 5666 (2)
565 5593 728 5646 Κατὰ
766 5591 879 5666 τὸν
918 5589 1270 5666 Αὔγουστον
1292 5586 1476 5656 μῆνα.
1514 5585 1765 5666 Eon‘sibi
1790 5600 1928 5666 _con-

369 5653 612 5719 sta‘t'hoc
633 5666 758 5718 loco
793 5665 980 5714 Anna.
1011 5653 1139 5710 Nam
1180 5659 1270 5712 lib.
1293 5653 1335 5719 ἰ,
1365 5653 1487 5725 pag.
1514 5657 1600 5717 57,
1621 5653 1929 5725 Brundusio

372 5735 591 5788 solvisse
648 5734 957 5786 llobertum
1006 5735 1188 5780 narrat
1236 5728 1336 5779 sub
1369 5723 1638 5787 ili-emem,
1693 5725 1806 5776 sole
1859 5723 1924 5775 ad

372 5805 648 5860 Australes
683 5800 936 5859 circulos
980 5808 1034 5853 et
1069 5796 1459 5863 Capricornum
1507 5803 1782 5862 vergente.
1828 5791 1924 5845 llic

2042 5597 2192 5641 vero,
2225 5588 2276 5632 et
2313 5595 2432 5648 pag.
2468 5580 2555 5639 98.
2587 5581 3056 5648 Augustomcnse,
3091 5572 3182 5624 lib.
3222 5589 3292 5630 iv,
3329 5588 3449 5639 pag.
3474 5569 3600 5633 10-2,

2040 5650 2181 5709 105,
2240 5644 2478 5702 διιῐίἰῚῚ
2530 5644 2777 5706 die,'ea
2835 5644 2948 5710 ipsa
3001 5659 3104 5708 qua
3154 5651 3453 5695 coronatus
3517 5650 3602 5693 est

2032 5720 2254 5772 Alexius
2319 5718 2619 5774 indictione
2653 5717 2705 5769 4.
2753 5711 2884 5767 Vide
2927 5711 3305 5776 Malaterram,
3356 5712 3449 5764 lib.
3501 5724 3597 5771 tu,

2027 5805 2147 5858 cap.
2180 5789 2269 5842 21.
