4068 6266
523 421 638 484 283

1819 421 2046 482 ΑΝΝίΕ
2087 422 2475 482 (ΞΟΜΝΕΝᾹΞ

3663 424 3768 486 984

527 531 750 588 mentis.
791 529 946 588 Unus
975 547 1195 597 sensus,
1230 548 1336 586 una
1369 535 1689 594 concordia,
1726 551 1832 590 una
1885 536 1938 590 in
1977 551 2098 589 cor-

2207 535 2295 588 καὶ
2325 532 2418 585 τοῦ
2453 531 2652 593 κοινοῦ,
2685 531 3082 602 ἐτοιμαζομένη
3108 532 3162 585 δὲ
3191 535 3289 605 ἤδη
3319 538 3346 606 ἡ
3387 535 3636 604 βασιλεία
3665 555 3770 605 μου

525 625 752 693 poribus
815 624 998 678 anima
1066 624 1281 679 duobus
1338 642 1620 695 perspecta
1691 643 1907 697 semper
1975 639 2100 694 est,

499 716 893 786 .eharitasque
935 733 1030 786 per
1061 718 1266 772 Christi
1317 720 1547 786 gratiam
1607 729 1760 774 tanta
1807 723 1949 774 inter
1996 735 2101 776 nos

527 807 796 862 hactenus
835 817 1052 878 tamque
1085 809 1180 863 fuit
1223 809 1436 877 integre
1475 819 1689 866 servata
1729 819 1786 864 ut
1821 827 1922 866 nec
1950 827 2089 867 sono

529 907 690 954 tenus
719 907 882 966 atque
911 900 1153 962 aurium,
1186 901 1467 956 mentione
1500 905 1602 954 mei
1654 917 1716 955 ac
1766 902 1865 967 tui,
1915 902 2096 970 [rigidi

528 991 683 1046 illius
713 991 886 1054 verbi,
929 994 1218 1060 perstricta
1273 1009 1512 1062 unquam
1573 994 1854 1064 libataque
1909 995 2094 1049 fuerit.

527 1077 697 1148 Cujus
739 1082 818 1135 rei
853 1096 976 1136 cum
1011 1083 1149 1137 alios
1199 1083 1410 1138 fructus
1445 1086 1710 1153 cepimus,
1769 1094 1882 1138 tum
1941 1086 2095 1138 illum

530 1171 880 1228 maximum:
933 1177 1081 1243 quod
1130 1190 1253 1228 cuni
1297 1177 1444 1230 illam
1505 1177 1677 1230 nostri
1733 1153 1974 1230 cbaritas
2032 1175 2099 1228 ad

529 1271 650 1316 vota
689 1265 936 1320 facienda
965 1283 1062 1336 pro
1099 1268 1260 1324 nobis
1301 1283 1598 1337 precesque
1629 1251 1902 1338 'religione
1935 1277 2101 1336 atque

525 1357 705 1415 oﬂicio
772 1361 1030 1418 incensas
1093 1365 1232 1432 apud
1282 1364 1451 1418 Deum
1515 1364 1738 1418 assidue
1797 1364 2104 1418 fundendas

2207 625 2304 676 σὺν
2337 623 2456 692 Θεῷ
2487 621 2624 692 πρὸς
2647 621 2746 690 τὴν
2779 623 2919 676 κατά
2948 624 3054 676 τῶν
3085 626 3296 695 ἐχθρων
3321 628 3418 695 τῆς
3459 627 3770 695 Ῥωμανίας

2203 714 2499 778 ἑξέλευσιν,
2541 714 2630 767 διὰ
2682 714 2964 782 φροντίέος
3015 717 3114 784 μὲν
3167 717 3370 786 πολλῆς
3402 721 3642 772 ποιεῖται
3678 721 3770 772 καὶ

2200 809 2299 876 τὴν
2331 805 2854 875 τοῦῗστρατιωτικοῦ
2901 807 3164 875 συλλογήν
3191 825 3250 860 τε
3283 809 3378 861 καὶ
3409 809 3768 878 διευθέτησιν,

2199 899 2299 950 οὐκ
2331 897 2615 967 ἐλάχιστον
2643 898 2699 950 δὲ
2723 896 2928 964 ταύτης
2967 898 3278 965 νενόμισται
3329 899 3424 950 καὶ
3450 900 3481 966 ἡ
3509 901 3638 968 περὶ
3671 901 3774 966 τῆς

2199 988 2306 1043 τῶν
2351 988 2679 1058 σεκρετικῶν
2717 989 2793 1058 (3)
2838 1007 2899 1040 τε
2948 991 3042 1042 καὶ
3101 990 3394 1042 πολιτικῶν
3427 992 3772 1060 πραγμάτῶν

2199 1087 2520 1153 διοικήσεως
2551 1087 2792 1156 φροντίς.
2827 1081 2967 1156 Εὗρε
3014 1086 3145 1154 γοῦν
3178 1082 3289 1139 οἷον
3339 1087 3772 1156 ἀριστοκρατίας

2205 1177 2662 1231 ἀνεπιϐούλευτον
2697 1178 2961 1248 ὀχύρωμα
2983 1215 2998 1241 ,
3027 1179 3102 1241 ὡς
3135 1179 3201 1230 ἂν
3223 1181 3290 1248 τῇ
3323 1179 3635 1248 ἡγιασμένη
3681 1179 3773 1231 καὶ

2205 1269 2652 1341 πανεντιμοτάτῃ
2681 1270 2852 1340 μητρὶ
2877 1269 3050 1340 αὐτῆς
3073 1270 3307 1341 ἀνατεθῇ
3327 1272 3360 1341 ἡ
3389 1270 3497 1323 τῶν
3517 1270 3774 1322 ἁπάντων

2203 1359 2487 1430 διοίκησις.

526 1451 824 1519 impulerit,
869 1455 960 1518 iis,
994 1464 1051 1510 ut
1082 1457 1168 1524 pie
1201 1458 1506 1522 credimus,
1556 1467 1843 1511 exoratum
1881 1455 2103 1512 cteleste
2141 1469 2345 1510 numen
2376 1469 2475 1508 nos
2498 1453 2550 1507 in
2580 1453 2743 1508 istum
2775 1452 2984 1521 imperii
3011 1453 3218 1522 apicem
3244 1455 3458 1509 extulit.
3529 1455 3604 1508 Ex
3669 1467 3776 1522 quo

527 1545 616 1599 illa
647 1558 894 1614 tempore
929 1563 1204 1614 nunquam
1237 1549 1495 1612 cessavit,
1531 1549 1690 1617 quasi
1747 1559 1808 1603 ut
1897 1549 2140 1624 priorem
2183 1546 2576 1614 benignitatem
2645 1546 2804 1600 novis
2845 1561 3060 1614 semper
3089 1549 3396 1600 cumularet
3429 1548 3664 1606 meritis.
3721 1551 3774 1602 in

528 1636 734 1694 laboris
772 1649 978 1708 partem
1015 1643 1155 1696 ultro
1184 1645 1464 1706 accedere,
1495 1651 1824 1711 nostrasque
1855 1655 2016 1695 curas
2043 1655 2107 1694 ac
2148 1637 2552 1693 sollicitudines
2579 1638 2777 1706 partim
2817 1638 3091 1692 consolari
3163 1641 3496 1703 miserando,
3573 1642 3770 1708 partim

526 1735 866 1800 suggerendo
891 1737 1126 1790 consilio
1160 1736 1213 1789 in
1250 1750 1546 1790 commune
1580 1735 1700 1788 utili
1763 1733 2050 1786 sublevare
2108 1745 2172 1784 ac
2212 1730 2482 1785 minuere.
2516 1730 2652 1784 Cum
2684 1729 2850 1799 igitur
2885 1730 3141 1798 maiestas
3173 1739 3358 1786 nostra
3391 1733 3444 1785 in
3487 1733 3771 1800 procinctu

527 1823 898 1890 expeditionis
931 1826 1257 1880 necessaria:
1309 1834 1362 1878 et
1419 1824 1588 1878 Deum
1650 1833 1709 1877 ut
1767 1823 2100 1877 confidimus
2143 1821 2414 1876 habitura:
2449 1821 2720 1875 faventem
2757 1821 3024 1876 adversus
3064 1822 3252 1876 hostes
3319 1822 3620 1887 Romauim,
3685 1826 3778 1875 de-

529 1917 766 1972 lectibus
833 1917 1098 1974 habendis
1158 1928 1214 1972 et
1269 1927 1381 1974 tota
1441 1917 1826 1973 constituenda
1887 1917 2108 1970 militari
2149 1916 2436 1985 disciplina
2504 1930 2668 1984 supra
2733 1914 2956 1968 modum
3008 1925 3272 1984 occupata
3327 1917 3441 1970 sit:
3493 1918 3780 1982 eidemque

527 2018 708 2064 tamen
744 2027 808 2064 ex
847 2024 1002 2078 parte
1037 2013 1164 2075 alia,
1199 2027 1310 2064 non
1343 2013 1524 2066 minus
1549 2025 1802 2080 operosa,
1859 2022 1960 2062 nec
1996 2007 2178 2062 minus
2207 2008 2382 2062 nostri
2415 2005 2578 2061 oﬂicii
2649 2008 2865 2076 propria
2933 2008 3011 2062 rei
3093 2007 3369 2076 iudicialis
3418 2019 3472 2063 et
3543 2011 3781 2077 politiore

529 2104 747 2172 negotia
775 2103 1146 2172 impcmleant,
1185 2114 1265 2158 tot
1291 2106 1456 2159 simul
1511 2105 1659 2158 curis
1711 2111 1861 2158 recte
1899 2101 2262 2170 tlel‘ungendis
2291 2101 2380 2154 vix
2419 2103 2555 2156 satis
2593 2117 2754 2170 pares
2818 2101 2957 2155 nihil
3023 2101 3219 2155 melius
3299 2104 3549 2158 ducimus
3615 2119 3778 2171 quam

527 2197 573 2251 si
610 2211 798 2250 earum
833 2213 969 2266 quias
1029 2199 1270 2254 diximus
1335 2215 1516 2253 rerum
1583 2199 1828 2253 omnium
1898 2195 2429 2250 administrationem
2496 2195 2778 2264 sapientiae
2837 2195 3163 2251 venerabilis
3217 2210 3282 2252 ac
3329 2209 3533 2251 sanctze
3587 2201 3780 2254 matris

529 2301 729 2344 nosme
752 2291 1182 2345 committamus.

599 2383 953 2438 Decernimus
983 2386 1145 2456 igitur
1185 2401 1248 2441 ac
1297 2389 1548 2456 prsesenti
1591 2386 1890 2456 diplomate
1931 2386 2078 2441 bulla

2256 2377 2566 2447 Διορίζετσι
2639 2374 2848 2445 γοῦνὴ
2909 2375 3154 2444 βασιλεια
3205 2393 3306 2446 μου
3369 2379 3630 2449 καθαρῶς
3693 2381 3781 2434 διὰ

529 2490 692 2529 aurea
743 2479 955 2531 munito
1007 2479 1312 2545 sancimus,
1351 2489 1408 2533 ut
1463 2480 1718 2548 pra-dicta
1769 2481 2098 2537 venerabilis

531 2576 706 2621 mater
739 2579 947 2634 nostra,
989 2585 1086 2637 pro
1114 2587 1302 2640 magna
1333 2587 1437 2640 qua
1465 2559 1633 2638 pollet
1685 2572 1878 2639 peritia
1915 2587 2098 2626 rerum

533 2661 896 2715 humanarum
959 2677 1020 2716 ac
1079 2664 1449 2726 saecularium,
1482 2663 1696 2716 tametsi
1745 2679 1838 2718 cas
1889 2677 2104 2730 semper

530 2753 794 2821 religioso
827 2755 1010 2806 animo
1051 2755 1399 2821 contempsit,
1453 2754 1666 2821 plenam
1715 2753 1976 2822 deinceps
2007 2769 2105 2823 po-

533 2852 788 2898 testatem
825 2843 1021 2898 habeat
1049 2859 1228 2898 rerum
1265 2844 1510 2898 omnium
1541 2859 1642 2913 pro
1672 2859 1773 2898 suo
1799 2855 1932 2900 nutu
1967 2845 2110 2899 arbi-

535 2936 754 3004 trioque
774 2935 1312 2998 constituendarum,
1330 2951 1422 2990 seu
1445 2936 1565 2989 viva
1599 2951 1861 2996 voce.seu
1877 2939 2105 3006 scripto,

532 3027 647 3082 sive
675 3027 720 3080 is
756 3027 821 3080 ad
853 3043 971 3080 eam
997 3027 1250 3081 retulerit
1277 3028 1366 3095 qui
1401 3028 1477 3080 rei
1512 3029 1780 3082 universae
1806 3029 2108 3096 iudiciaria:

531 3127 757 3186 prtecst,
819 3119 932 3172 sive
981 3119 1306 3172 inferiorum
1345 3121 1434 3172 illo
1482 3119 1796 3174 otiicialium
1854 3121 2104 3189 quilibet,

531 3210 624 3276 qui
661 3211 739 3262 vel
770 3212 1292 3265 commentariorum
1343 3212 1424 3265 vel
1459 3213 1790 3276 libellorum,
1847 3215 1926 3266 vel
1981 3231 2108 3268 seu-

537 3304 833 3356 tcntiarum
868 3319 1058 3356 curam
1093 3313 1266 3372 gerat,
1297 3306 1492 3358 horum
1522 3306 1699 3360 cuivis
1731 3307 1992 3374 quidquid
2020 3307 2105 3358 illa

533 3393 902 3462 reSponderit.
946 3395 1214 3462 quidquid
1247 3397 1411 3448 etiam
1445 3398 1500 3449 in
1539 3406 1732 3450 ca-tera
1761 3399 2106 3466 politicarum

533 3501 717 3540 rerum
761 3485 1190 3554 gubernatione;
1248 3495 1374 3554 puta
1413 3488 1721 3542 rationibus
1759 3489 1895 3552 lisci,
1932 3499 1984 3543 et
2027 3506 2110 3544 rc-

541 3578 806 3631 miss’ooe
849 3577 1192 3646 publicorum
1227 3578 1535 3632 debitorum
1573 3580 1625 3631 in
1667 3581 1850 3648 populi
1897 3581 2111 3647 egentis

539 3667 974 3721 sublevationem
1017 3669 1340 3732 relaxanda;
1377 3671 1536 3738 plane
1565 3679 1746 3724 ratum
1787 3669 1968 3724 haberi
2009 3686 2107 3724 no-

534 3759 735 3827 bisque
798 3760 1056 3829 imputari
1119 3761 1484 3831 praecipimus,
1547 3763 1828 3829 nihiloque
1875 3763 2107 3816 minoris

536 3851 784 3905 obtinere
809 3851 1082 3906 ﬁrmitatis
1113 3853 1299 3914 robur,
1326 3869 1488 3923 quam
1514 3855 1557 3908 si
1589 3856 1657 3908 ab
1681 3855 1792 3924 ipsa
1817 3865 2104 3924 praesente,

535 3943 947 4012 pronuntiante,
991 3945 1342 4015 dictanteque
1407 3949 1705 4024 serenitate
1755 3957 1940 4001 nostra
1989 3956 2106 4002 sta-

537 4045 841 4089 tuerentur.
881 4037 1251 4108 Quazcunque,
1285 4039 1533 4106 inquam,
1562 4039 1628 4092 ab
1665 4039 1780 4108 ipsa
1811 4039 2104 4093 dubiorum

539 4125 908 4182 oborientium
963 4131 1274 4184 solutiones
1317 4146 1381 4184 ae
1423 4146 1683 4200 responsa
1739 4131 2105 4200 proferentur,

537 4235 879 4289 quaecunque
917 4229 1215 4292 praecepta,
1269 4223 1494 4292 scripta,
1541 4239 1648 4276 non
1696 4225 1922 4292 scripta,
1977 4238 2102 4276 cum

2203 2471 2300 2524 τοῦ
2350 2471 2620 2539 παρόντος
2671 2468 3092 2539 χρυσοὸούλλου,
3127 2469 3212 2521 ἴνα
3258 2470 3324 2522 δι’
3357 2470 3424 2541 ἢν
3453 2471 3567 2539 ἔχει
3611 2473 3780 2525 πολυ-

2205 2563 2426 2633 πειρίαν
2457 2563 2588 2632 περὶ
2619 2561 2689 2613 τὰ
2725 2561 2958 2630 βιωτικά
2993 2561 3299 2632 πράγματα
3323 2601 3337 2624 ,
3381 2565 3430 2615 εί
3465 2563 3560 2618 καίΙ
3595 2565 3780 2618 τέλεον

2205 2656 2416 2710 τούτων
2455 2654 2954 2725 καταπεφρόνηκεν
2975 2695 2989 2716 ,
3025 2656 3171 2724 ἅπερ
3203 2655 3269 2707 ἂν
3291 2659 3305 2688 ³
3341 2657 3636 2726 ἐγγράφως
3671 2660 3782 2710 διο-

2211 2749 2456 2820 ρίσηται,
2511 2746 2614 2800 κᾶν
2645 2747 2775 2814 παρ’
2806 2747 2973 2798 αὐτοῦ
2993 2748 3012 2776 ²
3045 2747 3390 2815 προεστῶτος
3423 2748 3531 2800 τῶν
3581 2751 3782 2817 σεκρὲ-

2206 2859 2314 2896 των
2355 2842 2428 2912 (4)
2467 2839 2850 2909 ἀναφέρωνται
2883 2839 2914 2906 ἢ
2951 2836 3061 2889 τῶν
3093 2839 3180 2890 ὑπ’
3239 2837 3404 2891 αὑτὸν
3435 2841 3780 2909 σεκρετικῶν

2206 2935 2368 3004 ἣτῶν
2396 2934 2570 2988 ἄλλων
2601 2933 2882 2994 ἁπάντων,
2919 2925 2994 2981 ὧν
3019 2933 3074 2982 αἱ
3103 2931 3442 3001 ὑπομνήσεις
3470 2932 3503 3001 ἦ
3531 2932 3782 3000 αἰτήσεις

2207 3026 2478 3097 ῆκρίσεις
2509 3023 3000 3092 ἑτοιμασθήσονται
3055 3023 3149 3075 ἐπὶ
3199 3023 3569 3092 συμπαθείαις
3611 3023 3786 3093 δημο-

2211 3118 2431 3178 σιακαίς
2485 3113 2836 3182 ὀφλημάτων,
2871 3113 2933 3165 τὸ
2965 3113 3132 3183 κῦρος
3182 3113 3366 3178 ἕξουσι
3413 3115 3665 3184 μόνιμον,
3699 3115 3785 3176 ὡς

2209 3205 2364 3274 παρά
2391 3201 2490 3256 τοῦ
2525 3201 2782 3270 γαληνίου
2827 3201 3064 3272 κράτους
3097 3203 3196 3269 τῆς
3233 3203 3512 3270 βασιλείας
3558 3221 3658 3271 μου
3703 3206 3788 3256 οἰ-

2208 3295 2614 3362 κονομούμενα,
2643 3294 2737 3345 καὶ
2769 3293 2827 3358 ἐξ
2873 3293 3038 3345 αὑτοῦ
3073 3293 3167 3346 τοῦ
3202 3294 3475 3358 στόματος
3507 3295 3682 3362 αὐτῆς
3711 3296 3790 3348 τὰ

2212 3387 2497 3457 γραφέντα
2538 3383 3117 3455 ἀποστοματιζόμενα.
3166 3383 3291 3439 Οἷαι
3329 3386 3438 3455 γὰρ
3481 3387 3548 3440 ἂν
3597 3387 3794 3451 λύσεις

2199 3482 2345 3552 παρ’
2380 3480 2553 3549 αὐτῆς
2593 3478 3092 3547 ἁποφανθήσονται,
3139 3478 3171 3547 ἢ
3205 3479 3300 3531 καὶ
3337 3479 3662 3548 προστάξεις
3689 3481 3792 3548 ἔγ..

2210 3591 2413 3646 γραφοι
2474 3576 2506 3646 ἢ
2562 3575 2847 3642 ἄγραφοι,
2897 3573 3003 3625 κᾶν
3059 3573 3277 3640 εῠλογοι
3329 3574 3432 3626 κᾶν
3477 3574 3789 3642 ἁνεύλογοι,

2213 3667 2488 3736 σφραγῖδα
2547 3666 2810 3736 φέρουσαι
2860 3664 3034 3732 αὐτῆς
3089 3667 3189 3728 τὴν
3227 3665 3655 3735 μεταμόρφωσιν
3687 3669 3792 3720 καὶ

2211 3762 2310 3831 τὴν
2345 3760 2608 3830 κοίμησιν
2642 3758 2744 3828 (5),
2769 3755 2844 3820 ὡς
2872 3757 3043 3824 αὐτῆς
3073 3757 3175 3826 τῆς
3209 3757 3486 3826 βασιλείας
3543 3775 3643 3826 μου
3695 3759 3777 3810 λο-

2211 3851 2590 3921 γισθήσονται.
2617 3849 2708 3918 Τῷ
2731 3847 2788 3901 δὲ
2825 3849 2954 3917 μηνὶ
2988 3845 3085 3899 τοῦ
3117 3847 3258 3901 κατὰ
3279 3847 3380 3918 τὴν
3403 3848 3618 3917 ἡμέραν
3647 3847 3788 3900 διοι-

2211 3942 2441 4005 κοῦντος
2491 3941 2562 3994 τά
2607 3939 2865 4008 σέκρετα,
2917 3937 3053 3991 ἀλλά
3097 3939 3192 3992 καὶ
3242 3939 3334 3991 ἐπὶ
3367 3937 3648 4007 προϐολῶν
3689 3941 3790 3992 xci."

2212 4035 2480 4102 διαδοχῶν
2511 4032 2619 4088 τῶν
2649 4031 2949 4102 σεκρέτων,
2975 4031 3069 4082 καὶ
3101 4029 3210 4082 τῶν
3231 4029 3485 4100 θεμάτων
3505 4035 3548 4096 ³,
3567 4032 3661 4084 καὶ
3691 4034 3792 4084 ἐπὶ

2211 4127 2324 4186 τοῖς
2357 4123 2634 4192 ἀξιώμασι
2675 4123 2767 4173 καὶ
2803 4119 3082 4187 ὀφφικίοις
3117 4119 3212 4172 καὶ
3239 4120 3469 4190 δωρεαῖς
3503 4121 3796 4190 ἀκινήτων

2216 4215 2514 4286 βασιλικῶς
2541 4215 2574 4283 ὴ
2613 4213 2748 4282 ἀγία
2786 4212 2974 4283 μήτηρ
3003 4210 3179 4282 αὐτῆς
3207 4211 3317 4276 ἕξει
3351 4213 3558 4278 ἄδειαν,
3589 4212 3619 4265 ὃ
3643 4213 3794 4280 δόξει

1577 4359 1778 4421 Variae
1823 4359 2127 4422 lectiones
2157 4377 2238 4421 ex
2275 4355 2416 4420 cod.
2441 4353 2710 4417 Coislin.

609 4459 626 4489 ¹
657 4457 815 4513 Deest
839 4458 1032 4514 vocula
1067 4459 1154 4514 ἀν.
1230 4460 1251 4490 ⁸
1284 4459 1433 4530 παρά
1468 4460 1583 4514 τοῦ.
1662 4463 1683 4494 ³
1717 4461 1924 4516 Desunt
1949 4479 2102 4540 voces

2208 4463 2354 4516 ὶτῶν
2385 4461 2656 4532 θεμάτων.

1617 4597 1753 4657 Car.
1786 4597 2109 4658 Dul‘resnii
2143 4600 2240 4658 Du
2271 4597 2493 4676 Cangii
2529 4605 2718 4660 notae.
2797 4651 2799 4653 .

613 4696 689 4767 (5)
721 4695 1111 4768 Σεκρετι-κῷνε
1161 4697 1459 4768 Σεκρετικὰ
1484 4699 1783 4768 πράγματα
1823 4701 1988 4754 Anum
2018 4699 2102 4752 di-

543 4766 743 4822 cuntur
805 4784 891 4822 res
945 4766 1280 4832 iudiciales,
1341 4771 1416 4821 uti
1479 4766 1650 4823 recte
1707 4771 2100 4837 interpretatur

542 4838 809 4894 Possinus
838 4855 854 4891 :
893 4837 1148 4903 σέκρετον
1177 4839 1320 4892 enim
1363 4839 1566 4893 Graecis
1598 4840 1786 4894 mediae.
1819 4842 1991 4895 :rtatis
2017 4850 2100 4894 est

539 4909 806 4966 tribunal.
834 4917 882 4962 et
917 4906 1090 4960 forum
1121 4907 1494 4972 iudiciariam.
1520 4907 1728 4963 Glossac
1745 4909 1966 4965 Basilic.
1999 4911 2098 4962 Σέ-

539 4995 760 5049 κρετον)
782 4978 1147 5049 δικαστήριον,
1174 4979 1572 5048 Κονσιστόριον.
1602 4979 1876 5049 βασιλικὸν
1905 4981 2098 5049 σὲκρε-

534 5045 659 5104 κτον.
709 5045 1030 5118 Hesychius,
1085 5045 1361 5117 σέκρετον,
1413 5045 1708 5116 συνέδριον.
1763 5045 2100 5116 Nicephorus

2198 4701 2258 4761 5;
2295 4709 2348 4755 et
2383 4700 2702 4755 Mariianum
2730 4740 2743 4763 ,
2791 4701 2883 4756 lib.
2915 4717 2953 4754 ll
3007 4699 3080 4752 De
3135 4707 3338 4767 tapogr.
3385 4695 3531 4767 urbis
3580 4694 3791 4762 Romae,

2201 4785 2321 4837 cap.
2374 4771 2425 4825 5.
2469 4769 2609 4824 Hine
2675 4772 2984 4839 σεκρετικοί
3034 4771 3086 4822 in
3137 4765 3274 4821 NOV.
3333 4783 3370 4820 ιι
3437 4765 3793 4839 Censtantini

2201 4839 2468 4910 Porpbyr.
2500 4849 2554 4894 et
2583 4842 2724 4909 apud
2751 4837 2984 4913 Annam,
3011 4840 3157 4913 dicti
3178 4846 3504 4913 senatores,
3539 4844 3590 4886 et
3637 4837 3796 4913 judi-

2202 4906 2326 4963 Cuni
2350 4906 2656 4965 assessores
2677 4928 2691 4963 :
2710 4911 3027 4978 σεκρετικδν
3052 4909 3307 4978 κὰξίωμα.
3337 4906 3575 4974 dignitas
3614 4908 3776 4960 curia

2203 4980 2271 5034 lis
2293 5021 2305 5044 ,
2336 4997 2427 5032 seu
2462 4981 2760 5043 senatoria,
2795 4977 2846 5032 in
2877 4977 3010 5032 Jure
3036 4977 3242 5032 (ἔντερο-
3263 4977 3421 5028 Rom.

2281 5050 2358 5120 (4)
2387 5048 2771 5118 Προεστῶτος
2798 5047 2915 5120 τῶν
2938 5047 3256 5120 σεκρέτίων.
3277 5049 3528 5110 Quatuor
3559 5046 3798 5120 potissi-f

539 5118 694 5194 Cpol.
723 5117 1096 5194 processuum,
1128 5133 1222 5194 seu
1271 5119 1659 5194 gracessionum
1716 5119 1812 5194 (uti
1859 5121 1980 5194 lites
2015 5136 2105 5194 an.
2141 5139 2184 5194 ο
2214 5117 2357 5194 nium
2413 5127 2625 5194 secreta
2651 5157 2666 5183 ,
2700 5135 2821 5194 __seu
2878 5117 2995 5171 fora
3035 5119 3248 5194 civilia“
3265 5129 3517 5194 recenset
3565 5118 3796 5170 Manuel

539 5183 813 5260 pellantur
835 5187 952 5260 ιιι).
971 5183 1258 5260 Gregorio,
1397 5205 1469 5250 tv,
1499 5189 1688 5243 indict.
1708 5183 1969 5260 i5,epjst.
2013 5189 2104 5260 40)

539 5256 704 5310 telum
751 5259 911 5310 vertit
957 5273 970 5307 :
1013 5256 1132 5327 Tib}
1185 5258 1426 5324 προόδων
1479 5259 1696 5322 οἴκους,
1741 5257 1806 5320 ἃς
1847 5256 2106 5327 Ῥωμαϊοί

544 5327 1048 5398 σέκρεταίκαλοῦσι.
1085 5323 1686 5398 βθσνρειιηιῘιιάὶςιιηιίδ,
1713 5330 1764 5380 in
1797 5330 1832 5380 l.
1859 5323 2105 5382 xw'Cod.

544 5400 610 5450 de
647 5393 750 5450 iide
780 5397 1033 5450 instrum.
1066 5393 1333 5450 Judiéiale
1367 5409 1620 5449 secretum
1649 5439 1662 5458 ,
1701 5399 1841 5464 apud
1871 5401 2108 5450 Ammia-

547 5481 697 5526 num,
725 5467 820 5519 lib.
857 5481 942 5518 xv.
972 5468 1329 5519 secretarium
1353 5469 1496 5520 unde
1529 5479 1581 5522 et
1615 5468 1940 5535 simpliciter
1962 5468 2102 5535 apud

545 5535 803 5589 Severum
835 5535 1147 5602 Sulpitium,
1189 5537 1281 5588 lib.
1313 5552 1372 5589 ιιι
1402 5545 1464 5591 de
1497 5535 1617 5589 Vita
1673 5538 1728 5589 S.
1765 5538 2004 5598 Martini,
2053 5547 2106 5590 et

547 5603 601 5656 in
635 5605 669 5656 Ι.
703 5619 750 5655 ιν
784 5603 910 5657 Cod.
940 5602 1136 5657 Theod.
1165 5605 1230 5658 de
1251 5617 1424 5660 exact.
1457 5607 1515 5660 In
1539 5608 1815 5660 Anastasii
1843 5605 2106 5660 Biblioth.

545 5674 903 5743 Collectaneis
925 5711 939 5731 ,
974 5677 1311 5726 secretarium
1344 5677 1548 5729 dicitur
1578 5678 1724 5728 locus
1757 5679 1808 5726 in
1840 5693 1986 5743 quem
2025 5693 2079 5729 se

548 5755 708 5796 na'us
742 5741 986 5794 εοίίεειιις
1013 5754 1108 5794 est.
1134 5759 1502 5798 SECIlE'l'ARIU.“
1532 5761 1825 5798 Αιιιιιλθειιιι
1852 5741 2100 5798 rSl-INA'ITS

554 5827 866 5865 numnum
887 5827 900 5876 ;
925 5812 976 5864 in
1003 5815 1164 5866 veteri
1191 5813 1442 5882 lnscript.
1469 5817 1607 5882 apud
1643 5816 1862 5868 Gruter.
1886 5815 2091 5876 CLXX,

2210 5189 2401 5243 Coum.
2431 5191 2485 5242 in
2519 5189 2650 5242 Nov.
2697 5189 2962 5246 Primum,
2998 5188 3176 5255 magni
3215 5187 3546 5252 Drungarii;
3579 5203 3794 5240 Secun-

2213 5259 2363 5320 dum,
2411 5259 2531 5324 eius
2565 5259 2658 5325 qui
2705 5257 3119 5328 προκαθήμενος
3168 5255 3665 5328 τῶν-δημοσιακῷν
3715 5255 3784 5307 δι-

2212 5329 2526 5396 καστηρίων
2563 5324 2885 5390 dicebatur;
2925 5324 3170 5396 tertium,
3213 5324 3317 5396 τοῦ
3377 5324 3796 5396 πμρωτασηκρή..

2211 5416 2302 5450 του
2326 5415 2339 5460 ;
2360 5393 2611 5464 quarum:
2633 5397 2890 5465 denique,
2908 5395 3001 5447 τοῦ
3027 5395 3390 5465 smmum.
3407 5393 3503 5448 llis
3527 5393 3794 5448 omnibus

2215 5471 2305 5534 qui
2335 5463 2563 5535 praéei-at
2595 5463 2874 5534 προεστὼς
2905 5465 3012 5516 τῶν
3047 5466 3319 5535 σε-κρέτων
3363 5463 3566 5535 dicitur
3590 5467 3788 5535 Annae.

2215 5531 2424 5590 thlttiui.
2462 5531 2650 5603 porro'
2677 5539 2822 5588 hunc
2863 5539 3038 5587 locum
3073 5531 3344 5603 (cuiacius
3385 5534 3451 5584 ad
3498 5536 3583 5586 tit.
3615 5549 3686 5587 \‘ll
3721 5531 3791 5586 C.

2213 5608 2280 5659 de
2312 5602 2582 5666 primit-er.
2620 5605 2714 5658 lib.
2756 5621 2851 5658 xu.
2887 5604 3020 5658 Vide
3041 5602 3238 5656 Notata
3270 5603 3335 5654 ad
3367 5618 3489 5671 pag.
3529 5603 3652 5656 157.

2289 5677 2364 5744 (5)
2439 5676 2752 5742 Κοίμησιν.
2819 5675 3262 5742 Assumptionem
3319 5670 3585 5742 θρῆνοι-αι.
3651 5670 3796 5727 Vide

2210 5745 2452 5800 G'etzel'.
2493 5749 2556 5797 ad
2590 5747 2787 5798 Uodin.
