4068 6266
3577 354 3684 416 288

3261 485 3420 524 Omne
3473 479 3686 540 tempus

445 396 546 446 28'!
1743 373 1966 432 ANNIE
2007 369 2308 429 CUMNEN
2322 367 2384 422 ΑΕ

445 499 762 566 nullumque
795 494 1012 548 illorum
1047 490 1358 560 alarogabile
1391 497 1484 542 aut
1550 485 1746 542 eﬂ‘ecttt
1817 499 2060 544 cassum,
2101 479 2304 539 omnia,
2363 485 2498 533 rata.
2539 473 2710 534 ﬁrma,
2765 471 3057 524 immobilia
3112 471 3164 573 in

445 597 626 652 erunt,
663 563 800 642 nuili
832 585 1092 646 examini,
1133 581 1458 654 cognitioni,
1489 577 1870 634 retractationi
1909 573 2231 641 cujusquam
2297 567 2540 622 omnium
2621 579 2858 632 unquam
2907 563 3189 664 iohnoxia,
3235 577 3342 664 nec.-
3421 563 3688 664 approba—

447 682 616 735 tionis
681 652 1224 733 contirtnationlsve—
1265 675 1450 736 uilius,
1510 683 1566 726 ut
1631 672 1790 740 plane
1845 668 2057 721 valeant
2098 665 2426 733 plenumque
2476 657 2730 710 eﬂ'ectutu
2789 657 3113 716 sortiantur,
3169 653 3399 722 egentia.
3495 652 3683 722 Neque

447 772 740 841 quisquam
797 768 892 836 qui
940 768 1014 822 illi
1073 766 1474 820 ministraverit
1531 764 1896 816 obsecutusve
1961 759 2014 810 in
2056 756 2239 823 aliquo
2268 751 2454 852 fuerit,
2491 763 2667 834 neque
2746 747 2860 852 ipse
2927 747 3020 814 qui
3072 759 3168 814 pro
3217 754 3472 852 tempore.
3515 745 3682 852 fuerit

449 839 722 930 leget—hem
777 868 1135 920 secretorum,
1186 857 1537 927 quantumvis
1594 857 1732 909 bene
1777 866 2006 906 secusve
2081 855 2316 904 consula
2375 845 2699 910 decretaque
2719 842 3004 894 videantur
3027 857 3148 908 qua:
3177 840 3428 893 mandata
3455 839 3682 906 fuerint,

449 969 514 1008 eo
547 967 788 1021 unquam
821 969 850 1005 a
899 967 1174 1021 quoquam
1214 953 1436 1004 nomine
1469 949 1648 1002 vocati
1709 949 1762 1002 in
1811 946 1902 1014 jus
1943 944 2008 997 ad
2049 955 2384 1008 causamque
2411 936 2698 990 dicendam
2735 935 3069 987 rationemve
3149 931 3480 1036 reddendam
3569 937 3686 1036 copi

451 1044 671 1113 poterit.
713 1042 926 1111 Quippe
993 1059 1118 1096 cum
1173 1045 1356 1096 omnia
1407 1055 1766 1109 qua'cumque
1821 1036 2038 1088 tandem
2118 1048 2181 1086 ac
2211 1031 2616 1100 qualiacunque
2645 1027 2754 1116 sint
2781 1040 2900 1094 quae
2942 1035 3114 1116 mater
3145 1033 3331 1116 nostra
3373 1023 3682 1078 decreverit

452 1149 513 1188 ac
565 1135 792 1199 fecerit,
847 1135 896 1186 vi
964 1135 1247 1202 prtescntis
1301 1133 1460 1186 bulla:
1513 1146 1692 1184 aurete
1744 1128 2014 1182 vindicata
2057 1124 2236 1188 nobis,
2267 1130 2578 1189 nostrzeque
2656 1115 2965 1171 ant-toritati
3039 1115 3354 1184 imputanda
3407 1115 3679 1184 planeque

453 1228 506 1280 in
539 1243 701 1281 omne
731 1239 945 1296 tempus
975 1236 1115 1290 rata,
1163 1225 1344 1288 iiuna,
1399 1225 1576 1277 valida
1625 1224 2014 1284 decernamus,
2055 1215 2524 1280 declaremusque.

525 1320 802 1374 llactenus
850 1321 994 1373 bulla
1041 1335 1224 1374 aurea.
1261 1319 1434 1385 Quam
1473 1319 1566 1388 qui
1613 1317 1852 1370 attendct
1895 1315 2017 1384 jure
2045 1327 2094 1384 Α

451 1414 642 1482 utique
674 1414 958 1466 mirabitur
991 1413 1284 1481 cii'eretque
1334 1413 1583 1466 laudibus
1627 1414 1879 1478 pietatem
1921 1423 2017 1475 pa-

449 1505 554 1560 tris
591 1506 692 1559 mei
719 1505 894 1560 Alcxii
949 1505 1204 1574 Augusti,
1237 1505 1328 1572 qui
1375 1503 1506 1556 nihil
1547 1501 1706 1570 plane
1746 1501 1846 1553 sibi
1891 1500 2019 1554 reli-

450 1615 620 1670 quum
649 1599 839 1652 fecerit
867 1599 1158 1667 quominus
1191 1598 1374 1651 omnia
1427 1608 1696 1665 suprema:
1735 1592 2016 1662 potestatis

449 1687 576 1756 jura
633 1686 944 1754 decoraque
994 1687 1152 1740 matri
1211 1687 1354 1741 [ilius
1397 1701 1511 1741 suae
1565 1684 2016 1747 communicaret,

449 1780 680 1848 ipsoque
711 1783 846 1834 adeo
875 1781 1140 1850 imperiali
1175 1783 1314 1836 solio
1341 1797 1404 1835 ac
1433 1782 1670 1850 fastigio,
1699 1791 1759 1833 ut
1792 1791 2016 1833 matrem

451 1869 573 1924 loco
600 1873 682 1926 sui
733 1873 968 1942 regendo
995 1875 1152 1942 quasi
1201 1873 1386 1927 currui
1435 1873 1746 1940 reipublicae
1781 1871 2022 1942 pradice-

453 1971 556 2022 rct,
607 1964 945 2019 descendere
1005 1965 1412 2032 quodammodo
1469 1964 1540 2018 sit
1588 1965 1762 2031 visus,
1811 1964 2020 2018 circum

451 2051 747 2119 apparendi
815 2067 877 2106 ac
941 2053 1230 2118 cursandi,
1286 2055 1437 2108 velut
1487 2055 1776 2110 ministerii
1831 2070 2016 2120 causa,

451 2141 702 2208 partibus
737 2142 843 2195 sibi
879 2145 1256 2196 tan'umtnodo
1290 2144 1606 2208 reservatis,
1657 2145 1885 2212 soloque
1921 2145 2020 2198 im-

455 2236 722 2296 peratoris
753 2233 970 2286 nomine
1017 2243 1270 2288 retento:
1306 2245 1358 2288 et
1407 2234 1510 2287 hoc
1563 2251 1628 2288 ex
1673 2233 2022 2289 adolescente

450 2317 560 2386 jam
597 2317 649 2372 in
686 2321 856 2374 virum
886 2322 1145 2388 evadens,
1192 2339 1296 2392 qua
1341 2331 1500 2376 :etate
1546 2323 1814 2390 cupiditas
1847 2324 2018 2392 impe-

451 2411 610 2464 randi
665 2412 838 2481 major
894 2429 1016 2468 esse
1061 2416 1200 2468 solet
1253 2417 1303 2468 in
1354 2415 1666 2470 hctninibus
1725 2417 1804 2468 sic
1857 2417 2020 2480 natis,

455 2502 647 2572 sicque
679 2505 966 2569 institutis,
999 2506 1198 2576 talique
1235 2505 1452 2560 fortuna
1481 2507 1618 2561 usis.
1653 2509 1720 2560 At
1751 2523 1883 2562 sane
1911 2523 2020 2562 non

453 2607 672 2660 segnem
696 2595 958 2650 desidiam
989 2607 1249 2664 pra‘tcxtu
1283 2598 1516 2652 materni
1551 2599 1772 2654 honoris
1797 2601 2020 2671 obtegit,

2202 1309 2364 1362 Ἀλλά
2397 1306 2571 1361 ταῦτα
2609 1307 2707 1377 μὲν
2745 1305 2814 1359 τὰ
2863 1303 2955 1358 τοῦ
2996 1303 3416 1374 χρυσοϐούλλου.
3461 1303 3688 1372 Θαυμά-

2122 1419 2236 1455 σειε
2268 1401 2313 1454 δ’
2344 1401 2408 1454 ἄν
2437 1417 2518 1461 τις
2549 1401 2604 1450 ὲν
2633 1397 2844 1460 τούτοις
2873 1397 2966 1449 τὸν
2989 1397 3119 1465 ἐμὸν
3145 1395 3356 1464 πατέρα
3391 1397 3482 1448 καὶ
3524 1397 3684 1448 αὐτοι

2119 1494 2362 1564 κράτορα
2393 1493 2491 1560 τῆς
2525 1493 2604 1554 εἰς
2635 1493 2734 1560 τὴν
2765 1493 2976 1560 μητέρα
2999 1491 3192 1560 τιμῆς,
3230 1490 3323 1542 καὶ
3355 1491 3501 1551 ὅπως
3547 1490 3688 1558 αὑτῇ

2119 1585 2590 1654 παρακεχωρήκει
2619 1583 2728 1634 τῶν
2761 1583 3042 1644 ἁπάντων,
3077 1580 3238 1643 αὐτὸς
3271 1579 3368 1648 τῆς
3401 1576 3690 1646 βασιλικῆς

2119 1681 2278 1748 ἡνίας
2299 1674 2412 1730 οἷον
2442 1677 2893 1744 ὐπεξιστάμενος,
2926 1675 3020 1726 καὶ
3049 1673 3252 1743 τρόπον
3291 1670 3413 1723 τινὰ
3463 1673 3692 1740 ἐποχου-

2123 1769 2258 1838 μένῃ
2292 1767 2386 1820 τοῦ
2447 1765 2726 1838 βασιλικοῦ
2774 1765 3021 1834 ἅρματος
3054 1764 3190 1834 αὐτῇ
3240 1761 3553 1834 παραθέων,
3597 1761 3693 1814 καὶ

2119 1858 2279 1927 ψιλοῦ
2317 1859 2480 1929 μόνου
2513 1857 2605 1910 τοῦ
2643 1861 2742 1926 τῆς
2799 1855 3079 1926 βασιλείας
3119 1853 3360 1924 μετέχων
3404 1854 3690 1923 ὀνόματος.

2119 1953 2314 2007 Καίτοι
2339 1951 2477 2006 κατὰ
2512 1951 2611 2022 τὴν
2672 1950 2886 2020 ἡλικίαν
2927 1951 3017 2002 τὸν
3051 1947 3290 2018 μείρακα
3337 1947 3436 2018 ἢδη
3483 1947 3698 2016 παρήλ-

2119 2043 2304 2106 λαττε,
2340 2043 2464 2096 καθ’
2491 2043 2547 2094 ὃν
2579 2042 2815 2112 μάλιστα
2850 2041 3041 2109 καιρὸν
3065 2040 3358 2108 ἐπιφύεται
3385 2041 3496 2100 τοῖς
3521 2037 3699 2090 τοιού-

2119 2153 2230 2197 τοις
2262 2136 2449 2206 ἦοεσιν
2485 2137 2637 2202 ὁτῆς
2687 2132 2981 2203 φιλαρχίας
3036 2132 3200 2200 ἔρως.
3253 2131 3394 2194 Τοὺς
3445 2131 3542 2198 μὲν
3585 2131 3698 2198 γὰρ

2122 2227 2258 2299 πρὸς
2289 2227 2411 2289 τοὺς
2443 2226 2758 2296 Βαρϐἀρους
2783 2225 3058 2292 πολέμους
3097 2225 3188 2278 καὶ
3241 2225 3342 2277 ὅσα
3383 2224 3490 2276 τών
3516 2223 3700 2276 ἄθλων

2122 2320 2216 2370 καὶ
2239 2319 2349 2371 τῶν
2372 2321 2602 2386 ἀγώνων
2643 2317 2810 2385 ὑπῆν,
2851 2317 3014 2380 αὐτὸς
3057 2315 3385 2380 ἀνεζώσατο,
3417 2316 3598 2367 πᾶσαν
3639 2314 3698 2365 δὲ

2121 2413 2230 2466 τῶν
2260 2413 2606 2482 πραγμάτων
2633 2411 2902 2479 διοίκησιν
2943 2409 3032 2462 καὶ
3067 2407 3349 2468 πολιτικας
3376 2407 3568 2476 ἀρχὰς,
3599 2408 3698 2457 καὶ

2121 2501 2248 2563 τοὺς
2280 2501 2408 2570 περὶ
2441 2500 2552 2552 τῶν
2579 2499 2850 2568 εἰσφορῶν
2893 2498 3111 2565 λόγους,
3153 2497 3246 2551 καὶ
3287 2495 3396 2548 τῶν
3421 2496 3557 2564 ὑπὲρ
3595 2497 3698 2563 τῆς

2127 2592 2405 2660 βασιλείας
2455 2593 2830 2662 ἅναχωμάτων
2875 2591 2896 2623 ⁷
2942 2594 3007 2661 τῇ
3067 2591 3233 2660 μητρὶ
3275 2588 3700 2643 κατεπίστευσε.

455 2693 548 2734 aut
582 2683 754 2736 otium
789 2701 1042 2739 securum
1074 2696 1258 2742 astuta
1309 2688 1508 2758 pietate
1554 2689 1788 2744 redimit.
1821 2689 2021 2760 Nempe

2125 2684 2233 2736 Καὶ
2281 2684 2411 2748 ἴσως
2445 2685 2544 2755 μὲν
2591 2684 2658 2738 ἄν
2690 2703 2772 2747 τις
2805 2683 3038 2737 ἐνταῦθα
3079 2684 3364 2750 γινόμενος
3405 2680 3696 2750 καταμέμ-

454 2771 652 2826 bellum
689 2773 741 2828 in
775 2775 1038 2832 barbaros
1080 2779 1427 2848 periculaque
1459 2781 1550 2834 illa
1584 2797 1646 2834 ac
1679 2782 1895 2836 labores
1923 2783 2026 2838 sibi

452 2864 721 2932 deposcit,
780 2867 1031 2934 speciosa
1072 2876 1125 2922 et
1155 2882 1462 2938 quzesutosa
1505 2880 1726 2938 caetera,
1751 2875 2028 2944 guberna-

453 2955 652 3009 tionem
684 2960 1050 3028 negotiorum,
1074 2961 1372 3017 clcctiones
1399 2964 1841 3034 magistratuum,
1867 2967 2028 3020 vecti-

453 3045 652 3114 galium
702 3057 1126 3119 sumptuumque
1171 3052 1514 3120 publicorum
1557 3056 1816 3120 rationes,
1865 3061 2024 3114 matti

453 3137 766 3193 committit.
822 3139 1057 3193 Nimium
1107 3141 1158 3194 id
1211 3143 1430 3211 quidem
1475 3144 1772 3198 liberaliter
1811 3161 2030 3213 aeproo

453 3230 598 3297 dige,
627 3231 770 3286 dicat
810 3231 1043 3288 fortasse
1075 3235 1366 3305 quispiam,
1402 3238 1492 3306 qui
1527 3239 1704 3292 auiam
1763 3241 1814 3292 in
1839 3257 2024 3310 gynre-

454 3339 610 3378 ccum
647 3327 959 3388 transferri,
994 3327 1286 3396 etimperii
1322 3330 1456 3382 tanti
1493 3331 2022 3386 administrationem

457 3419 768 3472 universam
806 3419 897 3470 ttni
943 3419 1088 3472 credi
1141 3422 1353 3475 mulieri
1409 3425 1632 3478 minimc
1684 3426 2024 3493 probandum

456 3515 626 3576 putet.
669 3507 867 3561 Verum
903 3508 949 3564 is
979 3511 1023 3563 si
1059 3512 1196 3566 sciat
1229 3529 1294 3567 ac
1332 3525 1540 3582 reputet
1563 3531 1724 3582 quam
1756 3518 2026 3585 exquisita

457 3595 620 3650 fuerit
675 3595 795 3666 ejus
861 3599 1108 3655 mulieris
1171 3603 1500 3670 prudentia,
1569 3614 1770 3673 quanta
1833 3607 2024 3671 virtus,

457 3700 622 3754 quam
659 3702 778 3740 rara
812 3689 891 3742 vis
923 3691 1145 3757 ingenii,
1189 3693 1639 3762 vituperationem
1675 3697 1923 3765 profecto
1970 3697 2024 3752 in

457 3776 902 3844 approbationem
929 3779 1110 3832 statim
1141 3781 1353 3836 consilii
1379 3783 1500 3837 talis
1529 3793 1580 3837 et
1608 3785 2024 3840 admirationem

457 3875 654 3921 vertat.
692 3866 864 3922 Tanta
908 3871 1051 3923 enim
1087 3872 1188 3925 fuit
1229 3873 1280 3926 in
1331 3874 1449 3928 avia
1493 3890 1608 3927 mea
1639 3877 1936 3931 dexteritas
1969 3879 2023 3932 in

459 3961 712 4027 gerendis
741 3962 1204 4033 expediendisque
1228 3965 1410 4028 rebus,
1448 3977 1596 4020 tanta
1625 3969 1912 4024 ordinandi
1943 3975 2023 4026 di-

2130 2773 2284 2843 ψοιτο
2311 2775 2410 2844 τὴν
2435 2775 2766 2844 οἰκονομίαν,
2796 2776 2870 2839 ὼς
2900 2773 3300 2844 γυναικωνίτιδι
3325 2773 3702 2827 καταπιστεύ-

2131 2885 2327 2930 σαντος
2365 2866 2570 2937 τούμοῦ
2610 2869 2816 2937 πατρὸς
2839 2868 2935 2936 τὴν
2967 2867 3064 2933 τῆς
3099 2865 3376 2935 βασιλείας
3403 2865 3694 2934 διοίκησιν.

2141 2958 2282 3010 Ἀλλ’
2325 2959 2374 3010 εί
2433 2959 2493 3010 τὸ
2548 2960 2802 3028 φρόνημα
2835 2960 2932 3027 τῆς
2976 2960 3234 3026 γυναικὸς
3275 2959 3563 3030 ἠπίστατο,
3597 2963 3698 3013 καὶ

2127 3052 2224 3120 ὅση
2267 3070 2349 3113 τις
2373 3048 2440 3122 ἦν
2471 3053 2671 3122 ἀρετὴν
2703 3052 2797 3104 καὶ
2831 3052 2921 3105 τὸν
2959 3053 3080 3105 νοῦν
3107 3055 3202 3105 καὶ
3241 3055 3386 3115 ὅπως
3411 3051 3522 3123 εἶχε
3561 3053 3696 3124 δρα-

2131 3146 2502 3213 στηριότητος,
2547 3145 2821 3213 ἀφέμενος
2874 3145 3136 3213 μέμψεως
3197 3147 3330 3214 πρὸς
3380 3145 3564 3214 θαῦμα
3591 3151 3696 3213 τὴν

2133 3234 2339 3303 μέμψιν
2373 3236 2655 3304 μετέϐαλε.
2691 3236 2942 3305 Τοσαύτη
2966 3235 3072 3305 γὰρ
3113 3239 3143 3305 ή
3179 3237 3285 3306 ὲμὴ
3325 3237 3522 3306 μάμμη
3561 3239 3694 3306 περὶ

2129 3325 2198 3378 τὰ
2222 3327 2523 3395 πράγματα
2551 3328 2846 3394 δεξιωτὰτη
2885 3328 2978 3379 καὶ
3009 3327 3166 3390 τάξαι
3199 3329 3292 3378 καὶ
3340 3329 3696 3396 καταστήτα-

2130 3416 2254 3468 σθαι
2283 3418 2557 3470 πολιτείαν
2591 3419 2919 3487 εὐμήχανος,
2957 3416 3096 3470 ὥστε
3127 3419 3202 3486 μὴ
3242 3419 3400 3484 μόνον
3420 3419 3518 3487 τὴν
3558 3419 3696 3471 Ῥυμ

2133 3507 2310 3574 μαίων
2339 3509 2511 3578 ἀρχὴν
2537 3510 2757 3561 διοικεῖν
2783 3509 3062 3571 δύνασθαι,
3103 3509 3239 3562 ἀλλὰ
3272 3510 3363 3562 καὶ
3388 3512 3566 3563 πᾶσαν
3595 3513 3706 3578 τὴνι

2131 3593 2263 3645 ὅπου
2293 3594 2494 3664 δήποτε
2529 3595 2807 3664 βασιλείαν
2852 3599 3058 3666 ὁπόσην
3105 3599 3254 3668 ἥλιος
3289 3601 3480 3668 ἐφορᾷ.
3521 3601 3700 3651 Halu-

2128 3687 2318 3754 πειρός
2345 3705 2402 3740 τε
2437 3687 2545 3758 γὰρ
2573 3685 2640 3758 ἦν
2671 3691 2766 3741 καὶ
2790 3689 3000 3742 πολλῶν
3054 3691 3391 3759 πραγμάτων
3427 3693 3700 3758 ἐγίνωσκε

2129 3779 2339 3846 φύσεις,
2375 3781 2470 3834 καὶ
2529 3783 2673 3846 ὅπως
2709 3783 2960 3853 ἄρχεται,
2995 3785 3088 3835 καὶ
3127 3785 3208 3846 είς
3249 3783 3276 3834 ὃ
3309 3785 3704 3852 καταντήσειεν

2125 3872 2355 3926 ἕκαστον
2384 3873 2737 3943 ἐξηπίστατο,
2769 3879 2864 3927 καὶ
2891 3875 3010 3927 τίνα
3032 3876 3130 3944 μὲν
3155 3875 3314 3927 τίνων
3361 3875 3500 3927 εἰσιν
3540 3876 3702 3927 ἀναι-

2129 3963 2338 4032 ρετικὰ,
2373 3966 2496 4018 τίνα
2534 3965 2588 4018 δὲ
2617 3965 2816 4036 μᾶλλον
2843 3965 3242 4038 ὲπιρῤώννυσιν
3257 3967 3438 4036 ἕτερα,
3459 3967 3698 4034 ὀξυτάτη

457 4053 788 4122 gerendique
825 4053 1004 4107 civilia
1057 4057 1276 4123 negotia
1324 4056 1551 4110 facultas
1574 4073 1636 4112 ac
1671 4062 1828 4127 quasi
1859 4078 2024 4131 capao

2126 4072 2184 4106 τε
2214 4055 2272 4105 τὸ
2307 4055 2426 4108 δέον
2479 4059 2823 4126 καταμαθεῖν
2867 4036 2958 4110 καί
3010 4056 3146 4127 μετὰ
3199 4057 3500 4125 ἀσφαλείας
3523 4073 3702 4108 κατα,

458 4145 596 4198 citas
629 4159 836 4213 magna:
872 4145 1087 4209 mentis,
1123 4154 1179 4197 ut
1225 4161 1330 4198 non
1367 4157 1572 4201 tantum
1627 4149 1872 4206 Romano
1925 4154 2026 4207 int-

459 4239 613 4305 perio
675 4248 939 4306 quantum
989 4247 1128 4298 erat,
1183 4238 1276 4292 sed
1335 4240 1517 4306 regnis
1563 4257 1684 4310 qua:
1743 4245 1843 4298 sub
1913 4248 2026 4301 sole

459 4333 588 4378 sunt
617 4326 868 4378 Omnibus
907 4339 1012 4378 una
1042 4326 1244 4393 optime
1291 4329 1540 4397 regendis
1571 4346 1666 4400 par
1695 4334 1862 4387 videri
1899 4353 2027 4405 pos-

460 4421 564 4468 set.
593 4415 700 4484 86
745 4414 935 4482 Magno
966 4415 1178 4469 scilicet
1222 4433 1286 4469 ex
1341 4418 1498 4489 longa
1547 4425 1878 4490 experientia
1922 4443 2022 4482 usu

459 4506 685 4573 praedita
737 4520 920 4560 rerum
981 4505 1366 4574 humanarum,
1405 4512 1620 4582 ingenio
1669 4517 1892 4586 insuper
1957 4521 2024 4574 ad

462 4607 684 4652 naturas
709 4611 893 4652 rerum
929 4595 1322 4669 facultatesque
1361 4605 1704 4671 negotiorum
1741 4611 2024 4676 perviden-

459 4690 559 4742 das
593 4687 728 4742 mire
760 4687 944 4743 solerti
987 4703 1002 4742 :
1040 4689 1128 4742 cui
1168 4703 1512 4747 numeratum
1547 4705 1692 4751 esset
1737 4713 1800 4752 ac
1847 4715 2028 4768 prem-

461 4791 636 4852 ptum,
671 4784 812 4835 unde
871 4782 1235 4838 inchoandum
1291 4786 1596 4854 quidlibet?
1642 4806 1746 4858 qua
1803 4801 1856 4845 et
1915 4810 2025 4861 quo

461 4873 907 4944 provehendam?
942 4891 1062 4943 quae
1089 4877 1397 4946 quibusque
1427 4879 1873 4948 adversarentur,
1905 4901 2026 4952 qua:

458 4969 772 5037 quibusque
821 4968 1075 5038 juvandis
1127 4978 1257 5022 nata
1293 4980 1546 5041 aptaque
1603 4987 1787 5030 essent
1833 4993 1845 5029 :
1895 4979 2024 5046 quid

459 5075 596 5127 opus
631 5057 792 5124 facto,
817 5059 1100 5115 celerrime
1129 5061 1455 5130 pervidens;
1500 5065 1550 5116 id
1581 5064 1757 5132 ipsum
1801 5068 1865 5119 ad
1897 5085 2024 5138 pru-

459 5153 650 5204 denter
695 5152 1105 5221 exsequendum
1161 5161 1385 5208 strenua
1451 5167 1504 5208 et
1567 5169 1852 5213 constans.
1914 5161 2024 5215 Nec

459 5259 588 5297 vero
611 5259 735 5298 cum
789 5246 952 5300 tantis
983 5246 1180 5315 ingenii
1228 5245 1554 5314 consiliique
1596 5249 1842 5316 partibus
1873 5266 2023 5303 com-

2127 4148 2330 4215 πρᾶξαι
2358 4148 2525 4210 δεινή.
2551 4151 2659 4201 Καὶ
2690 4151 2788 4201 οὐκ
2827 4146 2896 4218 ἦν
2925 4150 3024 4218 μὲν
3051 4149 3149 4217 τὴν
3176 4150 3401 4218 γνώμην
3443 4149 3698 4218 τοιαύτη,

2126 4239 2376 4306 γλῶτταν
2422 4239 2480 4292 δὲ
2530 4238 2676 4310 εἶχεν
2721 4241 3036 4310 ἀπᾴδ-ουσαν
3097 4243 3233 4311 πρὸς
3283 4241 3378 4310 τὴν
3426 4240 3656 4308 γνώμην
3685 4257 3697 4269 ·

2125 4331 2240 4383 ἀλλ’
2267 4327 2337 4403 ἦν
2368 4333 2695 4402 αὐτόχρημα
2733 4334 2920 4401 ῥήτωρ
2979 4333 3335 4400 πιθανότητος
3372 4332 3416 4393 ⁸,
3443 4333 3540 4384 καὶ
3571 4331 3702 4384 οὔτε

2125 4422 2284 4485 λάλος
2315 4426 2408 4476 καὶ
2446 4425 2526 4488 είς
2559 4425 2732 4494 μῆκος
2765 4424 2896 4486 τοὺς
2935 4423 3130 4491 λόγους
3179 4425 3520 4486 ἐκτείνουσα,
3572 4423 3701 4477 οὔτε

2125 4515 2333 4584 ταχέως
2393 4517 2773 4585 ἀπελίμπανεν
2823 4515 2966 4584 αὑτὴ
3015 4515 3074 4568 τὸ
3134 4513 3347 4581 πνεῦμα
3377 4513 3470 4567 τοῦ
3513 4515 3700 4582 λόγου,

2125 4609 2240 4660 ἀλλ’
2269 4609 2568 4677 ἐπικαίρως
2607 4608 2890 4678 ἀρξαμένη
2927 4611 3006 4670 εἰς
3044 4607 3112 4660 τὰ
3154 4606 3493 4676 καιριώτατα
3537 4609 3708 4661 πάλιν

2127 4699 2420 4768 κατέληγε.
2491 4701 2602 4752 Καὶ
2669 4701 2698 4752 ὀ
2773 4701 2872 4767 μὲν
2935 4699 3212 4768 βασίλειος
3281 4699 3472 4767 θρόνος
3526 4701 3704 4766 αὐτὴν

2127 4795 2560 4861 παρηκμακυῖεν
2605 4791 2956 4860 κατείληφεν,
2981 4791 3068 4844 ὅτε
3101 4791 3198 4843 καὶ
3231 4790 3432 4858 μΞλλον
3479 4791 3541 4842 τὸ
3571 4809 3704 4860 φρο-

2127 4881 2248 4935 νοῦν
2305 4880 2522 4950 ἤκμαζε
2569 4883 2663 4935 καὶ
2709 4883 2741 4952 ἡ
2773 4881 2987 4944 σύνεσις
3033 4880 3262 4950 ἐπήνθει
3290 4881 3382 4934 καὶ
3407 4883 3440 4950 ή
3478 4883 3608 4951 περὶ
3632 4881 3702 4933 τὰ
3741 4911 3752 4917 -

2127 4974 2428 5043 πράγματα
2463 4975 2742 5042 ἐπιστήμη
2805 4973 3180 5042 συνήκμαζεν,
3207 4973 3266 5038 ἐξ
3289 4966 3366 5024 ὧν
3391 4973 3702 5040 οἰκονομίαι

2126 5067 2220 5118 καὶ
2253 5065 2552 5133 διοικήσεις
2603 5063 2664 5116 τὸ
2725 5066 2926 5132 κράτος
2987 5063 3221 5133 ἔχουσιν.
3259 5063 3413 5130 Ἔχει
3455 5063 3513 5114 δὲ
3551 5063 3626 5125 ὡς
3667 5065 3704 5134 ἡ

2124 5157 2350 5227 τοιαύτη
2418 5159 2478 5209 τὸ
2525 5157 2670 5219 εἰκὸς
2724 5156 2909 5226 ἡλικία
2951 5155 3009 5207 οὐ
3074 5155 3234 5224 μόνον
3271 5172 3322 5206 τι
3355 5153 3532 5216 ,λέξαι
3583 5154 3702 5207 τῶν

2122 5252 2274 5305 νέων
2341 5253 2678 5320 σοφώτερον
2705 5289 2719 5314 ,
2772 5249 2846 5311 ὡς
2911 5250 2942 5316 ἠ
2985 5247 3262 5318 τραγῳδία
3315 5247 3478 5314 φησὶν
3506 5286 3520 5307 ,
3561 5247 3704 5298 ἀλλὰ

463 5337 833 5400 mendaretur,
868 5338 1152 5393 deficiebat
1207 5337 1352 5390 illam
1393 5338 1608 5406 lingua;
1637 5343 1764 5406 qttin
1792 5343 2022 5396 habebat

2129 5343 2224 5395 καὶ
2279 5344 2708 5412 συμφορώτερον
2767 5339 2993 5408 πρᾶξαι.
3038 5337 3098 5392 '0
3127 5339 3183 5391 δὲ
3241 5337 3466 5390 κατόπιν
3509 5337 3698 5405 χρόνος

461 5426 773 5483 facultatem
805 5431 925 5497 ejus
954 5435 1165 5496 generis
1199 5429 1438 5484 innatam
1493 5433 1732 5500 quaesita:
1765 5433 2018 5498 similem,

465 5529 672 5572 natura:
703 5520 864 5585 bono,
899 5537 1004 5574 non
1040 5521 1324 5575 industriae
1367 5523 1630 5577 beneﬁcio
1667 5526 1853 5579 rhetor
1879 5543 2022 5596 qua-:-

2129 5435 2222 5487 καὶ
2261 5435 2466 5487 ὁπόταν
2521 5434 2706 5502 ἐκείνη
2776 5433 2896 5494 ταῖς
2953 5429 3246 5498 νεωτέραις
3303 5425 3700 5492 συνεξητάζετο

2131 5526 2366 5594 γυναιξὶ,
2397 5527 2582 5596 θαῦμα
2613 5527 2870 5598 ἄντικρυς
2899 5521 2988 5596 ἦν,
3011 5523 3194 5577 πολιὸν
3219 5523 3276 5575 ὲν
3305 5521 3474 5590 νεαρᾷ
3507 5519 3696 5588 ἡλικία

1523 5701 1721 5762 Variae
1781 5702 2083 5766 lectiones
2113 5723 2186 5767 ex
2222 5707 2336 5768 cod
2397 5705 2664 5768 Coislin.

547 5799 566 5830 "
601 5796 994 5866 ἀναλωμάτων.
1072 5799 1092 5830 ⁸
1119 5800 1512 5862 πιθανώτατος.
