4068 6266
299 286 391 349 293

1532 294 1942 354 ALEXIADIS
1961 291 2123 355 'LIB.
2173 294 2285 355 ΙΙΙ.

3453 294 3561 358 294

307 404 482 466 ὶέντος
517 406 619 457 τοῦ
655 405 1040 477 φιλανθρώπου
1072 407 1148 478 τῷ
1177 408 1273 478 τῆς
1297 409 1474 479 ψυχῆς
1511 411 1882 481 ἀναστήματι.

1997 410 2196 462 nachos
2249 407 2524 478 prmeipuo
2569 421 2787 477 semper
2832 407 2950 478 38
3002 406 3056 462 in
3108 409 3314 463 honore
3369 408 3556 462 habuit

321 495 377 547 [δ
426 495 485 548 δὲ
532 491 675 566 ἦθος
727 499 862 566 αὐτῇ
913 499 1329 570 ὑποκαθήμενον
1366 501 1501 572 πρὸς
1557 503 1884 571 ἐνθυμήσεις

1996 501 2442 568 familiariterque
2477 499 2724 554 adhibuit
2769 499 2836 552 ad
2888 515 3129 554 mensam
3160 517 3174 552 :
3207 509 3261 554 et
3302 500 3403 553 hos
3433 501 3562 568 qui-

321 589 395 640 ἐιεὶ
426 589 756 660 καινοτέρας
774 590 1128 662 ἀνελιττούσῃ
1156 593 1254 656 τὰς
1293 592 1538 662 γνώμας,
1569 595 1629 646 οὐ
1657 595 1886 662 φθαρτι-

1997 593 2112 646 dem
2140 595 2212 648 ita
2247 593 2485 658 assidue,
2520 601 2574 646 ut
2602 608 2757 647 nemo
2787 592 2934 646 illam
2967 591 3374 646 accumbentem
3411 590 3564 644 vide-

319 680 412 742 ιὰς
461 679 556 733 τοῦ
615 681 822 744 κοινοῦ,
885 682 960 744 ὥς
1015 699 1159 744 τινες
1219 683 1681 754 ὑπετονθόρυζον,
1748 684 1887 738 ἀλλὰ

320 774 613 836 σωστικὰς,
663 775 762 825 καὶ
814 775 1173 845 διεφθορυῖαν
1225 777 1327 847 ἢδη
1382 777 1477 846 τὴν
1503 777 1778 846 βασιλείαν
1829 780 1886 840 ἐς

317 861 636 930 3).οκ).ηρίαν
693 863 1099 932 ὲπαναγούσας,
1137 866 1206 918 τά
1262 882 1320 919 τε
1356 867 1450 922 τοῦ
1491 867 1674 920 κοινοῦ
1715 869 1795 930 είς
1826 867 1884 920 τὸ

318 952 481 1020 μηδὲν
519 952 827 1023 ἰληλακότα
873 958 1300 1027 ὲπανορθούσας,
1326 959 1401 1020 ὡς
1433 958 1684 1028 δύναμις.
1719 959 1883 1028 Πλὴν,

312 1045 358 1096 εί
407 1045 505 1098 καὶ
556 1049 623 1116 τῇ
683 1047 795 1100 τῶν
852 1049 1048 1101 κοινῶν
1086 1049 1354 1120 διοικήσει
1393 1051 1756 1121 ὲνησχολείτο,
1786 1053 1886 1121 τῆς

314 1140 421 1198 τοῖς
446 1141 707 1208 μοναχοῖς
741 1140 1122 1210 προσηκούσης
1138 1141 1413 1212 διαγωγῆς
1435 1143 1685 1213 οὐδαμῶς
1716 1162 1886 1199 κατα-

315 1228 676 1296 πεφρονήκει.
723 1229 884 1282 Ἀλλὰ
930 1232 990 1282 τὸ
1016 1230 1201 1283 πλεῖον
1253 1233 1352 1302 μὲν
1387 1235 1484 1302 τῆς
1513 1236 1728 1298 νυκτὸς,
1760 1236 1884 1297 τοὺς

317 1318 492 1387 ἱεροὺς
534 1317 858 1389 ἀπεπλήρου
913 1319 1136 1390 ὕμνους,
1205 1327 1476 1394 προσευχῇ
1533 1342 1588 1378 τε
1647 1330 1885 1399 συντόνῳ

315 1416 402 1464 καὶ
423 1414 708 1483 ἀγρυπνίᾳ
741 1422 1124 1486 συντετηκυῖα,
1156 1419 1285 1486 περὶ
1317 1420 1373 1472 δὲ
1405 1419 1466 1471 τὸ
1492 1419 1734 1489 ὄρθριον,
1769 1423 1885 1473 ἐστι

315 1503 354 1555 δ’
386 1505 473 1556 ὅτε
499 1505 594 1557 καὶ
624 1505 886 1577 δευτέρας
907 1508 1376 1579 ἀλεκτοροφωνίας
1398 1511 1508 1580 (i3)
1525 1514 1643 1572 ταῖς
1661 1513 1754 1564 τοῦ
1781 1531 1889 1568 κοι-

315 1595 402 1646 νοῦ
427 1595 759 1664 προσέκειτο
779 1596 1102 1667 διοικήσεσι,
1133 1601 1260 1668 περί
1280 1617 1335 1654 τε
1364 1601 1730 1670 ἀρχαιρεσιῶν
1764 1621 1887 1656 σκο-

314 1688 488 1740 ποῦσα
530 1689 628 1740 καὶ
658 1689 758 1752 τὰς
813 1690 920 1744 τῶν
949 1691 1218 1762 δεομένων
1269 1695 1516 1766 αίτήσεις
1567 1696 1884 1761 ἐπιλύουσα,

1994 685 2061 738 rit
2101 687 2218 737 sine
2269 684 2550 738 monachis
2584 683 2850 737 convivis.
2883 681 3102 751 Species
3137 692 3256 735 erat
3289 681 3410 750 ejus
3452 691 3562 735 tota

1994 775 2321 830 venerabilis
2369 775 2602 844 angelis,
2639 775 2976 828 daemonibus
3009 773 3294 838 terribilis,
3326 773 3513 826 lascivi
3536 789 3564 828 ε

1992 875 2046 921 et
2096 866 2452 936 volnptarios,
2507 865 2551 920 si
2597 867 2688 936 qui
2743 872 3132 928 occurrerent,
3186 872 3296 917 tam
3347 864 3567 917 acribus

1994 955 2188 1024 ﬁgebat
2221 955 2416 1017 oculis,
2446 965 2504 1008 ut
2550 955 2895 1009 severitatem
2935 964 3192 1023 aspectus
3236 954 3385 1008 illius
3420 953 3564 1009 ferre

1996 1060 2108 1097 non
2142 1053 2364 1113 possent
2398 1060 2412 1096 :
2444 1044 2706 1098 modestis
2743 1058 2873 1097 sane
2921 1057 2987 1096 ac
3021 1043 3206 1112 probis
3235 1043 3458 1097 hilarem
3507 1058 3568 1098 se

1994 1151 2056 1187 ac
2098 1135 2383 1204 propitiam
2419 1135 2617 1189 ferens.
2655 1134 2786 1187 Nam
2821 1134 3058 1188 tristitiae
3083 1134 3301 1188 modum
3340 1135 3566 1204 perinde

1995 1239 2158 1296 alque
2201 1229 2492 1283 hilaritatis
2520 1237 2680 1282 norat
2734 1227 3084 1298 tenebatque,
3119 1235 3178 1281 nt
3210 1243 3386 1296 neque
3438 1241 3565 1297 gra-

1992 1323 2133 1374 vitas
2162 1323 2281 1391 ejus
2311 1322 2501 1375 tetrica
2535 1321 2760 1374 nimium
2793 1335 2857 1373 ac
2889 1319 3023 1385 fera,
3057 1333 3159 1373 nec
3191 1334 3379 1374 rursus
3429 1318 3563 1372 alia-

1994 1416 2178 1469 hilitas
2227 1416 2378 1482 justo
2438 1415 2713 1476 blandior",
2769 1424 2822 1466 et
2877 1412 3113 1467 levitatis
3160 1412 3334 1466 allinis
3393 1411 3561 1466 videri

1998 1516 2186 1574 posset.
2231 1523 2245 1560 :
2297 1508 2430 1562 adeo
2489 1506 2913 1560 mediocritatem
2970 1504 3256 1560 amabilem
3307 1505 3470 1559 simul
3511 1516 3566 1560 et

1996 1599 2366 1651 venerabilem
2399 1614 2464 1652 ex
2505 1599 2758 1652 mistione
2791 1598 3148 1652 humanitatis
3173 1613 3294 1651 cum
3335 1597 3568 1651 austeri-

1996 1698 2106 1743 tate
2143 1698 2564 1758 temperaverat,
2591 1697 2708 1742 arte
2734 1689 2971 1758 quadam
3001 1697 3055 1741 et
3085 1696 3286 1743 conatu
3327 1689 3564 1754 virtutis;

315 1780 916 1850 ὑπογραμματεύοντπ
949 1784 1086 1854 αὐτῇ
1142 1785 1448 1856 Γρηγορίου
1491 1787 1583 1840 τοῦ
1612 1789 1884 1843 Γενεσίου.

1997 1799 2116 1836 nam
2159 1793 2352 1852 suapte
2386 1792 2580 1836 natura
2618 1783 2942 1852 propensior
2969 1783 3033 1836 ad
3088 1785 3241 1837 triste
3288 1798 3352 1837 ac
3396 1784 3569 1847 medi:

314 1873 496 1926 Ταῦτα
533 1874 690 1937 εἴτις
747 1875 1007 1944 ἠϐούλετο
1039 1877 1222 1948 ῥήτωρ
1267 1879 1348 1941 είς
1393 1879 1672 1948 ὲγκωμίου
1699 1880 1890 1950 λόγους

311 1969 564 2034 ἀγαγεῖν,
597 1968 748 2032 τίνας
779 1969 845 2022 ἂν
876 1972 972 2022 οὐκ
999 1971 1360 2042 ἀπεκρύψατο
1388 1973 1495 2026 τῶν
1528 1974 1700 2026 πάλαι
1740 1991 1894 2043 περιρ

313 2059 520 2128 6οήτων
556 2063 645 2111 ἐπ’
691 2063 861 2130 ἀρετῇ
897 2062 991 2114 καὶ
1035 2063 1155 2115 κατ’
1198 2065 1486 2134 ἀμφότερα
1517 2066 1585 2117 τὰ
1617 2068 1747 2133 γένη
1789 2083 1890 2134 φα-

312 2148 500 2212 νέντας
521 2154 864 2219 περιφανεῖς,
898 2155 1008 2216 τοῖς
1043 2155 1436 2225 ἐπιχειρήμασι
1465 2158 1558 2209 καὶ
1588 2161 1710 2220 ταῖς
1755 2159 1891 2228 πρὸς

315 2242 505 2305 ἀλλους
536 2246 894 2312 συγκρίσεσιν
925 2245 1164 2313 ὲξογκῶν
1201 2249 1280 2309 εἰς
1322 2249 1464 2316 μέγα
1505 2249 1602 2319 τὴν
1634 2253 1888 2303 ἐπαινου-

317 2334 501 2402 μένην,
522 2333 716 2404 ὥσπερ
743 2336 905 2404 νόμος
936 2339 1053 2390 ἐστὶ
1081 2341 1192 2402 τοῖς
1216 2342 1688 2410 ὲγκωμιάζουσιν;
1732 2343 1892 2397 Ἀλλὰ

314 2427 374 2477 τὰ
401 2427 500 2494 τῆς
547 2427 794 2496 ἱστορίας
840 2430 938 2498 οὐχ
995 2427 1168 2494 οὕτως
1200 2433 1386 2485 ἄδειαν
1428 2434 1614 2486 δίδωσι
1643 2435 1720 2504 τῷ
1768 2453 1894 2503 συγ-

316 2517 598 2585 γράφοντι.
629 2519 830 2588 Διόπερ
874 2521 922 2571 εί
961 2523 1089 2590 περὶ
1119 2523 1326 2590 ταύτης
1363 2526 1462 2591 τῆς
1508 2523 1782 2593 βασιλίδος
1809 2527 1894 2578 λέ-

319 2628 497 2677 γοντες
560 2611 634 2663 τὰ
693 2612 910 2680 μεγάλα
966 2616 1556 2687 σμικροπρεπέστερον
1623 2617 1889 2688 εἴπωμεν,

319 2704 501 2772 μηδεὶς
557 2703 666 2756 ὑπὸ
730 2703 942 2772 μέμψιν
993 2708 1172 2773 ἀγέτω
1226 2708 1318 2759 τὸν
1395 2708 1572 2774 λόγον,
1630 2711 1745 2762 ὅσοι
1794 2711 1892 2781 τὴν

318 2792 526 2863 ἐκείνης
581 2792 792 2846 οἴδασιν
824 2797 867 2826 ¹⁶
898 2795 1099 2864 ἀρετὴν
1147 2798 1240 2849 καὶ
1290 2798 1381 2850 τὸν
1412 2800 1574 2866 ὄγκον
1609 2801 1701 2854 τοῦ
1733 2802 1896 2866 ἀξιώ-

322 2901 504 2950 ματος,
555 2887 653 2938 καὶ
709 2887 770 2939 τὸ
825 2886 1081 2958 ἀγχίνουν
1138 2891 1195 2942 ἐν
1238 2890 1433 2956 ἅπασι,
1482 2895 1676 2947 καὶτὸ
1727 2897 1895 2964 ἀκρο-

322 2977 613 3042 9υέστατον
643 2979 736 3032 τοῦ
773 2983 1143 3052 φρονήματος.
1181 2982 1372 3052 Ἠμείς
1397 2985 1451 3036 δὲ
1479 2987 1603 3038 ὅθεν
1637 2989 1765 3057 περὶ
1798 2989 1896 3040 αὑ-

324 3069 406 3137 τῆς
459 3070 717 3136 λέγοντες
778 3073 974 3142 μικρόν
1017 3091 1068 3126 τι
1120 3075 1558 3144 ἐξετραπόμεθα,
1606 3079 1769 3131 πάλιν
1802 3081 1899 3131 ἐπ-

324 3160 758 3231 ανακὰμψωμεν.
822 3163 1034 3234 Ἐκείνη
1093 3143 1274 3220 τοίνυν
1469 3169 1784 3238 βασιλείαν,
1821 3143 1965 3232 ὡςΟ

324 3251 547 3322 ἔφημεν,
574 3254 910 3318 διιθύνουσα,
950 3257 1070 3310 οὐδὲ
1120 3257 1217 3327 τὴν
1273 3258 1452 3310 πᾶσαν
1509 3261 1720 3329 ἡμέραν
1774 3263 1894 3323 ταῖς

325 3348 608 3414 κοσμικαῖς
661 3346 774 3417 (14)
823 3349 1102 3419 φροντίσιν
1153 3348 1454 3418 ἀφώριστο,
1491 3351 1627 3402 ἀλλὰ
1683 3353 1781 3414 τὰς
1832 3354 1895 3404 ἐκ

324 3437 484 3490 τύπου
529 3441 879 3509 λειτουργίας
933 3442 1012 3503 εἰς
1045 3443 1105 3493 τὸ
1139 3443 1283 3510 ἱερὸν
1329 3444 1552 3511 τέμενος
1599 3443 1692 3512 τῆς
1756 3443 1893 3512 μάρ-

324 3546 473 3603 τυρος
536 3532 748 3596 Θέκ).ας
804 3533 849 3564 ⁸⁷
902 3533 1012 3603 (15)
1066 3535 1412 3604 ἀπεπλήρου,
1472 3537 1609 3606 ὅπερ
1658 3539 1686 3588 ὁ
1734 3537 1888 3588 αὐτοι

2003 1877 2226 1928 tandum
2265 1875 2541 1928 silentium
2575 1883 2691 1927 erat
2719 1916 2734 1939 ,
2769 1889 2865 1943 per
2912 1875 3054 1943 quod
3095 1889 3263 1927 novas
3307 1882 3362 1927 ct
3396 1891 3567 1930 novas

1993 1983 2206 2036 semper
2229 1967 2572 2034 concipiebat
2592 1966 2953 2034 versabatque
2976 1965 3158 2018 animo
3182 1965 3565 2035 cogitationes,

1993 2077 2100 2113 nm
2141 2058 2474 2128 perniciosas
2509 2059 2846 2126 reipublicae,
2876 2066 2934 2110 ut
2965 2057 3212 2111 malevoli
3252 2073 3565 2110 murmura-

1949 2227 1958 2234 .
1992 2154 2144 2215 ιυυι,
2177 2153 2270 2206 sed
2296 2154 2518 2206 omnino
2543 2153 2831 2216 salutares,
2863 2162 2915 2204 et
2948 2151 3218 2219 perditum
3246 2149 3357 2218 jam
3387 2149 3562 2218 impe-

1993 2244 2131 2296 rium
2161 2257 2407 2312 peneqtte
2442 2243 2506 2295 ad
2542 2241 2772 2294 nihilum
2808 2241 3088 2294 redactum
3120 2239 3172 2292 in
3207 2247 3374 2292 totum
3403 2238 3570 2292 decus

1992 2334 2369 2402 amplitudinis
2412 2334 2676 2402 pristinae,
2730 2343 2993 2401 quantum
3046 2330 3161 2384 ﬁeri
3198 2317 3568 2399 poteratfre-

1994 2435 2273 2496 parantes.
2361 2426 2630 2480 Caeterum
2709 2432 3138 2493 quantacunque
3224 2423 3566 2492 negotiorum

1996 2519 2163 2570 moles
2213 2517 2553 2569 incumberet
2581 2558 2594 2579 ,
2631 2530 2983 2585 nequaquam
3023 2516 3092 2566 ita
3124 2513 3212 2566 illa
3248 2529 3306 2568 se
3337 2513 3569 2582 opprimi

1994 2614 2232 2678 sinebat,
2263 2623 2322 2666 ut
2346 2613 2410 2665 ad
2440 2613 2694 2681 religiosa
2723 2611 2898 2665 cilicia
2923 2613 3045 2664 vita:
3073 2610 3387 2663 monasticae
3408 2626 3569 2678 quam

1996 2722 2263 2772 usurpare
2296 2706 2347 2757 in
2377 2705 2576 2773 palatio
2602 2707 2938 2764 decreverat,
2973 2702 3189 2770 praeripi
3223 2703 3324 2756 sibi
3354 2709 3570 2770 tempus

1997 2806 2292 2866 pateretur.
2327 2795 2524 2849 Verum
2563 2795 2876 2863 pleramque
2906 2794 3080 2846 noctis
3113 2803 3318 2858 partem
3363 2793 3567 2847 divinis

2000 2890 2250 2958 hymnis,
2305 2889 2464 2956 juxta
2526 2887 2956 2956 descriptionem
3009 2886 3442 2940 ecclesiasticam
3509 2885 3570 2940 in

1998 2983 2191 3034 dittrna
2223 2989 2338 3032 toto
2389 2993 2533 3032 anno
2585 2993 2752 3046 pensa
2804 2978 3152 3045 dispensatis,
3191 2977 3399 3044 integre
3451 2976 3574 3029 red-

1999 3073 2192 3124 tlctltlis
2225 3087 2284 3122 ac
2317 3069 2656 3124 celebrandis
2683 3069 3022 3122 insumebat:
3045 3077 3156 3120 tuttt
3189 3083 3292 3120 non
3315 3067 3569 3133 exiguum

2001 3165 2236 3232 Spatium
2297 3178 2490 3214 somno
2549 3161 2858 3214 detractum
2917 3159 3208 3213 fitntlcndis
3280 3159 3347 3211 ad
3403 3160 3569 3212 Deum

1999 3257 2228 3324 privatis
2263 3254 2518 3322 pri-cibus
2548 3261 2602 3305 et
2655 3262 2868 3310 caetera
2925 3252 3174 3317 religioni
3219 3251 3402 3314 dabat,
3429 3251 3572 3305 haud

2000 3350 2178 3402 dnliis
2213 3355 2496 3400 nocturna:
2533 3344 2899 3398 contentionis
2923 3351 2977 3397 et
3007 3342 3317 3412 vigiliarum
3352 3344 3404 3397 in
3444 3358 3576 3398 con-

2001 3443 2125 3495 freti
2154 3439 2516 3509 exhaustique
2541 3438 2714 3491 macie
2737 3436 2984 3504 corporis
3014 3437 3185 3506 signis
3205 3437 3575 3493 exstantibus.

2004 3531 2122 3585 Sub
2153 3547 2214 3584 ea
2251 3532 2394 3584 circa
2446 3529 2745 3582 diluculum
2790 3527 2927 3595 fere,
2967 3544 3360 3598 nonnunquam
3406 3545 3435 3584 a
3483 3545 3572 3585 se-

1343 3649 1546 3709 Varite
1599 3649 1901 3710 lectiones
1939 3663 2013 3706 ex
2052 3643 2195 3704 cod.
2228 3643 2487 3704 Coisliu.

387 3747 431 3779 ¹⁶
462 3749 664 3802 ἴσασιν.
745 3747 788 3778 ¹⁷
812 3744 1038 3816 Θέκλης.

1420 3839 1560 3899 Car.
1597 3835 1957 3909 Dulresnii:
1995 3838 2091 3896 Du
2121 3833 2340 3910 Cangii
2378 3840 2564 3893 notae.

388 3942 502 4064 (15g
543 3941 1117 4007 Ἀλεκτρυοφωνιάς.
1185 3940 1455 4002 Romani,
1528 3948 1586 3994 ut
1636 3950 1893 3992 auctores

388 4022 444 4064 nt
501 4012 816 4064 lacrobius.
851 4012 945 4064 Ilit.
978 4028 989 4063 I
1019 4027 1033 4064 :
1083 4010 1304 4063 Saturn.
1333 4020 1386 4062 et
1417 4012 1772 4064 tLt-nsorinus.
1823 4009 1893 4060 De

323 4009 444 4066 sunt
474 4009 816 4071 Macrobius,
851 4012 945 4074 Ilit,
978 4028 989 4063 I
1019 4027 1033 4072 ;
1083 4010 1304 4063 Saturn.
1333 4020 1386 4062 et
1417 4012 1772 4072 tLt-nsorinus,
1823 4009 1894 4060 De

321 4083 404 4134 die
433 4083 629 4142 natali,
666 4095 791 4149 cap.
836 4079 928 4143 24,
987 4081 1128 4132 diem
1189 4081 1402 4132 civilem
1434 4093 1463 4131 a
1495 4081 1669 4132 media
1729 4088 1890 4130 nocte

321 4153 677 4220 incipiebant,
710 4151 872 4217 cujus
916 4151 1142 4218 primam
1171 4159 1378 4219 partem
1410 4152 1472 4220 de
1507 4150 1677 4200 media
1724 4159 1890 4211 nocte,

320 4219 545 4274 alteram
575 4220 930 4287 gallicinium,
980 4220 1192 4271 terti.un
1245 4219 1605 4280 conticinium,
1641 4231 1890 4286 quartam

321 4293 556 4358 denique
583 4289 877 4342 diluculum
899 4291 1188 4343 vocabant.
1207 4287 1361 4342 Tunc
1381 4291 1528 4342 subit
1556 4304 1728 4348 mane.
1765 4301 1888 4341 cum

321 4360 408 4412 lnx
440 4363 656 4414 videtur
683 4361 840 4412 solis.
871 4360 969 4411 Alii
1004 4369 1217 4411 noctem
1261 4361 1314 4410 in
1361 4371 1564 4425 septem
1592 4367 1772 4426 partes
1806 4358 1892 4409 di-

320 4431 512 4483 vidunt
555 4447 568 4481 :
605 4428 849 4482 Joannes
881 4431 947 4481 de
975 4426 1172 4489 Janua,
1209 4427 1395 4480 Prima
1429 4444 1552 4492 pars
1603 4428 1770 4479 tinctis
1803 4429 1890 4478 tli-

322 4504 457 4551 citur
478 4497 873 4568 crepusculum,
908 4502 1138 4552 secunda
1167 4498 1531 4561 conticinium,
1582 4499 1738 4550 tertia
1770 4497 1887 4563 gal-

321 4570 588 4633 licinium,
648 4569 909 4635 (pritnunt
974 4569 1210 4633 SCIiiCt‘l)
1253 4579 1445 4636 quarta
1502 4569 1889 4632 intempestum,

321 4641 502 4704 quinta
532 4642 728 4692 iterum
753 4637 1113 4706 gallicinium,
1141 4639 1464 4707 (secundum
1501 4653 1716 4706 nempe,
1747 4639 1890 4704 quod

325 4714 409 4762 hic
436 4711 669 4779 δευτέρα
723 4709 1424 4779 dientpuotpwvia.“dicitur)
1480 4719 1630 4760 sexta
1677 4710 1894 4759 matuti-

323 4794 467 4843 ιιιιιιι,
505 4775 735 4847 ιεριὶηια
782 4775 1122 4847 diluculum.
1156 4775 1397 4847 Primum
1437 4779 1771 4844 gallicinium
1813 4782 1894 4829 itt-

323 4860 498 4915 nuuut
533 4844 691 4902 hisce
731 4850 915 4901 verbis
941 4849 1074 4899 Acta
1101 4846 1158 4898 S.
1189 4844 1408 4915 Thyrsi,
1446 4864 1565 4915 cap.
1599 4847 1651 4908 8,
1693 4864 1744 4899 ιι.
1774 4847 1840 4898 57
1875 4864 1888 4899 :

335 4914 432 4969 δ’ἐκ
465 4922 702 4984 primunt
733 4917 911 4984 pullus
951 4917 1166 4968 dederat
1198 4914 1434 4968 cantum.
1469 4914 1599 4967 Nam
1631 4917 1832 4982 pullum
1865 4931 1892 4967 ιι

321 4991 697 5050 grammaticis
739 5004 838 5054 pro
873 4986 1018 5054 gallo
1048 4988 1355 5053 gallinaceo
1408 4987 1550 5038 sumi
1607 5000 1792 5037 notum
1830 5001 1923 5038 ex.

319 5059 375 5109 δ.
418 5059 720 5110 Ambrosio
749 5062 812 5108 ad
845 5058 984 5110 lren.
1009 5055 1146 5118 Quid
1175 5057 1227 5106 in
1257 5056 1443 5119 puellis
1466 5058 1664 5122 ?quam
1698 5072 1896 5108 canora

321 5143 425 5178 eoa:
455 5127 586 5196 galli
619 5167 634 5191 ,
669 5129 1046 5193 nocturnisque
1096 5129 1289 5178 vicibus
1329 5126 1560 5177 solemne
1610 5142 1798 5178 munus
1831 5126 1897 5176 nd

322 5201 665 5249 excitandum
687 5207 734 5248 et
757 5199 1053 5250 canendum
1072 5197 1096 5247 ἰ)
1133 5196 1267 5248 llinc
1290 5197 1464 5262 pullus
1485 5211 1582 5264 pro
1601 5197 1838 5264 gallicini
1865 5216 1896 5257 ι,

325 5267 377 5317 ιιι
416 5267 620 5334 Regula
646 5270 913 5334 magistri,
945 5280 1068 5332 cap.
1095 5267 1163 5318 55
1188 5283 1200 5317 :
1233 5269 1293 5318 ln
1324 5269 1488 5318 hieme
1517 5268 1801 5316 carendum
1823 5275 1899 5317 est

327 5353 388 5386 ne
413 5353 698 5389 noctumos
741 5338 924 5402 pullus
982 5347 1072 5388 aut
1121 5337 1413 5399 antecedat,
1465 5345 1555 5388 aut
1585 5336 1898 5402 deprentlat.

327 5408 474 5474 Alias
498 5409 768 5473 pullorum
799 5416 990 5459 cantus
1039 5407 1236 5459 dicitur
1266 5421 1320 5458 ιιι
1355 5407 1542 5459 eadem
1593 5405 1815 5474 Regula,
1848 5408 1900 5456 in

335 5473 450 5528 Vita
504 5482 561 5530 ὃ.
629 5476 820 5532 Fursei
873 5481 1120 5530 cont'ess.
1171 5490 1289 5543 cap.
1333 5477 1378 5539 t,
1414 5493 1466 5528 ιι.
1520 5475 1593 5541 6;
1653 5473 1706 5528 in
1786 5476 1903 5527 Vita

332 5545 389 5614 ξ.
454 5547 673 5602 Davidis
733 5548 1065 5614 archiepisc.
1122 5544 1488 5610 Meneuensis,
1551 5564 1604 5598 n.
1653 5546 1737 5611 17,
1784 5556 1902 5614 etc.

331 5611 473 5668 Pulli
506 5630 696 5671 cantus
724 5620 778 5671 in
813 5611 960 5670 Misi.
995 5619 1249 5669 translat.
1282 5615 1344 5670 S.
1369 5615 1569 5670 Joann.
1594 5615 1714 5669 abb.
1772 5613 1904 5667 Rea-

332 5701 567 5742 manens.
620 5704 746 5761 cap.
794 5690 848 5745 5.
906 5685 1052 5751 Quin
1098 5695 1149 5743 et
1199 5690 1549 5743 observatum
1606 5687 1816 5755 piidetu
1873 5697 1904 5738 a

2004 3937 2138 3988 viris
2171 3934 2346 4008 doctis
2371 3934 2511 4008 apud
2533 3936 2972 4008 evangelistam,
3009 3937 3061 3990 in
3092 3953 3192 3990 ms.
3228 3937 3574 3996 bibliotheca:

2006 4008 2186 4076 iteagite
2215 4004 2312 4070 legi
2343 4024 2368 4076 ,ε
2405 4004 2573 4056 Tertio
2601 4006 2746 4072 pullo
2781 4017 2856 4058 ter
2886 4024 2964 4058 me
3008 4009 3243 4076 negabis,
3275 4009 3364 4061 ubi
3413 4009 3573 4064 lectio

2009 4075 2232 4144 Vulgata
2269 4074 2430 4127 habet
2478 4091 2490 4126 :
2526 4076 2816 4143 Antequam
2848 4077 3020 4144 gallus
3054 4074 3251 4140 cantet,
3283 4089 3360 4131 ter
3383 4093 3462 4131 me
3485 4095 3575 4132 ne-

2001 4145 2169 4216 gabis.
2198 4143 2448 4216 ltarapud
2502 4147 2852 4213 Atntnianum
2891 4147 3287 4212 Mareellinam,
3339 4149 3431 4200 lib.
3475 4165 3568 4216 xx,

1999 4217 2204 4284 pullttm
2227 4215 2487 4287 silentem,
2523 4217 2857 4285 gallicinium
2883 4221 3270 4287 interpretatur
3297 4215 3569 4285 Valesius,

2003 4289 2093 4340 tthi
2133 4287 2198 4336 tle
2228 4285 2440 4356 Juliani
2473 4289 2892 4354 inauguratione
2940 4307 2953 4342 :
2984 4285 3377 4356 linpositnsque
3419 4299 3573 4343 scuto

1999 4357 2245 4424 pedestri.
2279 4368 2324 4407 et
2357 4355 2621 4427 sublatius
2659 4359 2911 4419 eminens,
2954 4357 3099 4421 pullo
3157 4357 3345 4411 silente
3399 4361 3578 4427 Angu-

1997 4441 2109 4479 stus
2143 4427 2501 4495 renuntiatus.
2550 4425 2638 4478 Sie
2697 4428 2844 4479 enim
2880 4431 3174 4495 praeferunt
3221 4445 3354 4481 tnss.
3381 4437 3430 4480 et
3458 4425 3575 4481 eili-

1996 4500 2172 4549 tiones
2193 4494 2434 4547 Romana
2457 4495 2862 4561 ctFlorentina,
2881 4494 2986 4550 non
3014 4515 3139 4550 vero
3163 4499 3330 4561 nullo,
3360 4508 3416 4551 ut
3444 4497 3575 4550 Vul-

1994 4577 2151 4632 gatm.
2186 4568 2278 4620 llis
2304 4568 2447 4616 enim
2487 4567 2666 4618 verbis
2695 4569 2998 4636 designavit
3041 4567 3389 4621 Marcellinus
3421 4568 3572 4636 ὤραν

1995 4637 2209 4706 τρίτην,
2240 4652 2343 4700 qua
2377 4650 2435 4687 se
2469 4636 2851 4703 imperatorem
2897 4640 3299 4705 proclamatum
3337 4649 3572 4693 testatur

1997 4707 2134 4758 idem
2209 4706 2456 4760 Julianus
2520 4708 2571 4757 in
2629 4706 2800 4773 Epist.
2868 4709 2932 4760 ad
2991 4708 3375 4760 Atheuienses.
3440 4707 3574 4762 Vide

1998 4777 2204 4831 Arnob.
2238 4780 2290 4829 in
2321 4774 2466 4828 Psal.
2502 4792 2620 4844 pag.
2661 4779 2785 4837 582.
2818 4779 2924 4830 485
2971 4779 3102 4832 edit.
3155 4776 3396 4830 Froben.
3429 4793 3443 4842 ;
3479 4776 3575 4829 Vi-

1999 4858 2108 4898 tam
2173 4849 2228 4902 δ.
2307 4845 2531 4916 blaterni
2590 4849 2762 4916 cpisc.
2819 4849 3032 4900 Trevir.
3107 4850 3250 4916 apud
3308 4845 3571 4915 Bosquet.

2001 4932 2122 4984 pag.
2159 4921 2260 4978 49;
2308 4914 2588 4969 Heinsium
2621 4914 2684 4970 ad
2732 4918 3012 4972 'l‘heocrit.
3047 4917 3120 4970 id.
3142 4914 3183 4969 77
3209 4959 3224 4985 ,
3257 4928 3311 4974 ct
3343 4914 3575 4972 Bourde-

2002 4993 2190 5040 lollttm
2224 4988 2288 5039 atl
2327 4987 2534 5038 lleliod.
2573 4989 2665 5041 lib.
2700 5003 2736 5038 Ι.

2074 5056 2185 5125 (14)
2259 5056 2612 5128 Κιισμωιαῖς.
2681 5057 2891 5111 Glossa:
2963 5055 3312 5111 Graeco-Lat.
3377 5074 3574 5128 κοσμι-

2001 5127 2117 5189 κὸς,
2155 5127 2449 5180 swenlarts.
2485 5125 2722 5179 Utuntur
2751 5130 3002 5182 Canones
3062 5129 3310 5195 Apostol.
3343 5125 3569 5193 can.'7;

2002 5197 2210 5250 Coneil.
2240 5196 2455 5249 Sat'dtc.
2487 5212 2536 5249 c.
2571 5197 2637 5259 7;
2673 5199 2928 5263 Ephesia.
2965 5207 3105 5265 part.
3142 5212 3178 5255 ι,
3215 5213 3266 5248 c.
3304 5197 3393 5258 50,
3424 5196 3450 5265 §
3489 5198 3520 5250 5
3551 5215 3566 5262 ;

2002 5267 2336 5321 Clutcedon.
2397 5282 2520 5318 can.
2588 5266 2642 5326 5,
2696 5267 2802 5331 25;
2873 5267 3332 5332 llartnenOpulus,
3387 5267 3482 5318 lib.
3528 5282 3570 5329 ι,

2005 5339 2086 5406 tit.
2111 5337 2165 5396 5,
2201 5335 2227 5406 §
2260 5337 2340 5400 l2,
2394 5335 2496 5392 i3:
2560 5334 3230 5406 Theopltylactus__I$ulg.
3269 5335 3447 5406 epist.
3481 5337 3569 5399 14,

2006 5401 2397 5474 Pachynteres,
2460 5407 2556 5457 lib.
2626 5401 2949 5474 v,:et'alii.
3011 5401 3571 5474 MundialisLVictOri

2009 5472 2274 5537 Uticensi,
2328 5475 2647 5537 Prudentin,
2684 5473 2882 5527 Joanni
2936 5473 3177 5526 Diacono
3237 5491 3290 5527 ιιι
3335 5472 3456 5530 Vita
3506 5477 3566 5530 S.

2006 5546 2236 5612 Grcgnr.
2261 5556 2313 5599 et
2347 5547 2724 5615 aliquotaliis.

2079 5611 2190 5684 (t5)
2229 5611 2476 5682 Τέμενοζι
2517 5614 2626 5682 τῆς
2661 5611 2912 5682 Θέκλας.
2945 5611 3192 5684 Quatuor
3219 5613 3562 5682 potissimum

2011 5689 2069 5743 ι).
2093 5683 2317 5740 Thecla:
2362 5693 2577 5739 sacrata
2615 5686 2815 5757 templa
2849 5683 3345 5756 Constantinopoli,
3378 5686 3460 5742 vel
3505 5687 3560 5740 in
