  <div class='ocr_page' id='page_1' title='image "/cluster/home/n/w/nwhite01/storage/ocr_20150623/131/mdp.39015078384248/180.png"; bbox 0 0 4068 6266; ppageno 0'>
   <div class='ocr_carea' id='block_1_1' title="bbox 339 383 3625 452">
    <p class='ocr_par' dir='ltr' id='par_1_1' title="bbox 339 383 3625 452">
     <span class='ocr_line' id='line_1_1' title="bbox 339 383 3625 452; baseline -0.001 -5"><span class='ocrx_word' id='word_1_1' title='bbox 339 388 442 447; x_wconf 67' lang='grc' dir='ltr'><strong>τὶῖΠ</strong></span> <span class='ocrx_word' id='word_1_2' title='bbox 1588 390 2006 452; x_wconf 74' lang='lat' dir='ltr'><strong>ALEXIADIS</strong></span> <span class='ocrx_word' id='word_1_3' title='bbox 2035 391 2179 451; x_wconf 79' lang='lat' dir='ltr'><strong>LIB.</strong></span> <span class='ocrx_word' id='word_1_4' title='bbox 2216 392 2309 452; x_wconf 82' lang='lat' dir='ltr'><strong>IV.</strong></span> <span class='ocrx_word' id='word_1_5' title='bbox 3518 383 3625 445; x_wconf 86' lang='lat'><strong>338</strong></span> 
     </span>
    </p>
   </div>
   <div class='ocr_carea' id='block_1_2' title="bbox 338 494 1958 571">
    <p class='ocr_par' dir='ltr' id='par_1_2' title="bbox 338 498 1956 571">
     <span class='ocr_line' id='line_1_2' title="bbox 338 498 1956 571; baseline 0.002 -20"><span class='ocrx_word' id='word_1_6' title='bbox 338 500 447 551; x_wconf 62' lang='grc' dir='ltr'>ἰδέα</span> <span class='ocrx_word' id='word_1_7' title='bbox 482 498 658 551; x_wconf 79' lang='grc' dir='ltr'>πλοῖα</span> <span class='ocrx_word' id='word_1_8' title='bbox 693 499 1193 570; x_wconf 84' lang='grc' dir='ltr'>παλινοστήσαντες</span> <span class='ocrx_word' id='word_1_9' title='bbox 1241 500 1515 571; x_wconf 77' lang='grc' dir='ltr'>εἰσῄεσαν,</span> <span class='ocrx_word' id='word_1_10' title='bbox 1550 501 1607 553; x_wconf 91' lang='grc'><strong>’0</strong></span> <span class='ocrx_word' id='word_1_11' title='bbox 1636 502 1691 554; x_wconf 80' lang='grc' dir='ltr'><strong>δὲ</strong></span> <span class='ocrx_word' id='word_1_12' title='bbox 1725 502 1956 555; x_wconf 75' lang='grc' dir='ltr'>Παλαισ-</span> 
     </span>
    </p>
   </div>
   <div class='ocr_carea' id='block_1_3' title="bbox 2066 494 3625 571">
    <p class='ocr_par' dir='ltr' id='par_1_3' title="bbox 2066 494 3625 568">
     <span class='ocr_line' id='line_1_3' title="bbox 2066 494 3625 568; baseline -0.011 -7"><span class='ocrx_word' id='word_1_13' title='bbox 2066 516 2367 562; x_wconf 76' lang='lat' dir='ltr'><strong>extrcmum</strong></span> <span class='ocrx_word' id='word_1_14' title='bbox 2397 502 2695 557; x_wconf 87' lang='lat' dir='ltr'><strong>discrimen</strong></span> <span class='ocrx_word' id='word_1_15' title='bbox 2731 501 3019 563; x_wconf 82' lang='lat' dir='ltr'><strong>adductus,</strong></span> <span class='ocrx_word' id='word_1_16' title='bbox 3054 513 3193 568; x_wconf 55' lang='lat' dir='ltr'><strong>agre</strong></span> <span class='ocrx_word' id='word_1_17' title='bbox 3223 496 3275 549; x_wconf 90' lang='lat' dir='ltr'><strong>in</strong></span> <span class='ocrx_word' id='word_1_18' title='bbox 3331 494 3473 548; x_wconf 98' lang='lat' dir='ltr'><strong>aliud</strong></span> <span class='ocrx_word' id='word_1_19' title='bbox 3526 509 3625 545; x_wconf 88' lang='lat' dir='ltr'><strong>na-</strong></span> 
     </span>
    </p>
   </div>
   <div class='ocr_carea' id='block_1_4' title="bbox 343 586 1958 669">
    <p class='ocr_par' dir='ltr' id='par_1_4' title="bbox 343 590 1944 665">
     <span class='ocr_line' id='line_1_4' title="bbox 343 590 1944 665; baseline 0.006 -25"><span class='ocrx_word' id='word_1_20' title='bbox 343 590 502 657; x_wconf 74' lang='grc' dir='ltr'>λόγος</span> <span class='ocrx_word' id='word_1_21' title='bbox 531 591 619 649; x_wconf 78' lang='grc' dir='ltr'>εἰς</span> <span class='ocrx_word' id='word_1_22' title='bbox 655 591 720 643; x_wconf 79' lang='grc' dir='ltr'><strong>τὸ</strong></span> <span class='ocrx_word' id='word_1_23' title='bbox 761 592 1000 661; x_wconf 82' lang='grc' dir='ltr'>κάστρον</span> <span class='ocrx_word' id='word_1_24' title='bbox 1037 592 1197 655; x_wconf 77' lang='grc' dir='ltr'>εὐθὺς</span> <span class='ocrx_word' id='word_1_25' title='bbox 1233 594 1477 648; x_wconf 76' lang='grc' dir='ltr'>εἴσεισιν.</span> <span class='ocrx_word' id='word_1_26' title='bbox 1526 594 1770 665; x_wconf 83' lang='grc' dir='ltr'>Ἡμέρας</span> <span class='ocrx_word' id='word_1_27' title='bbox 1812 595 1944 663; x_wconf 71' lang='grc' dir='ltr'>γοῦν</span> 
     </span>
    </p>
   </div>
   <div class='ocr_carea' id='block_1_5' title="bbox 2066 586 3625 669">
    <p class='ocr_par' dir='ltr' id='par_1_5' title="bbox 2066 586 3625 669">
     <span class='ocr_line' id='line_1_5' title="bbox 2066 586 3625 669; baseline -0.011 -16"><span class='ocrx_word' id='word_1_28' title='bbox 2066 600 2253 669; x_wconf 75' lang='lat' dir='ltr'><strong>tigium</strong></span> <span class='ocrx_word' id='word_1_29' title='bbox 2285 597 2523 652; x_wconf 89' lang='lat' dir='ltr'><strong>evadcns</strong></span> <span class='ocrx_word' id='word_1_30' title='bbox 2570 612 2629 650; x_wconf 91' lang='lat' dir='ltr'><strong>se</strong></span> <span class='ocrx_word' id='word_1_31' title='bbox 2672 594 2955 650; x_wconf 81' lang='lat' dir='ltr'><strong>subduxit.</strong></span> <span class='ocrx_word' id='word_1_32' title='bbox 3011 592 3161 645; x_wconf 87' lang='lat' dir='ltr'><strong>Duce</strong></span> <span class='ocrx_word' id='word_1_33' title='bbox 3216 590 3295 643; x_wconf 87' lang='lat' dir='ltr'><strong>sic</strong></span> <span class='ocrx_word' id='word_1_34' title='bbox 3336 597 3517 639; x_wconf 89' lang='lat' dir='ltr'><strong>amoto</strong></span> <span class='ocrx_word' id='word_1_35' title='bbox 3572 586 3625 638; x_wconf 93' lang='lat' dir='ltr'><strong>in</strong></span> 
     </span>
    </p>
   </div>
   <div class='ocr_carea' id='block_1_6' title="bbox 348 680 1958 761">
    <p class='ocr_par' dir='ltr' id='par_1_6' title="bbox 348 683 1944 754">
     <span class='ocr_line' id='line_1_6' title="bbox 348 683 1944 754; baseline 0.003 -19"><span class='ocrx_word' id='word_1_36' title='bbox 348 683 501 744; x_wconf 73' lang='grc' dir='ltr'>τινάς</span> <span class='ocrx_word' id='word_1_37' title='bbox 537 683 590 734; x_wconf 76' lang='grc' dir='ltr'><strong>οἱ</strong></span> <span class='ocrx_word' id='word_1_38' title='bbox 627 683 908 736; x_wconf 72' lang='grc' dir='ltr'>Βενετικοὶ</span> <span class='ocrx_word' id='word_1_39' title='bbox 975 684 1498 754; x_wconf 83' lang='grc' dir='ltr'>διαναπαυσάμενοι,</span> <span class='ocrx_word' id='word_1_40' title='bbox 1548 688 1944 741; x_wconf 80' lang='grc' dir='ltr'>ἀποστέλλουσι</span> 
     </span>
    </p>
   </div>
   <div class='ocr_carea' id='block_1_7' title="bbox 2066 680 3621 761">
    <p class='ocr_par' dir='ltr' id='par_1_7' title="bbox 2066 680 3621 761">
     <span class='ocr_line' id='line_1_7' title="bbox 2066 680 3621 761; baseline -0.012 -15"><span class='ocrx_word' id='word_1_41' title='bbox 2066 694 2289 761; x_wconf 77' lang='lat' dir='ltr'><strong>&#39;eliquos</strong></span> <span class='ocrx_word' id='word_1_42' title='bbox 2317 692 2427 760; x_wconf 89' lang='lat' dir='ltr'><strong>jam</strong></span> <span class='ocrx_word' id='word_1_43' title='bbox 2464 690 2744 760; x_wconf 68' lang='lat' dir='ltr'><strong>perculsos</strong></span> <span class='ocrx_word' id='word_1_44' title='bbox 2780 687 2966 743; x_wconf 77' lang='lat' dir='ltr'><strong>Veneti</strong></span> <span class='ocrx_word' id='word_1_45' title='bbox 3003 683 3379 739; x_wconf 69' lang='lat' dir='ltr'><strong>vehementius</strong></span> <span class='ocrx_word' id='word_1_46' title='bbox 3402 680 3621 742; x_wconf 81' lang='lat' dir='ltr'><strong>invecti,</strong></span> 
     </span>
    </p>
   </div>
   <div class='ocr_carea' id='block_1_8' title="bbox 2053 775 3628 852">
    <p class='ocr_par' dir='ltr' id='par_1_8' title="bbox 2053 775 3628 852">
     <span class='ocr_line' id='line_1_8' title="bbox 2053 775 3628 852; baseline -0.008 -15"><span class='ocrx_word' id='word_1_47' title='bbox 2053 786 2214 852; x_wconf 84' lang='lat' dir='ltr'><strong>plane</strong></span> <span class='ocrx_word' id='word_1_48' title='bbox 2276 800 2466 839; x_wconf 85' lang='lat' dir='ltr'><strong>(nnnes</strong></span> <span class='ocrx_word' id='word_1_49' title='bbox 2526 784 2578 836; x_wconf 91' lang='lat' dir='ltr'><strong>in</strong></span> <span class='ocrx_word' id='word_1_50' title='bbox 2632 782 2812 852; x_wconf 79' lang='lat' dir='ltr'><strong>fugam</strong></span> <span class='ocrx_word' id='word_1_51' title='bbox 2875 785 3213 840; x_wconf 70' lang='lat' dir='ltr'><strong>averterunt,</strong></span> <span class='ocrx_word' id='word_1_52' title='bbox 3271 775 3628 839; x_wconf 77' lang='lat' dir='ltr'><strong>insequentes</strong></span> 
     </span>
    </p>
   </div>
   <div class='ocr_carea' id='block_1_9' title="bbox 2053 866 3623 944">
    <p class='ocr_par' dir='ltr' id='par_1_9' title="bbox 2053 866 3623 944">
     <span class='ocr_line' id='line_1_9' title="bbox 2053 866 3623 944; baseline -0.011 -12"><span class='ocrx_word' id='word_1_53' title='bbox 2053 893 2231 944; x_wconf 81' lang='lat' dir='ltr'><strong>usque</strong></span> <span class='ocrx_word' id='word_1_54' title='bbox 2263 877 2327 930; x_wconf 81' lang='lat' dir='ltr'><strong>ad</strong></span> <span class='ocrx_word' id='word_1_55' title='bbox 2356 876 2769 929; x_wconf 84' lang='lat' dir='ltr'><strong>tabernaculum</strong></span> <span class='ocrx_word' id='word_1_56' title='bbox 2801 872 3026 927; x_wconf 83' lang='lat' dir='ltr'><strong>Roherti</strong></span> <span class='ocrx_word' id='word_1_57' title='bbox 3063 890 3075 923; x_wconf 90' lang='lat'>:</span> <span class='ocrx_word' id='word_1_58' title='bbox 3133 868 3264 938; x_wconf 87' lang='lat' dir='ltr'><strong>quin</strong></span> <span class='ocrx_word' id='word_1_59' title='bbox 3309 866 3472 921; x_wconf 87' lang='lat' dir='ltr'><strong>etiam</strong></span> <span class='ocrx_word' id='word_1_60' title='bbox 3523 880 3623 917; x_wconf 74' lang='lat' dir='ltr'><strong>ex—</strong></span> 
     </span>
    </p>
   </div>
   <div class='ocr_carea' id='block_1_10' title="bbox 2053 961 3627 1025">
    <p class='ocr_par' dir='ltr' id='par_1_10' title="bbox 2053 961 3627 1025">
     <span class='ocr_line' id='line_1_10' title="bbox 2053 961 3627 1025; baseline -0.011 0"><span class='ocrx_word' id='word_1_61' title='bbox 2053 971 2343 1025; x_wconf 85' lang='lat' dir='ltr'><strong>scensione</strong></span> <span class='ocrx_word' id='word_1_62' title='bbox 2381 970 2564 1025; x_wconf 88' lang='lat' dir='ltr'><strong>subito</strong></span> <span class='ocrx_word' id='word_1_63' title='bbox 2594 968 2733 1023; x_wconf 75' lang='lat' dir='ltr'><strong>facta</strong></span> <span class='ocrx_word' id='word_1_64' title='bbox 2778 982 2997 1019; x_wconf 88' lang='lat' dir='ltr'><strong>manum</strong></span> <span class='ocrx_word' id='word_1_65' title='bbox 3035 981 3157 1017; x_wconf 84' lang='lat' dir='ltr'><strong>eum</strong></span> <span class='ocrx_word' id='word_1_66' title='bbox 3206 961 3447 1014; x_wconf 80' lang='lat' dir='ltr'><strong>Roberto</strong></span> <span class='ocrx_word' id='word_1_67' title='bbox 3496 973 3627 1012; x_wconf 83' lang='lat' dir='ltr'><strong>con-</strong></span> 
     </span>
    </p>
   </div>
   <div class='ocr_carea' id='block_1_11' title="bbox 2052 1052 3630 1133">
    <p class='ocr_par' dir='ltr' id='par_1_11' title="bbox 2052 1052 3630 1133">
     <span class='ocr_line' id='line_1_11' title="bbox 2052 1052 3630 1133; baseline -0.012 -16"><span class='ocrx_word' id='word_1_68' title='bbox 2052 1072 2283 1119; x_wconf 90' lang='lat' dir='ltr'><strong>serunt:</strong></span> <span class='ocrx_word' id='word_1_69' title='bbox 2333 1062 2477 1133; x_wconf 90' lang='lat' dir='ltr'><strong>quod</strong></span> <span class='ocrx_word' id='word_1_70' title='bbox 2525 1063 2877 1131; x_wconf 78' lang='lat' dir='ltr'><strong>conspicatus</strong></span> <span class='ocrx_word' id='word_1_71' title='bbox 2919 1076 2981 1111; x_wconf 76' lang='lat' dir='ltr'><strong>ex</strong></span> <span class='ocrx_word' id='word_1_72' title='bbox 3033 1056 3273 1125; x_wconf 81' lang='lat' dir='ltr'><strong>speculis</strong></span> <span class='ocrx_word' id='word_1_73' title='bbox 3314 1052 3459 1106; x_wconf 89' lang='lat' dir='ltr'><strong>areis</strong></span> <span class='ocrx_word' id='word_1_74' title='bbox 3516 1064 3630 1103; x_wconf 70' lang='lat' dir='ltr'><strong>sum</strong></span> 
     </span>
    </p>
   </div>
   <div class='ocr_carea' id='block_1_12' title="bbox 2045 1144 3630 1225">
    <p class='ocr_par' dir='ltr' id='par_1_12' title="bbox 2045 1144 3630 1225">
     <span class='ocr_line' id='line_1_12' title="bbox 2045 1144 3630 1225; baseline -0.01 -17"><span class='ocrx_word' id='word_1_75' title='bbox 2045 1155 2405 1225; x_wconf 75' lang='lat' dir='ltr'><strong>Palaeologus,</strong></span> <span class='ocrx_word' id='word_1_76' title='bbox 2425 1154 2604 1222; x_wconf 78' lang='lat' dir='ltr'><strong>erupit</strong></span> <span class='ocrx_word' id='word_1_77' title='bbox 2630 1164 2683 1207; x_wconf 93' lang='lat' dir='ltr'><strong>et</strong></span> <span class='ocrx_word' id='word_1_78' title='bbox 2710 1154 2821 1221; x_wconf 88' lang='lat' dir='ltr'><strong>ipse</strong></span> <span class='ocrx_word' id='word_1_79' title='bbox 2846 1154 2913 1204; x_wconf 87' lang='lat' dir='ltr'><strong>de</strong></span> <span class='ocrx_word' id='word_1_80' title='bbox 2960 1158 3198 1218; x_wconf 74' lang='lat' dir='ltr'><strong>repente,</strong></span> <span class='ocrx_word' id='word_1_81' title='bbox 3225 1144 3630 1211; x_wconf 84' lang='lat' dir='ltr'><strong>conjunctoqne</strong></span> 
     </span>
    </p>
   </div>
   <div class='ocr_carea' id='block_1_13' title="bbox 365 1238 3629 1316">
    <p class='ocr_par' dir='ltr' id='par_1_13' title="bbox 365 1238 3629 1316">
     <span class='ocr_line' id='line_1_13' title="bbox 365 1238 3629 1316; baseline -0.002 -20"><span class='ocrx_word' id='word_1_82' title='bbox 365 1245 568 1313; x_wconf 84' lang='lat' dir='ltr'><strong>impetu</strong></span> <span class='ocrx_word' id='word_1_83' title='bbox 625 1262 753 1299; x_wconf 83' lang='lat' dir='ltr'><strong>cum</strong></span> <span class='ocrx_word' id='word_1_84' title='bbox 814 1247 1056 1310; x_wconf 76' lang='lat' dir='ltr'><strong>Venetis,</strong></span> <span class='ocrx_word' id='word_1_85' title='bbox 1114 1246 1258 1301; x_wconf 88' lang='lat' dir='ltr'><strong>haud</strong></span> <span class='ocrx_word' id='word_1_86' title='bbox 1316 1248 1469 1316; x_wconf 81' lang='lat' dir='ltr'><strong>segni</strong></span> <span class='ocrx_word' id='word_1_87' title='bbox 1538 1264 1701 1301; x_wconf 90' lang='lat' dir='ltr'><strong>manu</strong></span> <span class='ocrx_word' id='word_1_88' title='bbox 1756 1248 1943 1301; x_wconf 85' lang='lat' dir='ltr'><strong>hostes</strong></span> <span class='ocrx_word' id='word_1_89' title='bbox 1985 1248 2233 1305; x_wconf 85' lang='lat' dir='ltr'><strong>adortus.</strong></span> <span class='ocrx_word' id='word_1_90' title='bbox 2268 1250 2571 1315; x_wconf 84' lang='lat' dir='ltr'><strong>periculum</strong></span> <span class='ocrx_word' id='word_1_91' title='bbox 2608 1263 2782 1316; x_wconf 87' lang='lat' dir='ltr'><strong>usque</strong></span> <span class='ocrx_word' id='word_1_92' title='bbox 2823 1245 2888 1299; x_wconf 89' lang='lat' dir='ltr'><strong>ad</strong></span> <span class='ocrx_word' id='word_1_93' title='bbox 2941 1253 3115 1297; x_wconf 88' lang='lat' dir='ltr'><strong>castra</strong></span> <span class='ocrx_word' id='word_1_94' title='bbox 3190 1238 3408 1293; x_wconf 76' lang='lat' dir='ltr'><strong>ltoberti</strong></span> <span class='ocrx_word' id='word_1_95' title='bbox 3497 1250 3629 1305; x_wconf 81' lang='lat' dir='ltr'><strong>prn-</strong></span> 
     </span>
    </p>
   </div>
   <div class='ocr_carea' id='block_1_14' title="bbox 366 1331 3626 1410">
    <p class='ocr_par' dir='ltr' id='par_1_14' title="bbox 366 1331 3626 1410">
     <span class='ocr_line' id='line_1_14' title="bbox 366 1331 3626 1410; baseline 0 -21"><span class='ocrx_word' id='word_1_96' title='bbox 366 1338 558 1396; x_wconf 75' lang='lat' dir='ltr'><strong>movit,</strong></span> <span class='ocrx_word' id='word_1_97' title='bbox 611 1352 679 1389; x_wconf 92' lang='lat' dir='ltr'><strong>eo</strong></span> <span class='ocrx_word' id='word_1_98' title='bbox 719 1339 865 1392; x_wconf 91' lang='lat' dir='ltr'><strong>enim</strong></span> <span class='ocrx_word' id='word_1_99' title='bbox 917 1355 1093 1407; x_wconf 87' lang='lat' dir='ltr'><strong>usque</strong></span> <span class='ocrx_word' id='word_1_100' title='bbox 1137 1339 1258 1405; x_wconf 70' lang='lat' dir='ltr'><strong>luga</strong></span> <span class='ocrx_word' id='word_1_101' title='bbox 1304 1349 1357 1394; x_wconf 92' lang='lat' dir='ltr'><strong>ct</strong></span> <span class='ocrx_word' id='word_1_102' title='bbox 1406 1342 1698 1408; x_wconf 84' lang='lat' dir='ltr'><strong>trepidatio</strong></span> <span class='ocrx_word' id='word_1_103' title='bbox 1772 1342 1981 1410; x_wconf 87' lang='lat' dir='ltr'><strong>perlata</strong></span> <span class='ocrx_word' id='word_1_104' title='bbox 2057 1353 2162 1405; x_wconf 85' lang='lat' dir='ltr'><strong>est.</strong></span> <span class='ocrx_word' id='word_1_105' title='bbox 2216 1343 2371 1399; x_wconf 59' lang='lat' dir='ltr'><strong>caesis</strong></span> <span class='ocrx_word' id='word_1_106' title='bbox 2436 1358 2530 1409; x_wconf 90' lang='lat' dir='ltr'><strong>per</strong></span> <span class='ocrx_word' id='word_1_107' title='bbox 2583 1356 2805 1410; x_wconf 85' lang='lat' dir='ltr'><strong>campos</strong></span> <span class='ocrx_word' id='word_1_108' title='bbox 2865 1340 3045 1407; x_wconf 82' lang='lat' dir='ltr'><strong>gladio</strong></span> <span class='ocrx_word' id='word_1_109' title='bbox 3115 1335 3387 1405; x_wconf 72' lang='lat' dir='ltr'><strong>plurimis.</strong></span> <span class='ocrx_word' id='word_1_110' title='bbox 3439 1331 3626 1386; x_wconf 67' lang='lat' dir='ltr'><strong>Veneti</strong></span> 
     </span>
    </p>
   </div>
   <div class='ocr_carea' id='block_1_15' title="bbox 367 1427 3627 1503">
    <p class='ocr_par' dir='ltr' id='par_1_15' title="bbox 367 1427 3627 1503">
     <span class='ocr_line' id='line_1_15' title="bbox 367 1427 3627 1503; baseline -0.001 -19"><span class='ocrx_word' id='word_1_111' title='bbox 367 1430 601 1497; x_wconf 76' lang='lat' dir='ltr'><strong>przedam</strong></span> <span class='ocrx_word' id='word_1_112' title='bbox 643 1432 870 1485; x_wconf 86' lang='lat' dir='ltr'><strong>multam</strong></span> <span class='ocrx_word' id='word_1_113' title='bbox 898 1433 949 1487; x_wconf 89' lang='lat' dir='ltr'><strong>in</strong></span> <span class='ocrx_word' id='word_1_114' title='bbox 973 1433 1187 1499; x_wconf 80' lang='lat' dir='ltr'><strong>navigia</strong></span> <span class='ocrx_word' id='word_1_115' title='bbox 1222 1448 1321 1487; x_wconf 90' lang='lat' dir='ltr'><strong>sua</strong></span> <span class='ocrx_word' id='word_1_116' title='bbox 1363 1434 1519 1503; x_wconf 79' lang='lat'><strong>107</strong></span> <span class='ocrx_word' id='word_1_117' title='bbox 1554 1444 1944 1502; x_wconf 88' lang='lat' dir='ltr'><strong>reportaruut:</strong></span> <span class='ocrx_word' id='word_1_118' title='bbox 1992 1435 2324 1503; x_wconf 73' lang='lat' dir='ltr'><strong>Fabeologus</strong></span> <span class='ocrx_word' id='word_1_119' title='bbox 2353 1452 2483 1490; x_wconf 86' lang='lat' dir='ltr'><strong>vero</strong></span> <span class='ocrx_word' id='word_1_120' title='bbox 2540 1451 2599 1489; x_wconf 85' lang='lat' dir='ltr'><strong>se</strong></span> <span class='ocrx_word' id='word_1_121' title='bbox 2667 1436 2719 1488; x_wconf 91' lang='lat' dir='ltr'><strong>in</strong></span> <span class='ocrx_word' id='word_1_122' title='bbox 2778 1450 2956 1487; x_wconf 89' lang='lat' dir='ltr'><strong>arcem</strong></span> <span class='ocrx_word' id='word_1_123' title='bbox 3016 1431 3247 1500; x_wconf 86' lang='lat' dir='ltr'><strong>recepit.</strong></span> <span class='ocrx_word' id='word_1_124' title='bbox 3333 1427 3460 1482; x_wconf 84' lang='lat' dir='ltr'><strong>Post</strong></span> <span class='ocrx_word' id='word_1_125' title='bbox 3514 1428 3627 1480; x_wconf 76' lang='lat' dir='ltr'><strong>inre</strong></span> 
     </span>
    </p>
   </div>
   <div class='ocr_carea' id='block_1_16' title="bbox 367 1522 3628 1596">
    <p class='ocr_par' dir='ltr' id='par_1_16' title="bbox 367 1522 3628 1596">
     <span class='ocr_line' id='line_1_16' title="bbox 367 1522 3628 1596; baseline -0.001 -22"><span class='ocrx_word' id='word_1_126' title='bbox 367 1524 573 1590; x_wconf 74' lang='lat' dir='ltr'><strong>aliquot</strong></span> <span class='ocrx_word' id='word_1_127' title='bbox 601 1522 797 1577; x_wconf 86' lang='lat' dir='ltr'><strong>diebus</strong></span> <span class='ocrx_word' id='word_1_128' title='bbox 824 1523 892 1576; x_wconf 89' lang='lat' dir='ltr'><strong>ibi</strong></span> <span class='ocrx_word' id='word_1_129' title='bbox 930 1526 1126 1579; x_wconf 83' lang='lat' dir='ltr'><strong>morati</strong></span> <span class='ocrx_word' id='word_1_130' title='bbox 1156 1523 1367 1586; x_wconf 82' lang='lat' dir='ltr'><strong>Veneti,</strong></span> <span class='ocrx_word' id='word_1_131' title='bbox 1407 1525 1630 1581; x_wconf 90' lang='lat' dir='ltr'><strong>nuntios</strong></span> <span class='ocrx_word' id='word_1_132' title='bbox 1698 1528 1764 1580; x_wconf 89' lang='lat' dir='ltr'><strong>ad</strong></span> <span class='ocrx_word' id='word_1_133' title='bbox 1832 1527 2215 1596; x_wconf 88' lang='lat' dir='ltr'><strong>imperatorem</strong></span> <span class='ocrx_word' id='word_1_134' title='bbox 2292 1529 2585 1590; x_wconf 81' lang='lat' dir='ltr'><strong>miserunt,</strong></span> <span class='ocrx_word' id='word_1_135' title='bbox 2636 1527 2974 1580; x_wconf 82' lang='lat' dir='ltr'><strong>indicaturos</strong></span> <span class='ocrx_word' id='word_1_136' title='bbox 3039 1541 3161 1594; x_wconf 76' lang='lat' dir='ltr'><strong>qua:</strong></span> <span class='ocrx_word' id='word_1_137' title='bbox 3238 1523 3628 1591; x_wconf 80' lang='lat' dir='ltr'><strong>contigerant:</strong></span> 
     </span>
    </p>
   </div>
   <div class='ocr_carea' id='block_1_17' title="bbox 366 1618 3633 1690">
    <p class='ocr_par' dir='ltr' id='par_1_17' title="bbox 366 1618 3633 1690">
     <span class='ocr_line' id='line_1_17' title="bbox 366 1618 3633 1690; baseline -0.001 -22"><span class='ocrx_word' id='word_1_138' title='bbox 366 1618 455 1683; x_wconf 86' lang='lat' dir='ltr'><strong>qui</strong></span> <span class='ocrx_word' id='word_1_139' title='bbox 484 1633 579 1672; x_wconf 92' lang='lat' dir='ltr'><strong>eos</strong></span> <span class='ocrx_word' id='word_1_140' title='bbox 614 1626 669 1673; x_wconf 89' lang='lat' dir='ltr'><strong>ut</strong></span> <span class='ocrx_word' id='word_1_141' title='bbox 704 1634 803 1687; x_wconf 88' lang='lat' dir='ltr'><strong>par</strong></span> <span class='ocrx_word' id='word_1_142' title='bbox 834 1628 950 1671; x_wconf 91' lang='lat' dir='ltr'><strong>crat</strong></span> <span class='ocrx_word' id='word_1_143' title='bbox 984 1619 1499 1675; x_wconf 85' lang='lat' dir='ltr'><strong>benevolentissitne</strong></span> <span class='ocrx_word' id='word_1_144' title='bbox 1540 1630 1797 1690; x_wconf 77' lang='lat' dir='ltr'><strong>exceptos</strong></span> <span class='ocrx_word' id='word_1_145' title='bbox 1830 1621 2108 1676; x_wconf 86' lang='lat' dir='ltr'><strong>beneﬁciis</strong></span> <span class='ocrx_word' id='word_1_146' title='bbox 2140 1629 2369 1677; x_wconf 90' lang='lat' dir='ltr'><strong>onustos</strong></span> <span class='ocrx_word' id='word_1_147' title='bbox 2440 1622 2745 1675; x_wconf 90' lang='lat' dir='ltr'><strong>innumeris</strong></span> <span class='ocrx_word' id='word_1_148' title='bbox 2831 1620 3065 1682; x_wconf 80' lang='lat' dir='ltr'><strong>remisit,</strong></span> <span class='ocrx_word' id='word_1_149' title='bbox 3129 1634 3250 1673; x_wconf 89' lang='lat' dir='ltr'><strong>cum</strong></span> <span class='ocrx_word' id='word_1_150' title='bbox 3330 1631 3439 1670; x_wconf 88' lang='lat' dir='ltr'><strong>non</strong></span> <span class='ocrx_word' id='word_1_151' title='bbox 3513 1628 3633 1666; x_wconf 84' lang='lat' dir='ltr'><strong>mo-</strong></span> 
     </span>
    </p>
   </div>
   <div class='ocr_carea' id='block_1_18' title="bbox 368 1714 3633 1787">
    <p class='ocr_par' dir='ltr' id='par_1_18' title="bbox 368 1714 3633 1787">
     <span class='ocr_line' id='line_1_18' title="bbox 368 1714 3633 1787; baseline -0.002 -20"><span class='ocrx_word' id='word_1_152' title='bbox 368 1714 483 1767; x_wconf 64' lang='lat' dir='ltr'><strong>diea</strong></span> <span class='ocrx_word' id='word_1_153' title='bbox 520 1716 765 1781; x_wconf 72' lang='lat' dir='ltr'><strong>pecunize</strong></span> <span class='ocrx_word' id='word_1_154' title='bbox 794 1731 1009 1770; x_wconf 91' lang='lat' dir='ltr'><strong>summa</strong></span> <span class='ocrx_word' id='word_1_155' title='bbox 1040 1733 1145 1785; x_wconf 85' lang='lat' dir='ltr'><strong>qua</strong></span> <span class='ocrx_word' id='word_1_156' title='bbox 1181 1728 1233 1771; x_wconf 90' lang='lat' dir='ltr'><strong>et</strong></span> <span class='ocrx_word' id='word_1_157' title='bbox 1258 1718 1449 1772; x_wconf 89' lang='lat' dir='ltr'><strong>ducem</strong></span> <span class='ocrx_word' id='word_1_158' title='bbox 1491 1719 1835 1773; x_wconf 81' lang='lat' dir='ltr'><strong>Venetiarum</strong></span> <span class='ocrx_word' id='word_1_159' title='bbox 1865 1726 1920 1773; x_wconf 90' lang='lat' dir='ltr'><strong>et</strong></span> <span class='ocrx_word' id='word_1_160' title='bbox 1957 1719 2093 1774; x_wconf 88' lang='lat' dir='ltr'><strong>alios</strong></span> <span class='ocrx_word' id='word_1_161' title='bbox 2154 1720 2257 1773; x_wconf 85' lang='lat' dir='ltr'><strong>sub</strong></span> <span class='ocrx_word' id='word_1_162' title='bbox 2315 1719 2432 1787; x_wconf 87' lang='lat' dir='ltr'><strong>ipso</strong></span> <span class='ocrx_word' id='word_1_163' title='bbox 2497 1718 2616 1787; x_wconf 88' lang='lat' dir='ltr'><strong>ejus</strong></span> <span class='ocrx_word' id='word_1_164' title='bbox 2672 1716 2985 1782; x_wconf 62' lang='lat' dir='ltr'><strong>reipublicae</strong></span> <span class='ocrx_word' id='word_1_165' title='bbox 3040 1716 3393 1784; x_wconf 69' lang='lat' dir='ltr'><strong>magistratus</strong></span> <span class='ocrx_word' id='word_1_166' title='bbox 3443 1727 3633 1765; x_wconf 85' lang='lat' dir='ltr'><strong>tnune-</strong></span> 
     </span>
    </p>
   </div>
   <div class='ocr_carea' id='block_1_19' title="bbox 370 1810 610 1865">
    <p class='ocr_par' dir='ltr' id='par_1_19' title="bbox 370 1810 610 1865">
     <span class='ocr_line' id='line_1_19' title="bbox 370 1810 610 1865; baseline 0.008 -2"><span class='ocrx_word' id='word_1_167' title='bbox 370 1810 491 1863; x_wconf 78' lang='lat' dir='ltr'><strong>raba</strong></span> <span class='ocrx_word' id='word_1_168' title='bbox 502 1820 556 1863; x_wconf 90' lang='lat' dir='ltr'><strong>tu</strong></span> <span class='ocrx_word' id='word_1_169' title='bbox 567 1826 610 1865; x_wconf 92' lang='lat' dir='ltr'><strong>r.</strong></span> 
     </span>
    </p>
   </div>
   <div class='ocr_carea' id='block_1_20' title="bbox 445 1900 1958 1977">
    <p class='ocr_par' dir='ltr' id='par_1_20' title="bbox 445 1902 1943 1977">
     <span class='ocr_line' id='line_1_20' title="bbox 445 1902 1943 1977; baseline 0.005 -23"><span class='ocrx_word' id='word_1_170' title='bbox 445 1902 506 1954; x_wconf 83' lang='lat'><strong>&#39;0</strong></span> <span class='ocrx_word' id='word_1_171' title='bbox 530 1904 587 1955; x_wconf 80' lang='grc' dir='ltr'><strong>δὲ</strong></span> <span class='ocrx_word' id='word_1_172' title='bbox 631 1902 987 1973; x_wconf 84' lang='grc' dir='ltr'>Ῥομπέρτος,</span> <span class='ocrx_word' id='word_1_173' title='bbox 1019 1905 1402 1975; x_wconf 79' lang='grc' dir='ltr'><strong>μαχιμώτατος</strong></span> <span class='ocrx_word' id='word_1_174' title='bbox 1435 1906 1529 1968; x_wconf 85' lang='grc' dir='ltr'>ὣν,</span> <span class='ocrx_word' id='word_1_175' title='bbox 1558 1909 1670 1971; x_wconf 79' lang='grc' dir='ltr'>δεῖν</span> <span class='ocrx_word' id='word_1_176' title='bbox 1701 1909 1843 1976; x_wconf 75' lang='grc' dir='ltr'>ἔγνω</span> <span class='ocrx_word' id='word_1_177' title='bbox 1869 1909 1943 1977; x_wconf 81' lang='grc' dir='ltr'>μὴ</span> 
     </span>
    </p>
   </div>
   <div class='ocr_carea' id='block_1_21' title="bbox 2066 1900 3634 1977">
    <p class='ocr_par' dir='ltr' id='par_1_21' title="bbox 2120 1900 3634 1972">
     <span class='ocr_line' id='line_1_21' title="bbox 2120 1900 3634 1972; baseline -0.007 -12"><span class='ocrx_word' id='word_1_178' title='bbox 2120 1911 2188 1961; x_wconf 80' lang='lat' dir='ltr'><strong>At</strong></span> <span class='ocrx_word' id='word_1_179' title='bbox 2209 1907 2480 1963; x_wconf 77' lang='lat' dir='ltr'><strong>Robertns</strong></span> <span class='ocrx_word' id='word_1_180' title='bbox 2507 1909 2588 1959; x_wconf 88' lang='lat' dir='ltr'><strong>vir</strong></span> <span class='ocrx_word' id='word_1_181' title='bbox 2611 1905 2781 1959; x_wconf 87' lang='lat' dir='ltr'><strong>animi</strong></span> <span class='ocrx_word' id='word_1_182' title='bbox 2803 1901 3155 1972; x_wconf 84' lang='lat' dir='ltr'><strong>imperterriti</strong></span> <span class='ocrx_word' id='word_1_183' title='bbox 3183 1908 3345 1967; x_wconf 77' lang='lat' dir='ltr'><strong>atque</strong></span> <span class='ocrx_word' id='word_1_184' title='bbox 3368 1900 3634 1952; x_wconf 78' lang='lat' dir='ltr'><strong>adversus</strong></span> 
     </span>
    </p>
   </div>
   <div class='ocr_carea' id='block_1_22' title="bbox 354 776 1945 848">
    <p class='ocr_par' dir='ltr' id='par_1_22' title="bbox 354 776 1945 848">
     <span class='ocr_line' id='line_1_22' title="bbox 354 776 1945 848; baseline 0.003 -20"><span class='ocrx_word' id='word_1_185' title='bbox 354 776 487 844; x_wconf 66' lang='grc' dir='ltr'>προς</span> <span class='ocrx_word' id='word_1_186' title='bbox 520 777 613 827; x_wconf 52' lang='grc' dir='ltr'><strong>τὴν</strong></span> <span class='ocrx_word' id='word_1_187' title='bbox 658 776 889 845; x_wconf 74' lang='grc' dir='ltr'>βασιλέα</span> <span class='ocrx_word' id='word_1_188' title='bbox 924 778 1189 847; x_wconf 76' lang='grc' dir='ltr'>πρέσϐεις</span> <span class='ocrx_word' id='word_1_189' title='bbox 1237 778 1632 848; x_wconf 75' lang='grc' dir='ltr'>διαμηνύοντες</span> <span class='ocrx_word' id='word_1_190' title='bbox 1667 780 1735 831; x_wconf 69' lang='grc' dir='ltr'><strong>τά</strong></span> <span class='ocrx_word' id='word_1_191' title='bbox 1783 797 1945 848; x_wconf 87' lang='grc' dir='ltr'>γεγο-</span> 
     </span>
    </p>
   </div>
   <div class='ocr_carea' id='block_1_23' title="bbox 358 869 1945 940">
    <p class='ocr_par' dir='ltr' id='par_1_23' title="bbox 358 869 1945 940">
     <span class='ocr_line' id='line_1_23' title="bbox 358 869 1945 940; baseline 0.004 -22"><span class='ocrx_word' id='word_1_192' title='bbox 358 870 503 920; x_wconf 69' lang='grc' dir='ltr'>νότα.</span> <span class='ocrx_word' id='word_1_193' title='bbox 556 869 621 923; x_wconf 84' lang='grc'><strong>’0</strong></span> <span class='ocrx_word' id='word_1_194' title='bbox 646 870 702 921; x_wconf 80' lang='grc' dir='ltr'><strong>δὲ</strong></span> <span class='ocrx_word' id='word_1_195' title='bbox 734 870 1273 940; x_wconf 72' lang='grc' dir='ltr'><strong>φιλοφρονησάμενος</strong></span> <span class='ocrx_word' id='word_1_196' title='bbox 1306 873 1506 935; x_wconf 79' lang='grc' dir='ltr'>αὐτοὺς</span> <span class='ocrx_word' id='word_1_197' title='bbox 1539 873 1611 933; x_wconf 80' lang='grc' dir='ltr'>ὡς</span> <span class='ocrx_word' id='word_1_198' title='bbox 1646 874 1816 936; x_wconf 68' lang='grc' dir='ltr'>εἰκὸς,</span> <span class='ocrx_word' id='word_1_199' title='bbox 1849 873 1945 926; x_wconf 77' lang='grc' dir='ltr'><strong>καὶ</strong></span> 
     </span>
    </p>
   </div>
   <div class='ocr_carea' id='block_1_24' title="bbox 363 960 1942 1031">
    <p class='ocr_par' dir='ltr' id='par_1_24' title="bbox 363 960 1942 1031">
     <span class='ocr_line' id='line_1_24' title="bbox 363 960 1942 1031; baseline 0.004 -18"><span class='ocrx_word' id='word_1_200' title='bbox 363 960 571 1030; x_wconf 76' lang='grc' dir='ltr'>μυρίων</span> <span class='ocrx_word' id='word_1_201' title='bbox 616 964 951 1031; x_wconf 73' lang='grc' dir='ltr'>εὐεργεσιῶν</span> <span class='ocrx_word' id='word_1_202' title='bbox 999 964 1260 1029; x_wconf 76' lang='grc' dir='ltr'>ἀξιώσας,</span> <span class='ocrx_word' id='word_1_203' title='bbox 1290 965 1587 1030; x_wconf 82' lang='grc' dir='ltr'>ἀπέλυσεν,</span> <span class='ocrx_word' id='word_1_204' title='bbox 1610 966 1942 1029; x_wconf 72' lang='grc' dir='ltr'>ἀποστείλας</span> 
     </span>
    </p>
   </div>
   <div class='ocr_carea' id='block_1_25' title="bbox 364 1054 1940 1127">
    <p class='ocr_par' dir='ltr' id='par_1_25' title="bbox 364 1054 1940 1127">
     <span class='ocr_line' id='line_1_25' title="bbox 364 1054 1940 1127; baseline 0.004 -21"><span class='ocrx_word' id='word_1_205' title='bbox 364 1054 476 1123; x_wconf 77' lang='grc' dir='ltr'>μετ’</span> <span class='ocrx_word' id='word_1_206' title='bbox 509 1056 698 1107; x_wconf 73' lang='grc' dir='ltr'>αὐτῶν</span> <span class='ocrx_word' id='word_1_207' title='bbox 735 1058 997 1126; x_wconf 78' lang='grc' dir='ltr'>χρήματα</span> <span class='ocrx_word' id='word_1_208' title='bbox 1045 1059 1207 1110; x_wconf 79' lang='grc' dir='ltr'>ἱκανὰ</span> <span class='ocrx_word' id='word_1_209' title='bbox 1258 1060 1392 1127; x_wconf 70' lang='grc' dir='ltr'>προς</span> <span class='ocrx_word' id='word_1_210' title='bbox 1416 1076 1474 1111; x_wconf 91' lang='grc' dir='ltr'><strong>τε</strong></span> <span class='ocrx_word' id='word_1_211' title='bbox 1499 1059 1591 1110; x_wconf 73' lang='grc' dir='ltr'>τὸν</span> <span class='ocrx_word' id='word_1_212' title='bbox 1637 1059 1805 1113; x_wconf 78' lang='grc' dir='ltr'>δοῦκα</span> <span class='ocrx_word' id='word_1_213' title='bbox 1840 1062 1940 1112; x_wconf 71' lang='grc' dir='ltr'><strong>Βεο</strong></span> 
     </span>
    </p>
   </div>
   <div class='ocr_carea' id='block_1_26' title="bbox 363 1151 1617 1223">
    <p class='ocr_par' dir='ltr' id='par_1_26' title="bbox 363 1151 1617 1223">
     <span class='ocr_line' id='line_1_26' title="bbox 363 1151 1617 1223; baseline 0.021 -21"><span class='ocrx_word' id='word_1_214' title='bbox 363 1153 539 1214; x_wconf 75' lang='grc' dir='ltr'>νετίας</span> <span class='ocrx_word' id='word_1_215' title='bbox 575 1151 693 1221; x_wconf 78' lang='grc'><strong>(75)</strong></span> <span class='ocrx_word' id='word_1_216' title='bbox 723 1154 818 1206; x_wconf 68' lang='grc' dir='ltr'><strong>καὶ</strong></span> <span class='ocrx_word' id='word_1_217' title='bbox 846 1155 971 1213; x_wconf 73' lang='grc' dir='ltr'>τοὺς</span> <span class='ocrx_word' id='word_1_218' title='bbox 1005 1152 1097 1205; x_wconf 69' lang='grc' dir='ltr'><strong>ὑπ’</strong></span> <span class='ocrx_word' id='word_1_219' title='bbox 1132 1153 1292 1206; x_wconf 67' lang='grc' dir='ltr'>αὐτὸν</span> <span class='ocrx_word' id='word_1_220' title='bbox 1325 1154 1617 1223; x_wconf 70' lang='grc' dir='ltr'><strong>ἄρχονταςο</strong></span> 
     </span>
    </p>
   </div>
   <div class='ocr_carea' id='block_1_27' title="bbox 366 1995 1950 2071">
    <p class='ocr_par' dir='ltr' id='par_1_27' title="bbox 366 1995 1950 2071">
     <span class='ocr_line' id='line_1_27' title="bbox 366 1995 1950 2071; baseline 0.005 -24"><span class='ocrx_word' id='word_1_221' title='bbox 366 1995 701 2061; x_wconf 62' lang='grc' dir='ltr'>ἀφίστασθαι</span> <span class='ocrx_word' id='word_1_222' title='bbox 733 1996 826 2049; x_wconf 81' lang='grc' dir='ltr'>τοῦ</span> <span class='ocrx_word' id='word_1_223' title='bbox 861 1997 1097 2065; x_wconf 84' lang='grc' dir='ltr'>πολέμου</span> <span class='ocrx_word' id='word_1_224' title='bbox 1122 2036 1135 2058; x_wconf 89' lang='grc'><strong>,</strong></span> <span class='ocrx_word' id='word_1_225' title='bbox 1174 1998 1313 2053; x_wconf 73' lang='grc' dir='ltr'>ἀλλὰ</span> <span class='ocrx_word' id='word_1_226' title='bbox 1342 2001 1628 2069; x_wconf 80' lang='grc' dir='ltr'>καρτερῶς</span> <span class='ocrx_word' id='word_1_227' title='bbox 1657 2002 1950 2071; x_wconf 84' lang='grc' dir='ltr'>μάχεσθαι.</span> 
     </span>
    </p>
   </div>
   <div class='ocr_carea' id='block_1_28' title="bbox 368 2086 1955 2162">
    <p class='ocr_par' dir='ltr' id='par_1_28' title="bbox 368 2086 1955 2162">
     <span class='ocr_line' id='line_1_28' title="bbox 368 2086 1955 2162; baseline 0.005 -24"><span class='ocrx_word' id='word_1_228' title='bbox 368 2087 651 2155; x_wconf 82' lang='grc' dir='ltr'>Χειμῶνος</span> <span class='ocrx_word' id='word_1_229' title='bbox 674 2089 730 2141; x_wconf 59' lang='lat' dir='ltr'><strong>as</strong></span> <span class='ocrx_word' id='word_1_230' title='bbox 755 2089 906 2151; x_wconf 72' lang='grc' dir='ltr'>ὄντος</span> <span class='ocrx_word' id='word_1_231' title='bbox 936 2090 1035 2142; x_wconf 74' lang='grc' dir='ltr'><strong>οὐκ</strong></span> <span class='ocrx_word' id='word_1_232' title='bbox 1070 2086 1137 2159; x_wconf 78' lang='grc' dir='ltr'>ἦν</span> <span class='ocrx_word' id='word_1_233' title='bbox 1166 2090 1314 2158; x_wconf 84' lang='grc' dir='ltr'>αύτῴ</span> <span class='ocrx_word' id='word_1_234' title='bbox 1342 2090 1408 2144; x_wconf 77' lang='grc' dir='ltr'><strong>τά</strong></span> <span class='ocrx_word' id='word_1_235' title='bbox 1443 2092 1603 2146; x_wconf 80' lang='grc' dir='ltr'>πλοῖα</span> <span class='ocrx_word' id='word_1_236' title='bbox 1631 2096 1709 2155; x_wconf 84' lang='grc' dir='ltr'>εἰς</span> <span class='ocrx_word' id='word_1_237' title='bbox 1731 2093 1829 2162; x_wconf 81' lang='grc' dir='ltr'>τὴν</span> <span class='ocrx_word' id='word_1_238' title='bbox 1861 2093 1955 2146; x_wconf 84' lang='grc' dir='ltr'><strong>θά-</strong></span> 
     </span>
    </p>
   </div>
   <div class='ocr_carea' id='block_1_29' title="bbox 370 2180 1955 2253">
    <p class='ocr_par' dir='ltr' id='par_1_29' title="bbox 370 2180 1955 2253">
     <span class='ocr_line' id='line_1_29' title="bbox 370 2180 1955 2253; baseline 0.006 -24"><span class='ocrx_word' id='word_1_239' title='bbox 370 2180 571 2231; x_wconf 73' lang='grc' dir='ltr'>ὶασσαν</span> <span class='ocrx_word' id='word_1_240' title='bbox 596 2180 941 2233; x_wconf 84' lang='grc' dir='ltr'>καθελκῦσαι</span> <span class='ocrx_word' id='word_1_241' title='bbox 962 2197 975 2210; x_wconf 87' lang='grc'><strong>·</strong></span> <span class='ocrx_word' id='word_1_242' title='bbox 1004 2183 1235 2253; x_wconf 80' lang='grc' dir='ltr'>ἀπεῖργε</span> <span class='ocrx_word' id='word_1_243' title='bbox 1266 2184 1321 2236; x_wconf 84' lang='grc' dir='ltr'><strong>δὲ</strong></span> <span class='ocrx_word' id='word_1_244' title='bbox 1353 2185 1450 2238; x_wconf 76' lang='grc' dir='ltr'>καὶ</span> <span class='ocrx_word' id='word_1_245' title='bbox 1480 2185 1606 2247; x_wconf 78' lang='grc' dir='ltr'>τοὺς</span> <span class='ocrx_word' id='word_1_246' title='bbox 1627 2185 1735 2237; x_wconf 78' lang='grc' dir='ltr'><strong>ἀπὸ</strong></span> <span class='ocrx_word' id='word_1_247' title='bbox 1758 2187 1955 2252; x_wconf 78' lang='grc' dir='ltr'>Λογγι-</span> 
     </span>
    </p>
   </div>
   <div class='ocr_carea' id='block_1_30' title="bbox 370 2270 1957 2347">
    <p class='ocr_par' dir='ltr' id='par_1_30' title="bbox 370 2270 1957 2347">
     <span class='ocr_line' id='line_1_30' title="bbox 370 2270 1957 2347; baseline 0.006 -27"><span class='ocrx_word' id='word_1_248' title='bbox 370 2270 592 2337; x_wconf 75' lang='grc' dir='ltr'>ειρδίας</span> <span class='ocrx_word' id='word_1_249' title='bbox 625 2272 958 2339; x_wconf 78' lang='grc' dir='ltr'>ἐρχομένους</span> <span class='ocrx_word' id='word_1_250' title='bbox 981 2315 995 2336; x_wconf 94' lang='grc'><strong>,</strong></span> <span class='ocrx_word' id='word_1_251' title='bbox 1030 2276 1276 2335; x_wconf 72' lang='grc' dir='ltr'>καὶτοὺς</span> <span class='ocrx_word' id='word_1_252' title='bbox 1310 2276 1376 2327; x_wconf 75' lang='grc' dir='ltr'><strong>τὰ</strong></span> <span class='ocrx_word' id='word_1_253' title='bbox 1408 2276 1543 2346; x_wconf 79' lang='grc' dir='ltr'>πρὸς</span> <span class='ocrx_word' id='word_1_254' title='bbox 1584 2278 1774 2345; x_wconf 83' lang='grc' dir='ltr'>χρείαν</span> <span class='ocrx_word' id='word_1_255' title='bbox 1808 2276 1957 2347; x_wconf 82' lang='grc' dir='ltr'>αὑτῷ</span> 
     </span>
    </p>
   </div>
   <div class='ocr_carea' id='block_1_31' title="bbox 370 2363 1957 2433">
    <p class='ocr_par' dir='ltr' id='par_1_31' title="bbox 370 2363 1957 2433">
     <span class='ocr_line' id='line_1_31' title="bbox 370 2363 1957 2433; baseline 0.005 -19"><span class='ocrx_word' id='word_1_256' title='bbox 370 2364 579 2415; x_wconf 79' lang='grc' dir='ltr'>ἐκεῖθεν</span> <span class='ocrx_word' id='word_1_257' title='bbox 604 2363 955 2431; x_wconf 76' lang='grc' dir='ltr'><strong>κομίζοντας,</strong></span> <span class='ocrx_word' id='word_1_258' title='bbox 982 2367 1008 2418; x_wconf 81' lang='grc' dir='ltr'><strong>ὃ</strong></span> <span class='ocrx_word' id='word_1_259' title='bbox 1033 2383 1089 2418; x_wconf 86' lang='grc' dir='ltr'><strong>τε</strong></span> <span class='ocrx_word' id='word_1_260' title='bbox 1128 2367 1460 2433; x_wconf 78' lang='grc' dir='ltr'>Ῥωμαϊκὸς,</span> <span class='ocrx_word' id='word_1_261' title='bbox 1493 2370 1587 2422; x_wconf 72' lang='grc' dir='ltr'><strong>καὶ</strong></span> <span class='ocrx_word' id='word_1_262' title='bbox 1610 2371 1638 2421; x_wconf 97' lang='lat'><strong>6</strong></span> <span class='ocrx_word' id='word_1_263' title='bbox 1661 2370 1769 2422; x_wconf 84' lang='grc' dir='ltr'>τῶν</span> <span class='ocrx_word' id='word_1_264' title='bbox 1800 2371 1957 2422; x_wconf 77' lang='grc' dir='ltr'>Βενεο</span> 
     </span>
    </p>
   </div>
   <div class='ocr_carea' id='block_1_32' title="bbox 369 2454 1957 2527">
    <p class='ocr_par' dir='ltr' id='par_1_32' title="bbox 369 2454 1957 2527">
     <span class='ocr_line' id='line_1_32' title="bbox 369 2454 1957 2527; baseline 0.003 -21"><span class='ocrx_word' id='word_1_265' title='bbox 369 2454 538 2507; x_wconf 84' lang='grc' dir='ltr'>τικῶν</span> <span class='ocrx_word' id='word_1_266' title='bbox 603 2456 811 2517; x_wconf 86' lang='grc' dir='ltr'>στόλος,</span> <span class='ocrx_word' id='word_1_267' title='bbox 860 2455 953 2507; x_wconf 78' lang='grc' dir='ltr'><strong>τὸν</strong></span> <span class='ocrx_word' id='word_1_268' title='bbox 1008 2456 1321 2525; x_wconf 75' lang='grc' dir='ltr'>άναμεταξὺ</span> <span class='ocrx_word' id='word_1_269' title='bbox 1381 2457 1627 2527; x_wconf 82' lang='grc' dir='ltr'>πορθμὸν</span> <span class='ocrx_word' id='word_1_270' title='bbox 1679 2459 1957 2527; x_wconf 78' lang='grc' dir='ltr'>ἐπιμελῶς</span> 
     </span>
    </p>
   </div>
   <div class='ocr_carea' id='block_1_33' title="bbox 370 2546 1961 2620">
    <p class='ocr_par' dir='ltr' id='par_1_33' title="bbox 370 2546 1961 2620">
     <span class='ocr_line' id='line_1_33' title="bbox 370 2546 1961 2620; baseline 0.003 -22"><span class='ocrx_word' id='word_1_271' title='bbox 370 2546 687 2616; x_wconf 84' lang='grc' dir='ltr'>τηροῦντες.</span> <span class='ocrx_word' id='word_1_272' title='bbox 749 2549 839 2609; x_wconf 86' lang='grc' dir='ltr'>Ὠς</span> <span class='ocrx_word' id='word_1_273' title='bbox 877 2548 934 2600; x_wconf 84' lang='grc' dir='ltr'><strong>δὲ</strong></span> <span class='ocrx_word' id='word_1_274' title='bbox 975 2547 1034 2599; x_wconf 83' lang='grc' dir='ltr'>τὸ</span> <span class='ocrx_word' id='word_1_275' title='bbox 1076 2548 1176 2618; x_wconf 81' lang='grc' dir='ltr'>ἔαρ</span> <span class='ocrx_word' id='word_1_276' title='bbox 1223 2549 1333 2617; x_wconf 66' lang='lat' dir='ltr'><strong>(7i)</strong></span> <span class='ocrx_word' id='word_1_277' title='bbox 1375 2550 1474 2620; x_wconf 78' lang='grc' dir='ltr'><strong>ἤδη</strong></span> <span class='ocrx_word' id='word_1_278' title='bbox 1542 2550 1745 2620; x_wconf 82' lang='grc' dir='ltr'>παρῆν,</span> <span class='ocrx_word' id='word_1_279' title='bbox 1794 2553 1887 2603; x_wconf 80' lang='grc' dir='ltr'><strong>καὶ</strong></span> <span class='ocrx_word' id='word_1_280' title='bbox 1933 2554 1961 2603; x_wconf 88' lang='grc' dir='ltr'>ὁ</span> 
     </span>
    </p>
   </div>
   <div class='ocr_carea' id='block_1_34' title="bbox 373 2638 1963 2709">
    <p class='ocr_par' dir='ltr' id='par_1_34' title="bbox 373 2638 1963 2709">
     <span class='ocr_line' id='line_1_34' title="bbox 373 2638 1963 2709; baseline 0.003 -20"><span class='ocrx_word' id='word_1_281' title='bbox 373 2638 657 2701; x_wconf 77' lang='grc' dir='ltr'>θαλάττιος</span> <span class='ocrx_word' id='word_1_282' title='bbox 694 2639 903 2691; x_wconf 73' lang='grc' dir='ltr'>κλύδων</span> <span class='ocrx_word' id='word_1_283' title='bbox 938 2640 1217 2693; x_wconf 75' lang='grc' dir='ltr'>ἐπέπαυτο</span> <span class='ocrx_word' id='word_1_284' title='bbox 1256 2641 1320 2703; x_wconf 75' lang='grc'><strong>³⁷,</strong></span> <span class='ocrx_word' id='word_1_285' title='bbox 1358 2641 1571 2709; x_wconf 78' lang='grc' dir='ltr'>πρῶτον</span> <span class='ocrx_word' id='word_1_286' title='bbox 1598 2642 1697 2708; x_wconf 83' lang='grc' dir='ltr'>μὲν</span> <span class='ocrx_word' id='word_1_287' title='bbox 1726 2643 1773 2693; x_wconf 84' lang='lat' dir='ltr'><strong>oi</strong></span> <span class='ocrx_word' id='word_1_288' title='bbox 1803 2642 1963 2694; x_wconf 86' lang='grc' dir='ltr'>Βενε-</span> 
     </span>
    </p>
   </div>
   <div class='ocr_carea' id='block_1_35' title="bbox 374 2732 1958 2802">
    <p class='ocr_par' dir='ltr' id='par_1_35' title="bbox 374 2732 1958 2802">
     <span class='ocr_line' id='line_1_35' title="bbox 374 2732 1958 2802; baseline 0.003 -22"><span class='ocrx_word' id='word_1_289' title='bbox 374 2732 513 2783; x_wconf 65' lang='grc' dir='ltr'>τινοὶ</span> <span class='ocrx_word' id='word_1_290' title='bbox 548 2732 818 2791; x_wconf 77' lang='grc' dir='ltr'>λύσαντες</span> <span class='ocrx_word' id='word_1_291' title='bbox 850 2732 917 2783; x_wconf 77' lang='grc' dir='ltr'><strong>τά</strong></span> <span class='ocrx_word' id='word_1_292' title='bbox 952 2734 1270 2801; x_wconf 76' lang='grc' dir='ltr'>πρυμνήσια</span> <span class='ocrx_word' id='word_1_293' title='bbox 1306 2734 1448 2785; x_wconf 77' lang='grc' dir='ltr'>κατὰ</span> <span class='ocrx_word' id='word_1_294' title='bbox 1483 2732 1577 2784; x_wconf 81' lang='grc' dir='ltr'>τοῦ</span> <span class='ocrx_word' id='word_1_295' title='bbox 1614 2734 1958 2802; x_wconf 82' lang='grc' dir='ltr'>Ῥομπέρτου</span> 
     </span>
    </p>
   </div>
   <div class='ocr_carea' id='block_1_36' title="bbox 378 2822 1961 2892">
    <p class='ocr_par' dir='ltr' id='par_1_36' title="bbox 378 2822 1961 2892">
     <span class='ocr_line' id='line_1_36' title="bbox 378 2822 1961 2892; baseline 0.002 -19"><span class='ocrx_word' id='word_1_296' title='bbox 378 2822 704 2892; x_wconf 78' lang='grc' dir='ltr'>ἐξώρμησαν</span> <span class='ocrx_word' id='word_1_297' title='bbox 725 2838 739 2851; x_wconf 88' lang='grc'><strong>·</strong></span> <span class='ocrx_word' id='word_1_298' title='bbox 765 2824 1039 2892; x_wconf 80' lang='grc' dir='ltr'>ἐχομένως</span> <span class='ocrx_word' id='word_1_299' title='bbox 1071 2824 1127 2877; x_wconf 87' lang='grc' dir='ltr'>δὲ</span> <span class='ocrx_word' id='word_1_300' title='bbox 1160 2826 1371 2886; x_wconf 82' lang='grc' dir='ltr'>τούτοις</span> <span class='ocrx_word' id='word_1_301' title='bbox 1400 2827 1427 2877; x_wconf 81' lang='lat'><strong>6</strong></span> <span class='ocrx_word' id='word_1_302' title='bbox 1458 2824 1676 2892; x_wconf 82' lang='grc' dir='ltr'>Μαύριξ</span> <span class='ocrx_word' id='word_1_303' title='bbox 1704 2826 1842 2877; x_wconf 81' lang='grc' dir='ltr'>κατᾶ</span> <span class='ocrx_word' id='word_1_304' title='bbox 1867 2824 1961 2877; x_wconf 82' lang='grc' dir='ltr'>τοῦ</span> 
     </span>
    </p>
   </div>
   <div class='ocr_carea' id='block_1_37' title="bbox 388 2915 1961 2985">
    <p class='ocr_par' dir='ltr' id='par_1_37' title="bbox 388 2915 1961 2985">
     <span class='ocr_line' id='line_1_37' title="bbox 388 2915 1961 2985; baseline 0.002 -18"><span class='ocrx_word' id='word_1_305' title='bbox 388 2915 702 2984; x_wconf 85' lang='grc' dir='ltr'><strong>Ῥωμαῖκοῦ</strong></span> <span class='ocrx_word' id='word_1_306' title='bbox 728 2916 1044 2969; x_wconf 79' lang='grc' dir='ltr'>ἀπέπλευσε</span> <span class='ocrx_word' id='word_1_307' title='bbox 1073 2918 1287 2981; x_wconf 78' lang='grc' dir='ltr'>στόλου,</span> <span class='ocrx_word' id='word_1_308' title='bbox 1322 2918 1415 2971; x_wconf 69' lang='grc' dir='ltr'>καὶ</span> <span class='ocrx_word' id='word_1_309' title='bbox 1446 2919 1764 2985; x_wconf 74' lang='grc' dir='ltr'>συναίρεται</span> <span class='ocrx_word' id='word_1_310' title='bbox 1797 2918 1961 2970; x_wconf 83' lang='grc' dir='ltr'>πόλε-</span> 
     </span>
    </p>
   </div>
   <div class='ocr_carea' id='block_1_38' title="bbox 386 3007 1964 3079">
    <p class='ocr_par' dir='ltr' id='par_1_38' title="bbox 386 3007 1964 3079">
     <span class='ocr_line' id='line_1_38' title="bbox 386 3007 1964 3079; baseline 0.003 -21"><span class='ocrx_word' id='word_1_311' title='bbox 386 3024 474 3071; x_wconf 83' lang='grc' dir='ltr'><strong>μος</strong></span> <span class='ocrx_word' id='word_1_312' title='bbox 516 3007 775 3059; x_wconf 82' lang='grc' dir='ltr'>ἐντεῦθεν</span> <span class='ocrx_word' id='word_1_313' title='bbox 830 3008 1157 3077; x_wconf 84' lang='grc' dir='ltr'>βαρύτατος,</span> <span class='ocrx_word' id='word_1_314' title='bbox 1220 3010 1314 3061; x_wconf 75' lang='grc' dir='ltr'>καὶ</span> <span class='ocrx_word' id='word_1_315' title='bbox 1361 3010 1411 3062; x_wconf 91' lang='grc' dir='ltr'>οἱ</span> <span class='ocrx_word' id='word_1_316' title='bbox 1465 3009 1556 3063; x_wconf 77' lang='grc' dir='ltr'>τοῦ</span> <span class='ocrx_word' id='word_1_317' title='bbox 1624 3008 1964 3079; x_wconf 75' lang='grc' dir='ltr'>Ῥομπέρτου</span> 
     </span>
    </p>
   </div>
   <div class='ocr_carea' id='block_1_39' title="bbox 384 3095 1967 3172">
    <p class='ocr_par' dir='ltr' id='par_1_39' title="bbox 384 3095 1967 3172">
     <span class='ocr_line' id='line_1_39' title="bbox 384 3095 1967 3172; baseline 0.006 -25"><span class='ocrx_word' id='word_1_318' title='bbox 384 3114 441 3149; x_wconf 67' lang='grc' dir='ltr'><strong>τε</strong></span> <span class='ocrx_word' id='word_1_319' title='bbox 491 3097 643 3151; x_wconf 81' lang='grc' dir='ltr'>νῶτα</span> <span class='ocrx_word' id='word_1_320' title='bbox 689 3099 951 3154; x_wconf 86' lang='grc' dir='ltr'>διδόασιν.</span> <span class='ocrx_word' id='word_1_321' title='bbox 1004 3095 1134 3151; x_wconf 84' lang='grc' dir='ltr'>Εἶτα</span> <span class='ocrx_word' id='word_1_322' title='bbox 1189 3099 1298 3153; x_wconf 82' lang='grc' dir='ltr'>δεῖν</span> <span class='ocrx_word' id='word_1_323' title='bbox 1349 3100 1490 3168; x_wconf 73' lang='grc' dir='ltr'>ἔγνω</span> <span class='ocrx_word' id='word_1_324' title='bbox 1539 3103 1567 3154; x_wconf 87' lang='grc' dir='ltr'>ὁ</span> <span class='ocrx_word' id='word_1_325' title='bbox 1631 3102 1967 3172; x_wconf 81' lang='grc' dir='ltr'>Ῥομπέρτος</span> 
     </span>
    </p>
   </div>
   <div class='ocr_carea' id='block_1_40' title="bbox 383 3190 1966 3264">
    <p class='ocr_par' dir='ltr' id='par_1_40' title="bbox 383 3190 1966 3264">
     <span class='ocr_line' id='line_1_40' title="bbox 383 3190 1966 3264; baseline 0.004 -23"><span class='ocrx_word' id='word_1_326' title='bbox 383 3192 593 3242; x_wconf 80' lang='grc' dir='ltr'>ᾶπαντα</span> <span class='ocrx_word' id='word_1_327' title='bbox 625 3190 718 3243; x_wconf 80' lang='grc' dir='ltr'><strong>τὸν</strong></span> <span class='ocrx_word' id='word_1_328' title='bbox 749 3190 917 3244; x_wconf 75' lang='grc' dir='ltr'>αὐτοῦ</span> <span class='ocrx_word' id='word_1_329' title='bbox 945 3191 1129 3245; x_wconf 85' lang='grc' dir='ltr'>στόλον</span> <span class='ocrx_word' id='word_1_330' title='bbox 1155 3191 1285 3246; x_wconf 83' lang='grc' dir='ltr'><strong>έλκῦ</strong></span> <span class='ocrx_word' id='word_1_331' title='bbox 1298 3210 1387 3247; x_wconf 89' lang='grc' dir='ltr'><strong>σαι</strong></span> <span class='ocrx_word' id='word_1_332' title='bbox 1416 3196 1496 3257; x_wconf 70' lang='grc' dir='ltr'><strong>εἰς</strong></span> <span class='ocrx_word' id='word_1_333' title='bbox 1526 3194 1623 3264; x_wconf 84' lang='grc' dir='ltr'>τὴν</span> <span class='ocrx_word' id='word_1_334' title='bbox 1650 3196 1869 3264; x_wconf 81' lang='grc' dir='ltr'>χέρσον.</span> <span class='ocrx_word' id='word_1_335' title='bbox 1902 3196 1966 3248; x_wconf 80' lang='grc' dir='ltr'>Οἱ</span> 
     </span>
    </p>
   </div>
   <div class='ocr_carea' id='block_1_41' title="bbox 2056 1992 3636 2056">
    <p class='ocr_par' dir='ltr' id='par_1_41' title="bbox 2056 1992 3636 2056">
     <span class='ocr_line' id='line_1_41' title="bbox 2056 1992 3636 2056; baseline -0.009 -1"><span class='ocrx_word' id='word_1_336' title='bbox 2056 2016 2248 2056; x_wconf 84' lang='lat' dir='ltr'><strong>omnes</strong></span> <span class='ocrx_word' id='word_1_337' title='bbox 2276 2002 2594 2056; x_wconf 90' lang='lat' dir='ltr'><strong>bellicorum</strong></span> <span class='ocrx_word' id='word_1_338' title='bbox 2630 2008 2883 2052; x_wconf 84' lang='lat' dir='ltr'><strong>castnum</strong></span> <span class='ocrx_word' id='word_1_339' title='bbox 2913 1994 3241 2050; x_wconf 74' lang='lat' dir='ltr'><strong>offensiones</strong></span> <span class='ocrx_word' id='word_1_340' title='bbox 3274 1992 3474 2045; x_wconf 83' lang='lat' dir='ltr'><strong>invicta</strong></span> <span class='ocrx_word' id='word_1_341' title='bbox 3500 2005 3636 2045; x_wconf 90' lang='lat' dir='ltr'><strong>con-</strong></span> 
     </span>
    </p>
   </div>
   <div class='ocr_carea' id='block_1_42' title="bbox 2057 2082 3635 2162">
    <p class='ocr_par' dir='ltr' id='par_1_42' title="bbox 2057 2082 3635 2162">
     <span class='ocr_line' id='line_1_42' title="bbox 2057 2082 3635 2162; baseline -0.011 -9"><span class='ocrx_word' id='word_1_342' title='bbox 2057 2096 2257 2153; x_wconf 90' lang='lat' dir='ltr'><strong>stantia</strong></span> <span class='ocrx_word' id='word_1_343' title='bbox 2294 2095 2511 2157; x_wconf 90' lang='lat' dir='ltr'><strong>muniti,</strong></span> <span class='ocrx_word' id='word_1_344' title='bbox 2544 2094 2703 2162; x_wconf 86' lang='lat' dir='ltr'><strong>plane</strong></span> <span class='ocrx_word' id='word_1_345' title='bbox 2735 2092 2974 2145; x_wconf 82' lang='lat' dir='ltr'><strong>decrevit</strong></span> <span class='ocrx_word' id='word_1_346' title='bbox 3005 2104 3112 2143; x_wconf 90' lang='lat' dir='ltr'><strong>non</strong></span> <span class='ocrx_word' id='word_1_347' title='bbox 3146 2086 3311 2141; x_wconf 87' lang='lat' dir='ltr'><strong>alimn</strong></span> <span class='ocrx_word' id='word_1_348' title='bbox 3340 2085 3464 2137; x_wconf 87' lang='lat' dir='ltr'><strong>huic</strong></span> <span class='ocrx_word' id='word_1_349' title='bbox 3492 2082 3635 2136; x_wconf 85' lang='lat' dir='ltr'><strong>bello</strong></span> 
     </span>
    </p>
   </div>
   <div class='ocr_carea' id='block_1_43' title="bbox 2060 2176 3635 2256">
    <p class='ocr_par' dir='ltr' id='par_1_43' title="bbox 2060 2176 3635 2256">
     <span class='ocr_line' id='line_1_43' title="bbox 2060 2176 3635 2256; baseline -0.01 -13"><span class='ocrx_word' id='word_1_350' title='bbox 2060 2191 2220 2243; x_wconf 78' lang='lat' dir='ltr'><strong>littem</strong></span> <span class='ocrx_word' id='word_1_351' title='bbox 2268 2203 2430 2256; x_wconf 80' lang='lat' dir='ltr'><strong>quam</strong></span> <span class='ocrx_word' id='word_1_352' title='bbox 2487 2186 2771 2239; x_wconf 77' lang='lat' dir='ltr'><strong>victoriam</strong></span> <span class='ocrx_word' id='word_1_353' title='bbox 2829 2183 3043 2243; x_wconf 75' lang='lat' dir='ltr'><strong>facere;</strong></span> <span class='ocrx_word' id='word_1_354' title='bbox 3098 2180 3301 2247; x_wconf 89' lang='lat' dir='ltr'><strong>talique</strong></span> <span class='ocrx_word' id='word_1_355' title='bbox 3354 2176 3635 2245; x_wconf 85' lang='lat' dir='ltr'><strong>proposito</strong></span> 
     </span>
    </p>
   </div>
   <div class='ocr_carea' id='block_1_44' title="bbox 2059 2270 3629 2339">
    <p class='ocr_par' dir='ltr' id='par_1_44' title="bbox 2059 2270 3629 2339">
     <span class='ocr_line' id='line_1_44' title="bbox 2059 2270 3629 2339; baseline -0.009 -7"><span class='ocrx_word' id='word_1_356' title='bbox 2059 2279 2334 2332; x_wconf 85' lang='lat' dir='ltr'><strong>obdurare</strong></span> <span class='ocrx_word' id='word_1_357' title='bbox 2365 2286 2561 2330; x_wconf 89' lang='lat' dir='ltr'><strong>contra</strong></span> <span class='ocrx_word' id='word_1_358' title='bbox 2621 2284 2735 2328; x_wconf 92' lang='lat' dir='ltr'><strong>tum</strong></span> <span class='ocrx_word' id='word_1_359' title='bbox 2793 2274 2916 2328; x_wconf 66' lang='lat' dir='ltr'><strong>caeli</strong></span> <span class='ocrx_word' id='word_1_360' title='bbox 2964 2288 3025 2325; x_wconf 88' lang='lat' dir='ltr'><strong>ac</strong></span> <span class='ocrx_word' id='word_1_361' title='bbox 3076 2270 3459 2339; x_wconf 85' lang='lat' dir='ltr'><strong>procellarum,</strong></span> <span class='ocrx_word' id='word_1_362' title='bbox 3515 2275 3629 2320; x_wconf 92' lang='lat' dir='ltr'><strong>tum</strong></span> 
     </span>
    </p>
   </div>
   <div class='ocr_carea' id='block_1_45' title="bbox 2062 2365 3635 2437">
    <p class='ocr_par' dir='ltr' id='par_1_45' title="bbox 2062 2365 3635 2437">
     <span class='ocr_line' id='line_1_45' title="bbox 2062 2365 3635 2437; baseline -0.01 -12"><span class='ocrx_word' id='word_1_363' title='bbox 2062 2372 2341 2427; x_wconf 81' lang='lat' dir='ltr'><strong>hostilium</strong></span> <span class='ocrx_word' id='word_1_364' title='bbox 2381 2380 2523 2424; x_wconf 87' lang='lat' dir='ltr'><strong>terra</strong></span> <span class='ocrx_word' id='word_1_365' title='bbox 2555 2371 2805 2437; x_wconf 84' lang='lat' dir='ltr'><strong>marique</strong></span> <span class='ocrx_word' id='word_1_366' title='bbox 2851 2365 3224 2421; x_wconf 89' lang='lat' dir='ltr'><strong>incursionum</strong></span> <span class='ocrx_word' id='word_1_367' title='bbox 3268 2368 3635 2414; x_wconf 87' lang='lat' dir='ltr'><strong>commeatum</strong></span> 
     </span>
    </p>
   </div>
   <div class='ocr_carea' id='block_1_46' title="bbox 2062 2451 3638 2530">
    <p class='ocr_par' dir='ltr' id='par_1_46' title="bbox 2062 2451 3638 2530">
     <span class='ocr_line' id='line_1_46' title="bbox 2062 2451 3638 2530; baseline -0.01 -12"><span class='ocrx_word' id='word_1_368' title='bbox 2062 2480 2293 2519; x_wconf 67' lang='lat' dir='ltr'><strong>annona:</strong></span> <span class='ocrx_word' id='word_1_369' title='bbox 2324 2462 2755 2530; x_wconf 85' lang='lat' dir='ltr'><strong>prohibentium.</strong></span> <span class='ocrx_word' id='word_1_370' title='bbox 2789 2457 3158 2513; x_wconf 88' lang='lat' dir='ltr'><strong>incommoda.</strong></span> <span class='ocrx_word' id='word_1_371' title='bbox 3187 2452 3320 2506; x_wconf 89' lang='lat' dir='ltr'><strong>Nam</strong></span> <span class='ocrx_word' id='word_1_372' title='bbox 3370 2467 3467 2504; x_wconf 89' lang='lat' dir='ltr'><strong>nec</strong></span> <span class='ocrx_word' id='word_1_373' title='bbox 3518 2451 3638 2519; x_wconf 88' lang='lat' dir='ltr'><strong>ipse</strong></span> 
     </span>
    </p>
   </div>
   <div class='ocr_carea' id='block_1_47' title="bbox 2066 2544 3635 2628">
    <p class='ocr_par' dir='ltr' id='par_1_47' title="bbox 2066 2544 3635 2628">
     <span class='ocr_line' id='line_1_47' title="bbox 2066 2544 3635 2628; baseline -0.012 -15"><span class='ocrx_word' id='word_1_374' title='bbox 2066 2574 2159 2628; x_wconf 89' lang='lat' dir='ltr'><strong>per</strong></span> <span class='ocrx_word' id='word_1_375' title='bbox 2179 2565 2558 2625; x_wconf 87' lang='lat' dir='ltr'><strong>tempestatem</strong></span> <span class='ocrx_word' id='word_1_376' title='bbox 2590 2562 2803 2622; x_wconf 86' lang='lat' dir='ltr'><strong>poterat</strong></span> <span class='ocrx_word' id='word_1_377' title='bbox 2827 2550 3040 2620; x_wconf 82' lang='lat' dir='ltr'><strong>navigia</strong></span> <span class='ocrx_word' id='word_1_378' title='bbox 3071 2549 3123 2602; x_wconf 91' lang='lat' dir='ltr'><strong>in</strong></span> <span class='ocrx_word' id='word_1_379' title='bbox 3150 2556 3325 2601; x_wconf 91' lang='lat' dir='ltr'><strong>tutum</strong></span> <span class='ocrx_word' id='word_1_380' title='bbox 3364 2544 3635 2598; x_wconf 88' lang='lat' dir='ltr'><strong>subducta</strong></span> 
     </span>
    </p>
   </div>
   <div class='ocr_carea' id='block_1_48' title="bbox 2063 2637 3637 2704">
    <p class='ocr_par' dir='ltr' id='par_1_48' title="bbox 2063 2637 3637 2704">
     <span class='ocr_line' id='line_1_48' title="bbox 2063 2637 3637 2704; baseline -0.011 0"><span class='ocrx_word' id='word_1_381' title='bbox 2063 2652 2198 2704; x_wconf 81' lang='lat' dir='ltr'><strong>mari</strong></span> <span class='ocrx_word' id='word_1_382' title='bbox 2264 2649 2605 2704; x_wconf 61' lang='lat' dir='ltr'><strong>committere</strong></span> <span class='ocrx_word' id='word_1_383' title='bbox 2652 2664 2665 2699; x_wconf 87' lang='lat'><strong>:</strong></span> <span class='ocrx_word' id='word_1_384' title='bbox 2729 2655 2782 2699; x_wconf 90' lang='lat' dir='ltr'><strong>ct</strong></span> <span class='ocrx_word' id='word_1_385' title='bbox 2838 2644 2977 2697; x_wconf 90' lang='lat' dir='ltr'><strong>idem</strong></span> <span class='ocrx_word' id='word_1_386' title='bbox 3036 2642 3168 2695; x_wconf 88' lang='lat' dir='ltr'><strong>illud</strong></span> <span class='ocrx_word' id='word_1_387' title='bbox 3229 2637 3637 2692; x_wconf 83' lang='lat' dir='ltr'><strong>incommodum</strong></span> 
     </span>
    </p>
   </div>
   <div class='ocr_carea' id='block_1_49' title="bbox 2064 2726 3637 2801">
    <p class='ocr_par' dir='ltr' id='par_1_49' title="bbox 2064 2726 3637 2801">
     <span class='ocr_line' id='line_1_49' title="bbox 2064 2726 3637 2801; baseline -0.011 -6"><span class='ocrx_word' id='word_1_388' title='bbox 2064 2740 2238 2795; x_wconf 78' lang='lat' dir='ltr'><strong>clausi</strong></span> <span class='ocrx_word' id='word_1_389' title='bbox 2282 2739 2473 2801; x_wconf 88' lang='lat' dir='ltr'><strong>maris,</strong></span> <span class='ocrx_word' id='word_1_390' title='bbox 2511 2738 2803 2789; x_wconf 88' lang='lat' dir='ltr'><strong>transitum</strong></span> <span class='ocrx_word' id='word_1_391' title='bbox 2852 2734 3163 2787; x_wconf 88' lang='lat' dir='ltr'><strong>Italicarum</strong></span> <span class='ocrx_word' id='word_1_392' title='bbox 3199 2730 3417 2783; x_wconf 90' lang='lat' dir='ltr'><strong>navium</strong></span> <span class='ocrx_word' id='word_1_393' title='bbox 3457 2744 3485 2781; x_wconf 89' lang='lat' dir='ltr'><strong>e</strong></span> <span class='ocrx_word' id='word_1_394' title='bbox 3526 2726 3637 2779; x_wconf 68' lang='lat' dir='ltr'><strong>Ro»</strong></span> 
     </span>
    </p>
   </div>
   <div class='ocr_carea' id='block_1_50' title="bbox 2068 2826 3638 2893">
    <p class='ocr_par' dir='ltr' id='par_1_50' title="bbox 2068 2826 3638 2893">
     <span class='ocr_line' id='line_1_50' title="bbox 2068 2826 3638 2893; baseline -0.009 -7"><span class='ocrx_word' id='word_1_395' title='bbox 2068 2831 2206 2886; x_wconf 92' lang='lat' dir='ltr'><strong>berti</strong></span> <span class='ocrx_word' id='word_1_396' title='bbox 2246 2832 2451 2884; x_wconf 88' lang='lat' dir='ltr'><strong>ditione</strong></span> <span class='ocrx_word' id='word_1_397' title='bbox 2479 2828 2791 2883; x_wconf 82' lang='lat' dir='ltr'><strong>necessaria</strong></span> <span class='ocrx_word' id='word_1_398' title='bbox 2827 2827 2892 2880; x_wconf 92' lang='lat' dir='ltr'><strong>ad</strong></span> <span class='ocrx_word' id='word_1_399' title='bbox 2947 2826 3125 2893; x_wconf 88' lang='lat' dir='ltr'><strong>ipsum</strong></span> <span class='ocrx_word' id='word_1_400' title='bbox 3163 2832 3505 2892; x_wconf 77' lang='lat' dir='ltr'><strong>comportare</strong></span> <span class='ocrx_word' id='word_1_401' title='bbox 3543 2835 3638 2888; x_wconf 81' lang='lat' dir='ltr'><strong>pa-</strong></span> 
     </span>
    </p>
   </div>
   <div class='ocr_carea' id='block_1_51' title="bbox 2068 2912 3639 2982">
    <p class='ocr_par' dir='ltr' id='par_1_51' title="bbox 2068 2912 3639 2982">
     <span class='ocr_line' id='line_1_51' title="bbox 2068 2912 3639 2982; baseline -0.007 -6"><span class='ocrx_word' id='word_1_402' title='bbox 2068 2923 2308 2976; x_wconf 84' lang='lat' dir='ltr'><strong>rantium</strong></span> <span class='ocrx_word' id='word_1_403' title='bbox 2359 2920 2603 2975; x_wconf 84' lang='lat' dir='ltr'><strong>arcebat.</strong></span> <span class='ocrx_word' id='word_1_404' title='bbox 2659 2919 3010 2972; x_wconf 66' lang='lat' dir='ltr'><strong>Accedebant</strong></span> <span class='ocrx_word' id='word_1_405' title='bbox 3062 2916 3317 2982; x_wconf 81' lang='lat' dir='ltr'><strong>imposita</strong></span> <span class='ocrx_word' id='word_1_406' title='bbox 3374 2912 3639 2982; x_wconf 83' lang='lat' dir='ltr'><strong>portubus</strong></span> 
     </span>
    </p>
   </div>
   <div class='ocr_carea' id='block_1_52' title="bbox 2069 3007 3639 3079">
    <p class='ocr_par' dir='ltr' id='par_1_52' title="bbox 2069 3007 3639 3079">
     <span class='ocr_line' id='line_1_52' title="bbox 2069 3007 3639 3079; baseline -0.004 -15"><span class='ocrx_word' id='word_1_407' title='bbox 2069 3015 2277 3067; x_wconf 74' lang='lat' dir='ltr'><strong>circum</strong></span> <span class='ocrx_word' id='word_1_408' title='bbox 2314 3014 2569 3067; x_wconf 82' lang='lat' dir='ltr'><strong>Omnibus</strong></span> <span class='ocrx_word' id='word_1_409' title='bbox 2608 3011 2858 3079; x_wconf 69' lang='lat' dir='ltr'><strong>prtesidia</strong></span> <span class='ocrx_word' id='word_1_410' title='bbox 2898 3010 3157 3063; x_wconf 46' lang='lat' dir='ltr'><strong>Romani»</strong></span> <span class='ocrx_word' id='word_1_411' title='bbox 3182 3007 3467 3061; x_wconf 68' lang='lat' dir='ltr'><strong>Venettcve</strong></span> <span class='ocrx_word' id='word_1_412' title='bbox 3495 3007 3639 3059; x_wconf 88' lang='lat' dir='ltr'><strong>clas-</strong></span> 
     </span>
    </p>
   </div>
   <div class='ocr_carea' id='block_1_53' title="bbox 2069 3097 3640 3174">
    <p class='ocr_par' dir='ltr' id='par_1_53' title="bbox 2069 3097 3640 3174">
     <span class='ocr_line' id='line_1_53' title="bbox 2069 3097 3640 3174; baseline -0.008 -12"><span class='ocrx_word' id='word_1_413' title='bbox 2069 3108 2170 3167; x_wconf 78' lang='lat' dir='ltr'><strong>sis.</strong></span> <span class='ocrx_word' id='word_1_414' title='bbox 2207 3122 2440 3174; x_wconf 89' lang='lat' dir='ltr'><strong>quorum</strong></span> <span class='ocrx_word' id='word_1_415' title='bbox 2487 3105 2696 3159; x_wconf 86' lang='lat' dir='ltr'><strong>intenta</strong></span> <span class='ocrx_word' id='word_1_416' title='bbox 2743 3103 2995 3156; x_wconf 89' lang='lat' dir='ltr'><strong>custodia</strong></span> <span class='ocrx_word' id='word_1_417' title='bbox 3036 3116 3183 3154; x_wconf 87' lang='lat' dir='ltr'><strong>mare</strong></span> <span class='ocrx_word' id='word_1_418' title='bbox 3228 3101 3411 3152; x_wconf 90' lang='lat' dir='ltr'><strong>adhuc</strong></span> <span class='ocrx_word' id='word_1_419' title='bbox 3464 3097 3640 3163; x_wconf 68' lang='lat' dir='ltr'><strong>magis</strong></span> 
     </span>
    </p>
   </div>
   <div class='ocr_carea' id='block_1_54' title="bbox 2072 3186 3639 3254">
    <p class='ocr_par' dir='ltr' id='par_1_54' title="bbox 2072 3186 3639 3254">
     <span class='ocr_line' id='line_1_54' title="bbox 2072 3186 3639 3254; baseline -0.007 -4"><span class='ocrx_word' id='word_1_420' title='bbox 2072 3197 2281 3250; x_wconf 87' lang='lat' dir='ltr'><strong>invium</strong></span> <span class='ocrx_word' id='word_1_421' title='bbox 2325 3194 2549 3249; x_wconf 81' lang='lat' dir='ltr'><strong>Ruberti</strong></span> <span class='ocrx_word' id='word_1_422' title='bbox 2582 3193 2772 3247; x_wconf 89' lang='lat' dir='ltr'><strong>usibus</strong></span> <span class='ocrx_word' id='word_1_423' title='bbox 2806 3191 3029 3245; x_wconf 79' lang='lat' dir='ltr'><strong>fecerat.</strong></span> <span class='ocrx_word' id='word_1_424' title='bbox 3066 3189 3138 3244; x_wconf 89' lang='lat' dir='ltr'><strong>Ut</strong></span> <span class='ocrx_word' id='word_1_425' title='bbox 3175 3204 3300 3241; x_wconf 89' lang='lat' dir='ltr'><strong>vero</strong></span> <span class='ocrx_word' id='word_1_426' title='bbox 3345 3187 3453 3254; x_wconf 74' lang='lat' dir='ltr'><strong>jam</strong></span> <span class='ocrx_word' id='word_1_427' title='bbox 3505 3186 3639 3239; x_wconf 86' lang='lat' dir='ltr'><strong>lihe-</strong></span> 
     </span>
    </p>
   </div>
   <div class='ocr_carea' id='block_1_55' title="bbox 378 3254 1958 3357">
    <p class='ocr_par' dir='ltr' id='par_1_55' title="bbox 378 3254 1955 3357">
     <span class='ocr_line' id='line_1_55' title="bbox 378 3254 1955 3357; baseline 0.005 -24"><span class='ocrx_word' id='word_1_428' title='bbox 378 3284 426 3333; x_wconf 67' lang='grc' dir='ltr'><strong>δὲ</strong></span> <span class='ocrx_word' id='word_1_429' title='bbox 452 3283 739 3348; x_wconf 70' lang='grc' dir='ltr'>νησιῶται,</span> <span class='ocrx_word' id='word_1_430' title='bbox 773 3285 956 3337; x_wconf 77' lang='grc' dir='ltr'>καὶτὰ</span> <span class='ocrx_word' id='word_1_431' title='bbox 982 3288 1135 3356; x_wconf 79' lang='grc' dir='ltr'>παρὰ</span> <span class='ocrx_word' id='word_1_432' title='bbox 1162 3286 1430 3340; x_wconf 80' lang='grc' dir='ltr'>θάλατταν</span> <span class='ocrx_word' id='word_1_433' title='bbox 1456 3254 1556 3357; x_wconf 75' lang='grc' dir='ltr'>τῆς</span> <span class='ocrx_word' id='word_1_434' title='bbox 1580 3254 1824 3357; x_wconf 47' lang='grc' dir='ltr'>’ἠπείρου</span> <span class='ocrx_word' id='word_1_435' title='bbox 1855 3305 1955 3341; x_wconf 81' lang='grc' dir='ltr'>πο-</span> 
     </span>
    </p>
   </div>
   <div class='ocr_carea' id='block_1_56' title="bbox 2066 3254 3637 3357">
    <p class='ocr_par' dir='ltr' id='par_1_56' title="bbox 2075 3278 3637 3346">
     <span class='ocr_line' id='line_1_56' title="bbox 2075 3278 3637 3346; baseline -0.008 -2"><span class='ocrx_word' id='word_1_436' title='bbox 2075 3307 2193 3345; x_wconf 86' lang='lat' dir='ltr'><strong>rum</strong></span> <span class='ocrx_word' id='word_1_437' title='bbox 2247 3288 2446 3342; x_wconf 88' lang='lat' dir='ltr'><strong>mitiori</strong></span> <span class='ocrx_word' id='word_1_438' title='bbox 2494 3287 2635 3341; x_wconf 64' lang='lat' dir='ltr'><strong>caelo</strong></span> <span class='ocrx_word' id='word_1_439' title='bbox 2667 3299 2819 3338; x_wconf 85' lang='lat' dir='ltr'><strong>mare</strong></span> <span class='ocrx_word' id='word_1_440' title='bbox 2863 3283 2985 3346; x_wconf 78' lang='lat' dir='ltr'><strong>fuit,</strong></span> <span class='ocrx_word' id='word_1_441' title='bbox 3018 3281 3210 3336; x_wconf 83' lang='lat' dir='ltr'><strong>Veneti</strong></span> <span class='ocrx_word' id='word_1_442' title='bbox 3244 3278 3497 3333; x_wconf 88' lang='lat' dir='ltr'><strong>obsidere</strong></span> <span class='ocrx_word' id='word_1_443' title='bbox 3532 3294 3637 3332; x_wconf 85' lang='lat' dir='ltr'><strong>non</strong></span> 
     </span>
    </p>
   </div>
   <div class='ocr_carea' id='block_1_57' title="bbox 380 3373 1958 3448">
    <p class='ocr_par' dir='ltr' id='par_1_57' title="bbox 380 3373 1958 3448">
     <span class='ocr_line' id='line_1_57' title="bbox 380 3373 1958 3448; baseline 0.006 -24"><span class='ocrx_word' id='word_1_444' title='bbox 380 3373 576 3443; x_wconf 76' lang='grc' dir='ltr'>λέχνια,</span> <span class='ocrx_word' id='word_1_445' title='bbox 609 3376 707 3429; x_wconf 78' lang='grc' dir='ltr'>καὶ</span> <span class='ocrx_word' id='word_1_446' title='bbox 735 3375 924 3429; x_wconf 83' lang='grc' dir='ltr'>ὀπόσοι</span> <span class='ocrx_word' id='word_1_447' title='bbox 958 3375 1108 3429; x_wconf 79' lang='grc' dir='ltr'>ἄλλοι</span> <span class='ocrx_word' id='word_1_448' title='bbox 1171 3377 1368 3447; x_wconf 74' lang='grc' dir='ltr'>φόρους</span> <span class='ocrx_word' id='word_1_449' title='bbox 1412 3382 1674 3448; x_wconf 87' lang='grc' dir='ltr'>παρεῖχον</span> <span class='ocrx_word' id='word_1_450' title='bbox 1717 3379 1794 3448; x_wconf 81' lang='grc' dir='ltr'><strong>τῷ</strong></span> <span class='ocrx_word' id='word_1_451' title='bbox 1837 3380 1958 3433; x_wconf 84' lang='grc' dir='ltr'><strong>Ῥο-</strong></span> 
     </span>
    </p>
   </div>
   <div class='ocr_carea' id='block_1_58' title="bbox 384 3467 1958 3540">
    <p class='ocr_par' dir='ltr' id='par_1_58' title="bbox 384 3467 1958 3540">
     <span class='ocr_line' id='line_1_58' title="bbox 384 3467 1958 3540; baseline 0.004 -23"><span class='ocrx_word' id='word_1_452' title='bbox 384 3467 629 3536; x_wconf 80' lang='grc' dir='ltr'>μττέρτῳ.</span> <span class='ocrx_word' id='word_1_453' title='bbox 681 3467 1085 3536; x_wconf 68' lang='grc' dir='ltr'>τεθαρρηκότες</span> <span class='ocrx_word' id='word_1_454' title='bbox 1119 3468 1207 3521; x_wconf 78' lang='grc' dir='ltr'><strong>διὰ</strong></span> <span class='ocrx_word' id='word_1_455' title='bbox 1224 3469 1646 3538; x_wconf 85' lang='grc' dir='ltr'>τὰσυμπεσόντα</span> <span class='ocrx_word' id='word_1_456' title='bbox 1661 3468 1830 3539; x_wconf 80' lang='grc' dir='ltr'>αὐτῷ,</span> <span class='ocrx_word' id='word_1_457' title='bbox 1860 3470 1958 3540; x_wconf 84' lang='grc' dir='ltr'>οὐχ</span> 
     </span>
    </p>
   </div>
   <div class='ocr_carea' id='block_1_59' title="bbox 380 3559 1958 3631">
    <p class='ocr_par' dir='ltr' id='par_1_59' title="bbox 380 3559 1958 3631">
     <span class='ocr_line' id='line_1_59' title="bbox 380 3559 1958 3631; baseline 0.004 -21"><span class='ocrx_word' id='word_1_458' title='bbox 380 3559 606 3629; x_wconf 72' lang='grc' dir='ltr'>ἑτοίμως</span> <span class='ocrx_word' id='word_1_459' title='bbox 630 3559 702 3613; x_wconf 81' lang='grc' dir='ltr'>τὰ</span> <span class='ocrx_word' id='word_1_460' title='bbox 732 3560 1052 3613; x_wconf 75' lang='grc' dir='ltr'>ἐπιτεθέντα</span> <span class='ocrx_word' id='word_1_461' title='bbox 1081 3560 1220 3629; x_wconf 87' lang='grc' dir='ltr'>βάρη</span> <span class='ocrx_word' id='word_1_462' title='bbox 1244 3562 1468 3626; x_wconf 76' lang='grc' dir='ltr'>ἐδίδουν,</span> <span class='ocrx_word' id='word_1_463' title='bbox 1500 3563 1598 3631; x_wconf 78' lang='grc' dir='ltr'><strong>τὴν</strong></span> <span class='ocrx_word' id='word_1_464' title='bbox 1631 3563 1796 3616; x_wconf 78' lang='grc' dir='ltr'>αὑτοῦ</span> <span class='ocrx_word' id='word_1_465' title='bbox 1821 3563 1958 3617; x_wconf 81' lang='grc' dir='ltr'>κατᾶ</span> 
     </span>
    </p>
   </div>
   <div class='ocr_carea' id='block_1_60' title="bbox 384 3647 1959 3722">
    <p class='ocr_par' dir='ltr' id='par_1_60' title="bbox 384 3647 1959 3722">
     <span class='ocr_line' id='line_1_60' title="bbox 384 3647 1959 3722; baseline 0.005 -22"><span class='ocrx_word' id='word_1_466' title='bbox 384 3651 653 3704; x_wconf 81' lang='grc' dir='ltr'>θάλατταν</span> <span class='ocrx_word' id='word_1_467' title='bbox 705 3650 973 3719; x_wconf 82' lang='grc' dir='ltr'>μαθόντες</span> <span class='ocrx_word' id='word_1_468' title='bbox 1014 3647 1207 3722; x_wconf 81' lang='grc' dir='ltr'>ἧτταν.</span> <span class='ocrx_word' id='word_1_469' title='bbox 1258 3654 1380 3705; x_wconf 81' lang='grc' dir='ltr'>Δεῖν</span> <span class='ocrx_word' id='word_1_470' title='bbox 1428 3648 1521 3707; x_wconf 78' lang='grc' dir='ltr'><strong>οὖν</strong></span> <span class='ocrx_word' id='word_1_471' title='bbox 1567 3654 1707 3722; x_wconf 83' lang='grc' dir='ltr'>ἔγνω</span> <span class='ocrx_word' id='word_1_472' title='bbox 1752 3655 1959 3711; x_wconf 86' lang='grc' dir='ltr'>πλείονι</span> 
     </span>
    </p>
   </div>
   <div class='ocr_carea' id='block_1_61' title="bbox 386 3742 1961 3812">
    <p class='ocr_par' dir='ltr' id='par_1_61' title="bbox 386 3742 1961 3812">
     <span class='ocr_line' id='line_1_61' title="bbox 386 3742 1961 3812; baseline 0.004 -22"><span class='ocrx_word' id='word_1_473' title='bbox 386 3742 676 3810; x_wconf 67' lang='grc' dir='ltr'>περιεργίᾳ</span> <span class='ocrx_word' id='word_1_474' title='bbox 712 3742 957 3807; x_wconf 84' lang='grc' dir='ltr'>πολέμου</span> <span class='ocrx_word' id='word_1_475' title='bbox 990 3742 1312 3810; x_wconf 73' lang='grc' dir='ltr'>χρήσασθαι.</span> <span class='ocrx_word' id='word_1_476' title='bbox 1350 3742 1444 3795; x_wconf 76' lang='grc' dir='ltr'><strong>καὶ</strong></span> <span class='ocrx_word' id='word_1_477' title='bbox 1480 3742 1567 3795; x_wconf 84' lang='grc' dir='ltr'><strong>διά</strong></span> <span class='ocrx_word' id='word_1_478' title='bbox 1600 3760 1657 3795; x_wconf 89' lang='grc' dir='ltr'><strong>τε</strong></span> <span class='ocrx_word' id='word_1_479' title='bbox 1684 3742 1961 3812; x_wconf 78' lang='grc' dir='ltr'>θαλάσσης</span> 
     </span>
    </p>
   </div>
   <div class='ocr_carea' id='block_1_62' title="bbox 386 3832 1961 3905">
    <p class='ocr_par' dir='ltr' id='par_1_62' title="bbox 386 3832 1961 3905">
     <span class='ocr_line' id='line_1_62' title="bbox 386 3832 1961 3905; baseline 0.004 -24"><span class='ocrx_word' id='word_1_480' title='bbox 386 3832 475 3882; x_wconf 72' lang='grc' dir='ltr'><strong>καὶ</strong></span> <span class='ocrx_word' id='word_1_481' title='bbox 509 3832 742 3902; x_wconf 73' lang='grc' dir='ltr'>ἠπείρου</span> <span class='ocrx_word' id='word_1_482' title='bbox 781 3834 1075 3902; x_wconf 90' lang='grc' dir='ltr'>μάχεσθαι.</span> <span class='ocrx_word' id='word_1_483' title='bbox 1132 3833 1285 3886; x_wconf 75' lang='grc' dir='ltr'>Ἐπεὶ</span> <span class='ocrx_word' id='word_1_484' title='bbox 1319 3834 1375 3887; x_wconf 87' lang='grc' dir='ltr'><strong>δὲ</strong></span> <span class='ocrx_word' id='word_1_485' title='bbox 1413 3836 1513 3887; x_wconf 80' lang='grc' dir='ltr'><strong>οὐκ</strong></span> <span class='ocrx_word' id='word_1_486' title='bbox 1562 3836 1687 3905; x_wconf 79' lang='grc' dir='ltr'>ἐνῆν</span> <span class='ocrx_word' id='word_1_487' title='bbox 1718 3836 1786 3887; x_wconf 68' lang='grc' dir='ltr'>τὰ</span> <span class='ocrx_word' id='word_1_488' title='bbox 1818 3836 1961 3887; x_wconf 85' lang='grc' dir='ltr'>κατὰ</span> 
     </span>
    </p>
   </div>
   <div class='ocr_carea' id='block_1_63' title="bbox 388 3922 1960 3996">
    <p class='ocr_par' dir='ltr' id='par_1_63' title="bbox 388 3922 1960 3996">
     <span class='ocr_line' id='line_1_63' title="bbox 388 3922 1960 3996; baseline 0.003 -24"><span class='ocrx_word' id='word_1_489' title='bbox 388 3922 601 3993; x_wconf 66' lang='grc' dir='ltr'>γίὼμην</span> <span class='ocrx_word' id='word_1_490' title='bbox 637 3926 717 3988; x_wconf 76' lang='grc' dir='ltr'><strong>εἰς</strong></span> <span class='ocrx_word' id='word_1_491' title='bbox 745 3926 911 3996; x_wconf 81' lang='grc' dir='ltr'>ἔργον</span> <span class='ocrx_word' id='word_1_492' title='bbox 944 3926 1098 3992; x_wconf 82' lang='grc' dir='ltr'>άγειν</span> <span class='ocrx_word' id='word_1_493' title='bbox 1125 3926 1191 3988; x_wconf 74' lang='grc'><strong>⁸⁸,</strong></span> <span class='ocrx_word' id='word_1_494' title='bbox 1221 3926 1407 3988; x_wconf 86' lang='grc' dir='ltr'>δεδιὼς</span> <span class='ocrx_word' id='word_1_495' title='bbox 1440 3927 1498 3979; x_wconf 84' lang='grc' dir='ltr'><strong>τὸ</strong></span> <span class='ocrx_word' id='word_1_496' title='bbox 1523 3928 1801 3992; x_wconf 84' lang='grc' dir='ltr'>ναυάγιον,</span> <span class='ocrx_word' id='word_1_497' title='bbox 1832 3927 1960 3978; x_wconf 81' lang='grc' dir='ltr'>ἀνέ-</span> 
     </span>
    </p>
   </div>
   <div class='ocr_carea' id='block_1_64' title="bbox 395 4017 1968 4087">
    <p class='ocr_par' dir='ltr' id='par_1_64' title="bbox 395 4017 1968 4087">
     <span class='ocr_line' id='line_1_64' title="bbox 395 4017 1968 4087; baseline 0 -19"><span class='ocrx_word' id='word_1_498' title='bbox 395 4030 501 4081; x_wconf 84' lang='grc' dir='ltr'><strong>μων</strong></span> <span class='ocrx_word' id='word_1_499' title='bbox 550 4018 804 4086; x_wconf 79' lang='grc' dir='ltr'>μεγάλων</span> <span class='ocrx_word' id='word_1_500' title='bbox 865 4017 1165 4086; x_wconf 82' lang='grc' dir='ltr'>τηνικαῦτα</span> <span class='ocrx_word' id='word_1_501' title='bbox 1210 4018 1501 4081; x_wconf 81' lang='grc' dir='ltr'>πνεόντων,</span> <span class='ocrx_word' id='word_1_502' title='bbox 1552 4018 1968 4087; x_wconf 75' lang='grc' dir='ltr'>ἐγκαρτερήσας</span> 
     </span>
    </p>
   </div>
   <div class='ocr_carea' id='block_1_65' title="bbox 2066 3372 3635 3445">
    <p class='ocr_par' dir='ltr' id='par_1_65' title="bbox 2066 3372 3635 3445">
     <span class='ocr_line' id='line_1_65' title="bbox 2066 3372 3635 3445; baseline -0.01 -8"><span class='ocrx_word' id='word_1_503' title='bbox 2066 3381 2311 3437; x_wconf 88' lang='lat' dir='ltr'><strong>contenti</strong></span> <span class='ocrx_word' id='word_1_504' title='bbox 2364 3380 2496 3433; x_wconf 80' lang='lat' dir='ltr'><strong>velis</strong></span> <span class='ocrx_word' id='word_1_505' title='bbox 2564 3378 2838 3445; x_wconf 83' lang='lat' dir='ltr'><strong>remisque</strong></span> <span class='ocrx_word' id='word_1_506' title='bbox 2893 3382 3264 3445; x_wconf 83' lang='lat' dir='ltr'><strong>oppugnatum</strong></span> <span class='ocrx_word' id='word_1_507' title='bbox 3337 3372 3635 3426; x_wconf 70' lang='lat' dir='ltr'><strong>llobertnm</strong></span> 
     </span>
    </p>
   </div>
   <div class='ocr_carea' id='block_1_66' title="bbox 2066 3462 3638 3542">
    <p class='ocr_par' dir='ltr' id='par_1_66' title="bbox 2066 3462 3638 3542">
     <span class='ocr_line' id='line_1_66' title="bbox 2066 3462 3638 3542; baseline -0.01 -16"><span class='ocrx_word' id='word_1_508' title='bbox 2066 3479 2321 3542; x_wconf 81' lang='lat' dir='ltr'><strong>pergunt.</strong></span> <span class='ocrx_word' id='word_1_509' title='bbox 2357 3468 2566 3535; x_wconf 88' lang='lat' dir='ltr'><strong>Quibus</strong></span> <span class='ocrx_word' id='word_1_510' title='bbox 2610 3483 2734 3522; x_wconf 89' lang='lat' dir='ltr'><strong>cum</strong></span> <span class='ocrx_word' id='word_1_511' title='bbox 2761 3482 2819 3523; x_wconf 85' lang='lat' dir='ltr'><strong>se</strong></span> <span class='ocrx_word' id='word_1_512' title='bbox 2856 3466 3199 3532; x_wconf 82' lang='lat' dir='ltr'><strong>adjunxisset</strong></span> <span class='ocrx_word' id='word_1_513' title='bbox 3246 3462 3454 3517; x_wconf 70' lang='lat' dir='ltr'><strong>Mauris</strong></span> <span class='ocrx_word' id='word_1_514' title='bbox 3514 3477 3638 3513; x_wconf 87' lang='lat' dir='ltr'><strong>cum</strong></span> 
     </span>
    </p>
   </div>
   <div class='ocr_carea' id='block_1_67' title="bbox 2068 3551 3639 3629">
    <p class='ocr_par' dir='ltr' id='par_1_67' title="bbox 2068 3551 3639 3629">
     <span class='ocr_line' id='line_1_67' title="bbox 2068 3551 3639 3629; baseline -0.011 -12"><span class='ocrx_word' id='word_1_515' title='bbox 2068 3565 2246 3617; x_wconf 86' lang='lat' dir='ltr'><strong>classe</strong></span> <span class='ocrx_word' id='word_1_516' title='bbox 2279 3562 2549 3626; x_wconf 79' lang='lat' dir='ltr'><strong>Romana,</strong></span> <span class='ocrx_word' id='word_1_517' title='bbox 2592 3559 2923 3629; x_wconf 81' lang='lat' dir='ltr'><strong>gravissimo</strong></span> <span class='ocrx_word' id='word_1_518' title='bbox 2972 3557 3154 3626; x_wconf 68' lang='lat' dir='ltr'><strong>praelia</strong></span> <span class='ocrx_word' id='word_1_519' title='bbox 3210 3563 3494 3607; x_wconf 90' lang='lat' dir='ltr'><strong>contracto</strong></span> <span class='ocrx_word' id='word_1_520' title='bbox 3528 3551 3639 3603; x_wconf 81' lang='lat' dir='ltr'><strong>Ro-</strong></span> 
     </span>
    </p>
   </div>
   <div class='ocr_carea' id='block_1_68' title="bbox 2070 3641 3639 3720">
    <p class='ocr_par' dir='ltr' id='par_1_68' title="bbox 2070 3641 3639 3720">
     <span class='ocr_line' id='line_1_68' title="bbox 2070 3641 3639 3720; baseline -0.009 -13"><span class='ocrx_word' id='word_1_521' title='bbox 2070 3652 2301 3707; x_wconf 89' lang='lat' dir='ltr'><strong>bertiani</strong></span> <span class='ocrx_word' id='word_1_522' title='bbox 2335 3660 2483 3720; x_wconf 82' lang='lat' dir='ltr'><strong>terga</strong></span> <span class='ocrx_word' id='word_1_523' title='bbox 2517 3656 2819 3703; x_wconf 89' lang='lat' dir='ltr'><strong>verterunt.</strong></span> <span class='ocrx_word' id='word_1_524' title='bbox 2852 3646 2928 3699; x_wconf 81' lang='lat' dir='ltr'><strong>Ex</strong></span> <span class='ocrx_word' id='word_1_525' title='bbox 2962 3662 3070 3714; x_wconf 85' lang='lat' dir='ltr'><strong>quo</strong></span> <span class='ocrx_word' id='word_1_526' title='bbox 3095 3654 3341 3712; x_wconf 85' lang='lat' dir='ltr'><strong>tempore</strong></span> <span class='ocrx_word' id='word_1_527' title='bbox 3365 3641 3639 3695; x_wconf 79' lang='lat' dir='ltr'><strong>Robertus</strong></span> 
     </span>
    </p>
   </div>
   <div class='ocr_carea' id='block_1_69' title="bbox 2071 3737 3634 3809">
    <p class='ocr_par' dir='ltr' id='par_1_69' title="bbox 2071 3737 3634 3809">
     <span class='ocr_line' id='line_1_69' title="bbox 2071 3737 3634 3809; baseline -0.009 -10"><span class='ocrx_word' id='word_1_528' title='bbox 2071 3745 2382 3799; x_wconf 81' lang='lat' dir='ltr'><strong>faciendum</strong></span> <span class='ocrx_word' id='word_1_529' title='bbox 2427 3743 2528 3796; x_wconf 85' lang='lat' dir='ltr'><strong>sibi</strong></span> <span class='ocrx_word' id='word_1_530' title='bbox 2572 3741 2797 3809; x_wconf 83' lang='lat' dir='ltr'><strong>putavit,</strong></span> <span class='ocrx_word' id='word_1_531' title='bbox 2834 3749 2892 3791; x_wconf 93' lang='lat' dir='ltr'><strong>ut</strong></span> <span class='ocrx_word' id='word_1_532' title='bbox 2942 3754 3134 3791; x_wconf 84' lang='lat' dir='ltr'><strong>omnes</strong></span> <span class='ocrx_word' id='word_1_533' title='bbox 3187 3752 3316 3790; x_wconf 85' lang='lat' dir='ltr'><strong>snas</strong></span> <span class='ocrx_word' id='word_1_534' title='bbox 3364 3752 3530 3789; x_wconf 86' lang='lat' dir='ltr'><strong>naves</strong></span> <span class='ocrx_word' id='word_1_535' title='bbox 3581 3737 3634 3787; x_wconf 88' lang='lat' dir='ltr'><strong>in</strong></span> 
     </span>
    </p>
   </div>
   <div class='ocr_carea' id='block_1_70' title="bbox 2069 3827 3638 3897">
    <p class='ocr_par' dir='ltr' id='par_1_70' title="bbox 2069 3827 3638 3897">
     <span class='ocr_line' id='line_1_70' title="bbox 2069 3827 3638 3897; baseline -0.008 -8"><span class='ocrx_word' id='word_1_536' title='bbox 2069 3834 2445 3889; x_wconf 87' lang='lat' dir='ltr'><strong>continentem</strong></span> <span class='ocrx_word' id='word_1_537' title='bbox 2487 3830 2847 3893; x_wconf 81' lang='lat' dir='ltr'><strong>subduceret,</strong></span> <span class='ocrx_word' id='word_1_538' title='bbox 2874 3829 3043 3881; x_wconf 85' lang='lat' dir='ltr'><strong>libera</strong></span> <span class='ocrx_word' id='word_1_539' title='bbox 3074 3828 3423 3897; x_wconf 87' lang='lat' dir='ltr'><strong>possessione</strong></span> <span class='ocrx_word' id='word_1_540' title='bbox 3474 3827 3638 3878; x_wconf 87' lang='lat' dir='ltr'><strong>maris</strong></span> 
     </span>
    </p>
   </div>
   <div class='ocr_carea' id='block_1_71' title="bbox 2073 3918 3639 3992">
    <p class='ocr_par' dir='ltr' id='par_1_71' title="bbox 2073 3918 3639 3992">
     <span class='ocr_line' id='line_1_71' title="bbox 2073 3918 3639 3992; baseline -0.006 -14"><span class='ocrx_word' id='word_1_541' title='bbox 2073 3925 2322 3979; x_wconf 83' lang='lat' dir='ltr'><strong>hostibus</strong></span> <span class='ocrx_word' id='word_1_542' title='bbox 2355 3922 2645 3992; x_wconf 84' lang='lat' dir='ltr'><strong>permissa.</strong></span> <span class='ocrx_word' id='word_1_543' title='bbox 2676 3920 2780 3974; x_wconf 89' lang='lat' dir='ltr'><strong>Sed</strong></span> <span class='ocrx_word' id='word_1_544' title='bbox 2814 3928 2869 3975; x_wconf 90' lang='lat' dir='ltr'><strong>et</strong></span> <span class='ocrx_word' id='word_1_545' title='bbox 2912 3921 3005 3975; x_wconf 87' lang='lat' dir='ltr'><strong>illa</strong></span> <span class='ocrx_word' id='word_1_546' title='bbox 3039 3920 3158 3987; x_wconf 84' lang='lat' dir='ltr'><strong>ejus</strong></span> <span class='ocrx_word' id='word_1_547' title='bbox 3202 3918 3505 3972; x_wconf 82' lang='lat' dir='ltr'><strong>otienstone</strong></span> <span class='ocrx_word' id='word_1_548' title='bbox 3553 3922 3639 3969; x_wconf 90' lang='lat' dir='ltr'><strong>in-</strong></span> 
     </span>
    </p>
   </div>
   <div class='ocr_carea' id='block_1_72' title="bbox 2079 4011 3637 4084">
    <p class='ocr_par' dir='ltr' id='par_1_72' title="bbox 2079 4011 3637 4084">
     <span class='ocr_line' id='line_1_72' title="bbox 2079 4011 3637 4084; baseline -0.004 -13"><span class='ocrx_word' id='word_1_549' title='bbox 2079 4017 2289 4071; x_wconf 76' lang='lat' dir='ltr'><strong>sulares</strong></span> <span class='ocrx_word' id='word_1_550' title='bbox 2320 4014 2510 4077; x_wconf 85' lang='lat' dir='ltr'><strong>erecti,</strong></span> <span class='ocrx_word' id='word_1_551' title='bbox 2544 4013 2749 4084; x_wconf 76' lang='lat' dir='ltr'><strong>quique</strong></span> <span class='ocrx_word' id='word_1_552' title='bbox 2775 4028 2927 4068; x_wconf 88' lang='lat' dir='ltr'><strong>oram</strong></span> <span class='ocrx_word' id='word_1_553' title='bbox 2963 4012 3106 4082; x_wconf 86' lang='lat' dir='ltr'><strong>Epiri</strong></span> <span class='ocrx_word' id='word_1_554' title='bbox 3157 4012 3447 4066; x_wconf 87' lang='lat' dir='ltr'><strong>littoralem</strong></span> <span class='ocrx_word' id='word_1_555' title='bbox 3486 4011 3637 4079; x_wconf 49' lang='lat' dir='ltr'><strong>oppi‘</strong></span> 
     </span>
    </p>
   </div>
   <div class='ocr_carea' id='block_1_73' title="bbox 1454 4131 2567 4198">
    <p class='ocr_par' dir='ltr' id='par_1_73' title="bbox 1454 4131 2567 4198">
     <span class='ocr_line' id='line_1_73' title="bbox 1454 4131 2567 4198; baseline 0.002 -7"><span class='ocrx_word' id='word_1_556' title='bbox 1454 4134 1659 4196; x_wconf 59' lang='lat' dir='ltr'><strong>Varias</strong></span> <span class='ocrx_word' id='word_1_557' title='bbox 1692 4133 1997 4196; x_wconf 88' lang='lat' dir='ltr'><strong>lectiones</strong></span> <span class='ocrx_word' id='word_1_558' title='bbox 2018 4151 2095 4196; x_wconf 80' lang='lat' dir='ltr'><strong>ex</strong></span> <span class='ocrx_word' id='word_1_559' title='bbox 2128 4135 2268 4198; x_wconf 78' lang='lat' dir='ltr'><strong>cod.</strong></span> <span class='ocrx_word' id='word_1_560' title='bbox 2302 4131 2567 4195; x_wconf 86' lang='lat' dir='ltr'><strong>Coislin.</strong></span> 
     </span>
    </p>
   </div>
   <div class='ocr_carea' id='block_1_74' title="bbox 457 4231 1273 4304">
    <p class='ocr_par' dir='ltr' id='par_1_74' title="bbox 457 4231 1273 4304">
     <span class='ocr_line' id='line_1_74' title="bbox 457 4231 1273 4304; baseline 0.006 -21"><span class='ocrx_word' id='word_1_561' title='bbox 457 4231 499 4263; x_wconf 82' lang='lat'>&quot;</span> <span class='ocrx_word' id='word_1_562' title='bbox 528 4232 831 4287; x_wconf 79' lang='grc' dir='ltr'>ἐπέπαυτο.</span> <span class='ocrx_word' id='word_1_563' title='bbox 914 4234 961 4266; x_wconf 79' lang='grc'><strong>’³</strong></span> <span class='ocrx_word' id='word_1_564' title='bbox 990 4234 1273 4304; x_wconf 80' lang='grc' dir='ltr'>προάγειν.</span> 
     </span>
    </p>
   </div>
   <div class='ocr_carea' id='block_1_75' title="bbox 1432 4376 2535 4456">
    <p class='ocr_par' dir='ltr' id='par_1_75' title="bbox 1432 4376 2535 4456">
     <span class='ocr_line' id='line_1_75' title="bbox 1432 4376 2535 4456; baseline -0.001 -18"><span class='ocrx_word' id='word_1_565' title='bbox 1432 4378 1577 4444; x_wconf 81' lang='lat' dir='ltr'><strong>Car.</strong></span> <span class='ocrx_word' id='word_1_566' title='bbox 1602 4377 1925 4440; x_wconf 83' lang='lat' dir='ltr'><strong>Dufresnii</strong></span> <span class='ocrx_word' id='word_1_567' title='bbox 1957 4379 2055 4441; x_wconf 86' lang='lat' dir='ltr'><strong>Du</strong></span> <span class='ocrx_word' id='word_1_568' title='bbox 2087 4376 2305 4456; x_wconf 83' lang='lat' dir='ltr'><strong>Cangii</strong></span> <span class='ocrx_word' id='word_1_569' title='bbox 2349 4382 2535 4438; x_wconf 57' lang='lat' dir='ltr'><strong>notas.</strong></span> 
     </span>
    </p>
   </div>
   <div class='ocr_carea' id='block_1_76' title="bbox 460 4481 1949 4549">
    <p class='ocr_par' dir='ltr' id='par_1_76' title="bbox 460 4481 1949 4549">
     <span class='ocr_line' id='line_1_76' title="bbox 460 4481 1949 4549; baseline 0.002 -15"><span class='ocrx_word' id='word_1_570' title='bbox 460 4482 566 4545; x_wconf 75' lang='lat'><strong>(73)</strong></span> <span class='ocrx_word' id='word_1_571' title='bbox 592 4482 790 4535; x_wconf 81' lang='grc' dir='ltr'>Δοῦκα</span> <span class='ocrx_word' id='word_1_572' title='bbox 819 4483 1124 4549; x_wconf 77' lang='grc' dir='ltr'>Βενετίας.</span> <span class='ocrx_word' id='word_1_573' title='bbox 1152 4484 1491 4537; x_wconf 90' lang='lat' dir='ltr'><strong>Dominicum</strong></span> <span class='ocrx_word' id='word_1_574' title='bbox 1517 4482 1768 4546; x_wconf 83' lang='lat' dir='ltr'><strong>Silvium,</strong></span> <span class='ocrx_word' id='word_1_575' title='bbox 1792 4481 1949 4547; x_wconf 73' lang='lat' dir='ltr'><strong>cuius</strong></span> 
     </span>
    </p>
   </div>
   <div class='ocr_carea' id='block_1_77' title="bbox 2062 4477 3641 4549">
    <p class='ocr_par' dir='ltr' id='par_1_77' title="bbox 2062 4477 3641 4549">
     <span class='ocr_line' id='line_1_77' title="bbox 2062 4477 3641 4549; baseline 0 -16"><span class='ocrx_word' id='word_1_576' title='bbox 2062 4498 2093 4533; x_wconf 81' lang='grc' dir='ltr'><strong><em>η</em></strong></span> <span class='ocrx_word' id='word_1_577' title='bbox 2122 4479 2343 4533; x_wconf 74' lang='lat' dir='ltr'><strong>Roberto</strong></span> <span class='ocrx_word' id='word_1_578' title='bbox 2373 4478 2668 4534; x_wconf 79' lang='lat' dir='ltr'><strong>Gniscartlo</strong></span> <span class='ocrx_word' id='word_1_579' title='bbox 2690 4496 2746 4534; x_wconf 85' lang='lat' dir='ltr'><strong>re</strong></span> <span class='ocrx_word' id='word_1_580' title='bbox 2770 4481 2832 4549; x_wconf 94' lang='lat' dir='ltr'><strong>(il</strong></span> <span class='ocrx_word' id='word_1_581' title='bbox 2846 4482 3004 4549; x_wconf 88' lang='lat' dir='ltr'><strong>duca)</strong></span> <span class='ocrx_word' id='word_1_582' title='bbox 3022 4481 3078 4533; x_wconf 87' lang='lat' dir='ltr'><strong>di</strong></span> <span class='ocrx_word' id='word_1_583' title='bbox 3100 4477 3289 4548; x_wconf 84' lang='lat' dir='ltr'><strong>Puglia</strong></span> <span class='ocrx_word' id='word_1_584' title='bbox 3319 4495 3347 4532; x_wconf 89' lang='lat' dir='ltr'><strong>e</strong></span> <span class='ocrx_word' id='word_1_585' title='bbox 3370 4478 3641 4544; x_wconf 86' lang='lat' dir='ltr'><strong>Calarria,</strong></span> 
     </span>
    </p>
   </div>
   <div class='ocr_carea' id='block_1_78' title="bbox 398 4550 3643 4621">
    <p class='ocr_par' dir='ltr' id='par_1_78' title="bbox 398 4550 3643 4621">
     <span class='ocr_line' id='line_1_78' title="bbox 398 4550 3643 4621; baseline 0.001 -22"><span class='ocrx_word' id='word_1_586' title='bbox 398 4559 578 4604; x_wconf 73' lang='lat' dir='ltr'><strong>statuae</strong></span> <span class='ocrx_word' id='word_1_587' title='bbox 615 4553 684 4605; x_wconf 88' lang='lat' dir='ltr'><strong>ob</strong></span> <span class='ocrx_word' id='word_1_588' title='bbox 717 4552 901 4606; x_wconf 84' lang='lat' dir='ltr'><strong>fusum</strong></span> <span class='ocrx_word' id='word_1_589' title='bbox 942 4553 1233 4606; x_wconf 70' lang='lat' dir='ltr'><strong>llobertum</strong></span> <span class='ocrx_word' id='word_1_590' title='bbox 1282 4555 1451 4608; x_wconf 81' lang='lat' dir='ltr'><strong>hocce</strong></span> <span class='ocrx_word' id='word_1_591' title='bbox 1479 4552 1797 4621; x_wconf 82' lang='lat' dir='ltr'><strong>inscriptum</strong></span> <span class='ocrx_word' id='word_1_592' title='bbox 1829 4551 1954 4604; x_wconf 82' lang='grc' dir='ltr'>ἐπί·</span> <span class='ocrx_word' id='word_1_593' title='bbox 1989 4552 2031 4607; x_wconf 90' lang='lat' dir='ltr'><strong>D</strong></span> <span class='ocrx_word' id='word_1_594' title='bbox 2064 4550 2271 4620; x_wconf 71' lang='lat' dir='ltr'><strong>[rate/lo</strong></span> <span class='ocrx_word' id='word_1_595' title='bbox 2299 4550 2384 4621; x_wconf 84' lang='lat' dir='ltr'><strong>del</strong></span> <span class='ocrx_word' id='word_1_596' title='bbox 2415 4561 2560 4603; x_wconf 85' lang='lat' dir='ltr'><strong>conte</strong></span> <span class='ocrx_word' id='word_1_597' title='bbox 2585 4550 2814 4615; x_wconf 82' lang='lat' dir='ltr'><strong>Gofredo</strong></span> <span class='ocrx_word' id='word_1_598' title='bbox 2836 4595 2849 4617; x_wconf 91' lang='lat'><strong>,</strong></span> <span class='ocrx_word' id='word_1_599' title='bbox 2901 4569 2927 4605; x_wconf 88' lang='lat' dir='ltr'><strong>e</strong></span> <span class='ocrx_word' id='word_1_600' title='bbox 2968 4567 3110 4621; x_wconf 83' lang='lat' dir='ltr'><strong>come</strong></span> <span class='ocrx_word' id='word_1_601' title='bbox 3157 4554 3203 4603; x_wconf 81' lang='lat' dir='ltr'><strong>si</strong></span> <span class='ocrx_word' id='word_1_602' title='bbox 3236 4550 3514 4621; x_wconf 22' lang='lat' dir='ltr'><strong>leggeknef</strong></span> <span class='ocrx_word' id='word_1_603' title='bbox 3548 4568 3643 4603; x_wconf 82' lang='lat' dir='ltr'><strong>no-</strong></span> 
     </span>
    </p>
   </div>
   <div class='ocr_carea' id='block_1_79' title="bbox 397 4621 1309 4688">
    <p class='ocr_par' dir='ltr' id='par_1_79' title="bbox 397 4621 1309 4688">
     <span class='ocr_line' id='line_1_79' title="bbox 397 4621 1309 4688; baseline 0.004 -16"><span class='ocrx_word' id='word_1_604' title='bbox 397 4635 617 4688; x_wconf 74' lang='grc' dir='ltr'>γραμμα</span> <span class='ocrx_word' id='word_1_605' title='bbox 652 4632 892 4677; x_wconf 89' lang='lat' dir='ltr'><strong>testatur</strong></span> <span class='ocrx_word' id='word_1_606' title='bbox 927 4621 1263 4677; x_wconf 85' lang='lat' dir='ltr'><strong>Sansovinus</strong></span> <span class='ocrx_word' id='word_1_607' title='bbox 1296 4640 1309 4676; x_wconf 87' lang='lat'><strong>:</strong></span> 
     </span>
    </p>
   </div>
   <div class='ocr_carea' id='block_1_80' title="bbox 466 4710 1815 4781">
    <p class='ocr_par' dir='ltr' id='par_1_80' title="bbox 466 4710 1815 4781">
     <span class='ocr_line' id='line_1_80' title="bbox 466 4710 1815 4781; baseline 0.004 -20"><span class='ocrx_word' id='word_1_608' title='bbox 466 4710 688 4781; x_wconf 78' lang='lat' dir='ltr'><strong>Obsessa</strong></span> <span class='ocrx_word' id='word_1_609' title='bbox 720 4714 894 4781; x_wconf 85' lang='lat' dir='ltr'><strong>repuli</strong></span> <span class='ocrx_word' id='word_1_610' title='bbox 929 4711 1283 4766; x_wconf 75' lang='lat' dir='ltr'><strong>Guiscardum</strong></span> <span class='ocrx_word' id='word_1_611' title='bbox 1320 4724 1489 4769; x_wconf 86' lang='lat' dir='ltr'><strong>marte</strong></span> <span class='ocrx_word' id='word_1_612' title='bbox 1531 4714 1815 4768; x_wconf 83' lang='lat' dir='ltr'><strong>Robertum</strong></span> 
     </span>
    </p>
   </div>
   <div class='ocr_carea' id='block_1_81' title="bbox 464 4780 1962 4856">
    <p class='ocr_par' dir='ltr' id='par_1_81' title="bbox 464 4780 1962 4856">
     <span class='ocr_line' id='line_1_81' title="bbox 464 4780 1962 4856; baseline 0.003 -25"><span class='ocrx_word' id='word_1_613' title='bbox 464 4780 786 4850; x_wconf 68' lang='lat' dir='ltr'><strong>Dyrrach‘o,</strong></span> <span class='ocrx_word' id='word_1_614' title='bbox 828 4784 950 4835; x_wconf 78' lang='lat' dir='ltr'><strong>hinc</strong></span> <span class='ocrx_word' id='word_1_615' title='bbox 1010 4785 1284 4837; x_wconf 85' lang='lat' dir='ltr'><strong>dominum</strong></span> <span class='ocrx_word' id='word_1_616' title='bbox 1347 4783 1659 4856; x_wconf 70' lang='grc' dir='ltr'>[δεσπότην]</span> <span class='ocrx_word' id='word_1_617' title='bbox 1698 4802 1778 4838; x_wconf 88' lang='lat' dir='ltr'><strong>me</strong></span> <span class='ocrx_word' id='word_1_618' title='bbox 1814 4794 1962 4838; x_wconf 84' lang='lat' dir='ltr'><strong>vocat</strong></span> 
     </span>
    </p>
   </div>
   <div class='ocr_carea' id='block_1_82' title="bbox 1525 4855 1960 4925">
    <p class='ocr_par' dir='ltr' id='par_1_82' title="bbox 1525 4855 1960 4925">
     <span class='ocr_line' id='line_1_82' title="bbox 1525 4855 1960 4925; baseline 0.002 -18"><span class='ocrx_word' id='word_1_619' title='bbox 1525 4855 1726 4925; x_wconf 78' lang='lat' dir='ltr'><strong>pra-sul</strong></span> <span class='ocrx_word' id='word_1_620' title='bbox 1759 4855 1960 4909; x_wconf 70' lang='lat' dir='ltr'><strong>Alexis.</strong></span> 
     </span>
    </p>
   </div>
   <div class='ocr_carea' id='block_1_83' title="bbox 462 4945 1675 5013">
    <p class='ocr_par' dir='ltr' id='par_1_83' title="bbox 462 4945 1675 5013">
     <span class='ocr_line' id='line_1_83' title="bbox 462 4945 1675 5013; baseline 0.002 -14"><span class='ocrx_word' id='word_1_621' title='bbox 462 4946 683 5010; x_wconf 58' lang='grc' dir='ltr'>(τινος</span> <span class='ocrx_word' id='word_1_622' title='bbox 721 4945 791 4997; x_wconf 82' lang='grc' dir='ltr'><strong>δὲ</strong></span> <span class='ocrx_word' id='word_1_623' title='bbox 823 4945 889 4997; x_wconf 83' lang='grc' dir='ltr'>τὸ</span> <span class='ocrx_word' id='word_1_624' title='bbox 920 4946 1048 5013; x_wconf 78' lang='grc' dir='ltr'>ἔαρ.</span> <span class='ocrx_word' id='word_1_625' title='bbox 1091 4946 1248 5001; x_wconf 85' lang='lat' dir='ltr'><strong>Anno</strong></span> <span class='ocrx_word' id='word_1_626' title='bbox 1278 4948 1484 5002; x_wconf 91' lang='lat' dir='ltr'><strong>scilicet</strong></span> <span class='ocrx_word' id='word_1_627' title='bbox 1518 4949 1675 5003; x_wconf 74' lang='lat' dir='ltr'><strong>H82.</strong></span> 
     </span>
    </p>
   </div>
   <div class='ocr_carea' id='block_1_84' title="bbox 399 5016 1963 5139">
    <p class='ocr_par' dir='ltr' id='par_1_84' title="bbox 399 5016 1963 5139">
     <span class='ocr_line' id='line_1_84' title="bbox 399 5016 1963 5139; baseline 0.005 -74"><span class='ocrx_word' id='word_1_628' title='bbox 399 5086 431 5136; x_wconf 58' lang='grc' dir='ltr'><strong>Α</strong></span> <span class='ocrx_word' id='word_1_629' title='bbox 459 5016 706 5139; x_wconf 44' lang='grc' dir='ltr'><strong>Μῑιύβὶὶξ.</strong></span> <span class='ocrx_word' id='word_1_630' title='bbox 750 5016 961 5070; x_wconf 87' lang='lat' dir='ltr'><strong>Classis</strong></span> <span class='ocrx_word' id='word_1_631' title='bbox 988 5018 1260 5072; x_wconf 79' lang='lat' dir='ltr'><strong>Alexianae</strong></span> <span class='ocrx_word' id='word_1_632' title='bbox 1295 5018 1602 5083; x_wconf 54' lang='lat' dir='ltr'><strong>prtefectus.</strong></span> <span class='ocrx_word' id='word_1_633' title='bbox 1637 5018 1963 5073; x_wconf 77' lang='lat' dir='ltr'><strong>Guillclmus</strong></span> 
     </span>
     <span class='ocr_line' id='line_1_85' title="bbox 446 5101 790 5139; baseline -0.006 0"><span class='ocrx_word' id='word_1_634' title='bbox 446 5101 510 5139; x_wconf 82' lang='lat' dir='ltr'><strong>on</strong></span> <span class='ocrx_word' id='word_1_635' title='bbox 539 5128 551 5139; x_wconf 92' lang='lat'><strong>.</strong></span> <span class='ocrx_word' id='word_1_636' title='bbox 607 5104 618 5138; x_wconf 84' lang='lat' dir='ltr'><strong>l</strong></span> <span class='ocrx_word' id='word_1_637' title='bbox 666 5127 679 5139; x_wconf 95' lang='lat'><strong>.</strong></span> <span class='ocrx_word' id='word_1_638' title='bbox 714 5103 790 5139; x_wconf 81' lang='lat' dir='ltr'><strong>tv.</strong></span> 
     </span>
    </p>
   </div>
   <div class='ocr_carea' id='block_1_85' title="bbox 446 5101 790 5151">
    <p class='ocr_par' dir='ltr' id='par_1_85' title="bbox 446 5101 790 5151">
     <span class='ocr_line' id='line_1_86' title="bbox 446 5101 790 5151; baseline 0.006 -15"><span class='ocrx_word' id='word_1_639' title='bbox 446 5101 551 5151; x_wconf 88' lang='lat' dir='ltr'><strong>put.</strong></span> <span class='ocrx_word' id='word_1_640' title='bbox 587 5101 679 5139; x_wconf 84' lang='lat' dir='ltr'><strong>nu.</strong></span> <span class='ocrx_word' id='word_1_641' title='bbox 714 5103 790 5139; x_wconf 81' lang='lat' dir='ltr'><strong>tv.</strong></span> 
     </span>
    </p>
   </div>
   <div class='ocr_carea' id='block_1_86' title="bbox 460 5174 1745 5235">
    <p class='ocr_par' dir='ltr' id='par_1_86' title="bbox 460 5174 1745 5235">
     <span class='ocr_line' id='line_1_87' title="bbox 460 5174 1745 5235; baseline 0.005 -6"><span class='ocrx_word' id='word_1_642' title='bbox 460 5174 658 5231; x_wconf 75' lang='lat' dir='ltr'><strong>Classis</strong></span> <span class='ocrx_word' id='word_1_643' title='bbox 688 5178 930 5231; x_wconf 74' lang='lat' dir='ltr'><strong>Alexime</strong></span> <span class='ocrx_word' id='word_1_644' title='bbox 961 5177 1070 5230; x_wconf 78' lang='lat' dir='ltr'><strong>dux</strong></span> <span class='ocrx_word' id='word_1_645' title='bbox 1099 5177 1337 5232; x_wconf 74' lang='lat' dir='ltr'><strong>Mabrica</strong></span> <span class='ocrx_word' id='word_1_646' title='bbox 1363 5189 1568 5234; x_wconf 75' lang='lat' dir='ltr'><strong>venerat</strong></span> <span class='ocrx_word' id='word_1_647' title='bbox 1597 5181 1745 5235; x_wconf 89' lang='lat' dir='ltr'><strong>illuc.</strong></span> 
     </span>
    </p>
   </div>
   <div class='ocr_carea' id='block_1_87' title="bbox 395 5266 1956 5339">
    <p class='ocr_par' dir='ltr' id='par_1_87' title="bbox 395 5266 1956 5339">
     <span class='ocr_line' id='line_1_88' title="bbox 395 5266 1956 5339; baseline 0.005 -20"><span class='ocrx_word' id='word_1_648' title='bbox 395 5266 744 5339; x_wconf 76' lang='lat' dir='ltr'><strong>Alteriigitur</strong></span> <span class='ocrx_word' id='word_1_649' title='bbox 772 5270 957 5323; x_wconf 86' lang='lat' dir='ltr'><strong>navali</strong></span> <span class='ocrx_word' id='word_1_650' title='bbox 986 5272 1071 5325; x_wconf 88' lang='lat' dir='ltr'><strong>isti</strong></span> <span class='ocrx_word' id='word_1_651' title='bbox 1103 5271 1288 5339; x_wconf 67' lang='lat' dir='ltr'><strong>praelia</strong></span> <span class='ocrx_word' id='word_1_652' title='bbox 1316 5288 1419 5325; x_wconf 93' lang='lat' dir='ltr'><strong>non</strong></span> <span class='ocrx_word' id='word_1_653' title='bbox 1447 5271 1694 5326; x_wconf 68' lang='lat' dir='ltr'><strong>interfurit</strong></span> <span class='ocrx_word' id='word_1_654' title='bbox 1715 5274 1956 5339; x_wconf 82' lang='lat' dir='ltr'><strong>Alexius,</strong></span> 
     </span>
    </p>
   </div>
   <div class='ocr_carea' id='block_1_88' title="bbox 392 5338 1963 5411">
    <p class='ocr_par' dir='ltr' id='par_1_88' title="bbox 392 5338 1963 5411">
     <span class='ocr_line' id='line_1_89' title="bbox 392 5338 1963 5411; baseline 0.004 -24"><span class='ocrx_word' id='word_1_655' title='bbox 392 5339 485 5388; x_wconf 81' lang='lat' dir='ltr'><strong>sed</strong></span> <span class='ocrx_word' id='word_1_656' title='bbox 523 5338 723 5411; x_wconf 81' lang='lat' dir='ltr'><strong>Maurix</strong></span> <span class='ocrx_word' id='word_1_657' title='bbox 780 5356 1025 5411; x_wconf 77' lang='lat' dir='ltr'><strong>magnus</strong></span> <span class='ocrx_word' id='word_1_658' title='bbox 1063 5338 1169 5394; x_wconf 85' lang='lat' dir='ltr'><strong>dux</strong></span> <span class='ocrx_word' id='word_1_659' title='bbox 1201 5378 1214 5397; x_wconf 90' lang='lat'><strong>.</strong></span> <span class='ocrx_word' id='word_1_660' title='bbox 1247 5343 1327 5394; x_wconf 87' lang='lat' dir='ltr'><strong>vel</strong></span> <span class='ocrx_word' id='word_1_661' title='bbox 1360 5353 1507 5397; x_wconf 89' lang='lat' dir='ltr'><strong>certe</strong></span> <span class='ocrx_word' id='word_1_662' title='bbox 1540 5343 1730 5397; x_wconf 88' lang='lat' dir='ltr'><strong>classis</strong></span> <span class='ocrx_word' id='word_1_663' title='bbox 1765 5338 1963 5411; x_wconf 59' lang='lat' dir='ltr'><strong>praete;-</strong></span> 
     </span>
    </p>
   </div>
   <div class='ocr_carea' id='block_1_89' title="bbox 389 5410 1963 5478">
    <p class='ocr_par' dir='ltr' id='par_1_89' title="bbox 389 5410 1963 5478">
     <span class='ocr_line' id='line_1_90' title="bbox 389 5410 1963 5478; baseline 0.008 -23"><span class='ocrx_word' id='word_1_664' title='bbox 389 5416 530 5478; x_wconf 85' lang='lat' dir='ltr'><strong>ctus,</strong></span> <span class='ocrx_word' id='word_1_665' title='bbox 581 5410 647 5465; x_wconf 87' lang='lat' dir='ltr'><strong>ab</strong></span> <span class='ocrx_word' id='word_1_666' title='bbox 696 5410 892 5463; x_wconf 70' lang='lat' dir='ltr'><strong>Alexio</strong></span> <span class='ocrx_word' id='word_1_667' title='bbox 947 5410 1279 5474; x_wconf 86' lang='lat' dir='ltr'><strong>submissus,</strong></span> <span class='ocrx_word' id='word_1_668' title='bbox 1314 5413 1455 5478; x_wconf 82' lang='lat' dir='ltr'><strong>quod</strong></span> <span class='ocrx_word' id='word_1_669' title='bbox 1492 5422 1680 5466; x_wconf 80' lang='lat' dir='ltr'><strong>contra</strong></span> <span class='ocrx_word' id='word_1_670' title='bbox 1722 5410 1963 5467; x_wconf 78' lang='lat' dir='ltr'><strong>historia:</strong></span> 
     </span>
    </p>
   </div>
   <div class='ocr_carea' id='block_1_90' title="bbox 390 5477 1957 5548">
    <p class='ocr_par' dir='ltr' id='par_1_90' title="bbox 390 5477 1957 5548">
     <span class='ocr_line' id='line_1_91' title="bbox 390 5477 1957 5548; baseline 0.006 -21"><span class='ocrx_word' id='word_1_671' title='bbox 390 5477 543 5528; x_wconf 73' lang='lat' dir='ltr'><strong>frtem</strong></span> <span class='ocrx_word' id='word_1_672' title='bbox 577 5481 806 5548; x_wconf 69' lang='lat' dir='ltr'><strong>Scripsit</strong></span> <span class='ocrx_word' id='word_1_673' title='bbox 842 5478 1037 5533; x_wconf 74' lang='lat' dir='ltr'><strong>Petrus</strong></span> <span class='ocrx_word' id='word_1_674' title='bbox 1070 5477 1371 5542; x_wconf 78' lang='lat' dir='ltr'><strong>Luccarus,</strong></span> <span class='ocrx_word' id='word_1_675' title='bbox 1409 5483 1504 5536; x_wconf 87' lang='lat' dir='ltr'><strong>lib.</strong></span> <span class='ocrx_word' id='word_1_676' title='bbox 1549 5498 1562 5536; x_wconf 90' lang='grc' dir='ltr'>ι</span> <span class='ocrx_word' id='word_1_677' title='bbox 1605 5482 1803 5537; x_wconf 81' lang='lat' dir='ltr'><strong>Annal.</strong></span> <span class='ocrx_word' id='word_1_678' title='bbox 1848 5482 1957 5536; x_wconf 72' lang='lat' dir='ltr'><strong>lia-</strong></span> 
     </span>
    </p>
   </div>
   <div class='ocr_carea' id='block_1_91' title="bbox 386 5548 1964 5614">
    <p class='ocr_par' dir='ltr' id='par_1_91' title="bbox 386 5548 1964 5614">
     <span class='ocr_line' id='line_1_92' title="bbox 386 5548 1964 5614; baseline 0.007 -18"><span class='ocrx_word' id='word_1_679' title='bbox 386 5548 557 5611; x_wconf 80' lang='lat' dir='ltr'><strong>gnsin.</strong></span> <span class='ocrx_word' id='word_1_680' title='bbox 600 5550 733 5603; x_wconf 82' lang='lat' dir='ltr'><strong>Nam</strong></span> <span class='ocrx_word' id='word_1_681' title='bbox 772 5557 1021 5614; x_wconf 90' lang='lat' dir='ltr'><strong>tempore</strong></span> <span class='ocrx_word' id='word_1_682' title='bbox 1054 5551 1169 5602; x_wconf 91' lang='lat' dir='ltr'><strong>initi</strong></span> <span class='ocrx_word' id='word_1_683' title='bbox 1197 5549 1415 5604; x_wconf 70' lang='lat' dir='ltr'><strong>Graecos</strong></span> <span class='ocrx_word' id='word_1_684' title='bbox 1444 5554 1583 5606; x_wconf 84' lang='lat' dir='ltr'><strong>inter</strong></span> <span class='ocrx_word' id='word_1_685' title='bbox 1610 5560 1666 5606; x_wconf 91' lang='lat' dir='ltr'><strong>et</strong></span> <span class='ocrx_word' id='word_1_686' title='bbox 1697 5551 1964 5607; x_wconf 86' lang='lat' dir='ltr'><strong>Norman-</strong></span> 
     </span>
    </p>
   </div>
   <div class='ocr_carea' id='block_1_92' title="bbox 388 5618 1962 5689">
    <p class='ocr_par' dir='ltr' id='par_1_92' title="bbox 388 5618 1962 5689">
     <span class='ocr_line' id='line_1_93' title="bbox 388 5618 1962 5689; baseline 0.006 -22"><span class='ocrx_word' id='word_1_687' title='bbox 388 5632 485 5669; x_wconf 87' lang='lat' dir='ltr'><strong>nos</strong></span> <span class='ocrx_word' id='word_1_688' title='bbox 511 5619 701 5684; x_wconf 67' lang='lat' dir='ltr'><strong>prtelii,</strong></span> <span class='ocrx_word' id='word_1_689' title='bbox 733 5618 963 5670; x_wconf 81' lang='lat' dir='ltr'><strong>Alexius</strong></span> <span class='ocrx_word' id='word_1_690' title='bbox 992 5619 1466 5689; x_wconf 79' lang='lat' dir='ltr'><strong>Constantinopoli</strong></span> <span class='ocrx_word' id='word_1_691' title='bbox 1496 5623 1675 5675; x_wconf 90' lang='lat' dir='ltr'><strong>adhuc</strong></span> <span class='ocrx_word' id='word_1_692' title='bbox 1707 5624 1962 5676; x_wconf 85' lang='lat' dir='ltr'><strong>moraba-</strong></span> 
     </span>
    </p>
   </div>
   <div class='ocr_carea' id='block_1_93' title="bbox 387 5688 1962 5758">
    <p class='ocr_par' dir='ltr' id='par_1_93' title="bbox 387 5688 1962 5758">
     <span class='ocr_line' id='line_1_94' title="bbox 387 5688 1962 5758; baseline 0.006 -22"><span class='ocrx_word' id='word_1_693' title='bbox 387 5694 495 5746; x_wconf 87' lang='lat' dir='ltr'><strong>tur,</strong></span> <span class='ocrx_word' id='word_1_694' title='bbox 530 5691 670 5757; x_wconf 82' lang='lat' dir='ltr'><strong>quod</strong></span> <span class='ocrx_word' id='word_1_695' title='bbox 707 5689 921 5741; x_wconf 89' lang='lat' dir='ltr'><strong>diserte</strong></span> <span class='ocrx_word' id='word_1_696' title='bbox 972 5688 1138 5758; x_wconf 86' lang='lat' dir='ltr'><strong>tradit</strong></span> <span class='ocrx_word' id='word_1_697' title='bbox 1171 5688 1497 5744; x_wconf 46' lang='lat' dir='ltr'><strong>AunaJScd</strong></span> <span class='ocrx_word' id='word_1_698' title='bbox 1536 5702 1757 5758; x_wconf 50' lang='lat' dir='ltr'><strong>priestat</strong></span> <span class='ocrx_word' id='word_1_699' title='bbox 1789 5692 1855 5745; x_wconf 90' lang='lat' dir='ltr'><strong>ad</strong></span> <span class='ocrx_word' id='word_1_700' title='bbox 1894 5693 1962 5745; x_wconf 86' lang='lat' dir='ltr'><strong>il-</strong></span> 
     </span>
    </p>
   </div>
   <div class='ocr_carea' id='block_1_94' title="bbox 388 5757 1959 5829">
    <p class='ocr_par' dir='ltr' id='par_1_94' title="bbox 388 5757 1959 5829">
     <span class='ocr_line' id='line_1_95' title="bbox 388 5757 1959 5829; baseline 0.004 -22"><span class='ocrx_word' id='word_1_701' title='bbox 388 5758 725 5811; x_wconf 84' lang='lat' dir='ltr'><strong>lustrandam</strong></span> <span class='ocrx_word' id='word_1_702' title='bbox 750 5757 1059 5829; x_wconf 72' lang='lat' dir='ltr'><strong>Alexiadem</strong></span> <span class='ocrx_word' id='word_1_703' title='bbox 1085 5759 1414 5826; x_wconf 80' lang='lat' dir='ltr'><strong>subjungcre</strong></span> <span class='ocrx_word' id='word_1_704' title='bbox 1436 5757 1555 5829; x_wconf 63' lang='lat' dir='ltr'><strong>qum</strong></span> <span class='ocrx_word' id='word_1_705' title='bbox 1580 5762 1630 5813; x_wconf 89' lang='lat' dir='ltr'><strong>in</strong></span> <span class='ocrx_word' id='word_1_706' title='bbox 1672 5772 1807 5815; x_wconf 85' lang='lat' dir='ltr'><strong>hanc</strong></span> <span class='ocrx_word' id='word_1_707' title='bbox 1850 5778 1959 5815; x_wconf 84' lang='lat' dir='ltr'><strong>rem</strong></span> 
     </span>
    </p>
   </div>
   <div class='ocr_carea' id='block_1_95' title="bbox 387 5825 1961 5901">
    <p class='ocr_par' dir='ltr' id='par_1_95' title="bbox 387 5825 1961 5901">
     <span class='ocr_line' id='line_1_96' title="bbox 387 5825 1961 5901; baseline 0.005 -21"><span class='ocrx_word' id='word_1_708' title='bbox 387 5837 783 5883; x_wconf 69' lang='lat' dir='ltr'><strong>Commemorat</strong></span> <span class='ocrx_word' id='word_1_709' title='bbox 832 5825 1133 5883; x_wconf 83' lang='lat' dir='ltr'><strong>Luccarus.</strong></span> <span class='ocrx_word' id='word_1_710' title='bbox 1189 5825 1622 5887; x_wconf 33' lang='lat' dir='ltr'><strong>&#39;S’accostarono</strong></span> <span class='ocrx_word' id='word_1_711' title='bbox 1675 5834 1961 5901; x_wconf 76' lang='lat' dir='ltr'><strong>parintcntc</strong></span> 
     </span>
    </p>
   </div>
   <div class='ocr_carea' id='block_1_96' title="bbox 2072 4618 3644 4685">
    <p class='ocr_par' dir='ltr' id='par_1_96' title="bbox 2072 4618 3644 4685">
     <span class='ocr_line' id='line_1_97' title="bbox 2072 4618 3644 4685; baseline 0.001 -13"><span class='ocrx_word' id='word_1_712' title='bbox 2072 4621 2170 4672; x_wconf 79' lang='lat' dir='ltr'><strong>slri</strong></span> <span class='ocrx_word' id='word_1_713' title='bbox 2202 4620 2440 4682; x_wconf 83' lang='lat' dir='ltr'><strong>nrcltirii,</strong></span> <span class='ocrx_word' id='word_1_714' title='bbox 2473 4622 2535 4673; x_wconf 85' lang='lat' dir='ltr'><strong>ed</strong></span> <span class='ocrx_word' id='word_1_715' title='bbox 2564 4622 2618 4674; x_wconf 86' lang='lat' dir='ltr'><strong>in</strong></span> <span class='ocrx_word' id='word_1_716' title='bbox 2654 4621 2926 4676; x_wconf 82' lang='lat' dir='ltr'><strong>Baldasar</strong></span> <span class='ocrx_word' id='word_1_717' title='bbox 2975 4622 3037 4676; x_wconf 85' lang='lat' dir='ltr'><strong>de</strong></span> <span class='ocrx_word' id='word_1_718' title='bbox 3067 4620 3307 4685; x_wconf 82' lang='lat' dir='ltr'><strong>Spalato.</strong></span> <span class='ocrx_word' id='word_1_719' title='bbox 3334 4622 3351 4672; x_wconf 90' lang='lat' dir='ltr'><strong>i</strong></span> <span class='ocrx_word' id='word_1_720' title='bbox 3384 4618 3644 4683; x_wconf 81' lang='lat' dir='ltr'><strong>Spalatini</strong></span> 
     </span>
    </p>
   </div>
   <div class='ocr_carea' id='block_1_97' title="bbox 2072 4689 3645 4761">
    <p class='ocr_par' dir='ltr' id='par_1_97' title="bbox 2072 4689 3645 4761">
     <span class='ocr_line' id='line_1_98' title="bbox 2072 4689 3645 4761; baseline -0.002 -17"><span class='ocrx_word' id='word_1_721' title='bbox 2072 4690 2237 4761; x_wconf 69' lang='grc'><strong>284</strong></span> <span class='ocrx_word' id='word_1_722' title='bbox 2267 4691 2338 4757; x_wconf 88' lang='lat' dir='ltr'><strong>gli</strong></span> <span class='ocrx_word' id='word_1_723' title='bbox 2385 4691 2709 4761; x_wconf 83' lang='lat' dir='ltr'><strong>mandarono</strong></span> <span class='ocrx_word' id='word_1_724' title='bbox 2728 4693 2779 4744; x_wconf 85' lang='lat' dir='ltr'><strong>in</strong></span> <span class='ocrx_word' id='word_1_725' title='bbox 2810 4696 2954 4746; x_wconf 88' lang='lat' dir='ltr'><strong>aiuto</strong></span> <span class='ocrx_word' id='word_1_726' title='bbox 2982 4709 3086 4745; x_wconf 86' lang='lat' dir='ltr'><strong>una</strong></span> <span class='ocrx_word' id='word_1_727' title='bbox 3118 4693 3289 4760; x_wconf 82' lang='lat' dir='ltr'><strong>galea.</strong></span> <span class='ocrx_word' id='word_1_728' title='bbox 3319 4691 3381 4743; x_wconf 87' lang='lat' dir='ltr'><strong>ed</strong></span> <span class='ocrx_word' id='word_1_729' title='bbox 3410 4691 3427 4739; x_wconf 90' lang='lat' dir='ltr'><strong>i</strong></span> <span class='ocrx_word' id='word_1_730' title='bbox 3456 4689 3645 4761; x_wconf 64' lang='grc' dir='ltr'>Παρικαὶ</span> 
     </span>
    </p>
   </div>
   <div class='ocr_carea' id='block_1_98' title="bbox 2072 4759 3644 4831">
    <p class='ocr_par' dir='ltr' id='par_1_98' title="bbox 2072 4759 3644 4831">
     <span class='ocr_line' id='line_1_99' title="bbox 2072 4759 3644 4831; baseline -0.001 -19"><span class='ocrx_word' id='word_1_731' title='bbox 2072 4764 2191 4821; x_wconf 84' lang='lat' dir='ltr'><strong>due,</strong></span> <span class='ocrx_word' id='word_1_732' title='bbox 2206 4759 2437 4829; x_wconf 50' lang='lat' dir='ltr'><strong>&#39;qnando</strong></span> <span class='ocrx_word' id='word_1_733' title='bbox 2470 4760 2561 4813; x_wconf 86' lang='lat' dir='ltr'><strong>clte</strong></span> <span class='ocrx_word' id='word_1_734' title='bbox 2590 4763 2691 4825; x_wconf 68' lang='lat' dir='ltr'><strong>eali</strong></span> <span class='ocrx_word' id='word_1_735' title='bbox 2728 4763 2909 4831; x_wconf 72' lang='grc' dir='ltr'>[αι-ενα</span> <span class='ocrx_word' id='word_1_736' title='bbox 2940 4759 3130 4829; x_wconf 82' lang='lat' dir='ltr'><strong>gnerra</strong></span> <span class='ocrx_word' id='word_1_737' title='bbox 3158 4762 3226 4814; x_wconf 89' lang='lat' dir='ltr'><strong>ad</strong></span> <span class='ocrx_word' id='word_1_738' title='bbox 3252 4761 3456 4831; x_wconf 66' lang='lat' dir='ltr'><strong>Alassio</strong></span> <span class='ocrx_word' id='word_1_739' title='bbox 3503 4759 3644 4812; x_wconf 87' lang='lat' dir='ltr'><strong>Con-</strong></span> 
     </span>
    </p>
   </div>
   <div class='ocr_carea' id='block_1_99' title="bbox 2075 4829 3642 4899">
    <p class='ocr_par' dir='ltr' id='par_1_99' title="bbox 2075 4829 3642 4899">
     <span class='ocr_line' id='line_1_100' title="bbox 2075 4829 3642 4899; baseline -0.001 -17"><span class='ocrx_word' id='word_1_740' title='bbox 2075 4847 2206 4882; x_wconf 88' lang='lat' dir='ltr'><strong>neno</strong></span> <span class='ocrx_word' id='word_1_741' title='bbox 2236 4833 2362 4899; x_wconf 84' lang='lat' dir='ltr'><strong>imp.</strong></span> <span class='ocrx_word' id='word_1_742' title='bbox 2412 4832 2475 4885; x_wconf 85' lang='lat' dir='ltr'><strong>ed</strong></span> <span class='ocrx_word' id='word_1_743' title='bbox 2500 4831 2570 4883; x_wconf 87' lang='lat' dir='ltr'><strong>ad</strong></span> <span class='ocrx_word' id='word_1_744' title='bbox 2601 4829 2881 4885; x_wconf 29' lang='lat' dir='ltr'><strong>Dom—enica</strong></span> <span class='ocrx_word' id='word_1_745' title='bbox 2919 4833 3086 4887; x_wconf 85' lang='lat' dir='ltr'><strong>Silvio</strong></span> <span class='ocrx_word' id='word_1_746' title='bbox 3116 4834 3245 4899; x_wconf 79' lang='lat' dir='ltr'><strong>doge</strong></span> <span class='ocrx_word' id='word_1_747' title='bbox 3289 4834 3344 4883; x_wconf 87' lang='lat' dir='ltr'><strong>di</strong></span> <span class='ocrx_word' id='word_1_748' title='bbox 3384 4829 3599 4882; x_wconf 78' lang='lat' dir='ltr'><strong>Venetia</strong></span> <span class='ocrx_word' id='word_1_749' title='bbox 3627 4870 3642 4888; x_wconf 89' lang='lat'><strong>.</strong></span> 
     </span>
    </p>
   </div>
   <div class='ocr_carea' id='block_1_100' title="bbox 2074 4901 3645 4969">
    <p class='ocr_par' dir='ltr' id='par_1_100' title="bbox 2074 4901 3645 4969">
     <span class='ocr_line' id='line_1_101' title="bbox 2074 4901 3645 4969; baseline -0.003 -15"><span class='ocrx_word' id='word_1_750' title='bbox 2074 4901 2167 4954; x_wconf 71' lang='lat' dir='ltr'><strong>all’</strong></span> <span class='ocrx_word' id='word_1_751' title='bbox 2194 4902 2325 4953; x_wconf 73' lang='lat' dir='ltr'><strong>liora</strong></span> <span class='ocrx_word' id='word_1_752' title='bbox 2355 4918 2571 4961; x_wconf 80' lang='lat' dir='ltr'><strong>avenae,</strong></span> <span class='ocrx_word' id='word_1_753' title='bbox 2600 4902 2691 4954; x_wconf 82' lang='lat' dir='ltr'><strong>cite</strong></span> <span class='ocrx_word' id='word_1_754' title='bbox 2719 4904 3088 4956; x_wconf 78' lang='lat' dir='ltr'><strong>attacrandosi</strong></span> <span class='ocrx_word' id='word_1_755' title='bbox 3114 4912 3291 4969; x_wconf 86' lang='lat' dir='ltr'><strong>queste</strong></span> <span class='ocrx_word' id='word_1_756' title='bbox 3319 4902 3419 4953; x_wconf 79' lang='lat' dir='ltr'><strong>due</strong></span> <span class='ocrx_word' id='word_1_757' title='bbox 3443 4909 3645 4951; x_wconf 71' lang='lat' dir='ltr'><strong>armate</strong></span> 
     </span>
    </p>
   </div>
   <div class='ocr_carea' id='block_1_101' title="bbox 2075 4970 3643 5040">
    <p class='ocr_par' dir='ltr' id='par_1_101' title="bbox 2075 4970 3643 5040">
     <span class='ocr_line' id='line_1_102' title="bbox 2075 4970 3643 5040; baseline -0.001 -17"><span class='ocrx_word' id='word_1_758' title='bbox 2075 4989 2107 5023; x_wconf 83' lang='grc' dir='ltr'><strong>α</strong></span> <span class='ocrx_word' id='word_1_759' title='bbox 2136 4974 2471 5034; x_wconf 80' lang='lat' dir='ltr'><strong>combattere,</strong></span> <span class='ocrx_word' id='word_1_760' title='bbox 2502 4972 2553 5023; x_wconf 87' lang='lat' dir='ltr'><strong>la</strong></span> <span class='ocrx_word' id='word_1_761' title='bbox 2586 4973 2739 5040; x_wconf 87' lang='lat' dir='ltr'><strong>galea</strong></span> <span class='ocrx_word' id='word_1_762' title='bbox 2769 4990 2957 5027; x_wconf 86' lang='lat' dir='ltr'><strong>rausea</strong></span> <span class='ocrx_word' id='word_1_763' title='bbox 2982 4989 3140 5025; x_wconf 71' lang='lat' dir='ltr'><strong>venue</strong></span> <span class='ocrx_word' id='word_1_764' title='bbox 3166 4989 3197 5023; x_wconf 91' lang='lat' dir='ltr'><strong>a</strong></span> <span class='ocrx_word' id='word_1_765' title='bbox 3220 4988 3340 5023; x_wconf 82' lang='lat' dir='ltr'><strong>casn</strong></span> <span class='ocrx_word' id='word_1_766' title='bbox 3372 4970 3476 5022; x_wconf 85' lang='lat' dir='ltr'><strong>alle</strong></span> <span class='ocrx_word' id='word_1_767' title='bbox 3502 4975 3643 5040; x_wconf 84' lang='lat' dir='ltr'><strong>mani</strong></span> 
     </span>
    </p>
   </div>
   <div class='ocr_carea' id='block_1_102' title="bbox 2073 5039 3644 5110">
    <p class='ocr_par' dir='ltr' id='par_1_102' title="bbox 2073 5039 3644 5110">
     <span class='ocr_line' id='line_1_103' title="bbox 2073 5039 3644 5110; baseline -0.003 -17"><span class='ocrx_word' id='word_1_768' title='bbox 2073 5057 2168 5093; x_wconf 80' lang='grc' dir='ltr'><strong>εοη</strong></span> <span class='ocrx_word' id='word_1_769' title='bbox 2212 5042 2262 5093; x_wconf 88' lang='lat' dir='ltr'><strong>la</strong></span> <span class='ocrx_word' id='word_1_770' title='bbox 2300 5041 2450 5110; x_wconf 83' lang='lat' dir='ltr'><strong>galea</strong></span> <span class='ocrx_word' id='word_1_771' title='bbox 2483 5039 2775 5108; x_wconf 82' lang='lat' dir='ltr'><strong>imperiale,</strong></span> <span class='ocrx_word' id='word_1_772' title='bbox 2811 5060 2966 5105; x_wconf 81' lang='lat' dir='ltr'><strong>snpra</strong></span> <span class='ocrx_word' id='word_1_773' title='bbox 3006 5044 3060 5093; x_wconf 85' lang='lat' dir='ltr'><strong>di</strong></span> <span class='ocrx_word' id='word_1_774' title='bbox 3092 5044 3174 5094; x_wconf 78' lang='lat' dir='ltr'><strong>cui</strong></span> <span class='ocrx_word' id='word_1_775' title='bbox 3216 5041 3439 5092; x_wconf 82' lang='lat' dir='ltr'><strong>montati</strong></span> <span class='ocrx_word' id='word_1_776' title='bbox 3480 5040 3496 5089; x_wconf 87' lang='lat' dir='ltr'><strong>i</strong></span> <span class='ocrx_word' id='word_1_777' title='bbox 3537 5039 3644 5089; x_wconf 71' lang='lat' dir='ltr'><strong>sol-</strong></span> 
     </span>
    </p>
   </div>
   <div class='ocr_carea' id='block_1_103' title="bbox 2072 5110 3639 5178">
    <p class='ocr_par' dir='ltr' id='par_1_103' title="bbox 2072 5110 3639 5178">
     <span class='ocr_line' id='line_1_104' title="bbox 2072 5110 3639 5178; baseline -0.005 -17"><span class='ocrx_word' id='word_1_778' title='bbox 2072 5111 2185 5162; x_wconf 79' lang='lat' dir='ltr'><strong>(lati</strong></span> <span class='ocrx_word' id='word_1_779' title='bbox 2217 5112 2411 5168; x_wconf 84' lang='lat' dir='ltr'><strong>rausci.</strong></span> <span class='ocrx_word' id='word_1_780' title='bbox 2442 5128 2542 5163; x_wconf 86' lang='lat' dir='ltr'><strong>uno</strong></span> <span class='ocrx_word' id='word_1_781' title='bbox 2592 5114 2645 5163; x_wconf 83' lang='lat' dir='ltr'><strong>di</strong></span> <span class='ocrx_word' id='word_1_782' title='bbox 2677 5113 2785 5164; x_wconf 86' lang='lat' dir='ltr'><strong>lorn</strong></span> <span class='ocrx_word' id='word_1_783' title='bbox 2840 5115 3019 5165; x_wconf 80' lang='lat' dir='ltr'><strong>voleva</strong></span> <span class='ocrx_word' id='word_1_784' title='bbox 3069 5113 3225 5178; x_wconf 79' lang='lat' dir='ltr'><strong>ferire</strong></span> <span class='ocrx_word' id='word_1_785' title='bbox 3261 5110 3639 5178; x_wconf 69' lang='lat' dir='ltr'><strong>l‘imperatm-p,</strong></span> 
     </span>
    </p>
   </div>
   <div class='ocr_carea' id='block_1_104' title="bbox 2072 5175 3643 5249">
    <p class='ocr_par' dir='ltr' id='par_1_104' title="bbox 2072 5175 3643 5249">
     <span class='ocr_line' id='line_1_105' title="bbox 2072 5175 3643 5249; baseline -0.001 -19"><span class='ocrx_word' id='word_1_786' title='bbox 2072 5196 2158 5249; x_wconf 85' lang='lat' dir='ltr'><strong>ma</strong></span> <span class='ocrx_word' id='word_1_787' title='bbox 2187 5182 2225 5232; x_wconf 87' lang='lat' dir='ltr'><strong>il</strong></span> <span class='ocrx_word' id='word_1_788' title='bbox 2253 5197 2347 5232; x_wconf 82' lang='lat' dir='ltr'><strong>suo</strong></span> <span class='ocrx_word' id='word_1_789' title='bbox 2381 5183 2627 5247; x_wconf 84' lang='lat' dir='ltr'><strong>capitano</strong></span> <span class='ocrx_word' id='word_1_790' title='bbox 2655 5182 2916 5249; x_wconf 84' lang='lat' dir='ltr'><strong>gridamlo</strong></span> <span class='ocrx_word' id='word_1_791' title='bbox 2948 5182 3017 5235; x_wconf 83' lang='lat' dir='ltr'><strong>ad</strong></span> <span class='ocrx_word' id='word_1_792' title='bbox 3043 5175 3153 5232; x_wconf 79' lang='lat' dir='ltr'><strong>alta</strong></span> <span class='ocrx_word' id='word_1_793' title='bbox 3182 5195 3319 5249; x_wconf 70' lang='lat' dir='ltr'><strong>voce.</strong></span> <span class='ocrx_word' id='word_1_794' title='bbox 3358 5175 3643 5249; x_wconf 58' lang='lat' dir='ltr'><strong>Nonfare,</strong></span> 
     </span>
    </p>
   </div>
   <div class='ocr_carea' id='block_1_105' title="bbox 2074 5246 3646 5318">
    <p class='ocr_par' dir='ltr' id='par_1_105' title="bbox 2074 5246 3646 5318">
     <span class='ocr_line' id='line_1_106' title="bbox 2074 5246 3646 5318; baseline -0.001 -23"><span class='ocrx_word' id='word_1_795' title='bbox 2074 5248 2163 5318; x_wconf 61' lang='lat' dir='ltr'><strong>cite</strong></span> <span class='ocrx_word' id='word_1_796' title='bbox 2189 5251 2357 5302; x_wconf 83' lang='lat' dir='ltr'><strong>costui</strong></span> <span class='ocrx_word' id='word_1_797' title='bbox 2382 5250 2409 5301; x_wconf 75' lang='grc' dir='ltr'><em>ἑ</em></span> <span class='ocrx_word' id='word_1_798' title='bbox 2435 5246 2805 5318; x_wconf 77' lang='lat' dir='ltr'><strong>l&#39;imperatore,</strong></span> <span class='ocrx_word' id='word_1_799' title='bbox 2837 5254 2941 5316; x_wconf 75' lang='lat' dir='ltr'><strong>eali</strong></span> <span class='ocrx_word' id='word_1_800' title='bbox 2962 5254 3007 5303; x_wconf 90' lang='lat' dir='ltr'><strong>si</strong></span> <span class='ocrx_word' id='word_1_801' title='bbox 3030 5250 3181 5303; x_wconf 80' lang='lat' dir='ltr'><strong>ritirb</strong></span> <span class='ocrx_word' id='word_1_802' title='bbox 3209 5248 3452 5318; x_wconf 72' lang='lat' dir='ltr'><strong>indietro.</strong></span> <span class='ocrx_word' id='word_1_803' title='bbox 3486 5246 3646 5300; x_wconf 63' lang='lat' dir='ltr'><strong>Certi,-</strong></span> 
     </span>
    </p>
   </div>
   <div class='ocr_carea' id='block_1_106' title="bbox 2072 5315 3645 5389">
    <p class='ocr_par' dir='ltr' id='par_1_106' title="bbox 2072 5315 3645 5389">
     <span class='ocr_line' id='line_1_107' title="bbox 2072 5315 3645 5389; baseline 0.001 -21"><span class='ocrx_word' id='word_1_804' title='bbox 2072 5315 2380 5389; x_wconf 66' lang='lat' dir='ltr'><strong>Ragnsinos</strong></span> <span class='ocrx_word' id='word_1_805' title='bbox 2410 5315 2628 5374; x_wconf 69' lang='lat' dir='ltr'><strong>lioberti</strong></span> <span class='ocrx_word' id='word_1_806' title='bbox 2664 5332 2842 5386; x_wconf 85' lang='lat' dir='ltr'><strong>partes</strong></span> <span class='ocrx_word' id='word_1_807' title='bbox 2879 5315 3162 5389; x_wconf 77' lang='lat' dir='ltr'><strong>amplexos</strong></span> <span class='ocrx_word' id='word_1_808' title='bbox 3188 5316 3645 5389; x_wconf 77' lang='lat' dir='ltr'><strong>contraVenetes</strong></span> 
     </span>
    </p>
   </div>
   <div class='ocr_carea' id='block_1_107' title="bbox 2073 5386 3539 5457">
    <p class='ocr_par' dir='ltr' id='par_1_107' title="bbox 2073 5386 3539 5457">
     <span class='ocr_line' id='line_1_108' title="bbox 2073 5386 3539 5457; baseline 0.001 -18"><span class='ocrx_word' id='word_1_809' title='bbox 2073 5398 2123 5439; x_wconf 83' lang='lat' dir='ltr'><strong>et</strong></span> <span class='ocrx_word' id='word_1_810' title='bbox 2156 5388 2372 5442; x_wconf 70' lang='lat' dir='ltr'><strong>Grmcos</strong></span> <span class='ocrx_word' id='word_1_811' title='bbox 2399 5400 2593 5444; x_wconf 88' lang='lat' dir='ltr'><strong>auctor</strong></span> <span class='ocrx_word' id='word_1_812' title='bbox 2621 5400 2703 5442; x_wconf 91' lang='lat' dir='ltr'><strong>est</strong></span> <span class='ocrx_word' id='word_1_813' title='bbox 2742 5386 2995 5457; x_wconf 71' lang='lat' dir='ltr'><strong>pra-terea</strong></span> <span class='ocrx_word' id='word_1_814' title='bbox 3023 5387 3347 5441; x_wconf 84' lang='lat' dir='ltr'><strong>Guillelmns</strong></span> <span class='ocrx_word' id='word_1_815' title='bbox 3378 5386 3539 5454; x_wconf 75' lang='lat' dir='ltr'><strong>Apul.</strong></span> 
     </span>
    </p>
   </div>
   <div class='ocr_carea' id='block_1_108' title="bbox 2151 5478 3568 5546">
    <p class='ocr_par' dir='ltr' id='par_1_108' title="bbox 2151 5478 3568 5546">
     <span class='ocr_line' id='line_1_109' title="bbox 2151 5478 3568 5546; baseline -0.004 -11"><span class='ocrx_word' id='word_1_816' title='bbox 2151 5481 2285 5535; x_wconf 66' lang='lat' dir='ltr'><strong>(iens</strong></span> <span class='ocrx_word' id='word_1_817' title='bbox 2313 5486 2572 5535; x_wconf 73' lang='lat' dir='ltr'><strong>comitata</strong></span> <span class='ocrx_word' id='word_1_818' title='bbox 2593 5483 2774 5534; x_wconf 75' lang='lat' dir='ltr'><strong>ducem</strong></span> <span class='ocrx_word' id='word_1_819' title='bbox 2799 5498 2915 5532; x_wconf 85' lang='lat' dir='ltr'><strong>eum</strong></span> <span class='ocrx_word' id='word_1_820' title='bbox 2949 5480 3261 5533; x_wconf 80' lang='lat' dir='ltr'><strong>Dalmaticis</strong></span> <span class='ocrx_word' id='word_1_821' title='bbox 3289 5478 3568 5546; x_wconf 78' lang='lat' dir='ltr'><strong>Raguswa,</strong></span> 
     </span>
    </p>
   </div>
   <div class='ocr_carea' id='block_1_109' title="bbox 2146 5548 3435 5617">
    <p class='ocr_par' dir='ltr' id='par_1_109' title="bbox 2146 5548 3435 5617">
     <span class='ocr_line' id='line_1_110' title="bbox 2146 5548 3435 5617; baseline -0.003 -13"><span class='ocrx_word' id='word_1_822' title='bbox 2146 5552 2387 5609; x_wconf 86' lang='lat' dir='ltr'><strong>Telorum</strong></span> <span class='ocrx_word' id='word_1_823' title='bbox 2425 5552 2599 5604; x_wconf 81' lang='lat' dir='ltr'><strong>densis</strong></span> <span class='ocrx_word' id='word_1_824' title='bbox 2633 5552 2919 5602; x_wconf 67' lang='lat' dir='ltr'><strong>consternit</strong></span> <span class='ocrx_word' id='word_1_825' title='bbox 2947 5548 3178 5617; x_wconf 84' lang='lat' dir='ltr'><strong>jactibus</strong></span> <span class='ocrx_word' id='word_1_826' title='bbox 3210 5565 3390 5615; x_wconf 79' lang='lat' dir='ltr'><strong>a-quor</strong></span> <span class='ocrx_word' id='word_1_827' title='bbox 3418 5564 3435 5600; x_wconf 91' lang='lat'><em>:</em></span> 
     </span>
    </p>
   </div>
   <div class='ocr_carea' id='block_1_110' title="bbox 2145 5619 3617 5689">
    <p class='ocr_par' dir='ltr' id='par_1_110' title="bbox 2145 5619 3617 5689">
     <span class='ocr_line' id='line_1_111' title="bbox 2145 5619 3617 5689; baseline -0.004 -14"><span class='ocrx_word' id='word_1_828' title='bbox 2145 5624 2273 5677; x_wconf 84' lang='lat' dir='ltr'><strong>Non</strong></span> <span class='ocrx_word' id='word_1_829' title='bbox 2299 5632 2472 5674; x_wconf 76' lang='lat' dir='ltr'><strong>tanien</strong></span> <span class='ocrx_word' id='word_1_830' title='bbox 2518 5639 2548 5672; x_wconf 82' lang='grc' dir='ltr'>ιι</span> <span class='ocrx_word' id='word_1_831' title='bbox 2593 5629 2751 5689; x_wconf 84' lang='lat' dir='ltr'><strong>portu</strong></span> <span class='ocrx_word' id='word_1_832' title='bbox 2785 5623 2971 5686; x_wconf 85' lang='lat' dir='ltr'><strong>procul</strong></span> <span class='ocrx_word' id='word_1_833' title='bbox 3013 5620 3206 5671; x_wconf 83' lang='lat' dir='ltr'><strong>audent</strong></span> <span class='ocrx_word' id='word_1_834' title='bbox 3244 5619 3432 5671; x_wconf 87' lang='lat' dir='ltr'><strong>ducere</strong></span> <span class='ocrx_word' id='word_1_835' title='bbox 3464 5633 3617 5671; x_wconf 75' lang='lat' dir='ltr'><strong>natea</strong></span> 
     </span>
    </p>
   </div>
   <div class='ocr_carea' id='block_1_111' title="bbox 2142 5690 3404 5755">
    <p class='ocr_par' dir='ltr' id='par_1_111' title="bbox 2142 5690 3404 5755">
     <span class='ocr_line' id='line_1_112' title="bbox 2142 5690 3404 5755; baseline -0.003 -9"><span class='ocrx_word' id='word_1_836' title='bbox 2142 5694 2452 5749; x_wconf 75' lang='lat' dir='ltr'><strong>Castrorum</strong></span> <span class='ocrx_word' id='word_1_837' title='bbox 2485 5692 2700 5745; x_wconf 82' lang='lat' dir='ltr'><strong>dederat</strong></span> <span class='ocrx_word' id='word_1_838' title='bbox 2735 5700 2902 5742; x_wconf 78' lang='lat' dir='ltr'><strong>tutum</strong></span> <span class='ocrx_word' id='word_1_839' title='bbox 2947 5690 3136 5743; x_wconf 74' lang='lat' dir='ltr'><strong>vicinia</strong></span> <span class='ocrx_word' id='word_1_840' title='bbox 3170 5703 3404 5755; x_wconf 85' lang='lat' dir='ltr'><strong>portum.</strong></span> 
     </span>
    </p>
   </div>
   <div class='ocr_carea' id='block_1_112' title="bbox 2152 5759 3406 5831">
    <p class='ocr_par' dir='ltr' id='par_1_112' title="bbox 2152 5759 3406 5831">
     <span class='ocr_line' id='line_1_113' title="bbox 2152 5759 3406 5831; baseline -0.003 -14"><span class='ocrx_word' id='word_1_841' title='bbox 2152 5762 2387 5817; x_wconf 71' lang='lat' dir='ltr'><strong>Funibus</strong></span> <span class='ocrx_word' id='word_1_842' title='bbox 2416 5763 2596 5815; x_wconf 81' lang='lat' dir='ltr'><strong>incisis</strong></span> <span class='ocrx_word' id='word_1_843' title='bbox 2624 5761 2881 5831; x_wconf 82' lang='lat' dir='ltr'><strong>quasdam</strong></span> <span class='ocrx_word' id='word_1_844' title='bbox 2915 5760 3167 5831; x_wconf 83' lang='lat' dir='ltr'><strong>riolenter</strong></span> <span class='ocrx_word' id='word_1_845' title='bbox 3198 5759 3262 5831; x_wconf 74' lang='lat' dir='ltr'><strong>ab</strong></span> <span class='ocrx_word' id='word_1_846' title='bbox 3295 5761 3406 5827; x_wconf 82' lang='lat' dir='ltr'><strong>ipso</strong></span> 
     </span>
    </p>
   </div>
   <div class='ocr_carea' id='block_1_113' title="bbox 2144 5828 3373 5902">
    <p class='ocr_par' dir='ltr' id='par_1_113' title="bbox 2144 5828 3373 5902">
     <span class='ocr_line' id='line_1_114' title="bbox 2144 5828 3373 5902; baseline -0.007 -12"><span class='ocrx_word' id='word_1_847' title='bbox 2144 5834 2343 5890; x_wconf 79' lang='lat' dir='ltr'><strong>Littore</strong></span> <span class='ocrx_word' id='word_1_848' title='bbox 2370 5828 2644 5902; x_wconf 65' lang='lat' dir='ltr'><strong>propulsus</strong></span> <span class='ocrx_word' id='word_1_849' title='bbox 2676 5835 2717 5886; x_wconf 79' lang='lat' dir='ltr'><strong>vi</strong></span> <span class='ocrx_word' id='word_1_850' title='bbox 2747 5834 2899 5885; x_wconf 81' lang='lat' dir='ltr'><strong>turba</strong></span> <span class='ocrx_word' id='word_1_851' title='bbox 2941 5830 3177 5885; x_wconf 64' lang='lat' dir='ltr'><strong>l’cnetiea</strong></span> <span class='ocrx_word' id='word_1_852' title='bbox 3209 5828 3373 5881; x_wconf 64' lang='lat' dir='ltr'><strong>duch.</strong></span> 
     </span>
    </p>
   </div>
  </div>
