4068 6266
481 316 581 380 339
1773 316 1995 375 ΛΝΝᾸΞ
2027 315 2050 373 (

2155 316 2403 377 lNEN.E
2591 309 2598 318 “
3606 336 3696 397 3ἒο

482 439 628 494 dulis
685 447 970 503 texebant,
1020 447 1074 492 et
1133 436 1223 491 alii
1281 436 1522 491 circum.
1588 444 1746 488 antea
1807 432 2050 488 Roberto

2156 431 2247 480 ἐπὶ
2276 432 2396 483 δυσὶ
2424 437 2556 503 μησὶ
2585 437 2718 506 πρδς
2750 438 2839 491 τὸν
2871 439 3066 509 λιμένα
3090 441 3186 511 τῆς
3232 443 3436 515 Ἱεριχὼ
3468 450 3696 519 ηὐτρεπί-

484 530 800 600 vectigales,
836 539 1020 598 aperte
1044 529 1355 584 detrectare
1385 528 1576 581 tributi
1615 525 2048 594 pensitationem

483 624 602 678 ausi
639 623 752 691 jam
784 632 933 677 sunt.
970 621 1127 677 Unde
1157 620 1434 675 Robertus
1479 621 1590 673 cito
1629 619 1805 673 sensit
1862 617 2052 686 quanti

484 712 747 766 mmnenti
776 712 944 766 maris
975 713 1291 782 imperium,
1331 721 1424 766 aut
1454 713 1646 765 saltem
1702 727 1836 765 usus
1891 710 2050 773 liber,

481 805 584 872 ipsi
615 802 844 857 essetad
887 819 1068 858 rerum
1100 821 1322 858 suarum
1359 821 1464 858 non
1494 805 1668 859 solum
1703 804 1922 864 famam,
1957 804 2053 858 sed

481 893 645 946 etiam
677 895 930 956 salutem,
971 909 1403 964 successumque
1428 903 1730 964 ceptorum.
1754 894 2054 950 Constituit

481 1001 614 1056 ergo
658 997 922 1040 renovato
960 987 1169 1055 impetu
1216 987 1418 1041 bellum
1457 987 1653 1041 iterum
1706 995 1848 1042 terra
1889 985 2054 1042 simul

482 1077 732 1147 marique
765 1092 1001 1132 movere.
1036 1076 1154 1132 Non
1183 1088 1361 1131 tamen
1393 1079 1562 1130 altum
1594 1077 1779 1131 statim
1827 1076 2003 1130 tenuit
2035 1093 2050 1128 τ

481 1171 741 1238 quoniam
776 1171 866 1240 qui
902 1181 1030 1226 tunc
1059 1187 1208 1226 mare
1239 1171 1493 1225 tenebant
1515 1171 1658 1223 venti
1681 1170 2052 1233 vehementes,

482 1264 746 1316 memoria
785 1264 866 1317 illi
903 1263 1213 1318 refricanda
1243 1263 1512 1331 naufragii
1554 1264 1840 1329 prmteriti,
1876 1259 2052 1315 futuri

485 1353 714 1408 alterius
759 1365 957 1408 metum
995 1355 1365 1409 incusserant.
1398 1353 1616 1410 Duobus
1644 1355 1809 1426 igitur
1845 1356 2052 1412 mensi-

483 1448 584 1498 bus
605 1455 761 1514 portu
787 1461 845 1500 se
875 1445 1148 1498 continuit
1179 1445 1327 1499 urbis
1349 1445 1588 1509 Jerirbo,
1614 1462 1807 1516 magna
1836 1446 2050 1502 interim

481 1553 614 1591 cura
675 1553 738 1590 ac
797 1538 1075 1607 diligentia
1125 1552 1184 1592 se
1231 1553 1556 1607 comparans
1609 1539 1674 1592 ad
1729 1539 1950 1603 bellant,
1993 1550 2051 1595 ut

483 1629 618 1689 dixi,
645 1629 914 1682 maritima
939 1629 1274 1697 conjuuclim
1311 1630 1665 1700 terrestrique
1690 1630 2055 1700 impressione

481 1722 926 1778 instaurandum.
950 1722 1133 1776 Nihilo
1169 1738 1298 1775 vero
1332 1724 1553 1792 segnius
1584 1725 1934 1779 remissiusve
1958 1739 2054 1794 per

481 1818 533 1869 id
598 1823 811 1883 tempus
859 1812 1080 1869 Venetae
1120 1813 1490 1884 Bonnanazque
1547 1817 1754 1872 classes
1811 1823 2053 1870 claustra

484 1910 653 1963 maris
689 1909 1038 1970 obtinebant,
1072 1908 1330 1962 transitui
1370 1908 1652 1962 hostilium
1703 1910 1921 1962 navium
1973 1909 2055 1963 in-

483 2008 650 2052 tentu:
711 1997 1054 2068 prohibendo
1099 2015 1112 2052 :
1169 2011 1309 2066 qum,
1356 2007 1415 2051 ut
1464 1997 1760 2066 primulum
1821 2000 2053 2055 remissa

481 2099 806 2159 tempestate
837 2091 1054 2158 patiens
1088 2088 1457 2157 navigationis
1488 2104 1677 2158 aquor
1725 2106 1848 2145 esse
1897 2107 2056 2160 cepe-

479 2192 588 2250 rat,
617 2199 684 2238 ex
714 2183 864 2236 italia
884 2181 1246 2236 transfretare
1273 2181 1337 2235 ad
1363 2180 1660 2235 liobertum
1684 2184 2051 2247 conabantur:

480 2275 574 2330 sed
609 2291 704 2342 per
756 2275 1072 2329 obsidentes
1123 2273 1306 2327 littora
1355 2283 1596 2338 nostros,
1640 2276 1865 2328 minimc
1900 2286 2052 2345 pote-

477 2375 621 2421 rant.
649 2367 790 2432 Quin
823 2382 921 2419 nec
944 2374 1087 2418 terra
1115 2364 1490 2420 frumentatio.
1517 2365 1811 2435 c.cterique
1829 2377 2052 2421 vectura

481 2467 848 2520 commeatus,
885 2457 1062 2510 facilis
1098 2457 1337 2510 Roherto
1365 2466 1500 2523 erat,
1538 2459 1697 2526 cujus
1727 2468 1904 2514 castra
1939 2475 2054 2514 me-

479 2558 591 2601 tata
621 2548 686 2600 ad
712 2549 933 2602 Dulucm
965 2548 1211 2612 fluvium,
1245 2549 1532 2618 impositus
1563 2551 1718 2618 quasi
1747 2553 2053 2607 cervicibus

479 2639 831 2708 patiebantur
890 2639 1266 2707 przesidiarios
1319 2638 1770 2708 Dyrracbienscs.
1811 2643 2052 2699 assiduis

479 2731 862 2799 eruptionibus
891 2745 985 2785 eos
1007 2731 1346 2786 incessentes
1369 2733 1460 2800 qui
1495 2733 1862 2787 frumentandi
1893 2736 2053 2806 108

479 2832 574 2876 attt
601 2838 733 2877 usus
765 2822 960 2876 similis
990 2823 1220 2875 alterius
1266 2822 1646 2891 cujuscunque
1694 2824 1866 2894 gratia
1908 2826 2049 2878 ultra

475 2914 679 2967 vallum
714 2913 934 2983 prodire
961 2915 1247 2968 auderent.
1277 2913 1408 2969 inde
1430 2914 1603 2969 fames
1633 2916 1869 2985 primum
1899 2930 2053 2970 exer-

475 3025 603 3063 cere
653 3011 836 3077 ipsos;
893 3007 1091 3062 deinde
1153 3006 1318 3061 etiam
1387 3007 1456 3060 ab
1517 3007 1869 3062 insuetutline
1925 3009 2048 3064 cceli

2159 520 2302 588 ζετο,
2334 523 2654 597 βουλόμενος
2681 531 2788 582 ἀπό
2818 549 2875 583 τε
2906 533 3002 602 τῆς
3036 533 3301 606 θαλάττης
3334 541 3422 589 καὶ
3447 540 3535 608 τῆς
3557 543 3696 611 ἠπεί-

2161 632 2253 682 ρου
2302 617 2594 686 μάχεσθαι,
2637 623 2731 674 καὶ
2775 623 2843 676 τὰ
2884 625 2982 694 τῆς
3024 625 3203 695 μάχης
3238 627 3509 699 ἐξήρτυεν.
3563 632 3613 684 '0
3648 634 3696 686 δὲ

2159 708 2272 760 στόλ
2285 726 2341 771 ος
2363 709 2390 762 ὅ
2408 728 2465 762 τε
2493 713 2539 744 ⁹⁹
2568 713 2848 778 Βενετικὺς
2876 717 2968 768 καὶ
2987 719 3014 768 ό
3048 717 3374 788 Ῥωμαϊκὸς,
3395 720 3465 783 ὡς
3490 723 3595 773 ἐνὸν
3618 723 3698 777 τέιν

2157 802 2402 872 πορθμὸν
2431 804 2636 873 ἐτήρει,
2667 807 2761 860 καὶ
2803 809 3040 878 ὁπηνίκα
3069 809 3263 880 μικρὸν
3284 813 3316 880 ἠ
3341 811 3572 865 θάλασσα
3601 817 3702 875 τοῖς

2158 892 2502 963 βουλομένοις
2526 897 2678 950 πλεῖν
2701 899 2843 953 νῶτα
2873 901 3087 970 ὑπεῖχε,
3114 902 3237 964 τοὺς
3256 901 3458 953 ἐκεῖθεν
3482 902 3607 970 πρὸς
3619 903 3701 956 τὶν

2169 985 2506 1060 Ῥομπέρτον
2538 990 2946 1061 ἐπιχειροῦντας
2966 992 3254 1065 διαπερᾷν.
3301 996 3546 1067 Ἀπεῖργε
3585 997 3638 1051 δὲ
3660 999 3704 1063 ¹,

2155 1079 2266 1133 οὐδ⁹
2301 1081 2408 1134 ἀπὸ
2458 1083 2556 1150 τῆς
2593 1084 2822 1154 ἠπείρου
2874 1085 3074 1156 ῥᾳδίως
3105 1088 3232 1156 ἐνῆν
3271 1089 3342 1141 τὰ
3377 1090 3507 1158 πρὶς
3536 1088 3708 1158 χρείαν

2156 1173 2500 1244 κομίζεσθαι,
2535 1177 2663 1247 περὶ
2690 1179 2712 1209 ³
2740 1177 2831 1230 τὸν
2857 1178 3071 1230 Γλυκὺν
3099 1179 3340 1248 ποταμὸν
3357 1181 3714 1251 αὐλιζομένοις

2157 1261 2360 1326 αὐτοῖς,
2391 1263 2499 1316 τῶν
2529 1265 2591 1317 ὲκ
2609 1265 2703 1318 τοῦ
2726 1267 3028 1336 Δυρραχίου
3051 1269 3424 1339 ἀπειργόντων
3445 1270 3537 1340 τῆς
3563 1287 3710 1340 χορτ-

2155 1351 2402 1420 αγωγίας
2437 1356 2628 1426 χάριν,
2690 1357 2723 1428 ἢ
2765 1359 3103 1430 συγκομιδῆς
3139 1361 3333 1431 ἑτέρας
3367 1362 3599 1427 ἐξιόντας
3631 1365 3718 1431 τῆς

2157 1443 2252 1497 τοῦ
2301 1448 2641 1518 Ῥομπέρτου
2676 1452 2967 1521 ταφρείας,
3007 1451 3299 1523 λιμώττειν
3331 1454 3578 1507 ἐντεῦθεν
3609 1453 3719 1506 τούο

2157 1555 2270 1603 τοις
2302 1541 2620 1595 συνέϐαινεν
2682 1543 2819 1598 ἀλλά
2849 1546 2942 1598 καὶ
2972 1545 3030 1598 τὸ
3057 1545 3224 1616 ἄηθες
3253 1545 3348 1599 τοῦ
3373 1547 3540 1598 τόπου
3565 1547 3724 1614 μεγά-

2155 1629 2264 1690 λως
2284 1631 2480 1693 αὐτοὺς
2499 1633 2835 1703 ἐλυμαίνετο.
2861 1635 2957 1688 Διὰ
2977 1637 3336 1707 παραδρομῆς
3355 1637 3534 1689 τοίνυν
3554 1635 3723 1707 μηνῶν

2159 1722 2326 1792 τριῶν
2357 1724 2451 1792 (ὡς
2478 1724 2718 1792 λέγεται)
2759 1726 2934 1798 φθορὰ
2967 1729 3187 1796 γέγονεν
3217 1729 3432 1799 ἀνδρῶν
3451 1731 3529 1792 εις
3566 1729 3729 1799 χιλιὰ·

2157 1813 2250 1866 δας
2294 1813 2425 1868 δέκα
2467 1818 2932 1888 συμποσουμένων
2966 1821 3005 1875 ⁸.
3049 1819 3112 1873 Ἦ
3158 1819 3215 1873 δὲ
3261 1820 3421 1883 νόσος
3467 1819 3602 1888 αὔτη
3644 1819 3730 1872 καὶ

2157 1904 2256 1966 τὰς
2288 1904 2424 1974 μὲτά
2458 1903 2552 1958 τοῦ
2586 1905 2923 1978 Ῥομπέρτου
2955 1910 3186 1973 ἱππικὰς
3216 1911 3483 1979 δυνάμεις
3509 1909 3732 1963 καταλα-

2157 1995 2348 2061 ϐοῦσα,
2374 1998 2602 2061 πολλοὺς
2624 1999 2949 2070 διέφθειρεν.
2994 2001 3127 2056 Ἀπὸ
3150 2003 3250 2070 μιν
3269 2002 3386 2073 γὰρ
3409 2003 3516 2054 τῶν
3538 2002 3732 2053 ἱππέων

2156 2089 2396 2159 κόμητες
2436 2091 2532 2141 καὶ
2564 2089 2789 2158 λογάδες
2813 2090 3185 2160 ἀλκιμώτατοι
3211 2092 3414 2162 ἄνδρες
3453 2093 3611 2163 μέχρι
3637 2092 3734 2144 τῶν

2158 2181 2530 2234 πεντακοσίων
2559 2182 2712 2234 νόσου
2739 2183 2832 2236 καὶ
2857 2183 3016 2252 λιμοῦ
3046 2183 3438 2254 παρανάλωμα
3467 2184 3732 2252 γεγόνασι,

2157 2273 2256 2340 τῆς
2305 2272 2362 2325 δὲ
2398 2273 2836 2346 χθαμαλωτέρας
2886 2275 3059 2345 τύχης
3117 2275 3312 2337 ἱππεῖς
3359 2275 3734 2345 ἀναρίθμητοι.

2157 2364 2277 2416 Τῶν
2301 2365 2356 2417 δὲ
2386 2364 2589 2417 πλοίων
2610 2365 2774 2418 αὑτοῦ
2803 2367 2884 2430 είς
2909 2366 2999 2422 τὸν
3023 2368 3232 2420 Γλυκὺν
3261 2369 3282 2398 ⁵
3318 2367 3740 2438 ὲνορμισθέντων

2156 2455 2421 2525 ποταμὸν,
2473 2455 2548 2519 ὡς
2585 2457 2822 2527 εἴρηται,
2871 2457 3062 2511 τούτου
3099 2458 3468 2526 όλιγωθέντος
3512 2459 3600 2512 διὰ
3649 2456 3740 2526 τὴν

2154 2547 2408 2614 ἀνυδρίαν
2442 2548 2541 2618 ήδη
2590 2549 2729 2619 μετά
2769 2549 2860 2601 τὸν
2899 2550 3143 2620 χειμῶνα
3185 2551 3280 2604 καὶ
3327 2551 3390 2603 τὸ
3435 2548 3741 2617 ὲπιγεγονδς

2156 2638 2253 2707 ἔαρ
2284 2640 2379 2691 τοῦ
2426 2640 2617 2711 θέρους
2642 2641 2973 2712 θερμότερον
3018 2641 3443 2704 ἐπιϐάλλοντος,
3492 2641 3586 2692 καὶ
3631 2636 3740 2709 μηδ’

2153 2732 2351 2786 ὁπόσον
2387 2735 2507 2796 ταῖς
2529 2735 2548 2764 ⁵
2597 2735 2897 2805 χαράδραις
2931 2735 3088 2787 εἴωθε
3110 2737 3421 2805 καταρρεῖν
3446 2734 3592 2803 ὕδωρ
3610 2733 3742 2800 ἕχον-

2153 2841 2268 2887 τος,
2299 2825 2357 2877 ὲν
2393 2826 2677 2896 ἀμηχανίᾳ
2709 2823 2798 2897 ἦν,
2842 2827 2916 2897 μὴ
2955 2826 3253 2896 δυνάμενος
3287 2822 3457 2890 αὖθις
3497 2825 3636 2880 αὐτὰ
3670 2824 3742 2885 είς

2153 2919 2255 2988 τὴν
2288 2917 2565 2972 Θάλασσαν
2595 2918 2844 2973 ἑλκῦσαι.
2888 2919 3028 2971 Ἀλλ’
3058 2914 3145 2971 οἶα
3183 2919 3653 2988 μηχανικώτατος
3678 2913 3746 2967 ὢν

2153 3013 2248 3066 καὶ
2299 3011 2560 3082 βαθόνους
2584 3011 2743 3083 ἀνὴρ,
2788 3011 3099 3074 πασσάλους
3143 3009 3501 3079 ἑκατέρωθεν
3542 3009 3745 3062 ἐκέλευε

477 3101 684 3156 morbis
715 3099 1213 3164 crebrescentibus,
1247 3101 1569 3169 pestilentia!
1597 3108 1743 3153 tanta
1775 3101 1856 3154 vis
1886 3115 2050 3155 exar-

2155 3105 2464 3174 πήγνυσθαι
2491 3104 2586 3158 τοῦ
2616 3101 2886 3174 ποταμοῦ,
2921 3103 3266 3157 συνδεδέσθαι
3314 3103 3375 3157 δὲ
3411 3102 3639 3164 τούτους
3668 3100 3749 3152 διὰ

474 3196 566 3258 sit,
602 3202 663 3247 ut
693 3209 754 3249 ea
803 3193 978 3249 tribus
1019 3192 1299 3247 mensibus
1337 3191 1497 3246 facile
1547 3191 1828 3246 hominum
1861 3194 2047 3248 decem

475 3287 644 3341 millia
681 3287 899 3341 dicatur
949 3286 1344 3356 absumpsisse.
1385 3285 1451 3340 Et
1485 3287 1744 3354 quoniam
1780 3286 1833 3339 in
1892 3285 2049 3356 equi-

476 3390 645 3431 tatum
710 3379 1000 3447 praecipue
1077 3379 1527 3434 florentissimum
1590 3379 1815 3435 Ruberti
1877 3381 2048 3450 pestis

474 3472 794 3526 incubuisse
845 3471 958 3524 visa
1010 3481 1092 3526 est
1123 3473 1325 3541 impetu
1378 3473 1629 3535 saeviori,
1701 3489 1822 3527 eam
1889 3475 2046 3542 plane

471 3565 754 3632 copiarum
823 3563 942 3632 ejus
1019 3571 1225 3630 partem
1293 3564 1645 3618 lectissimam
1721 3565 2048 3620 deformavit

475 3657 736 3711 miserum
793 3657 844 3708 in
904 3655 1149 3719 modum,
1194 3654 1240 3709 si
1282 3670 1390 3709 non
1437 3657 1656 3726 penitus
1702 3657 1766 3710 ad
1812 3659 2043 3712 nihilum

471 3749 701 3820 redegit.
735 3748 970 3804 Constat
1010 3748 1210 3818 quippe
1246 3764 1310 3804 ex
1342 3747 1640 3804 comitibus
1672 3750 1804 3820 ipsis
1840 3766 1902 3805 ac
1928 3768 2044 3806 rte-

471 3843 604 3896 leris
639 3842 984 3911 magnatibus
1008 3842 1290 3896 nobilitate
1313 3857 1377 3896 ac
1400 3841 1714 3896 fortitudine
1733 3843 2043 3913 insignibus

471 3935 623 3997 viris,
657 3935 750 4004 qui
791 3933 935 3989 istud
979 3935 1185 3990 militia:
1214 3948 1418 4004 corpus
1457 3933 1788 3998 eunllabant,
1836 3938 2045 3990 exstin-

467 4034 585 4080 ctos
637 4041 783 4090 esse,
845 4040 950 4095 qua
1007 4025 1116 4090 lue,
1163 4040 1270 4094 qua
1330 4025 1494 4089 fame,
1543 4026 1608 4079 ad
1667 4029 2040 4097 quingentos;

466 4118 680 4184 equites
730 4129 912 4172 autem
969 4119 1203 4171 fortuna:
1257 4115 1586 4178 humilioris,
1645 4121 1736 4186 qui
1791 4120 2041 4176 similiter

469 4210 750 4276 perierint,
789 4225 1078 4263 numerum
1119 4208 1245 4261 iniri
1282 4221 1391 4272 pra:
1465 4209 1822 4264 multitudine
1888 4229 1993 4267 non
2064 4217 2330 4286 potuisse.
2371 4212 2640 4278 Quoniam
2686 4223 2849 4274 vero,
2903 4217 2962 4261 ut
3001 4207 3206 4261 dictum
3257 4215 3387 4274 est,

2155 3198 2337 3266 λύγων
2372 3196 2629 3264 πυκνῶν,
2664 3196 2784 3248 εἶτα
2814 3195 3006 3266 δένδρα
3060 3195 3415 3265 παμμεγέθη
3452 3193 3749 3251 κόπτοντας

2157 3289 2372 3361 ῥιζόθεν
2401 3289 2625 3342 ὄπισθεν
2645 3289 2827 3342 αὐτῶν
2857 3287 3276 3355 καταστρωννύε
3289 3304 3343 3340 ιν
3371 3287 3610 3357 ψάμμον
3636 3286 3752 3337 ἑπι-

2156 3382 2454 3443 πάττοντας
2478 3381 2706 3444 ἀνωθεν,
2734 3381 2811 3442 ὼς
2837 3381 2916 3442 είς
2949 3380 3043 3432 ἕνα
3074 3379 3134 3432 τὸ
3173 3379 3330 3449 ὕδωρ
3377 3376 3752 3432 συλλείϐεσοαι

2152 3472 2316 3525 τόπον
2334 3473 2374 3537 ⁸,
2393 3472 2581 3542 ὥσπερ
2597 3472 2676 3535 εἰς
2697 3469 2937 3540 διώρυχα
2960 3470 3089 3540 μίαν
3105 3468 3203 3540 τὴν
3223 3471 3296 3522 ἑκ
3318 3469 3438 3522 τῶν
3460 3467 3755 3521 πασσάλων

2151 3567 2440 3633 γεγονυῖαν
2470 3562 2972 3633 συναθροιζόμενον.
3015 3563 3125 3615 Καὶ
3156 3562 3308 3614 κατὰ
3341 3562 3550 3632 μικρὸν
3574 3559 3754 3614 ἀναλι-

2158 3658 2358 3727 μνάζον
2395 3655 2455 3710 τὸ
2489 3654 2656 3726 ὕδωρ,
2699 3655 2798 3724 τὴν
2839 3656 3081 3724 κρηπῖδα
3123 3656 3319 3708 πᾶσαν
3360 3655 3618 3726 ἐπλήρου
3665 3649 3756 3704 τοῦ

2150 3745 2420 3816 ποταμοῦ,
2451 3746 2544 3800 καὶ
2587 3748 2667 3808 εἰς
2698 3745 2859 3817 βάθος
2901 3745 3180 3813 ἀξιόλογον
3221 3746 3464 3816 ἢρχετο,
3497 3745 3608 3807 ἕως
3652 3742 3750 3804 τὰς

2150 3841 2281 3904 ναῦς
2309 3840 2630 3906 ἀνεκοὺφισε
2662 3840 2756 3891 καὶ
2784 3840 2880 3901 τὰς
2908 3838 3044 3898 τέως
3073 3839 3492 3908 ἐρηρεισμένας
3526 3837 3664 3906 Vit“;
3694 3839 3758 3904 τῇ

2150 3937 2220 4006 γῇ
2267 3933 2457 4004 ἀνέσχε
2497 3949 2554 3985 τε
2594 3933 2686 3985 καὶ
2719 3929 3025 3998 ἀκρόπλους
3067 3930 3320 3999 ἐποίησε.
3381 3931 3497 3982 Καὶ
3537 3931 3598 3982 τὸ
3652 3927 3756 3980 ἀπὸ

2150 4027 2303 4082 τοῦδε
2333 4026 2586 4086 εὐπλοῖας
2613 4021 3013 4094 ὲπιδραξάμενα
3038 4021 3107 4074 τά
3136 4021 3327 4086 πλοῖα,
3352 4022 3605 4084 εὐκόλως
3628 4017 3762 4090 1:92»;

2151 4123 2249 4192 τὴν
2273 4121 2547 4175 θάλασσαν
2571 4115 2952 4185 εἱλκύσθησαν.

3475 4207 3765 4264 subducta:

467 4317 634 4354 naves
666 4302 879 4354 fuerant
911 4301 964 4354 in
991 4302 1204 4354 alvequ
1243 4300 1424 4354 Dulcis
1481 4301 1656 4365 fluvii,
1691 4302 1923 4374 contigit
1985 4316 2042 4361 ut
2121 4325 2246 4363 cum
2319 4321 2411 4359 eas
2462 4302 2587 4356 inde
2639 4302 2872 4356 educere
2921 4301 3182 4369 oportuit,
3241 4312 3408 4355 tanta
3469 4311 3765 4371 urgeretur

466 4400 714 4454 siccitate
753 4399 801 4449 id
861 4396 1082 4457 flumen,
1134 4408 1192 4452 ut
1241 4400 1535 4469 squallcnti
1600 4402 1848 4471 voragini
1905 4404 2045 4457 aridi
2090 4405 2373 4469 torrentis,
2446 4417 2606 4472 quam
2665 4398 2817 4454 alveo
2850 4398 3106 4467 perennis
3185 4399 3383 4453 amnis
3441 4408 3602 4453 esset
3652 4407 3767 4451 tutu

466 4491 688 4559 quidem
715 4489 974 4558 similius,
1033 4505 1096 4544 ac
1128 4507 1194 4546 ne
1239 4501 1446 4547 tantum
1484 4495 1704 4563 quidem
1741 4514 1899 4569 aquae
1981 4502 2209 4556 haberet
2255 4511 2520 4569 quantum
2573 4498 2626 4550 in
2691 4493 2971 4564 plerisque
3037 4491 3398 4547 torrentibus
3485 4492 3766 4558 cernitur.

467 4589 814 4643 incommoda
845 4603 978 4643 sane
1010 4603 1096 4642 res
1125 4589 1375 4646 consiliis
1409 4591 1630 4648 ltoberti
1663 4595 1925 4662 classem,
1976 4609 2032 4651 ut
2075 4597 2337 4656 diximus,
2361 4593 2496 4646 mari
2522 4589 2746 4646 reddere
2777 4587 3051 4660 parantis;
3089 4595 3144 4641 at
3175 4601 3359 4640 naves
3432 4590 3770 4655 intercepta:

464 4699 529 4737 va
553 4684 624 4748 lo,
657 4683 799 4735 trudi
837 4685 1081 4736 secundo
1118 4681 1340 4738 [lumine
1391 4685 1445 4739 in
1498 4701 1647 4741 mare
1701 4693 2018 4758 nequibant.
2068 4689 2174 4744 Sed
2209 4687 2682 4743 homoiudustrize
2709 4685 2972 4746 mirificai,
2999 4682 3342 4750 fecundique
3413 4683 3488 4738 ad
3556 4683 3761 4737 artium

464 4776 919 4846 excogitationem
973 4779 1232 4846 pectoris,
1279 4779 1419 4833 viam
1515 4781 1672 4836 inivit
1733 4783 1854 4852 ejus
1909 4783 2263 4856 expediendae
2329 4779 2674 4835 difficultatis
2723 4780 2884 4834 talem
2937 4777 3255 4847 quamdam.
3353 4778 3422 4832 in
3525 4776 3772 4832 maxime

465 4871 660 4926 declivi
691 4883 756 4924 ac
785 4871 1019 4926 demissa
1039 4881 1189 4939 parte
1219 4872 1355 4925 alvei
1389 4871 1495 4941 iam
1523 4875 1676 4938 sicci,
1754 4875 1842 4946 figi
1890 4878 2145 4947 utrinque
2177 4874 2406 4946 paxillus
2437 4875 2490 4927 in
2575 4886 2798 4926 arenam
2881 4869 3049 4936 jussit
3119 4868 3374 4922 invicem
3447 4868 3769 4944 oppositos,

465 4963 726 5019 continua
761 4963 814 5015 in
846 4962 1070 5032 longqu
1106 4964 1284 5028 serie;
1363 4974 1591 5032 tumque
1663 4981 1786 5020 cum
1849 4968 1951 5022 sibi
1992 4969 2203 5023 utrovis
2234 4984 2298 5022 ex
2332 4967 2500 5020 latere
2532 4963 2810 5034 contigue,
2845 4961 3106 5014 viminum
3163 4959 3580 5028 implicatione
3653 4957 3774 5029 plu-

466 5062 600 5114 rima
663 5074 824 5127 quam
875 5059 1185 5114 arctissitue
1239 5059 1458 5116 vinciri.
1498 5058 1712 5115 Vallum
1746 5063 1825 5116 sic
1873 5065 2039 5117 ﬁxum
2085 5064 2328 5117 roborari
2364 5061 2534 5114 voluit
2567 5078 2596 5114 ει
2634 5071 2786 5127 parte
2835 5057 3091 5111 exteriori
3125 5056 3280 5125 ripas
3364 5073 3607 5119 versus,
3675 5069 3773 5121 ap-

465 5151 666 5221 plicitis
695 5153 748 5203 in
783 5151 1007 5217 longum
1062 5151 1378 5219 ingentibus
1426 5151 1741 5216 arboribus,
1793 5156 1860 5207 ad
1904 5170 2022 5209 eam
2066 5171 2182 5209 rem
2241 5155 2506 5209 radicitus
2560 5151 2789 5206 avulsis.
2829 5150 3004 5216 Supra
3083 5163 3178 5202 eas
3254 5149 3622 5218 exaggerari
3669 5161 3768 5200 su-

469 5243 695 5311 bigique
728 5259 790 5297 ac
824 5244 1055 5312 apprimi
1094 5243 1263 5296 multa
1297 5245 1346 5297 vi
1412 5258 1635 5297 arenam
1692 5248 1961 5316 imperat,
2037 5248 2274 5301 latentes
2325 5247 2492 5300 rimas
2543 5259 2735 5298 omnes
2794 5241 3155 5310 expleturam.
3215 5235 3385 5293 Intra
3477 5242 3638 5295 hunc
3690 5237 3772 5292 sic

467 5344 817 5403 angustatum
861 5337 1052 5406 siCque
1082 5335 1353 5391 directum
1384 5338 1893 5403 alveolum,0'nnes
1929 5339 2039 5408 jam
2083 5339 2345 5408 reliquias
2403 5337 2706 5392 zestivautis
2755 5333 2929 5397 fluvii,
2969 5349 3033 5387 ac
3081 5340 3196 5385 toto
3243 5345 3513 5400 Sparsas
3612 5337 3774 5385 vasto

1501 5495 1702 5560 Variae
1732 5497 2039 5560 lectiones
2070 5515 2149 5559 ex
2190 5496 2328 5559 cod.
2363 5495 2632 5556 Coislin.

534 5619 581 5690 _”
607 5619 654 5668 ό.
780 5618 1047 5690 διαπερᾷν
1076 5620 1358 5690 ἀπεῖργεν.
1381 5621 1456 5682 ὼς
1478 5623 1555 5675 δέ.
1630 5623 1651 5653 ⁸
1687 5621 1844 5690 πρός.
1924 5625 1945 5656 ³
1975 5620 2348 5690 ποσουμένων.
2424 5620 2446 5650 ⁸
2472 5618 2723 5690 Γλυκήντν
2779 5618 2846 5690 ἔθ’
2876 5616 3091 5690 Desunt
3121 5626 3288 5690 voces
3329 5616 3492 5690 μετὰ
3523 5615 3627 5668 τὸν
3659 5629 3780 5682 χει-

469 5687 624 5761 μῶνα
658 5685 1172 5761 καὶᾼτδὲπιγὲγονὸς
1204 5685 1304 5761 ἔαρ
1326 5693 1643 5761 τοῦθέρους
1674 5685 2007 5760 θερμότερον
2039 5688 2438 5761 ἐπιϐάλλοντος.
2474 5691 2568 5761 καὶ
2607 5685 2729 5761 μηδ’
2759 5689 2982 5761 ῌόπόσον
2999 5689 3144 5761 τεῖςέ
3214 5751 3239 5761 _
3261 5685 3287 5714 ⁸
3329 5685 3574 5761 De_sunl
3609 5695 3780 5738 voces

468 5751 688 5810 ὄπισθεν
715 5756 893 5810 αὐτῶν
925 5751 1389 5827 καταστρωννῦειν
1412 5751 1640 5832 ψάμμον
1669 5751 2066 5825 ἐπιπάττοντας
2094 5758 2300 5814 ἄνωθεν
2317 5758 2392 5822 ὡς
2424 5761 2501 5822 εἷς
2525 5751 2622 5813 ινά
2656 5751 2715 5811 τὸ
2755 5758 2898 5827 ὕδωρ
2933 5751 3321 5808 συλλείὸεσθαι
3358 5755 3574 5811 τόπον.
