  <div class='ocr_page' id='page_1' title='image "/cluster/home/n/w/nwhite01/storage/ocr_20150623/131/mdp.39015078384248/184.png"; bbox 0 0 4068 6266; ppageno 0'>
   <div class='ocr_carea' id='block_1_1' title="bbox 333 365 434 430">
    <p class='ocr_par' dir='ltr' id='par_1_1' title="bbox 333 365 434 430">
     <span class='ocr_line' id='line_1_1' title="bbox 333 365 434 430; baseline 0.02 -2"><span class='ocrx_word' id='word_1_1' title='bbox 333 365 434 430; x_wconf 68' lang='grc'><strong>345</strong></span> 
     </span>
    </p>
   </div>
   <div class='ocr_carea' id='block_1_2' title="bbox 1579 379 2299 444">
    <p class='ocr_par' dir='ltr' id='par_1_2' title="bbox 1579 379 2299 444">
     <span class='ocr_line' id='line_1_2' title="bbox 1579 379 2299 444; baseline 0.011 -9"><span class='ocrx_word' id='word_1_2' title='bbox 1579 379 1990 440; x_wconf 81' lang='lat' dir='ltr'><strong>ALEXlADlS</strong></span> <span class='ocrx_word' id='word_1_3' title='bbox 2017 383 2162 444; x_wconf 91' lang='lat' dir='ltr'><strong>LlB.</strong></span> <span class='ocrx_word' id='word_1_4' title='bbox 2204 382 2299 443; x_wconf 74' lang='grc' dir='ltr'>Ν.</span> 
     </span>
    </p>
   </div>
   <div class='ocr_carea' id='block_1_3' title="bbox 3487 393 3591 456">
    <p class='ocr_par' dir='ltr' id='par_1_3' title="bbox 3487 393 3591 456">
     <span class='ocr_line' id='line_1_3' title="bbox 3487 393 3591 456; baseline 0.019 -2"><span class='ocrx_word' id='word_1_5' title='bbox 3487 393 3591 456; x_wconf 69' lang='grc'><strong>346</strong></span> 
     </span>
    </p>
   </div>
   <div class='ocr_carea' id='block_1_4' title="bbox 336 481 1914 572">
    <p class='ocr_par' dir='ltr' id='par_1_4' title="bbox 336 481 1914 565">
     <span class='ocr_line' id='line_1_4' title="bbox 336 481 1914 565; baseline 0.01 -31"><span class='ocrx_word' id='word_1_6' title='bbox 336 483 369 552; x_wconf 72' lang='grc' dir='ltr'><strong>ἠ</strong></span> <span class='ocrx_word' id='word_1_7' title='bbox 404 481 675 552; x_wconf 78' lang='grc' dir='ltr'>συνήθεια</span> <span class='ocrx_word' id='word_1_8' title='bbox 719 483 898 551; x_wconf 81' lang='grc' dir='ltr'>καλεῖ,</span> <span class='ocrx_word' id='word_1_9' title='bbox 955 487 1190 540; x_wconf 75' lang='grc' dir='ltr'>καὶτῶν</span> <span class='ocrx_word' id='word_1_10' title='bbox 1239 491 1572 560; x_wconf 82' lang='grc' dir='ltr'>Φραγκικῶν</span> <span class='ocrx_word' id='word_1_11' title='bbox 1614 496 1657 526; x_wconf 83' lang='grc'>¹⁷</span> <span class='ocrx_word' id='word_1_12' title='bbox 1709 497 1914 565; x_wconf 85' lang='grc' dir='ltr'>ταγμά-</span> 
     </span>
    </p>
   </div>
   <div class='ocr_carea' id='block_1_5' title="bbox 2023 481 3598 572">
    <p class='ocr_par' dir='ltr' id='par_1_5' title="bbox 2032 499 3598 572">
     <span class='ocr_line' id='line_1_5' title="bbox 2032 499 3598 572; baseline 0.004 -18"><span class='ocrx_word' id='word_1_13' title='bbox 2032 499 2472 554; x_wconf 78' lang='lat' dir='ltr'><strong>latrocinaretur.</strong></span> <span class='ocrx_word' id='word_1_14' title='bbox 2507 499 2818 556; x_wconf 80' lang='lat' dir='ltr'><strong>incursione</strong></span> <span class='ocrx_word' id='word_1_15' title='bbox 2854 501 3076 556; x_wconf 73' lang='lat' dir='ltr'><strong>militari</strong></span> <span class='ocrx_word' id='word_1_16' title='bbox 3101 510 3313 572; x_wconf 83' lang='lat' dir='ltr'><strong>captus,</strong></span> <span class='ocrx_word' id='word_1_17' title='bbox 3347 519 3448 558; x_wconf 87' lang='lat' dir='ltr'><strong>avo</strong></span> <span class='ocrx_word' id='word_1_18' title='bbox 3477 521 3598 561; x_wconf 90' lang='lat' dir='ltr'><strong>meo</strong></span> 
     </span>
    </p>
   </div>
   <div class='ocr_carea' id='block_1_6' title="bbox 337 569 1924 649">
    <p class='ocr_par' dir='ltr' id='par_1_6' title="bbox 337 569 1924 649">
     <span class='ocr_line' id='line_1_6' title="bbox 337 569 1924 649; baseline 0.009 -23"><span class='ocrx_word' id='word_1_19' title='bbox 337 589 439 627; x_wconf 81' lang='grc' dir='ltr'><strong>των</strong></span> <span class='ocrx_word' id='word_1_20' title='bbox 474 569 503 626; x_wconf 73' lang='grc' dir='ltr'><strong>δ</strong></span> <span class='ocrx_word' id='word_1_21' title='bbox 530 575 720 628; x_wconf 82' lang='grc' dir='ltr'>Πάνου</span> <span class='ocrx_word' id='word_1_22' title='bbox 747 578 994 647; x_wconf 80' lang='grc' dir='ltr'><strong>κομήτης</strong></span> <span class='ocrx_word' id='word_1_23' title='bbox 1018 578 1157 648; x_wconf 87' lang='lat'><strong>(8|),</strong></span> <span class='ocrx_word' id='word_1_24' title='bbox 1178 582 1270 634; x_wconf 74' lang='grc' dir='ltr'><strong>καὶ</strong></span> <span class='ocrx_word' id='word_1_25' title='bbox 1297 585 1703 649; x_wconf 82' lang='grc' dir='ltr'>Κωνσταντῖνος</span> <span class='ocrx_word' id='word_1_26' title='bbox 1752 589 1780 639; x_wconf 83' lang='grc' dir='ltr'><em>ὁ</em></span> <span class='ocrx_word' id='word_1_27' title='bbox 1821 589 1924 642; x_wconf 80' lang='grc' dir='ltr'><strong>Οὖ-</strong></span> 
     </span>
    </p>
   </div>
   <div class='ocr_carea' id='block_1_7' title="bbox 354 667 1926 744">
    <p class='ocr_par' dir='ltr' id='par_1_7' title="bbox 354 667 1926 744">
     <span class='ocr_line' id='line_1_7' title="bbox 354 667 1926 744; baseline 0.011 -29"><span class='ocrx_word' id='word_1_28' title='bbox 354 667 790 736; x_wconf 73' lang='grc' dir='ltr'>μπερτόπολοςη</span> <span class='ocrx_word' id='word_1_29' title='bbox 812 671 874 722; x_wconf 78' lang='grc' dir='ltr'><strong>ἐκ</strong></span> <span class='ocrx_word' id='word_1_30' title='bbox 901 674 1091 736; x_wconf 82' lang='grc' dir='ltr'>γένους</span> <span class='ocrx_word' id='word_1_31' title='bbox 1108 673 1203 742; x_wconf 82' lang='grc' dir='ltr'><strong>τὴν</strong></span> <span class='ocrx_word' id='word_1_32' title='bbox 1224 676 1538 744; x_wconf 74' lang='grc' dir='ltr'><strong>ἐπωνυμίαν</strong></span> <span class='ocrx_word' id='word_1_33' title='bbox 1553 677 1800 732; x_wconf 79' lang='grc' dir='ltr'>λα6ών¹⁹.</span> <span class='ocrx_word' id='word_1_34' title='bbox 1821 679 1926 732; x_wconf 80' lang='grc' dir='ltr'><strong>Οὓ-</strong></span> 
     </span>
    </p>
   </div>
   <div class='ocr_carea' id='block_1_8' title="bbox 341 755 1919 838">
    <p class='ocr_par' dir='ltr' id='par_1_8' title="bbox 341 755 1919 838">
     <span class='ocr_line' id='line_1_8' title="bbox 341 755 1919 838; baseline 0.008 -28"><span class='ocrx_word' id='word_1_35' title='bbox 341 775 442 819; x_wconf 78' lang='grc' dir='ltr'><strong>τως</strong></span> <span class='ocrx_word' id='word_1_36' title='bbox 461 755 555 810; x_wconf 81' lang='grc' dir='ltr'><strong>οὖν</strong></span> <span class='ocrx_word' id='word_1_37' title='bbox 575 759 647 811; x_wconf 82' lang='grc' dir='ltr'><strong>τὰ</strong></span> <span class='ocrx_word' id='word_1_38' title='bbox 669 762 930 829; x_wconf 76' lang='grc' dir='ltr'>τάγματα</span> <span class='ocrx_word' id='word_1_39' title='bbox 955 767 1305 834; x_wconf 67' lang='grc' dir='ltr'>καταστήσας</span> <span class='ocrx_word' id='word_1_40' title='bbox 1335 771 1638 838; x_wconf 73' lang='grc' dir='ltr'>πανστρατὶ</span> <span class='ocrx_word' id='word_1_41' title='bbox 1670 771 1806 823; x_wconf 83' lang='grc' dir='ltr'>κατὰ</span> <span class='ocrx_word' id='word_1_42' title='bbox 1827 770 1919 824; x_wconf 79' lang='grc' dir='ltr'><strong>τοῦ</strong></span> 
     </span>
    </p>
   </div>
   <div class='ocr_carea' id='block_1_9' title="bbox 351 852 1922 926">
    <p class='ocr_par' dir='ltr' id='par_1_9' title="bbox 351 852 1922 926">
     <span class='ocr_line' id='line_1_9' title="bbox 351 852 1922 926; baseline 0.008 -24"><span class='ocrx_word' id='word_1_43' title='bbox 351 852 691 920; x_wconf 71' lang='grc' dir='ltr'>Ῥομπέρτου</span> <span class='ocrx_word' id='word_1_44' title='bbox 729 853 1045 923; x_wconf 79' lang='grc' dir='ltr'><strong>ἐξώρμησε.</strong></span> <span class='ocrx_word' id='word_1_45' title='bbox 1091 858 1435 926; x_wconf 70' lang='grc' dir='ltr'>Συναντήσας</span> <span class='ocrx_word' id='word_1_46' title='bbox 1475 859 1530 912; x_wconf 86' lang='grc' dir='ltr'><strong>δέ</strong></span> <span class='ocrx_word' id='word_1_47' title='bbox 1565 879 1670 913; x_wconf 80' lang='grc' dir='ltr'>τινι</span> <span class='ocrx_word' id='word_1_48' title='bbox 1713 863 1922 915; x_wconf 83' lang='grc' dir='ltr'>ἐκεῖθεν</span> 
     </span>
    </p>
   </div>
   <div class='ocr_carea' id='block_1_10' title="bbox 341 941 1923 1019">
    <p class='ocr_par' dir='ltr' id='par_1_10' title="bbox 341 941 1923 1019">
     <span class='ocr_line' id='line_1_10' title="bbox 341 941 1923 1019; baseline 0.008 -28"><span class='ocrx_word' id='word_1_49' title='bbox 341 941 684 1012; x_wconf 80' lang='grc' dir='ltr'>ἑξερχομένῳ</span> <span class='ocrx_word' id='word_1_50' title='bbox 717 943 849 1012; x_wconf 72' lang='grc' dir='ltr'>περὶ</span> <span class='ocrx_word' id='word_1_51' title='bbox 878 944 985 996; x_wconf 82' lang='grc' dir='ltr'><strong>τῶν</strong></span> <span class='ocrx_word' id='word_1_52' title='bbox 1019 946 1159 998; x_wconf 75' lang='grc' dir='ltr'>κατὰ</span> <span class='ocrx_word' id='word_1_53' title='bbox 1201 948 1261 998; x_wconf 76' lang='grc' dir='ltr'><strong>τὸ</strong></span> <span class='ocrx_word' id='word_1_54' title='bbox 1287 949 1586 1019; x_wconf 70' lang='grc' dir='ltr'>Δυρράχιον</span> <span class='ocrx_word' id='word_1_55' title='bbox 1617 951 1923 1017; x_wconf 79' lang='grc' dir='ltr'>πυθόμενος</span> 
     </span>
    </p>
   </div>
   <div class='ocr_carea' id='block_1_11' title="bbox 342 1034 1920 1111">
    <p class='ocr_par' dir='ltr' id='par_1_11' title="bbox 342 1034 1920 1111">
     <span class='ocr_line' id='line_1_11' title="bbox 342 1034 1920 1111; baseline 0.008 -28"><span class='ocrx_word' id='word_1_56' title='bbox 342 1034 679 1102; x_wconf 76' lang='grc' dir='ltr'>σαφέστερον</span> <span class='ocrx_word' id='word_1_57' title='bbox 733 1035 1081 1105; x_wconf 77' lang='grc' dir='ltr'>ἐμεμαθήκει</span> <span class='ocrx_word' id='word_1_58' title='bbox 1114 1039 1196 1090; x_wconf 82' lang='grc' dir='ltr'>ὅτι</span> <span class='ocrx_word' id='word_1_59' title='bbox 1240 1040 1267 1091; x_wconf 84' lang='grc' dir='ltr'>ὁ</span> <span class='ocrx_word' id='word_1_60' title='bbox 1314 1041 1649 1109; x_wconf 77' lang='grc' dir='ltr'>Ῥομπέρτος</span> <span class='ocrx_word' id='word_1_61' title='bbox 1690 1044 1920 1111; x_wconf 85' lang='grc' dir='ltr'><strong>νικήσας</strong></span> 
     </span>
    </p>
   </div>
   <div class='ocr_carea' id='block_1_12' title="bbox 343 1123 1917 1205">
    <p class='ocr_par' dir='ltr' id='par_1_12' title="bbox 343 1123 1917 1205">
     <span class='ocr_line' id='line_1_12' title="bbox 343 1123 1917 1205; baseline 0.008 -30"><span class='ocrx_word' id='word_1_62' title='bbox 343 1123 614 1196; x_wconf 58' lang='grc' dir='ltr'>[κινήσαςι</span> <span class='ocrx_word' id='word_1_63' title='bbox 663 1128 843 1181; x_wconf 70' lang='grc' dir='ltr'>πέντα</span> <span class='ocrx_word' id='word_1_64' title='bbox 866 1129 933 1183; x_wconf 78' lang='grc' dir='ltr'><strong>τὰ</strong></span> <span class='ocrx_word' id='word_1_65' title='bbox 962 1131 1096 1199; x_wconf 78' lang='grc' dir='ltr'>πρὸς</span> <span class='ocrx_word' id='word_1_66' title='bbox 1131 1133 1488 1203; x_wconf 72' lang='grc' dir='ltr'>τειχομαχίαν</span> <span class='ocrx_word' id='word_1_67' title='bbox 1516 1136 1793 1202; x_wconf 74' lang='grc' dir='ltr'>ἐπιτήδεια</span> <span class='ocrx_word' id='word_1_68' title='bbox 1823 1135 1917 1205; x_wconf 85' lang='grc' dir='ltr'><strong>ὅρ-</strong></span> 
     </span>
    </p>
   </div>
   <div class='ocr_carea' id='block_1_13' title="bbox 341 1219 1914 1294">
    <p class='ocr_par' dir='ltr' id='par_1_13' title="bbox 341 1219 1914 1294">
     <span class='ocr_line' id='line_1_13' title="bbox 341 1219 1914 1294; baseline 0.009 -28"><span class='ocrx_word' id='word_1_69' title='bbox 341 1233 477 1273; x_wconf 70' lang='grc' dir='ltr'>γινα</span> <span class='ocrx_word' id='word_1_70' title='bbox 518 1220 630 1280; x_wconf 70' lang='grc' dir='ltr'>τοῖς</span> <span class='ocrx_word' id='word_1_71' title='bbox 658 1219 863 1288; x_wconf 73' lang='grc' dir='ltr'>τείχεσι</span> <span class='ocrx_word' id='word_1_72' title='bbox 895 1223 1321 1291; x_wconf 70' lang='grc' dir='ltr'>προσεπέλασεν.</span> <span class='ocrx_word' id='word_1_73' title='bbox 1367 1225 1425 1277; x_wconf 86' lang='lat'><strong>&#39;0</strong></span> <span class='ocrx_word' id='word_1_74' title='bbox 1462 1227 1517 1278; x_wconf 84' lang='grc' dir='ltr'>δὲ</span> <span class='ocrx_word' id='word_1_75' title='bbox 1548 1227 1914 1294; x_wconf 85' lang='grc' dir='ltr'>Παλαιολόγος</span> 
     </span>
    </p>
   </div>
   <div class='ocr_carea' id='block_1_14' title="bbox 342 1305 1922 1386">
    <p class='ocr_par' dir='ltr' id='par_1_14' title="bbox 342 1305 1922 1386">
     <span class='ocr_line' id='line_1_14' title="bbox 342 1305 1922 1386; baseline 0.01 -30"><span class='ocrx_word' id='word_1_76' title='bbox 342 1305 721 1374; x_wconf 67' lang='grc' dir='ltr'>Γεώργιοςδιὰ</span> <span class='ocrx_word' id='word_1_77' title='bbox 768 1309 944 1380; x_wconf 69' lang='grc' dir='ltr'>πάσης</span> <span class='ocrx_word' id='word_1_78' title='bbox 995 1312 1185 1376; x_wconf 76' lang='grc' dir='ltr'>νυκτὸς</span> <span class='ocrx_word' id='word_1_79' title='bbox 1241 1315 1334 1367; x_wconf 73' lang='grc' dir='ltr'>καὶ</span> <span class='ocrx_word' id='word_1_80' title='bbox 1387 1317 1598 1386; x_wconf 80' lang='grc' dir='ltr'>ἡμέρας</span> <span class='ocrx_word' id='word_1_81' title='bbox 1653 1319 1789 1386; x_wconf 80' lang='grc' dir='ltr'>πρὸς</span> <span class='ocrx_word' id='word_1_82' title='bbox 1822 1322 1922 1382; x_wconf 78' lang='grc' dir='ltr'><strong>τὰς</strong></span> 
     </span>
    </p>
   </div>
   <div class='ocr_carea' id='block_1_15' title="bbox 342 1399 1922 1480">
    <p class='ocr_par' dir='ltr' id='par_1_15' title="bbox 342 1399 1922 1480">
     <span class='ocr_line' id='line_1_15' title="bbox 342 1399 1922 1480; baseline 0.009 -29"><span class='ocrx_word' id='word_1_83' title='bbox 342 1399 532 1462; x_wconf 73' lang='grc' dir='ltr'>ἔξωθεν</span> <span class='ocrx_word' id='word_1_84' title='bbox 562 1401 841 1472; x_wconf 54' lang='lat' dir='ltr'><strong>glandim;</strong></span> <span class='ocrx_word' id='word_1_85' title='bbox 868 1404 979 1472; x_wconf 72' lang='lat'><strong>(82)</strong></span> <span class='ocrx_word' id='word_1_86' title='bbox 1008 1407 1100 1458; x_wconf 76' lang='grc' dir='ltr'>καὶ</span> <span class='ocrx_word' id='word_1_87' title='bbox 1130 1409 1196 1460; x_wconf 79' lang='grc' dir='ltr'><strong>τὰ</strong></span> <span class='ocrx_word' id='word_1_88' title='bbox 1224 1411 1598 1480; x_wconf 71' lang='grc' dir='ltr'>μηχανήματα</span> <span class='ocrx_word' id='word_1_89' title='bbox 1638 1413 1922 1470; x_wconf 81' lang='grc' dir='ltr'>ἀντικαθι-</span> 
     </span>
    </p>
   </div>
   <div class='ocr_carea' id='block_1_16' title="bbox 347 1494 1920 1571">
    <p class='ocr_par' dir='ltr' id='par_1_16' title="bbox 347 1494 1920 1571">
     <span class='ocr_line' id='line_1_16' title="bbox 347 1494 1920 1571; baseline 0.008 -26"><span class='ocrx_word' id='word_1_90' title='bbox 347 1494 610 1558; x_wconf 70' lang='grc' dir='ltr'>στὰμενος</span> <span class='ocrx_word' id='word_1_91' title='bbox 645 1496 738 1548; x_wconf 75' lang='grc' dir='ltr'><strong>κ-ιὶ</strong></span> <span class='ocrx_word' id='word_1_92' title='bbox 765 1498 1154 1568; x_wconf 74' lang='grc' dir='ltr'><strong>ἀπαγορεύσας</strong></span> <span class='ocrx_word' id='word_1_93' title='bbox 1182 1502 1306 1571; x_wconf 72' lang='grc' dir='ltr'>ἥδη.</span> <span class='ocrx_word' id='word_1_94' title='bbox 1348 1503 1558 1566; x_wconf 75' lang='grc' dir='ltr'>καὶτὰς</span> <span class='ocrx_word' id='word_1_95' title='bbox 1584 1505 1757 1567; x_wconf 82' lang='grc' dir='ltr'>πύλας</span> <span class='ocrx_word' id='word_1_96' title='bbox 1790 1507 1920 1558; x_wconf 83' lang='grc' dir='ltr'>ἀνα-</span> 
     </span>
    </p>
   </div>
   <div class='ocr_carea' id='block_1_17' title="bbox 344 1586 1916 1667">
    <p class='ocr_par' dir='ltr' id='par_1_17' title="bbox 344 1586 1916 1667">
     <span class='ocr_line' id='line_1_17' title="bbox 344 1586 1916 1667; baseline 0.008 -29"><span class='ocrx_word' id='word_1_97' title='bbox 344 1586 582 1645; x_wconf 74' lang='grc' dir='ltr'>πετάσας</span> <span class='ocrx_word' id='word_1_98' title='bbox 622 1590 713 1638; x_wconf 63' lang='grc' dir='ltr'><strong>καὶ</strong></span> <span class='ocrx_word' id='word_1_99' title='bbox 748 1589 980 1651; x_wconf 76' lang='grc' dir='ltr'>ἐξελθὼν</span> <span class='ocrx_word' id='word_1_100' title='bbox 1007 1593 1125 1660; x_wconf 77' lang='grc' dir='ltr'>μετ’</span> <span class='ocrx_word' id='word_1_101' title='bbox 1174 1594 1337 1647; x_wconf 78' lang='grc' dir='ltr'>αὑτὸν</span> <span class='ocrx_word' id='word_1_102' title='bbox 1376 1597 1423 1626; x_wconf 85' lang='grc'><strong>²⁰</strong></span> <span class='ocrx_word' id='word_1_103' title='bbox 1454 1598 1722 1667; x_wconf 62' lang='grc' dir='ltr'>καρτερὸν</span> <span class='ocrx_word' id='word_1_104' title='bbox 1777 1617 1876 1652; x_wconf 87' lang='grc' dir='ltr'><strong>συν</strong></span> <span class='ocrx_word' id='word_1_105' title='bbox 1902 1630 1916 1640; x_wconf 88' lang='lat'><strong>-</strong></span> 
     </span>
    </p>
   </div>
   <div class='ocr_carea' id='block_1_18' title="bbox 343 1681 1917 1760">
    <p class='ocr_par' dir='ltr' id='par_1_18' title="bbox 343 1681 1917 1760">
     <span class='ocr_line' id='line_1_18' title="bbox 343 1681 1917 1760; baseline 0.008 -30"><span class='ocrx_word' id='word_1_106' title='bbox 343 1681 634 1747; x_wconf 76' lang='grc' dir='ltr'>εστήσαιτο</span> <span class='ocrx_word' id='word_1_107' title='bbox 654 1681 698 1711; x_wconf 83' lang='grc'>¹¹</span> <span class='ocrx_word' id='word_1_108' title='bbox 737 1681 995 1751; x_wconf 83' lang='grc' dir='ltr'>πόλεμον.</span> <span class='ocrx_word' id='word_1_109' title='bbox 1049 1685 1158 1736; x_wconf 80' lang='grc' dir='ltr'><strong>Καὶ</strong></span> <span class='ocrx_word' id='word_1_110' title='bbox 1187 1686 1413 1756; x_wconf 79' lang='grc' dir='ltr'><strong>καιρίως</strong></span> <span class='ocrx_word' id='word_1_111' title='bbox 1448 1689 1505 1739; x_wconf 87' lang='grc' dir='ltr'><strong>ἐν</strong></span> <span class='ocrx_word' id='word_1_112' title='bbox 1527 1689 1802 1760; x_wconf 68' lang='grc' dir='ltr'>διαφόροις</span> <span class='ocrx_word' id='word_1_113' title='bbox 1825 1691 1917 1744; x_wconf 75' lang='grc' dir='ltr'><strong>τοῦ</strong></span> 
     </span>
    </p>
   </div>
   <div class='ocr_carea' id='block_1_19' title="bbox 344 1769 1917 1850">
    <p class='ocr_par' dir='ltr' id='par_1_19' title="bbox 344 1769 1917 1850">
     <span class='ocr_line' id='line_1_19' title="bbox 344 1769 1917 1850; baseline 0.011 -32"><span class='ocrx_word' id='word_1_114' title='bbox 344 1769 593 1836; x_wconf 77' lang='grc' dir='ltr'>σώματος</span> <span class='ocrx_word' id='word_1_115' title='bbox 630 1777 822 1833; x_wconf 83' lang='grc' dir='ltr'>τόποις</span> <span class='ocrx_word' id='word_1_116' title='bbox 851 1773 1087 1843; x_wconf 80' lang='grc' dir='ltr'><strong>ἐπλήγη,</strong></span> <span class='ocrx_word' id='word_1_117' title='bbox 1133 1777 1227 1828; x_wconf 68' lang='grc' dir='ltr'><strong>καὶ</strong></span> <span class='ocrx_word' id='word_1_118' title='bbox 1267 1777 1467 1846; x_wconf 79' lang='grc' dir='ltr'>μᾶλλον</span> <span class='ocrx_word' id='word_1_119' title='bbox 1502 1780 1630 1850; x_wconf 72' lang='grc' dir='ltr'>περὶ</span> <span class='ocrx_word' id='word_1_120' title='bbox 1669 1781 1759 1834; x_wconf 81' lang='grc' dir='ltr'>τὸν</span> <span class='ocrx_word' id='word_1_121' title='bbox 1789 1783 1917 1850; x_wconf 86' lang='grc' dir='ltr'><strong>κρό-</strong></span> 
     </span>
    </p>
   </div>
   <div class='ocr_carea' id='block_1_20' title="bbox 2029 592 3594 664">
    <p class='ocr_par' dir='ltr' id='par_1_20' title="bbox 2029 592 3594 664">
     <span class='ocr_line' id='line_1_20' title="bbox 2029 592 3594 664; baseline 0.004 -18"><span class='ocrx_word' id='word_1_122' title='bbox 2029 603 2255 662; x_wconf 90' lang='lat' dir='ltr'><strong>pateruo</strong></span> <span class='ocrx_word' id='word_1_123' title='bbox 2290 592 2481 648; x_wconf 88' lang='lat' dir='ltr'><strong>Joauni</strong></span> <span class='ocrx_word' id='word_1_124' title='bbox 2523 594 2802 650; x_wconf 87' lang='lat' dir='ltr'><strong>Comneno</strong></span> <span class='ocrx_word' id='word_1_125' title='bbox 2831 596 2883 649; x_wconf 92' lang='lat' dir='ltr'><strong>in</strong></span> <span class='ocrx_word' id='word_1_126' title='bbox 2918 598 3112 664; x_wconf 66' lang='lat' dir='ltr'><strong>praedic</strong></span> <span class='ocrx_word' id='word_1_127' title='bbox 3146 607 3348 664; x_wconf 85' lang='lat' dir='ltr'><strong>partem</strong></span> <span class='ocrx_word' id='word_1_128' title='bbox 3402 613 3594 652; x_wconf 82' lang='lat' dir='ltr'><strong>servus</strong></span> 
     </span>
    </p>
   </div>
   <div class='ocr_carea' id='block_1_21' title="bbox 2027 685 3598 756">
    <p class='ocr_par' dir='ltr' id='par_1_21' title="bbox 2027 685 3598 756">
     <span class='ocr_line' id='line_1_21' title="bbox 2027 685 3598 756; baseline 0.004 -19"><span class='ocrx_word' id='word_1_129' title='bbox 2027 695 2288 738; x_wconf 85' lang='lat' dir='ltr'><strong>cesserat.</strong></span> <span class='ocrx_word' id='word_1_130' title='bbox 2346 685 2659 739; x_wconf 73' lang='lat' dir='ltr'><strong>lilanichazis</strong></span> <span class='ocrx_word' id='word_1_131' title='bbox 2703 701 2866 755; x_wconf 88' lang='lat' dir='ltr'><strong>porro</strong></span> <span class='ocrx_word' id='word_1_132' title='bbox 2919 689 3246 756; x_wconf 80' lang='lat' dir='ltr'><strong>octingentis</strong></span> <span class='ocrx_word' id='word_1_133' title='bbox 3293 704 3455 756; x_wconf 83' lang='lat' dir='ltr'><strong>supra</strong></span> <span class='ocrx_word' id='word_1_134' title='bbox 3514 690 3598 743; x_wconf 92' lang='lat' dir='ltr'><strong>bis</strong></span> 
     </span>
    </p>
   </div>
   <div class='ocr_carea' id='block_1_22' title="bbox 2029 773 3598 841">
    <p class='ocr_par' dir='ltr' id='par_1_22' title="bbox 2029 773 3598 841">
     <span class='ocr_line' id='line_1_22' title="bbox 2029 773 3598 841; baseline 0.004 -17"><span class='ocrx_word' id='word_1_135' title='bbox 2029 773 2281 827; x_wconf 82' lang='lat' dir='ltr'><strong>inillenos</strong></span> <span class='ocrx_word' id='word_1_136' title='bbox 2310 774 2476 826; x_wconf 75' lang='lat' dir='ltr'><strong>duces</strong></span> <span class='ocrx_word' id='word_1_137' title='bbox 2500 773 2610 827; x_wconf 86' lang='lat' dir='ltr'><strong>dati</strong></span> <span class='ocrx_word' id='word_1_138' title='bbox 2645 784 2772 828; x_wconf 89' lang='lat' dir='ltr'><strong>sunt</strong></span> <span class='ocrx_word' id='word_1_139' title='bbox 2805 774 3013 828; x_wconf 72' lang='lat' dir='ltr'><strong>Xautas</strong></span> <span class='ocrx_word' id='word_1_140' title='bbox 3052 787 3104 829; x_wconf 91' lang='lat' dir='ltr'><strong>et</strong></span> <span class='ocrx_word' id='word_1_141' title='bbox 3133 777 3297 830; x_wconf 83' lang='lat' dir='ltr'><strong>Culeo</strong></span> <span class='ocrx_word' id='word_1_142' title='bbox 3318 819 3332 841; x_wconf 78' lang='lat'><strong>,</strong></span> <span class='ocrx_word' id='word_1_143' title='bbox 3377 779 3598 831; x_wconf 79' lang='lat' dir='ltr'><strong>lucrcsis</strong></span> 
     </span>
    </p>
   </div>
   <div class='ocr_carea' id='block_1_23' title="bbox 2026 863 3595 929">
    <p class='ocr_par' dir='ltr' id='par_1_23' title="bbox 2026 863 3595 929">
     <span class='ocr_line' id='line_1_23' title="bbox 2026 863 3595 929; baseline 0.004 -13"><span class='ocrx_word' id='word_1_144' title='bbox 2026 863 2269 929; x_wconf 81' lang='lat' dir='ltr'><strong>eiusdem</strong></span> <span class='ocrx_word' id='word_1_145' title='bbox 2302 865 2588 928; x_wconf 76' lang='lat' dir='ltr'><strong>homines;</strong></span> <span class='ocrx_word' id='word_1_146' title='bbox 2623 880 2816 919; x_wconf 89' lang='lat' dir='ltr'><strong>omnes</strong></span> <span class='ocrx_word' id='word_1_147' title='bbox 2870 867 2920 918; x_wconf 91' lang='lat' dir='ltr'><strong>hi</strong></span> <span class='ocrx_word' id='word_1_148' title='bbox 2975 866 3071 918; x_wconf 86' lang='lat' dir='ltr'><strong>viri</strong></span> <span class='ocrx_word' id='word_1_149' title='bbox 3110 867 3393 921; x_wconf 76' lang='lat' dir='ltr'><strong>fortissimi</strong></span> <span class='ocrx_word' id='word_1_150' title='bbox 3426 878 3472 921; x_wconf 88' lang='lat' dir='ltr'><strong>et</strong></span> <span class='ocrx_word' id='word_1_151' title='bbox 3531 871 3595 922; x_wconf 89' lang='lat' dir='ltr'><strong>ad</strong></span> 
     </span>
    </p>
   </div>
   <div class='ocr_carea' id='block_1_24' title="bbox 2024 955 3594 1026">
    <p class='ocr_par' dir='ltr' id='par_1_24' title="bbox 2024 955 3594 1026">
     <span class='ocr_line' id='line_1_24' title="bbox 2024 955 3594 1026; baseline 0.005 -20"><span class='ocrx_word' id='word_1_152' title='bbox 2024 955 2322 1019; x_wconf 82' lang='lat' dir='ltr'><strong>libandum,</strong></span> <span class='ocrx_word' id='word_1_153' title='bbox 2359 956 2450 1008; x_wconf 81' lang='lat' dir='ltr'><strong>ubi</strong></span> <span class='ocrx_word' id='word_1_154' title='bbox 2487 957 2705 1010; x_wconf 80' lang='lat' dir='ltr'><strong>occasio</strong></span> <span class='ocrx_word' id='word_1_155' title='bbox 2738 973 2796 1011; x_wconf 79' lang='lat' dir='ltr'><strong>se</strong></span> <span class='ocrx_word' id='word_1_156' title='bbox 2823 957 3014 1021; x_wconf 78' lang='lat' dir='ltr'><strong>oll&#39;ert,</strong></span> <span class='ocrx_word' id='word_1_157' title='bbox 3068 960 3318 1011; x_wconf 77' lang='lat' dir='ltr'><strong>hostilem</strong></span> <span class='ocrx_word' id='word_1_158' title='bbox 3372 963 3594 1026; x_wconf 70' lang='lat' dir='ltr'><strong>sangui-</strong></span> 
     </span>
    </p>
   </div>
   <div class='ocr_carea' id='block_1_25' title="bbox 2026 1048 3595 1118">
    <p class='ocr_par' dir='ltr' id='par_1_25' title="bbox 2026 1048 3595 1118">
     <span class='ocr_line' id='line_1_25' title="bbox 2026 1048 3595 1118; baseline 0.004 -20"><span class='ocrx_word' id='word_1_159' title='bbox 2026 1061 2147 1098; x_wconf 89' lang='lat' dir='ltr'><strong>nem</strong></span> <span class='ocrx_word' id='word_1_160' title='bbox 2182 1049 2535 1114; x_wconf 89' lang='lat' dir='ltr'><strong>paratissimi,</strong></span> <span class='ocrx_word' id='word_1_161' title='bbox 2572 1048 2897 1102; x_wconf 80' lang='lat' dir='ltr'><strong>ferocissimi</strong></span> <span class='ocrx_word' id='word_1_162' title='bbox 2927 1058 3188 1118; x_wconf 75' lang='lat' dir='ltr'><strong>prreterea</strong></span> <span class='ocrx_word' id='word_1_163' title='bbox 3219 1051 3595 1104; x_wconf 78' lang='lat' dir='ltr'><strong>audacissimi-</strong></span> 
     </span>
    </p>
   </div>
   <div class='ocr_carea' id='block_1_26' title="bbox 2026 1134 3596 1209">
    <p class='ocr_par' dir='ltr' id='par_1_26' title="bbox 2026 1134 3596 1209">
     <span class='ocr_line' id='line_1_26' title="bbox 2026 1134 3596 1209; baseline 0.008 -23"><span class='ocrx_word' id='word_1_164' title='bbox 2026 1151 2152 1202; x_wconf 89' lang='lat' dir='ltr'><strong>que.</strong></span> <span class='ocrx_word' id='word_1_165' title='bbox 2185 1134 2566 1192; x_wconf 84' lang='lat' dir='ltr'><strong>Fatniliaribus</strong></span> <span class='ocrx_word' id='word_1_166' title='bbox 2598 1138 2835 1207; x_wconf 87' lang='lat' dir='ltr'><strong>denique</strong></span> <span class='ocrx_word' id='word_1_167' title='bbox 2867 1141 3002 1209; x_wconf 86' lang='lat' dir='ltr'><strong>ipsis</strong></span> <span class='ocrx_word' id='word_1_168' title='bbox 3025 1180 3040 1204; x_wconf 92' lang='lat'><strong>,</strong></span> <span class='ocrx_word' id='word_1_169' title='bbox 3085 1156 3227 1208; x_wconf 88' lang='lat' dir='ltr'><strong>quos</strong></span> <span class='ocrx_word' id='word_1_170' title='bbox 3291 1145 3596 1198; x_wconf 80' lang='lat' dir='ltr'><strong>vestiaritas</strong></span> 
     </span>
    </p>
   </div>
   <div class='ocr_carea' id='block_1_27' title="bbox 2023 1225 3592 1294">
    <p class='ocr_par' dir='ltr' id='par_1_27' title="bbox 2023 1225 3592 1294">
     <span class='ocr_line' id='line_1_27' title="bbox 2023 1225 3592 1294; baseline 0.004 -14"><span class='ocrx_word' id='word_1_171' title='bbox 2023 1229 2365 1280; x_wconf 89' lang='lat' dir='ltr'><strong>consuetudo</strong></span> <span class='ocrx_word' id='word_1_172' title='bbox 2395 1237 2568 1294; x_wconf 84' lang='lat' dir='ltr'><strong>vorat,</strong></span> <span class='ocrx_word' id='word_1_173' title='bbox 2603 1237 2655 1282; x_wconf 89' lang='lat' dir='ltr'><strong>et</strong></span> <span class='ocrx_word' id='word_1_174' title='bbox 2690 1225 2966 1284; x_wconf 84' lang='lat' dir='ltr'><strong>Fraucicis</strong></span> <span class='ocrx_word' id='word_1_175' title='bbox 2995 1232 3312 1285; x_wconf 89' lang='lat' dir='ltr'><strong>cohortibus</strong></span> <span class='ocrx_word' id='word_1_176' title='bbox 3343 1232 3592 1288; x_wconf 86' lang='lat' dir='ltr'><strong>Pauoco-</strong></span> 
     </span>
    </p>
   </div>
   <div class='ocr_carea' id='block_1_28' title="bbox 2025 1319 3598 1395">
    <p class='ocr_par' dir='ltr' id='par_1_28' title="bbox 2025 1319 3598 1395">
     <span class='ocr_line' id='line_1_28' title="bbox 2025 1319 3598 1395; baseline 0.004 -23"><span class='ocrx_word' id='word_1_177' title='bbox 2025 1331 2196 1373; x_wconf 72' lang='lat' dir='ltr'><strong>metes</strong></span> <span class='ocrx_word' id='word_1_178' title='bbox 2220 1329 2272 1373; x_wconf 91' lang='lat' dir='ltr'><strong>et</strong></span> <span class='ocrx_word' id='word_1_179' title='bbox 2305 1319 2699 1375; x_wconf 88' lang='lat' dir='ltr'><strong>Constantinus</strong></span> <span class='ocrx_word' id='word_1_180' title='bbox 2726 1321 3172 1390; x_wconf 83' lang='lat' dir='ltr'><strong>Umpertopulus.</strong></span> <span class='ocrx_word' id='word_1_181' title='bbox 3205 1339 3232 1376; x_wconf 88' lang='lat' dir='ltr'><strong>a</strong></span> <span class='ocrx_word' id='word_1_182' title='bbox 3266 1341 3463 1393; x_wconf 81' lang='lat' dir='ltr'><strong>genere</strong></span> <span class='ocrx_word' id='word_1_183' title='bbox 3503 1342 3598 1395; x_wconf 86' lang='lat' dir='ltr'><strong>ap-</strong></span> 
     </span>
    </p>
   </div>
   <div class='ocr_carea' id='block_1_29' title="bbox 2026 1413 3591 1482">
    <p class='ocr_par' dir='ltr' id='par_1_29' title="bbox 2026 1413 3591 1482">
     <span class='ocr_line' id='line_1_29' title="bbox 2026 1413 3591 1482; baseline 0.002 -17"><span class='ocrx_word' id='word_1_184' title='bbox 2026 1413 2370 1480; x_wconf 85' lang='lat' dir='ltr'><strong>pellationem</strong></span> <span class='ocrx_word' id='word_1_185' title='bbox 2409 1423 2624 1478; x_wconf 84' lang='lat' dir='ltr'><strong>nactus,</strong></span> <span class='ocrx_word' id='word_1_186' title='bbox 2654 1416 2926 1482; x_wconf 70' lang='lat' dir='ltr'><strong>prtepositi</strong></span> <span class='ocrx_word' id='word_1_187' title='bbox 2975 1414 3146 1468; x_wconf 78' lang='lat' dir='ltr'><strong>fuere.</strong></span> <span class='ocrx_word' id='word_1_188' title='bbox 3192 1415 3283 1468; x_wconf 84' lang='lat' dir='ltr'><strong>Sic</strong></span> <span class='ocrx_word' id='word_1_189' title='bbox 3322 1417 3591 1469; x_wconf 88' lang='lat' dir='ltr'><strong>constitu-</strong></span> 
     </span>
    </p>
   </div>
   <div class='ocr_carea' id='block_1_30' title="bbox 2024 1505 3594 1559">
    <p class='ocr_par' dir='ltr' id='par_1_30' title="bbox 2024 1505 3594 1559">
     <span class='ocr_line' id='line_1_30' title="bbox 2024 1505 3594 1559; baseline 0.001 -4"><span class='ocrx_word' id='word_1_190' title='bbox 2024 1505 2092 1556; x_wconf 80' lang='lat' dir='ltr'><strong>tis</strong></span> <span class='ocrx_word' id='word_1_191' title='bbox 2132 1505 2350 1559; x_wconf 71' lang='lat' dir='ltr'><strong>Mettius</strong></span> <span class='ocrx_word' id='word_1_192' title='bbox 2378 1505 2662 1559; x_wconf 90' lang='lat' dir='ltr'><strong>ordinibus</strong></span> <span class='ocrx_word' id='word_1_193' title='bbox 2689 1521 2810 1557; x_wconf 92' lang='lat' dir='ltr'><strong>cum</strong></span> <span class='ocrx_word' id='word_1_194' title='bbox 2843 1505 3096 1558; x_wconf 85' lang='lat' dir='ltr'><strong>universo</strong></span> <span class='ocrx_word' id='word_1_195' title='bbox 3120 1506 3373 1559; x_wconf 77' lang='lat' dir='ltr'><strong>exercitu</strong></span> <span class='ocrx_word' id='word_1_196' title='bbox 3401 1507 3452 1558; x_wconf 91' lang='lat' dir='ltr'><strong>iu</strong></span> <span class='ocrx_word' id='word_1_197' title='bbox 3487 1505 3594 1558; x_wconf 81' lang='lat' dir='ltr'><strong>Ro-</strong></span> 
     </span>
    </p>
   </div>
   <div class='ocr_carea' id='block_1_31' title="bbox 2025 1594 3596 1665">
    <p class='ocr_par' dir='ltr' id='par_1_31' title="bbox 2025 1594 3596 1665">
     <span class='ocr_line' id='line_1_31' title="bbox 2025 1594 3596 1665; baseline 0.002 -18"><span class='ocrx_word' id='word_1_198' title='bbox 2025 1595 2233 1647; x_wconf 84' lang='lat' dir='ltr'><strong>bt-rtom</strong></span> <span class='ocrx_word' id='word_1_199' title='bbox 2266 1606 2460 1649; x_wconf 87' lang='lat' dir='ltr'><strong>movet.</strong></span> <span class='ocrx_word' id='word_1_200' title='bbox 2497 1594 2614 1661; x_wconf 86' lang='lat' dir='ltr'><strong>Quo</strong></span> <span class='ocrx_word' id='word_1_201' title='bbox 2651 1608 2894 1665; x_wconf 89' lang='lat' dir='ltr'><strong>tempore</strong></span> <span class='ocrx_word' id='word_1_202' title='bbox 2927 1613 3021 1664; x_wconf 91' lang='lat' dir='ltr'><strong>per</strong></span> <span class='ocrx_word' id='word_1_203' title='bbox 3063 1597 3353 1665; x_wconf 88' lang='lat' dir='ltr'><strong>quemdam</strong></span> <span class='ocrx_word' id='word_1_204' title='bbox 3384 1599 3474 1664; x_wconf 90' lang='lat' dir='ltr'><strong>qui</strong></span> <span class='ocrx_word' id='word_1_205' title='bbox 3529 1599 3596 1650; x_wconf 90' lang='lat' dir='ltr'><strong>ab</strong></span> 
     </span>
    </p>
   </div>
   <div class='ocr_carea' id='block_1_32' title="bbox 2024 1688 3595 1762">
    <p class='ocr_par' dir='ltr' id='par_1_32' title="bbox 2024 1688 3595 1762">
     <span class='ocr_line' id='line_1_32' title="bbox 2024 1688 3595 1762; baseline 0.003 -20"><span class='ocrx_word' id='word_1_206' title='bbox 2024 1688 2133 1742; x_wconf 92' lang='lat' dir='ltr'><strong>illis</strong></span> <span class='ocrx_word' id='word_1_207' title='bbox 2166 1690 2413 1758; x_wconf 86' lang='lat' dir='ltr'><strong>partibus</strong></span> <span class='ocrx_word' id='word_1_208' title='bbox 2446 1705 2638 1742; x_wconf 81' lang='lat' dir='ltr'><strong>recens</strong></span> <span class='ocrx_word' id='word_1_209' title='bbox 2679 1690 2950 1754; x_wconf 75' lang='lat' dir='ltr'><strong>veniebat,</strong></span> <span class='ocrx_word' id='word_1_210' title='bbox 2985 1690 3299 1744; x_wconf 79' lang='lat' dir='ltr'><strong>distinctius</strong></span> <span class='ocrx_word' id='word_1_211' title='bbox 3338 1693 3595 1762; x_wconf 81' lang='lat' dir='ltr'><strong>cognovit</strong></span> 
     </span>
    </p>
   </div>
   <div class='ocr_carea' id='block_1_33' title="bbox 2023 1781 3590 1847">
    <p class='ocr_par' dir='ltr' id='par_1_33' title="bbox 2023 1781 3590 1847">
     <span class='ocr_line' id='line_1_33' title="bbox 2023 1781 3590 1847; baseline 0.003 -17"><span class='ocrx_word' id='word_1_212' title='bbox 2023 1796 2259 1847; x_wconf 87' lang='lat' dir='ltr'><strong>quonam</strong></span> <span class='ocrx_word' id='word_1_213' title='bbox 2295 1781 2364 1833; x_wconf 91' lang='lat' dir='ltr'><strong>ibi</strong></span> <span class='ocrx_word' id='word_1_214' title='bbox 2413 1791 2556 1835; x_wconf 84' lang='lat' dir='ltr'><strong>statu</strong></span> <span class='ocrx_word' id='word_1_215' title='bbox 2609 1797 2694 1835; x_wconf 88' lang='lat' dir='ltr'><strong>res</strong></span> <span class='ocrx_word' id='word_1_216' title='bbox 2734 1791 2899 1836; x_wconf 82' lang='lat' dir='ltr'><strong>esset.</strong></span> <span class='ocrx_word' id='word_1_217' title='bbox 2957 1781 3278 1836; x_wconf 81' lang='lat' dir='ltr'><strong>Adtnovisse</strong></span> <span class='ocrx_word' id='word_1_218' title='bbox 3333 1784 3590 1837; x_wconf 90' lang='lat' dir='ltr'><strong>nimirum</strong></span> 
     </span>
    </p>
   </div>
   <div class='ocr_carea' id='block_1_34' title="bbox 340 1851 1914 1945">
    <p class='ocr_par' dir='ltr' id='par_1_34' title="bbox 340 1862 1914 1942">
     <span class='ocr_line' id='line_1_34' title="bbox 340 1862 1914 1942; baseline 0.009 -31"><span class='ocrx_word' id='word_1_219' title='bbox 340 1877 504 1926; x_wconf 68' lang='grc' dir='ltr'>τιφον</span> <span class='ocrx_word' id='word_1_220' title='bbox 533 1862 723 1930; x_wconf 79' lang='grc' dir='ltr'>βέλους</span> <span class='ocrx_word' id='word_1_221' title='bbox 743 1865 1042 1929; x_wconf 81' lang='grc' dir='ltr'>διελθόντος</span> <span class='ocrx_word' id='word_1_222' title='bbox 1075 1867 1102 1920; x_wconf 88' lang='grc' dir='ltr'><strong>ὃ</strong></span> <span class='ocrx_word' id='word_1_223' title='bbox 1132 1868 1447 1939; x_wconf 66' lang='grc' dir='ltr'>βιαζόμενος</span> <span class='ocrx_word' id='word_1_224' title='bbox 1477 1870 1678 1937; x_wconf 77' lang='grc' dir='ltr'>ἐξελεῖν</span> <span class='ocrx_word' id='word_1_225' title='bbox 1716 1872 1810 1924; x_wconf 75' lang='grc' dir='ltr'>καὶ</span> <span class='ocrx_word' id='word_1_226' title='bbox 1839 1871 1914 1942; x_wconf 81' lang='grc' dir='ltr'>μὴ</span> 
     </span>
    </p>
   </div>
   <div class='ocr_carea' id='block_1_35' title="bbox 2023 1851 3594 1945">
    <p class='ocr_par' dir='ltr' id='par_1_35' title="bbox 2023 1873 3594 1945">
     <span class='ocr_line' id='line_1_35' title="bbox 2023 1873 3594 1945; baseline 0 -19"><span class='ocrx_word' id='word_1_227' title='bbox 2023 1873 2317 1926; x_wconf 80' lang='lat' dir='ltr'><strong>Rohcrtum</strong></span> <span class='ocrx_word' id='word_1_228' title='bbox 2355 1875 2513 1944; x_wconf 80' lang='lat'><strong>110</strong></span> <span class='ocrx_word' id='word_1_229' title='bbox 2575 1874 2857 1945; x_wconf 76' lang='lat' dir='ltr'><strong>Dyrrachii</strong></span> <span class='ocrx_word' id='word_1_230' title='bbox 2912 1874 3185 1929; x_wconf 72' lang='lat' dir='ltr'><strong>mamilius</strong></span> <span class='ocrx_word' id='word_1_231' title='bbox 3239 1890 3428 1928; x_wconf 90' lang='lat' dir='ltr'><strong>omnes</strong></span> <span class='ocrx_word' id='word_1_232' title='bbox 3478 1891 3594 1927; x_wconf 81' lang='lat' dir='ltr'><strong>ma-</strong></span> 
     </span>
    </p>
   </div>
   <div class='ocr_carea' id='block_1_36' title="bbox 283 1953 1915 2033">
    <p class='ocr_par' dir='ltr' id='par_1_36' title="bbox 283 1953 1915 2033">
     <span class='ocr_line' id='line_1_36' title="bbox 283 1953 1915 2033; baseline 0.009 -31"><span class='ocrx_word' id='word_1_233' title='bbox 283 2009 287 2012; x_wconf 32' lang='lat'><strong>,</strong></span> <span class='ocrx_word' id='word_1_234' title='bbox 340 1953 606 2020; x_wconf 69' lang='grc' dir='ltr'>δυνηθεὶς.</span> <span class='ocrx_word' id='word_1_235' title='bbox 643 1958 1154 2027; x_wconf 81' lang='grc' dir='ltr'>μετακαλεσάμενός</span> <span class='ocrx_word' id='word_1_236' title='bbox 1182 1979 1305 2014; x_wconf 81' lang='grc' dir='ltr'>τινα</span> <span class='ocrx_word' id='word_1_237' title='bbox 1341 1963 1451 2014; x_wconf 79' lang='grc' dir='ltr'>τῶν</span> <span class='ocrx_word' id='word_1_238' title='bbox 1490 1963 1770 2033; x_wconf 83' lang='grc' dir='ltr'>ἐμπείρων</span> <span class='ocrx_word' id='word_1_239' title='bbox 1817 1981 1915 2016; x_wconf 83' lang='grc' dir='ltr'>πε-</span> 
     </span>
    </p>
   </div>
   <div class='ocr_carea' id='block_1_37' title="bbox 341 2045 1916 2125">
    <p class='ocr_par' dir='ltr' id='par_1_37' title="bbox 341 2045 1916 2125">
     <span class='ocr_line' id='line_1_37' title="bbox 341 2045 1916 2125; baseline 0.008 -30"><span class='ocrx_word' id='word_1_240' title='bbox 341 2045 500 2109; x_wconf 76' lang='grc' dir='ltr'>ριεῖλε</span> <span class='ocrx_word' id='word_1_241' title='bbox 528 2048 596 2098; x_wconf 73' lang='grc' dir='ltr'><strong>τὰ</strong></span> <span class='ocrx_word' id='word_1_242' title='bbox 626 2049 792 2116; x_wconf 81' lang='grc' dir='ltr'>ἄκρα,</span> <span class='ocrx_word' id='word_1_243' title='bbox 825 2052 914 2102; x_wconf 72' lang='grc' dir='ltr'>τόν</span> <span class='ocrx_word' id='word_1_244' title='bbox 940 2069 997 2102; x_wconf 85' lang='grc' dir='ltr'>τε</span> <span class='ocrx_word' id='word_1_245' title='bbox 1021 2052 1267 2122; x_wconf 82' lang='grc' dir='ltr'>στύρακά</span> <span class='ocrx_word' id='word_1_246' title='bbox 1288 2071 1454 2123; x_wconf 79' lang='grc' dir='ltr'>φημι,</span> <span class='ocrx_word' id='word_1_247' title='bbox 1476 2057 1569 2107; x_wconf 73' lang='grc' dir='ltr'><strong>καὶ</strong></span> <span class='ocrx_word' id='word_1_248' title='bbox 1593 2049 1652 2108; x_wconf 78' lang='grc' dir='ltr'>οὗ</span> <span class='ocrx_word' id='word_1_249' title='bbox 1682 2056 1739 2108; x_wconf 85' lang='grc' dir='ltr'>τὸ</span> <span class='ocrx_word' id='word_1_250' title='bbox 1764 2056 1916 2125; x_wconf 82' lang='grc' dir='ltr'>βέλος</span> 
     </span>
    </p>
   </div>
   <div class='ocr_carea' id='block_1_38' title="bbox 338 2137 1913 2218">
    <p class='ocr_par' dir='ltr' id='par_1_38' title="bbox 338 2137 1913 2218">
     <span class='ocr_line' id='line_1_38' title="bbox 338 2137 1913 2218; baseline 0.009 -31"><span class='ocrx_word' id='word_1_251' title='bbox 338 2137 729 2206; x_wconf 73' lang='grc' dir='ltr'>πτερύσσεται,</span> <span class='ocrx_word' id='word_1_252' title='bbox 777 2143 838 2193; x_wconf 84' lang='grc' dir='ltr'><strong>τὸ</strong></span> <span class='ocrx_word' id='word_1_253' title='bbox 877 2144 924 2195; x_wconf 86' lang='grc' dir='ltr'>δ’</span> <span class='ocrx_word' id='word_1_254' title='bbox 970 2145 1250 2198; x_wconf 76' lang='grc' dir='ltr'>ἐπίλοιπον</span> <span class='ocrx_word' id='word_1_255' title='bbox 1287 2147 1452 2214; x_wconf 82' lang='grc' dir='ltr'>μέρος</span> <span class='ocrx_word' id='word_1_256' title='bbox 1494 2147 1570 2216; x_wconf 83' lang='grc' dir='ltr'><strong>τῷ</strong></span> <span class='ocrx_word' id='word_1_257' title='bbox 1619 2149 1771 2218; x_wconf 81' lang='grc' dir='ltr'><strong>τόπῳ</strong></span> <span class='ocrx_word' id='word_1_258' title='bbox 1815 2151 1913 2218; x_wconf 78' lang='grc' dir='ltr'><strong>τῆς</strong></span> 
     </span>
    </p>
   </div>
   <div class='ocr_carea' id='block_1_39' title="bbox 346 2229 1914 2309">
    <p class='ocr_par' dir='ltr' id='par_1_39' title="bbox 346 2229 1914 2309">
     <span class='ocr_line' id='line_1_39' title="bbox 346 2229 1914 2309; baseline 0.008 -29"><span class='ocrx_word' id='word_1_259' title='bbox 346 2229 562 2299; x_wconf 76' lang='grc' dir='ltr'>πληγῆς</span> <span class='ocrx_word' id='word_1_260' title='bbox 587 2234 936 2302; x_wconf 79' lang='grc' dir='ltr'>ἐναπέμεινε.</span> <span class='ocrx_word' id='word_1_261' title='bbox 976 2239 1258 2306; x_wconf 80' lang='grc' dir='ltr'>Δεσμήσας</span> <span class='ocrx_word' id='word_1_262' title='bbox 1289 2239 1344 2291; x_wconf 84' lang='grc' dir='ltr'><strong>δέ</strong></span> <span class='ocrx_word' id='word_1_263' title='bbox 1376 2240 1473 2309; x_wconf 82' lang='grc' dir='ltr'><strong>τὴν</strong></span> <span class='ocrx_word' id='word_1_264' title='bbox 1503 2241 1744 2309; x_wconf 77' lang='grc' dir='ltr'>κεφαλὴν</span> <span class='ocrx_word' id='word_1_265' title='bbox 1773 2241 1849 2302; x_wconf 84' lang='grc' dir='ltr'><strong>ὡς</strong></span> <span class='ocrx_word' id='word_1_266' title='bbox 1887 2243 1914 2293; x_wconf 89' lang='grc' dir='ltr'>ὁ</span> 
     </span>
    </p>
   </div>
   <div class='ocr_carea' id='block_1_40' title="bbox 337 2324 1912 2401">
    <p class='ocr_par' dir='ltr' id='par_1_40' title="bbox 337 2324 1912 2401">
     <span class='ocr_line' id='line_1_40' title="bbox 337 2324 1912 2401; baseline 0.008 -29"><span class='ocrx_word' id='word_1_267' title='bbox 337 2324 522 2391; x_wconf 69' lang='grc' dir='ltr'>καιρὸς</span> <span class='ocrx_word' id='word_1_268' title='bbox 568 2326 803 2379; x_wconf 64' lang='grc' dir='ltr'>ἐνεδίδου</span> <span class='ocrx_word' id='word_1_269' title='bbox 830 2331 896 2388; x_wconf 81' lang='grc'>”.</span> <span class='ocrx_word' id='word_1_270' title='bbox 932 2325 1086 2392; x_wconf 75' lang='grc' dir='ltr'>αὖθις</span> <span class='ocrx_word' id='word_1_271' title='bbox 1121 2332 1177 2392; x_wconf 89' lang='grc' dir='ltr'><strong>ἐς</strong></span> <span class='ocrx_word' id='word_1_272' title='bbox 1228 2333 1428 2401; x_wconf 80' lang='grc' dir='ltr'>μέσους</span> <span class='ocrx_word' id='word_1_273' title='bbox 1464 2334 1591 2396; x_wconf 76' lang='grc' dir='ltr'>τοὺς</span> <span class='ocrx_word' id='word_1_274' title='bbox 1634 2333 1912 2394; x_wconf 78' lang='grc' dir='ltr'>ἐναντίους</span> 
     </span>
    </p>
   </div>
   <div class='ocr_carea' id='block_1_41' title="bbox 339 2414 1910 2493">
    <p class='ocr_par' dir='ltr' id='par_1_41' title="bbox 339 2414 1910 2493">
     <span class='ocr_line' id='line_1_41' title="bbox 339 2414 1910 2493; baseline 0.006 -29"><span class='ocrx_word' id='word_1_275' title='bbox 339 2414 526 2466; x_wconf 64' lang='grc' dir='ltr'>ἑαυτὸν</span> <span class='ocrx_word' id='word_1_276' title='bbox 562 2416 788 2485; x_wconf 80' lang='grc' dir='ltr'>ὠθήσας</span> <span class='ocrx_word' id='word_1_277' title='bbox 847 2421 1154 2491; x_wconf 81' lang='grc' dir='ltr'>μαχόμενος</span> <span class='ocrx_word' id='word_1_278' title='bbox 1211 2425 1373 2492; x_wconf 82' lang='grc' dir='ltr'>μέχρι</span> <span class='ocrx_word' id='word_1_279' title='bbox 1426 2423 1606 2493; x_wconf 76' lang='grc' dir='ltr'>δείλης</span> <span class='ocrx_word' id='word_1_280' title='bbox 1670 2423 1910 2492; x_wconf 80' lang='grc' dir='ltr'>ἑσπέρας</span> 
     </span>
    </p>
   </div>
   <div class='ocr_carea' id='block_1_42' title="bbox 338 2507 1908 2587">
    <p class='ocr_par' dir='ltr' id='par_1_42' title="bbox 338 2507 1908 2587">
     <span class='ocr_line' id='line_1_42' title="bbox 338 2507 1908 2587; baseline 0.007 -30"><span class='ocrx_word' id='word_1_281' title='bbox 338 2507 628 2575; x_wconf 77' lang='grc' dir='ltr'>ἀκλόνητος</span> <span class='ocrx_word' id='word_1_282' title='bbox 659 2510 865 2564; x_wconf 78' lang='grc' dir='ltr'>ἵστατο.</span> <span class='ocrx_word' id='word_1_283' title='bbox 912 2514 1095 2567; x_wconf 78' lang='grc' dir='ltr'>Ταῦτα</span> <span class='ocrx_word' id='word_1_284' title='bbox 1143 2516 1396 2587; x_wconf 79' lang='grc' dir='ltr'>ἀκηκοὼς</span> <span class='ocrx_word' id='word_1_285' title='bbox 1451 2516 1477 2567; x_wconf 83' lang='grc' dir='ltr'><strong>ὁ</strong></span> <span class='ocrx_word' id='word_1_286' title='bbox 1526 2516 1781 2585; x_wconf 81' lang='grc' dir='ltr'>βασιλεὺς</span> <span class='ocrx_word' id='word_1_287' title='bbox 1815 2517 1908 2568; x_wconf 76' lang='grc' dir='ltr'>καὶ</span> 
     </span>
    </p>
   </div>
   <div class='ocr_carea' id='block_1_43' title="bbox 339 2597 1906 2677">
    <p class='ocr_par' dir='ltr' id='par_1_43' title="bbox 339 2597 1906 2677">
     <span class='ocr_line' id='line_1_43' title="bbox 339 2597 1906 2677; baseline 0.007 -29"><span class='ocrx_word' id='word_1_288' title='bbox 339 2597 582 2666; x_wconf 72' lang='grc' dir='ltr'>διαγνοὺς</span> <span class='ocrx_word' id='word_1_289' title='bbox 610 2603 839 2673; x_wconf 69' lang='grc' dir='ltr'>ἀρωγῆς</span> <span class='ocrx_word' id='word_1_290' title='bbox 864 2608 1088 2677; x_wconf 77' lang='grc' dir='ltr'>ταχείας</span> <span class='ocrx_word' id='word_1_291' title='bbox 1119 2610 1307 2662; x_wconf 70' lang='grc' dir='ltr'>τοῦτον</span> <span class='ocrx_word' id='word_1_292' title='bbox 1332 2610 1560 2668; x_wconf 70' lang='grc' dir='ltr'>δεῖσθαι.</span> <span class='ocrx_word' id='word_1_293' title='bbox 1589 2609 1836 2676; x_wconf 82' lang='grc' dir='ltr'>ἐπέτειγε</span> <span class='ocrx_word' id='word_1_294' title='bbox 1860 2607 1906 2638; x_wconf 79' lang='grc'><strong>⁸³</strong></span> 
     </span>
    </p>
   </div>
   <div class='ocr_carea' id='block_1_44' title="bbox 2022 1965 3588 2036">
    <p class='ocr_par' dir='ltr' id='par_1_44' title="bbox 2022 1965 3588 2036">
     <span class='ocr_line' id='line_1_44' title="bbox 2022 1965 3588 2036; baseline 0.002 -20"><span class='ocrx_word' id='word_1_295' title='bbox 2022 1966 2213 2018; x_wconf 83' lang='lat' dir='ltr'><strong>chiuas</strong></span> <span class='ocrx_word' id='word_1_296' title='bbox 2242 1966 2500 2026; x_wconf 71' lang='lat' dir='ltr'><strong>murales,</strong></span> <span class='ocrx_word' id='word_1_297' title='bbox 2524 1966 2722 2034; x_wconf 79' lang='lat' dir='ltr'><strong>quibus</strong></span> <span class='ocrx_word' id='word_1_298' title='bbox 2748 1981 2868 2020; x_wconf 85' lang='lat' dir='ltr'><strong>cum</strong></span> <span class='ocrx_word' id='word_1_299' title='bbox 2899 1965 3233 2036; x_wconf 77' lang='lat' dir='ltr'><strong>Palacologus</strong></span> <span class='ocrx_word' id='word_1_300' title='bbox 3254 1983 3347 2034; x_wconf 85' lang='lat' dir='ltr'><strong>per</strong></span> <span class='ocrx_word' id='word_1_301' title='bbox 3373 1974 3588 2019; x_wconf 88' lang='lat' dir='ltr'><strong>noctem</strong></span> 
     </span>
    </p>
   </div>
   <div class='ocr_carea' id='block_1_45' title="bbox 2021 2055 3594 2124">
    <p class='ocr_par' dir='ltr' id='par_1_45' title="bbox 2021 2055 3594 2124">
     <span class='ocr_line' id='line_1_45' title="bbox 2021 2055 3594 2124; baseline -0.001 -16"><span class='ocrx_word' id='word_1_302' title='bbox 2021 2056 2271 2122; x_wconf 87' lang='lat' dir='ltr'><strong>diemque</strong></span> <span class='ocrx_word' id='word_1_303' title='bbox 2301 2056 2562 2109; x_wconf 77' lang='lat' dir='ltr'><strong>Continuo</strong></span> <span class='ocrx_word' id='word_1_304' title='bbox 2587 2071 2796 2108; x_wconf 90' lang='lat' dir='ltr'><strong>summa</strong></span> <span class='ocrx_word' id='word_1_305' title='bbox 2832 2055 2881 2108; x_wconf 90' lang='lat' dir='ltr'><strong>vi</strong></span> <span class='ocrx_word' id='word_1_306' title='bbox 2919 2055 3224 2110; x_wconf 82' lang='lat' dir='ltr'><strong>obstitisset</strong></span> <span class='ocrx_word' id='word_1_307' title='bbox 3251 2095 3264 2118; x_wconf 96' lang='lat'><strong>,</strong></span> <span class='ocrx_word' id='word_1_308' title='bbox 3298 2056 3594 2124; x_wconf 82' lang='lat' dir='ltr'><strong>desperan-</strong></span> 
     </span>
    </p>
   </div>
   <div class='ocr_carea' id='block_1_46' title="bbox 2021 2146 3591 2215">
    <p class='ocr_par' dir='ltr' id='par_1_46' title="bbox 2021 2146 3591 2215">
     <span class='ocr_line' id='line_1_46' title="bbox 2021 2146 3591 2215; baseline 0.001 -18"><span class='ocrx_word' id='word_1_309' title='bbox 2021 2155 2127 2198; x_wconf 89' lang='lat' dir='ltr'><strong>tem</strong></span> <span class='ocrx_word' id='word_1_310' title='bbox 2161 2147 2225 2198; x_wconf 86' lang='lat' dir='ltr'><strong>ad</strong></span> <span class='ocrx_word' id='word_1_311' title='bbox 2255 2154 2554 2198; x_wconf 75' lang='lat' dir='ltr'><strong>extremum</strong></span> <span class='ocrx_word' id='word_1_312' title='bbox 2595 2147 2698 2198; x_wconf 85' lang='lat' dir='ltr'><strong>isto</strong></span> <span class='ocrx_word' id='word_1_313' title='bbox 2738 2162 2935 2211; x_wconf 78' lang='lat' dir='ltr'><strong>genere</strong></span> <span class='ocrx_word' id='word_1_314' title='bbox 2965 2163 3158 2215; x_wconf 78' lang='lat' dir='ltr'><strong>pugnre</strong></span> <span class='ocrx_word' id='word_1_315' title='bbox 3191 2146 3408 2200; x_wconf 83' lang='lat' dir='ltr'><strong>vincere</strong></span> <span class='ocrx_word' id='word_1_316' title='bbox 3435 2187 3449 2210; x_wconf 91' lang='lat'><strong>,</strong></span> <span class='ocrx_word' id='word_1_317' title='bbox 3496 2162 3591 2214; x_wconf 90' lang='lat' dir='ltr'><strong>pa-</strong></span> 
     </span>
    </p>
   </div>
   <div class='ocr_carea' id='block_1_47' title="bbox 2021 2236 3590 2306">
    <p class='ocr_par' dir='ltr' id='par_1_47' title="bbox 2021 2236 3590 2306">
     <span class='ocr_line' id='line_1_47' title="bbox 2021 2236 3590 2306; baseline 0.003 -18"><span class='ocrx_word' id='word_1_318' title='bbox 2021 2237 2274 2290; x_wconf 81' lang='lat' dir='ltr'><strong>tefecisse</strong></span> <span class='ocrx_word' id='word_1_319' title='bbox 2304 2236 2455 2289; x_wconf 91' lang='lat' dir='ltr'><strong>urbis</strong></span> <span class='ocrx_word' id='word_1_320' title='bbox 2492 2247 2695 2302; x_wconf 87' lang='lat' dir='ltr'><strong>portas,</strong></span> <span class='ocrx_word' id='word_1_321' title='bbox 2732 2238 3069 2306; x_wconf 85' lang='lat' dir='ltr'><strong>irruisscque</strong></span> <span class='ocrx_word' id='word_1_322' title='bbox 3097 2239 3147 2291; x_wconf 93' lang='lat' dir='ltr'><strong>in</strong></span> <span class='ocrx_word' id='word_1_323' title='bbox 3181 2241 3366 2292; x_wconf 85' lang='lat' dir='ltr'><strong>hostes</strong></span> <span class='ocrx_word' id='word_1_324' title='bbox 3415 2247 3470 2292; x_wconf 90' lang='lat' dir='ltr'><strong>ut</strong></span> <span class='ocrx_word' id='word_1_325' title='bbox 3495 2253 3590 2292; x_wconf 88' lang='lat' dir='ltr'><strong>eos</strong></span> 
     </span>
    </p>
   </div>
   <div class='ocr_carea' id='block_1_48' title="bbox 2021 2328 3589 2400">
    <p class='ocr_par' dir='ltr' id='par_1_48' title="bbox 2021 2328 3589 2400">
     <span class='ocr_line' id='line_1_48' title="bbox 2021 2328 3589 2400; baseline 0.001 -18"><span class='ocrx_word' id='word_1_326' title='bbox 2021 2345 2048 2382; x_wconf 89' lang='lat' dir='ltr'><strong>a</strong></span> <span class='ocrx_word' id='word_1_327' title='bbox 2079 2328 2346 2381; x_wconf 84' lang='lat' dir='ltr'><strong>machinis</strong></span> <span class='ocrx_word' id='word_1_328' title='bbox 2379 2339 2669 2392; x_wconf 85' lang='lat' dir='ltr'><strong>averteret,</strong></span> <span class='ocrx_word' id='word_1_329' title='bbox 2701 2332 2985 2400; x_wconf 78' lang='lat' dir='ltr'><strong>atrorique</strong></span> <span class='ocrx_word' id='word_1_330' title='bbox 3012 2333 3196 2400; x_wconf 66' lang='lat' dir='ltr'><strong>praelia</strong></span> <span class='ocrx_word' id='word_1_331' title='bbox 3259 2333 3589 2398; x_wconf 88' lang='lat' dir='ltr'><strong>commisso,</strong></span> 
     </span>
    </p>
   </div>
   <div class='ocr_carea' id='block_1_49' title="bbox 2019 2422 3588 2489">
    <p class='ocr_par' dir='ltr' id='par_1_49' title="bbox 2019 2422 3588 2489">
     <span class='ocr_line' id='line_1_49' title="bbox 2019 2422 3588 2489; baseline -0.001 -15"><span class='ocrx_word' id='word_1_332' title='bbox 2019 2422 2254 2489; x_wconf 68' lang='lat' dir='ltr'><strong>graviter</strong></span> <span class='ocrx_word' id='word_1_333' title='bbox 2289 2423 2340 2475; x_wconf 88' lang='lat' dir='ltr'><strong>in</strong></span> <span class='ocrx_word' id='word_1_334' title='bbox 2381 2423 2550 2475; x_wconf 88' lang='lat' dir='ltr'><strong>variis</strong></span> <span class='ocrx_word' id='word_1_335' title='bbox 2585 2424 2830 2489; x_wconf 83' lang='lat' dir='ltr'><strong>corporis</strong></span> <span class='ocrx_word' id='word_1_336' title='bbox 2873 2424 3006 2477; x_wconf 90' lang='lat' dir='ltr'><strong>locis</strong></span> <span class='ocrx_word' id='word_1_337' title='bbox 3055 2425 3358 2478; x_wconf 89' lang='lat' dir='ltr'><strong>sauciatum</strong></span> <span class='ocrx_word' id='word_1_338' title='bbox 3417 2440 3537 2479; x_wconf 86' lang='lat' dir='ltr'><strong>esse</strong></span> <span class='ocrx_word' id='word_1_339' title='bbox 3570 2461 3588 2488; x_wconf 94' lang='lat'><strong>,</strong></span> 
     </span>
    </p>
   </div>
   <div class='ocr_carea' id='block_1_50' title="bbox 2019 2516 3587 2586">
    <p class='ocr_par' dir='ltr' id='par_1_50' title="bbox 2019 2516 3587 2586">
     <span class='ocr_line' id='line_1_50' title="bbox 2019 2516 3587 2586; baseline 0.004 -20"><span class='ocrx_word' id='word_1_340' title='bbox 2019 2517 2315 2583; x_wconf 66' lang='lat' dir='ltr'><strong>prmsertiiu</strong></span> <span class='ocrx_word' id='word_1_341' title='bbox 2347 2516 2486 2569; x_wconf 89' lang='lat' dir='ltr'><strong>circa</strong></span> <span class='ocrx_word' id='word_1_342' title='bbox 2519 2525 2760 2586; x_wconf 88' lang='lat' dir='ltr'><strong>tempora</strong></span> <span class='ocrx_word' id='word_1_343' title='bbox 2797 2518 2903 2570; x_wconf 91' lang='lat' dir='ltr'><strong>telo</strong></span> <span class='ocrx_word' id='word_1_344' title='bbox 2934 2518 3224 2584; x_wconf 81' lang='lat' dir='ltr'><strong>traiectum</strong></span> <span class='ocrx_word' id='word_1_345' title='bbox 3256 2559 3269 2579; x_wconf 90' lang='lat'><strong>,</strong></span> <span class='ocrx_word' id='word_1_346' title='bbox 3300 2520 3442 2586; x_wconf 88' lang='lat' dir='ltr'><strong>quod</strong></span> <span class='ocrx_word' id='word_1_347' title='bbox 3470 2519 3587 2585; x_wconf 83' lang='lat' dir='ltr'><strong>ipse</strong></span> 
     </span>
    </p>
   </div>
   <div class='ocr_carea' id='block_1_51' title="bbox 2016 2606 3592 2678">
    <p class='ocr_par' dir='ltr' id='par_1_51' title="bbox 2016 2606 3592 2678">
     <span class='ocr_line' id='line_1_51' title="bbox 2016 2606 3592 2678; baseline 0.001 -16"><span class='ocrx_word' id='word_1_348' title='bbox 2016 2617 2240 2662; x_wconf 81' lang='lat' dir='ltr'><strong>conatus</strong></span> <span class='ocrx_word' id='word_1_349' title='bbox 2275 2608 2473 2662; x_wconf 87' lang='lat' dir='ltr'><strong>vellere</strong></span> <span class='ocrx_word' id='word_1_350' title='bbox 2504 2622 2625 2661; x_wconf 88' lang='lat' dir='ltr'><strong>cum</strong></span> <span class='ocrx_word' id='word_1_351' title='bbox 2660 2625 2762 2661; x_wconf 90' lang='lat' dir='ltr'><strong>non</strong></span> <span class='ocrx_word' id='word_1_352' title='bbox 2806 2606 3105 2678; x_wconf 87' lang='lat' dir='ltr'><strong>potuisset,</strong></span> <span class='ocrx_word' id='word_1_353' title='bbox 3162 2611 3423 2665; x_wconf 85' lang='lat' dir='ltr'><strong>advoeato</strong></span> <span class='ocrx_word' id='word_1_354' title='bbox 3473 2610 3592 2665; x_wconf 81' lang='lat' dir='ltr'><strong>chi-</strong></span> 
     </span>
    </p>
   </div>
   <div class='ocr_carea' id='block_1_52' title="bbox 1376 2723 2510 2788">
    <p class='ocr_par' dir='ltr' id='par_1_52' title="bbox 1376 2723 2510 2788">
     <span class='ocr_line' id='line_1_52' title="bbox 1376 2723 2510 2788; baseline -0.002 -2"><span class='ocrx_word' id='word_1_355' title='bbox 1376 2731 1574 2788; x_wconf 69' lang='lat' dir='ltr'><strong>Varim</strong></span> <span class='ocrx_word' id='word_1_356' title='bbox 1622 2727 1924 2788; x_wconf 86' lang='lat' dir='ltr'><strong>lectiones</strong></span> <span class='ocrx_word' id='word_1_357' title='bbox 1955 2743 2030 2786; x_wconf 76' lang='lat' dir='ltr'><strong>ex</strong></span> <span class='ocrx_word' id='word_1_358' title='bbox 2055 2725 2198 2785; x_wconf 88' lang='lat' dir='ltr'><strong>cod.</strong></span> <span class='ocrx_word' id='word_1_359' title='bbox 2238 2723 2510 2784; x_wconf 89' lang='lat' dir='ltr'><strong>Coislin.</strong></span> 
     </span>
    </p>
   </div>
   <div class='ocr_carea' id='block_1_53' title="bbox 405 2823 1823 2900">
    <p class='ocr_par' dir='ltr' id='par_1_53' title="bbox 405 2823 1823 2900">
     <span class='ocr_line' id='line_1_53' title="bbox 405 2823 1823 2900; baseline -0.008 -7"><span class='ocrx_word' id='word_1_360' title='bbox 405 2823 444 2856; x_wconf 67' lang='grc'><strong>²⁷</strong></span> <span class='ocrx_word' id='word_1_361' title='bbox 465 2827 813 2895; x_wconf 68' lang='grc' dir='ltr'>φριῖγικῶν.</span> <span class='ocrx_word' id='word_1_362' title='bbox 892 2831 936 2861; x_wconf 78' lang='grc'><strong>³⁸</strong></span> <span class='ocrx_word' id='word_1_363' title='bbox 965 2830 1474 2900; x_wconf 76' lang='grc' dir='ltr'>Οὑμπερτόπουλος.</span> <span class='ocrx_word' id='word_1_364' title='bbox 1555 2832 1596 2862; x_wconf 87' lang='grc'><strong>¹⁹</strong></span> <span class='ocrx_word' id='word_1_365' title='bbox 1620 2829 1823 2899; x_wconf 75' lang='grc' dir='ltr'>λαχών.</span> 
     </span>
    </p>
   </div>
   <div class='ocr_carea' id='block_1_54' title="bbox 1899 2826 2187 2880">
    <p class='ocr_par' dir='ltr' id='par_1_54' title="bbox 1899 2826 2187 2880">
     <span class='ocr_line' id='line_1_54' title="bbox 1899 2826 2187 2880; baseline -0.01 0"><span class='ocrx_word' id='word_1_366' title='bbox 1899 2829 1944 2860; x_wconf 81' lang='grc'><strong>²⁴³</strong></span> <span class='ocrx_word' id='word_1_367' title='bbox 1985 2826 2187 2880; x_wconf 81' lang='grc' dir='ltr'>αὐτῶν.</span> 
     </span>
    </p>
   </div>
   <div class='ocr_carea' id='block_1_55' title="bbox 2263 2826 3418 2894">
    <p class='ocr_par' dir='ltr' id='par_1_55' title="bbox 2263 2826 3418 2894">
     <span class='ocr_line' id='line_1_55' title="bbox 2263 2826 3418 2894; baseline 0.008 -18"><span class='ocrx_word' id='word_1_368' title='bbox 2263 2827 2304 2857; x_wconf 77' lang='grc' dir='ltr'>ἰ</span> <span class='ocrx_word' id='word_1_369' title='bbox 2341 2826 2658 2894; x_wconf 82' lang='grc' dir='ltr'>συνέστησε.</span> <span class='ocrx_word' id='word_1_370' title='bbox 2735 2829 2778 2859; x_wconf 82' lang='grc'><strong>³¹</strong></span> <span class='ocrx_word' id='word_1_371' title='bbox 2807 2827 3000 2881; x_wconf 83' lang='grc' dir='ltr'>ἐδίδου.</span> <span class='ocrx_word' id='word_1_372' title='bbox 3079 2830 3123 2860; x_wconf 74' lang='grc'><strong>’³</strong></span> <span class='ocrx_word' id='word_1_373' title='bbox 3153 2831 3418 2885; x_wconf 78' lang='grc' dir='ltr'>ἐπέτεινε.</span> 
     </span>
    </p>
   </div>
   <div class='ocr_carea' id='block_1_56' title="bbox 1363 2963 2464 3041">
    <p class='ocr_par' dir='ltr' id='par_1_56' title="bbox 1363 2963 2464 3041">
     <span class='ocr_line' id='line_1_56' title="bbox 1363 2963 2464 3041; baseline -0.005 -13"><span class='ocrx_word' id='word_1_374' title='bbox 1363 2968 1502 3028; x_wconf 85' lang='lat' dir='ltr'><strong>Car.</strong></span> <span class='ocrx_word' id='word_1_375' title='bbox 1552 2966 1874 3028; x_wconf 84' lang='lat' dir='ltr'><strong>Dufresuii</strong></span> <span class='ocrx_word' id='word_1_376' title='bbox 1903 2965 2001 3026; x_wconf 87' lang='lat' dir='ltr'><strong>Du</strong></span> <span class='ocrx_word' id='word_1_377' title='bbox 2027 2963 2248 3041; x_wconf 79' lang='lat' dir='ltr'><strong>Cangii</strong></span> <span class='ocrx_word' id='word_1_378' title='bbox 2278 2971 2464 3026; x_wconf 68' lang='lat' dir='ltr'><strong>uotre.</strong></span> 
     </span>
    </p>
   </div>
   <div class='ocr_carea' id='block_1_57' title="bbox 348 3093 1910 3161">
    <p class='ocr_par' dir='ltr' id='par_1_57' title="bbox 348 3093 1910 3161">
     <span class='ocr_line' id='line_1_57' title="bbox 348 3093 1910 3161; baseline 0.002 -17"><span class='ocrx_word' id='word_1_379' title='bbox 348 3095 493 3145; x_wconf 78' lang='lat' dir='ltr'><strong>etiam</strong></span> <span class='ocrx_word' id='word_1_380' title='bbox 547 3095 756 3147; x_wconf 81' lang='lat' dir='ltr'><strong>subditi</strong></span> <span class='ocrx_word' id='word_1_381' title='bbox 783 3096 882 3158; x_wconf 84' lang='lat' dir='ltr'><strong>ipsi</strong></span> <span class='ocrx_word' id='word_1_382' title='bbox 915 3095 1053 3148; x_wconf 85' lang='lat' dir='ltr'><strong>bene</strong></span> <span class='ocrx_word' id='word_1_383' title='bbox 1082 3095 1148 3149; x_wconf 92' lang='lat' dir='ltr'><strong>de</strong></span> <span class='ocrx_word' id='word_1_384' title='bbox 1171 3099 1500 3161; x_wconf 78' lang='lat' dir='ltr'><strong>imperatore</strong></span> <span class='ocrx_word' id='word_1_385' title='bbox 1529 3095 1727 3149; x_wconf 86' lang='lat' dir='ltr'><strong>meriti.</strong></span> <span class='ocrx_word' id='word_1_386' title='bbox 1757 3093 1910 3147; x_wconf 87' lang='lat' dir='ltr'><strong>Unde</strong></span> 
     </span>
    </p>
   </div>
   <div class='ocr_carea' id='block_1_58' title="bbox 349 3165 1907 3232">
    <p class='ocr_par' dir='ltr' id='par_1_58' title="bbox 349 3165 1907 3232">
     <span class='ocr_line' id='line_1_58' title="bbox 349 3165 1907 3232; baseline 0.002 -18"><span class='ocrx_word' id='word_1_387' title='bbox 349 3175 479 3214; x_wconf 74' lang='lat' dir='ltr'><strong>recte</strong></span> <span class='ocrx_word' id='word_1_388' title='bbox 509 3165 778 3218; x_wconf 83' lang='lat' dir='ltr'><strong>observat</strong></span> <span class='ocrx_word' id='word_1_389' title='bbox 807 3165 1068 3226; x_wconf 67' lang='lat' dir='ltr'><strong>Cuiacius</strong></span> <span class='ocrx_word' id='word_1_390' title='bbox 1101 3166 1422 3220; x_wconf 86' lang='lat' dir='ltr'><strong>thesaurum</strong></span> <span class='ocrx_word' id='word_1_391' title='bbox 1471 3165 1907 3232; x_wconf 86' lang='lat' dir='ltr'><strong>imperatorium.</strong></span> 
     </span>
    </p>
   </div>
   <div class='ocr_carea' id='block_1_59' title="bbox 346 3235 1914 3301">
    <p class='ocr_par' dir='ltr' id='par_1_59' title="bbox 346 3235 1914 3301">
     <span class='ocr_line' id='line_1_59' title="bbox 346 3235 1914 3301; baseline 0 -17"><span class='ocrx_word' id='word_1_392' title='bbox 346 3235 674 3298; x_wconf 80' lang='lat' dir='ltr'><strong>largitiones.</strong></span> <span class='ocrx_word' id='word_1_393' title='bbox 710 3235 1080 3301; x_wconf 88' lang='lat' dir='ltr'><strong>appellatum.</strong></span> <span class='ocrx_word' id='word_1_394' title='bbox 1115 3246 1166 3288; x_wconf 80' lang='lat' dir='ltr'><strong>et</strong></span> <span class='ocrx_word' id='word_1_395' title='bbox 1223 3236 1538 3300; x_wconf 69' lang='lat' dir='ltr'><strong>dignitatem</strong></span> <span class='ocrx_word' id='word_1_396' title='bbox 1596 3235 1768 3300; x_wconf 90' lang='lat' dir='ltr'><strong>ipsam</strong></span> <span class='ocrx_word' id='word_1_397' title='bbox 1822 3249 1914 3284; x_wconf 86' lang='lat' dir='ltr'><strong>co-</strong></span> 
     </span>
    </p>
   </div>
   <div class='ocr_carea' id='block_1_60' title="bbox 346 3304 1908 3373">
    <p class='ocr_par' dir='ltr' id='par_1_60' title="bbox 346 3304 1908 3373">
     <span class='ocr_line' id='line_1_60' title="bbox 346 3304 1908 3373; baseline -0.001 -18"><span class='ocrx_word' id='word_1_398' title='bbox 346 3305 480 3356; x_wconf 84' lang='lat' dir='ltr'><strong>mitis</strong></span> <span class='ocrx_word' id='word_1_399' title='bbox 515 3319 801 3357; x_wconf 81' lang='lat' dir='ltr'><strong>Sacrarum</strong></span> <span class='ocrx_word' id='word_1_400' title='bbox 841 3304 1187 3372; x_wconf 74' lang='lat' dir='ltr'><strong>largitionum</strong></span> <span class='ocrx_word' id='word_1_401' title='bbox 1215 3306 1574 3357; x_wconf 75' lang='lat' dir='ltr'><strong>munerarium</strong></span> <span class='ocrx_word' id='word_1_402' title='bbox 1605 3305 1908 3373; x_wconf 76' lang='lat' dir='ltr'><strong>dignitatem</strong></span> 
     </span>
    </p>
   </div>
   <div class='ocr_carea' id='block_1_61' title="bbox 343 3374 1910 3440">
    <p class='ocr_par' dir='ltr' id='par_1_61' title="bbox 343 3374 1910 3440">
     <span class='ocr_line' id='line_1_61' title="bbox 343 3374 1910 3440; baseline 0 -15"><span class='ocrx_word' id='word_1_403' title='bbox 343 3389 371 3425; x_wconf 83' lang='lat' dir='ltr'><strong>a</strong></span> <span class='ocrx_word' id='word_1_404' title='bbox 400 3374 684 3428; x_wconf 82' lang='lat' dir='ltr'><strong>Senatore.</strong></span> <span class='ocrx_word' id='word_1_405' title='bbox 732 3375 827 3426; x_wconf 87' lang='lat' dir='ltr'><strong>lib.</strong></span> <span class='ocrx_word' id='word_1_406' title='bbox 861 3391 936 3434; x_wconf 87' lang='lat' dir='ltr'><strong>vt,</strong></span> <span class='ocrx_word' id='word_1_407' title='bbox 969 3376 1132 3438; x_wconf 88' lang='lat' dir='ltr'><strong>epist.</strong></span> <span class='ocrx_word' id='word_1_408' title='bbox 1163 3375 1222 3430; x_wconf 87' lang='grc'>7.</span> <span class='ocrx_word' id='word_1_409' title='bbox 1251 3375 1450 3427; x_wconf 84' lang='lat' dir='ltr'><strong>dictam</strong></span> <span class='ocrx_word' id='word_1_410' title='bbox 1481 3414 1495 3431; x_wconf 83' lang='lat'><strong>.</strong></span> <span class='ocrx_word' id='word_1_411' title='bbox 1528 3377 1682 3440; x_wconf 85' lang='lat' dir='ltr'><strong>quasi</strong></span> <span class='ocrx_word' id='word_1_412' title='bbox 1724 3389 1910 3425; x_wconf 89' lang='lat' dir='ltr'><strong>mune-</strong></span> 
     </span>
    </p>
   </div>
   <div class='ocr_carea' id='block_1_62' title="bbox 343 3443 1909 3505">
    <p class='ocr_par' dir='ltr' id='par_1_62' title="bbox 343 3443 1909 3505">
     <span class='ocr_line' id='line_1_62' title="bbox 343 3443 1909 3505; baseline 0.001 -10"><span class='ocrx_word' id='word_1_413' title='bbox 343 3445 490 3495; x_wconf 83' lang='lat' dir='ltr'><strong>ribus</strong></span> <span class='ocrx_word' id='word_1_414' title='bbox 555 3445 910 3505; x_wconf 85' lang='lat' dir='ltr'><strong>potissimum</strong></span> <span class='ocrx_word' id='word_1_415' title='bbox 974 3453 1027 3496; x_wconf 88' lang='lat' dir='ltr'><strong>et</strong></span> <span class='ocrx_word' id='word_1_416' title='bbox 1089 3444 1515 3497; x_wconf 82' lang='lat' dir='ltr'><strong>liberalitatibus</strong></span> <span class='ocrx_word' id='word_1_417' title='bbox 1589 3443 1909 3496; x_wconf 78' lang='lat' dir='ltr'><strong>exercendis</strong></span> 
     </span>
    </p>
   </div>
   <div class='ocr_carea' id='block_1_63' title="bbox 343 3511 1911 3579">
    <p class='ocr_par' dir='ltr' id='par_1_63' title="bbox 343 3511 1911 3579">
     <span class='ocr_line' id='line_1_63' title="bbox 343 3511 1911 3579; baseline 0.001 -15"><span class='ocrx_word' id='word_1_418' title='bbox 343 3511 581 3565; x_wconf 78' lang='lat' dir='ltr'><strong>thesauri</strong></span> <span class='ocrx_word' id='word_1_419' title='bbox 610 3514 827 3579; x_wconf 86' lang='lat' dir='ltr'><strong>imperii</strong></span> <span class='ocrx_word' id='word_1_420' title='bbox 863 3514 1062 3566; x_wconf 84' lang='lat' dir='ltr'><strong>addicti</strong></span> <span class='ocrx_word' id='word_1_421' title='bbox 1103 3515 1230 3568; x_wconf 86' lang='lat' dir='ltr'><strong>sint.</strong></span> <span class='ocrx_word' id='word_1_422' title='bbox 1286 3512 1388 3564; x_wconf 88' lang='lat' dir='ltr'><strong>Sed</strong></span> <span class='ocrx_word' id='word_1_423' title='bbox 1440 3520 1493 3564; x_wconf 88' lang='lat' dir='ltr'><strong>et</strong></span> <span class='ocrx_word' id='word_1_424' title='bbox 1543 3514 1697 3566; x_wconf 77' lang='lat' dir='ltr'><strong>vestis</strong></span> <span class='ocrx_word' id='word_1_425' title='bbox 1743 3528 1911 3566; x_wconf 69' lang='lat' dir='ltr'><strong>sacra?</strong></span> 
     </span>
    </p>
   </div>
   <div class='ocr_carea' id='block_1_64' title="bbox 342 3581 1909 3646">
    <p class='ocr_par' dir='ltr' id='par_1_64' title="bbox 342 3581 1909 3646">
     <span class='ocr_line' id='line_1_64' title="bbox 342 3581 1909 3646; baseline 0.002 -15"><span class='ocrx_word' id='word_1_426' title='bbox 342 3598 524 3634; x_wconf 81' lang='lat' dir='ltr'><strong>rutam</strong></span> <span class='ocrx_word' id='word_1_427' title='bbox 564 3598 733 3646; x_wconf 77' lang='lat' dir='ltr'><strong>penes</strong></span> <span class='ocrx_word' id='word_1_428' title='bbox 769 3585 1022 3636; x_wconf 84' lang='lat' dir='ltr'><strong>comitem</strong></span> <span class='ocrx_word' id='word_1_429' title='bbox 1056 3599 1335 3636; x_wconf 84' lang='lat' dir='ltr'><strong>sacrarum</strong></span> <span class='ocrx_word' id='word_1_430' title='bbox 1367 3583 1713 3643; x_wconf 67' lang='lat' dir='ltr'><strong>largitionum</strong></span> <span class='ocrx_word' id='word_1_431' title='bbox 1739 3581 1909 3634; x_wconf 77' lang='lat' dir='ltr'><strong>fuisse</strong></span> 
     </span>
    </p>
   </div>
   <div class='ocr_carea' id='block_1_65' title="bbox 342 3651 1914 3719">
    <p class='ocr_par' dir='ltr' id='par_1_65' title="bbox 342 3651 1914 3719">
     <span class='ocr_line' id='line_1_65' title="bbox 342 3651 1914 3719; baseline 0.003 -19"><span class='ocrx_word' id='word_1_432' title='bbox 342 3653 568 3704; x_wconf 80' lang='lat' dir='ltr'><strong>adnotat</strong></span> <span class='ocrx_word' id='word_1_433' title='bbox 605 3653 747 3703; x_wconf 84' lang='lat' dir='ltr'><strong>idem</strong></span> <span class='ocrx_word' id='word_1_434' title='bbox 783 3654 1017 3705; x_wconf 85' lang='lat' dir='ltr'><strong>Senator</strong></span> <span class='ocrx_word' id='word_1_435' title='bbox 1047 3694 1061 3714; x_wconf 90' lang='lat'><strong>,</strong></span> <span class='ocrx_word' id='word_1_436' title='bbox 1109 3653 1368 3714; x_wconf 83' lang='lat' dir='ltr'><strong>additque</strong></span> <span class='ocrx_word' id='word_1_437' title='bbox 1401 3669 1414 3704; x_wconf 90' lang='lat'><strong>:</strong></span> <span class='ocrx_word' id='word_1_438' title='bbox 1444 3651 1711 3719; x_wconf 79' lang='lat' dir='ltr'><strong>Quidquid</strong></span> <span class='ocrx_word' id='word_1_439' title='bbox 1741 3653 1794 3703; x_wconf 88' lang='lat' dir='ltr'><strong>in</strong></span> <span class='ocrx_word' id='word_1_440' title='bbox 1828 3668 1914 3704; x_wconf 83' lang='lat' dir='ltr'><strong>ve-</strong></span> 
     </span>
    </p>
   </div>
   <div class='ocr_carea' id='block_1_66' title="bbox 340 3721 1912 3789">
    <p class='ocr_par' dir='ltr' id='par_1_66' title="bbox 340 3721 1912 3789">
     <span class='ocr_line' id='line_1_66' title="bbox 340 3721 1912 3789; baseline 0 -16"><span class='ocrx_word' id='word_1_441' title='bbox 340 3723 526 3781; x_wconf 82' lang='lat' dir='ltr'><strong>stibus.</strong></span> <span class='ocrx_word' id='word_1_442' title='bbox 551 3721 804 3786; x_wconf 81' lang='lat' dir='ltr'><strong>quidquid</strong></span> <span class='ocrx_word' id='word_1_443' title='bbox 836 3725 886 3772; x_wconf 84' lang='lat' dir='ltr'><strong>in</strong></span> <span class='ocrx_word' id='word_1_444' title='bbox 925 3741 952 3771; x_wconf 77' lang='grc' dir='ltr'><em>η</em></span> <span class='ocrx_word' id='word_1_445' title='bbox 971 3740 1028 3774; x_wconf 87' lang='lat' dir='ltr'><strong>re</strong></span> <span class='ocrx_word' id='word_1_446' title='bbox 1057 3763 1067 3775; x_wconf 84' lang='lat'><strong>.</strong></span> <span class='ocrx_word' id='word_1_447' title='bbox 1095 3723 1345 3789; x_wconf 83' lang='lat' dir='ltr'><strong>quidquid</strong></span> <span class='ocrx_word' id='word_1_448' title='bbox 1381 3722 1432 3772; x_wconf 87' lang='lat' dir='ltr'><strong>in</strong></span> <span class='ocrx_word' id='word_1_449' title='bbox 1467 3732 1682 3787; x_wconf 82' lang='lat' dir='ltr'><strong>argento</strong></span> <span class='ocrx_word' id='word_1_450' title='bbox 1711 3762 1723 3779; x_wconf 83' lang='lat'><strong>.</strong></span> <span class='ocrx_word' id='word_1_451' title='bbox 1758 3722 1912 3788; x_wconf 88' lang='lat' dir='ltr'><strong>quid-</strong></span> 
     </span>
    </p>
   </div>
   <div class='ocr_carea' id='block_1_67' title="bbox 339 3791 1912 3858">
    <p class='ocr_par' dir='ltr' id='par_1_67' title="bbox 339 3791 1912 3858">
     <span class='ocr_line' id='line_1_67' title="bbox 339 3791 1912 3858; baseline 0 -15"><span class='ocrx_word' id='word_1_452' title='bbox 339 3792 463 3858; x_wconf 82' lang='lat' dir='ltr'><strong>quid</strong></span> <span class='ocrx_word' id='word_1_453' title='bbox 492 3792 543 3842; x_wconf 83' lang='lat' dir='ltr'><strong>in</strong></span> <span class='ocrx_word' id='word_1_454' title='bbox 569 3793 783 3854; x_wconf 77' lang='lat' dir='ltr'><strong>gemmis</strong></span> <span class='ocrx_word' id='word_1_455' title='bbox 803 3792 1022 3844; x_wconf 83' lang='lat' dir='ltr'><strong>ambitio</strong></span> <span class='ocrx_word' id='word_1_456' title='bbox 1055 3794 1284 3845; x_wconf 85' lang='lat' dir='ltr'><strong>humana</strong></span> <span class='ocrx_word' id='word_1_457' title='bbox 1316 3803 1478 3856; x_wconf 79' lang='lat' dir='ltr'><strong>potest</strong></span> <span class='ocrx_word' id='word_1_458' title='bbox 1510 3791 1700 3844; x_wconf 87' lang='lat' dir='ltr'><strong>habere</strong></span> <span class='ocrx_word' id='word_1_459' title='bbox 1719 3793 1912 3856; x_wconf 80' lang='lat' dir='ltr'><strong>pretio-</strong></span> 
     </span>
    </p>
   </div>
   <div class='ocr_carea' id='block_1_68' title="bbox 341 3860 1910 3928">
    <p class='ocr_par' dir='ltr' id='par_1_68' title="bbox 341 3860 1910 3928">
     <span class='ocr_line' id='line_1_68' title="bbox 341 3860 1910 3928; baseline 0.003 -18"><span class='ocrx_word' id='word_1_460' title='bbox 341 3878 453 3912; x_wconf 81' lang='lat' dir='ltr'><strong>sum</strong></span> <span class='ocrx_word' id='word_1_461' title='bbox 484 3900 498 3921; x_wconf 89' lang='lat'><strong>,</strong></span> <span class='ocrx_word' id='word_1_462' title='bbox 536 3860 684 3912; x_wconf 88' lang='lat' dir='ltr'><strong>illius</strong></span> <span class='ocrx_word' id='word_1_463' title='bbox 709 3862 1127 3914; x_wconf 76' lang='lat' dir='ltr'><strong>ordinationibus</strong></span> <span class='ocrx_word' id='word_1_464' title='bbox 1161 3862 1556 3915; x_wconf 78' lang='lat' dir='ltr'><strong>obsecundasse.</strong></span> <span class='ocrx_word' id='word_1_465' title='bbox 1590 3860 1692 3924; x_wconf 87' lang='lat' dir='ltr'><strong>Qui</strong></span> <span class='ocrx_word' id='word_1_466' title='bbox 1748 3861 1910 3928; x_wconf 81' lang='lat' dir='ltr'><strong>igitur</strong></span> 
     </span>
    </p>
   </div>
   <div class='ocr_carea' id='block_1_69' title="bbox 343 3930 1910 3993">
    <p class='ocr_par' dir='ltr' id='par_1_69' title="bbox 343 3930 1910 3993">
     <span class='ocr_line' id='line_1_69' title="bbox 343 3930 1910 3993; baseline 0.001 -13"><span class='ocrx_word' id='word_1_467' title='bbox 343 3932 470 3981; x_wconf 85' lang='lat' dir='ltr'><strong>olim</strong></span> <span class='ocrx_word' id='word_1_468' title='bbox 508 3944 697 3981; x_wconf 81' lang='lat' dir='ltr'><strong>eomes</strong></span> <span class='ocrx_word' id='word_1_469' title='bbox 732 3945 1016 3984; x_wconf 81' lang='lat' dir='ltr'><strong>sat-rarum</strong></span> <span class='ocrx_word' id='word_1_470' title='bbox 1050 3930 1424 3989; x_wconf 67' lang='lat' dir='ltr'><strong>largitionum.</strong></span> <span class='ocrx_word' id='word_1_471' title='bbox 1455 3938 1642 3993; x_wconf 84' lang='lat' dir='ltr'><strong>postea</strong></span> <span class='ocrx_word' id='word_1_472' title='bbox 1669 3969 1685 3989; x_wconf 85' lang='lat'><strong>,</strong></span> <span class='ocrx_word' id='word_1_473' title='bbox 1741 3944 1770 3981; x_wconf 89' lang='lat' dir='ltr'><strong>a</strong></span> <span class='ocrx_word' id='word_1_474' title='bbox 1818 3945 1910 3981; x_wconf 85' lang='lat' dir='ltr'><strong>ve-</strong></span> 
     </span>
    </p>
   </div>
   <div class='ocr_carea' id='block_1_70' title="bbox 341 3999 1907 4068">
    <p class='ocr_par' dir='ltr' id='par_1_70' title="bbox 341 3999 1907 4068">
     <span class='ocr_line' id='line_1_70' title="bbox 341 3999 1907 4068; baseline -0.002 -16"><span class='ocrx_word' id='word_1_475' title='bbox 341 3999 552 4054; x_wconf 71' lang='lat' dir='ltr'><strong>siiario.</strong></span> <span class='ocrx_word' id='word_1_476' title='bbox 583 4015 679 4051; x_wconf 84' lang='lat' dir='ltr'><strong>Seu</strong></span> <span class='ocrx_word' id='word_1_477' title='bbox 713 4001 928 4060; x_wconf 58' lang='lat' dir='ltr'><strong>a‘rario,</strong></span> <span class='ocrx_word' id='word_1_478' title='bbox 958 3999 1496 4068; x_wconf 63' lang='grc' dir='ltr'>πρωτοϐεστιαρίεης</span> <span class='ocrx_word' id='word_1_479' title='bbox 1555 3999 1737 4068; x_wconf 76' lang='lat' dir='ltr'><strong>dictus</strong></span> <span class='ocrx_word' id='word_1_480' title='bbox 1786 4005 1867 4068; x_wconf 83' lang='lat' dir='ltr'><strong>est</strong></span> <span class='ocrx_word' id='word_1_481' title='bbox 1892 4038 1907 4059; x_wconf 87' lang='lat'><strong>,</strong></span> 
     </span>
    </p>
   </div>
   <div class='ocr_carea' id='block_1_71' title="bbox 344 4065 1904 4138">
    <p class='ocr_par' dir='ltr' id='par_1_71' title="bbox 344 4065 1904 4138">
     <span class='ocr_line' id='line_1_71' title="bbox 344 4065 1904 4138; baseline -0.001 -18"><span class='ocrx_word' id='word_1_482' title='bbox 344 4069 446 4120; x_wconf 82' lang='lat' dir='ltr'><strong>sub</strong></span> <span class='ocrx_word' id='word_1_483' title='bbox 481 4083 589 4130; x_wconf 88' lang='lat' dir='ltr'><strong>quo</strong></span> <span class='ocrx_word' id='word_1_484' title='bbox 617 4079 775 4120; x_wconf 85' lang='lat' dir='ltr'><strong>erant</strong></span> <span class='ocrx_word' id='word_1_485' title='bbox 815 4065 1178 4138; x_wconf 80' lang='grc' dir='ltr'>βεστιαρῖται,</span> <span class='ocrx_word' id='word_1_486' title='bbox 1216 4087 1310 4124; x_wconf 72' lang='lat' dir='ltr'><strong>seu</strong></span> <span class='ocrx_word' id='word_1_487' title='bbox 1341 4065 1552 4121; x_wconf 73' lang='lat' dir='ltr'><strong>nobiles</strong></span> <span class='ocrx_word' id='word_1_488' title='bbox 1583 4083 1647 4119; x_wconf 73' lang='lat' dir='ltr'><strong>ex</strong></span> <span class='ocrx_word' id='word_1_489' title='bbox 1702 4065 1904 4119; x_wconf 78' lang='lat' dir='ltr'><strong>familia</strong></span> 
     </span>
    </p>
   </div>
   <div class='ocr_carea' id='block_1_72' title="bbox 346 4138 1911 4206">
    <p class='ocr_par' dir='ltr' id='par_1_72' title="bbox 346 4138 1911 4206">
     <span class='ocr_line' id='line_1_72' title="bbox 346 4138 1911 4206; baseline -0.001 -17"><span class='ocrx_word' id='word_1_490' title='bbox 346 4138 697 4203; x_wconf 83' lang='lat' dir='ltr'><strong>imperatoris</strong></span> <span class='ocrx_word' id='word_1_491' title='bbox 725 4139 933 4194; x_wconf 78' lang='lat' dir='ltr'><strong>selecti.</strong></span> <span class='ocrx_word' id='word_1_492' title='bbox 969 4141 1059 4206; x_wconf 87' lang='lat' dir='ltr'><strong>qui</strong></span> <span class='ocrx_word' id='word_1_493' title='bbox 1107 4141 1356 4193; x_wconf 82' lang='lat' dir='ltr'><strong>vestibus</strong></span> <span class='ocrx_word' id='word_1_494' title='bbox 1413 4139 1734 4200; x_wconf 71' lang='lat' dir='ltr'><strong>eaeterisque</strong></span> <span class='ocrx_word' id='word_1_495' title='bbox 1792 4152 1911 4187; x_wconf 87' lang='lat' dir='ltr'><strong>tnu-</strong></span> 
     </span>
    </p>
   </div>
   <div class='ocr_carea' id='block_1_73' title="bbox 348 4206 1907 4274">
    <p class='ocr_par' dir='ltr' id='par_1_73' title="bbox 348 4206 1907 4274">
     <span class='ocr_line' id='line_1_73' title="bbox 348 4206 1907 4274; baseline 0 -15"><span class='ocrx_word' id='word_1_496' title='bbox 348 4209 574 4261; x_wconf 87' lang='lat' dir='ltr'><strong>neribus</strong></span> <span class='ocrx_word' id='word_1_497' title='bbox 627 4208 693 4259; x_wconf 82' lang='lat' dir='ltr'><strong>ad</strong></span> <span class='ocrx_word' id='word_1_498' title='bbox 760 4209 1034 4274; x_wconf 88' lang='lat' dir='ltr'><strong>principes</strong></span> <span class='ocrx_word' id='word_1_499' title='bbox 1060 4209 1384 4262; x_wconf 78' lang='lat' dir='ltr'><strong>&#39;defereudis</strong></span> <span class='ocrx_word' id='word_1_500' title='bbox 1442 4206 1907 4270; x_wconf 83' lang='lat' dir='ltr'><strong>destinabantur;</strong></span> 
     </span>
    </p>
   </div>
   <div class='ocr_carea' id='block_1_74' title="bbox 349 4277 1906 4348">
    <p class='ocr_par' dir='ltr' id='par_1_74' title="bbox 349 4277 1906 4348">
     <span class='ocr_line' id='line_1_74' title="bbox 349 4277 1906 4348; baseline 0.001 -21"><span class='ocrx_word' id='word_1_501' title='bbox 349 4278 515 4348; x_wconf 72' lang='lat' dir='ltr'><strong>cujus</strong></span> <span class='ocrx_word' id='word_1_502' title='bbox 537 4277 823 4342; x_wconf 73' lang='lat' dir='ltr'><strong>dignitatis</strong></span> <span class='ocrx_word' id='word_1_503' title='bbox 855 4280 1100 4348; x_wconf 82' lang='lat' dir='ltr'><strong>meminit</strong></span> <span class='ocrx_word' id='word_1_504' title='bbox 1134 4279 1522 4348; x_wconf 13' lang='lat' dir='ltr'><strong>Pachymﬁeres.</strong></span> <span class='ocrx_word' id='word_1_505' title='bbox 1555 4277 1646 4348; x_wconf 84' lang='lat' dir='ltr'><strong>lib.</strong></span> <span class='ocrx_word' id='word_1_506' title='bbox 1686 4291 1698 4327; x_wconf 93' lang='grc' dir='ltr'><strong>ι</strong></span> <span class='ocrx_word' id='word_1_507' title='bbox 1730 4315 1744 4335; x_wconf 86' lang='lat'><strong>,</strong></span> <span class='ocrx_word' id='word_1_508' title='bbox 1787 4290 1906 4348; x_wconf 80' lang='lat' dir='ltr'><strong>cap.</strong></span> 
     </span>
    </p>
   </div>
   <div class='ocr_carea' id='block_1_75' title="bbox 344 4345 1909 4416">
    <p class='ocr_par' dir='ltr' id='par_1_75' title="bbox 344 4345 1909 4416">
     <span class='ocr_line' id='line_1_75' title="bbox 344 4345 1909 4416; baseline 0 -18"><span class='ocrx_word' id='word_1_509' title='bbox 344 4346 433 4407; x_wconf 79' lang='lat'><strong>‘20,</strong></span> <span class='ocrx_word' id='word_1_510' title='bbox 464 4347 558 4398; x_wconf 90' lang='lat' dir='ltr'><strong>lib.</strong></span> <span class='ocrx_word' id='word_1_511' title='bbox 596 4361 672 4408; x_wconf 81' lang='lat' dir='ltr'><strong>Vl,</strong></span> <span class='ocrx_word' id='word_1_512' title='bbox 703 4361 823 4416; x_wconf 71' lang='lat' dir='ltr'><strong>cap.</strong></span> <span class='ocrx_word' id='word_1_513' title='bbox 861 4347 946 4408; x_wconf 84' lang='lat' dir='ltr'><strong>l9,</strong></span> <span class='ocrx_word' id='word_1_514' title='bbox 983 4348 1076 4402; x_wconf 90' lang='lat' dir='ltr'><strong>lib.</strong></span> <span class='ocrx_word' id='word_1_515' title='bbox 1110 4364 1186 4411; x_wconf 81' lang='lat' dir='ltr'><strong>lx,</strong></span> <span class='ocrx_word' id='word_1_516' title='bbox 1219 4345 1318 4416; x_wconf 73' lang='lat' dir='ltr'><strong>cap</strong></span> <span class='ocrx_word' id='word_1_517' title='bbox 1360 4347 1412 4400; x_wconf 91' lang='lat'><strong>8.</strong></span> <span class='ocrx_word' id='word_1_518' title='bbox 1436 4345 1909 4412; x_wconf 83' lang='lat' dir='ltr'><strong>Solebantqnippe</strong></span> 
     </span>
    </p>
   </div>
   <div class='ocr_carea' id='block_1_76' title="bbox 351 4415 1910 4485">
    <p class='ocr_par' dir='ltr' id='par_1_76' title="bbox 351 4415 1910 4485">
     <span class='ocr_line' id='line_1_76' title="bbox 351 4415 1910 4485; baseline -0.001 -18"><span class='ocrx_word' id='word_1_519' title='bbox 351 4416 708 4484; x_wconf 84' lang='lat' dir='ltr'><strong>imperatores</strong></span> <span class='ocrx_word' id='word_1_520' title='bbox 742 4415 1023 4485; x_wconf 82' lang='lat' dir='ltr'><strong>Byzantini</strong></span> <span class='ocrx_word' id='word_1_521' title='bbox 1057 4425 1109 4469; x_wconf 91' lang='lat' dir='ltr'><strong>et</strong></span> <span class='ocrx_word' id='word_1_522' title='bbox 1138 4415 1294 4483; x_wconf 75' lang='lat' dir='ltr'><strong>reges</strong></span> <span class='ocrx_word' id='word_1_523' title='bbox 1327 4417 1414 4466; x_wconf 87' lang='lat' dir='ltr'><strong>alii</strong></span> <span class='ocrx_word' id='word_1_524' title='bbox 1440 4425 1637 4485; x_wconf 67' lang='lat' dir='ltr'><strong>vestes</strong></span> <span class='ocrx_word' id='word_1_525' title='bbox 1663 4422 1715 4466; x_wconf 91' lang='lat' dir='ltr'><strong>et</strong></span> <span class='ocrx_word' id='word_1_526' title='bbox 1776 4429 1910 4485; x_wconf 89' lang='lat' dir='ltr'><strong>pan-</strong></span> 
     </span>
    </p>
   </div>
   <div class='ocr_carea' id='block_1_77' title="bbox 352 4483 1911 4554">
    <p class='ocr_par' dir='ltr' id='par_1_77' title="bbox 352 4483 1911 4554">
     <span class='ocr_line' id='line_1_77' title="bbox 352 4483 1911 4554; baseline -0.001 -19"><span class='ocrx_word' id='word_1_527' title='bbox 352 4483 448 4540; x_wconf 83' lang='lat' dir='ltr'><strong>nos</strong></span> <span class='ocrx_word' id='word_1_528' title='bbox 476 4484 654 4550; x_wconf 69' lang='lat' dir='ltr'><strong>tnagni</strong></span> <span class='ocrx_word' id='word_1_529' title='bbox 690 4483 844 4550; x_wconf 84' lang='lat' dir='ltr'><strong>pretii</strong></span> <span class='ocrx_word' id='word_1_530' title='bbox 883 4485 950 4538; x_wconf 85' lang='lat' dir='ltr'><strong>ad</strong></span> <span class='ocrx_word' id='word_1_531' title='bbox 997 4487 1274 4554; x_wconf 87' lang='lat' dir='ltr'><strong>principes</strong></span> <span class='ocrx_word' id='word_1_532' title='bbox 1320 4483 1728 4554; x_wconf 68' lang='lat' dir='ltr'><strong>confretleratos</strong></span> <span class='ocrx_word' id='word_1_533' title='bbox 1784 4484 1911 4554; x_wconf 87' lang='lat' dir='ltr'><strong>mit-</strong></span> 
     </span>
    </p>
   </div>
   <div class='ocr_carea' id='block_1_78' title="bbox 354 4551 1914 4622">
    <p class='ocr_par' dir='ltr' id='par_1_78' title="bbox 354 4551 1914 4622">
     <span class='ocr_line' id='line_1_78' title="bbox 354 4551 1914 4622; baseline -0.001 -20"><span class='ocrx_word' id='word_1_534' title='bbox 354 4565 482 4616; x_wconf 82' lang='lat' dir='ltr'><strong>tere,</strong></span> <span class='ocrx_word' id='word_1_535' title='bbox 533 4555 626 4622; x_wconf 90' lang='lat' dir='ltr'><strong>qui</strong></span> <span class='ocrx_word' id='word_1_536' title='bbox 677 4551 1143 4607; x_wconf 57' lang='lat' dir='ltr'><strong>etiatunumpms</strong></span> <span class='ocrx_word' id='word_1_537' title='bbox 1182 4551 1478 4608; x_wconf 61' lang='lat' dir='ltr'><strong>familiaris</strong></span> <span class='ocrx_word' id='word_1_538' title='bbox 1525 4563 1606 4606; x_wconf 87' lang='lat' dir='ltr'><strong>est</strong></span> <span class='ocrx_word' id='word_1_539' title='bbox 1661 4551 1914 4622; x_wconf 75' lang='lat' dir='ltr'><strong>Turcieis</strong></span> 
     </span>
    </p>
   </div>
   <div class='ocr_carea' id='block_1_79' title="bbox 354 4620 1913 4691">
    <p class='ocr_par' dir='ltr' id='par_1_79' title="bbox 354 4620 1913 4691">
     <span class='ocr_line' id='line_1_79' title="bbox 354 4620 1913 4691; baseline -0.002 -16"><span class='ocrx_word' id='word_1_540' title='bbox 354 4620 602 4688; x_wconf 77' lang='lat' dir='ltr'><strong>sultauis,</strong></span> <span class='ocrx_word' id='word_1_541' title='bbox 635 4625 836 4691; x_wconf 83' lang='lat' dir='ltr'><strong>quibus</strong></span> <span class='ocrx_word' id='word_1_542' title='bbox 868 4639 1054 4676; x_wconf 87' lang='lat' dir='ltr'><strong>eorum</strong></span> <span class='ocrx_word' id='word_1_543' title='bbox 1084 4628 1301 4677; x_wconf 87' lang='lat' dir='ltr'><strong>animus</strong></span> <span class='ocrx_word' id='word_1_544' title='bbox 1335 4624 1730 4678; x_wconf 64' lang='lat' dir='ltr'><strong>tle-mulcerent.</strong></span> <span class='ocrx_word' id='word_1_545' title='bbox 1768 4620 1913 4691; x_wconf 86' lang='lat' dir='ltr'><strong>quod</strong></span> 
     </span>
    </p>
   </div>
   <div class='ocr_carea' id='block_1_80' title="bbox 355 4690 1915 4760">
    <p class='ocr_par' dir='ltr' id='par_1_80' title="bbox 355 4690 1915 4760">
     <span class='ocr_line' id='line_1_80' title="bbox 355 4690 1915 4760; baseline -0.002 -16"><span class='ocrx_word' id='word_1_546' title='bbox 355 4693 491 4746; x_wconf 79' lang='lat' dir='ltr'><strong>inira</strong></span> <span class='ocrx_word' id='word_1_547' title='bbox 527 4690 684 4744; x_wconf 82' lang='lat' dir='ltr'><strong>Anna</strong></span> <span class='ocrx_word' id='word_1_548' title='bbox 719 4703 1117 4760; x_wconf 78' lang='lat' dir='ltr'><strong>testatur,pa.&lt;z.</strong></span> <span class='ocrx_word' id='word_1_549' title='bbox 1149 4695 1269 4750; x_wconf 66' lang='grc' dir='ltr'><strong>4³.ὶὸ⁴</strong></span> <span class='ocrx_word' id='word_1_550' title='bbox 1302 4701 1355 4746; x_wconf 88' lang='lat' dir='ltr'><strong>et</strong></span> <span class='ocrx_word' id='word_1_551' title='bbox 1384 4691 1675 4745; x_wconf 86' lang='lat' dir='ltr'><strong>Nieetasin</strong></span> <span class='ocrx_word' id='word_1_552' title='bbox 1703 4690 1915 4760; x_wconf 78' lang='lat' dir='ltr'><strong>Alexio,</strong></span> 
     </span>
    </p>
   </div>
   <div class='ocr_carea' id='block_1_81' title="bbox 358 4759 1914 4831">
    <p class='ocr_par' dir='ltr' id='par_1_81' title="bbox 358 4759 1914 4831">
     <span class='ocr_line' id='line_1_81' title="bbox 358 4759 1914 4831; baseline -0.001 -19"><span class='ocrx_word' id='word_1_553' title='bbox 358 4762 446 4831; x_wconf 83' lang='lat' dir='ltr'><strong>lib.</strong></span> <span class='ocrx_word' id='word_1_554' title='bbox 487 4778 526 4825; x_wconf 87' lang='grc' dir='ltr'>ι,</span> <span class='ocrx_word' id='word_1_555' title='bbox 555 4778 612 4816; x_wconf 92' lang='grc' dir='ltr'><strong>ιι.</strong></span> <span class='ocrx_word' id='word_1_556' title='bbox 640 4765 694 4814; x_wconf 74' lang='lat'><strong>3.</strong></span> <span class='ocrx_word' id='word_1_557' title='bbox 730 4759 1043 4817; x_wconf 78' lang='lat' dir='ltr'><strong>Joanuitius</strong></span> <span class='ocrx_word' id='word_1_558' title='bbox 1078 4762 1429 4831; x_wconf 75' lang='lat' dir='ltr'><strong>Bulgarorum</strong></span> <span class='ocrx_word' id='word_1_559' title='bbox 1469 4777 1556 4814; x_wconf 77' lang='lat' dir='ltr'><strong>rex</strong></span> <span class='ocrx_word' id='word_1_560' title='bbox 1587 4761 1637 4812; x_wconf 91' lang='lat' dir='ltr'><strong>in</strong></span> <span class='ocrx_word' id='word_1_561' title='bbox 1663 4762 1827 4831; x_wconf 88' lang='lat' dir='ltr'><strong>epist.</strong></span> <span class='ocrx_word' id='word_1_562' title='bbox 1851 4759 1914 4811; x_wconf 88' lang='lat' dir='ltr'><strong>ad</strong></span> 
     </span>
    </p>
   </div>
   <div class='ocr_carea' id='block_1_82' title="bbox 356 4830 1920 4896">
    <p class='ocr_par' dir='ltr' id='par_1_82' title="bbox 356 4830 1920 4896">
     <span class='ocr_line' id='line_1_82' title="bbox 356 4830 1920 4896; baseline 0.001 -15"><span class='ocrx_word' id='word_1_563' title='bbox 356 4830 627 4885; x_wconf 86' lang='lat' dir='ltr'><strong>Innocent.</strong></span> <span class='ocrx_word' id='word_1_564' title='bbox 663 4831 727 4884; x_wconf 87' lang='grc' dir='ltr'><strong>ΙΙΙ</strong></span> <span class='ocrx_word' id='word_1_565' title='bbox 767 4831 871 4886; x_wconf 89' lang='lat' dir='ltr'><strong>PP.</strong></span> <span class='ocrx_word' id='word_1_566' title='bbox 909 4850 922 4886; x_wconf 92' lang='lat'><strong>:</strong></span> <span class='ocrx_word' id='word_1_567' title='bbox 960 4830 1276 4884; x_wconf 77' lang='lat' dir='ltr'><strong>Misiauiem</strong></span> <span class='ocrx_word' id='word_1_568' title='bbox 1318 4832 1386 4882; x_wconf 91' lang='lat' dir='ltr'><strong>ad</strong></span> <span class='ocrx_word' id='word_1_569' title='bbox 1439 4846 1667 4895; x_wconf 76' lang='lat' dir='ltr'><strong>pra’scns</strong></span> <span class='ocrx_word' id='word_1_570' title='bbox 1693 4830 1744 4882; x_wconf 86' lang='lat' dir='ltr'><strong>in</strong></span> <span class='ocrx_word' id='word_1_571' title='bbox 1772 4830 1920 4896; x_wconf 82' lang='lat' dir='ltr'><strong>signo</strong></span> 
     </span>
    </p>
   </div>
   <div class='ocr_carea' id='block_1_83' title="bbox 356 4899 1919 4967">
    <p class='ocr_par' dir='ltr' id='par_1_83' title="bbox 356 4899 1919 4967">
     <span class='ocr_line' id='line_1_83' title="bbox 356 4899 1919 4967; baseline -0.002 -16"><span class='ocrx_word' id='word_1_572' title='bbox 356 4916 520 4967; x_wconf 71' lang='lat' dir='ltr'><strong>parum</strong></span> <span class='ocrx_word' id='word_1_573' title='bbox 542 4903 929 4955; x_wconf 76' lang='lat' dir='ltr'><strong>recordationis</strong></span> <span class='ocrx_word' id='word_1_574' title='bbox 947 4903 1173 4954; x_wconf 72' lang='lat' dir='ltr'><strong>exemita</strong></span> <span class='ocrx_word' id='word_1_575' title='bbox 1191 4903 1292 4954; x_wconf 87' lang='lat' dir='ltr'><strong>duo</strong></span> <span class='ocrx_word' id='word_1_576' title='bbox 1305 4902 1524 4963; x_wconf 85' lang='lat' dir='ltr'><strong>epicima</strong></span> <span class='ocrx_word' id='word_1_577' title='bbox 1545 4899 1726 4964; x_wconf 82' lang='lat' dir='ltr'><strong>dupla,</strong></span> <span class='ocrx_word' id='word_1_578' title='bbox 1759 4914 1919 4967; x_wconf 75' lang='lat' dir='ltr'><strong>unum</strong></span> 
     </span>
    </p>
   </div>
   <div class='ocr_carea' id='block_1_84' title="bbox 356 4965 1916 5031">
    <p class='ocr_par' dir='ltr' id='par_1_84' title="bbox 356 4965 1916 5031">
     <span class='ocr_line' id='line_1_84' title="bbox 356 4965 1916 5031; baseline -0.001 -9"><span class='ocrx_word' id='word_1_579' title='bbox 356 4965 426 5022; x_wconf 71' lang='lat' dir='ltr'><strong>est</strong></span> <span class='ocrx_word' id='word_1_580' title='bbox 455 4972 692 5031; x_wconf 79' lang='lat' dir='ltr'><strong>rubeam.</strong></span> <span class='ocrx_word' id='word_1_581' title='bbox 722 4981 773 5024; x_wconf 87' lang='lat' dir='ltr'><strong>et</strong></span> <span class='ocrx_word' id='word_1_582' title='bbox 805 4970 954 5022; x_wconf 83' lang='lat' dir='ltr'><strong>aliud</strong></span> <span class='ocrx_word' id='word_1_583' title='bbox 985 4971 1180 5022; x_wconf 87' lang='lat' dir='ltr'><strong>album.</strong></span> <span class='ocrx_word' id='word_1_584' title='bbox 1222 4970 1328 5024; x_wconf 89' lang='lat' dir='ltr'><strong>Leo</strong></span> <span class='ocrx_word' id='word_1_585' title='bbox 1360 4969 1474 5022; x_wconf 82' lang='lat' dir='ltr'><strong>Ost.</strong></span> <span class='ocrx_word' id='word_1_586' title='bbox 1513 4969 1607 5020; x_wconf 87' lang='lat' dir='ltr'><strong>lib.</strong></span> <span class='ocrx_word' id='word_1_587' title='bbox 1660 4982 1716 5020; x_wconf 94' lang='lat' dir='ltr'><strong>Ill</strong></span> <span class='ocrx_word' id='word_1_588' title='bbox 1747 5005 1762 5029; x_wconf 88' lang='lat'><strong>,</strong></span> <span class='ocrx_word' id='word_1_589' title='bbox 1794 4965 1916 5020; x_wconf 83' lang='lat' dir='ltr'><strong>Clir.</strong></span> 
     </span>
    </p>
   </div>
   <div class='ocr_carea' id='block_1_85' title="bbox 361 5038 1922 5108">
    <p class='ocr_par' dir='ltr' id='par_1_85' title="bbox 361 5038 1922 5108">
     <span class='ocr_line' id='line_1_85' title="bbox 361 5038 1922 5108; baseline -0.003 -18"><span class='ocrx_word' id='word_1_590' title='bbox 361 5038 504 5094; x_wconf 81' lang='lat' dir='ltr'><strong>Cass.</strong></span> <span class='ocrx_word' id='word_1_591' title='bbox 536 5055 658 5108; x_wconf 89' lang='lat' dir='ltr'><strong>cap.</strong></span> <span class='ocrx_word' id='word_1_592' title='bbox 685 5041 754 5095; x_wconf 79' lang='lat' dir='ltr'><strong>l9</strong></span> <span class='ocrx_word' id='word_1_593' title='bbox 786 5059 799 5094; x_wconf 91' lang='lat'><strong>:</strong></span> <span class='ocrx_word' id='word_1_594' title='bbox 831 5041 915 5094; x_wconf 85' lang='lat' dir='ltr'><strong>Ibi</strong></span> <span class='ocrx_word' id='word_1_595' title='bbox 942 5039 1011 5093; x_wconf 75' lang='grc'><strong>20</strong></span> <span class='ocrx_word' id='word_1_596' title='bbox 1052 5056 1251 5106; x_wconf 85' lang='lat' dir='ltr'><strong>pannos</strong></span> <span class='ocrx_word' id='word_1_597' title='bbox 1305 5041 1499 5092; x_wconf 77' lang='lat' dir='ltr'><strong>sericas</strong></span> <span class='ocrx_word' id='word_1_598' title='bbox 1544 5038 1668 5090; x_wconf 88' lang='lat' dir='ltr'><strong>emit</strong></span> <span class='ocrx_word' id='word_1_599' title='bbox 1698 5079 1711 5101; x_wconf 89' lang='lat'><strong>,</strong></span> <span class='ocrx_word' id='word_1_600' title='bbox 1758 5045 1836 5108; x_wconf 63' lang='lat' dir='ltr'><strong>ut</strong></span> <span class='ocrx_word' id='word_1_601' title='bbox 1875 5038 1922 5088; x_wconf 85' lang='lat' dir='ltr'><strong>si</strong></span> 
     </span>
    </p>
   </div>
   <div class='ocr_carea' id='block_1_86' title="bbox 360 5103 1917 5175">
    <p class='ocr_par' dir='ltr' id='par_1_86' title="bbox 360 5103 1917 5175">
     <span class='ocr_line' id='line_1_86' title="bbox 360 5103 1917 5175; baseline -0.001 -16"><span class='ocrx_word' id='word_1_602' title='bbox 360 5118 482 5162; x_wconf 77' lang='lat' dir='ltr'><strong>esset</strong></span> <span class='ocrx_word' id='word_1_603' title='bbox 528 5103 878 5164; x_wconf 75' lang='lat' dir='ltr'><strong>necessarium</strong></span> <span class='ocrx_word' id='word_1_604' title='bbox 905 5149 922 5175; x_wconf 92' lang='lat'><strong>,</strong></span> <span class='ocrx_word' id='word_1_605' title='bbox 949 5103 1154 5162; x_wconf 78' lang='lat' dir='ltr'><strong>haberet</strong></span> <span class='ocrx_word' id='word_1_606' title='bbox 1220 5109 1356 5175; x_wconf 85' lang='lat' dir='ltr'><strong>quod</strong></span> <span class='ocrx_word' id='word_1_607' title='bbox 1395 5110 1610 5162; x_wconf 84' lang='lat' dir='ltr'><strong>donaret</strong></span> <span class='ocrx_word' id='word_1_608' title='bbox 1659 5106 1767 5175; x_wconf 81' lang='lat' dir='ltr'><strong>regi</strong></span> <span class='ocrx_word' id='word_1_609' title='bbox 1818 5103 1917 5175; x_wconf 73' lang='grc' dir='ltr'>(α).</span> 
     </span>
    </p>
   </div>
   <div class='ocr_carea' id='block_1_87' title="bbox 367 5175 1918 5248">
    <p class='ocr_par' dir='ltr' id='par_1_87' title="bbox 367 5175 1918 5248">
     <span class='ocr_line' id='line_1_87' title="bbox 367 5175 1918 5248; baseline -0.004 -20"><span class='ocrx_word' id='word_1_610' title='bbox 367 5175 521 5231; x_wconf 83' lang='lat' dir='ltr'><strong>Erant</strong></span> <span class='ocrx_word' id='word_1_611' title='bbox 552 5180 717 5248; x_wconf 76' lang='lat' dir='ltr'><strong>igitur</strong></span> <span class='ocrx_word' id='word_1_612' title='bbox 747 5179 1048 5231; x_wconf 69' lang='lat' dir='ltr'><strong>vestiaritae</strong></span> <span class='ocrx_word' id='word_1_613' title='bbox 1099 5179 1308 5232; x_wconf 86' lang='lat' dir='ltr'><strong>nobiles</strong></span> <span class='ocrx_word' id='word_1_614' title='bbox 1343 5179 1554 5235; x_wconf 57' lang='lat' dir='ltr'><strong>selecti.</strong></span> <span class='ocrx_word' id='word_1_615' title='bbox 1591 5178 1682 5243; x_wconf 87' lang='lat' dir='ltr'><strong>qui</strong></span> <span class='ocrx_word' id='word_1_616' title='bbox 1735 5177 1786 5227; x_wconf 90' lang='lat' dir='ltr'><strong>iu</strong></span> <span class='ocrx_word' id='word_1_617' title='bbox 1823 5191 1918 5248; x_wconf 69' lang='lat' dir='ltr'><strong>eo-</strong></span> 
     </span>
    </p>
   </div>
   <div class='ocr_carea' id='block_1_88' title="bbox 365 5245 1916 5315">
    <p class='ocr_par' dir='ltr' id='par_1_88' title="bbox 365 5245 1916 5315">
     <span class='ocr_line' id='line_1_88' title="bbox 365 5245 1916 5315; baseline -0.002 -16"><span class='ocrx_word' id='word_1_618' title='bbox 365 5248 544 5300; x_wconf 82' lang='lat' dir='ltr'><strong>mitatu</strong></span> <span class='ocrx_word' id='word_1_619' title='bbox 576 5245 934 5315; x_wconf 73' lang='lat' dir='ltr'><strong>imperatoris</strong></span> <span class='ocrx_word' id='word_1_620' title='bbox 965 5255 1141 5309; x_wconf 88' lang='lat' dir='ltr'><strong>erant,</strong></span> <span class='ocrx_word' id='word_1_621' title='bbox 1185 5248 1490 5311; x_wconf 88' lang='lat' dir='ltr'><strong>cujusmodi</strong></span> <span class='ocrx_word' id='word_1_622' title='bbox 1525 5256 1655 5298; x_wconf 81' lang='lat' dir='ltr'><strong>sunt</strong></span> <span class='ocrx_word' id='word_1_623' title='bbox 1692 5260 1829 5311; x_wconf 88' lang='lat' dir='ltr'><strong>quos</strong></span> <span class='ocrx_word' id='word_1_624' title='bbox 1864 5245 1916 5296; x_wconf 91' lang='lat' dir='ltr'><strong>iu</strong></span> 
     </span>
    </p>
   </div>
   <div class='ocr_carea' id='block_1_89' title="bbox 367 5315 1912 5382">
    <p class='ocr_par' dir='ltr' id='par_1_89' title="bbox 367 5315 1912 5382">
     <span class='ocr_line' id='line_1_89' title="bbox 367 5315 1912 5382; baseline 0.001 -16"><span class='ocrx_word' id='word_1_625' title='bbox 367 5331 537 5380; x_wconf 73' lang='lat' dir='ltr'><strong>regum</strong></span> <span class='ocrx_word' id='word_1_626' title='bbox 565 5328 884 5371; x_wconf 87' lang='lat' dir='ltr'><strong>nostrorum</strong></span> <span class='ocrx_word' id='word_1_627' title='bbox 937 5319 1086 5368; x_wconf 85' lang='lat' dir='ltr'><strong>curia</strong></span> <span class='ocrx_word' id='word_1_628' title='bbox 1143 5319 1565 5382; x_wconf 80' lang='lat' dir='ltr'><strong>gentilshommes</strong></span> <span class='ocrx_word' id='word_1_629' title='bbox 1615 5315 1912 5367; x_wconf 84' lang='lat' dir='ltr'><strong>ordinaires</strong></span> 
     </span>
    </p>
   </div>
   <div class='ocr_carea' id='block_1_90' title="bbox 363 5383 1908 5454">
    <p class='ocr_par' dir='ltr' id='par_1_90' title="bbox 363 5383 1908 5454">
     <span class='ocr_line' id='line_1_90' title="bbox 363 5383 1908 5454; baseline -0.001 -18"><span class='ocrx_word' id='word_1_630' title='bbox 363 5384 420 5454; x_wconf 68' lang='lat' dir='ltr'><strong>de</strong></span> <span class='ocrx_word' id='word_1_631' title='bbox 447 5387 495 5436; x_wconf 85' lang='lat' dir='ltr'><strong>la</strong></span> <span class='ocrx_word' id='word_1_632' title='bbox 521 5390 722 5439; x_wconf 86' lang='lat' dir='ltr'><strong>maison</strong></span> <span class='ocrx_word' id='word_1_633' title='bbox 756 5387 826 5437; x_wconf 86' lang='lat' dir='ltr'><strong>du</strong></span> <span class='ocrx_word' id='word_1_634' title='bbox 873 5387 978 5444; x_wconf 73' lang='grc' dir='ltr'><strong>τοὶ,</strong></span> <span class='ocrx_word' id='word_1_635' title='bbox 1021 5387 1180 5451; x_wconf 71' lang='lat' dir='ltr'><strong>vulgo</strong></span> <span class='ocrx_word' id='word_1_636' title='bbox 1204 5388 1559 5454; x_wconf 82' lang='lat' dir='ltr'><strong>appellamus.</strong></span> <span class='ocrx_word' id='word_1_637' title='bbox 1597 5384 1726 5437; x_wconf 81' lang='lat' dir='ltr'><strong>Nam</strong></span> <span class='ocrx_word' id='word_1_638' title='bbox 1763 5383 1908 5435; x_wconf 82' lang='lat' dir='ltr'><strong>aliud</strong></span> 
     </span>
    </p>
   </div>
   <div class='ocr_carea' id='block_1_91' title="bbox 367 5451 1920 5522">
    <p class='ocr_par' dir='ltr' id='par_1_91' title="bbox 367 5451 1920 5522">
     <span class='ocr_line' id='line_1_91' title="bbox 367 5451 1920 5522; baseline 0 -18"><span class='ocrx_word' id='word_1_639' title='bbox 367 5451 455 5507; x_wconf 77' lang='lat' dir='ltr'><strong>fuit</strong></span> <span class='ocrx_word' id='word_1_640' title='bbox 490 5457 868 5509; x_wconf 79' lang='lat' dir='ltr'><strong>vcstialiorum</strong></span> <span class='ocrx_word' id='word_1_641' title='bbox 904 5470 1119 5508; x_wconf 82' lang='lat' dir='ltr'><strong>munus.</strong></span> <span class='ocrx_word' id='word_1_642' title='bbox 1146 5451 1359 5522; x_wconf 78' lang='lat' dir='ltr'><strong>Papias,</strong></span> <span class='ocrx_word' id='word_1_643' title='bbox 1396 5457 1688 5514; x_wconf 79' lang='lat' dir='ltr'><strong>vestiarius,</strong></span> <span class='ocrx_word' id='word_1_644' title='bbox 1714 5456 1804 5520; x_wconf 84' lang='lat' dir='ltr'><strong>qui</strong></span> <span class='ocrx_word' id='word_1_645' title='bbox 1836 5468 1920 5504; x_wconf 81' lang='lat' dir='ltr'><strong>ve-</strong></span> 
     </span>
    </p>
   </div>
   <div class='ocr_carea' id='block_1_92' title="bbox 363 5524 1919 5591">
    <p class='ocr_par' dir='ltr' id='par_1_92' title="bbox 363 5524 1919 5591">
     <span class='ocr_line' id='line_1_92' title="bbox 363 5524 1919 5591; baseline 0.001 -18"><span class='ocrx_word' id='word_1_646' title='bbox 363 5536 453 5577; x_wconf 78' lang='lat' dir='ltr'><strong>stes</strong></span> <span class='ocrx_word' id='word_1_647' title='bbox 481 5536 648 5578; x_wconf 84' lang='lat' dir='ltr'><strong>curat.</strong></span> <span class='ocrx_word' id='word_1_648' title='bbox 688 5524 856 5577; x_wconf 82' lang='lat' dir='ltr'><strong>Vetus</strong></span> <span class='ocrx_word' id='word_1_649' title='bbox 891 5525 1140 5591; x_wconf 85' lang='lat' dir='ltr'><strong>inscript.</strong></span> <span class='ocrx_word' id='word_1_650' title='bbox 1181 5540 1227 5576; x_wconf 76' lang='grc' dir='ltr'><strong>ι..</strong></span> <span class='ocrx_word' id='word_1_651' title='bbox 1267 5539 1442 5577; x_wconf 77' lang='grc' dir='ltr'>Αοιιιο.</span> <span class='ocrx_word' id='word_1_652' title='bbox 1491 5538 1784 5591; x_wconf 63' lang='grc' dir='ltr'><strong>νεετιιιιιιοἷ</strong></span> <span class='ocrx_word' id='word_1_653' title='bbox 1822 5536 1919 5574; x_wconf 68' lang='grc' dir='ltr'><strong>τεο</strong></span> 
     </span>
    </p>
   </div>
   <div class='ocr_carea' id='block_1_93' title="bbox 365 5589 1923 5662">
    <p class='ocr_par' dir='ltr' id='par_1_93' title="bbox 365 5589 1923 5662">
     <span class='ocr_line' id='line_1_93' title="bbox 365 5589 1923 5662; baseline 0 -18"><span class='ocrx_word' id='word_1_654' title='bbox 365 5608 584 5649; x_wconf 67' lang='lat' dir='ltr'><strong>aruato.</strong></span> <span class='ocrx_word' id='word_1_655' title='bbox 621 5610 728 5648; x_wconf 81' lang='lat' dir='ltr'><strong>me.</strong></span> <span class='ocrx_word' id='word_1_656' title='bbox 760 5596 939 5662; x_wconf 88' lang='lat' dir='ltr'><strong>Atque</strong></span> <span class='ocrx_word' id='word_1_657' title='bbox 977 5589 1264 5646; x_wconf 36' lang='lat' dir='ltr'><strong>ita—vocem</strong></span> <span class='ocrx_word' id='word_1_658' title='bbox 1297 5598 1432 5646; x_wconf 85' lang='lat' dir='ltr'><strong>hanc</strong></span> <span class='ocrx_word' id='word_1_659' title='bbox 1490 5603 1713 5660; x_wconf 87' lang='lat' dir='ltr'><strong>usurpat</strong></span> <span class='ocrx_word' id='word_1_660' title='bbox 1758 5589 1923 5644; x_wconf 76' lang='lat' dir='ltr'><strong>Joan-</strong></span> 
     </span>
    </p>
   </div>
   <div class='ocr_carea' id='block_1_94' title="bbox 434 5788 1847 5860">
    <p class='ocr_par' dir='ltr' id='par_1_94' title="bbox 434 5788 1847 5860">
     <span class='ocr_line' id='line_1_94' title="bbox 434 5788 1847 5860; baseline -0.005 -15"><span class='ocrx_word' id='word_1_661' title='bbox 434 5798 498 5860; x_wconf 69' lang='grc' dir='ltr'><strong>Γ)</strong></span> <span class='ocrx_word' id='word_1_662' title='bbox 535 5795 585 5842; x_wconf 75' lang='grc' dir='ltr'>ι’.</span> <span class='ocrx_word' id='word_1_663' title='bbox 618 5796 730 5844; x_wconf 67' lang='lat' dir='ltr'><strong>Acta</strong></span> <span class='ocrx_word' id='word_1_664' title='bbox 772 5791 975 5844; x_wconf 80' lang='lat' dir='ltr'><strong>Adriani</strong></span> <span class='ocrx_word' id='word_1_665' title='bbox 1015 5792 1096 5854; x_wconf 76' lang='grc' dir='ltr'>ιν,</span> <span class='ocrx_word' id='word_1_666' title='bbox 1121 5793 1214 5843; x_wconf 84' lang='lat' dir='ltr'>PP.</span> <span class='ocrx_word' id='word_1_667' title='bbox 1250 5795 1372 5844; x_wconf 84' lang='lat' dir='ltr'><strong>auud</strong></span> <span class='ocrx_word' id='word_1_668' title='bbox 1407 5793 1574 5842; x_wconf 79' lang='lat' dir='ltr'><strong>Baron.</strong></span> <span class='ocrx_word' id='word_1_669' title='bbox 1600 5804 1678 5839; x_wconf 88' lang='lat' dir='ltr'><strong>an.</strong></span> <span class='ocrx_word' id='word_1_670' title='bbox 1711 5788 1847 5838; x_wconf 72' lang='grc'><strong>1156.</strong></span> 
     </span>
    </p>
   </div>
   <div class='ocr_carea' id='block_1_95' title="bbox 2020 3089 3584 3154">
    <p class='ocr_par' dir='ltr' id='par_1_95' title="bbox 2020 3089 3584 3154">
     <span class='ocr_line' id='line_1_95' title="bbox 2020 3089 3584 3154; baseline 0 -6"><span class='ocrx_word' id='word_1_671' title='bbox 2020 3111 2118 3150; x_wconf 84' lang='lat' dir='ltr'><strong>nes</strong></span> <span class='ocrx_word' id='word_1_672' title='bbox 2159 3094 2426 3145; x_wconf 80' lang='lat' dir='ltr'><strong>Diaconos</strong></span> <span class='ocrx_word' id='word_1_673' title='bbox 2459 3094 2512 3145; x_wconf 92' lang='lat' dir='ltr'><strong>in</strong></span> <span class='ocrx_word' id='word_1_674' title='bbox 2553 3092 2672 3144; x_wconf 85' lang='lat' dir='ltr'><strong>Vita</strong></span> <span class='ocrx_word' id='word_1_675' title='bbox 2703 3091 2760 3145; x_wconf 80' lang='lat' dir='ltr'><strong>S.</strong></span> <span class='ocrx_word' id='word_1_676' title='bbox 2789 3091 3036 3154; x_wconf 66' lang='lat' dir='ltr'><strong>Gregorii</strong></span> <span class='ocrx_word' id='word_1_677' title='bbox 3079 3089 3150 3144; x_wconf 86' lang='lat' dir='ltr'><strong>M.</strong></span> <span class='ocrx_word' id='word_1_678' title='bbox 3182 3091 3283 3144; x_wconf 85' lang='lat' dir='ltr'>PP.</span> <span class='ocrx_word' id='word_1_679' title='bbox 3319 3093 3354 3143; x_wconf 95' lang='grc'>1.</span> <span class='ocrx_word' id='word_1_680' title='bbox 3386 3108 3424 3150; x_wconf 88' lang='lat' dir='ltr'><strong>t.</strong></span> <span class='ocrx_word' id='word_1_681' title='bbox 3447 3107 3499 3146; x_wconf 89' lang='lat' dir='ltr'><strong>c.</strong></span> <span class='ocrx_word' id='word_1_682' title='bbox 3531 3095 3584 3148; x_wconf 71' lang='lat' dir='ltr'><strong>‘l.</strong></span> 
     </span>
    </p>
   </div>
   <div class='ocr_carea' id='block_1_96' title="bbox 2022 3160 3585 3223">
    <p class='ocr_par' dir='ltr' id='par_1_96' title="bbox 2022 3160 3585 3223">
     <span class='ocr_line' id='line_1_96' title="bbox 2022 3160 3585 3223; baseline -0.001 -7"><span class='ocrx_word' id='word_1_683' title='bbox 2022 3165 2122 3217; x_wconf 79' lang='lat' dir='ltr'><strong>Sed</strong></span> <span class='ocrx_word' id='word_1_684' title='bbox 2157 3179 2222 3216; x_wconf 84' lang='lat' dir='ltr'><strong>an</strong></span> <span class='ocrx_word' id='word_1_685' title='bbox 2259 3163 2535 3215; x_wconf 82' lang='lat' dir='ltr'><strong>vestararii</strong></span> <span class='ocrx_word' id='word_1_686' title='bbox 2564 3162 2722 3212; x_wconf 88' lang='lat' dir='ltr'><strong>iidem</strong></span> <span class='ocrx_word' id='word_1_687' title='bbox 2761 3160 2959 3213; x_wconf 78' lang='lat' dir='ltr'><strong>iuerint</strong></span> <span class='ocrx_word' id='word_1_688' title='bbox 2994 3176 3116 3212; x_wconf 77' lang='lat' dir='ltr'><strong>cum</strong></span> <span class='ocrx_word' id='word_1_689' title='bbox 3170 3162 3463 3223; x_wconf 69' lang='lat' dir='ltr'><strong>vestiariis,</strong></span> <span class='ocrx_word' id='word_1_690' title='bbox 3500 3163 3585 3215; x_wconf 76' lang='lat' dir='ltr'><strong>vix</strong></span> 
     </span>
    </p>
   </div>
   <div class='ocr_carea' id='block_1_97' title="bbox 2020 3228 3577 3296">
    <p class='ocr_par' dir='ltr' id='par_1_97' title="bbox 2020 3228 3577 3296">
     <span class='ocr_line' id='line_1_97' title="bbox 2020 3228 3577 3296; baseline -0.003 -10"><span class='ocrx_word' id='word_1_691' title='bbox 2020 3235 2194 3286; x_wconf 81' lang='lat' dir='ltr'><strong>ausim</strong></span> <span class='ocrx_word' id='word_1_692' title='bbox 2226 3233 2516 3296; x_wconf 86' lang='lat' dir='ltr'><strong>quidquam</strong></span> <span class='ocrx_word' id='word_1_693' title='bbox 2548 3231 2678 3283; x_wconf 77' lang='lat' dir='ltr'><strong>certi</strong></span> <span class='ocrx_word' id='word_1_694' title='bbox 2704 3228 2949 3281; x_wconf 79' lang='lat' dir='ltr'><strong>deﬁnire.</strong></span> <span class='ocrx_word' id='word_1_695' title='bbox 2983 3229 3416 3282; x_wconf 74' lang='lat' dir='ltr'><strong>Vesmrariorum</strong></span> <span class='ocrx_word' id='word_1_696' title='bbox 3453 3246 3577 3284; x_wconf 83' lang='lat' dir='ltr'><strong>nas-</strong></span> 
     </span>
    </p>
   </div>
   <div class='ocr_carea' id='block_1_98' title="bbox 2022 3296 3582 3361">
    <p class='ocr_par' dir='ltr' id='par_1_98' title="bbox 2022 3296 3582 3361">
     <span class='ocr_line' id='line_1_98' title="bbox 2022 3296 3582 3361; baseline -0.001 -6"><span class='ocrx_word' id='word_1_697' title='bbox 2022 3304 2123 3356; x_wconf 88' lang='lat' dir='ltr'><strong>sim</strong></span> <span class='ocrx_word' id='word_1_698' title='bbox 2162 3301 2399 3352; x_wconf 77' lang='lat' dir='ltr'><strong>meminit</strong></span> <span class='ocrx_word' id='word_1_699' title='bbox 2455 3299 2797 3351; x_wconf 64' lang='lat' dir='ltr'><strong>Anastasius.</strong></span> <span class='ocrx_word' id='word_1_700' title='bbox 2849 3298 2900 3349; x_wconf 89' lang='lat' dir='ltr'><strong>in</strong></span> <span class='ocrx_word' id='word_1_701' title='bbox 2951 3296 3088 3348; x_wconf 83' lang='lat' dir='ltr'><strong>Vitis</strong></span> <span class='ocrx_word' id='word_1_702' title='bbox 3133 3298 3233 3352; x_wconf 84' lang='lat' dir='ltr'>PP.</span> <span class='ocrx_word' id='word_1_703' title='bbox 3283 3299 3412 3350; x_wconf 81' lang='lat' dir='ltr'><strong>odit.</strong></span> <span class='ocrx_word' id='word_1_704' title='bbox 3453 3298 3582 3361; x_wconf 68' lang='lat' dir='ltr'><strong>Reg.</strong></span> 
     </span>
    </p>
   </div>
   <div class='ocr_carea' id='block_1_99' title="bbox 2023 3367 3583 3438">
    <p class='ocr_par' dir='ltr' id='par_1_99' title="bbox 2023 3367 3583 3438">
     <span class='ocr_line' id='line_1_99' title="bbox 2023 3367 3583 3438; baseline -0.003 -14"><span class='ocrx_word' id='word_1_705' title='bbox 2023 3389 2144 3438; x_wconf 69' lang='lat' dir='ltr'><strong>past.</strong></span> <span class='ocrx_word' id='word_1_706' title='bbox 2184 3371 2324 3430; x_wconf 75' lang='lat' dir='ltr'><strong>tu,</strong></span> <span class='ocrx_word' id='word_1_707' title='bbox 2361 3369 2505 3430; x_wconf 67' lang='lat' dir='ltr'><strong>eis,</strong></span> <span class='ocrx_word' id='word_1_708' title='bbox 2542 3367 2646 3438; x_wconf 57' lang='grc' dir='ltr'>εις)</span> <span class='ocrx_word' id='word_1_709' title='bbox 2673 3407 2689 3430; x_wconf 91' lang='grc'><em>,</em></span> <span class='ocrx_word' id='word_1_710' title='bbox 2722 3367 2866 3438; x_wconf 75' lang='grc'><strong>285.</strong></span> <span class='ocrx_word' id='word_1_711' title='bbox 2913 3367 3060 3426; x_wconf 73' lang='lat'><strong>285.</strong></span> <span class='ocrx_word' id='word_1_712' title='bbox 3095 3368 3220 3421; x_wconf 65' lang='lat'><strong>9292.</strong></span> <span class='ocrx_word' id='word_1_713' title='bbox 3258 3369 3312 3421; x_wconf 90' lang='lat' dir='ltr'><strong>ld</strong></span> <span class='ocrx_word' id='word_1_714' title='bbox 3349 3381 3583 3431; x_wconf 86' lang='lat' dir='ltr'><strong>constat,</strong></span> 
     </span>
    </p>
   </div>
   <div class='ocr_carea' id='block_1_100' title="bbox 2020 3437 3583 3502">
    <p class='ocr_par' dir='ltr' id='par_1_100' title="bbox 2020 3437 3583 3502">
     <span class='ocr_line' id='line_1_100' title="bbox 2020 3437 3583 3502; baseline 0.001 -9"><span class='ocrx_word' id='word_1_715' title='bbox 2020 3437 2285 3498; x_wconf 83' lang='lat' dir='ltr'><strong>eiusmodi</strong></span> <span class='ocrx_word' id='word_1_716' title='bbox 2321 3456 2516 3490; x_wconf 80' lang='lat' dir='ltr'><strong>tuttntts</strong></span> <span class='ocrx_word' id='word_1_717' title='bbox 2551 3437 2926 3499; x_wconf 64' lang='lat' dir='ltr'><strong>Langobardis</strong></span> <span class='ocrx_word' id='word_1_718' title='bbox 2969 3438 3237 3502; x_wconf 80' lang='lat' dir='ltr'><strong>peculiare</strong></span> <span class='ocrx_word' id='word_1_719' title='bbox 3277 3439 3444 3492; x_wconf 80' lang='lat' dir='ltr'><strong>fuisse</strong></span> <span class='ocrx_word' id='word_1_720' title='bbox 3470 3479 3484 3498; x_wconf 88' lang='lat'><strong>.</strong></span> <span class='ocrx_word' id='word_1_721' title='bbox 3519 3455 3583 3494; x_wconf 76' lang='lat' dir='ltr'><strong>ex</strong></span> 
     </span>
    </p>
   </div>
   <div class='ocr_carea' id='block_1_101' title="bbox 2020 3504 3584 3574">
    <p class='ocr_par' dir='ltr' id='par_1_101' title="bbox 2020 3504 3584 3574">
     <span class='ocr_line' id='line_1_101' title="bbox 2020 3504 3584 3574; baseline -0.001 -13"><span class='ocrx_word' id='word_1_722' title='bbox 2020 3511 2295 3564; x_wconf 77' lang='lat' dir='ltr'><strong>Chronico</strong></span> <span class='ocrx_word' id='word_1_723' title='bbox 2324 3507 2636 3560; x_wconf 78' lang='lat' dir='ltr'><strong>monasmrii</strong></span> <span class='ocrx_word' id='word_1_724' title='bbox 2668 3508 2959 3560; x_wconf 87' lang='lat' dir='ltr'><strong>Beuevent.</strong></span> <span class='ocrx_word' id='word_1_725' title='bbox 2982 3507 3038 3560; x_wconf 92' lang='lat' dir='ltr'><strong>S.</strong></span> <span class='ocrx_word' id='word_1_726' title='bbox 3065 3504 3296 3573; x_wconf 66' lang='lat' dir='ltr'><strong>Sophim.</strong></span> <span class='ocrx_word' id='word_1_727' title='bbox 3316 3523 3436 3574; x_wconf 67' lang='lat' dir='ltr'><strong>pag.</strong></span> <span class='ocrx_word' id='word_1_728' title='bbox 3458 3509 3584 3571; x_wconf 73' lang='lat'><strong>615’,</strong></span> 
     </span>
    </p>
   </div>
   <div class='ocr_carea' id='block_1_102' title="bbox 2019 3576 3571 3640">
    <p class='ocr_par' dir='ltr' id='par_1_102' title="bbox 2019 3576 3571 3640">
     <span class='ocr_line' id='line_1_102' title="bbox 2019 3576 3571 3640; baseline -0.004 -9"><span class='ocrx_word' id='word_1_729' title='bbox 2019 3581 2144 3640; x_wconf 64' lang='lat'><strong>6:25,</strong></span> <span class='ocrx_word' id='word_1_730' title='bbox 2171 3579 2297 3639; x_wconf 75' lang='lat'><strong>638,</strong></span> <span class='ocrx_word' id='word_1_731' title='bbox 2331 3578 2453 3632; x_wconf 64' lang='grc' dir='ltr'><strong>(ΞΗ.</strong></span> <span class='ocrx_word' id='word_1_732' title='bbox 2493 3577 2565 3629; x_wconf 74' lang='lat' dir='ltr'><strong>Ex</strong></span> <span class='ocrx_word' id='word_1_733' title='bbox 2594 3593 2702 3638; x_wconf 89' lang='lat' dir='ltr'><strong>quo</strong></span> <span class='ocrx_word' id='word_1_734' title='bbox 2729 3576 3101 3630; x_wconf 86' lang='lat' dir='ltr'><strong>emendandus</strong></span> <span class='ocrx_word' id='word_1_735' title='bbox 3133 3587 3325 3630; x_wconf 86' lang='lat' dir='ltr'><strong>auctor</strong></span> <span class='ocrx_word' id='word_1_736' title='bbox 3357 3576 3491 3628; x_wconf 72' lang='lat' dir='ltr'><strong>Vitm</strong></span> <span class='ocrx_word' id='word_1_737' title='bbox 3516 3579 3571 3632; x_wconf 87' lang='lat' dir='ltr'><strong>S.</strong></span> 
     </span>
    </p>
   </div>
   <div class='ocr_carea' id='block_1_103' title="bbox 2022 3647 3582 3714">
    <p class='ocr_par' dir='ltr' id='par_1_103' title="bbox 2022 3647 3582 3714">
     <span class='ocr_line' id='line_1_103' title="bbox 2022 3647 3582 3714; baseline -0.004 -11"><span class='ocrx_word' id='word_1_738' title='bbox 2022 3649 2163 3703; x_wconf 85' lang='lat' dir='ltr'><strong>Petri</strong></span> <span class='ocrx_word' id='word_1_739' title='bbox 2195 3649 2454 3702; x_wconf 73' lang='lat' dir='ltr'><strong>Cavensis</strong></span> <span class='ocrx_word' id='word_1_740' title='bbox 2481 3649 2660 3700; x_wconf 89' lang='lat' dir='ltr'><strong>abbat.</strong></span> <span class='ocrx_word' id='word_1_741' title='bbox 2701 3664 2754 3700; x_wconf 91' lang='grc' dir='ltr'><strong>ιι.</strong></span> <span class='ocrx_word' id='word_1_742' title='bbox 2809 3647 2916 3707; x_wconf 72' lang='lat'><strong>29,</strong></span> <span class='ocrx_word' id='word_1_743' title='bbox 2977 3648 3066 3698; x_wconf 92' lang='lat' dir='ltr'><strong>ubi</strong></span> <span class='ocrx_word' id='word_1_744' title='bbox 3123 3661 3406 3714; x_wconf 78' lang='lat' dir='ltr'><strong>perperam</strong></span> <span class='ocrx_word' id='word_1_745' title='bbox 3459 3647 3582 3697; x_wconf 72' lang='lat' dir='ltr'><strong>Udo</strong></span> 
     </span>
    </p>
   </div>
   <div class='ocr_carea' id='block_1_104' title="bbox 2019 3714 3583 3788">
    <p class='ocr_par' dir='ltr' id='par_1_104' title="bbox 2019 3714 3583 3788">
     <span class='ocr_line' id='line_1_104' title="bbox 2019 3714 3583 3788; baseline -0.001 -19"><span class='ocrx_word' id='word_1_746' title='bbox 2019 3721 2236 3788; x_wconf 81' lang='lat' dir='ltr'><strong>quidam</strong></span> <span class='ocrx_word' id='word_1_747' title='bbox 2272 3719 2592 3788; x_wconf 75' lang='lat' dir='ltr'><strong>vestarqsius</strong></span> <span class='ocrx_word' id='word_1_748' title='bbox 2627 3731 2725 3788; x_wconf 71' lang='lat' dir='ltr'><strong>pro</strong></span> <span class='ocrx_word' id='word_1_749' title='bbox 2774 3717 3094 3788; x_wconf 71' lang='lat' dir='ltr'><strong>vestqrarius</strong></span> <span class='ocrx_word' id='word_1_750' title='bbox 3119 3756 3134 3778; x_wconf 94' lang='lat'><strong>,</strong></span> <span class='ocrx_word' id='word_1_751' title='bbox 3188 3715 3408 3788; x_wconf 80' lang='lat' dir='ltr'><strong>dicitur.</strong></span> <span class='ocrx_word' id='word_1_752' title='bbox 3454 3714 3583 3788; x_wconf 75' lang='lat' dir='ltr'><strong>Erat</strong></span> 
     </span>
    </p>
   </div>
   <div class='ocr_carea' id='block_1_105' title="bbox 2019 3783 3574 3848">
    <p class='ocr_par' dir='ltr' id='par_1_105' title="bbox 2019 3783 3574 3848">
     <span class='ocr_line' id='line_1_105' title="bbox 2019 3783 3574 3848; baseline -0.003 -8"><span class='ocrx_word' id='word_1_753' title='bbox 2019 3783 2160 3840; x_wconf 78' lang='lat' dir='ltr'><strong>enim</strong></span> <span class='ocrx_word' id='word_1_754' title='bbox 2197 3786 2312 3839; x_wconf 62' lang='lat' dir='ltr'><strong>Otlo</strong></span> <span class='ocrx_word' id='word_1_755' title='bbox 2340 3787 2655 3839; x_wconf 71' lang='lat' dir='ltr'><strong>vestararius</strong></span> <span class='ocrx_word' id='word_1_756' title='bbox 2688 3783 2950 3836; x_wconf 83' lang='lat' dir='ltr'><strong>Caveusis</strong></span> <span class='ocrx_word' id='word_1_757' title='bbox 2988 3785 3323 3844; x_wconf 68' lang='lat' dir='ltr'><strong>monasterii,</strong></span> <span class='ocrx_word' id='word_1_758' title='bbox 3354 3800 3457 3848; x_wconf 91' lang='lat' dir='ltr'><strong>qua</strong></span> <span class='ocrx_word' id='word_1_759' title='bbox 3491 3786 3574 3836; x_wconf 90' lang='lat' dir='ltr'><strong>di-</strong></span> 
     </span>
    </p>
   </div>
   <div class='ocr_carea' id='block_1_106' title="bbox 2019 3852 3578 3922">
    <p class='ocr_par' dir='ltr' id='par_1_106' title="bbox 2019 3852 3578 3922">
     <span class='ocr_line' id='line_1_106' title="bbox 2019 3852 3578 3922; baseline -0.001 -16"><span class='ocrx_word' id='word_1_760' title='bbox 2019 3859 2222 3922; x_wconf 73' lang='lat' dir='ltr'><strong>gnitate</strong></span> <span class='ocrx_word' id='word_1_761' title='bbox 2253 3856 2302 3907; x_wconf 93' lang='lat' dir='ltr'><strong>in</strong></span> <span class='ocrx_word' id='word_1_762' title='bbox 2323 3856 2872 3922; x_wconf 15' lang='lat' dir='ltr'><strong>eodemgrnonasterio</strong></span> <span class='ocrx_word' id='word_1_763' title='bbox 2901 3852 3120 3922; x_wconf 58' lang='lat' dir='ltr'><strong>[tinctus</strong></span> <span class='ocrx_word' id='word_1_764' title='bbox 3141 3853 3344 3922; x_wconf 73' lang='lat' dir='ltr'><strong>legitur</strong></span> <span class='ocrx_word' id='word_1_765' title='bbox 3361 3853 3578 3918; x_wconf 59' lang='lat' dir='ltr'><strong>quida&#39;n</strong></span> 
     </span>
    </p>
   </div>
   <div class='ocr_carea' id='block_1_107' title="bbox 2019 3919 3583 3991">
    <p class='ocr_par' dir='ltr' id='par_1_107' title="bbox 2019 3919 3583 3991">
     <span class='ocr_line' id='line_1_107' title="bbox 2019 3919 3583 3991; baseline -0.001 -16"><span class='ocrx_word' id='word_1_766' title='bbox 2019 3919 2296 3985; x_wconf 79' lang='lat' dir='ltr'><strong>Caloctus,</strong></span> <span class='ocrx_word' id='word_1_767' title='bbox 2334 3922 2473 3990; x_wconf 86' lang='lat' dir='ltr'><strong>apud</strong></span> <span class='ocrx_word' id='word_1_768' title='bbox 2508 3920 2814 3991; x_wconf 67' lang='lat' dir='ltr'><strong>Ughelluni.</strong></span> <span class='ocrx_word' id='word_1_769' title='bbox 2849 3930 2982 3991; x_wconf 81' lang='lat' dir='ltr'><strong>tom.</strong></span> <span class='ocrx_word' id='word_1_770' title='bbox 3017 3919 3104 3972; x_wconf 88' lang='lat' dir='ltr'><strong>VII</strong></span> <span class='ocrx_word' id='word_1_771' title='bbox 3133 3921 3259 3991; x_wconf 62' lang='lat' dir='ltr'><strong>Ital.</strong></span> <span class='ocrx_word' id='word_1_772' title='bbox 3294 3937 3432 3975; x_wconf 65' lang='grc' dir='ltr'>δαί-ι’.</span> <span class='ocrx_word' id='word_1_773' title='bbox 3463 3938 3583 3991; x_wconf 79' lang='lat' dir='ltr'><strong>pag.</strong></span> 
     </span>
    </p>
   </div>
   <div class='ocr_carea' id='block_1_108' title="bbox 2020 3990 3576 4054">
    <p class='ocr_par' dir='ltr' id='par_1_108' title="bbox 2020 3990 3576 4054">
     <span class='ocr_line' id='line_1_108' title="bbox 2020 3990 3576 4054; baseline -0.003 -7"><span class='ocrx_word' id='word_1_774' title='bbox 2020 3995 2142 4048; x_wconf 89' lang='lat' dir='ltr'><strong>6l0.</strong></span> <span class='ocrx_word' id='word_1_775' title='bbox 2167 3993 2355 4046; x_wconf 77' lang='lat' dir='ltr'><strong>Exstat</strong></span> <span class='ocrx_word' id='word_1_776' title='bbox 2385 3993 2436 4044; x_wconf 90' lang='lat' dir='ltr'><strong>in</strong></span> <span class='ocrx_word' id='word_1_777' title='bbox 2467 3991 2735 4044; x_wconf 89' lang='lat' dir='ltr'><strong>tabulario</strong></span> <span class='ocrx_word' id='word_1_778' title='bbox 2767 3990 2824 4044; x_wconf 91' lang='lat' dir='ltr'><strong>S.</strong></span> <span class='ocrx_word' id='word_1_779' title='bbox 2856 3990 3079 4053; x_wconf 72' lang='lat' dir='ltr'><strong>Benigni</strong></span> <span class='ocrx_word' id='word_1_780' title='bbox 3108 3990 3249 4054; x_wconf 87' lang='lat' dir='ltr'><strong>apud</strong></span> <span class='ocrx_word' id='word_1_781' title='bbox 3285 3990 3576 4043; x_wconf 82' lang='lat' dir='ltr'><strong>Perardum</strong></span> 
     </span>
    </p>
   </div>
   <div class='ocr_carea' id='block_1_109' title="bbox 2020 4059 3586 4129">
    <p class='ocr_par' dir='ltr' id='par_1_109' title="bbox 2020 4059 3586 4129">
     <span class='ocr_line' id='line_1_109' title="bbox 2020 4059 3586 4129; baseline -0.002 -14"><span class='ocrx_word' id='word_1_782' title='bbox 2020 4063 2072 4115; x_wconf 90' lang='lat' dir='ltr'><strong>in</strong></span> <span class='ocrx_word' id='word_1_783' title='bbox 2109 4061 2508 4129; x_wconf 71' lang='lat' dir='ltr'><strong>Burguntlicis,</strong></span> <span class='ocrx_word' id='word_1_784' title='bbox 2555 4060 2792 4125; x_wconf 79' lang='lat' dir='ltr'><strong>Epistula</strong></span> <span class='ocrx_word' id='word_1_785' title='bbox 2829 4059 3056 4113; x_wconf 79' lang='lat' dir='ltr'><strong>Joannis</strong></span> <span class='ocrx_word' id='word_1_786' title='bbox 3113 4061 3358 4125; x_wconf 84' lang='lat' dir='ltr'><strong>ejusdem</strong></span> <span class='ocrx_word' id='word_1_787' title='bbox 3401 4076 3586 4112; x_wconf 88' lang='lat' dir='ltr'><strong>mona-</strong></span> 
     </span>
    </p>
   </div>
   <div class='ocr_carea' id='block_1_110' title="bbox 2021 4129 3586 4196">
    <p class='ocr_par' dir='ltr' id='par_1_110' title="bbox 2021 4129 3586 4196">
     <span class='ocr_line' id='line_1_110' title="bbox 2021 4129 3586 4196; baseline -0.004 -10"><span class='ocrx_word' id='word_1_788' title='bbox 2021 4135 2166 4186; x_wconf 84' lang='lat' dir='ltr'><strong>sterii</strong></span> <span class='ocrx_word' id='word_1_789' title='bbox 2200 4132 2415 4184; x_wconf 86' lang='lat' dir='ltr'><strong>abbatis</strong></span> <span class='ocrx_word' id='word_1_790' title='bbox 2471 4130 2732 4196; x_wconf 80' lang='lat' dir='ltr'><strong>inscripta</strong></span> <span class='ocrx_word' id='word_1_791' title='bbox 2798 4130 3016 4182; x_wconf 86' lang='lat' dir='ltr'><strong>Domino</strong></span> <span class='ocrx_word' id='word_1_792' title='bbox 3053 4129 3142 4182; x_wconf 83' lang='grc' dir='ltr'><strong>ΙΙΙ.</strong></span> <span class='ocrx_word' id='word_1_793' title='bbox 3197 4129 3336 4180; x_wconf 81' lang='lat' dir='ltr'><strong>sacri</strong></span> <span class='ocrx_word' id='word_1_794' title='bbox 3397 4129 3586 4195; x_wconf 85' lang='lat' dir='ltr'><strong>palatii</strong></span> 
     </span>
    </p>
   </div>
   <div class='ocr_carea' id='block_1_111' title="bbox 2021 4197 3584 4268">
    <p class='ocr_par' dir='ltr' id='par_1_111' title="bbox 2021 4197 3584 4268">
     <span class='ocr_line' id='line_1_111' title="bbox 2021 4197 3584 4268; baseline -0.003 -12"><span class='ocrx_word' id='word_1_795' title='bbox 2021 4203 2335 4261; x_wconf 83' lang='lat' dir='ltr'><strong>vestarario,</strong></span> <span class='ocrx_word' id='word_1_796' title='bbox 2366 4202 2535 4268; x_wconf 82' lang='lat' dir='ltr'><strong>primo</strong></span> <span class='ocrx_word' id='word_1_797' title='bbox 2563 4200 2816 4268; x_wconf 78' lang='lat' dir='ltr'><strong>senatori,</strong></span> <span class='ocrx_word' id='word_1_798' title='bbox 2838 4215 3031 4252; x_wconf 85' lang='lat' dir='ltr'><strong>necnon</strong></span> <span class='ocrx_word' id='word_1_799' title='bbox 3057 4201 3208 4251; x_wconf 84' lang='lat' dir='ltr'><strong>unico</strong></span> <span class='ocrx_word' id='word_1_800' title='bbox 3234 4197 3584 4268; x_wconf 81' lang='lat' dir='ltr'><strong>Romanorum</strong></span> 
     </span>
    </p>
   </div>
   <div class='ocr_carea' id='block_1_112' title="bbox 2021 4267 3580 4337">
    <p class='ocr_par' dir='ltr' id='par_1_112' title="bbox 2021 4267 3580 4337">
     <span class='ocr_line' id='line_1_112' title="bbox 2021 4267 3580 4337; baseline -0.001 -16"><span class='ocrx_word' id='word_1_801' title='bbox 2021 4272 2162 4324; x_wconf 80' lang='lat' dir='ltr'><strong>duri.</strong></span> <span class='ocrx_word' id='word_1_802' title='bbox 2203 4273 2276 4326; x_wconf 74' lang='lat' dir='ltr'><strong>Ev</strong></span> <span class='ocrx_word' id='word_1_803' title='bbox 2309 4267 2507 4337; x_wconf 86' lang='lat' dir='ltr'><strong>quibus</strong></span> <span class='ocrx_word' id='word_1_804' title='bbox 2536 4267 2812 4332; x_wconf 87' lang='lat' dir='ltr'><strong>conjicere</strong></span> <span class='ocrx_word' id='word_1_805' title='bbox 2844 4279 2927 4322; x_wconf 81' lang='lat' dir='ltr'><strong>est</strong></span> <span class='ocrx_word' id='word_1_806' title='bbox 2979 4270 3242 4321; x_wconf 77' lang='lat' dir='ltr'><strong>ilIuSIrem</strong></span> <span class='ocrx_word' id='word_1_807' title='bbox 3282 4267 3455 4320; x_wconf 77' lang='lat' dir='ltr'><strong>fuisse</strong></span> <span class='ocrx_word' id='word_1_808' title='bbox 3488 4283 3580 4320; x_wconf 76' lang='lat' dir='ltr'><strong>ve-</strong></span> 
     </span>
    </p>
   </div>
   <div class='ocr_carea' id='block_1_113' title="bbox 2021 4338 3579 4406">
    <p class='ocr_par' dir='ltr' id='par_1_113' title="bbox 2021 4338 3579 4406">
     <span class='ocr_line' id='line_1_113' title="bbox 2021 4338 3579 4406; baseline -0.003 -12"><span class='ocrx_word' id='word_1_809' title='bbox 2021 4344 2377 4394; x_wconf 84' lang='lat' dir='ltr'><strong>starariorum</strong></span> <span class='ocrx_word' id='word_1_810' title='bbox 2408 4343 2458 4391; x_wconf 85' lang='lat' dir='ltr'><strong>in</strong></span> <span class='ocrx_word' id='word_1_811' title='bbox 2493 4339 2706 4405; x_wconf 84' lang='lat' dir='ltr'><strong>palatiis</strong></span> <span class='ocrx_word' id='word_1_812' title='bbox 2731 4339 3068 4406; x_wconf 81' lang='lat' dir='ltr'><strong>dignitatem.</strong></span> <span class='ocrx_word' id='word_1_813' title='bbox 3119 4339 3262 4391; x_wconf 86' lang='lat' dir='ltr'><strong>luter</strong></span> <span class='ocrx_word' id='word_1_814' title='bbox 3313 4338 3579 4389; x_wconf 78' lang='lat' dir='ltr'><strong>ecclesia-</strong></span> 
     </span>
    </p>
   </div>
   <div class='ocr_carea' id='block_1_114' title="bbox 2022 4408 3585 4463">
    <p class='ocr_par' dir='ltr' id='par_1_114' title="bbox 2022 4408 3585 4463">
     <span class='ocr_line' id='line_1_114' title="bbox 2022 4408 3585 4463; baseline -0.001 -1"><span class='ocrx_word' id='word_1_815' title='bbox 2022 4412 2158 4463; x_wconf 86' lang='lat' dir='ltr'><strong>stica</strong></span> <span class='ocrx_word' id='word_1_816' title='bbox 2199 4410 2378 4462; x_wconf 88' lang='lat' dir='ltr'><strong>mttuia</strong></span> <span class='ocrx_word' id='word_1_817' title='bbox 2419 4409 2590 4461; x_wconf 79' lang='lat' dir='ltr'><strong>fuisSe</strong></span> <span class='ocrx_word' id='word_1_818' title='bbox 2620 4409 2780 4460; x_wconf 88' lang='lat' dir='ltr'><strong>etiam</strong></span> <span class='ocrx_word' id='word_1_819' title='bbox 2830 4408 3186 4460; x_wconf 81' lang='lat' dir='ltr'><strong>vcstararinm</strong></span> <span class='ocrx_word' id='word_1_820' title='bbox 3241 4409 3398 4459; x_wconf 90' lang='lat' dir='ltr'><strong>docet</strong></span> <span class='ocrx_word' id='word_1_821' title='bbox 3429 4416 3585 4462; x_wconf 83' lang='lat' dir='ltr'><strong>vetus</strong></span> 
     </span>
    </p>
   </div>
   <div class='ocr_carea' id='block_1_115' title="bbox 2020 4474 3586 4542">
    <p class='ocr_par' dir='ltr' id='par_1_115' title="bbox 2020 4474 3586 4542">
     <span class='ocr_line' id='line_1_115' title="bbox 2020 4474 3586 4542; baseline -0.006 -10"><span class='ocrx_word' id='word_1_822' title='bbox 2020 4480 2208 4532; x_wconf 80' lang='lat' dir='ltr'><strong>charta</strong></span> <span class='ocrx_word' id='word_1_823' title='bbox 2243 4495 2332 4532; x_wconf 91' lang='lat' dir='ltr'><strong>an.</strong></span> <span class='ocrx_word' id='word_1_824' title='bbox 2367 4477 2525 4529; x_wconf 65' lang='grc'>1⁸247.</span> <span class='ocrx_word' id='word_1_825' title='bbox 2558 4479 2705 4538; x_wconf 83' lang='lat' dir='ltr'><strong>Apud</strong></span> <span class='ocrx_word' id='word_1_826' title='bbox 2737 4475 3021 4542; x_wconf 75' lang='lat' dir='ltr'><strong>Ughellum</strong></span> <span class='ocrx_word' id='word_1_827' title='bbox 3049 4479 3100 4530; x_wconf 91' lang='lat' dir='ltr'><strong>in</strong></span> <span class='ocrx_word' id='word_1_828' title='bbox 3137 4477 3380 4541; x_wconf 75' lang='lat' dir='ltr'><strong>art&#39;hiep.</strong></span> <span class='ocrx_word' id='word_1_829' title='bbox 3419 4474 3586 4527; x_wconf 81' lang='lat' dir='ltr'><strong>Bene-</strong></span> 
     </span>
    </p>
   </div>
   <div class='ocr_carea' id='block_1_116' title="bbox 2022 4545 3582 4614">
    <p class='ocr_par' dir='ltr' id='par_1_116' title="bbox 2022 4545 3582 4614">
     <span class='ocr_line' id='line_1_116' title="bbox 2022 4545 3582 4614; baseline -0.003 -15"><span class='ocrx_word' id='word_1_830' title='bbox 2022 4557 2170 4602; x_wconf 77' lang='lat' dir='ltr'><strong>vent.</strong></span> <span class='ocrx_word' id='word_1_831' title='bbox 2205 4565 2257 4600; x_wconf 87' lang='grc' dir='ltr'><strong>ιι.</strong></span> <span class='ocrx_word' id='word_1_832' title='bbox 2291 4549 2393 4606; x_wconf 78' lang='grc'><strong>15,</strong></span> <span class='ocrx_word' id='word_1_833' title='bbox 2433 4561 2554 4614; x_wconf 78' lang='lat' dir='ltr'><strong>pag.</strong></span> <span class='ocrx_word' id='word_1_834' title='bbox 2585 4547 2692 4598; x_wconf 69' lang='lat'><strong>210</strong></span> <span class='ocrx_word' id='word_1_835' title='bbox 2722 4586 2736 4608; x_wconf 93' lang='lat'><strong>,</strong></span> <span class='ocrx_word' id='word_1_836' title='bbox 2773 4556 2904 4598; x_wconf 86' lang='lat' dir='ltr'><strong>tom.</strong></span> <span class='ocrx_word' id='word_1_837' title='bbox 2944 4545 3076 4599; x_wconf 66' lang='lat' dir='ltr'><strong>Vlll.</strong></span> <span class='ocrx_word' id='word_1_838' title='bbox 3135 4546 3293 4599; x_wconf 88' lang='lat' dir='ltr'><strong>Certe</strong></span> <span class='ocrx_word' id='word_1_839' title='bbox 3341 4555 3582 4598; x_wconf 76' lang='lat' dir='ltr'><strong>Vestam-</strong></span> 
     </span>
    </p>
   </div>
   <div class='ocr_carea' id='block_1_117' title="bbox 2021 4615 3576 4676">
    <p class='ocr_par' dir='ltr' id='par_1_117' title="bbox 2021 4615 3576 4676">
     <span class='ocr_line' id='line_1_117' title="bbox 2021 4615 3576 4676; baseline -0.001 -9"><span class='ocrx_word' id='word_1_840' title='bbox 2021 4618 2227 4670; x_wconf 88' lang='lat' dir='ltr'><strong>riortuu</strong></span> <span class='ocrx_word' id='word_1_841' title='bbox 2259 4633 2457 4670; x_wconf 86' lang='lat' dir='ltr'><strong>munus</strong></span> <span class='ocrx_word' id='word_1_842' title='bbox 2493 4616 2612 4676; x_wconf 74' lang='lat' dir='ltr'><strong>fuit.</strong></span> <span class='ocrx_word' id='word_1_843' title='bbox 2648 4617 2700 4668; x_wconf 94' lang='lat' dir='ltr'><strong>ni</strong></span> <span class='ocrx_word' id='word_1_844' title='bbox 2733 4615 2912 4676; x_wconf 78' lang='lat' dir='ltr'><strong>fallor.</strong></span> <span class='ocrx_word' id='word_1_845' title='bbox 2945 4618 3088 4670; x_wconf 88' lang='lat' dir='ltr'><strong>circa</strong></span> <span class='ocrx_word' id='word_1_846' title='bbox 3121 4615 3459 4671; x_wconf 80' lang='lat' dir='ltr'><strong>vestiarium.</strong></span> <span class='ocrx_word' id='word_1_847' title='bbox 3481 4630 3576 4666; x_wconf 86' lang='lat' dir='ltr'><strong>seu</strong></span> 
     </span>
    </p>
   </div>
   <div class='ocr_carea' id='block_1_118' title="bbox 2023 4683 3582 4750">
    <p class='ocr_par' dir='ltr' id='par_1_118' title="bbox 2023 4683 3582 4750">
     <span class='ocr_line' id='line_1_118' title="bbox 2023 4683 3582 4750; baseline -0.001 -12"><span class='ocrx_word' id='word_1_848' title='bbox 2023 4687 2298 4740; x_wconf 72' lang='lat' dir='ltr'><strong>:rrarium.</strong></span> <span class='ocrx_word' id='word_1_849' title='bbox 2337 4684 2487 4740; x_wconf 81' lang='lat' dir='ltr'><strong>Adde</strong></span> <span class='ocrx_word' id='word_1_850' title='bbox 2525 4686 2745 4739; x_wconf 87' lang='lat' dir='ltr'><strong>Paulum</strong></span> <span class='ocrx_word' id='word_1_851' title='bbox 2792 4686 3066 4737; x_wconf 81' lang='lat' dir='ltr'><strong>Waruefr.</strong></span> <span class='ocrx_word' id='word_1_852' title='bbox 3121 4685 3211 4737; x_wconf 92' lang='lat' dir='ltr'><strong>lib.</strong></span> <span class='ocrx_word' id='word_1_853' title='bbox 3257 4702 3285 4736; x_wconf 87' lang='grc' dir='ltr'><strong>ν</strong></span> <span class='ocrx_word' id='word_1_854' title='bbox 3339 4683 3411 4736; x_wconf 89' lang='lat' dir='ltr'><strong>De</strong></span> <span class='ocrx_word' id='word_1_855' title='bbox 3454 4693 3582 4750; x_wconf 82' lang='lat' dir='ltr'><strong>gest.</strong></span> 
     </span>
    </p>
   </div>
   <div class='ocr_carea' id='block_1_119' title="bbox 2024 4752 3576 4823">
    <p class='ocr_par' dir='ltr' id='par_1_119' title="bbox 2024 4752 3576 4823">
     <span class='ocr_line' id='line_1_119' title="bbox 2024 4752 3576 4823; baseline -0.003 -15"><span class='ocrx_word' id='word_1_856' title='bbox 2024 4755 2255 4823; x_wconf 82' lang='lat' dir='ltr'><strong>Langob.</strong></span> <span class='ocrx_word' id='word_1_857' title='bbox 2288 4771 2407 4823; x_wconf 85' lang='lat' dir='ltr'><strong>cap.</strong></span> <span class='ocrx_word' id='word_1_858' title='bbox 2437 4756 2492 4806; x_wconf 72' lang='grc'>2.</span> <span class='ocrx_word' id='word_1_859' title='bbox 2530 4755 2781 4807; x_wconf 82' lang='lat' dir='ltr'><strong>Diversus</strong></span> <span class='ocrx_word' id='word_1_860' title='bbox 2813 4772 2973 4822; x_wconf 89' lang='lat' dir='ltr'><strong>porro</strong></span> <span class='ocrx_word' id='word_1_861' title='bbox 3001 4753 3497 4822; x_wconf 78' lang='grc' dir='ltr'>πρωτοϐεστιὰριος</span> <span class='ocrx_word' id='word_1_862' title='bbox 3523 4752 3576 4804; x_wconf 90' lang='lat' dir='ltr'><strong>iu</strong></span> 
     </span>
    </p>
   </div>
   <div class='ocr_carea' id='block_1_120' title="bbox 2026 4823 3581 4892">
    <p class='ocr_par' dir='ltr' id='par_1_120' title="bbox 2026 4823 3581 4892">
     <span class='ocr_line' id='line_1_120' title="bbox 2026 4823 3581 4892; baseline -0.004 -17"><span class='ocrx_word' id='word_1_863' title='bbox 2026 4826 2145 4878; x_wconf 90' lang='lat' dir='ltr'><strong>aula</strong></span> <span class='ocrx_word' id='word_1_864' title='bbox 2182 4825 2786 4890; x_wconf 80' lang='lat' dir='ltr'><strong>Coustantitmpolitana</strong></span> <span class='ocrx_word' id='word_1_865' title='bbox 2815 4863 2829 4884; x_wconf 89' lang='lat'><strong>,</strong></span> <span class='ocrx_word' id='word_1_866' title='bbox 2881 4840 2908 4875; x_wconf 93' lang='lat' dir='ltr'><strong>a</strong></span> <span class='ocrx_word' id='word_1_867' title='bbox 2943 4823 3380 4892; x_wconf 80' lang='lat' dir='ltr'><strong>protovestiarita</strong></span> <span class='ocrx_word' id='word_1_868' title='bbox 3406 4862 3420 4879; x_wconf 85' lang='lat'><strong>.</strong></span> <span class='ocrx_word' id='word_1_869' title='bbox 3462 4836 3581 4892; x_wconf 79' lang='lat' dir='ltr'><strong>nam</strong></span> 
     </span>
    </p>
   </div>
   <div class='ocr_carea' id='block_1_121' title="bbox 2029 4891 3581 4961">
    <p class='ocr_par' dir='ltr' id='par_1_121' title="bbox 2029 4891 3581 4961">
     <span class='ocr_line' id='line_1_121' title="bbox 2029 4891 3581 4961; baseline -0.003 -15"><span class='ocrx_word' id='word_1_870' title='bbox 2029 4895 2076 4946; x_wconf 82' lang='lat' dir='ltr'><strong>is</strong></span> <span class='ocrx_word' id='word_1_871' title='bbox 2119 4896 2388 4948; x_wconf 78' lang='lat' dir='ltr'><strong>vestiariis</strong></span> <span class='ocrx_word' id='word_1_872' title='bbox 2419 4904 2667 4961; x_wconf 68' lang='lat' dir='ltr'><strong>praeerat.</strong></span> <span class='ocrx_word' id='word_1_873' title='bbox 2700 4893 2771 4946; x_wconf 87' lang='lat' dir='ltr'><strong>De</strong></span> <span class='ocrx_word' id='word_1_874' title='bbox 2801 4891 3028 4960; x_wconf 83' lang='lat' dir='ltr'><strong>utraque</strong></span> <span class='ocrx_word' id='word_1_875' title='bbox 3078 4893 3338 4958; x_wconf 79' lang='lat' dir='ltr'><strong>dignitate</strong></span> <span class='ocrx_word' id='word_1_876' title='bbox 3379 4891 3581 4961; x_wconf 74' lang='lat' dir='ltr'><strong>passim</strong></span> 
     </span>
    </p>
   </div>
   <div class='ocr_carea' id='block_1_122' title="bbox 2029 4957 3584 5030">
    <p class='ocr_par' dir='ltr' id='par_1_122' title="bbox 2029 4957 3584 5030">
     <span class='ocr_line' id='line_1_122' title="bbox 2029 4957 3584 5030; baseline -0.006 -16"><span class='ocrx_word' id='word_1_877' title='bbox 2029 4964 2327 5029; x_wconf 75' lang='lat' dir='ltr'><strong>scriptores</strong></span> <span class='ocrx_word' id='word_1_878' title='bbox 2359 4957 2663 5028; x_wconf 60' lang='lat' dir='ltr'><strong>Byzantini.</strong></span> <span class='ocrx_word' id='word_1_879' title='bbox 2701 4957 2954 5015; x_wconf 71' lang='lat' dir='ltr'><strong>Oceurrii</strong></span> <span class='ocrx_word' id='word_1_880' title='bbox 2990 4957 3246 5030; x_wconf 68' lang='lat' dir='ltr'><strong>praeterea</strong></span> <span class='ocrx_word' id='word_1_881' title='bbox 3277 4961 3415 5024; x_wconf 89' lang='lat' dir='ltr'><strong>apud</strong></span> <span class='ocrx_word' id='word_1_882' title='bbox 3446 4957 3584 5030; x_wconf 49' lang='lat'><strong>[£30-</strong></span> 
     </span>
    </p>
   </div>
   <div class='ocr_carea' id='block_1_123' title="bbox 2031 5028 3585 5096">
    <p class='ocr_par' dir='ltr' id='par_1_123' title="bbox 2031 5028 3585 5096">
     <span class='ocr_line' id='line_1_123' title="bbox 2031 5028 3585 5096; baseline -0.004 -12"><span class='ocrx_word' id='word_1_883' title='bbox 2031 5049 2060 5084; x_wconf 90' lang='lat' dir='ltr'><strong>u</strong></span> <span class='ocrx_word' id='word_1_884' title='bbox 2099 5028 2587 5087; x_wconf 84' lang='lat' dir='ltr'><strong>tuGrammaticum</strong></span> <span class='ocrx_word' id='word_1_885' title='bbox 2610 5033 2661 5084; x_wconf 92' lang='lat' dir='ltr'><strong>in</strong></span> <span class='ocrx_word' id='word_1_886' title='bbox 2687 5028 3043 5084; x_wconf 83' lang='lat' dir='ltr'><strong>Constantino</strong></span> <span class='ocrx_word' id='word_1_887' title='bbox 3085 5032 3414 5096; x_wconf 82' lang='lat' dir='ltr'><strong>Porphyrog.</strong></span> <span class='ocrx_word' id='word_1_888' title='bbox 3450 5028 3585 5096; x_wconf 82' lang='grc' dir='ltr'>Πρι-</span> 
     </span>
    </p>
   </div>
   <div class='ocr_carea' id='block_1_124' title="bbox 2031 5095 3581 5170">
    <p class='ocr_par' dir='ltr' id='par_1_124' title="bbox 2031 5095 3581 5170">
     <span class='ocr_line' id='line_1_124' title="bbox 2031 5095 3581 5170; baseline -0.005 -18"><span class='ocrx_word' id='word_1_889' title='bbox 2031 5105 2294 5170; x_wconf 72' lang='grc' dir='ltr'>μικήριος</span> <span class='ocrx_word' id='word_1_890' title='bbox 2326 5101 2420 5152; x_wconf 76' lang='grc' dir='ltr'>τοῦ</span> <span class='ocrx_word' id='word_1_891' title='bbox 2451 5100 2731 5166; x_wconf 80' lang='grc' dir='ltr'>βασιλικοῦ</span> <span class='ocrx_word' id='word_1_892' title='bbox 2785 5100 3096 5170; x_wconf 78' lang='grc' dir='ltr'>βεστιαρίου</span> <span class='ocrx_word' id='word_1_893' title='bbox 3129 5137 3145 5160; x_wconf 86' lang='grc'><em>,</em></span> <span class='ocrx_word' id='word_1_894' title='bbox 3192 5095 3324 5170; x_wconf 67' lang='grc' dir='ltr'><strong>ιμιιῑΔ</strong></span> <span class='ocrx_word' id='word_1_895' title='bbox 3368 5095 3581 5170; x_wconf 74' lang='lat' dir='ltr'><strong>quidem</strong></span> 
     </span>
    </p>
   </div>
   <div class='ocr_carea' id='block_1_125' title="bbox 2029 5163 3584 5236">
    <p class='ocr_par' dir='ltr' id='par_1_125' title="bbox 2029 5163 3584 5236">
     <span class='ocr_line' id='line_1_125' title="bbox 2029 5163 3584 5236; baseline -0.004 -15"><span class='ocrx_word' id='word_1_896' title='bbox 2029 5163 2261 5236; x_wconf 37' lang='lat' dir='ltr'><strong>{ligni-tas</strong></span> <span class='ocrx_word' id='word_1_897' title='bbox 2284 5163 2550 5222; x_wconf 74' lang='lat' dir='ltr'><strong>comitivae</strong></span> <span class='ocrx_word' id='word_1_898' title='bbox 2579 5163 2856 5223; x_wconf 78' lang='lat' dir='ltr'><strong>sacrarum</strong></span> <span class='ocrx_word' id='word_1_899' title='bbox 2881 5163 3224 5236; x_wconf 70' lang='lat' dir='ltr'><strong>largitionum</strong></span> <span class='ocrx_word' id='word_1_900' title='bbox 3255 5165 3384 5216; x_wconf 83' lang='lat' dir='ltr'><strong>olim</strong></span> <span class='ocrx_word' id='word_1_901' title='bbox 3410 5163 3584 5216; x_wconf 70' lang='lat' dir='ltr'><strong>fuisse</strong></span> 
     </span>
    </p>
   </div>
   <div class='ocr_carea' id='block_1_126' title="bbox 2028 5235 3282 5304">
    <p class='ocr_par' dir='ltr' id='par_1_126' title="bbox 2028 5235 3282 5304">
     <span class='ocr_line' id='line_1_126' title="bbox 2028 5235 3282 5304; baseline -0.004 -14"><span class='ocrx_word' id='word_1_902' title='bbox 2028 5235 2236 5291; x_wconf 70' lang='lat' dir='ltr'><strong>annexa</strong></span> <span class='ocrx_word' id='word_1_903' title='bbox 2275 5240 2546 5304; x_wconf 76' lang='lat' dir='ltr'><strong>colligitur</strong></span> <span class='ocrx_word' id='word_1_904' title='bbox 2570 5254 2631 5290; x_wconf 71' lang='lat' dir='ltr'><strong>ex</strong></span> <span class='ocrx_word' id='word_1_905' title='bbox 2661 5248 2912 5291; x_wconf 87' lang='lat' dir='ltr'><strong>senatore</strong></span> <span class='ocrx_word' id='word_1_906' title='bbox 2945 5238 3064 5289; x_wconf 87' lang='lat' dir='ltr'><strong>loco</strong></span> <span class='ocrx_word' id='word_1_907' title='bbox 3096 5235 3282 5304; x_wconf 64' lang='lat' dir='ltr'><strong>citato.</strong></span> 
     </span>
    </p>
   </div>
   <div class='ocr_carea' id='block_1_127' title="bbox 2096 5302 3580 5375">
    <p class='ocr_par' dir='ltr' id='par_1_127' title="bbox 2096 5302 3580 5375">
     <span class='ocr_line' id='line_1_127' title="bbox 2096 5302 3580 5375; baseline -0.005 -17"><span class='ocrx_word' id='word_1_908' title='bbox 2096 5309 2206 5373; x_wconf 70' lang='lat'><strong>(8|)</strong></span> <span class='ocrx_word' id='word_1_909' title='bbox 2241 5302 2728 5375; x_wconf 65' lang='grc' dir='ltr'>Πανοὺκομήτης.</span> <span class='ocrx_word' id='word_1_910' title='bbox 2756 5306 2918 5373; x_wconf 78' lang='lat'><strong>287</strong></span> <span class='ocrx_word' id='word_1_911' title='bbox 2939 5307 3158 5356; x_wconf 70' lang='lat' dir='ltr'><strong>Nicetas</strong></span> <span class='ocrx_word' id='word_1_912' title='bbox 3180 5302 3580 5362; x_wconf 81' lang='lat' dir='ltr'><strong>Panucometes,</strong></span> 
     </span>
    </p>
   </div>
   <div class='ocr_carea' id='block_1_128' title="bbox 2023 5376 2472 5441">
    <p class='ocr_par' dir='ltr' id='par_1_128' title="bbox 2023 5376 2472 5441">
     <span class='ocr_line' id='line_1_128' title="bbox 2023 5376 2472 5441; baseline 0 -13"><span class='ocrx_word' id='word_1_913' title='bbox 2023 5379 2160 5428; x_wconf 62' lang='lat' dir='ltr'><strong>iul‘ra</strong></span> <span class='ocrx_word' id='word_1_914' title='bbox 2199 5393 2315 5441; x_wconf 61' lang='lat' dir='ltr'><strong>pag.</strong></span> <span class='ocrx_word' id='word_1_915' title='bbox 2351 5376 2472 5428; x_wconf 62' lang='grc'>546.</span> 
     </span>
    </p>
   </div>
   <div class='ocr_carea' id='block_1_129' title="bbox 2101 5438 3583 5514">
    <p class='ocr_par' dir='ltr' id='par_1_129' title="bbox 2101 5438 3583 5514">
     <span class='ocr_line' id='line_1_129' title="bbox 2101 5438 3583 5514; baseline -0.005 -17"><span class='ocrx_word' id='word_1_916' title='bbox 2101 5438 2209 5514; x_wconf 69' lang='grc'><strong>(82)</strong></span> <span class='ocrx_word' id='word_1_917' title='bbox 2249 5448 2400 5510; x_wconf 78' lang='grc' dir='ltr'>Πρὸς</span> <span class='ocrx_word' id='word_1_918' title='bbox 2441 5446 2545 5508; x_wconf 69' lang='grc' dir='ltr'><strong>τὰς</strong></span> <span class='ocrx_word' id='word_1_919' title='bbox 2583 5443 2800 5505; x_wconf 63' lang='grc' dir='ltr'><strong>ἔξωθεν</strong></span> <span class='ocrx_word' id='word_1_920' title='bbox 2849 5441 3204 5514; x_wconf 51' lang='grc' dir='ltr'><strong>,ιὲ“τ-ί.ςςεόυ1ιειςντ⁸</strong></span> <span class='ocrx_word' id='word_1_921' title='bbox 3231 5438 3360 5490; x_wconf 78' lang='lat' dir='ltr'><strong>Nam</strong></span> <span class='ocrx_word' id='word_1_922' title='bbox 3415 5454 3583 5504; x_wconf 83' lang='lat' dir='ltr'><strong>oppu-</strong></span> 
     </span>
    </p>
   </div>
   <div class='ocr_carea' id='block_1_130' title="bbox 2027 5508 3582 5587">
    <p class='ocr_par' dir='ltr' id='par_1_130' title="bbox 2027 5508 3582 5587">
     <span class='ocr_line' id='line_1_130' title="bbox 2027 5508 3582 5587; baseline -0.007 -20"><span class='ocrx_word' id='word_1_923' title='bbox 2027 5508 2304 5587; x_wconf 78' lang='lat' dir='ltr'><strong>gnantiuni</strong></span> <span class='ocrx_word' id='word_1_924' title='bbox 2358 5516 2613 5565; x_wconf 76' lang='lat' dir='ltr'><strong>machinis</strong></span> <span class='ocrx_word' id='word_1_925' title='bbox 2687 5511 2973 5587; x_wconf 80' lang='lat' dir='ltr'><strong>per_ulias</strong></span> <span class='ocrx_word' id='word_1_926' title='bbox 3037 5508 3582 5587; x_wconf 43' lang='lat' dir='ltr'><strong>niaclti’uasmconsue-</strong></span> 
     </span>
    </p>
   </div>
   <div class='ocr_carea' id='block_1_131' title="bbox 2031 5576 3585 5651">
    <p class='ocr_par' dir='ltr' id='par_1_131' title="bbox 2031 5576 3585 5651">
     <span class='ocr_line' id='line_1_131' title="bbox 2031 5576 3585 5651; baseline -0.008 -10"><span class='ocrx_word' id='word_1_927' title='bbox 2031 5576 2103 5641; x_wconf 69' lang='lat' dir='ltr'><strong>i&#39;it</strong></span> <span class='ocrx_word' id='word_1_928' title='bbox 2141 5585 2345 5644; x_wconf 67' lang='grc' dir='ltr'><em>οὺδὶοιὶ,</em></span> <span class='ocrx_word' id='word_1_929' title='bbox 2376 5585 2450 5634; x_wconf 87' lang='lat' dir='ltr'><strong>ait</strong></span> <span class='ocrx_word' id='word_1_930' title='bbox 2493 5576 2764 5651; x_wconf 71' lang='lat' dir='ltr'><strong>Vegetius.</strong></span> <span class='ocrx_word' id='word_1_931' title='bbox 2799 5581 2874 5635; x_wconf 89' lang='lat' dir='ltr'><strong>lib</strong></span> <span class='ocrx_word' id='word_1_932' title='bbox 2925 5595 3006 5638; x_wconf 74' lang='lat' dir='ltr'><strong>tv.</strong></span> <span class='ocrx_word' id='word_1_933' title='bbox 3041 5595 3158 5648; x_wconf 89' lang='lat' dir='ltr'><strong>cap.</strong></span> <span class='ocrx_word' id='word_1_934' title='bbox 3193 5579 3246 5642; x_wconf 86' lang='lat'><strong>8,</strong></span> <span class='ocrx_word' id='word_1_935' title='bbox 3313 5576 3382 5628; x_wconf 66' lang='lat'><strong>22</strong></span> <span class='ocrx_word' id='word_1_936' title='bbox 3415 5586 3467 5630; x_wconf 88' lang='lat' dir='ltr'><strong>et</strong></span> <span class='ocrx_word' id='word_1_937' title='bbox 3496 5576 3585 5632; x_wconf 68' lang='grc'><strong>29.</strong></span> 
     </span>
    </p>
   </div>
  </div>
