4068 6266
530 413 632 480 347

1817 415 2044 478 ΛΝΝΞΕ
2077 415 2463 476 COM—NEN/E

3695 410 3798 473 {‘48

539 548 706 601 riu-go
741 539 1039 588 exstantem
1073 543 1104 584 e
1134 527 1288 600 plaga
1325 529 1603 600 cuSpidem
1636 545 1742 600 qua
1797 543 1949 600 parte
1983 545 2114 602 peu-

2224 530 2324 600 τὴν
2371 527 2702 596 ὁδοιπορίαν.
2743 525 3086 580 Καταλαϐὼν
3148 526 3204 580 δὲ
3249 528 3349 598 τὴν
3393 527 3796 600 Θεσσαλονίκην

544 627 688 681 nulte
718 625 856 694 adigi
893 623 1091 691 solt-nt,
1120 623 1286 678 incidi
1325 624 1634 687 curavisse.
1673 625 1882 696 reliqua
1917 627 2111 695 sagitta

533 721 588 774 in
619 717 846 773 vulnere
881 718 1094 783 relicta,
1127 717 1318 787 sicque
1385 717 1624 790 obligato
1683 730 1842 786 prout
1897 729 2111 787 tempus

535 811 680 875 sivit,
712 811 892 878 capite
945 809 1004 864 in
1057 813 1260 866 medios
1307 827 1529 866 rursum
1587 812 1770 867 hostes
1849 812 2112 881 prajcipiti

538 905 740 972 impetu
778 902 980 968 ruisse,
1011 902 1417 972 fortissimeque
1449 904 1520 958 ibi
1563 917 1836 974 pugnasse
1866 942 1879 966 .
1932 905 2110 974 quoad

535 1011 630 1064 per
661 998 834 1050 lucem
871 995 1058 1060 licuit,
1093 995 1162 1050 de
1199 996 1316 1050 loco
1349 997 1497 1052 nulla
1531 996 1584 1051 vi
1617 998 1883 1050 dimotum
1939 1013 2114 1066 usque

538 1087 604 1140 ad
641 1086 964 1155 profundam
999 1103 1302 1155 vesperam,
1354 1089 1577 1158 quando
1630 1101 1789 1146 nocte
1833 1101 2111 1146 certamen

535 1186 621 1232 est
649 1179 1004 1247 diremptum.
1040 1179 1134 1234 llis
1163 1181 1460 1252 imperator
1485 1181 1686 1238 auditis
1717 1181 1874 1238 facile
1908 1184 2114 1240 intelli-

536 1287 671 1340 gens
705 1282 921 1326 maturo
963 1273 1168 1326 auxilio
1200 1289 1322 1328 esse
1350 1289 1485 1344 opus
1517 1273 1758 1330 obsessis
1787 1315 1800 1336 ,
1835 1276 2114 1344 corripere

536 1365 765 1434 gradum
799 1364 1056 1419 instituit.
1092 1363 1210 1431 Quo
1241 1365 1436 1422 itinere
1485 1365 1929 1421 Thessalonicam
1962 1367 2113 1422 dela-

547 1463 658 1520 tus,
695 1457 822 1511 inde
853 1455 1056 1510 certius
1087 1457 1381 1526 exploratis
1431 1459 1590 1512 rebus
1641 1457 1878 1512 hostium
1905 1498 1922 1524 ,
1978 1453 2112 1514 satis

539 1547 850 1614 comperit:
888 1548 1377 1602 instructissimum
1429 1550 1581 1618 copia
1635 1565 1818 1604 rerum
1867 1551 2110 1606 omnium

543 1647 598 1692 ct
627 1641 868 1694 virorum
928 1640 1144 1696 fortium
1176 1643 1414 1698 maximo
1445 1660 1670 1700 numero
1697 1644 1992 1700 Robertum
2027 1647 2114 1702 di-

541 1731 896 1802 ligentissime
981 1735 1280 1790 munivisse
1335 1745 1516 1790 castra
1549 1738 1665 1792 loco
1711 1755 1818 1793 non
1878 1740 2112 1809 amplius

2217 621 2304 675 διὰ
2345 617 2556 672 πολλῶν
2585 617 2652 672 τὰ
2685 618 2827 672 κατὰ
2860 619 2952 672 τδν
2985 617 3329 690 Ῥομπέρτον
3364 619 3458 674 ἐπὶ
3488 620 3650 674 πλέον
3673 620 3796 674 ἐϐε-

2217 711 2458 766 ϐαιοῦτο.
2495 711 2603 764 Καὶ
2625 709 2731 782 γὰρ
2756 711 2974 780 ἕτοιμος
2999 709 3075 764 ὣν
3105 711 3132 763 ὁ
3170 710 3506 780 Ῥομπὲρτος
3549 713 3644 766 καὶ
3676 729 3800 779 γεν-

2218 801 2400 865 ναίους
2427 801 2532 872 μὴν
2557 802 2604 834 ³⁵
2635 802 3050 871 παρετοιμάαας
3093 801 3466 873 στρατιώτας,
3509 803 3711 872 πολλὴν
3741 803 3798 857 δὲ

2221 895 2315 948 καὶ
2353 893 2486 964 ὓλην
2519 893 2663 947 κατὰ
2695 893 2792 963 τὴν
2833 893 3058 948 πεδιάδα
3103 895 3467 964 συναθροίσας
3505 895 3600 948 τοῦ
3643 897 3796 965 Δυρ-
3831 923 3836 934 -

2219 986 2407 1056 ραχίου
2441 986 2540 1055 τὴν
2577 985 2937 1057 παρεμϐολὴν
2967 985 3252 1052 κατέθετο,
3289 988 3422 1039 ὡσεὶ
3445 987 3600 1052 τόξου
3637 985 3796 1057 βολὴ-ι

2217 1079 2324 1131 τῶν
2355 1083 2551 1152 τειχῶν
2581 1079 2771 1135 τούτου
2803 1079 3117 1150 ἀπέχουσαν
3138 1097 3152 1111 ·
3205 1081 3407 1143 πολλὰς
3457 1081 3642 1149 μέντοι
3689 1079 3798 1132 τῶν

2216 1169 2308 1223 ὑπ’
2337 1171 2504 1226 αὐτὸν
2539 1169 2798 1241 δυνάμεις
2831 1173 2926 1224 καὶ
2955 1171 3176 1241 περὶτὰ
3211 1172 3334 1240 ὅρη,
3368 1171 3462 1226 καὶ
3483 1171 3550 1224 τὰ
3585 1171 3798 1240 τέμττη,

2217 1263 2456 1326 καὶτοὺς
2477 1263 2698 1333 βουνοὺς
2722 1263 3004 1317 κατέθετο.
3033 1263 3194 1316 Ἀλλὰ
3216 1263 3310 1315 καὶ
3327 1263 3424 1332 τὴν
3445 1263 3536 1315 τοῦ
3565 1263 3803 1316 Παλαισ-

2215 1357 2374 1425 λόγου
2416 1355 2736 1425 ἐπιμέλειαν
2760 1357 2823 1408 ἐκ
2846 1355 3057 1408 πολλῶν
3086 1355 3492 1424 κατεμάνθανε.
3523 1355 3662 1424 Ἤδη
3691 1353 3800 1424 γὰρ

2219 1449 2246 1502 ὁ
2281 1447 2671 1516 Παλαιολόγος,
2720 1448 3005 1518 ἐμπρῆσαι
3037 1447 3417 1517 διανιούμενος
3451 1447 3542 1498 τὸν
3578 1447 3800 1516 ἑτοιμα-

2220 1538 2415 1594 σθέντα
2439 1537 2592 1609 παρὰ
2625 1537 2966 1607 Ῥομπέρτου
3012 1538 3241 1606 μόσυνα,
3287 1537 3382 1589 καὶ
3413 1537 3526 1596 τοῖς
3559 1533 3798 1606 τείχεσιν

2216 1633 2428 1695 ἐπιθεὶς
2455 1631 2684 1700 νάφθαν,
2729 1629 2822 1684 καί⁸
2853 1630 3078 1698 πίσσαν,
3127 1632 3221 1683 καὶ
3255 1629 3454 1699 ξηρῶνξ
3476 1629 3648 1693 ξύλων
3684 1629 3801 1698 σχί-

2217 1724 2410 1787 δακας,
2443 1723 2538 1776 καὶ
2565 1723 2824 1777 λιθοϐόλα
2849 1721 3081 1794 ὃργανα,
3122 1723 3219 1794 τὴν
3251 1721 3344 1776 τοῦ
3389 1721 3628 1790 πολέμου
3658 1739 3800 1790 συμ-

537 1839 700 1891 quam
738 1825 888 1892 jactu
947 1842 1107 1882 arcus
1163 1843 1192 1882 a
1249 1829 1545 1900 Dyrrachio
1591 1831 1874 1888 distante:
1943 1845 2114 1888 mate-

2220 1815 2383 1884 ϐολὴν
2421 1817 2468 1848 ⁸⁵
2507 1815 2852 1885 ἐκαραδόκει.
2893 1817 3272 1888 Προσδόκιμον
3307 1815 3360 1868 δὲ
3389 1815 3481 1868 τδν
3521 1813 3800 1883 Ῥομπέρο

535 1915 674 1968 riam
711 1917 778 1971 ad
811 1933 927 1971 eam
971 1919 1329 1973 munitionem
1358 1936 1422 1974 ex
1459 1923 1710 1976 universa
1763 1939 1858 1993 per
1910 1925 2110 1980 circui-

535 2017 649 2061 tum
712 2011 1003 2078 campestri
1059 2012 1283 2078 regione
1359 2021 1754 2081 comportatam
1809 2035 1822 2070 :
1901 2015 2112 2072 idoneis

535 2099 785 2153 eumdem
823 2101 1090 2167 prmsidiis
1111 2117 1336 2157 suorum
1373 2103 1620 2160 obtinere
1653 2119 1864 2163 montes
1897 2109 2106 2164 circum

539 2205 755 2252 Omnes.
791 2192 1181 2264 angustiasque
1207 2195 1425 2250 vallium
1451 2237 1466 2262 ,
1509 2211 1574 2253 ac
1633 2214 1787 2256 arces
1836 2201 2054 2256 collium
2095 2221 2110 2258 :

544 2277 640 2336 sed
671 2289 724 2335 et
753 2281 1062 2353 vigilantem
1105 2300 1169 2341 ac
1212 2284 1404 2342 fortem
1479 2293 1962 2362 prepngnatioucm
2017 2294 2116 2350 Pa-

537 2373 748 2442 laeologi
780 2375 1032 2430 audiebat
1061 2377 1259 2432 ibidem
1285 2395 1350 2434 ex
1374 2380 1560 2435 multis
1599 2383 1840 2438 studiose
1887 2401 2114 2440 narran-

537 2465 684 2520 tibus
707 2505 722 2533 ,
757 2481 882 2522 eum
925 2467 1266 2524 inflammare
1294 2471 1626 2541 cogitantem
1663 2477 1856 2530 turrim
1887 2477 2114 2534 Roherti

537 2553 801 2624 ligneam.
839 2571 1035 2626 praesto
1065 2559 1318 2615 habuisse
1348 2576 1532 2616 secum
1561 2564 1614 2618 in
1647 2568 1820 2621 muris
1855 2568 2112 2636 naphtam

541 2648 718 2715 picem
753 2653 805 2699 et
837 2646 1116 2700 aridorum
1150 2647 1418 2717 lignorum
1453 2661 1693 2719 paratam
1726 2657 1936 2724 cupiam
1965 2698 1978 2722 ,
2004 2659 2115 2712 dis-

543 2733 736 2804 positis
776 2735 996 2802 insupcr
1025 2736 1275 2792 balistis:
1309 2739 1500 2808 sicque
1556 2741 1820 2798 insultnm
1877 2747 2114 2802 hostium

541 2833 594 2881 et
627 2827 1004 2882 machinarum
1041 2829 1317 2884 hostilium
1345 2831 1450 2885 vim
1483 2832 1610 2890 forti
1661 2843 1714 2889 ct
1745 2845 1894 2893 certo
1924 2855 2118 2910 exspe-

544 2925 726 2972 ctasse
766 2919 970 2974 animo.
1008 2919 1161 2986 Quod
1189 2931 1370 2978 autem
1406 2927 1571 2980 sciret
1602 2943 1852 2998 magnum
1875 2931 1942 2984 ad
1966 2947 2114 2998 spem

541 3009 687 3064 arcis
716 3013 1095 3080 expugnandae
1126 3029 1153 3065 a
1189 3011 1428 3069 [ioberto
1471 3029 1804 3073 momentum
1859 3023 2118 3078 constitui

543 3101 597 3154 in
627 3109 776 3155 turre
818 3101 991 3170 lignea
1024 3119 1188 3172 quam
1216 3103 1418 3158 dudum
1455 3124 1648 3178 magno
1689 3121 1908 3182 sumptu
1965 3129 2119 3170 com-

2217 1925 2311 1962 τον
2342 1908 2484 1978 ἔχων
2537 1910 2592 1972 ἐς
2623 1909 2821 1974 νέωτα,
2872 1909 2930 1962 ὃν
2962 1907 3284 1979 προφθάσας
3315 1907 3611 1978 ἡτοίμασεν
3651 1905 3798 1970 ὲντδς

2218 1999 2428 2065 ξύλινον
2452 2001 2662 2072 πύργον
2701 2002 2936 2056 κατευθὺ
2963 2001 3054 2055 τοῦ
3086 2001 3290 2068 ἔξωθεν
3327 2001 3628 2072 ἐρχομένου
3658 2000 3797 2070 πύρ-

2216 2109 2315 2164 γου
2357 2095 2733 2163 καταστήσας,
2769 2094 2840 2147 δι’
2883 2093 3011 2165 ὅλης
3047 2093 3242 2157 νυκτὸς
3291 2093 3624 2163 δοκιμασίαν
3675 2095 3806 2145 ἐπε-

2216 2181 2410 2245 ποίητο
2459 2183 2552 2236 τοῦ
2589 2183 2798 2238 ἄνωθεν
2846 2187 3038 2238 τούτου
3075 2184 3233 2238 δοκοῦ
3289 2183 3349 2236 ὃν
3389 2183 3802 2255 προϐάλλεσθαι

2214 2269 2444 2343 ἔμελλον
2481 2275 2623 2326 κατὰ
2647 2273 2754 2326 τῶν
2781 2273 3066 2344 θυρέτρων
3097 2275 3190 2328 τοῦ
3219 2275 3450 2344 μόσυνος
3477 2274 3574 2328 τοῦ
3597 2275 3800 2341 ἔξωθεν

2217 2367 2586 2442 ὲνηγελμένου
2607 2369 2675 2430 ³⁸,
2703 2367 2750 2418 εί
2779 2366 2955 2437 ῥᾷστά
2990 2383 3048 2419 τε
3078 2370 3298 2432 κινοῖτο,
3327 2366 3420 2420 καὶ
3455 2365 3802 2436 ἀντιπρόσω-

2223 2478 2322 2523 πος
2357 2459 2700 2514 ἀντιτιίίπτων
2734 2462 2852 2524 ταῖς
2877 2459 3072 2530 θύραις
3122 2462 3222 2513 οὐκ
3269 2462 3510 2524 εὐκόλως
3545 2459 3804 2529 ἀνοίγνυ-

2219 2554 2344 2606 σθαι
2407 2551 2832 2625 ξυγχωρὴσειεν.
2877 2555 3142 2621 Διαγνοὺς
3201 2553 3260 2606 δὲ
3310 2553 3385 2616 ὡς
3435 2553 3680 2614 εὐπετῶς
3737 2551 3802 2606 τὸ

2220 2645 2376 2711 ξύλον
2413 2646 2635 2699 ὠθεῖται
2689 2645 2782 2698 καὶ
2833 2645 3159 2715 εὐστοχήκει
3193 2645 3238 2677 ³⁷
3276 2645 3370 2699 τοῦ
3433 2645 3788 2714 πράγματος,

2217 2739 2608 2812 ἀπεθάῤῥησεν
2660 2739 2760 2808 ἠδη
2803 2739 2944 2809 πρὸς
2987 2739 3078 2792 τὸν
3131 2739 3490 2808 ἐλπιζόμενον
3534 2739 3788 2808 πῦλεμον.

2219 2832 2298 2900 Τῇ
2365 2830 2498 2900 μετ’
2563 2831 2736 2901 αὐτὴν
2813 2830 2872 2884 δὲ
2938 2830 3377 2902 σιδηροφορῆσαι
3437 2831 3799 2893 κελεύσαντος

2218 2921 2312 2976 τοῦ
2379 2922 2721 2994 Ῥομπὲρτου
2789 2923 3038 2986 ἅπαντας
3093 2925 3187 2976 καὶ
3231 2923 3384 2983 ἐντὸς
3428 2924 3523 2977 τοῦ
3583 2923 3800 2994 πύργου

2205 3015 2418 3084 ,πεζούς
2475 3031 2535 3068 τε
2610 3016 2704 3069 καὶ
2761 3018 2947 3078 ἱππεῖς
2997 3015 3335 3087 ὁπλοφόρους
3399 3015 3532 3070 ὡσεὶ
3600 3033 3805 3070 πεντα-

2221 3109 2440 3172 κοσίους
2467 3109 2875 3176 εἰσαγαγόντος,
2911 3107 3003 3159 ἐπὶ
3053 3107 3130 3177 τῷ
3169 3106 3341 3177 τείχει
3373 3107 3566 3159 τοῦτον
3619 3123 3802 3176 προσ·

543 3201 875 3261 paraverat;
922 3197 1086 3248 aliam
1136 3205 1190 3250 et
1242 3198 1414 3267 ipsam
1463 3201 1699 3256 similem
1755 3222 1820 3260 ex
1885 3207 2114 3263 adverso

2224 3203 2581 3264 πελάσαντεςῒ
2609 3203 2710 3272 ἤδη
2751 3200 2850 3272 τὴν
2898 3199 3104 3254 ἄνωθεν
3153 3199 3318 3254 οὖσαν
3349 3199 3518 3270 Θύραν
3587 3201 3801 3254 ἀναπε-

540 3286 734 3340 turrim
767 3287 1036 3344 excitasse
1059 3329 1075 3352 ,
1111 3305 1231 3354 quae
1261 3291 1495 3346 venienti
1529 3309 1558 3348 a
1585 3295 1716 3352 foris
1755 3298 1936 3354 hosﬁli
1977 3301 2114 3357 turri

543 3377 658 3444 pari
686 3379 825 3432 mole
847 3380 1202 3446 responderet
1233 3399 1244 3433 :
1285 3396 1347 3435 ac
1381 3391 1489 3438 tota
1517 3396 1675 3440 nocte
1702 3405 1819 3456 qua:
1848 3391 2112 3447 insultum

547 3469 869 3535 praecessit,
909 3469 1080 3524 fuisse
1132 3483 1454 3540 occupatum
1509 3475 1562 3529 in
1620 3481 1946 3546 experienda
2003 3499 2116 3536 ma-

545 3559 728 3625 china,
771 3561 1160 3631 tentsndoque,
1195 3581 1322 3619 num
1367 3568 1516 3622 trabs
1543 3608 1556 3632 ,
1618 3587 1739 3638 qua:
1788 3574 1840 3627 in
1901 3591 2115 3632 summa

543 3651 683 3704 turri
745 3651 1124 3722 Dyrrachiensi
1153 3665 1338 3723 parata
1367 3667 1534 3725 porta:
1575 3675 1698 3728 qua:
1728 3672 1844 3716 erat
1877 3665 1927 3718 in
1959 3665 2114 3721 fasti-

544 3741 634 3810 gio
672 3744 848 3811 posita
903 3751 1094 3798 contra
1133 3747 1404 3802 venientis
1449 3751 1664 3806 hostilis
1722 3756 1918 3818 molis,
1969 3767 2116 3814 recta

542 3847 834 3888 occurrere
865 3836 1116 3902 debebat,
1151 3838 1339 3908 sicque
1365 3839 1782 3910 patefactioncm
1837 3848 1956 3916 ejus
2013 3849 2118 3903 im-

543 3923 752 3993 pedire,
786 3926 919 3982 satis
951 3939 1074 3996 apte
1113 3944 1378 3997 suspensa
1419 3934 1784 4006 expeditaque
1817 3939 1882 3992 ad
1937 3941 2104 3996 istum

545 4015 800 4070 effectum
852 4027 1044 4074 esset:
1088 4035 1149 4074 ea
1195 4023 1521 4090 probatione
1579 4041 1703 4080 cum
1761 4033 2120 4100 comperisset

543 4117 690 4162 recte
722 4122 786 4164 ac
822 4109 978 4164 facile
1005 4149 1020 4174 ,
1051 4121 1212 4181 prout
1241 4131 1377 4182 opus
1407 4123 1524 4170 erat
1549 4159 1564 4181 ,
1593 4120 1798 4173 moveri
1855 4122 2064 4178 trabem
2099 4163 2115 4189 ,

543 4213 740 4266 magna
767 4200 878 4270 jam
915 4201 1108 4256 fiducia
1143 4203 1378 4258 hostium
1443 4207 1865 4276 impressionem
1915 4232 2117 4286 exspe-

459 4351 468 4360 .
542 4299 744 4344 classe.
779 4291 1046 4348 Postridie
1075 4295 1262 4364 igitur.
1290 4297 1526 4365 jussisse
1560 4299 1854 4357 Robertum
1906 4305 2117 4378 ingredi

541 4380 736 4432 turrim
770 4395 866 4434 eos
896 4399 1084 4438 omnes
1111 4387 1202 4454 qui
1247 4387 1312 4440 ad
1353 4391 1706 4458 pugnandum
1761 4411 1829 4449 ex
1885 4410 1945 4450 ea
2003 4415 2117 4454 ma-

541 4470 708 4521 china
745 4470 940 4526 delecti
977 4475 1206 4532 fuerant.
1241 4479 1412 4534 Erant
1455 4483 1505 4536 hi
1539 4485 1734 4550 partim
1768 4491 2009 4557 graviter
2033 4507 2122 4546 ar-

2223 3293 2472 3348 ταννύειν
2508 3294 2550 3324 ⁸⁸
2579 3293 2896 3362 ἠπείγοντο,
2927 3292 3000 3354 ὡς
3023 3290 3238 3363 γεφύρᾳ
3256 3291 3368 3361 (83)
3399 3290 3572 3362 ταύτῃ
3603 3291 3818 3362 χρησόο

2227 3391 2384 3460 μενοι
2410 3391 2456 3421 ’³
2495 3389 2632 3458 πρὸς
2658 3387 2754 3441 τοῦ
2779 3388 3021 3458 κάστρου
3062 3387 3109 3420 ³⁸
3135 3387 3466 3451 είσέλευσιν,
3499 3387 3528 3438 ὁ
3557 3387 3811 3440 Παλαισ-

2223 3483 2381 3550 λόγος
2409 3483 2560 3546 ἐντὸς
2587 3483 2648 3534 τὸ
2675 3479 3038 3552 παμμέγεθες
3069 3479 3226 3544 ξύλον
3247 3479 3552 3553 τηνικαῦτα
3577 3481 3814 3550 ὠθήσας

2221 3576 2290 3628 δι’
2320 3573 2395 3630 ὧν
2425 3575 2640 3642 φθάσας
2671 3572 3160 3644 προκατεσκεύασε
3185 3574 3446 3644 μηχανῶν
3475 3574 3570 3626 καὶ
3587 3573 3816 3644 ἀνδρῶν

2228 3668 2440 3720 πολλῶν
2475 3669 2570 3722 καὶ
2599 3668 2885 3732 γενναίων,
2923 3667 3210 3735 ἄπρακτον
3251 3665 3352 3734 τὴν
3385 3663 3478 3716 τοῦ
3523 3665 3814 3734 Ῥομπέρ-

2226 3779 2318 3814 του
2345 3760 2597 3831 μηχανὴν
2637 3759 2884 3827 ἐποίησε,
2939 3757 3032 3812 τοῦ
3087 3757 3248 3812 δοκοῦ
3299 3757 3359 3809 τδ
3413 3757 3687 3826 παράπαν
3733 3757 3815 3828 μὴ

2227 3853 2640 3924 συγχωροῦντος
2664 3851 3015 3922 ἀνεῳχθῆναι
3045 3851 3148 3922 τὴν
3183 3851 3378 3922 θύραν.
3425 3846 3563 3904 Εἶτα
3591 3849 3816 3921 βάλλων

2221 3948 2348 4011 τοὺς
2383 3945 2588 4000 ἀνωθεν
2619 3945 2713 3998 τοῦ
2753 3945 2966 4013 πύργου
3007 3943 3340 4011 ἱσταμένους
3369 3943 3618 4005 Κελτοὺς
3683 3961 3820 3996 συνο

2231 4040 2400 4108 εχῶς,
2431 4039 2533 4092 οὐκ
2561 4038 2738 4092 ἀνίει·
2775 4037 2824 4090 οἱ
2844 4037 2901 4089 δὲ
2926 4035 3024 4098 τὰς
3046 4035 3205 4105 βολὰς
3240 4034 3314 4106 μὴ
3345 4035 3608 4104 φέροντες
3635 4035 3816 4104 trp-.5-

2225 4147 2443 4186 πτοντο.
2493 4131 2723 4184 Κελεύει
2746 4131 2934 4184 τοίνυν
2977 4127 3367 4200 ἐμπρησθῆναι
3414 4128 3508 4181 τὸν
3564 4127 3814 4198 πύργον.

2229 4227 2336 4280 Καὶ
2367 4224 2520 4278 οὔπω
2557 4227 2666 4277 πᾶν
2699 4225 2890 4295 εἴρητο
2939 4223 3094 4288 ἔπος,
3143 4222 3238 4276 καὶ
3295 4221 3460 4284 εὐθὺς
3487 4221 3657 4291 ἔργου
3691 4222 3740 4256 ³⁸
3780 4225 3816 4290 ἡ

2226 4317 2320 4370 τοῦ
2353 4315 2566 4386 πύργου
2620 4319 2874 4386 πυρκαῖὰ
2919 4317 3160 4384 ἐγένετο.
3197 4313 3307 4366 Καὶ
3360 4313 3410 4365 οἱ
3460 4313 3558 4384 μὲν
3591 4315 3820 4368 ἄνωθεν

2226 4409 2650 4480 ὲκρημνὶζοντο,
2685 4408 2734 4460 οἱ
2766 4407 2824 4460 δὲ
2857 4406 3104 4462 κάτωθεν
3139 4403 3454 4469 ἀνοίξαντες
3488 4403 3590 4472 τὴν
3628 4423 3812 4476 περι-

2227 4500 2418 4562 πέζιον
2477 4501 2572 4553 τοῦ
2621 4499 2838 4569 πύργου
2902 4497 3074 4566 θύραν
3143 4496 3410 4564 ἔφευγον.
3443 4496 3688 4558 Τούτους
3757 4498 3822 4552 δὲ

545 4562 672 4613 mati
703 4561 933 4628 pedites,
972 4567 1166 4631 partim
1195 4572 1405 4636 equites
1431 4614 1445 4638 ,
1497 4591 1692 4634 omnes
1729 4579 1844 4636 fere
1891 4599 2114 4641 numero

2225 4588 2528 4658 φεύγοντας
2561 4561 2762 4661 ὀρῶννὸ.
2781 4561 3152 4652 Παλαιολὸγος
3175 4561 3483 4654 τηνιιιαῦτα
3513 4587 3820 4654 γενναίους

547 4651 702 4723 ιιι
740 4656 1042 4726 quingenti.
1079 4659 1287 4725 Quibus
1318 4665 1582 4735 ingressis
1620 4671 1946 4744 admotaque
1977 4679 2114 4732 turri

2225 4679 2429 4750 ἄνδρας
2451 4681 2786 4752 ὁπλοφόρους
2817 4677 3005 4745 ἐξάγει
3048 4675 3138 4728 διὰ
3167 4674 3268 4744 τῆς
3309 4673 3533 4738 πυλίδος
3577 4674 3676 4728 τοῦ
3707 4679 3820 4732 κά-

1555 4849 1756 4912 νατὶιι)
1796 4849 2104 4917 lectiones
2136 4873 2213 4917 ex
2245 4859 2388 4920 cod.
2421 4859 2690 4922 Coislin.

617 4937 664 4971 ιδ
695 4937 822 5014 μέν..
918 4942 1341 5014 ’⁸συμπλοκήν.

543 5011 643 5081 τὴν
674 5007 767 5062 τοῦ
797 5007 1184 5084 ἀντικάστρου.
1262 5007 1306 5050 έί
1341 5018 1524 5088 ἔργον.

1453 4951 1497 4982 ³⁸
1537 4951 1928 5022 ὲνηνεγμὲνου.
1997 4957 2041 4988 ³⁷
2062 4957 2376 5029 ὴστοχήκει.

2471 4961 2517 4992 ’⁸
2545 4961 2998 5018 ἀναπεταννύειν.
3070 4963 3115 4996 ’⁸
3151 4959 3514 5031 χρησάμενοι.
3589 4961 3636 4993 ³⁰
3671 4963 3821 5032 πρὶς

1580 5113 1721 5175 Car.
1755 5115 2080 5180 Dufresnii
2108 5121 2202 5184 Du
2241 5123 2462 5201 Cangii
2500 5135 2689 5188 noue.

615 5199 731 5276 (8})
775 5203 871 5269 Ὦς
893 5207 1139 5276 γεφύρᾳ.
1169 5209 1417 5264 Similem
1453 5212 1762 5266 machinam
1797 5216 1875 5268 sic
1907 5215 2124 5274 descri-

541 5271 623 5326 bit
665 5271 1212 5354 Sttgeriu’s,'in'l;._tul.
1245 5296 1318 5341 vt.
1353 5295 1473 5354 cap.
1510 5281 1575 5335 10
1608 5299 1620 5336 :
1661 5284 1906 5354 Erigitur
1945 5271 2124 5342 triste-

541 5356 637 5420 gas
685 5353 788 5396 tres
838 5347 1197 5420 pugnantibus
1239 5353 1510 5420 porrigens
1559 5347 1950 5420 supereiitinens
2000 5377 2120 5412 ma-

544 5409 796 5492 chinam”
839 5409 1075 5494 Ιιαξιέὺατ
1111 5409 1654 5494 nracltimzvemiuertli
1709 5440 1840 5488 pons
1887 5409 2118 5494 ligneus,

543 5482 633 5546 qui
651 5499 705 5534 se
732 5485 988 5558 excelsius
1018 5489 1292 5558 porrigens
1313 5507 1428 5542 cum
1450 5482 1720 5558 paulisper
1751 5482 2120 5551 demitteretur

545 5563 704 5614 super
747 5553 1249 5631 glargienhfacilem
1307 5553 1734 5631 descendentibus
1779 5575 1995 5631 pararet
2042 5569 2123 5620 in-

547 5632 822 5744 irirteiss‘tfulnfl
841 5621 930 5744 :Et
979 5621 1240 5680 Nicolaus
1293 5631 1359 5683 de
1403 5630 1559 5685 Braia
1615 5633 1671 5686 in
1709 5621 1884 5689 Géstis
1943 5635 2120 5690 Ludo-

545 5699 641 5737 rm
685 5699 819 5744 VU!
841 5707 861 5744 .'

629 5757 870 5842 Ittitqex
891 5761 1191 5842 quadratis,
1226 5766 1338 5842 visu
1368 5769 1633 5842 mirabile,
1673 5771 1833 5842 lignis

621 5827 862 5897 Erigitur
895 5827 1080 5902 turris,
1109 5849 1141 5888 ιι
1168 5827 1322 5904 cujus
1355 5837 1584 5894 culmine
1622 5827 1766 5896 cerui

2296 5221 2374 5296 126
2405 5223 2556 5296 facili
2585 5231 2792 5296 poterat
2830 5226 3160 5296 quidamque
3188 5226 3344 5294 ﬁebat
3373 5229 3426 5282 in
3459 5229 3590 5282 urbe

2300 5295 2555 5366 Quodque
2589 5293 2692 5362 fuit
2730 5293 2929 5364 majus,
2956 5293 3086 5364 pons
3119 5298 3321 5366 ligneus
3363 5309 3478 5350 arte
3505 5307 3742 5365 paratur

2297 5363 2530 5433 Longus,
2560 5373 2609 5415 et
2641 5363 2928 5426 extremus.
2958 5378 3003 5421 et
3040 5363 3204 5420 muris
3231 5367 3394 5420 altior
3426 5363 3601 5432 urbis,

2295 5434 2535 5506 Annalis
2559 5435 2642 5486 via
2680 5443 2794 5487 tnta
2823 5437 2972 5494 viris.
3007 5436 3171 5490 Marti
3197 5439 3354 5492 timor
3391 5439 3600 5506 ingens,

2298 5511 2460 5568 Quem
2492 5503 2726 5572 duplices
2756 5521 2958 5572 gessere
2983 5517 3133 5566 ratre.
3162 5516 3270 5572 etc,

2231 5571 2465 5646 Exstant
2500 5571 3044 5646 eju_smodi__turriutu
3081 5577 3343 5646 pontibus
3392 5577 3817 5632 instructarum

2229 5643 2416 5713 figura:
2450 5643 2595 5713 apud
2627 5641 2746 5698 Nic.
2781 5641 3169 5713 Rigaltium'ex
3203 5645 3419 5712 Bitone,
3452 5655 3508 5702 et
3549 5648 3701 5708 aliis,
3757 5647 3820 5702 in

2229 5712 2382 5792 notis.
2408 5711 2473 5765 ad
2501 5711 2908 5782 Onosandrutn,
2942 5725 2996 5771 et
3027 5717 3170 5786 apud
3201 5711 3451 5788 Lipsiutu
3493 5717 3550 5772 in
3589 5717 3822 5772 Polior-

2227 5791 2441 5838 οειιειε.
