4068 6266
589 299 698 366 355

1863 289 2086 355 ANNtE
2118 289 2506 352 COMNEN/E
3717 289 3807 356 35b

592 427 749 468 usum
779 410 1034 482 oportebit
1077 421 1526 478 unumquemque,
1570 405 1696 478 quid
1737 403 1838 459 sibi
1885 407 2054 460 reniat
2101 407 2156 458 in
2197 411 2417 458 mentem
2451 402 2613 456 libere
2639 401 2940 469 sinceraque
2965 412 3272 467 proponere.
3308 396 3502 452 Deinde
3561 415 3668 454 rere
3727 402 3809 456 de-

595 504 902 558 liberatione
927 501 1174 554 conclusa
1207 499 1519 551 sententiam
1554 511 1669 566 qua:
1741 495 2095 562 prwealuerit,
2161 493 2230 547 ad
2268 493 2503 547 ductoris
2559 493 2864 554 arbitrium,
2909 492 3023 546 sine
3075 491 3190 545 ulla
3235 489 3552 542 dubitatione
3599 495 3805 560 exsequi-

595 596 744 665 Agite
769 589 1588 674 ergo,ite.insuifragia,eligite
1611 602 1964 657 quemcunque
1989 585 2274 638 utilissime
2321 583 2678 652 prtefuturum
2721 580 3094 634 autttmabitis.
3185 575 3267 632 En
3325 594 3412 646 ego
3471 595 3582 633 eum
3647 597 3814 650 agnos-

597 703 713 742 cam
737 687 1028 756 quicunque
1057 686 1182 749 erit;
1200 693 1248 738 et
1273 683 1528 753 quidquid
1589 681 1970 750 prtescripserit
2028 679 2247 748 faciam.
2283 678 2517 733 Probata
2547 685 2631 731 est
2666 690 2860 745 magno
2885 674 3220 730 audientium
3255 689 3478 729 assensu
3507 681 3613 728 tum
3641 675 3810 730 oratio:

597 793 717 836 tum
763 780 1031 835 modestia
1113 779 1362 833 lioberti.

1442 777 1704 843 Datisque
1751 776 1993 830 sortibus
2041 789 2253 829 summa
2295 773 2659 828 consensione
2689 771 2936 826 omnium
2966 771 3176 825 electus
3205 770 3262 822 in
3291 769 3480 824 duci-tn
3511 783 3816 840 supremum,

600 877 1032 948 praepositusque
1060 871 1272 928 cunctis
1298 871 1440 926 idem
1475 871 1562 924 ille
1601 879 1705 925 est.
1745 870 1814 922 At
1853 871 1896 924 is
1926 869 2166 923 delatum
2203 867 2464 922 honorem
2522 866 2718 920 callida
2771 864 3122 919 simulatione
3200 875 3454 917 recusare
3527 865 3813 928 videbatur,

598 973 678 1028 sic
725 971 903 1024 studia
935 969 1036 1022 sibi
1077 965 1370 1022 faventium
1404 965 1575 1036 magis
1609 966 1912 1019 accendens
1945 981 1958 1017 :
2005 963 2165 1036 114
2207 975 2262 1019 et
2293 979 2454 1034 quem
2489 972 2638 1016 tanta
2667 961 3136 1014 fraudulentarutn
3175 959 3374 1012 artium
3445 959 3582 1012 serie
3639 959 3819 1024 princi-

598 1076 784 1137 patum
817 1065 1108 1129 ambiebat,
1149 1078 1300 1116 nunc
1371 1061 1478 1116 ista
1546 1059 1714 1115 oblati
1787 1059 2166 1129 rcpudiatione
2239 1059 2430 1112 fueosa
2487 1057 2722 1111 validius
2773 1069 3038 1124 prensans
3088 1051 3400 1121 certiusque
3453 1051 3552 1105 sibi
3603 1053 3820 1111 ﬁrmans.

599 1163 740 1231 Ergo
773 1159 865 1214 ubi
903 1159 1100 1211 multas
1149 1153 1475 1211 veteratorie
1531 1151 1819 1223 praetexuit
1873 1149 2176 1220 refugiendi
2218 1149 2418 1204 summi
2457 1149 2558 1202 loci
2590 1163 2815 1212 causas,
2859 1161 2998 1215 quas
3035 1159 3100 1199 eo
3136 1145 3320 1196 animo
3385 1157 3554 1210 eoque
3617 1143 3824 1196 artilicio

599 1254 936 1324 prominebat
976 1263 1168 1304 omnes
1213 1254 1271 1300 ut
1306 1248 1469 1316 plane
1503 1245 1842 1299 contrarium
1875 1241 2310 1310 persuaderent:
2337 1241 2556 1295 tandem
2582 1248 2639 1294 ut
2697 1239 2867 1293 videri
2935 1239 3105 1293 voluit
3163 1245 3472 1308 expugnata
3527 1237 3823 1292 constantia.

601 1354 752 1402 tanto
814 1356 1100 1413 procerum
1157 1338 1449 1392 consensui
1501 1339 1676 1390 victas
1729 1351 1923 1390 manus
1973 1334 2178 1388 invitus
2221 1333 2432 1388 scnlicet
2469 1331 2638 1387 dedit.
2679 1331 2908 1397 Quando
2941 1341 2996 1384 et
3065 1331 3324 1400 reliquam
3407 1329 3546 1383 hanc
3596 1329 3658 1384 ad
3703 1330 3830 1399 ipsos

599 1439 902 1494 Orationem
937 1436 988 1487 iu
1025 1432 1170 1487 hunc
1199 1429 1420 1486 modum
1460 1429 1735 1499 pertexuit
1773 1446 1785 1482 :
1821 1426 2014 1482 Audite
2043 1443 2214 1481 meum
2250 1427 2551 1493 consilium,
2583 1428 2796 1480 comites
2827 1427 3122 1496 militesque
3181 1425 3392 1494 reliqui.
3423 1422 3827 1493 Quandoquidem

601 1533 782 1584 relicta
811 1543 983 1580 omnes
1002 1525 1176 1594 patria
1196 1523 1296 1576 huc
1313 1521 1578 1593 progressi
1603 1531 1806 1574 stamus
1831 1521 1885 1572 in
1940 1521 2219 1586 procinctu
2296 1519 2364 1572 ad
2391 1519 2774 1572 decernendum
2805 1521 2915 1572 acie
2941 1533 3058 1571 cum
3087 1520 3406 1587 imperatore
3444 1515 3830 1571 bellicosissima.

598 1625 688 1697 qui
737 1637 900 1691 nuper
952 1615 1240 1672 adntodum
1282 1619 1501 1685 adeptus
1556 1629 1773 1683 regnum
1815 1611 1946 1666 nihil
1986 1614 2164 1682 utique
2199 1611 2301 1664 sibi
2330 1611 2491 1682 faciet
2525 1611 2711 1681 reliqui
2739 1612 2810 1664 ad
2839 1627 3044 1668 omnem
3083 1620 3254 1664 artant
3315 1619 3687 1674 conatumque,
3745 1625 3833 1677 quo

599 1720 836 1787 extispicia
865 1717 1192 1782 principatus
1229 1711 1310 1764 sui
1349 1709 1522 1778 potius
1558 1707 1792 1761 honestet
1823 1705 2045 1760 victoria
2083 1703 2295 1766 celebri,
2328 1721 2488 1776 quam
2517 1710 2774 1775 probrosa
2799 1705 2948 1758 clade
3009 1705 3300 1758 dedecoret.
3375 1699 3475 1758 Est
3553 1711 3718 1756 autem
3767 1701 3836 1760 illi

600 1832 704 1870 non
745 1817 1006 1868 insuetum
1058 1810 1277 1871 uincere,
1323 1806 1411 1875 qui
1452 1806 1547 1856 sub
1594 1803 1860 1872 prioribus
1919 1801 2170 1871 Augustis
2213 1800 2382 1854 multa
2421 1809 2470 1854 et
2521 1817 2719 1871 magna
2751 1800 2884 1854 bella
2930 1801 3244 1869 confecerit,

3332 1807 3680 1870 tyrannosque
3750 1817 3837 1854 non

595 1924 790 1978 paucos
884 1907 1045 1962 uictos
1132 1903 1248 1955 acie
1298 1907 1585 1968 captosque
1635 1893 1942 1948 adduxerit.
1977 1893 2247 1958 Quoniam
2283 1895 2418 1959 hac,
2451 1895 2691 1964 inquam,
2737 1894 2814 1946 ita
2860 1901 2984 1947 sunt
3013 1903 3120 1947 toto
3155 1895 3341 1950 animo
3395 1902 3602 1964 totoque
3636 1905 3836 1962 rectore,

595 2004 745 2056 nobis
782 2002 1016 2055 arbitror
1045 1999 1178 2050 hanc
1211 2007 1440 2064 pugnam
1475 2007 1586 2045 esse
1635 1987 2030 2060 capessendam,
2101 1989 2336 2044 omnium
2402 1991 2601 2043 securis
2643 2005 2818 2044 rerum
2861 1989 3092 2044 aliarum
3173 2001 3538 2064 praterquam
3599 1993 3842 2055 uictoria;

595 2113 752 2168 quam
801 2095 846 2149 si
895 2094 1034 2147 Deus
1087 2089 1357 2152 annuerit,
1392 2087 1598 2140 abunde
1672 2085 1856 2138 divites
1939 2088 2248 2154 copioseque
2285 2087 2535 2139 instructi
2579 2087 2778 2140 erimus
2833 2096 2888 2140 ut
2944 2097 3292 2156 pra’terquam
3353 2090 3662 2154 inconsulti,
3707 2093 3844 2145 etiam

593 2195 749 2248 exilis
789 2189 1106 2260 angustique
1151 2188 1218 2242 sit
1260 2185 1426 2238 animi
1465 2197 1532 2238 ex-
1580 2182 1913 2252 parcimonia
1956 2183 2204 2250 praesenti
2243 2182 2344 2236 sibi
2376 2183 2430 2235 in
2463 2191 2665 2251 tempus
2699 2184 2843 2236 istud
2885 2184 3012 2238 velle
3042 2185 3348 2240 consulere.
3389 2183 3518 2238 Non
3550 2188 3682 2240 enim
3746 2191 3845 2254 jam

595 2287 844 2341 dubitabo
867 2285 1038 2338 dicere
1069 2281 1194 2352 quid
1225 2279 1398 2346 uelim,
1431 2276 1618 2346 quidve
1647 2277 2004 2330 necessarium
2043 2277 2187 2346 factu
2229 2277 2480 2331 arbitrer.
2504 2275 2677 2330 Plane
2717 2285 2942 2343 oportet,
2968 2277 3145 2346 itaque
3175 2276 3358 2342 iubeo,
3403 2294 3532 2331 rasa
3579 2275 3848 2346 supellecti-

597 2383 771 2449 liaque
835 2392 1012 2434 nostra
1075 2387 1270 2432 cuncta
1319 2375 1674 2428 comburere:
1715 2372 1989 2426 onerarias
2047 2387 2164 2428 vero
2201 2373 2502 2442 perforatas
2541 2382 2738 2426 etcum
2766 2387 2922 2426 onere
2967 2373 3256 2440 perituras,
3288 2373 3353 2426 in
3425 2391 3573 2427 mare
3613 2375 3845 2428 trudere:

595 2475 774 2543 sicque
801 2488 920 2528 cum
950 2471 1134 2528 Alexio
1163 2484 1400 2538 pugnare
1423 2477 1677 2534 tanquam
1715 2463 1908 2516 ibidem
1934 2464 2088 2518 modo
2113 2476 2291 2532 natos,
2341 2483 2559 2538 moxque
2615 2468 2922 2520 morituros.

595 2566 822 2634 singuli.

670 2654 822 2708 Talia
879 2650 1134 2706 versabat
1191 2646 1398 2710 animo.
1454 2645 1812 2710 consulebat,
1872 2646 2258 2717 agebalqueA

597 2747 870 2802 ltobertus
903 2759 917 2794 :
961 2743 1066 2794 alia
1097 2757 1126 2793 ο
1164 2737 1444 2794 contrario
1479 2738 1706 2792 Alexius
1733 2777 1750 2803 ,
1785 2739 1958 2810 magis
2007 2739 2174 2792 etiam

599 2839 743 2892 varia
793 2834 1212 2904 echgitataque
1259 2831 1495 2886 acutius.
1554 2831 1612 2884 In
1647 2845 1712 2886 eo
1765 2833 2177 2886 conveniebant

596 2932 758 2984 ambo
791 2936 972 2982 tamen
999 2965 1014 2988 ,
1043 2923 1190 2994 quod
1217 2923 1563 2978 continerent
1599 2932 1830 2992 uterque
1861 2925 2047 2978 adhuc
2075 2939 2176 2977 ex—

595 3021 827 3076 ercitum
861 3035 876 3072 :
905 3029 1001 3086 per
1037 3015 1183 3070 illam
1215 3029 1422 3070 moram
1453 3013 1820 3082 exquisitione
1862 3013 2172 3070 attentissi-

599 3127 684 3164 ma
717 3109 1041 3178 indagantes
1075 3120 1172 3176 pro
1214 3121 1274 3162 se
1303 3105 1538 3175 quisque
1569 3121 1818 3175 quianam
1852 3115 1998 3160 esset
2033 3105 2176 3160 ratio

595 3202 850 3258 vincendi
907 3199 1240 3254 certissima.
1287 3197 1590 3268 imperator
1643 3197 1862 3268 quidem
1915 3213 2068 3268 spem
2123 3197 2178 3252 in

595 3301 984 3362 stratagemate
1017 3290 1294 3360 ponebat,
1326 3306 1438 3360 quo
1469 3305 1530 3344 se
1567 3289 1755 3345 hostes
1785 3293 2176 3346 conclusurum

599 3383 658 3436 in
713 3382 892 3438 medio
947 3383 1278 3436 crediderat.
1328 3381 1544 3440 Auxilia
1575 3381 1827 3438 videlicet
1873 3383 2131 3438 universa
2159 3421 2176 3448 ,

599 3482 880 3538 cunctam,
919 3473 1162 3541 inquam,
1189 3474 1466 3548 sociarum
1493 3475 1734 3542 gentium
1767 3473 2020 3527 militiam
2064 3475 2176 3528 cir-

599 3566 931 3622 cumducere
973 3565 1114 3619 clam
1165 3563 1354 3626 hostili
1387 3565 1649 3619 exercitui
1679 3563 1930 3635 parabat,
1961 3566 2181 3636 iussos-

597 3674 708 3729 que
725 3658 903 3728 legere
932 3661 1097 3712 maris
1117 3658 1268 3714 littus
1291 3671 1453 3726 quam
1479 3655 1796 3725 longissimo
1817 3658 2052 3712 circuitu
2071 3674 2180 3726 quo

601 3751 816 3806 facilius
854 3749 1080 3806 Robcrti
1125 3748 1520 3820 providentiam
1551 3747 1824 3814 fallerent,
1853 3750 1908 3806 in
1957 3765 2082 3806 eum
2115 3765 2176 3806 se

599 3845 778 3898 locum
807 3857 972 3912 quant
999 3857 1100 3898 occ
1119 3841 1378 3898 tltissime
1399 3840 1652 3896 conferre
1680 3841 2006 3912 imperabat,
2033 3841 2178 3898 unde

601 3938 864 4007 impetum
897 3951 927 3990 a
971 3946 1122 4006 tergo
1151 3934 1332 3990 facere
1365 3933 1420 3990 in
1450 3933 1634 3990 hostes
1661 3949 1886 3992 aversos
1927 3945 2173 4006 possent,

599 4031 790 4084 eodem
839 4037 1082 4096 tempore
1125 4040 1234 4096 quo
1280 4027 1399 4095 ipse
1447 4041 1572 4080 cum
1613 4037 1811 4082 cancro
1851 4028 2096 4082 exercitu
2143 4043 2173 4083 ε

3012 2466 3352 2522 Annuerunt
3447 2468 3534 2523 his
3621 2469 3846 2524 (tinnitus

2365 2646 2528 2699 ’Λλλὰ
2574 2645 2801 2698 τοιαῦτα
2854 2646 2954 2714 μὲν
2987 2645 3055 2699 τὰ
3101 2646 3193 2700 τοῦ
3251 2647 3613 2718 Ῥομπέρτου
3661 2648 3841 2718 διανοή-

2283 2741 2432 2809 ματά
2463 2756 2521 2791 τε
2555 2740 2647 2792 καὶ
2676 2737 3026 2808 βουλεύματα
3067 2755 3080 2769 ·
3115 2737 3256 2792 ἄλλα
3297 2743 3484 2793 ταυτά
3517 2743 3564 2774 ⁸³
3588 2741 3680 2794 τοῦ
3713 2741 3840 2792 αύτο-

2281 2833 2552 2900 κράτορος
2591 2827 2962 2900 ποικιλώτερά
2995 2847 3054 2882 τε
3083 2831 3177 2883 καὶ
3216 2829 3491 2902 ὀξύτερα.
3549 2833 3780 2900 Συνεῖχον
3805 2830 3840 2880 δ’

2279 2921 2431 2989 ὅμως
2459 2923 2509 2973 oi
2534 2921 2860 2992 δημαγωγοὶ
2890 2921 3057 2990 ἄμφω
3083 2920 3151 2973 τὰ
3182 2924 3612 2992 στρατεύματα,
3643 2939 3848 2991 στρατη-

2281 3013 2406 3080 γίας
2442 3013 2538 3066 καὶ
2567 3012 2932 3082 δημαγωγίας
2964 3011 3092 3082 πέρι
3128 3011 3556 3082 βουλευόμενοι,
3583 3016 3724 3074 ὅπως
3749 3009 3850 3080 μετ’

2279 3106 2598 3176 ἐπιστήμης
2627 3104 3120 3174 δημαγωγήσαιεν,
3155 3105 3246 3156 καὶ
3285 3108 3740 3176 στρατεύσοιντο.
3763 3103 3858 3156 Καὶ

2279 3198 2307 3250 ὁ
2341 3195 2442 3264 μὲν
2480 3195 2845 3269 αὐτοκράτωρ
2881 3199 3086 3266 αἴφνης
3133 3198 3344 3264 νυκτὸς
3373 3201 3436 3266 ἐξ
3485 3201 3742 3267 ἐκατέρου
3772 3199 3854 3266 μέ-

2283 3305 2410 3360 ρους
2461 3291 2811 3343 ὲπεισπεσεῖν
2853 3289 2899 3322 ⁸³
2929 3293 2992 3362 τῇ
3021 3289 3115 3342 τοῦ
3155 3291 3524 3362 Ῥομπὲρτου
3559 3289 3857 3362 παρεμϐολῇ

2283 3381 2681 3452 σκεπτόμενος,
2739 3382 2800 3436 τὺ
2857 3382 2960 3452 μὲν
3011 3382 3228 3436 ὲθνικὸν
3287 3383 3449 3438 ἅπαν
3481 3386 3530 3418 ⁶⁵
3565 3386 3860 3456 στράτευμα

2281 3475 2390 3528 ἀπὸ
2429 3475 2524 3528 τοῦ
2555 3474 2786 3528 ὄπισθεν
2817 3477 3024 3546 μέρους
3085 3476 3376 3547 ἐπέτρεψε
3427 3478 3760 3548 προσϐαλεῖν
3790 3475 3866 3528 διὰ

2279 3567 2390 3620 τῶν
2421 3567 2641 3620 ἁλυκῶν
2671 3565 3004 3632 διελθόντας,
3038 3570 3136 3621 καὶ
3161 3567 3405 3624 πλείονα
3433 3571 3542 3640 τὴν
3571 3567 3864 3638 ὁδοιπορίαν

2282 3659 2650 3726 ἀναδέξασθαι
2703 3660 2905 3722 αὐτοὺς
2948 3659 3037 3714 διὰ
3069 3660 3128 3714 τὸ
3162 3661 3503 3719 ἀνύποπτον
3525 3667 3631 3720 οὐκ
3663 3663 3864 3734 ἀπηνῂ.

2282 3769 2414 3805 νατο
2440 3769 2455 3784 ο
2480 3751 2644 3816 αὐτὸς
2681 3752 2738 3805 δὲ
2775 3751 2887 3806 ἀπὸ
2923 3754 3034 3806 τῶν
3062 3753 3415 3824 ἔμπροσθεν,
3449 3757 3695 3830 ὁπηνίκα
3725 3753 3862 3822 γνοίη

2281 3844 2594 3914 ineundae;
2619 3847 2746 3908 τοὺς
2772 3845 3206 3910 ἀποσταλέντας,
3241 3849 3530 3918 ἠϐούλετο
3552 3847 3869 3918 προσϐαλεῖν

2281 3936 2361 4007 τῷ
2400 3939 2750 4008 Ῥομπέρτῳ.
2784 3939 2880 4001 Ὃς
2911 3938 3076 4000 κενὰς
3115 3938 3218 4000 τὰς
3259 3942 3492 4011 σκηνὰς
3539 3937 3865 4000 καταλιπὼν,

2208 4009 2253 4068 Β
2281 4032 2379 4083 καὶ
2411 4031 2609 4094 νυκτὸς
2635 4031 2726 4084 διὰ
2753 4029 2856 4102 τῆς
2901 4031 3154 4102 γεφύρας
3203 4009 3567 4104 διεληλυθὼς
3622 4033 3798 4106 (ὀγδόη
3831 4028 3870 4082 δ’

599 4120 780 4174 fronte
819 4115 1118 4173 Robertum
1147 4115 1480 4170 adoriretur.
1513 4114 1617 4180 Qui
1644 4117 1864 4184 quidem
1895 4118 2172 4174 llobertus

2279 4115 2344 4192 ἦν
2377 4121 2515 4193 πρὸς
2546 4124 2612 4193 τῇ
2641 4122 2842 4195 δεκάτῃ
2875 4121 2972 4176 τοῦ
3030 4125 3454 4195 παριπεύοντος
3486 4129 3534 4160 ⁸³
3587 4128 3756 4198 μηνὸς
3797 4127 3868 4176 ὐ‹

599 4209 967 4264 tabernaculis
1015 4205 1202 4262 vacuis
1233 4204 1462 4271 relictis,
1509 4213 1730 4274 pontem
1785 4216 1948 4262 nocte
1983 4216 2168 4266 trans-

597 4315 821 4369 gressus
885 4297 1304 4366 (numerabatur
1333 4305 1448 4350 tum
1479 4304 1672 4352 octava
1703 4313 1874 4368 supra
1901 4300 1965 4354 to
2005 4304 2170 4356 υςιο-

600 4388 716 4441 bris
741 4387 878 4446 dies,
906 4385 1210 4440 indictione
1241 4386 1458 4455 quinta)
1487 4385 1540 4442 in
1577 4389 1838 4458 templum
1865 4393 2168 4460 antiquitus

599 4485 936 4533 exstructum
979 4491 1144 4545 prope
1174 4491 1342 4542 mare,
1368 4477 1422 4532 in
1455 4481 1678 4536 nomine
1707 4484 1958 4554 martyris
1985 4483 2168 4540 Theo-

599 4572 716 4624 dori
746 4583 806 4624 se
829 4569 1064 4626 contulit
1085 4584 1212 4624 cum
1239 4571 1484 4628 exercitu
1511 4587 1614 4628 suo
1643 4573 1900 4631 universo
1935 4591 1948 4626 :
1981 4576 2170 4646 ibique

599 4677 694 4731 per
721 4670 890 4715 totam
923 4669 1136 4716 noctem
1164 4663 1455 4730 propitiato
1485 4666 1741 4734 precibus
1787 4667 2031 4730 numine,
2061 4669 2164 4724 im-

601 4751 868 4805 maculata
907 4750 1204 4822 divinaque
1247 4754 1508 4824 mysteria
1553 4769 1868 4824 percepere.
1921 4757 2051 4813 lude
2093 4763 2158 4814 ad

597 4844 976 4898 instruendam
1013 4843 1183 4898 aciem
1217 4858 1429 4908 versus,
1479 4843 1536 4899 in
1583 4860 1646 4899 ea
1689 4847 1806 4914 ipse
1847 4847 2024 4902 media
2057 4851 2164 4906 sibi

594 4936 792 5008 delegit
851 4935 1102 5006 cepitque
1133 4935 1339 4992 locum.
1380 4935 1561 4994 Cornu
1590 4939 1734 5010 quod
1771 4956 1920 4996 mare
1954 4953 2168 5012 specta-

2277 4214 2580 4285 κτωϐριου,
2609 4215 2988 4286 ὲπινεμήσεως
3016 4217 3309 4288 πέμπτης)
3345 4220 3414 4274 τὸ
3451 4221 3614 4292 παρὰ
3649 4219 3748 4291 τὴν
3785 4217 3870 4272 θά-

2278 4305 2482 4360 λατταν
2543 4307 2632 4358 ἐπ’
2669 4307 2897 4377 ὀνόματι
2931 4307 3028 4362 τοῦ
3059 4309 3353 4380 μάρτυρος
3389 4311 3688 4382 Θεοδώρου
3719 4311 3872 4364 πάλαι

2281 4397 2712 4468 ἀνοικοδομηθὲν
2751 4397 2980 4468 τέμενος
3013 4399 3294 4454 κατέλαϐε
3331 4404 3494 4458 κατὰ
3537 4405 3656 4474 (66)
3691 4402 3877 4463 παντὸς

2279 4489 2374 4542 τοῦ
2415 4489 2852 4559 στρατεύματος.
2905 4493 3016 4546 Καὶ
3068 4491 3136 4544 δι’
3182 4493 3321 4564 ὅλης
3380 4498 3594 4560 νυκτὸς
3645 4497 3707 4548 τὸ
3747 4495 3876 4546 θεῖον

2278 4583 2764 4653 ὲξευμενιζόμενοι
2793 4624 2810 4650 ,
2883 4584 2990 4638 τῶν
3049 4587 3354 4656 ἀκράντων
3401 4589 3510 4642 καὶ
3565 4588 3730 4644 θείων
3783 4605 3880 4658 μυ-

2281 4669 2520 4740 στηρίων
2560 4671 2675 4742 (90)
2723 4671 3162 4743 μετελάμϐανον.
3221 4672 3374 4732 Εἶτα
3433 4680 3544 4744 τὰς
3601 4681 3740 4742 ιδίας
3792 4694 3882 4729 και

2276 4764 2554 4834 ταστὴσας
2633 4765 2968 4834 φάλαγγας,
3025 4765 3125 4837 τὴν
3180 4771 3374 4841 μέσην
3433 4772 3625 4828 εἵλετο
3687 4773 3730 4804 ’⁷
3789 4767 3880 4822 τοῦ

2279 4855 2660 4926 συντάγματος
2744 4859 2928 4929 χώραν
2957 4901 2972 4925 ,
3029 4861 3090 4912 τὸ
3148 4861 3204 4913 δέ
3261 4880 3336 4930 γε
3401 4867 3555 4937 πρὸς
3623 4867 3881 4920 θάλατταν

2278 4946 2450 5016 κέρας
2503 4947 2582 5020 τῷ
2642 4949 2928 5022 Ἀμηκέτῃ
2979 4949 3023 4980 ⁸³
3085 4949 3197 5022 (9i)
3239 4953 3550 5027 ἐπέτρεψε
3609 4951 3880 5026 redituri“

1583 5079 1783 5140 Varias
1809 5079 2109 5141 lectiones
2134 5097 2212 5142 ex
2249 5085 2389 5145 cod.
2419 5083 2691 5148 Coislin.

649 5178 692 5208 “
716 5178 851 5231 ἀλλὰ
880 5177 927 5230 δ’
946 5179 1106 5232 αὐτά.
1180 5181 1225 5212 ⁸³
1258 5181 1562 5235 ἐπιπεσεῖν.

595 5265 739 5319 χετο.
819 5249 862 5280 ⁶⁹
906 5250 1192 5322 Ἀμικέτῃ.

1643 5182 1690 5214 ⁸⁸
1719 5181 1881 5237 Deest
1916 5197 2018 5238 vox
2051 5184 2220 5239 ἅπαν.
2299 5185 2344 5216 ⁸⁵
2375 5187 2670 5256 ἐληλυθώς.

2755 5189 2800 5220 ⁸⁸
2832 5189 3306 5258 παριππεύοντας.
3399 5194 3449 5226 ⁸⁷
3493 5195 3664 5263 μετὰ,
3745 5189 3880 5242 “si-

1649 5389 1787 5452 Car.
1822 5391 2146 5454 Dufresnii
2171 5396 2268 5454 Du
2302 5397 2524 5474 Cangii
2565 5407 2750 5459 notae.

671 5481 782 5569 φο)
808 5483 946 5569 ’Τῷν
1001 5487 1194 5569 θείων.
1211 5489 1586 5569 μυστηρίων.
1615 5489 1902 5569 Μειειειτο
1927 5534 1944 5558 ,
1998 5492 2158 5548 Hane

2279 5499 2624 5569 fompunctive
2664 5499 2966 5568 conﬁtentes
3011 5509 3250 5569 peccata,
3323 5506 3672 5558 ninniuntur
3729 5516 3882 5554 sacra

597 5563 769 5634 arerem
803 5553 965 5618 facta,
1017 5559 1128 5607 dua:
1178 5553 1288 5620 ipse
1319 5553 1451 5613 lucis
1501 5561 1832 5634 crepusculo.
1879 5553 2160 5634 omnesque

599 5629 767 5672 nostri
793 5635 1064 5702 surgentes
1108 5641 1463 5703 cum‘summa
1498 5629 1772 5686 deuotione
1807 5634 2028 5703 hymnos
2067 5629 2161 5686 Dei

599 5703 718 5739 cum
769 5697 1048 5746 missarum
1119 5697 1470 5752 celebratione
1527 5703 1786 5770 audiunt,
1840 5697 2162 5774 presbyteris

2272 5723 2412 5764 anon
2419 5725 2574 5776 ymus

2279 5567 2471 5621 Vitttici
2507 5567 2836 5624 ministeriis.

2343 5641 2455 5708 (91)
2516 5637 2600 5703 Τῷ
2663 5639 2959 5708 ’Λμικέτῃ.
3019 5639 3270 5694 Meminit
3335 5643 3628 5700 Amicette
3667 5641 3882 5698 comitis

2631 5709 2886 5767 Bai-ensis
2945 5711 3002 5765 in
3061 5712 3274 5767 Chron.
3347 5729 3454 5769 an.
3515 5715 3708 5773 ιεσεε
3743 5713 3882 5770 Obiit
