4022 6270
484 250 590 314 359

488 355 713 410 cetratis
743 361 898 410 extra
928 351 1173 408 ordinem
1204 351 1434 421 objectis
1470 353 1738 422 equitatui
1785 354 2052 418 sistendo,
2091 361 2129 414 Δ

487 463 554 501 ne
601 462 700 501 sua
749 445 874 499 inde
925 446 1239 498 turbaretur
1303 444 1560 512 phalanx.
1617 446 2058 502 Couserebantur

487 553 615 605 ergo
648 539 788 589 inter
813 544 1050 589 cetratos
1085 544 1309 590 nostros
1344 534 1680 606 Robertique
1709 539 1903 594 velites
1929 555 2054 608 pro-

486 631 730 684 αιιιιίοιθε
765 643 955 697 pugnae
979 669 994 693 ,
1023 629 1451 697 jaculationibus
1493 646 1597 683 non
1633 631 1990 686 creberrimis
2037 649 2050 683 :

486 722 662 774 donec
695 719 936 773 Roberto
963 721 1169 774 sensim
1205 736 1334 773 suos
1366 731 1679 776 asseclante
1707 738 1932 792 cairpns
1966 726 2054 778 in-

486 821 568 866 ter
597 815 740 865 acies
775 811 984 866 medius
1018 813 1189 881 magis
1225 829 1287 866 ac
1330 813 1502 882 magis
1538 816 1876 869 arctabatur.
1908 813 2059 868 Jam-

485 919 589 972 que
632 903 870 956 Ameceti
909 905 1142 970 phalanx
1194 905 1436 972 peditatu
1483 907 1638 973 juxta
1695 908 2059 975 equitatuque

485 1003 660 1048 totum
702 1010 927 1048 emenso
960 997 1234 1064 spatium,
1268 995 1524 1065 Nampitc
1557 1014 1750 1068 agmen
1785 1001 1944 1070 116
1973 1001 2058 1052 in-

486 1096 720 1147 vaserat.
752 1097 917 1156 atque
957 1090 1092 1142 adeo
1119 1089 1378 1158 baraugis
1415 1088 1718 1144 fortissime
1746 1081 2057 1145 resistenti-

484 1189 583 1230 nus
630 1191 818 1230 aversa
853 1179 904 1229 in
947 1177 1126 1247 fugam
1168 1177 1382 1240 fuerat;
1417 1194 1594 1247 neque
1642 1180 1786 1232 enim
1844 1182 2057 1234 eximiis

485 1267 748 1323 militibus
790 1278 898 1322 tota
938 1269 1247 1323 constabat.
1305 1270 1366 1322 lli
1418 1285 1546 1340 ergo
1608 1273 1662 1324 in
1714 1286 1861 1325 mare
1927 1271 2053 1342 fuga

484 1361 648 1412 delati
681 1362 747 1414 ad
783 1361 984 1414 collum
1020 1376 1194 1428 usque
1237 1361 1633 1430 immergebant
1681 1378 1738 1417 se
1773 1362 2054 1428 ﬂuctibus,

484 1454 666 1506 studio
695 1453 1044 1520 eontingendi
1087 1451 1361 1508 Romanas
1392 1453 1736 1522 Venetasque
1779 1469 1965 1520 naves,
2000 1455 2054 1508 in

484 1545 686 1610 quibus
722 1543 1024 1613 perfugium
1065 1544 1268 1596 frustra
1313 1545 1606 1613 sperabant
1641 1548 2004 1614 petebantque
2038 1561 2054 1597 :

483 1635 707 1702 quando
757 1633 935 1696 Gaita,
977 1642 1034 1686 ut
1087 1637 1306 1703 quidam
1349 1644 1601 1690 auctores
1637 1637 1907 1701 tradunt,
1947 1634 2058 1690 Ro-

486 1727 622 1779 herti
666 1727 884 1794 eonjux,
913 1727 965 1778 in
993 1727 1189 1779 bellum
1223 1735 1408 1781 secuta
1443 1729 1638 1790 virum,
1668 1727 1840 1780 Pallas
1862 1729 2050 1789 altera,

483 1819 610 1871 licet
643 1833 750 1870 non
791 1816 1058 1883 Minerva,
1099 1819 1414 1884 conspicata
1451 1816 1744 1887 fugientes,
1773 1818 1884 1871 acri
1918 1817 2054 1871 litos

482 1909 662 1962 intuiti
707 1923 905 1980 magna
938 1924 1072 1962 voce
1104 1907 1381 1975 increpuit
1411 1908 1592 1975 lingua
1637 1909 1808 1975 patria
1842 1915 2052 1959 tantum

481 2017 588 2055 non
617 1999 1113 2054 llomericumillud
1134 1999 1434 2053 inclamans
1459 2014 1471 2050 :
1500 1998 1622 2051 Este
1654 1999 1780 2061 viri,
1803 1999 2053 2066 quoniam

481 2108 643 2162 usque
680 2091 862 2161 fugam
914 2091 1135 2144 tendetis
1175 2091 1416 2144 inertem.
1471 2089 1574 2155 Qui
1611 2105 1735 2144 cum
1790 2090 1933 2143 haud
1981 2091 2052 2144 si-

480 2193 757 2239 stereutur
783 2183 1040 2247 clamore,
1069 2184 1184 2252 ipsa
1221 2185 1376 2252 longa
1409 2183 1463 2235 in
1499 2197 1716 2236 manum
1750 2183 1904 2235 hasta
1931 2198 2056 2235 cor-

482 2286 635 2346 repta
677 2276 807 2328 totis
861 2274 1052 2329 effusis
1100 2274 1328 2329 habenis
1362 2275 1586 2332 ignavos
1630 2275 1828 2327 infesta
1863 2289 2052 2344 perse-

480 2369 687 2437 quitur.
737 2366 811 2421 Ea
858 2382 918 2421 re
964 2368 1039 2420 illi
1095 2367 1496 2432 animadversa,
1529 2367 1794 2435 colligunt
1839 2383 1960 2422 sese
1998 2369 2052 2421 in

481 2475 825 2531 pugnamque
886 2476 946 2515 se
997 2467 1188 2512 mutuo
1238 2459 1304 2512 ad
1353 2458 1590 2512 oﬂit-ium
1643 2459 1913 2512 adhortati
1966 2474 2054 2510 rc-

479 2555 668 2607 deunl.
697 2552 870 2607 Simul
901 2567 1026 2605 vero
1054 2551 1390 2620 bipennigeri
1411 2560 1466 2603 et
1495 2551 1607 2619 ipse
1639 2551 1834 2604 ductor
1862 2566 2051 2604 eorum

481 2643 764 2711 Nampites
810 2642 1008 2696 ardore
1049 2643 1324 2710 pugnandi
1358 2651 1411 2694 ct
1445 2657 1703 2695 successu
1749 2641 1926 2707 primo
1960 2655 2054 2708 per

483 2734 806 2802 imperitiam
839 2733 965 2785 elati
993 2771 1008 2793 ,
1063 2735 1222 2801 longo
1253 2733 1362 2801 jam
1401 2732 1687 2785 intervallo
1722 2746 1750 2783 a
1789 2730 2053 2785 Romanis

481 2826 743 2895 disjuncti
777 2824 1083 2893 legionibus
1110 2839 1402 2878 conserere
1447 2825 1780 2878 festinabant
1829 2839 2052 2877 manum

479 2933 601 2972 eum
638 2919 752 2985 ipsa
784 2915 1060 2970 Gallorum
1094 2916 1239 2981 acie;
1275 2915 1470 2981 quibus
1506 2925 1560 2968 et
1611 2928 1712 2968 suo
1738 2923 1792 2968 et
1817 2913 2049 2967 aliorum

479 3010 686 3082 judicio
726 3023 1068 3079 nequaquam
1127 3009 1412 3063 inferiores
1463 3009 1518 3061 in
1553 3007 1924 3077 belligerando
1959 3007 2052 3059 ha-
2079 3023 2124 3085 ρ

482 3102 598 3157 beri
630 3103 848 3166 solent;
884 3117 978 3155 eos
1020 3099 1291 3154 Robertus
1323 3109 1514 3154 contra
1542 3101 1822 3153 venientes
1858 3113 2052 3167 specu-

480 3197 623 3250 latus
649 3195 803 3248 facile
828 3193 1063 3263 conjecit
1093 3209 1158 3246 ex
1185 3193 1466 3246 celeritate
1496 3193 1716 3260 gradus,
1745 3207 1813 3246 ex
1843 3193 2074 3261 magni-.

479 3289 667 3340 tudine
700 3289 940 3354 percursi
967 3287 1152 3353 spatii,
1179 3300 1243 3338 ex
1275 3285 1537 3352 gravitate
1569 3299 1871 3350 armorum,
1903 3284 2054 3337 defa-

479 3375 676 3443 tigatos
725 3388 789 3426 ac
827 3374 1066 3426 anhelitu
1111 3373 1330 3426 sublimi
1367 3388 1488 3428 esse
1535 3383 1850 3442 Opportere.
1909 3373 2050 3444 Ergo

478 3462 688 3516 insilire
716 3463 767 3515 in
795 3463 939 3530 ipsos
969 3462 1116 3531 jubet
1145 3465 1332 3529 globos
1361 3464 1624 3531 quosdam
1661 3466 1921 3532 peditum,
1961 3468 2051 3534 qui

478 3570 574 3609 eos
603 3555 941 3623 degus‘atos,
979 3554 1068 3605 ubi
1113 3554 1267 3623 longe
1297 3553 1515 3608 mollius
1544 3570 1706 3622 quam
1746 3570 1842 3623 pro
1872 3557 2048 3609 inces-

479 3663 573 3701 sus
608 3649 836 3700 audacia
872 3644 1191 3700 resistentes
1241 3646 1508 3708 sentiunt,
1559 3645 1718 3701 facile
1755 3647 1972 3700 admoto
1998 3656 2054 3701 et

480 3739 811 3808 iugeminato
843 3739 1043 3808 impetu
1073 3746 1304 3792 cunctos
1331 3739 1398 3791 ad
1422 3754 1591 3791 unum
1621 3738 1820 3801 delent,
1855 3739 2052 3808 quibus

480 3828 668 3881 tuendi
707 3827 808 3882 loci
840 3829 1058 3881 animus
1087 3837 1182 3881 aut
1222 3842 1351 3880 cura
1397 3828 1690 3897 supeduit.
1732 3828 1924 3883 Caneri
1963 3827 2050 3882 fu-

479 3935 601 3989 gam
644 3919 993 3972 intenderunt
1046 3934 1234 3972 versus
1271 3919 1532 3988 templum
1572 3922 1770 3974 summi
1811 3921 2050 3976 cmlcsuis

479 4012 682 4065 militiae
713 4011 976 4080 principis
1034 4009 1333 4070 Michaelis,
1375 4012 1427 4063 in
1463 4012 1646 4080 quod,
1693 4024 1896 4082 quanta
1947 4013 2050 4068 loci

475 4106 750 4170 capacitas
785 4103 908 4161 fuit,
939 4101 1236 4170 constipati
1266 4110 1395 4156 sunt
1425 4103 1818 4171 quampluritni
1859 4121 1872 4157 :
1909 4121 2050 4174 quos

477 4209 628 4247 Sarra
671 4194 813 4248 aedes
844 4208 1034 4262 capere
1098 4195 1239 4247 haud
1282 4195 1476 4262 potuit,
1529 4209 1820 4249 ascensum
1865 4197 1918 4250 in
1971 4205 2052 4251 te-

477 4297 622 4337 ctum
655 4286 775 4352 ejus
823 4301 886 4338 ac
933 4287 1210 4355 fastigium
1251 4287 1426 4340 moliti
1460 4297 1606 4342 tutos
1639 4286 1711 4341 ibi
1752 4302 1813 4343 se
1862 4289 2047 4343 miseri

477 4376 804 4440 credebant;
842 4393 1027 4430 verum
1066 4376 1243 4430 Latini
1297 4379 1422 4448 igne
1463 4379 1710 4434 immisso
1741 4381 1890 4448 ipsos
1919 4395 2043 4434 cum
2081 4367 2120 4418 ι)

1759 246 1988 306 ΑΝΝἉΕ
2025 242 2408 304 COMNEN/E

2161 352 2436 424 τραχήλου
2463 352 2583 415 ταῖς
2611 351 2770 419 νηυσὶ
2801 349 2895 403 τοῦ
2948 351 3261 420 Ῥωμαϊκοῦ
3317 355 3412 408 καὶ
3459 355 3710 413 Βενετικνῦ

2162 446 2352 499 στόλου
2385 444 2733 508 πελάζοντες,
2791 445 3002 496 ἐκεῖθεν
3031 445 3258 514 ᾐτοῦντο
3296 447 3393 516 τὴν
3441 452 3706 520 σωτηρίαν,

2159 540 2254 591 καὶ
2335 538 2467 607 παρ’
2536 536 2764 590 ἐκείνων
2814 537 2874 589 οὐ
2945 537 3360 608 προσεδέχοντο.
3425 541 3487 593 'tl
3549 543 3602 594 δὲ.
3650 559 3709 610 γε

2159 631 2329 683 Γαῖτα
2355 629 2490 698 (9‘2),
2533 629 2607 691 ὡς
2639 629 2796 696 λόγος
2825 629 2908 691 τίς
2961 645 3148 698 φησιν,
3180 631 3212 698 ἡ
3252 631 3344 683 τοῦ
3397 633 3707 703 ⁴Ρομπέρτιευ

2162 721 2418 782 σύνευνος
2445 720 2595 790 αὑτῷ
2640 721 3143 790 συστρατευομένη,
3200 721 3410 785 Παλλὰς
3443 724 3590 794 ἄλλη,
3617 727 3710 778 κᾶν

2163 811 2237 882 μὴ
2276 811 2499 881 Ἀθήνη,
2531 811 2842 880 θεασαμένη
2892 812 3018 875 τοὺς
3073 811 3395 880 φεύγοντας,
3426 813 3579 885 δριμὺ
3606 817 3713 868 τού-

2158 919 2282 964 τους
2315 903 2670 956 ἐνατενίσασα
2720 903 2786 965 ⁸³,
2821 905 2943 955 κατ’
2994 903 3176 956 αὐτῶν
3231 905 3490 974 μεγίστην
3531 908 3714 974 ἀφεῖσα.

2161 994 2362 1062 φωνὴν,
2404 996 2629 1061 μονονοὺ
2661 993 2752 1046 τὸν
2786 992 2833 1025 ⁸⁸
2878 993 3183 1064 Ὁμηρικὸν
3233 993 3361 1056 ἔπος
3395 998 3456 1064 τῇ
3490 996 3588 1066 ἰδίᾳ
3611 998 3716 1049 δια-

2159 1083 2334 1152 λέκτῳ
2387 1085 2568 1152 λέγειν
2625 1084 2810 1154 ἐῴκει·
2876 1085 3066 1154 Μέχρι
3128 1086 3328 1139 πόσου
3383 1089 3692 1154 φεύξεσθες

2108 1193 2116 1199 ·
2160 1175 2366 1242 στῆτε,
2403 1176 2616 1245 ἀνέρες·
2647 1178 2814 1231 ἕστε.
2872 1176 2959 1239 Ὠς
2985 1177 3041 1229 δὲ
3070 1177 3149 1230 ἔτι
3189 1177 3490 1246 φεύγοντας
3516 1180 3722 1242 τούτους

2160 1267 2306 1336 ἑώρα
2341 1267 2469 1336 δόρυ
2509 1268 2722 1336 μακρὸν
2756 1267 3265 1336 ὲναγκαὶισαμένη,
3297 1267 3451 1331 ὅλους
3502 1271 3723 1342 ῥυτῆρας

2159 1357 2384 1410 ὲνίοῦσα
2416 1359 2559 1410 κατὰ
2585 1358 2694 1409 τῶν
2725 1357 3038 1424 φευγόντων
3073 1359 3233 1410 ἵεται.
3266 1359 3439 1411 Τοῦτο
3473 1360 3729 1429 θεασάμε-

2159 1468 2241 1503 νοι
2268 1450 2363 1502 atat
2389 1451 2603 1502 ἑαυτῶν
2629 1451 2940 1518 γεγονότες,
2975 1446 3132 1510 αὖθις
3159 1451 3298 1520 πρὸς
3323 1452 3501 1521 μάχην
3519 1453 3727 1513 ἑαυτοὺς

2157 1543 2580 1595 ἀνεκαλέσαντο.
2662 1539 2814 1594 Ἐπεὶ
2837 1542 2883 1573 ⁸⁵
2913 1541 2970 1593 δὲ
3012 1542 3060 1592 οι
3113 1541 3482 1612 πελεκυφόροι
3511 1544 3618 1612 (95)
3646 1545 3731 1597 καὶ

2161 1633 2323 1696 αὐτὸς
2346 1634 2373 1684 ὁ
2400 1633 2606 1686 τούτων
2640 1633 2886 1702 ἀρχηγὸς
2911 1637 2937 1685 ὁ
2969 1633 3267 1701 Ναμπίτης
3301 1633 3372 1685 δι’
3424 1635 3672 1706 ἀπειρίαν
3689 1635 3730 1666 ⁸⁸

2158 1723 2252 1776 καὶ
2281 1725 2590 1793 Θερμότητα
2610 1724 3249 1795 ὀξύτερονβεεαδικότες,
3282 1727 3469 1780 ἱκανὸν
3491 1727 3587 1793 τῆς
3617 1727 3736 1780 Ῥωο

2160 1815 2364 1884 μαῖκῆς
2387 1817 2748 1886 παρατάξεως
2777 1817 3121 1886 ἀπέστησαν,
3162 1818 3496 1881 σπεύδοντες
3544 1819 3735 1888 ξυμϐα-

2155 1905 2268 1959 λεῖν
2293 1909 2337 1939 ⁸⁷
2365 1909 2423 1959 ὲν
2450 1908 2550 1977 ῐσῳ
2581 1908 2740 1976 θυμῷ
2764 1910 2877 1969 τοῖς
2905 1909 3131 1970 Κελτοῖς
3156 1910 3279 1978 (καὶ
3314 1909 3426 1979 γὰρ
3459 1910 3556 1980 οὐχ
3587 1906 3738 1980 ἦττον

2155 1995 2384 2048 ἐκείνων
2433 1994 2564 2065 περὶ
2618 1996 2718 2057 τὰς
2774 1995 2974 2064 μάχας,
3023 1995 3122 2048 καὶ
3179 1988 3337 2049 οὗτοι
3393 1997 3742 2065 ὲκθυμότεροί

2156 2091 2282 2153 εἱσι,
2350 2089 2445 2141 καὶ
2497 2087 2606 2140 τῶν
2656 2087 2879 2139 Κελτῶν
2923 2088 2982 2139 ἐν
3039 2087 3218 2157 τούτῳ
3270 2088 3334 2140 τὸ
3382 2087 3431 2120 ⁸⁸
3466 2088 3625 2159 μέρει
3674 2086 3743 2158 μὴ

2155 2178 2531 2250 ἀποδέοντες),
2591 2181 3003 2241 κεκοπιακότας
3055 2183 3291 2242 τούτους
3343 2181 3446 2251 ἤδη
3498 2182 3592 2234 καὶ
3628 2180 3746 2233 ἀσθ-

2159 2272 2452 2342 μαίνοντας
2473 2273 2501 2323 ὁ
2536 2270 2879 2340 Ῥομπέρτος
2914 2269 3288 2340 θεασάμενος,
3323 2274 3423 2324 καὶ
3468 2271 3628 2325 τοῦτο
3649 2270 3747 2324 aut

2155 2382 2213 2416 τε
2246 2366 2346 2432 τῆς
2369 2362 2546 2427 ὀξείας
2575 2363 2877 2431 κινήσεως,
2921 2361 3014 2414 τοῦ
3033 2379 3091 2414 τε
3119 2363 3506 2431 διαστήματος
3532 2364 3750 2432 βεϐαιω-

2156 2449 2267 2511 θεὶς
2303 2448 2518 2503 καὶτοῦ
2549 2450 2750 2519 ἄχθους
2807 2449 2918 2502 τῶν
2949 2451 3151 2514 ὅπλων,
3191 2469 3244 2503 τι
3289 2452 3354 2514 ὰς
3413 2453 3527 2504 τῶν
3578 2453 3747 2514 πεζῶν

2156 2541 2435 2609 ἐπέσκηψε
2465 2542 2588 2593 κατ’
2617 2541 2794 2593 αὐτῶν
2830 2541 3186 2609 εἰσπηδῆσαι.
3243 2544 3319 2595 Οἱ
3353 2544 3413 2596 δὲ
3442 2561 3750 2614 προκεκμη·

2158 2635 2317 2695 κὸτες
2362 2635 2461 2704 ἤδη
2524 2633 2906 2702 μαλακώτεροι
2981 2634 3092 2686 τῶν
3151 2635 3391 2688 Κελτῶν
3454 2637 3744 2704 ἐφαίνοντο.

2157 2725 2354 2778 Πίπτει
2383 2724 2514 2792 γοῦν
2541 2724 2846 2791 τηνικαῦτα
2888 2725 2949 2776 τὸ
2988 2723 3282 2794 βάρϐαρον
3318 2725 3498 2790 ἅπαν,
3523 2731 3617 2780 καὶ
3639 2727 3747 2779 ὁπό-

2159 2836 2244 2871 σοι
2300 2817 2508 2869 τούτων
2551 2818 2832 2886 ἐσώθησαν
2888 2819 3021 2887 περὶ
3073 2818 3133 2869 τὸ
3187 2819 3437 2885 τέμενος
3490 2820 3602 2890 (94)
3664 2817 3748 2870 τοῦ

2156 2911 2598 2981 ἀρχιστρατήγου
2651 2908 2873 2978 Μιχαὴλ
2902 2913 3436 2978 προσπεφευγότες,
3465 2913 3517 2964 οἱ
3547 2914 3643 2981 μὲν
3673 2911 3755 2963 καὶ

2156 3001 2386 3062 ὁπόσους
2440 2999 2700 3070 ἐξεχώρει
2729 3001 2788 3053 τὸ
2816 3000 3045 3069 τέμενος
3094 3001 3255 3064 ἐντὸς
3319 3003 3608 3074 εἰσῄεσαν,
3639 3002 3756 3057 ora:

2155 3094 2366 3147 ἄνωθεν
2407 3093 2502 3146 τοῦ
2554 3094 2815 3162 τεμένους
2878 3093 3195 3156 ἀνελθόντες
3258 3097 3628 3168 εἱστήκεσαν,
3668 3099 3760 3162 τὴν

2158 3186 2455 3256 σωτηρίαν,
2503 3185 2578 3247 ὡς
2608 3184 2799 3255 ᾤοντο,
2848 3185 3061 3238 ἐκεῖθεν
3095 3187 3759 3258 πραγματευσόμενοιυ.

2156 3279 2220 3330 Οἱ
2269 3278 2326 3330 δὲ
2376 3278 2594 3329 Λατῖνοι
2657 3275 2768 3346 πῦρ
2830 3276 2950 3328 κατ’
2997 3277 3178 3330 αὐτῶν
3244 3282 3520 3350 ἀφέντες,
3569 3281 3662 3333 σὺν
3695 3277 3766 3347 τῷ

2152 3371 2389 3438 τεμένει.
2422 3369 2632 3430 πάντας
2694 3367 3069 3422 κατέκαυσαν.
3123 3369 3196 3422 Τὸ
3244 3373 3306 3424 δέ
3337 3390 3407 3441 γε
3453 3374 3644 3426 λοιπὸν
3669 3372 3766 3438 τῆς

2159 3462 2480 3531 Ῥωμαῖκῆς
2517 3460 2796 3529 φάλαγγος
2819 3460 3103 3530 καρτερῶς
3129 3467 3282 3532 πρὸς
3316 3467 3532 3530 αὐτοὺς
3559 3465 3772 3534 ἁπεμά.

2158 3572 2340 3624 χοντο.
2406 3555 2466 3607 Ὀ
2507 3555 2564 3606 δὲ
2625 3555 2963 3623 Ῥομπέρτος
3029 3554 3299 3628 καθάπερ
3356 3577 3448 3622 τις
3495 3559 3771 3629 πτερωτὸς

2157 3645 2393 3713 ἱππότης
2427 3643 2523 3698 σὺν
2548 3646 2670 3707 ταῖς
2702 3645 2922 3710 λοιπαῖς
2974 3645 3253 3715 δυνάμεσι
3311 3652 3468 3705 κατὰ
3504 3652 3608 3720 τῆς
3653 3651 3776 3703 Ῥω-

2157 3738 2362 3808 μαῖκῆς
2394 3737 2510 3808 ἐλᾷ,
2531 3738 2625 3791 καὶ
2643 3737 2865 3790 ὠθεῖται
2893 3738 3121 3807 ταύτην,
3156 3743 3262 3794 καὶ
3302 3743 3394 3807 εἰς
3425 3745 3577 3815 μέρη
3607 3743 3772 3795 πολλὰ

2152 3831 2380 3900 διασπᾷ.
2453 3828 2740 3882 Ἐντεῦθεν
2788 3829 2838 3881 οἱ
2905 3828 3006 3897 μὲν
3063 3831 3176 3882 τῶν
3229 3834 3660 3905 ἀντικειμένων
3722 3834 3778 3884 ὲν

2153 3923 2303 3992 αὐτῷ
2335 3921 2411 3992 τῷ
2445 3921 2672 3991 πολέμῳ
2705 3922 3008 3990 μαχόμενοι
3043 3925 3390 3990 πίπτουσιν,
3454 3930 3508 3980 οἱ
3539 3929 3599 3980 δὲ
3632 3927 3776 3995 φυγῇ

2150 4015 2251 4084 τὴν
2307 4012 2518 4066 ἑαυτῶν
2587 4013 3124 4082 ἐπραγματεύσαντο
3197 4019 3536 4088 σωτηρίαν.
3606 4017 3670 4070 '0
3724 4017 3782 4070 δὲ

2154 4105 2413 4175 βασιλεὺς
2458 4104 2695 4168 Ἀλέξιος
2739 4104 2992 4176 καθάπερ
3040 4124 3127 4170 τις
3179 4108 3424 4179 πύργος
3473 4112 3782 4181 ἀκλόνητος

2152 4197 2340 4267 ἔμενε,
2390 4197 2496 4249 κᾶν
2551 4195 2778 4256 πολλοὺς
2821 4196 2931 4249 τῶν
2963 4196 3084 4265 μετ’
3141 4198 3331 4253 αὐτοῦ
3399 4201 3784 4271 ἀποϐεϐλήκει

2154 4289 2366 4361 ἀνδρῶν
2389 4291 2482 4342 καὶ
2515 4289 2663 4355 γένει
2705 4288 2800 4339 καὶ
2841 4289 3007 4359 πείρᾳ
3045 4297 3458 4366 στρατιωτικῇ
3497 4293 3790 4364 διαφερόν-

2149 4399 2278 4434 των.
2331 4381 2596 4434 Πέπτωκε
2655 4380 2762 4448 γὰρ
2813 4379 3170 4447 τηνικαῦταό
3204 4383 3636 4449 Κωνστάντιος
3675 4384 3788 4456 \95)

1539 4493 1739 4554 Varias
1778 4493 2084 4556 lectiones
2127 4512 2204 4556 ex
2243 4493 2386 4556 cod.
2424 4493 2689 4554 Coislin.

549 4590 592 4621 ³²
620 4589 1023 4655 ἐνατενίζουσα.

474 4661 818 4730 τευσάμενοι.

1103 4593 1150 4625 ⁸³
1176 4595 1416 4662 ἀφιεῖσα.
1509 4591 1559 4626 ⁸⁸
1588 4595 1668 4649 τό.
1744 4594 1790 4627 ⁸⁵
1821 4598 2034 4668 ἐπειδή.

2139 4597 2186 4628 ⁸⁸
2217 4594 2533 4665 ἐμπειρίαν.

2610 4593 2996 4664 ’τ’-συμϐαλεῖ).
3119 4597 3166 4628 ⁸’⁶
3211 4598 3328 4668 τῷ.
3438 4599 3490 4631 θ’
3521 4617 3795 4672 πραγμα-

1493 4803 1635 4864 Car.
1675 4798 2000 4862 Dufresnii
2034 4801 2124 4859 Du
2159 4799 2382 4876 Cangii
2418 4808 2605 4859 noue.

548 4895 746 4968 (9‘2)?!
803 4897 875 4955 δὲ,
927 4900 1136 4954 Parta.
1190 4899 1451 4956 Testatur
1506 4903 1668 4955 etiam
1720 4900 2049 4956 Guillelmus

476 4969 638 5035 Apul.
692 4968 750 5040 in
811 4969 913 5023 hoc
963 4973 1150 5038 praelio
1201 4973 1496 5025 Amazonis
1548 4973 1723 5024 instar
1776 4984 2051 5040 pugnasse

482 5039 702 5090 ltoberti
739 5054 982 5100 uxorem,
1012 5050 1065 5092 et
1107 5041 1159 5092 in
1193 5056 1258 5093 eo
1301 5043 1642 5093 vulneratam
1677 5058 1690 5093 :

488 5107 631 5160 Uxor
665 5109 719 5160 in
745 5108 840 5178 hoc
867 5109 1001 5162 bello
1036 5108 1250 5163 Roberti
1277 5110 1412 5178 forte
1445 5112 1646 5178 sagitta

482 5178 726 5249 Quadam
759 5177 886 5231 Ιιεδα
918 5180 1038 5249 fuit,
1071 5195 1187 5248 qua:
1229 5177 1438 5233 vulnere
1469 5177 1678 5245 territa,
1705 5179 1910 5232 nullam

477 5247 613 5316 Dium
643 5251 886 5313 sperabat
917 5247 1091 5314 opem,
1107 5267 1161 5303 se
1183 5265 1308 5316 pene
1337 5249 1606 5315 subegerat
1636 5252 1798 5316 hosti,

480 5315 714 5388 Navigio
751 5319 903 5388 cujus
939 5334 990 5370 se
1018 5315 1384 5373 commendare
1414 5321 1611 5388 uolebat
1640 5359 1654 5382 ,

481 5385 743 5457 instantis
774 5385 1006 5440 uietuens
1040 5390 1209 5442 vicina
1245 5387 1478 5457 pericula
1513 5392 1678 5441 let/ti:

482 5454 631 5527 itane
670 5457 804 5508 Deus
833 5460 1048 5525 eripuit,
1077 5460 1195 5527 ﬁeri
1224 5454 1458 5511 ludibria
1492 5461 1675 5512 nolens

490 5523 747 5578 llatronm
782 5523 967 5590 luntre,
1005 5523 1110 5582 tam
1142 5529 1331 5582 nobilis
1359 5539 1406 5583 et
1444 5529 1767 5583 veneranda.

549 5595 660 5662 (95)
708 5597 868 5667 Ἐπεὶ
927 5597 994 5649 δὲ
1037 5601 1454 5667 πελεκυερόροι.
1489 5600 1772 5653 Malatcrra
1823 5599 1940 5651 loco
1975 5597 2053 5651 ci-

480 5666 595 5716 tato
645 5665 875 5729 primam
938 5669 1100 5722 istaut
1154 5665 1534 5736 Varangorum
1581 5670 1793 5724 cladem
1849 5669 2052 5737 pariter

2151 4899 2339 4974 r_efe_rt.
2379 4899 2807 4974 Conligituvero
2870 4900 3004 4974 boe__
3035 4901 3311 4969 praelium
3382 4909 3656 4974 feriam,
3711 4908 3796 4959 d'e

2152 4969 2213 5023 S.
2254 4968 2408 5044 [.qu
2434 4968 2665 5044 apostoli
2692 4981 2739 5022 et
2766 4968 3124 5044 evangelisitz',
3151 4988 3265 5028 an.
3299 4968 3498 5044 1082,
3520 4989 3580 5034 ut
3608 4968 3800 5033 κυρίοι-

2151 5049 2237 5092 est
2270 5041 2590 5108 Anionymus
2623 5041 2898 5104 Barensis,
2929 5043 3020 5108 qui
3057 5043 3244 5096 Anna:
3281 5046 3400 5101 hac
3449 5041 3509 5102 in
3550 5065 3615 5103 re
3666 5065 3797 5103 con-

2150 5107 2444 5181 cinit._Sed
2480 5121 2625 5162 errat
2655 5107 2988 5181 Anna,cum
3041 5111 3113 5162 ait
3141 5111 3378 5169 initum
3443 5118 3654 5173 indict.
3709 5121 3742 5173 4
3781 5134 3795 5181 ;

2153 5193 2275 5231 nam
2311 5178 2415 5230 hoc
2447 5192 2592 5231 anno
2624 5195 2812 5231 mense
2843 5179 3069 5233 Octobri
3102 5185 3407 5241 currebat
3450 5190 3699 5242 intlictio
3740 5178 3791 5239 νζ

2223 5247 2551 5319 (9ᾓλῌερζλ
2589 5250 2657 5301 τὸ
2707 5248 2979 5316 τέμενος.
3042 5249 3383 5308 Ecclesiam
3445 5257 3514 5312 S.
3557 5257 3794 5319 Nicolai,

2152 5333 2260 5370 non
2301 5317 2610 5379 Michaelis,
2650 5320 2812 5372 habet
2843 5319 2947 5372 hoc
2977 5321 3096 5372 loco
3129 5319 3507 5381 Malaterra.

2222 5387 2334 5469 (95)
2375 5385 2824 5469 βωνστᾴγτιος.
2880 5390 3260 5469 Constantius
3319 5397 3797 5469 porphymgeu.

2152 5455 2315 5522 neta,
2372 5455 2717 5510 Constantini
2777 5460 2935 5513 Ducas
2986 5463 3372 5524 imperatoris
3425 5455 3499 5521 ei
3553 5455 3801 5522 Eud'oeiz

2155 5526 2640 5608 filiuSLMichaelis
2679 5529 3280 5608 [farapinaeaenfrater,
3324 5537 3528 5608 idem,
3577 5540 3801 5608 opinor,

2152 5599 2244 5663 qui
2304 5595 2636 5667 Zonarzeet
2705 5595 2954 5667 Scylitza:
3014 5595 3806 5663 Constantinus:Narrant

2156 5669 2353 5736 quippe
2383 5667 2418 5720 ii
2451 5666 2754 5736 scriptores
2785 5666 2992 5724 liberos
3023 5683 3112 5725 sex
3156 5672 3469 5735 habuisse
3523 5679 3804 5734 Constan-
