4022 6270
302 374 393 436 $165
1559 370 1599 425 Α
1615 362 1969 425 LEXIADIS
2013 362 2162 422 LIB.
2202 362 2306 424 IV.
3196 410 3199 415 _
3438 354 3544 415 ἔ.ὑῦ

307 482 367 541 ὡς
390 480 465 532 ἐπ’
495 479 679 548 οὐρὰν
705 477 798 531 τοῦ
831 472 997 531 ἵππου
1029 477 1199 532 ἔθετο.
1230 478 1343 531 Καὶ
1369 475 1530 537 εὐθὺς
1557 472 1645 526 τὸν
1687 473 1871 543 χρῶτα
1897 521 1905 532 ,

1983 468 2156 524 adhuc
2180 469 2456 535 obtinens,
2490 478 2597 522 tres
2631 466 2973 530 Lat‘norum,
3006 480 3236 533 quorum
3272 480 3417 521 unus
3452 479 3550 519 su.

310 572 388 625 τοῦ
418 569 678 638 σώματος
715 570 912 639 μικρὸν
940 568 1301 638 παραξέσασα
1325 569 1357 637 ἠ
1380 566 1474 620 τοῦ
1506 566 1694 635 ξίφους
1716 564 1872 634 ἀκμὴ

312 666 419 734 περὶ
457 663 562 732 τὴν
600 662 774 732 ἀκοὴν
808 660 1273 732 παραποδισθείσα
1312 662 1411 731 τῆς
1458 658 1722 729 κόρυθος,
1778 658 1874 711 καὶ

312 756 387 808 τὸν
428 753 729 821 συνέχοντα
782 753 987 823 ταύτην
1032 752 1135 805 ὑπὸ
1165 753 1263 823 τὴν
1302 755 1465 820 γένυν
1516 750 1716 821 ίμὰντα
1759 749 1876 802 δια-

314 846 572 909 σπάσασα,
603 838 716 896 ὦσε
755 844 961 913 ταύτην
990 846 1069 908 εἰς
1097 845 1222 914 γῆν.
1256 843 1575 914 Τηνικαῦτα
1616 842 1674 894 δὲ
1712 842 1740 894 ὀ
1776 841 1875 910 μὲν

314 937 495 999 Κελτὸς
546 939 761 1000 ἐκεῖνος
815 936 1080 1006 παραθέει
1127 937 1187 990 ὃν
1243 936 1381 1006 ᾤετο
1429 934 1875 1004 κατακρημνίσαι

313 1028 389 1080 τοῦ
421 1028 614 1090 ἵππου,
664 1030 691 1080 ὁ
729 1028 773 1078 δ’
804 1028 964 1091 εὐθὺς
991 1027 1257 1098 ὀρθωθεὶς
1304 1030 1395 1081 ἐπὶ
1430 1029 1529 1097 τῆς
1565 1024 1876 1095 ὲφεστρίδος

314 1122 505 1190 ἑδραῖος
561 1119 839 1188 ἐκάθητο,
901 1121 1068 1188 μηδὲν
1141 1120 1251 1173 τῶν
1309 1120 1488 1173 ὃπλων
1565 1116 1874 1172 ἀποϐαλών.

325 1212 468 1265 ’Δλλὰ
515 1211 618 1263 καὶ
665 1212 874 1279 γυμνὸν
918 1211 978 1262 τὸ
1022 1211 1172 1279 ξίφος
1210 1210 1453 1280 κατέχων
1483 1211 1549 1281 τῇ
1584 1207 1752 1277 δεξιᾷ,
1800 1206 1878 1277 τῷ

310 1304 358 1357 δὲ
380 1303 561 1374 λύθρῳ
601 1301 695 1355 τοῦ
734 1303 868 1356 ἰδίου
909 1303 1326 1372 πεφοινιγμένος
1367 1303 1617 1372 αἵματος,
1653 1302 1747 1354 καὶ
1780 1299 1878 1370 τὴν

313 1395 539 1463 κεφαλὴν
569 1392 1015 1463 ἀπερικὰλυπτον
1049 1393 1187 1462 ἔχων
1214 1433 1229 1456 ,
1264 1394 1359 1445 καὶ
1389 1392 1487 1461 τὴν
1530 1390 1745 1461 πυρσὴν
1786 1390 1880 1443 καὶ

312 1487 534 1557 ἡλιῶσαν
585 1486 767 1555 κόμην
827 1484 1323 1555 περιπλανωμένην
1369 1486 1490 1546 ταῖς
1539 1485 1733 1555 ὄψεσι,
1784 1483 1880 1535 καὶ⁵

310 1575 616 1627 δωκλοῦσαν
640 1575 759 1607 9""
812 1575 1001 1628 αὐτόν·
1038 1578 1065 1627 ὁ
1123 1576 1232 1645 γὰρ
1268 1576 1433 1637 ἵππος
1481 1574 1880 1644 ταραττόμενος

311 1667 396 1718 καὶ
436 1665 738 1720 ἀποπτύων
781 1666 909 1729 τοὺς
940 1666 1192 1733 χαλινοὺς
1221 1667 1317 1719 καὶ
1363 1667 1713 1736 φριμάσσων,
1750 1666 1880 1717 ἀτα-

309 1757 559 1826 κτότερον
601 1756 899 1827 ἐμπίπτειν
948 1756 1025 1827 τῷ
1055 1758 1332 1829 προσώπῳ
1371 1761 1498 1820 τοὺς
1550 1757 1881 1827 βθστρύχθυς

309 1850 744 1920 παρεσκεύαζεν·
781 1850 918 1903 ἀλλὰ
966 1852 1058 1904 καὶ
1106 1850 1181 1913 ὡς
1232 1851 1423 1903 ἑαυτὸν
1468 1850 1880 1915 ἀνακαλεσάμε-

310 1960 412 2007 νος,
448 1942 525 2005 ὡς
569 1942 720 2010 ἐνῆν,
767 1945 883 2005 τοῖς
937 1942 1200 2004 ἐναντίοις
1238 1941 1678 1994 ἀντικαθίστατο.
1727 1942 1881 1994 Ἐπεὶ

307 2030 360 2082 δὲ
385 2031 478 2083 καὶ
536 2030 669 2092 τοὺς
718 2028 994 2099 Τούρκους
1044 2030 1176 2101 (96⁹)
1227 2032 1526 2099 φεύγοντας
1574 2033 1741 2099 ἐώρα,
1787 2032 1882 2084 καὶ

309 2121 460 2174 αὐτὸν
488 2121 582 2173 τὸν
613 2120 830 2174 Βοδῖνον
864 2120 1207 2190 ἀπολέμητον
1238 2123 1627 2192 ὑποχωροῦντα
1651 2140 1666 2154 ο
1714 2123 1882 2176 ὥπλι-

311 2229 395 2265 στο
430 2213 545 2282 γὰρ
587 2213 686 2264 καὶ
726 2204 881 2275 οὗτος
934 2213 1027 2264 καὶ
1078 2215 1157 2275 εἰς
1212 2214 1449 2284 πολέμου
1502 2218 1671 2268 τύπον
1730 2217 1775 2247 ⁸⁸
1824 2217 1884 2268 τδ

310 2305 463 2357 αὐτοῦ
494 2305 848 2368 διατυπώσας
888 2306 1203 2374 στράτευμα
1234 2307 1374 2359 κατὰ
1403 2308 1630 2376 ταυτηνὶ
1687 2310 1728 2340 ⁰⁷
1784 2309 1885 2379 τὴν

310 2396 511 2467 ἡμέραν
544 2396 751 2462 ἵστατο,
785 2399 861 2460 ὠς
893 2398 1186 2469 ἐπαρήξων
1214 2399 1355 2468 τάχα
1386 2402 1465 2465 τῷ
1499 2400 1882 2469 σ.ὺτο.εράτορι,

308 2488 442 2541 κατὰ
485 2488 590 2549 τὰς
629 2489 765 2559 πρὶς
803 2490 966 2543 αὐτὸν
996 2492 1369 2559 γεγενημένας
1422 2491 1723 2561 συνθήκας
1762 2494 1887 2545 ἐκω-

311 2580 523 2650 ραδόκει
556 2580 633 2643 δὲ,
665 2580 739 2641 ὠς
786 2581 983 2642 ἔοικεν,
1033 2583 1116 2633 ἵνα
1171 2583 1221 2633 εί
1276 2584 1373 2651 μὲν
1422 2583 1520 2653 τὴν
1570 2583 1739 2652 ῥοπὴν
1788 2583 1887 2652 τῆς

304 2673 455 2741 νίκης
484 2673 569 2742 τῷ
611 2671 975 2742 αὐτοκράτορι
1006 2675 1250 2727 δοθεῖσαν
1280 2676 1453 2745 γνοίη,
1485 2675 1757 2745 ὲπιτεΟείη
1794 2675 1887 2728 καὶ

306 2764 457 2825 αὐτὸς
501 2764 618 2825 τοῖς
656 2764 902 2827 Κελτοῖς,
958 2768 1006 2818 εί
1047 2766 1103 2817 δὲ
1150 2766 1478 2828 τούναντίον,
1511 2768 1796 2837 ἀτρεμήσῃ
1828 2783 1886 2817 τε

309 2856 396 2908 καὶ
436 2853 774 2917 ὀπισθόπους
812 2857 1063 2925 γένηταιο
1099 2857 1268 2909 ταῦτα
1308 2857 1773 2926 διαλογιζόμενος,
1813 2857 1887 2920 ὡς

312 2946 365 3010 ἐξ
404 2940 479 2998 ὧν
534 2947 848 3017 ἐπεπράχει
904 2948 1081 3017 δῆλον,
1118 2948 1208 3001 καὶ
1254 2948 1350 3018 τὴν
1401 2948 1637 3000 νικῶσαν
1681 2949 1887 3017 ἀπάρτι

316 3040 423 3100 τοὺς
468 3038 714 3099 Κελτοὺς
756 3040 1011 3105 ἐγνωκὼς
1042 3039 1290 3108 ἔχοντας,
1341 3039 1605 3106 ἄγευστος
1650 3039 1885 3108 πολέμου

1976 577 2073 631 pra
2109 561 2428 616 nominatus
2462 560 2749 615 Amecetes
2782 558 2905 625 fuit,
2941 559 3080 613 alter
3110 558 3307 614 Petrus
3340 558 3550 627 Alipha:

1977 653 2149 719 ﬁlius,
2183 660 2243 708 ut
2277 654 2394 723 ipse
2445 653 2757 719 afﬁrmavit,
2810 653 3025 714 tertius,
3076 652 3219 708 alius
3273 652 3547 720 quispiam

1978 747 2128 801 nulla
2159 761 2218 802 re
2243 745 2473 801 inferior
2506 746 2742 812 duobus,
2779 746 2909 799 telis
2945 744 3179 799 habenis
3207 759 3350 813 equo
3394 744 3547 813 quis-

1978 844 2085 909 que
2111 854 2213 893 suo
2246 839 2469 903 laxatis,
2520 838 2698 907 longis
2731 837 2932 892 armati
2980 837 3153 893 hastis
3203 838 3256 890 in
3291 852 3416 892 eum
3464 839 3552 892 iu-

1979 939 2294 987 currerunt.
2339 929 2406 983 Et
2466 931 2750 985 Ameeetcs
2802 930 3022 999 quidem
3080 942 3225 985 recta
3282 930 3447 984 ictum
3497 931 3551 982 in

1980 1021 2365 1090 imperatorem
2408 1036 2516 1076 non
2570 1021 2815 1090 pertulit,
2853 1037 2998 1092 equo
3047 1022 3331 1091 paulisper
3381 1022 3550 1077 dei-li-

1979 1122 2183 1176 nantc,
2238 1111 2465 1166 alterius
2518 1113 2729 1165 hastam
2783 1112 2962 1181 primo
3014 1113 3313 1181 imperator
3369 1112 3552 1182 gladio

1981 1204 2205 1273 repulit,
2244 1212 2356 1258 tum
2387 1204 2610 1258 intentis
2640 1219 2833 1257 manus
2862 1203 3048 1258 nervis
3081 1206 3458 1259 vehementem
3496 1204 3551 1257 in

1982 1295 2195 1350 hostem
2226 1296 2555 1365 intorquens
2581 1295 2775 1361 ictum,
2807 1311 2914 1366 quo
2946 1298 3118 1364 ipsam
3152 1298 3301 1364 carpi
3329 1298 3558 1366 junctu-

1985 1404 2098 1442 ram
2132 1388 2308 1457 petiit,
2345 1404 2566 1441 manum
2613 1388 2757 1441 illius
2800 1403 2830 1441 a
2880 1389 3091 1455 reliquo
3144 1390 3382 1444 abscidit
3434 1404 3558 1444 cor—

1982 1496 2134 1549 pore.
2171 1482 2235 1533 At
2268 1483 2463 1533 tertius
2492 1483 2876 1548 imperatorem
2912 1480 2965 1532 in
3016 1478 3198 1534 fronte
3241 1482 3551 1548 percussit;

1987 1584 2173 1622 verum
2207 1569 2296 1622 ille
2321 1569 2423 1622 sibi
2449 1584 2662 1622 summe
2694 1583 2935 1636 prtesens
2966 1567 3123 1622 [irino
3168 1579 3223 1623 et
3259 1569 3556 1638 impertur-

1985 1661 2113 1715 hato
2142 1674 2356 1731 semper
2386 1662 2591 1726 animo,
2620 1661 2998 1729 quantuslibet
3032 1661 3175 1715 circa
3205 1661 3471 1716 tumultus
3503 1670 3559 1715 et

1990 1770 2171 1807 rerum
2198 1768 2421 1806 sursum
2450 1754 2703 1806 deorsum
2725 1752 2969 1805 omnium
2995 1753 3276 1820 pernilstio
3300 1752 3554 1817 ferveret,

1917 1828 1955 1881 Β
1988 1856 2045 1899 ιιι
2074 1847 2379 1901 venientem
2419 1847 2593 1902 sensit
2625 1846 2813 1910 ictum,
2840 1844 3038 1912 abiecit
3087 1862 3146 1901 se
3206 1854 3353 1900 retro
3402 1849 3557 1915 supi-

1984 1953 2113 1991 num
2150 1939 2202 1991 in
2236 1940 2360 2007 equi
2401 1937 2630 1991 caudam
2660 1954 2673 2003 ;
2708 1953 2818 2006 quo
2864 1937 3066 1991 factum
3117 1947 3202 1993 est
3235 1948 3294 1992 ιιι
3343 1955 3555 1993 summa

1984 2030 2405 2084 tluntasateute
2452 2030 2649 2085 frontis
2703 2031 3018 2097 perstricta,
3073 2030 3372 2100 leviterque
3422 2032 3560 2087 deli-

1985 2123 2108 2175 bata
2139 2136 2329 2175 mucro
2359 2122 2601 2190 cuspidis
2625 2122 2677 2175 in
2702 2122 3096 2195 prominentem
3137 2124 3304 2192 galea:
3334 2122 3557 2179 limbuai

1987 2214 2290 2276 offendens,
2329 2214 2505 2266 lorum
2536 2228 2644 2282 quo
2671 2213 2858 2267 eadem
2890 2214 3042 2283 galea
3087 2215 3193 2270 sub
3241 2225 3426 2270 mento
3449 2217 3558 2270 cir—

1987 2320 2115 2359 eum
2151 2305 2559 2372 astringehatur
2608 2305 2910 2374 abruperit,
2964 2320 3199 2375 eamque
3255 2308 3308 2360 in
3356 2318 3555 2362 terram

1989 2396 2270 2465 dejeccrit.
2306 2396 2460 2449 Tunc
2490 2395 2681 2452 Gallus
2714 2397 3030 2452 excussisse
3072 2413 3131 2452 se
3171 2392 3557 2467 imperatorem

1987 2505 2050 2544 ex
2082 2504 2225 2557 equo
2250 2499 2423 2553 ratus,
2454 2488 2611 2557 quasi
2646 2488 2711 2542 ad
2749 2488 2985 2557 praedam
3022 2493 3342 2558 procurrit;
3371 2501 3425 2545 at
3468 2492 3559 2547 ille

1988 2581 2173 2636 statim
2228 2596 2351 2635 sese
2403 2582 2619 2649 erigens
2692 2583 3027 2650 firmansque
3080 2582 3266 2636 stabili
3323 2584 3452 2639 sede
3506 2586 3558 2638 in

1991 2673 2289 2741 ephippiis,
2341 2673 2483 2727 idem
2528 2674 2621 2741 qui
2658 2682 2798 2741 ante
2828 2672 3103 2743 apparuit,
3135 2688 3285 2728 arma
3324 2676 3563 2730 retinens

1990 2764 2183 2819 eadem
2208 2780 2329 2834 qua!
2362 2764 2537 2834 prius,
2574 2780 2911 2834 manumque
2941 2763 3091 2818 nudo
3141 2765 3324 2834 gladio
3371 2766 3562 2819 formi-

1988 2855 2225 2910 dabilem
2284 2857 2527 2921 vibrans,
2587 2866 2913 2911 cruentatus
2958 2858 3051 2911 ille
3085 2858 3306 2927 quidem
3359 2868 3561 2912 recenti

1990 2948 2233 3013 vulnere,
2260 2948 2519 3017 nudoque
2536 2950 2733 3017 capite,
2764 2948 3015 3019 flavaque
3038 2948 3147 3019 jam
3177 2949 3284 3005 soli
3315 2950 3563 3019 exposita

1989 3054 2145 3095 coma
2202 3048 2408 3095 temere
2466 3050 2721 3110 vagante,
2778 3043 3175 3111 unibranteque
3226 3042 3418 3095 oculos
3452 3056 3560 3096 nun

318 3130 371 3182 τὺ
415 3133 703 3203 παράπαν,
738 3133 921 3185 οἴκαδε
967 3133 1497 3204 ἐπαναδεδραμήκει.
1543 3134 1601 3185 '0
1640 3132 1695 3183 δὲ
1730 3133 1889 3185 αὺτο-

1994 3132 2115 3187 sine
2148 3133 2432 3187 molestia:
2472 3150 2594 3187 nam
2624 3148 2800 3202 equus
2832 3133 3089 3187 efferatus
3127 3133 3472 3202 fremeusque
3502 3148 3567 3186 ac

314 3224 527 3293 κράτωρ
578 3223 757 3277 ταῦτα
802 3224 1172 3292 θεασάμενος,
1223 3224 1317 3277 καὶ
1354 3226 1428 3289 ὡς
1466 3226 1513 3257 ³⁸
1556 3225 1758 3294 μηδένα
1798 3223 1888 3277 τὸν

312 3313 453 3382 αὐτῴ
496 3313 856 3381 ὲπαμύνοντα
889 3314 1120 3384 βλέπων,
1159 3314 1227 3369 τὰ
1260 3316 1570 3385 μετάφρενα
1600 3315 1696 3368 καὶ
1728 3316 1889 3378 αὐτὸς

312 3405 610 3471 τηνικαῦτα
648 3406 836 3458 δίδωσι
866 3407 981 3465 τοῖς
1012 3407 1293 3468 ἐναντίοις.
1321 3407 1433 3459 Καὶ⁸
1463 3404 1633 3469 οὕτως
1666 3405 1888 3460 ἐδίωκον

313 3489 360 3541 οἱ
386 3493 604 3545 Λατῖνοι
636 3492 699 3545 τὸ
740 3492 1049 3560 Ῥωμαϊκὸν
1086 3492 1423 3562 στράτευμα.

1997 3221 2210 3277 frenum
2270 3238 2534 3292 respuens
2594 3224 2901 3279 vehementi
2955 3238 3228 3278 concossu
3277 3224 3563 3278 caesariem

1999 3322 2148 3369 retro
2188 3315 2512 3383 pendentem
2548 3315 2599 3368 in
2649 3315 2886 3371 frontem
2930 3324 3204 3369 averterat
3241 3333 3254 3368 :
3304 3324 3563 3370 caeterum

1998 3412 2297 3473 utcumque
2328 3416 2444 3459 erat
2465 3405 2678 3475 collegit
2702 3418 2866 3475 prout
2896 3408 3077 3476 potuit
3100 3407 3365 3476 seipsum,
3395 3407 3569 3462 hosti.

1992 3496 2204 3565 busque
2235 3497 2454 3552 obvium
2486 3498 2721 3575 infracta
2753 3500 3119 3571 generositate
3163 3510 3220 3554 ut
3261 3500 3415 3569 prius
3461 3500 3568 3553 ob-

317 3588 454 3642 tulit.
492 3586 595 3643 Ubi
627 3604 757 3643 vero
788 3588 1001 3643 Turres
1032 3588 1301 3657 fugientes
1334 3590 1489 3655 vidit,
1522 3601 1572 3644 et
1612 3589 1878 3644 Bodinum
1921 3606 2100 3661 pugna
2161 3608 2268 3647 non
2319 3602 2527 3649 tentata
2560 3595 2906 3649 recedentem
2942 3593 3116 3663 (stetit
3172 3594 3317 3646 enim
3360 3593 3450 3646 hic
3510 3592 3567 3645 itt

321 3682 481 3736 armis
510 3696 580 3736 eo
623 3683 711 3737 die
781 3684 1164 3753 instructoqne
1225 3694 1483 3752 tanquam
1544 3685 1610 3737 ad
1666 3686 1911 3754 przelium
1952 3687 2170 3756 agmine
2249 3688 2411 3756 118
2445 3704 2696 3754 Saorum,
2746 3692 2984 3757 speciem
3042 3687 3355 3743 ostentabat
3404 3691 3563 3755 quasi

322 3771 444 3825 totis
498 3773 709 3827 viribus
738 3788 837 3842 pro
885 3775 1237 3843 imperatoris
1288 3789 1453 3829 causa
1514 3774 1883 3833 dimicaturus
1922 3787 2089 3838 esset.
2124 3781 2280 3849 juxta
2318 3786 2475 3847 pacta
2509 3788 2779 3832 conventa
2809 3794 2930 3847 quae
2970 3780 3114 3832 inter
3182 3780 3331 3847 ipsos
3395 3781 3568 3832 inter-

323 3874 617 3921 cesserant.
650 3864 858 3918 Revera
889 3875 1069 3919 tamen
1127 3865 1231 3921 sibi
1268 3881 1497 3936 parcere
1542 3866 1884 3933 decreverat,
1928 3881 2287 3937 speetareque
2317 3881 2581 3935 quorsum
2614 3877 2864 3935 vergeret
2892 3867 3138 3920 victoria:
3194 3866 3440 3930 fortuna,
3511 3860 3573 3920 ιιι

324 3954 510 4009 sicam
542 3957 757 4025 quidem
792 3956 937 4011 haud
971 3956 1138 4011 dubie
1212 3956 1399 4012 favere
1466 3958 1812 4028 imperatoris
1877 3960 2125 4026 partibus
2177 3965 2451 4025 cerneret,
2503 3966 2637 4012 tunc
2690 3958 2805 4026 ipse
2876 3958 2932 4012 in
2986 3956 3162 4035 victos
3207 3956 3376 4022 facili,
3425 3957 3570 4026 apud

323 4046 551 4131 victores
596 4050 835 4120 gratiosa
882 4047 1243 4118 impressione
1293 4049 1477 4103 Gallos
1524 4050 1833 4117 impeteret,
1876 4051 1961 4102 sin
2024 4057 2215 4104 contra
2239 4051 2503 4112 eveniret,
2530 4051 2827 4106 abstineret
2884 4064 3087 4119 pugna,
3151 4050 3570 4119 incolumesque

329 4138 575 4193 intutum
608 4141 794 4210 cupias
834 4139 1143 4193 reduceret.
1174 4138 1325 4193 Talia
1365 4140 1639 4208 cogitasse
1669 4156 1694 4191 a
1723 4139 1997 4209 principio
2031 4141 2184 4195 illum
2214 4156 2281 4195 ex
2318 4142 2384 4195 iis
2450 4158 2572 4211 qua:
2634 4141 2764 4196 fecit
2830 4143 3166 4196 intellectura
3210 4150 3313 4197 est.
3396 4141 3569 4196 Simul

328 4233 466 4286 enim
498 4236 633 4288 satis
673 4234 951 4302 perspexit
987 4243 1132 4287 stare
1166 4234 1447 4287 victoriam
1472 4232 1712 4296 aGallis,
1739 4232 1882 4286 bello
1922 4247 2151 4302 prorsus
2185 4234 2463 4305 ingustata
2501 4235 2721 4289 domum
2765 4242 2987 4287 strenue
3048 4251 3108 4289 se
3180 4236 3383 4301 retulit)
3423 4254 3437 4291 :
3479 4252 3569 4299 ea,

329 4327 563 4395 inquam,
621 4329 709 4383 ubi
758 4328 901 4381 vidit
958 4326 1284 4397 imperator,
1342 4341 1513 4396 seque
1564 4328 1881 4381 destitutum
1963 4328 2125 4396 plane
2157 4330 2225 4382 ab
2285 4330 2565 4393 omnibus,
2601 4338 2809 4398 tergum
2835 4339 2888 4383 et
2918 4330 3035 4398 ipse
3067 4330 3284 4383 tandem
3316 4332 3571 4389 hostibus

333 4419 491 4474 dedit.
524 4421 719 4493 Sicque
744 4421 860 4490 jam
898 4420 1045 4474 omni
1080 4434 1146 4474 ex
1198 4428 1349 4487 parte
1381 4418 1563 4473 Latini
1635 4420 1795 4488 plane
1845 4420 2025 4474 fusum
2098 4422 2455 4491 fugatumque
2524 4422 2829 4475 Romanum
2886 4423 3186 4475 exercitum
3276 4439 3571 4493 perseque-

336 4512 542 4569 bantur.

409 4601 463 4655 ὐ
506 4604 559 4655 δὲ
622 4604 964 4673 Ῥομπὲρτος
1011 4600 1337 4655 καταλαϐὼν
1385 4602 1443 4655 τὺ
1529 4602 1749 4672 τέμενος
1809 4601 1898 4653 τοῦ

2072 4597 2139 4648 At
2175 4593 2446 4647 Rohertus
2476 4600 2763 4662 postpiani
2812 4592 2927 4662 ipse
2972 4592 3156 4648 Sancti
3191 4593 3402 4650 Nicolai
3433 4606 3571 4651 tem-

342 4690 513 4763 Ἀγίου
554 4696 847 4759 Νικολάου,
883 4695 1018 4746 ὅπου
1071 4694 1220 4763 καὶὴ
1270 4693 1521 4763 βασιλικὴ
1560 4692 1754 4763 σκηνὴ,
1806 4692 1900 4744 καὶ

2001 4688 2148 4757 plum
2184 4684 2494 4753 OCt'llpaVll,
2532 4683 2620 4736 ubi
2656 4684 2940 4752 augustale
2968 4684 3314 4754 imperatoris
3337 4702 3572 4757 rasaque

328 4782 504 4838 ἁπασα
535 4789 566 4856 ἡ
594 4787 764 4854 σκευὴ
797 4784 893 4835 τοῦ
936 4784 1251 4850 Ῥωμαῖκοῦ
1306 4783 1736 4854 στρατεύματος,
1766 4781 1898 4834 ὑπὸ·

1997 4794 2052 4836 et
2106 4780 2466 4848 supellectilia
2520 4776 2705 4831 omnia
2757 4778 2927 4832 totius
2988 4780 3266 4834 exercitus
3336 4778 3569 4833 Romani

326 4891 446 4939 σονς
468 4880 736 4941 εὺςοενεῖς
770 4873 887 4944 εἶχε
913 4874 1004 4926 τὸν
1035 4874 1258 4943 βασιλέα
1281 4875 1496 4927 διώκειν
1520 4875 1895 4942 ἐκπέπομφεν,

2000 4881 2178 4931 erant,
2211 4882 2350 4936 «pios
2379 4865 2779 4920 valentissimos
2815 4866 2872 4917 in
2914 4864 3029 4919 suis
3065 4866 3345 4923 universis
3382 4869 3573 4921 habuit

319 4967 479 5020 αὐτοῦ
515 4987 612 5022 που
648 4969 815 5029 αὐτὸς
847 4966 1199 5035 ἑγκαρτερῷν
1239 4966 1645 5034 φανταζόμενος
1672 4964 1767 5034 τὴν
1804 4963 1894 5017 τοῦ

2004 4962 2176 5031 copiis
2209 4961 2273 5014 ad
2306 4962 2683 5027 imperatorem
2713 4955 3110 5024 insequendum
3135 4957 3573 5025 capiendumque

317 5059 708 5131 αὐτοκράτορος
765 5058 1119 5125 κατάσχεσιν.
1180 5056 1423 5109 Τοιοῦτοι
1483 5057 1591 5126 γὰρ
1642 5056 1895 5125 λογισμοὶ

2005 5056 2177 5119 ιιιῖδίί,
2262 5052 2377 5121 ipse
2439 5047 2657 5103 interim
2705 5046 2909 5100 ibidem
2967 5048 3257 5116 opperiens
3322 5053 3571 5113 optatum

315 5152 504 5205 τούτου
532 5155 591 5207 τὸ
615 5154 933 5223 ὑπέρογκον
979 5148 1229 5211 ἐξέκαιον
1273 5150 1551 5220 φρόνημα.
1601 5149 1662 5201 Ol
1712 5148 1767 5200 δὲ
1812 5149 1901 5200 εὐ-

2011 5145 2288 5204 nuntiuni,
2324 5146 2717 5209 speratumque
2774 5144 3129 5205 conspectum
3165 5134 3397 5204 Augusti
3439 5149 3572 5201 eap-

1354 5301 1877 5365 Varizeleetiones
1911 5318 1985 5363 ex
2010 5300 2152 5362 cod.
2189 5297 2458 5360 Colslin.

385 5411 501 5445 ’³⁸⁸³
524 5413 550 5465 δ
573 5411 864 5484 οχλοῦσαν.
944 5408 989 5438 ⁹⁶
1011 5407 1192 5461 τόπον.
1270 5406 1312 5437 9⁷
1345 5408 1570 5474 ταυτήν.
1656 5404 1700 5435 ³⁸
1731 5404 1893 5457 Deest

1983 5401 2110 5456 icula
2133 5402 2229 5458 ὡς.

1393 5523 1537 5585 Car.
1572 5518 1903 5582 Dufresuii
1930 5520 2030 5579 Du
2060 5514 2279 5592 Cangii
2319 5521 2504 5576 notae.

398 5676 525 5750 (96°)
563 5679 887 5748 Τούρκους.
915 5672 1126 5732 Turcos
1152 5673 1257 5727 hoc
1288 5672 1342 5727 in
1392 5669 1536 5724 bello
1584 5668 1781 5722 Alexio
1815 5664 2085 5719 militasse
2113 5666 2307 5715 anetor
2330 5666 2415 5713 est
2450 5664 2714 5729 praeterea
2750 5654 2918 5715 Guill.
2950 5655 3286 5732 Apulicnsis.

1147 5767 1287 5823 Pars
1315 5784 1516 5838 quoque
1550 5765 1846 5821 Turcorum
1870 5777 1988 5817 cum
2023 5757 2229 5816 σηενξε
2250 5758 2425 5812 interit
2454 5757 2655 5827 ingens.
