4022 6270
254 388 336 451 369
1502 391 1922 453 ALEXIADIS
1971 391 2118 453 LIB.
2147 392 2248 453 ιν.

3387 401 3492 463 370

257 502 458 558 καὶτῶν
490 502 702 574 χειρῶν
733 503 937 557 τούτων
984 504 1264 570 ἐξέπεσον,
1298 503 1368 558 τά
1413 504 1469 558 δὲ
1507 506 1809 574 διαπεπαρι

1922 503 2138 572 culique
2200 503 2419 574 plenum
2477 503 2851 574 spectaculum
2909 505 3120 560 exstitit
3170 507 3386 563 loricati
3438 511 3494 564 in

260 594 368 666 μένα
395 597 516 658 τοῖς
555 595 752 666 μέρεσι
781 595 874 648 τοῦ
905 596 1212 665 ἐσθήματος
1257 597 1350 649 τοῦ
1385 596 1650 666 βασιλέως
1689 597 1816 648 ἐνα-

259 685 594 754 πομείναντα,
657 686 1090 755 μετεωρισθέντα
1119 685 1196 754 τῷ
1249 687 1399 756 ἵππῳ
1427 684 1820 756 συνηκολούθη-

264 795 359 834 σαν.
421 778 486 831 '0
531 779 591 830 δέ
644 777 808 839 εὐθὺς
831 778 1218 831 ἀποκόπτειτά
1255 779 1574 848 ἐπαγόμεναι
1595 777 1813 847 δόρατα,

259 870 336 922 καὶ
359 869 483 921 οὔτε
544 869 914 939 τεθορύϐηται
959 871 1056 939 τὴν
1088 869 1268 939 ψυχὴν
1309 873 1366 923 ἐν
1393 871 1675 932 τοσούτοις
1703 869 1816 922 δει-

257 963 348 1024 νοῖς
381 961 690 1022 καταστὰς,
737 960 858 1013 οὔτε
914 961 1255 1030 συνεθολώθη
1321 963 1446 1024 τοὺς
1499 961 1814 1031 λογισμοὺς,

257 1055 373 1106 ἀλλὰ
389 1054 528 1122 ταχὺ
569 1051 663 1104 τοῦ
700 1052 1037 1116 συνοίσοντος
1069 1053 1303 1121 γίνεται,
1361 1055 1457 1106 καὶ
1493 1053 1553 1106 τὸ
1577 1053 1816 1122 παράδο-

257 1148 327 1213 ξον
352 1151 411 1200 ἐκ
442 1148 611 1215 μέσου
645 1149 839 1199 ἐαυτὸν
874 1151 1130 1201 ποιεῖται.
1167 1149 1228 1200 Οἱ
1259 1149 1314 1200 δέ
1341 1164 1402 1213 γε
1424 1147 1621 1198 Κελτοὶ
1648 1164 1814 1215 κεχη-

252 1243 380 1298 νότες
410 1239 780 1306 εἱστήκεσαν,
831 1239 892 1290 τὸ
942 1239 1161 1307 γεγονὸς
1210 1239 1640 1306 ἐκπληττόμενοι
1667 1250 1681 1266 ⁸
1723 1238 1817 1289 καὶ⁵

251 1333 343 1400 γὰρ
379 1327 446 1401 ἦν
498 1330 822 1398 ἐκπλήξεως
845 1331 1017 1397 ἄξιον·
1061 1330 1384 1399 θεασάμενοι
1421 1329 1478 1382 δὲ
1509 1329 1700 1382 τοῦτον
1733 1329 1815 1395 ἐφ’

250 1424 427 1492 ἑτέραν
454 1424 762 1494 τραπέντα,
796 1425 886 1475 καὶ
911 1422 1064 1484 αὖθις
1097 1423 1348 1475 ἐδίωκον.
1377 1422 1437 1473 '0
1469 1421 1547 1485 δὲ,
1571 1423 1662 1473 ἐπὶ
1681 1420 1815 1474 πολὺ

248 1514 375 1566 νῶτα
394 1517 502 1577 τοῖς
540 1513 932 1583 μεταδιώκουσι
967 1512 1326 1582 στρατιώταις
1357 1513 1551 1578 διδοὺς,
1578 1513 1816 1580 στρὲᾁας

245 1606 322 1658 τὸν
340 1606 430 1676 χαὶ
447 1607 554 1657 ινὶν
571 1608 662 1658 καὶ
689 1606 1022 1676 συναντήσας
1043 1606 1123 1658 ἑνὶ
1143 1604 1248 1658 τῶν
1268 1604 1591 1668 διωκόντων,
1613 1604 1820 1656 διελαύ-

243 1716 314 1751 νει
330 1700 387 1750 τὸ
402 1699 529 1768 δὸρυ
545 1699 656 1760 τοῖς
676 1698 937 1768 στέρνοις.
957 1697 1013 1748 '0
1030 1697 1086 1749 δὲ
1103 1695 1400 1764 τηνικαῦτα
1420 1697 1498 1756 εἰς
1516 1695 1614 1765 γῆν
1631 1694 1817 1758 ὕπτιος

240 1789 425 1844 ἔκειτο.
454 1789 514 1840 Ὀ
533 1789 589 1840 δὲ
612 1787 887 1857 βασιλεὺς,
904 1785 1053 1850 αὖθις
1073 1788 1339 1858 τάςὴνίας
1363 1787 1619 1859 στρέψας,
1641 1790 1815 1858 εἴχετο

1920 611 2063 663 equo
2132 595 2478 665 imperatoris
2549 597 2769 666 appetiti
2843 599 3087 668 undique
3139 602 3496 656 mucronibus

1925 687 2226 750 hastarum,
2275 697 2328 741 et
2361 703 2547 742 earum
2605 691 2755 744 vario
2805 705 2864 745 se
2911 700 3107 745 mutuo
3162 703 3496 762 temperante.

1921 779 2156 847 impulsu
2194 779 2268 832 ita
2309 781 2512 845 librati,
2546 790 2605 835 ut
2639 782 2785 836 nulla
2820 799 2877 838 re
2907 783 3013 837 alia
3041 799 3207 854 quam
3245 787 3497 840 multitu-

1919 870 2118 923 dinein
2160 871 2373 924 ruinam
2404 873 2712 941 urgentium
2758 884 2981 929 erectus
3032 883 3228 932 staret.
3271 878 3408 931 Cum
3449 879 3495 931 is

1919 972 2098 1015 autem
2160 964 2250 1016 tali
2307 966 2600 1019 occasione
2651 976 2870 1022 strenue
2912 978 3071 1022 utens
3105 985 3226 1024 sese
3275 971 3330 1024 in
3368 971 3496 1027 sede

1918 1057 2128 1110 certius
2165 1055 2460 1120 firmasset,
2515 1058 2880 1128 restitutaque
2919 1061 2972 1113 in
3031 1061 3274 1115 debitum
3316 1063 3492 1118 locum

1917 1145 2233 1213 ephestride
2304 1147 2428 1216 equi
2495 1148 2742 1202 habenas
2796 1155 3086 1218 angustius
3143 1165 3494 1220 compescens

1917 1237 2024 1288 alte
2064 1235 2404 1300 adduxisset,
2437 1253 2735 1305 generosus
2777 1243 3003 1310 sonipes
3039 1250 3231 1295 natura
3262 1242 3490 1308 pratfer-

1917 1325 2093 1389 viilus,
2131 1334 2184 1379 et
2215 1327 2385 1380 ﬁrmis
2419 1328 2697 1391 cruribus,
2749 1329 3021 1399 planeque
3078 1342 3239 1400 aptus
3273 1333 3338 1385 ad
3401 1349 3495 1387 co-

1917 1425 2076 1470 natus
2106 1416 2384 1472 circenses
2419 1423 2778 1488 martiosque,
2808 1436 2916 1473 non
2945 1422 3108 1475 modo
3139 1438 3195 1476 se
3225 1423 3278 1476 in
3313 1434 3497 1491 poste-

1918 1509 2092 1562 riores
2169 1511 2402 1579 ungulas
2479 1512 2691 1575 erexit,
2773 1527 2961 1567 verum
3041 1516 3206 1569 etiam
3292 1517 3500 1586 impetu

1919 1610 2210 1671 concepto,
2235 1604 2432 1656 saltum
2454 1604 2773 1671 expediens,
2805 1621 2925 1660 sese
2948 1609 3298 1678 equitemque
3327 1627 3490 1664 suum

1920 1697 1973 1749 in
2011 1706 2174 1763 petrae
2208 1699 2538 1766 adjaceutis,
2565 1699 2723 1765 cujus
2760 1703 2926 1756 modo
2958 1705 3337 1767 meminimus,
3371 1721 3494 1758 ver-

1922 1787 2080 1841 ticem
2138 1789 2307 1842 instar
2365 1790 2554 1860 Pegasi
2616 1794 2901 1858 cujusdam
2967 1795 3209 1851 volucris
3272 1796 3490 1851 extulit.

236 1882 326 1950 τῆς
346 1848 623 1951 προτέρας
640 1879 784 1934 ὁδοῦ.
807 1848 1049 1949 Συναντᾷ
1063 1848 1241 1931 τοίνυν
1264 1848 1486 1932 ἀπὸτίθν
1503 1848 1809 1950 ἐμπροσθεν

1920 1879 2214 1935 Dicebatur
2269 1880 2314 1936 is
2350 1898 2528 1948 equus
2560 1881 2838 1949 Guritzcs,
2887 1889 3034 1954 quod
3091 1903 3290 1941 nomen
3337 1902 3494 1941 accc-

235 1974 532 2026 διωκόντων
563 1973 662 2034 τὰς
708 1973 1022 2042 Ῥωμαϊκὰς
1047 1972 1303 2042 δυνάμεις
1326 1973 1551 2035 Κελτοῖς
1581 1973 1680 2025 οὐκ
1699 1972 1810 2025 ὀλί-

236 2081 362 2134 γοις·
390 2069 439 2118 οξ
462 2066 544 2129 δὲ,
568 2065 1053 2135 πόρρωθεπιτοῖτον
1080 2065 1400 2132 θεασάμενοι
1423 2065 1810 2133 συνησπικότες

235 2159 484 2229 ἔστησαν,
524 2160 652 2221 τούς
689 2176 746 2210 τε
786 2160 985 2220 ἵππους
1037 2157 1305 2226 ἀναψύξαι
1329 2157 1661 2227 βουλόμενοι,
1695 2158 1811 2227 ἅμα

233 2251 282 2304 δέ
300 2254 392 2305 καὶ
425 2250 717 2321 ζωγρῆσαι
745 2250 935 2302 τοῦτον
971 2250 1274 2310 ἐθέλοντες,
1303 2248 1599 2301 κάντεῦθεν
1621 2248 1811 2318 ὥσπερ

233 2361 280 2398 τι
307 2344 551 2413 λάφυρον
583 2343 660 2413 τῷ
707 2343 1032 2413 Ῥομπέρτῳ
1064 2341 1308 2411 κομίσαι.
1365 2343 1422 2393 Ὀ
1467 2340 1522 2393 δὲ
1563 2341 1678 2406 ἅμα
1715 2339 1812 2408 μὲν

229 2437 346 2500 τοὺς
387 2435 620 2488 ὄπισθεν
673 2435 892 2502 φεύγων
926 2434 1244 2498 διώκοντας,
1304 2434 1396 2484 καὶ
1442 2434 1566 2493 τοὺς
1607 2431 1813 2499 ἔμπρ⁰⁹

231 2526 347 2577 σθεν
371 2525 740 2595 θεασάμενος,
765 2526 1075 2592 ἀπεγνώκει
1117 2527 1216 2586 τὰς
1242 2524 1520 2586 σωζούσας
1557 2523 1802 2586 ἐλπίδας.

229 2614 632 2683 Συλλεξάμενος
679 2615 732 2666 δὲ
774 2615 987 2680 ἑαυτὸν,
1012 2615 1106 2666 ἐπὶ
1141 2614 1248 2666 τῶν
1285 2615 1457 2668 ἄλλων
1500 2615 1660 2682 μέσον
1690 2615 1811 2668 τινὰ

227 2707 483 2760 ἐθεάσατο
536 2706 647 2759 ἀπό
689 2724 748 2759 τε
794 2707 884 2760 τοῦ
941 2707 1190 2774 σώματος
1219 2707 1313 2760 καὶ
1371 2707 1469 2777 τῆς
1497 2709 1601 2759 τῶν
1633 2708 1811 2760 ὃπλων

225 2799 682 2870 ἀποπαλλομένης
701 2798 894 2868 αἴγλης
911 2799 1003 2851 τὸν
1036 2797 1241 2868 Ῥόμπε
1252 2816 1371 2868 ρτον
1392 2795 1532 2851 εἷναι
1557 2799 1808 2867 νομίσας,

230 2891 581 2961 καταστήσας
612 2890 710 2943 τὸν
746 2892 910 2942 ῑππον
943 2889 1063 2943 κατ’
1102 2890 1265 2943 αὐτοῦ
1297 2891 1539 2960 φέρεται·
1565 2893 1810 2953 κάκεῖνος

231 2978 268 3027 δ’
298 2979 510 3030 ἐκεῖθεν
573 2979 712 3048 πρδς
775 2978 941 3031 αὑτὸν
990 2979 1049 3030 τὸ
1092 2978 1217 3047 δόρυ
1272 2979 1524 3042 εὐθύνας,
1572 2980 1664 3031 καὶ
1712 2979 1810 3047 μέν

237 3087 304 3122 τοι
338 3091 401 3140 γε
437 3075 534 3126 καὶ
569 3073 960 3133 συνελάσαντες
994 3071 1161 3140 ἄμφω
1185 3073 1324 3124 κατὰ
1365 3072 1423 3124 τὸ
1463 3071 1807 3140 μεσαίχμιον,

1915 1981 2070 2041 perat
2101 1984 2128 2022 a
2168 1972 2334 2038 priori
2374 1971 2596 2026 domino
2635 1974 2929 2044 Bryennio.
2956 1977 3054 2031 llic
3085 1978 3227 2030 enim
3264 1978 3381 2046 ipse
3409 1984 3492 2032 est

1916 2077 2074 2131 quem
2110 2062 2422 2129 insignibus
2455 2067 2838 2135 imperialibus
2871 2085 2932 2123 ac
2960 2071 3254 2140 purpureis
3301 2071 3490 2139 phale-

1914 2153 1990 2206 ris
2022 2163 2272 2207 ornatum
2309 2151 2533 2209 Alexius
2586 2156 2634 2208 in
2674 2158 2858 2225 przclio
2889 2167 3083 2212 contra
3133 2160 3490 2230 Bryeunium,

1917 2244 2219 2313 imperante
2255 2245 2435 2300 adhuc
2465 2245 2749 2302 Botaniate
2773 2248 3104 2318 Nicepltoro,
3147 2262 3208 2307 ut
3237 2257 3492 2323 superius

1917 2337 2282 2400 narravimus,
2307 2349 2549 2407 ceperat.
2601 2337 2871 2395 Ca-terum
2905 2355 3345 2415 quantaecunque
3371 2349 3492 2416 ejus

1915 2429 2040 2496 equi
2073 2429 2218 2482 vires
2250 2437 2430 2490 erant,
2465 2446 2814 2501 nequaquam
2863 2433 2914 2486 id
2969 2434 3091 2489 sine
3123 2436 3322 2491 divinat
3363 2454 3514 2508 erga.

1914 2518 2168 2573 Alexit‘im
2227 2521 2584 2590 providentia:
2635 2526 2893 2594 praesenti
2949 2541 3053 2594 ope
3120 2528 3492 2594 miraculoque

1919 2611 2213 2665 manifesto
2247 2614 2490 2680 potuisse
2548 2623 2677 2669 tunc
2714 2617 2936 2685 quidem
2982 2618 3133 2672 visus
3171 2629 3277 2674 est.
3313 2619 3493 2680 Hasta:

1915 2716 2083 2771 porro
2111 2701 2510 2771 Barbarorum,
2557 2710 2753 2776 partim
2791 2710 2910 2778 ipso
2951 2710 3151 2778 equitis
3186 2727 3346 2776 quem
3401 2729 3492 2772 ur,-

1916 2796 2114 2864 gebant
2138 2797 2408 2852 evnlautis
2438 2800 2641 2867 impetu
2668 2815 2914 2858 excussae
2934 2801 3000 2856 de
3027 2804 3281 2859 manibus
3306 2813 3494 2864 teneri:

1917 2886 2050 2936 tium
2103 2886 2454 2954 eflluxerunt,
2516 2890 2714 2957 partim
2771 2892 2954 2945 infixa:
3008 2893 3177 2947 ratiis
3240 2896 3493 2964 partibus

1917 2976 2397 3042 imperatoriarum
2439 2966 2673 3042 vestium
2709 2981 2888 3050 ipSum
2941 2983 3326 3051 imperatorem
3370 3003 3491 3041 sese

1915 3067 1968 3120 in
2001 3068 2168 3127 altum
2207 3067 2551 3136 eﬂ‘ereutetn,
2607 3072 2733 3139 equi
2791 3074 3049 3127 similiter
3101 3085 3267 3143 rapta:
3320 3077 3487 3138 saltu,

240 3165 338 3214 κατ’
373 3163 658 3232 ἀλλήλλων
716 3164 916 3217 ἵενται.
975 3163 1248 3233 Πρότερον
1281 3162 1335 3214 δὲ
1367 3163 1394 3213 ὁ
1451 3161 1807 3231 αὐτοκράτωρ

1914 3168 2224 3214 consecutae
2265 3169 2416 3214 sunt.
2449 3161 2595 3228 Quas
2628 3162 2812 3216 statim
2873 3163 3154 3232 Augustus
3189 3180 3314 3218 cum
3357 3166 3489 3233 ipsis

234 3253 466 3319 διιθύνας
507 3254 607 3321 τὴν
659 3258 820 3325 χεῖρα
863 3255 1011 3308 παίει
1061 3253 1253 3307 τοῦτον
1277 3255 1364 3308 διὰ
1411 3253 1503 3306 τού
1537 3255 1762 3323 δόρατος
1788 3272 1801 3284 ·

237 3349 289 3398 τὸ
305 3349 357 3401 δὲ
384 3349 608 3402 αὐτόθεν
637 3349 726 3402 διὰ
756 3349 864 3402 τῶν
898 3350 1087 3418 μαζῶν
1114 3351 1193 3412 εἰς
1222 3351 1289 3401 τὰ
1323 3349 1632 3417 μετάξρενα
1659 3349 1805 3402 διεκ-

241 3439 487 3495 ϐἀλλεται
526 3482 538 3494 .
582 3443 691 3495 Καὶ
722 3442 812 3495 τὸν
850 3444 952 3511 μὲν
992 3442 1268 3512 βάρϐαρον
1305 3443 1503 3495 αὐτίκα
1529 3437 1673 3511 εἶχεν
1701 3445 1805 3509 γῆο

243 3530 392 3594 εὐθὺς
422 3533 526 3603 γάρ
553 3533 743 3586 τοῦτον
773 3534 982 3602 ἀφῆκεν
1009 3535 1099 3585 καὶ
1133 3535 1164 3602 ἡ
1190 3533 1357 3602 ψυχὴ,
1411 3534 1506 3601 τῆς
1553 3533 1806 3602 τρώσεως

246 3626 451 3690 καιρίας
479 3626 881 3694 γεγενημένης.
923 3626 1028 3676 Καὶ
1083 3625 1177 3679 τοῦ
1236 3623 1425 3677 λοιποῦ
1467 3626 1493 3675 ὁ
1527 3625 1802 3694 βασιλεὺς,

243 3711 633 3784 διασχισθείσης
669 3717 767 3784 τῆς
805 3714 1110 3782 φάλαγγος,
1135 3714 1222 3767 διὰ
1241 3715 1420 3783 μέσων
1438 3714 1616 3767 αὑτῶν
1649 3715 1801 3778 ἐξιπ-

244 3804 466 3866 πάσατο,
498 3807 683 3859 ἄδειαν
732 3806 884 3876 αὑτῷ
931 3807 1303 3876 ἐφευράμενος
1333 3807 1430 3876 τὴν
1463 3807 1674 3876 σφαγὴν
1712 3804 1805 3858 τοῦ

242 3893 510 3968 βαρϐάρου
538 3899 757 3951 τούτου.
799 3899 861 3952 Οἱ
895 3897 938 3949 δ’
976 3899 1136 3961 εὐθὺς
1165 3899 1255 3949 τὸν
1277 3898 1558 3968 τρωθέντα
1591 3900 1669 3960 εἰς
1702 3897 1806 3966 γῆν

240 3989 564 4060 ἐρριμμένον
595 3991 953 4060 θεασάμενοι,
976 3992 1359 4060 περιχυθέντες
1385 3990 1646 4057 κειμένῳ»
1679 3989 1806 4057 περὶ

244 4074 408 4126 αὑτὸν
452 4077 814 4132 διεπονοῦντο.
873 4079 980 4131 Καὶ
1023 4080 1071 4131 οἱ
1101 4078 1326 4131 ὄπισθεν
1357 4078 1375 4107 ⁷
1430 4078 1521 4129 τὸν
1585 4078 1806 4148 βασιλέα

236 4164 535 4234 διώκοντες,
560 4171 784 4235 τούτους
804 4171 1150 4240 θεασάμενοι,
1171 4171 1472 4234 ἀποϐάντες
1495 4171 1602 4222 τῶν
1621 4170 1804 4224 ἵππων

240 4257 335 4310 καὶ
354 4264 714 4331 γνωρὶσαντες
766 4263 860 4315 τὸν
895 4264 1083 4333 ἄνδρα,
1114 4264 1410 4317 ἐκόπτοντο
1438 4263 1802 4328 ὀλολύζοντες.

249 4346 390 4402 Ἀλλ’
420 4354 444 4404 ὁ
482 4353 819 4424 Ῥόμπερτος
857 4354 956 4422 μὲν
986 4353 1088 4405 οὐκ
1118 4349 1208 4422 ἦν,
1245 4354 1431 4418 ἕτερος
1459 4352 1514 4404 δέ
1545 4352 1651 4404 τῶν
1683 4354 1804 4404 ἐπι-

239 4442 420 4504 φανῶν
451 4446 541 4498 καὶ
568 4449 596 4500 ὁ
615 4447 806 4499 τούτου
849 4445 1122 4515 δεύτερος.
1190 4445 1405 4496 Τούτων
1459 4444 1515 4496 δὲ
1544 4445 1802 4513 ἀσχολου-

1915 3251 2057 3303 unde
2097 3251 2412 3319 pendebant
2443 3255 2675 3306 ves1ium
2713 3253 2929 3307 laciniis
2958 3256 3217 3310 abscidit.
3253 3256 3488 3326 Moxque

1913 3344 2059 3394 nulla
2115 3344 2531 3411 perturbatione
2589 3345 2790 3400 mentis
2853 3346 2908 3400 in
2967 3349 3132 3402 tantis
3166 3348 3347 3414 malis,
3397 3360 3490 3406 aut

1910 3433 2129 3487 turbida
2189 3435 2582 3490 iucertitudiue
2653 3437 2895 3504 consilii,
2954 3440 3140 3494 statim
3191 3444 3490 3510 expediens

1911 3527 2041 3596 quid
2073 3525 2214 3580 facto
2245 3537 2394 3581 esset
2447 3544 2606 3597 Opus,
2661 3546 2720 3584 se
2772 3531 3098 3587 mirabiliter
3152 3535 3276 3586 inde
3316 3539 3490 3602 prori-

1911 3621 2060 3688 puit:
2093 3619 2263 3674 Gallis
2291 3621 2791 3675 iuhiantereireum
2819 3623 3488 3691 suspectautibus,,iucree

1909 3712 2173 3780 dibilique
2201 3720 2422 3781 stupore
2457 3713 2745 3781 perculsis.
2776 3712 2839 3764 Et
2875 3723 2992 3767 erat
3021 3715 3274 3783 stupendi
3295 3731 3482 3771 causa.

1909 3799 2033 3853 Mox
2064 3801 2170 3852 alio
2205 3800 2398 3868 procul
2432 3801 2632 3853 itinere
2674 3799 2974 3869 fugientem
3029 3803 3337 3869 conspicati
3371 3812 3486 3858 totu

1910 3907 2107 3946 rursus
2146 3891 2516 3956 insequuntur
2554 3893 2792 3959 impetu;
2840 3907 3070 3960 quorum
3117 3895 3348 3962 strepitu
3405 3897 3485 3950 iu-

1909 3983 2170 4038 stautium
2223 3982 2523 4052 imperator
2557 3982 2896 4047 admonitus,
2934 3983 3024 4037 ubi
3060 3995 3233 4040 tracta
3269 3988 3319 4039 iu
3365 3987 3483 4042 lon-

1909 4090 2033 4142 gum
2061 4073 2187 4148 fuga
2218 4088 2446 4127 securos
2481 4074 2711 4142 periculi
2743 4075 2981 4128 victores
3015 4074 3238 4140 fecerat,
3262 4087 3482 4147 repente

1907 4167 2082 4222 versis
2132 4166 2359 4220 habenis
2420 4183 2587 4220 unum
2646 4167 3076 4236 insequentium,
3131 4185 3288 4237 quem
3345 4171 3484 4223 forte

1908 4261 2148 4331 primum
2215 4259 2436 4314 obvium
2495 4259 2713 4323 habuit,
2788 4260 2946 4313 basta
3008 4263 3498 4329 transverberatis,

1907 4353 2139 4408 adverso
2164 4360 2404 4420 pectore,
2439 4351 2697 4420 supinum
2726 4351 2911 4419 dejicit
2936 4352 2988 4406 in
3027 4360 3253 4408 terram.
3279 4353 3482 4422 Sicque

1910 4459 2175 4500 converso
2211 4444 2410 4496 iterum
2437 4457 2581 4509 equo
2610 4442 2792 4510 priore
2831 4443 2917 4496 via
2952 4445 3242 4498 continuat
3272 4445 3478 4514 fugam.

241 4531 436 4600 μένων,
497 4540 524 4590 ὁ
565 4537 822 4608 βασιλεὺς
857 4537 949 4590 ἐπὶ
975 4537 1042 4590 τὰ
1074 4536 1260 4605 πρόσω
1283 4536 1380 4606 τὴν
1417 4536 1645 4607 πορείαν
1679 4539 1804 4589 ἐπε-

1914 4536 1986 4592 Εο
2014 4537 2208 4590 itinere
2241 4535 2404 4604 paulo
2437 4543 2560 4602 post
2596 4533 2786 4588 incidit
2820 4533 2873 4586 in
2901 4535 3167 4603 quasdam
3199 4537 3480 4591 Gallorum

236 4625 445 4714 ποέητο.

1911 4629 2166 4683 cohortes
2217 4642 2336 4696 quae
2401 4625 2682 4679 Romanos
2741 4634 3045 4695 persecutae
3103 4625 3373 4696 fugientes
3427 4628 3480 4680 in

236 4730 417 4778 eastra
448 4726 696 4784 victrices
720 4727 996 4783 redibant.
1035 4726 1098 4780 lli
1132 4726 1250 4781 viso
1283 4728 1469 4796 procul
1501 4725 1798 4798 agnitoque
1839 4727 2089 4796 Augusto
2121 4724 2318 4778 ibidem
2354 4722 2405 4776 in
2439 4722 2754 4785 viamedia,
2790 4738 2892 4790 qua
2956 4725 3304 4778 necessarius
3366 4734 3484 4779 erat

237 4817 513 4880 transitus,
545 4818 867 4887 conglobati
899 4818 1186 4886 scutisque
1215 4817 1525 4872 commissis
1549 4801 1625 4872 et
1658 4817 1894 4871 invicem
1932 4816 2204 4872 consertis
2230 4822 2574 4883 exspecmnt,
2631 4830 2740 4883 quo
2808 4814 3033 4882 etequis
3098 4815 3258 4883 longo
3319 4831 3480 4871 cursu

233 4898 396 4960 fessis
430 4911 628 4980 aliquid
678 4909 978 4964 laxamenti
1013 4907 1226 4962 modica
1283 4908 1473 4978 requie
1554 4909 1621 4962 ad
1696 4924 1868 4963 novos
1910 4916 2145 4963 conatus
2187 4908 2408 4972 darent,
2449 4915 2503 4960 et
2531 4907 2940 4973 imperatorem,
2969 4921 3128 4974 quem
3163 4908 3340 4959 vivum
3386 4924 3480 4962 ca—

233 5009 362 5061 Pere
397 5005 570 5071 potius
601 5020 769 5075 quam
802 5004 1027 5058 incursu
1070 5003 1325 5058 occidere
1359 5004 1602 5068 mallent,
1645 5004 1787 5058 haud
1831 5003 2006 5073 ignari
2081 5017 2244 5070 quam
2305 5011 2521 5071 gratum
2577 5001 2628 5054 id
2706 4999 2942 5054 Roberto
2992 5015 3190 5054 munus
3242 5001 3478 5054 oblaturi

227 5099 432 5159 essent,
465 5097 540 5150 sic
571 5099 774 5152 melius
811 5094 1119 5165 redigerent
1152 5096 1206 5148 in
1245 5104 1593 5163 potestatem.
1648 5096 1788 5150 Tum
1866 5097 2151 5150 enimvero
2218 5095 2516 5161 imperator
2549 5094 2641 5162 qui
2681 5101 2762 5146 tot
2805 5108 2833 5144 a
2882 5100 3034 5161 tergo
3070 5091 3476 5159 insequentium

229 5182 465 5242 hostium
493 5190 756 5245 infestum
794 5189 1053 5256 impetum
1096 5191 1183 5244 vix
1233 5205 1297 5245 ac
1327 5207 1394 5244 ne
1438 5195 1524 5244 vix
1576 5189 1798 5260 quidem
1841 5190 2164 5260 jamdudum
2195 5189 2580 5252 frustraretur,
2619 5189 2758 5244 alios
2837 5204 3056 5256 quoque
3125 5197 3478 5242 occurrentes

225 5289 254 5327 a
286 5276 458 5336 fronte
506 5300 766 5350 cernens,
834 5283 991 5352 plane
1035 5295 1216 5339 actum
1270 5289 1479 5353 putavit
1537 5287 1696 5355 120
1762 5285 1828 5339 de
1871 5288 2050 5340 salute
2082 5299 2208 5339 sua.
2271 5283 2438 5350 Ergo,
2472 5285 2615 5352 quod
2646 5301 2812 5336 unum
2845 5291 3154 5350 supererat,
3189 5284 3475 5336 honestam

224 5380 326 5424 nec
376 5372 599 5430 inultam
651 5376 924 5434 aﬂ‘ectaus
970 5387 1232 5443 mortem,
1291 5391 1579 5449 postquam
1636 5379 1784 5432 brevi
1827 5381 2007 5447 spatio
2037 5392 2161 5432 sese
2198 5376 2438 5445 collegit,
2520 5377 2572 5429 in
2610 5376 2917 5430 confertam
2962 5381 3186 5442 repente
3252 5375 3481 5428 obstan-

229 5459 363 5516 tium
395 5466 608 5520 turbam
649 5467 866 5533 irruit;
913 5469 1266 5540 mediumque
1329 5473 1576 5540 ipsorum
1646 5471 1883 5525 sublime
1921 5477 2232 5527 exstantem
2271 5467 2710 5520 animadverteris
2743 5467 3054 5536 quempiam
3105 5479 3216 5520 tum
3289 5484 3317 5521 a
3366 5477 3479 5521 sta-

237 5559 365 5607 tura:
408 5558 584 5620 modo,

665 5567 786 5612 tum
839 5573 868 5610 a
929 5558 1139 5629 fulgore
1186 5579 1465 5618 armorum
1515 5563 1836 5634 suspicatus
1911 5562 2216 5619 Robertum
2278 5573 2419 5622 esse,
2476 5559 2654 5626 ipsum
2698 5567 2846 5611 recta
2906 5558 3057 5626 petit.
3119 5558 3288 5623 Quem
3339 5560 3478 5614 alter

240 5657 425 5715 magno
458 5651 644 5705 animo
675 5657 1043 5723 protentaque
1075 5655 1229 5712 hasta
1265 5673 1332 5712 ex
1363 5656 1596 5713 adverso
1651 5655 1905 5711 similiter
1935 5654 2168 5712 invadit.
2204 5650 2284 5704 Eo
2355 5650 2645 5720 utriusque
2712 5665 2879 5705 cursu
2944 5649 3180 5704 medium
3236 5652 3475 5720 spatium

1266 5775 1466 5837 Vat-ite
1510 5774 1815 5837 lectiones
1860 5790 1939 5836 ex
1973 5775 2112 5839 eod.
2160 5768 2419 5832 Coislin.

304 5845 324 5876 ’
349 5848 567 5904 ὄπισθεν
596 5850 674 5907 δέ.
