4022 6270
293 383 385 447 339
1561 380 1757 440 ALEX
1771 379 1976 439 IADlS
2036 379 2106 439 Ll
2120 380 2185 440 Β.
2231 381 2297 440 ν.
3453 385 3563 446 390

291 503 497 563 λοῦντος
551 500 716 554 αὐτὸν
764 495 859 553 τοῦ
914 493 1188 570 βασιλέως
1233 494 1561 567 μεταϐαλεῖν
1604 495 1702 564 τὴν
1736 495 1865 568 περὶ

1971 494 2038 548 de
2079 495 2187 550 illis
2213 495 2505 564 reportatis
2533 495 2779 553 victoriis
2806 497 2952 551 ultus
2980 505 3151 563 esset,
3180 497 3557 570 Deojuvante,

290 596 385 647 τῶν
416 593 639 644 εἰκόνιον
670 590 916 662 γνώμην,
946 591 1026 642 ἔτι
1058 589 1114 642 δὲ
1137 590 1182 621 ⁸⁵
1224 589 1319 642 καὶ
1357 589 1457 657 τῆς
1521 589 1656 659 πρὸς
1695 589 1858 641 αὑτὸν

1969 595 2373 656 coronatusqne
2407 587 2531 643 inde
2566 603 2628 641 ac
2657 589 3006 657 triumphans
3043 591 3095 643 in
3123 593 3311 645 urbem
3352 594 3557 663 regiam

292 684 623 754 ἀποσχέσθαι
673 683 718 716 ⁸⁸
753 682 1053 752 ἀπεχθεὶας
1100 680 1539 750 ὑπισχνουμένου
1591 679 1709 748 ἅμα
1766 679 1862 731 καὶ¹

1971 689 2112 736 esset
2166 681 2460 735 invectus:
2521 693 2821 748 exsertaque
2907 698 3047 737 nova
3110 681 3438 754 Scytharum
3507 688 3559 740 iu

289 783 346 834 τὶ
376 779 495 849 ἱερᾶ
519 781 638 839 ταῖς
659 777 843 844 ἁγίαις
887 773 1234 843 Ἐκκλησίαις
1256 772 1613 844 λαμπρότερα
1633 771 1862 824 ἀποδού-

1971 773 2253 841 imperium
2288 772 2705 840 irrumpentiqu
2733 774 3057 841 gravissima
3093 777 3356 845 procella,
3379 778 3430 830 in
3453 794 3559 831 non

289 887 386 931 ναι,
410 869 502 920 καὶ
528 869 638 920 πᾶν
662 867 689 919 ὃ
708 884 761 918 τι
787 866 895 918 δέοι
925 867 1097 917 ποιεῖν
1128 865 1263 932 πρὶς
1288 864 1597 934 διόρθωσιν,
1631 862 1724 914 καὶ
1758 860 1859 930 ἥδη

1967 861 2178 931 dispari
2243 863 2494 931 periculo
2587 862 2655 916 ad
2729 864 2906 916 simile
2993 866 3310 933 prmsidium
3373 867 3543 921 simili

291 957 772 1030 κκὶξδιορθωμένου
807 959 850 990 ⁸⁷
879 956 1029 1028 παρὰ
1069 956 1179 1009 τῶν
1229 955 1680 1024 ὲλλογιμωτέρων
1738 953 1860 1005 τότε

1974 950 2214 1002 ninnium
2245 967 2550 1017 consensu,
2572 961 2841 1019 praesente
2873 953 3169 1022 insuper-et
3199 970 3310 1008 rem
3337 964 3562 1023 urgente

287 1051 375 1118 τῆς
408 1051 652 1115 συνόδου,
684 1048 778 1112 οὒς
805 1050 855 1101 οἱ
893 1048 973 1118 τῷ
1007 1047 1098 1100 τοῦ
1127 1045 1474 1116 Χαλκηδόνος
1513 1045 1666 1116 μέρει
1692 1060 1854 1113 προσ-

1972 1038 2315 1108 imperatore,
2343 1043 2752 1111 confligeretur,
2788 1043 2928 1098 idem
2964 1044 3052 1098 hic
3083 1046 3245 1100 homo
3276 1046 3430 1100 solita
3463 1061 3560 1100 sua

288 1139 526 1208 κείμενοι
604 1141 848 1200 κόλακας
906 1137 1158 1196 ἐκάλουν.
1204 1137 1519 1206 καθαιρέσει
1567 1134 1857 1188 κατεδικά-

1969 1133 2268 1198 pervicacia
2307 1149 2640 1204 magnopere
2666 1135 2810 1204 apud
2851 1135 3243 1205 imperatorem
3285 1137 3557 1199 otl‘endit,

287 1229 419 1291 ζετοο
481 1228 558 1289 ὠς
611 1227 668 1279 δὲ
721 1226 886 1296 μηδὲν
940 1225 1309 1295 ὑποπτήσσων
1350 1223 1580 1286 οὐδόλως
1637 1223 1856 1294 ἠρέμει,

1972 1223 2131 1279 Porro
2163 1227 2264 1281 hac
2293 1227 2584 1282 occasione
2621 1244 2744 1282 cum
2777 1230 2842 1282 de
2873 1229 3046 1284 sacris
3094 1231 3303 1284 aedibus
3358 1231 3560 1298 siguiw

284 1320 409 1370 ἀλλὰ
436 1320 531 1371 κει)¹
560 1315 720 1382 αὖθις
760 1316 1133 1388 συνετάραττε
1186 1318 1286 1387 τὴν
1340 1315 1695 1398 Ἐκκλησίαν,
1758 1317 1856 1367 οὐκ

1974 1333 2067 1388 lue
2123 1327 2178 1372 et
2210 1320 2541 1390 imaginibus
2595 1321 2767 1374 multa
2808 1331 2863 1374 ut
2895 1321 2952 1374 ﬁt
3003 1321 3440 1389 disputarentur,
3476 1325 3562 1375 hic

285 1411 475 1480 ἀγεννῆ
506 1411 782 1481 φρατρίαν
842 1409 1306 1479 συνεπαγόμενος,
1363 1408 1438 1470 ὡς
1495 1408 1735 1469 ἄτακτος
1789 1402 1857 1478 ἦν

1970 1415 2190 1468 antistes
2215 1414 2270 1466 in
2299 1428 2418 1467 eam
2441 1421 2774 1468 sententiam
2797 1414 3081 1480 disseruit,
3103 1426 3160 1468 ut
3178 1416 3558 1480 contenderet,

287 1503 454 1573 πάντη
486 1503 580 1555 καὶ
611 1501 963 1572 ἀδιόρθωτος,
1001 1500 1142 1571 μετὰ
1170 1499 1380 1553 πολλῶν
1420 1500 1682 1552 ἐνιαυτῶν
1712 1516 1857 1568 παρ-

1973 1522 2149 1560 sacras
2231 1507 2500 1577 imagines
2556 1507 2814 1561 absoluto
2865 1523 2893 1560 a
2949 1508 3111 1562 nobis
3175 1519 3228 1562 et
3298 1509 3352 1561 in
3423 1508 3561 1575 ipsis

230 1611 232 1614 '
290 1595 516 1662 ἐλευσιν,
560 1596 765 1657 πάντες
810 1594 945 1664 ὁμοῦ
987 1593 1082 1647 τοῦ
1129 1592 1325 1663 ἀνδρὸς
1385 1593 1818 1661 κατεψηφίσαντο

1968 1600 2202 1654 luerente
2236 1600 2385 1653 cultu
2419 1598 2578 1664 allici,
2611 1614 2718 1653 non
2779 1611 2960 1654 autem
3014 1602 3279 1655 duntaxat
3305 1600 3556 1655 relativo.

288 1687 580 1739 κάντεῦθεν
616 1689 921 1758 ὑπερορίαν
977 1685 1429 1748 καταδικάζεται.
1481 1686 1591 1737 Καὶ
1639 1684 1856 1754 δέχεται

1966 1690 2150 1760 Itaque
2243 1698 2302 1744 ut
2380 1690 2470 1745 ille
2538 1692 2760 1760 quidem
2839 1693 3105 1746 nonnulla
3182 1692 3554 1762 plausibiliter

287 1777 464 1831 τοῦτον
490 1781 524 1848 ἡ
561 1781 692 1848 περὶ
722 1779 812 1830 τδν
838 1779 1037 1830 Πόντον
1067 1776 1376 1841 Σωζόπολις
1421 1775 1558 1846 (16),
1595 1774 1857 1836 παντοίας

1972 1780 2336 1850 ranoniceque
2398 1788 2450 1834 et
2507 1796 2606 1852 pro
2654 1781 2922 1852 dignitate
3001 1782 3293 1837 sacerdotii
3352 1782 3560 1836 diceret

295 1872 550 1939 προνοίας
603 1872 705 1925 καὶ
761 1871 1071 1940 θεραπείας
1131 1868 1419 1939 βασιλικῆς
1455 1868 1499 1899 ⁸⁸
1531 1865 1872 1936 ἀξιούμενον,

1982 1879 2301 1941 ageretque,
2371 1879 2555 1926 tamen
2615 1873 2670 1926 in
2746 1872 2872 1928 aliis
2905 1872 3316 1942 ‘prolabebatur
3365 1887 3555 1940 parum

283 1962 648 2031 κιὶοῦδαμῶς
677 1963 916 2033 χρῆσθαι
973 1961 1202 2022 ταύταις
1255 1959 1543 2030 ἠϐούλετο,
1608 1956 1858 2029 ὕστερον,

1969 1959 2265 2014 orthodoxe
2347 1960 2560 2015 sentire
2617 1961 2994 2029 deprehensus
3053 1979 3069 2014 :
3129 1961 3291 2028 cujus
3353 1974 3557 2014 erret-:8

282 2052 342 2104 δι’
395 2055 463 2124 ἢν
527 2056 664 2124 πρὸς
724 2055 816 2108 τὸν
871 2054 1256 2124 αὐτοκράτορα
1308 2051 1506 2121 ἔτρεφε
1568 2052 1730 2121 μῆνιν
1786 2050 1862 2113 ὡς

1968 2068 2187 2107 causam
2227 2053 2369 2107 haud
2406 2053 2522 2109 scio
2583 2068 2652 2109 an
2703 2057 2860 2110 aestui
2923 2055 3316 2117 contentionis,
3350 2069 3556 2108 excur-

283 2145 472 2200 ἕυικεν.
1965 2146 2139 2201 reutis
2171 2147 2498 2217 plerumque
2547 2146 2764 2217 longius
2789 2162 2952 2217 quam
2985 2163 3083 2215 par
3115 2157 3198 2202 est
3220 2185 3234 2209 ,
3266 2163 3334 2200 an
3374 2146 3557 2201 studio

285 2243 586 2296 obsistendi
616 2240 936 2311 imperatori
983 2255 1011 2293 a
1051 2256 1160 2309 quo
1201 2240 1410 2294 dudum
1475 2239 1826 2304 abhorrebat,
1880 2255 1950 2294 an
1997 2242 2233 2311 den-ique
2310 2243 2631 2312 ignorantia;
2705 2244 2818 2297 veri
2891 2245 3272 2312 assignandum
3347 2251 3552 2318 putem.

285 2334 333 2386 iu
378 2334 630 2387 ultimam
668 2346 851 2387 tamen
891 2334 1032 2386 hanc
1062 2341 1270 2402 partem
1306 2331 1622 2402 suspicione
1651 2333 1986 2400 propendco.
2044 2335 2202 2403 130
2241 2335 2506 2400 Quoniam
2569 2336 2712 2390 enim
2750 2337 2796 2390 is
2870 2339 2952 2391 vir
3029 2339 3256 2391 multaut
3323 2351 3548 2406 operam

285 2430 473 2484 litteris
500 2445 608 2482 non
646 2427 894 2490 dederat,
927 2427 1173 2497 artisque
1206 2423 1572 2479 ratiocinandi
1608 2423 1856 2477 funditus
1896 2424 2049 2480 rudis
2085 2435 2224 2490 erat,
2261 2423 2420 2480 facile
2454 2429 2568 2484 ﬁeri
2607 2431 2780 2499 putuit
2819 2439 2876 2483 ttt
2904 2430 3153 2499 quaedam
3222 2432 3402 2486 minus
3475 2431 3550 2484 ad

285 2526 562 2594 theologia:
621 2539 862 2578 canenes
939 2531 1132 2577 exacta
1203 2523 1346 2574 inter
1424 2519 1815 2588 disputandum
1845 2509 2369 2587 ~eil'utierit;vcrum
2396 2525 2448 2578 in
2515 2523 2629 2579 dies
2669 2526 3176 2594 succcssibusipsis
3203 2527 3551 2581 adolescente

285 2634 340 2674 ea
371 2630 536 2686 quam
606 2617 832 2683 impune
898 2612 1233 2670 lacessendis
1305 2612 1732 2680 imperatoribus
1799 2627 2066 2681 usurpare
2121 2614 2289 2668 semel
2341 2627 2581 2684 cmperat
2646 2616 2896 2681 audacia,
2952 2619 3418 2688 incitantibuSque
3479 2621 3546 2673 ad

284 2718 456 2782 ipsum
510 2709 658 2762 ultro
732 2716 1044 2762 currentem
1098 2697 1243 2758 male
1296 2703 1508 2760 feriatis
1566 2703 1815 2772 plurimis
1846 2745 1862 2770 ,
1933 2704 2134 2774 quibus
2172 2721 2236 2759 ea
2272 2723 2393 2776 quas
2426 2718 2536 2764 tum
2569 2719 2689 2764 erat
2724 2711 3036 2780 reipublicae
3067 2713 3391 2781 gubernatio
3442 2727 3550 2766 non

285 2800 544 2868 placebat,
591 2807 765 2856 homo.
789 2802 874 2855 sui
928 2815 1120 2870 parum
1175 2807 1366 2862 potens
1401 2797 1452 2850 in
1502 2797 1865 2852 contumelias
1921 2797 2323 2870 maledictaque
2397 2803 2780 2872 intempestiva
2827 2813 2880 2857 et
2927 2805 3295 2860 intolerabilia
3353 2807 3550 2861 eli‘ere-

284 2893 452 2961 batur,
491 2893 1185 2964 Augustumlicentissime
1218 2887 1603 2960 proscindens,
1679 2889 1897 2958 placare
1972 2890 2247 2946 hominem
2303 2907 2334 2947 e
2395 2896 2673 2950 contrario
2727 2907 3038 2963 conantem,
3097 2899 3532 2968 suadentemque

284 2990 614 3044 amicissime
643 2998 702 3042 ut
738 2999 789 3042 et
814 3003 934 3056 qum
959 2997 1162 3039 temere
1201 2986 1267 3038 de
1303 2983 1475 3036 sacris
1542 2984 1872 3052 imaginibus
1941 2983 2151 3039 dixerat
2207 2993 2420 3040 mature
2472 2997 2772 3054 revocaret,
2835 2997 2889 3043 et
2940 2975 3188 3058 deposita
3241 2991 3544 3052 simultate,

284 3086 455 3136 redire
482 3097 667 3136 secum
702 3081 755 3133 in
793 3079 1026 3150 gratiam
1063 3079 1219 3132 vellet
1251 3094 1263 3128 :
1295 3091 1354 3132 se
1416 3074 1561 3129 enim
1632 3076 1924 3128 restituere
1967 3087 2214 3144 paratum
2302 3095 2424 3149 quae
2465 3095 2495 3134 e
2549 3081 2722 3135 sacris
2787 3081 3090 3136 abstulerat
3152 3085 3380 3147 aclibus,
3434 3085 3547 3138 imo

283 3175 648 3242 splendidiora
688 3174 1078 3242 repositurum,
1128 3169 1196 3222 ad
1230 3168 1668 3223 emendationem
1735 3181 1899 3236 porro
1957 3169 2134 3238 culpm
2189 3170 2349 3225 istius
2402 3172 2798 3242 qualiscunque
2859 3173 2991 3226 nihil
3044 3175 3270 3243 legitimi
3341 3173 3546 3243 piaculi

286 3278 667 3326 recusaturum
704 3287 718 3323 :
753 3283 860 3337 quo
895 3269 945 3320 in
992 3280 1188 3334 genere
1228 3263 1519 3333 praecipuis
1570 3275 1882 3326 sacrorum,
1945 3263 2252 3315 antistitum
2315 3263 2450 3317 adeo
2505 3267 2617 3330 jam
2681 3267 3049 3330 satisfecerat,
3112 3277 3168 3318 ut
3224 3267 3257 3319 ii
3324 3283 3550 3324 causam

286 3363 395 3431 ejus
422 3363 717 3432 diligenter
775 3368 1066 3413 tuerentur
1099 3398 1112 3418 .
1173 3371 1347 3423 eoque
1412 3356 1531 3424 ipso
1572 3354 1793 3408 nomine
1841 3354 1909 3406 ab
1952 3354 2022 3407 iis
2087 3355 2180 3423 qui
2224 3356 2707 3426 Chalcedonensis
2739 3368 2922 3428 partes
2991 3361 3249 3416 fovebant
3285 3371 3539 3416 assenta-

287 3463 428 3510 tores
494 3456 794 3518 audirent;
864 3466 1050 3506 verum
1109 3450 1175 3503 ad
1247 3463 1311 3502 ea
1369 3447 1460 3500 ille
1529 3444 1931 3500 obsurdescens
2006 3447 2730 3514 omnia,,'irrevocabiliter
2783 3467 2892 3521 quo
2963 3454 3221 3522 impetun
3285 3464 3529 3521 cmpcrat

288 3549 492 3602 ruebat.
536 3545 722 3612 Quare
769 3544 835 3598 ad
892 3541 1265 3597 necessarium
1304 3536 1604 3592 remedium
1657 3536 2154 3602 animadversionis
2223 3541 2507 3595 canonicre
2557 3554 2773 3596 ventmn
2815 3544 3029 3599 tandem
3089 3553 3196 3604 est,
3269 3546 3542 3613 homoque

285 3644 467 3696 multis
488 3641 811 3696 nominibus
851 3636 904 3691 id
933 3636 1162 3690 meritus
1185 3634 1253 3687 de
1280 3633 1408 3688 sede
1433 3645 1596 3700 quam
1621 3631 1927 3699 occupabat
1966 3641 2047 3686 est
2073 3633 2380 3700 depositus.
2413 3633 2528 3688 Non
2561 3635 3054 3706 fregitindomitmn
3074 3639 3316 3692 animum
3345 3619 3404 3690 ea
3433 3652 3542 3701 res;

288 3736 460 3788 turbat
515 3735 715 3789 iterum
757 3738 812 3784 et
859 3729 1122 3784 factiones
1182 3725 1292 3780 ciet
1336 3725 1390 3778 in
1453 3722 1719 3785 Ecclesia,
1778 3737 1885 3776 non
1924 3722 2122 3792 exigua
2157 3725 2258 3778 sibi
2284 3726 2537 3794 adjuncta
2562 3743 2856 3797 secumque
2905 3729 3140 3783 abducta
3203 3731 3552 3787 multitudine

287 3830 662 3884 seetariorum.
697 3822 854 3890 Quod
886 3823 1014 3876 dum
1037 3817 1362 3890 permultos
1396 3823 1571 3871 anuus
1603 3816 1734 3883 agit,
1763 3815 2172 3884 turbulentique
2203 3817 2287 3870 sui
2322 3817 2523 3886 ingenii
2558 3826 2611 3872 et
2644 3818 2954 3873 inﬂexibilis
2976 3821 3278 3888 pervicacia
3319 3825 3536 3892 plenam

292 3921 442 3975 Iidem
509 3919 641 3975 facit
675 3915 959 3978 omnibus,
1017 3910 1256 3981 denique
1311 3909 1558 3964 omnium
1625 3907 1853 3961 calculis
1893 3907 2182 3962 damnatus
2235 3909 2492 3963 exsulare
2528 3909 2719 3978 jussus
2753 3923 2836 3966 est
2900 3918 3042 3980 apud
3088 3913 3399 3983 Sozopolim
3464 3918 3534 3971 ad

290 4013 516 4068 Pontum
553 4030 572 4066 :
634 4010 728 4065 ubi
772 4009 1083 4079 providerat
1141 4007 1463 4076 imperator,
1498 4013 1555 4058 ut
1583 4003 1982 4059 ofﬁciosissime
2019 4006 2382 4073 exciperetur,
2431 4014 2828 4077 curareturque
2881 4009 3136 4078 copiose:
3189 4027 3527 4083 quanquam,

290 4107 374 4162 ille
406 4103 752 4162 contumacia
777 4116 839 4156 se
878 4100 1162 4156 involvens
1220 4114 1338 4164 sua,
1373 4097 1504 4151 etin
1560 4104 1826 4164 concepta
1892 4097 2061 4152 semel
2086 4098 2665 4171 adversusAugustum
2691 4100 3052 4170 iraanimum,
3121 4113 3179 4158 ut
3238 4108 3537 4175 apparebat

289 4202 600 4265 oblirmans,
625 4199 808 4253 oblata
841 4199 960 4266 ejus
989 4197 1068 4250 uti
1103 4194 1431 4251 liberalitate
1472 4191 1669 4247 noluit.

365 4298 526 4353 Ἀλλὰ
556 4294 734 4348 ταῦτα
757 4293 854 4364 μὲν
887 4287 988 4346 ὧδε
1021 4307 1099 4361 πη
1132 4289 1588 4361 περιγεγράφθω.
1629 4288 1690 4340 ὐ
1716 4286 1772 4340 δέ
1799 4304 1859 4354 γε
1888 4289 1934 4351 C

2038 4284 2140 4339 Sed
2175 4284 2242 4339 de
2308 4283 2392 4338 his
2461 4282 2753 4339 hactenus.
2801 4283 2879 4338 Ad
2941 4283 3325 4353 imperatorem
3401 4293 3546 4346 enim

289 4389 643 4461 αὖτοκράτωρ
673 4387 804 4446 τοὺς
845 4382 1108 4452 νεήλυδας
1163 4381 1478 4451 (συνέρρεον
1536 4379 1646 4448 γὰρ
1691 4379 1866 4432 ἱκανοὶ

1976 4379 2313 4431 redeundum
2353 4384 2458 4439 est,
2491 4378 2583 4445 qui
2620 4390 2814 4431 recens
2846 4380 3106 4446 appulsos
3140 4381 3546 4454 milites:(multi

289 4483 664 4554 περισωθέντα
713 4477 906 4531 τοῦτον
967 4475 1369 4546 μεμαθηκότες)
1418 4472 1694 4542 ἐπιμελῶς
1744 4472 1864 4537 ὲξεο

1974 4469 2244 4539 siquidem
2280 4467 2348 4520 ad
2380 4483 2527 4532 eum,
2564 4475 2621 4521 ut
2678 4467 2895 4523 salvum
2948 4485 3069 4524 esse
3097 4474 3361 4539 constitit,
3423 4491 3551 4528 con-

287 4576 556 4641 παίδευεν,
588 4575 741 4634 ὅπως
794 4567 1050 4621 ἱππεύειν
1099 4567 1205 4637 χρὴ
1239 4567 1333 4619 καὶ
1381 4565 1622 4631 τοξεύειν
1683 4565 1868 4616 εὐστο-

1975 4558 2200 4628 ﬂuxere)
2234 4558 2424 4613 sedulo
2456 4559 2744 4613 exercebat
2778 4559 2842 4612 ad
2874 4576 3062 4615 omnes
3093 4573 3276 4630 partes
3313 4562 3551 4617 [unctio-

290 4665 522 4734 χώτατα,
547 4661 861 4717 ὁπλιτεύειν
908 4676 966 4710 τε
989 4659 1084 4712 καὶ
1119 4656 1422 4727 ἐνεδρεύειν
1443 4655 1864 4724 ἐπικαιρότατα.

1975 4651 2062 4704 nis
2100 4647 2378 4703 militaris:
2409 4649 2638 4712 docens,
2668 4662 2871 4716 equum
2905 4650 3038 4702 scite
3066 4665 3273 4718 regere,
3298 4653 3548 4704 collima-

301 4758 634 4827 Ἐπεπὸμφει
692 4755 750 4806 δὲ
792 4748 950 4812 αὖθις
997 4750 1134 4820 πρὸς
1183 4749 1275 4800 τὸν
1328 4748 1472 4817 ρῆγα
1529 4746 1866 4816 Ἀλαμανίας

1977 4760 2036 4797 re
2059 4758 2187 4795 arcu
2215 4755 2376 4810 quam
2407 4741 2732 4802 certissime,
2767 4743 2970 4795 vadere
3017 4744 3250 4795 exsertis
3300 4748 3466 4796 armis
3492 4745 3543 4796 in

288 4849 542 4921 πρέσΰείς
604 4844 683 4902 ὧν
728 4841 1069 4914 προεξῆρχον
1101 4841 1144 4872 ⁸⁸
1185 4841 1211 4892 ὁ
1245 4837 1545 4908 Μεθύμνης
1576 4837 1688 4906 (17)
1744 4852 1845 4888 κα.-

1976 4837 2256 4898 adversos,
2291 4849 2593 4903 rursusque
2635 4837 2956 4903 tempestive
3001 4834 3285 4890 subsidere
3331 4838 3385 4890 in
3415 4836 3549 4889 insi-

1362 4971 1562 5032 Varim
1607 4970 1910 5032 lectiones
1950 4987 2030 5032 ex
2073 4968 2218 5033 cod.
2261 4967 2532 5032 Coislin.

359 5113 400 5146 "
427 5114 552 5182 γάρ,
632 5109 683 5142 ⁸⁸
713 5103 1040 5174 ἀπέχεσθαι.
1116 5101 1159 5133 ⁸⁷
1183 5097 1592 5170 διορθουμένου.
1669 5098 1715 5130 ⁸⁸
1743 5096 1908 5153 Deest
1942 5113 2047 5151 vox
2075 5094 2385 5166 βασιλικῆς.
2461 5093 2508 5126 ⁶⁹
2539 5093 2904 5164 προεξῆρχεν.

1335 5236 1474 5299 Car.
1509 5238 1842 5300 Dufresnii
1875 5240 1971 5299 Du
2013 5236 2235 5313 Cangii
2285 5241 2468 5296 nolte.

360 5372 465 5449 (ιδ)
485 5377 848 5449 εωτάπουιες-
873 5370 1183 5438 δοιοροιίιιι
1210 5367 1542 5449 attentum
1575 5361 1854 5449 E'L“".!.'.‘“_
1960 5351 3542 5449 τέξει..,κριθεῖηῖιξίξξξιῖε-υφριξηὲξῂΕἶθέπῖξνιζῖἓὲη,ξὶεεξξὶιτῐιι

285 5421 1237 5516 pa‘ri'Efﬂidﬁ'eahihﬁizziius,"
1258 5437 1351 5489 lib.
1395 5451 1444 5497 ι,
1485 5448 1608 5516 cap:
1640 5434 1713 5516 ξε
1747 5433 1856 5499 Τὴν
1966 5421 2193 5510 N-ieetas'
2217 5421 2278 5510 in
2321 5427 2477 5516 Joan.
2621 5428 2695 5491 4;
2729 5425 2994 5516 scylitzles
3018 5421 3354 5516 ﬁtATageno
3379 5424 3545 5479 Ρειιει-

919 5509 1165 5573 Εὔξεινον
1183 5494 1407 5568 Πόντον,
1435 5494 1859 5573 πολυάνθρωπον

1966 5500 2220 5562 viensis;
2260 5499 2313 5551 in
2364 5499 2629 5573 alterutra
2688 5503 2854 5573 natus
2913 5494 3152 5573 :I‘uanues
3219 5497 3543 5573 patriai-uua

1144 5559 1494 5655 Plo‘zo'p‘oleos
1542 5559 1861 5655 ment-iojﬁt

1849 5577 1861 5622 l
1966 5559 2637 5649 Constantinopolitanus,
2661 5564 2735 5655 ‘de
2769 5579 2876 5655 quo
2906 5564 3200 5655 Gregorius.
3235 5563 3326 5615 lib.
3362 5579 3437 5655 vi.I

749 5631 972 5705 ’Ᾰῖἶηωὴ
1144 5648 1270 5703 562.
1301 5631 1578 5724 Tzetzetn,
1612 5637 1858 5726 chi-I312,
2043 5640 2154 5726 (II?)
2279 5631 3540 5726 .Mstlgi‘mrneiﬁue‘thmina:llo‘leulmtzgt‘aliis,

293 5699 1498 5789 Etticlienouurn,
1522 5699 1588 5789 in
1617 5699 1861 5789 Allobro;
1969 5699 2058 5789 est
2081 5699 2778 5789 Lesbi.insulae-oppidum.
2809 5699 2952 5789 Yitie
2974 5699 3246 5789 intratp.

299 5772 419 5864 ﬁlii};
451 5772 1156 5867 ιῖἷεὶιέἧῖαιὲῑιιίέὶοῖεα,ω]
1188 5802 1280 5842 an.
1313 5772 1684 5867 ιῦθϐτᾏιίιιιη
1712 5779 1861 5850 ejus-
1969 5781 2138 5837 etiam
2167 5776 2412 5842 A‘lliano,
2452 5773 2672 5860 μίμνειν
2707 5773 2843 5842 Περὶ
2891 5773 3068 5839 ζώων,
3120 5785 3246 5840 Cap.
3277 5772 3368 5839 9.0,
3413 5775 3540 5826 urbs
