4022 6270
305 347 394 412 3οἹ

1550 347 1965 410 ALEXIADIS
1993 347 2142 409 LIB.
2166 348 2235 409 V.

3410 346 3518 412 εει

309 465 562 534 legionem
618 459 708 515 cui
758 465 1015 530 praeesset
1043 473 1260 516 summo
1296 459 1444 530 jure,
1490 461 1784 514 comitibus
1815 467 1870 514 et
1905 460 2061 515 lectis
2087 475 2153 514 ex
2184 437 2295 514 toto
2339 460 2583 516 exercitu
2645 460 2778 516 viris
2825 460 2879 516 in
2928 461 3214 518 consilium
3294 467 3521 524 vocatis,

309 553 662 623 accersitoque
707 551 1034 618 Baimuudo,
1073 553 1192 623 ipse
1217 551 1285 606 ad
1343 551 1612 606 orandum
1668 551 1847 604 altiori
1890 551 2014 608 loco
2043 552 2350 612 consideus.
2375 552 2455 607 sic
2483 552 2699 607 locutus
2726 561 2810 610 est
2843 569 2860 606 :

364 644 584 708 Οιδατε,
608 643 885 712 κόμητες,
913 642 1002 696 ὅτι
1035 642 1141 696 τὸν
1187 644 1477 713 φίλτατόν
1534 660 1654 712 μου
1727 640 1852 696 υἱὸν

2041 642 2228 708 Scitis,
2255 645 2494 708 comites,
2524 645 2892 699 charisslmum
2923 645 3095 715 ﬁlium
3124 663 3295 703 meum
3321 651 3523 720 primo-

318 733 588 805 Ῥογέρην,
617 735 719 788 καὶ
769 735 1150 802 πρωτότοκον
1164 733 1282 787 τῶν
1309 733 1476 798 υὶῶν,
1509 735 1716 801 κύριον
1745 729 1855 800 τῆς

311 829 422 899 ἐμῆ(
464 830 537 884 ἐν
576 828 660 894 τῷ
689 829 834 896 πρὸς
874 828 938 882 τὸ
974 829 1304 896 Ἰλλυρικὸν
1347 828 1601 896 μέλλειν
1651 824 1855 877 διαπε-

301 922 396 990 ρᾷν
421 923 770 989 κατέστησα
797 903 1142 989 χώρας.,οὖ
1200 917 1308 988 γὰρ
1377 915 1567 985 ἐχρῆν
1627 913 1855 968 ἐκεῖθεν

311 1016 731 1084 ὑποχωροῦντα,
761 1015 857 1068 καὶ
878 1013 1150 1067 τοιοῦτον
1174 1011 1618 1081 ἀναδεχόμενον
1653 1007 1849 1076 ἔργον,

310 1107 395 1173 τὴν
419 1106 579 1160 ἰδίαν
605 1107 804 1176 χώραν
833 1103 972 1173 ἄτερ
1027 1105 1316 1174 ἡγεμόνος
1368 1101 1722 1156 καταλιπεῖν
1766 1102 1854 1163 εις

307 1196 588 1265 προνομὴν
616 1197 866 1266 ἕτοιμον
894 1196 1074 1250 παντὶ
1101 1193 1181 1261 τῷ
1235 1194 1617 1262 βουλομένῳ,
1663 1191 1851 1247 exossi-

306 1295 432 1345 σθαι.
470 1291 635 1344 Ἐπεὶ
665 1289 736 1342 δὲ
766 1287 942 1356 ὀρὴξ
1017 1287 1390 1357 Ἀλαμανίας
1429 1287 1473 1318 ⁸³
1524 1285 1849 1354 πολιορκή-

304 1397 408 1435 σων
429 1383 658 1450 ταύτην
679 1381 795 1450 ἤδη
828 1378 1290 1449 καταλαμϐάνει,
1318 1378 1434 1448 χρὴ
1472 1379 1570 1434 καὶ
1624 1377 1783 1447 ἡμᾶς
1804 1378 1848 1409 ⁸²

307 1473 370 1538 ὡς
393 1475 533 1527 ἐνὸν
570 1475 800 1537 ταύτης
836 1471 1365 1540 άντιποιήσασθαι.
1415 1470 1568 1524 Οὐδὲ
1598 1471 1707 1540 γὰρ
1761 1469 1858 1524 δεῖ

302 1565 489 1632 ἐτέρων
518 1564 1137 1634 ἐπιλαμϐανομένους,
1185 1563 1306 1617 τῶν
1341 1563 1505 1616 ἰδίων
1565 1562 1849 1630 κατερρα-

302 1656 619 1725 θυμηκέναι.
685 1655 912 1710 Λοιπὸν
943 1655 1080 1726 ,ἐγὼ
1127 1657 1246 1724 μὲν
1304 1654 1503 1723 ἄπειμι
1531 1651 1622 1721 ἐφ’
1659 1645 1708 1718 ᾧ
1740 1651 1850 1720 τῆς

302 1750 498 1813 οἰκείας
527 1747 721 1816 χώρας
781 1748 1293 1814 άντιποιήσασθαι
1348 1746 1466 1813 τὴν
1519 1745 1671 1816 πρὸς
1741 1745 1848 1799 τὸν

300 1838 629 1908 Ἄλαμανίας
660 1838 1120 1909 ἀναδυσάμενος
1147 1838 1372 1908 μάχην.
1422 1837 1674 1892 Τουτωνὶ
1711 1838 1756 1870 ⁸³
1779 1837 1846 1890 δέ

291 1948 374 1998 μοι
399 1931 472 1996 τῷ
502 1931 613 1997 υἱῷ
647 1930 724 1996 τῷ
753 1931 1015 1998 νεωτέρῳ
1060 1931 1350 2000 ἐπαφίημι
1397 1931 1468 1984 τό
1509 1947 1572 1984 τε
1619 1930 1842 1998 Δυρῤά-

1957 736 2190 804 genitum
2215 733 2500 805 Rogerium
2529 753 2561 789 a
2595 753 2676 790 me
2697 753 2815 790 cum
2838 739 2891 790 in
2913 736 3194 807 Illyricum
3224 741 3521 810 trajiceretn

1955 825 2308 878 constitutum
2339 827 2506 894 fuisse
2539 827 2807 880 dominum
2841 826 3060 882 ditionis
3101 828 3313 884 Italica:
3366 849 3516 890 mea.

1958 913 2082 968 Non
2129 917 2270 970 enim
2315 918 2591 986 oportebat
2642 934 2722 972 me
2761 919 2911 972 illinc
2963 922 3032 972 ad
3071 927 3236 974 tanta:
3289 923 3420 977 alete
3456 941 3521 979 ac

1953 1007 2175 1075 periculi
2225 1011 2487 1078 negotium
2552 1010 2858 1074 solventem,
2912 1003 3082 1065 solum
3133 1015 3408 1083 promium
3457 1032 3522 1070 ac

1952 1099 2108 1165 quasi
2131 1099 2308 1153 natale
2341 1116 2534 1164 meum,
2555 1102 2672 1154 sine
2701 1101 2917 1154 custode
2939 1118 3000 1154 ac
3017 1105 3254 1173 principe
3291 1106 3521 1175 cujusvis

1953 1193 2248 1257 expositum
2316 1193 2599 1261 cupiditati
2666 1192 2992 1262 relinquere,
3061 1198 3200 1250 velut
3266 1209 3520 1264 paratam

1949 1283 2190 1350 prtrdam
2249 1285 2393 1338 omni
2465 1283 2648 1337 tollere
2681 1301 2900 1340 ausura.
2956 1286 3220 1350 Quoniam
3249 1305 3370 1344 vero
3425 1305 3520 1345 res:

1951 1373 2272 1440 Alumaniat,
2314 1384 2371 1429 ut
2425 1377 2581 1432 certis
2614 1377 2878 1433 indicibus
2909 1381 3284 1448 comperimus,
3317 1384 3372 1437 in
3402 1400 3520 1438 eam

1951 1483 2094 1536 spem
2127 1484 2180 1522 se
2198 1469 2452 1539 accingit,
2481 1478 2530 1524 et
2555 1487 2742 1539 magno
2768 1474 3003 1526 exercitu
3033 1475 3281 1530 inuadere
3302 1490 3513 1535 nostras

1951 1559 2134 1612 domos
2185 1573 2249 1612 ac
2305 1568 2502 1613 terram
2557 1569 2734 1627 parat.
2788 1562 2969 1632 utique
3014 1563 3319 1632 faciendum
3366 1568 3520 1623 nobis

1951 1660 2027 1703 est
2059 1660 2112 1703 ut
2142 1651 2256 1719 ejus
2288 1652 2563 1714 conatibus
2596 1652 2802 1708 obviam
2833 1665 3006 1710 eatur.
3043 1657 3175 1722 Quae
3203 1661 3350 1714 enim
3379 1665 3519 1716 ratio

1953 1741 2104 1806 sinit,
2133 1751 2189 1795 ut
2219 1744 2312 1812 qui
2347 1743 2535 1797 alienis
2564 1746 2900 1813 acquirendis
2932 1747 3249 1812 insistimus,
3276 1755 3524 1822 praprio-_-

1950 1849 2064 1886 rum
2105 1833 2377 1902 jacturam
2403 1837 2592 1905 ignava
2625 1837 2828 1892 desidia
2865 1838 3099 1907 feramus
3125 1843 3151 1896 ?
3191 1840 3305 1913 Ego
3353 1847 3522 1916 igitur

1950 1925 2085 1980 hanc
2124 1927 2504 1996 spississimam
2537 1945 2707 1994 opera:
2736 1943 2942 2001 partem
2971 1931 3112 1985 ultro
3143 1934 3362 2001 deposco
3391 1940 3520 1994 mihi

292 1997 430 2092 ξιον,
470 2024 568 2076 καὶ
624 2023 728 2076 τὸν
763 1997 1038 2086 Αὐλῶνα,
1071 1997 1308 2088 καὶντὰς
1334 2025 1553 2086 λοιπὰς
1615 1997 1844 2088 πόλεις,

1950 2026 1997 2070 et
2049 2033 2243 2072 sumo:
2306 2019 2519 2086 bellum,
2580 1997 2819 2090 inquam,
2858 2039 2977 2076 cum
3032 2040 3150 2094 rege
3206 1997 3518 2086 'Alamania'

290 2114 374 2166 καὶ
416 2116 648 2180 νήσους
682 2114 834 2180 ὅσας
861 2113 1099 2182 φθάσας
1130 2112 1312 2176 αὐτὸς
1343 2111 1425 2178 τῷ
1473 2112 1580 2182 ’μῷ
1642 2113 1844 2181 δόρατι

1949 2122 2043 2176 ego
2079 2108 2191 2177 ipse
2215 2119 2459 2179 gesturus
2491 2111 2919 2182 toleraturusque
2955 2130 3210 2184 propero;
3245 2118 3366 2173 huic
3397 2137 3516 2176 vero

288 2205 594 2272 κατέσχον.
662 2203 1085 2274 Παρετγνῶμαι
1155 2205 1200 2237 ⁸³
1221 2204 1288 2257 δὲ
1337 2204 1481 2274 ὑμῖν
1539 2204 1639 2258 καὶ
1699 2204 1847 2270 ἀξιῶ

1950 2198 2147 2264 iuniori
2179 2217 2292 2254 meo
2321 2202 2438 2270 ﬁlio
2483 2201 2842 2272 Dyrrachium
2874 2216 2921 2259 et
2956 2206 3215 2282 A_ulonem
3265 2211 3516 2282 urbesque

287 2297 354 2362 ὡς
390 2297 494 2366 ἐμὲ
544 2296 765 2352 τοῦτον
794 2296 1136 2366 λογίζεσθαι
1174 2297 1272 2352 καὶ
1301 2298 1413 2364 ὅλη
1444 2299 1594 2367 χειρὶ
1626 2297 1843 2369 [ψυχῇ]

286 2389 374 2442 καὶ
417 2388 616 2458 γνώμῃ
644 2389 796 2456 ὑπὲρ
822 2387 1008 2442 αὑτοῦ
1039 2389 1360 2457 μάχεσθαι.
1393 2388 1506 2442 Καὶ
1541 2389 1642 2441 σοι
1672 2387 1741 2440 δὲ
1767 2387 1848 2452 τῷ

281 2480 537 2546 φιλτάτω
563 2496 666 2548 μοι
687 2479 1042 2548 ἐπισκνήπτῳ
1067 2477 1176 2544 vlo")
1212 2479 1588 2550 (ἀποστρέψας
1617 2480 1709 2532 τὸν
1761 2480 1849 2533 λό-

285 2588 370 2637 γον
400 2571 538 2641 πρὸς
567 2572 655 2624 τὸν
689 2571 1026 2641 Βαῖμούντον
1056 2572 1126 2642 ⁸⁵)
1153 2571 1252 2626 διὰ
1290 2570 1464 2642 τιμῆς
1481 2571 1684 2640 πάσης
1706 2573 1849 2637 τοὺς

281 2665 537 2731 κόμητας
567 2664 755 2732 ἄγειν,
795 2665 898 2718 καὶ
926 2666 1297 2735 συμϐούλοις
1323 2667 1392 2719 ἐν
1417 2665 1466 2697 ⁸⁸
1492 2665 1681 2722 ἅπασι
1702 2666 1846 2735 χρή-

279 2763 518 2822 σασθαι,
549 2757 645 2810 καὶ
667 2757 755 2826 μὴ
788 2754 920 2811 οἷον
947 2758 1328 2813 ὲναυθεντεῖν
1349 2758 1485 2831 (22),
1511 2760 1672 2814 ἀλλὰ
1691 2759 1846 2814 πάνυ

284 2858 394 2894 των
419 2843 627 2908 αὐτοῖς
659 2844 993 2900 κοινωνεῖν.
1027 2846 1111 2900 Σὺ
1139 2846 1207 2900 δὲ
1225 2848 1365 2902 ἀλλ’
1405 2849 1513 2916 ὅρα
1555 2848 1640 2918 μὴ
1671 2866 1848 2904 κατα-

277 2935 564 3002 μελήσεις
593 2936 634 2967 ⁸⁷
665 2935 772 2989 τὸν
817 2937 970 2992 κατά
1004 2939 1109 2993 τοῦ
1164 2939 1472 3006 ,ϐασιλέως
1548 2940 1848 3010 Ῥωμαίων

281 3024 734 3094 ἀναπράξασθαι
785 3027 1075 3095 πόλεμον,
1127 3027 1266 3081 ἀλλ’
1299 3027 1368 3080 ἐν
1403 3029 1527 3092 ὅσῳ
1570 3029 1847 3097 μεγάλην

282 3108 460 3182 ἧτταν
498 3116 748 3184 ἡττήθη,
790 3117 886 3171 καὶ
920 3117 1137 3186 μικροῦ
1168 3118 1470 3188 μαχαίρας
1522 3121 1700 3190 ἔργον
1731 3122 1849 3191 ἐγε-

288 3207 458 3268 γόνει,
492 3205 592 3258 καὶ
624 3207 690 3259 τὸ
718 3206 879 3260 πολὺ
912 3205 1030 3260 τῶν
1059 3208 1247 3262 αὑτοῦ
1278 3210 1740 3280 στρατευμάτων
1767 3211 1847 3278 τῷ

286 3295 511 3364 πολέμῳ
542 3297 843 3365 ἀνήλωτο.
871 3299 977 3352 Καὶ
1004 3300 1138 3368 γὰρ,
1170 3289 1328 3370 φησὶ,
1378 3301 1476 3355 καὶ
1499 3302 1680 3374 ἐγγὺς
1697 3300 1846 3374 ἦλθε
1872 3326 1918 3386 C

288 3387 381 3439 τοῦ
419 3388 679 3458 (on-1223017
690 3407 800 3455 rat,
831 3391 928 3444 καὶ
967 3391 1037 3445 ἐκ
1063 3393 1271 3461 μέσων
1297 3393 1416 3447 τῶν
1441 3394 1657 3463 χειρῶν
1677 3395 1847 3465 ἡμῶν

289 3486 634 3547 τραυματίας
661 3481 868 3551 ᾤχετο.
909 3484 1005 3550 Μὴ
1042 3483 1295 3552 ἀνήσεις
1353 3485 1527 3552 ὅλως,
1585 3487 1665 3558 μή
1721 3503 1846 3554 πως

286 3570 536 3640 ἀνέσεως
571 3574 792 3642 τυχὼν,
855 3575 1135 3644 συλλέξῃ
1164 3577 1210 3608 ⁸⁸
1234 3581 1302 3632 τό
1327 3594 1388 3631 τε
1440 3578 1678 3648 πνεῦμα
1746 3581 1844 3634 καὶ

289 3667 689 3734 γενναιότερον
726 3667 764 3734 ἢ
804 3667 871 3721 τὸ
903 3669 1197 3736 πρότερον
1225 3669 1694 3741 ἀντικατασταίῃ
1722 3688 1842 3728 σοι.

293 3759 368 3808 Οὐ
393 3759 496 3827 τὰρ
541 3759 662 3814 τῶν
681 3762 1049 3828 τυχόντωνό
1073 3760 1248 3829 ἀνὴρ,
1301 3763 1440 3817 ἀλλ’
1506 3765 1574 3817 ἐκ
1625 3768 1845 3832 νηπίου

287 3845 352 3899 ἐν
383 3852 427 3881 ⁸³
455 3853 739 3920 πολέμοις
771 3851 869 3905 καὶ
889 3851 1110 3922 μάχαις
1135 3852 1470 3922 ἐντραφεὶς,
1522 3854 1730 3910 πᾶσάν
1784 3874 1848 3910 τε

287 3937 494 4004 τὴν-ἕω
537 3943 634 3995 καὶ
696 3942 811 4010 τὴν
861 3942 1132 4011 ἑσπέραν
1190 3944 1528 4012 ἐληλυθὼς,
1582 3947 1848 4012 ὁπόσους

288 4027 622 4098 ἀποστάτας
670 4032 797 4098 τοῖς
838 4033 1044 4101 πρώην
1097 4032 1530 4101 αὐτοκράτορσι
1597 4035 1848 4102 δορυθη-

282 4121 499 4188 ράτους
518 4125 786 4192 ἐποίησε,
820 4126 918 4178 καὶ
960 4126 1144 4191 αὐτὸς
1172 4125 1414 4190 πάντως
1471 4126 1540 4179 ἐκ
1602 4125 1850 4180 πολλῶν

291 4211 543 4280 ἀκούεις.
564 4217 634 4268 Ei
661 4216 812 4284 γοῦν
845 4216 1002 4282 ὅλως
1032 4216 1349 4284 ἁναπέσῃς
1413 4217 1514 4270 καὶ
1561 4218 1645 4286 μὴ
1722 4215 1850 4271 κατ’

291 4303 470 4356 αὑτοῦ
497 4306 776 4374 χωρήσῃς
801 4305 970 4374 πάσῃ
997 4306 1222 4376 γνώμῃ,
1258 4309 1468 4367 ,ὁπόσα
1511 4307 1630 4377 μὲν
1668 4308 1851 4386 αὐτος

290 4390 450 4460 ἔργα,
475 4399 672 4451 πολλὰ
723 4399 932 4468 καμὼν
989 4397 1197 4466 ἤνυσα
1264 4399 1497 4467 φροῦδα
1552 4400 1849 4467 ποιήσεις,

292 4485 468 4552 αὐτὸς
510 4489 576 4542 δὲ
638 4490 782 4556 τοὺς
841 4489 1115 4558 καρποὺς
1173 4489 1284 4558 τῆς
1349 4490 1500 4556 ιδίας
1550 4491 1849 4560 ῥᾳθυμίας

291 4574 747 4650 πάντωςδρέψῃ.
789 4583 964 4650 Κάγὼ
985 4583 1104 4652 μὲν
1146 4581 1264 4651 ἤδη
1305 4581 1506 4651 ἄπειμι
1557 4584 1849 4652 ἀγωνισά-

1948 2307 2012 2344 ac
2063 2291 2271 2346 insulas
2307 2302 2528 2348 cwteras
2566 2310 2682 2364 qua:
2733 2295 2856 2350 belli
2900 2274 3060 2366 huius
3118 2301 3348 2356 nondum
3395 2274 3517 2359 licet

1948 2383 2174 2451 patrati,
2203 2385 2358 2452 quasi
2394 2385 2686 2455 anticipata
2709 2389 2930 2455 pra'mia
2955 2389 3009 2442 in
3029 2390 3252 2460 pignora
3282 2395 3517 2465 reliquo-

1949 2490 2064 2527 rum
2092 2475 2210 2544 jam
2241 2477 2514 2540 habemus,
2551 2479 2810 2550 relinquo,
2839 2479 3054 2547 addico,
3087 2487 3513 2558 commendoque.

1951 2563 2104 2630 Quod
2137 2573 2192 2618 ut
2218 2581 2465 2634 prospere
2504 2567 2831 2640 feliciterque
2862 2571 3012 2625 cedat
3059 2588 3152 2628 oro
3185 2576 3516 2648 obtestorque

1948 2671 2059 2722 vos,
2093 2666 2151 2710 ut
2181 2674 2299 2712 eum
2333 2675 2434 2714 non
2474 2660 2582 2716 alio
2603 2661 2842 2717 habeatis
2874 2663 2987 2718 loco
3017 2681 3173 2735 quam
3198 2684 3280 2722 me
3305 2670 3518 2736 ipsum:

1947 2747 2025 2803 ita
2054 2757 2114 2802 ut
2147 2752 2283 2804 sicut
2315 2767 2411 2821 pro
2445 2768 2526 2806 nte
2551 2752 2866 2821 fccistis,sic
2900 2771 2995 2826 pro
3019 2757 3135 2825 ejus
3161 2774 3324 2814 causa
3351 2772 3508 2830 atque

1949 2841 2120 2909 capite
2151 2850 2258 2896 toto
2290 2845 2465 2897 animo
2499 2854 2709 2914 totoque
2756 2855 2968 2913 pectore
2997 2852 3341 2918 pugnandum
3369 2855 3512 2908 vobis

1948 2931 2298 2985 arbitremini.
2320 2931 2436 2986 Tibi
2456 2950 2591 2998 vero,
2614 2935 2696 3004 ﬁli
2727 2935 3064 3003 charissime,
3089 2941 3322 3008 projure
3355 2952 3513 3013 atque

1950 3021 2144 3089 aﬂ'ectu
2196 3024 2373 3089 patrio
2427 3025 2624 3094 impero
2689 3026 2847 3095 132
2907 3033 3318 3100 commendoque
3371 3033 3513 3104 (haec

1949 3113 2136 3169 dicens
2164 3115 2371 3168 vultum
2411 3125 2462 3168 et
2490 3117 2792 3171 orationem
2826 3119 2890 3172 ad
2929 3118 3289 3176 Balmundum
3327 3126 3513 3195 vertit)

1949 3213 2005 3257 ut
2041 3208 2186 3258 omni
2215 3207 2430 3260 honoris
2483 3215 2639 3276 atque
2671 3206 3020 3261 obseruantia:
3054 3226 3239 3279 genere
3284 3228 3386 3282 quo
3414 3231 3518 3283 par

1948 3305 2047 3361 est,
2085 3297 2300 3351 comites
2330 3298 2692 3366 prosequaris,
2734 3298 3076 3369 consiliisque
3109 3301 3352 3369 ipsorum
3391 3315 3517 3359 tan-

1952 3396 2060 3440 tum
2085 3387 2310 3452 tribuas,
2341 3397 2396 3440 ut
2427 3388 2556 3441 nihil
2579 3388 2735 3458 plane
2763 3405 2936 3444 rerum
2957 3394 3104 3460 prius
3126 3410 3304 3465 gerere
3333 3413 3520 3468 aggre-

1947 3479 2118 3532 diaris
2164 3495 2323 3549 quam
2368 3495 2549 3534 eorum
2609 3483 2922 3536 sententiam
2971 3485 3316 3556 exquisieris;
3361 3505 3518 3557 quam

1945 3573 2155 3643 quidem
2179 3575 2315 3628 tanti
2336 3573 2477 3642 apud
2503 3583 2548 3628 te
2576 3578 2826 3630 momenti
2847 3593 2958 3632 esse
2988 3579 3121 3645 uolo,
3156 3587 3211 3632 ut
3242 3596 3514 3650 nunquam

1948 3667 1995 3719 ei
2031 3667 2288 3733 priuatam
2332 3679 2480 3720 tuam
2527 3669 2866 3734 quantumuis
2899 3685 2964 3722 ea
2995 3669 3090 3722 tibi
3118 3670 3256 3723 scita
3286 3671 3518 3726 callidu-

1948 3775 2045 3829 que
2079 3759 2337 3822 uideatur,
2369 3759 2760 3828 praeferendam
2792 3770 2965 3828 putes.
3012 3759 3288 3831 Prwcipue
3338 3774 3516 3819 autem

1947 3865 2060 3920 pm
2096 3851 2300 3904 cteteris
2342 3851 2584 3903 omnibus
2616 3851 2778 3904 etiam
2810 3860 2968 3919 atque
2997 3854 3157 3906 etiam
3204 3856 3397 3909 mando
3425 3857 3519 3910 tibi

1950 3940 2253 3994 Romanum
2285 3939 2508 3994 bellum.
2557 3939 2626 3993 Et
2657 3943 2770 3995 vide
2809 3958 2873 3995 ne
2902 3942 3050 3996 nulla
3096 3959 3329 4014 unquam
3361 3947 3519 4015 hujus

1951 4032 2048 4085 tibi
2079 4048 2220 4086 cura:
2255 4033 2494 4086 remissio
2519 4032 2784 4102 subrepat.
2818 4032 2883 4086 In
2920 4033 3242 4100 Romanum,
3276 4038 3517 4107 inquam,

1952 4124 2167 4190 bellum,
2217 4125 2319 4194 fili,
2346 4125 2464 4194 jam
2495 4141 2527 4177 a
2562 4124 2714 4179 nobis
2764 4126 3033 4194 affectum,
3091 4135 3147 4180 tu
3198 4129 3522 4196 patrandum

1952 4216 2212 4270 incumbe.
2253 4214 2352 4269 Res
2387 4214 2483 4268 tibi
2515 4215 2726 4285 reliqua
2755 4225 2828 4269 est
2846 4231 2962 4269 cum
2987 4215 3304 4284 imperatore
3333 4234 3523 4289 magno

1951 4306 2139 4374 pra’lio
2168 4307 2327 4370 victo,
2363 4306 2427 4359 ab
2474 4306 2675 4377 ingenti
2724 4305 2877 4360 clade
2905 4307 2992 4359 vix
3027 4307 3285 4362 incolumi
3317 4309 3522 4379 elapso.

1953 4399 2058 4465 Qui
2087 4399 2184 4452 hoc
2214 4400 2386 4468 ipsum
2415 4399 2472 4450 in
2501 4398 2648 4452 lucro
2675 4401 2870 4468 posuit,
2893 4397 3033 4462 quod
3059 4403 3210 4456 ctesis
3241 4399 3528 4472 deletisque

1951 4493 2216 4563 plerisque
2247 4491 2490 4544 omnibus
2523 4491 2634 4544 suis
2665 4493 2852 4560 copiis,
2881 4493 2990 4562 ipse
3021 4509 3157 4547 unus
3183 4501 3391 4548 tantum
3421 4511 3527 4548 non

1953 4583 2180 4644 occisus,
2218 4590 2423 4633 tantum
2454 4596 2559 4633 non
2590 4589 2800 4649 captus,
2831 4598 2858 4634 e
2887 4583 3131 4636 monibus
3165 4585 3360 4638 nostris
3403 4598 3529 4638 eva-

288 4681 486 4735 μενος,
512 4674 613 4726 τὸν
640 4672 806 4741 ρἦα
836 4673 951 4741 τῆς
982 4672 1298 4742 ἡμεδαπῆς
1327 4674 1374 4705 ⁸ο
1403 4675 1709 4730 ἀπελάσαι
1738 4673 1850 4742 χώ-

1954 4675 2104 4728 serit.
2165 4670 2242 4725 Tu
2298 4687 2360 4725 ne
2435 4679 2559 4738 vim,
2608 4687 2671 4726 ne
2704 4672 2952 4739 impetum
3009 4676 3285 4740 remittas;
3351 4674 3528 4737 insta;

281 4772 394 4823 ρας
420 4763 509 4815 καὶ
541 4765 691 4818 οὕτω
720 4767 830 4818 τὸν
853 4765 1150 4833 φίλτατόν
1168 4781 1271 4833 μοι
1305 4764 1588 4835 Ῥογέρην
1613 4765 1714 4818 ἐπὶ
1742 4764 1851 4833 τῆς

1958 4760 2196 4816 incumbe
2227 4761 2284 4814 in
2326 4776 2640 4815 concussum
2669 4762 2865 4825 semel;
2905 4762 3042 4816 illud
3090 4774 3352 4828 metuens,
3389 4779 3452 4816 ne
3483 4765 3528 4815 is

286 4846 558 4922 δοθείσης
578 4855 740 4922 αὐτῷ
776 4855 1067 4921 ἐξουσίας
1099 4857 1370 4925 ἑδράσαι.

1959 4851 2245 4924 colligendi
2271 4853 2357 4906 sui
2401 4854 2632 4922 spatium
2679 4868 2772 4922 per
2805 4863 2853 4908 te
2879 4865 3088 4920 nactus,
3128 4855 3529 4922 formidolosior

282 4949 473 5002 existat
511 4953 652 5008 ultor
685 4964 919 5022 accepta:
948 4955 1142 5019 cladis,
1182 4955 1515 5024 majoresq-ue
1542 4971 1604 5008 ac
1633 4952 2036 5008 vehementiores
2075 4952 2188 5020 ipso
2218 4948 2402 5003 dolore
2434 4965 2495 5001 ac
2525 4963 2680 5001 sensu
2748 4949 3051 5035 ignominia:
3116 4948 3171 4999 in
3229 4963 3324 5000 nos
3367 4945 3529 5013 spiri-

279 5041 366 5093 tus
397 5045 620 5115 colligat.
655 5047 782 5103 Non
818 5057 894 5102 est
931 5048 999 5109 is,
1029 5048 1157 5100 mihi
1185 5048 1355 5112 crede,
1389 5048 1452 5101 de
1484 5047 1637 5117 uulgo
1673 5047 1890 5117 aliquis,
1931 5054 1982 5100 et
2013 5059 2165 5114 quem
2203 5043 2416 5110 impune
2475 5041 2646 5109 possis
2694 5051 3048 5094 contemnere.
3083 5038 3253 5092 Homo
3287 5053 3321 5091 a
3368 5051 3530 5105 puero

274 5127 332 5180 in
363 5132 508 5189 bellis
533 5139 839 5208 praliisque
875 5139 1132 5202 nutritus,
1167 5141 1259 5207 qui
1294 5135 1558 5192 Orientem
1590 5138 2032 5207 Occidentemque
2073 5134 2306 5189 victoriis
2359 5130 2736 5202 peragrarerit.
2789 5129 3048 5183 Audiviin
3102 5130 3318 5182 omnino
3371 5143 3530 5196 quam

1343 5252 1547 5314 Variae
1592 5253 1900 5315 lectiones
1945 5267 2023 5313 ex
2061 5248 2202 5310 cod.
2237 5245 2506 5306 Coislin.

348 5356 394 5386 "
443 5357 628 5428 Ἀδάμ.
707 5359 754 5428 ξ’
777 5356 948 5428 ὑμᾶς.
980 5426 998 5428 Ἀ
1025 5355 1074 5388 ⁸³
1101 5355 1339 5428 τουτωί.-
1400 5355 1447 5428 ξι
1479 5356 1916 5428 παρεγγυῷμαι.
1993 5352 2040 5385 ⁸⁸
2077 5346 2433 5417 Βαῖμοῦνδον.
2495 5343 2544 5378 ⁸⁸
2573 5343 2736 5399 Deest
2764 5345 2956 5398 vocula
2984 5344 3064 5398 ἐν.
3138 5343 3187 5375 ⁶’
3218 5342 3530 5414 καταμελή-

280 5441 410 5498 σῃς.
482 5429 526 5460 ³⁸
548 5423 829 5494 συλλέξαι.
900 5426 946 5457 ⁸⁸
977 5426 1140 5480 Deest
1179 5423 1375 5479 vocula
1403 5425 1482 5478 ἐν.
1559 5423 1604 5456 ⁸ο
1633 5424 1944 5494 ἡμεδαπῆς.

1344 5516 1486 5580 Car.
1509 5516 1843 5579 Dufresnii
1875 5516 1971 5575 Du
2005 5508 2227 5586 Cangii
2263 5516 2453 5569 notua.

356 5621 475 5693 (2‘2)
515 5621 945 5678 Ἐναυθεντεῒν.
975 5618 1305 5689 Hesychius,
1337 5617 1629 5673 Δύθεντετν
1648 5657 1663 5682 ,
1698 5616 1852 5681 ἔξου-

287 5691 517 5764 σξάξειν.
549 5693 888 5764 Phrynichus
915 5729 932 5754 ,
972 5691 1250 5764 ᾼρθέντης
1265 5689 1413 5764 ,ἡέςιὶ
1441 5689 1534 5742 τοῦ
1562 5689 1850 5764 δεσπότου,

1962 5611 2116 5668 vocis
2149 5608 2428 5664 notatione
2473 5605 2680 5660 habent
2709 5608 2974 5670 praeterea
3022 5603 3290 5660 Meursius
3319 5611 3374 5658 et
3421 5603 3531 5658 Fa-

1961 5683 2178 5764 bruntus,
2209 5683 2264 5764 in
2291 5677 2467 5764 Gloss.
2502 5672 2860 5764 ctuhllstius,‘
2878 5673 2975 5764 lii);
3006 5675 3146 5764 {Del
3172 5674 3320 5731 Eccl.
3342 5673 3529 5731 Occid.

290 5757 346 5806 at
975 5743 1245 5830 ῥήτορεςί-
1265 5743 1397 5812 Vide
1435 5774 1556 5830 quae
1591 5759 1658 5814 de
1687 5743 1852 5828 hujus

1959 5761 2009 5807 et
2036 5749 2240 5807 Orient.
2264 5755 2461 5818 perpet.
2490 5758 2730 5800 conscns.
2764 5756 2884 5813 cap.
2909 5743 3001 5812 2|,
3030 5759 3087 5800 n.
3116 5745 3174 5801 4.

605 5857 873 5918 ΡΑτιιοι..
917 5856 1030 5916 Gn.
1079 5850 1357 5914 CXXXI.

3130 5837 3202 5898 13
