4022 6270
224 356 317 425 ’Ὦῖ

1493 360 1911 421 ALEXIADIS
1940 361 2090 421 LIB.
2117 360 2187 421 ν.

3380 357 3486 423 398

242 464 368 529 Οὗτος
427 463 535 534 μὲν
619 463 713 520 οἷον
765 464 942 536 εἴχετο
1009 467 1109 536 τῆς
1167 464 1303 535 πρ“ις
1372 465 1439 519 τὰ
1496 466 1637 519 οἴκοι
1702 486 1784 535 φε-

1906 471 2113 524 sultum
2172 466 2427 533 credidit,
2485 482 2695 539 magnae
2737 466 2816 522 rei
2877 466 3052 522 aleam
3107 465 3201 522 tali
3238 476 3485 540 tempore

245 559 431 630 ρούσης.
503 558 563 611 '0
615 557 677 610 δὲ
746 557 1104 629 Ῥομπέρτος,
1138 558 1354 627 φθάσας
1420 561 1500 623 εἰς
1558 562 1659 630 τὴν
1704 561 1797 615 τοῦ

241 653 375 723 ρητδξ
424 650 817 722 παρεμϐολὴν,
845 652 1009 714 αὐτὸς
1037 652 1135 721 μὲν
1175 652 1515 722 προσωτέρω
1564 654 1792 707 διώκειν

238 746 319 797 οὐκ
340 744 557 815 ἢθελεν,
585 744 901 815 ἀπόμοιραν
931 744 988 797 δὲ
1016 743 1211 814 ἱκανὴν
1231 745 1341 797 τῶν
1365 745 1535 798 αὐτοῦ
1587 747 1804 815 ταγμά-

238 854 328 891 των
350 836 564 899 διελὼν,
629 836 854 889 διώκειν
911 837 1004 891 τὸν
1075 837 1415 907 Ἀλαμανίας
1454 840 1502 871 ⁸⁸
1534 840 1805 909 προύτρέπ-

234 926 350 996 tivam
376 929 443 981 ".
469 927 649 988 Αὐτὸς
689 927 747 980 δέ
809 926 909 998 τὴν
951 927 1102 981 λείαν
1159 931 1343 982 πᾶσαν
1393 930 1800 1000 ἀναλαὸὀμενος

234 1020 350 1088 μετά
373 1019 469 1071 τοῦ
498 1020 681 1083 πάπα,
706 1019 845 1090 πρὸς
895 1020 1120 1091 Ῥώμην
1138 1020 1458 1083 ἀπένευσεν,
1485 1022 1579 1073 καὶ
1608 1020 1798 1073 τοῦτον

228 1111 307 1163 ἐπὶ
332 1109 422 1163 τοῦ
452 1110 588 1163 ἰδίου
630 1110 826 1183 θρόνου
881 1110 1111 1174 καθίσας
1162 1112 1229 1176 ⁸⁸,
1296 1111 1575 1182 εὐφημίας
1639 1106 1798 1174 αὖθις

228 1201 338 1271 παρ’
375 1204 585 1255 ἐκεῖνον
609 1203 653 1234 ⁸⁷
688 1203 969 1273 τυγχάνει,
1001 1202 1237 1258 κᾶπειτα
1274 1202 1413 1270 πρὸς
1465 1201 1526 1254 τὸ
1553 1200 1798 1271 Σαλερη-

227 1296 304 1347 νὺν
328 1297 718 1366 ἐπανέρχεται,
777 1298 875 1366 τῆς
924 1298 989 1349 ἐκ
1020 1296 1130 1349 τῶν
1172 1294 1385 1349 πολλῶν
1411 1294 1459 1327 ’⁸
1506 1294 1724 1365 μόχθων
1751 1294 1798 1326 ⁹⁹

228 1389 576 1451 κακοπαθείας
596 1390 799 1441 ἐαυτὸν
827 1389 1295 1458 ἀνακτησάμενος.

1897 565 2107 634 jacere,
2139 561 2295 616 nullo
2331 562 2531 617 id'oneo
2565 562 2682 631 spei
2734 561 2959 631 pignore
3006 569 3102 616 aut
3145 576 3326 631 operae
3358 578 3488 633 pro»

1902 656 2083 727 posito
2137 654 2335 724 pretio.
2393 654 2605 725 Magnis
2654 654 2821 725 igitur
2871 654 3166 710 itineribus
3221 662 3372 709 retro
3423 655 3482 710 in

1905 746 2141 813 patriam
2195 744 2502 809 contendit,
2560 744 2615 797 in
2670 744 2921 799 victoriae
2974 753 3131 815 parte
3187 759 3484 801 numerans

1908 836 2120 892 salvum
2173 845 2343 904 atque
2395 836 2677 891 incolume
2726 842 3014 904 reportare
3065 836 3289 890 domum
3320 848 3485 907 caput

1910 942 2096 981 suum.
2146 927 2217 980 At
2256 926 2534 983 Robertus
2584 928 2676 982 ubi
2736 937 2919 983 castra
2976 927 3123 997 regis
3165 928 3481 998 occupavit,

1904 1019 2117 1087 insequi
2151 1019 2268 1089 ipse
2297 1020 2519 1089 quidem
2572 1019 2875 1091 fugientem
2907 1023 3043 1075 tanti
3093 1037 3201 1076 non
3234 1022 3482 1092 putavit;

1905 1116 2167 1163 cazterum
2202 1107 2429 1162 delectis
2465 1123 2528 1162 ex
2566 1118 2682 1163 toto
2730 1111 2976 1165 exercitu
3011 1110 3186 1179 cupitis
3219 1126 3285 1166 eo
3316 1126 3483 1179 nego-

1903 1200 1981 1255 tio
2009 1201 2161 1265 dato,
2216 1207 2277 1254 ut
2321 1202 2551 1271 vestigia
2589 1202 2843 1257 Alamani
2883 1211 3109 1258 strenue
3146 1211 3482 1275 premerent,

1905 1293 2026 1363 ipse
2058 1292 2242 1363 praeda
2273 1295 2484 1364 potitus
2530 1295 2683 1349 omni
2734 1294 2966 1351 Romam
3000 1311 3199 1353 versus
3249 1296 3353 1351 iter
3392 1296 3478 1350 in-

1903 1386 2104 1450 tendit,
2135 1401 2243 1440 una
2275 1402 2402 1441 cum
2452 1403 2614 1458 papa,
2656 1403 2818 1459 quem
2846 1405 2973 1444 cum
3025 1390 3139 1445 illic
3190 1390 3246 1444 in
3279 1392 3484 1445 throno

224 1480 423 1549 proprio
453 1479 753 1543 ﬁrmasset,
793 1480 1036 1534 vicissim
1090 1480 1157 1533 ab
1196 1496 1261 1536 eo
1309 1480 1510 1535 iterum
1543 1496 1640 1536 rex
1693 1480 2026 1550 appellatus,
2079 1478 2372 1534 Salernum
2443 1495 2504 1535 se
2541 1484 2772 1552 recepit,
2843 1483 2921 1539 ibi
3005 1500 3075 1540 ex
3160 1484 3484 1556 fatigatione

221 1586 291 1631 tot
325 1572 586 1627 bellorum
622 1571 839 1625 modica
888 1587 1012 1626 sese
1042 1572 1228 1642 quiete
1259 1572 1597 1629 refecturus.

278 1668 404 1725 Μετ’
445 1668 505 1719 οὐ
537 1666 674 1719 πολὺ
695 1665 751 1717 δὲ
785 1666 1197 1733 καταλαμϐάνει
1231 1666 1424 1719 τοῦτον
1458 1667 1487 1719 ό
1516 1664 1790 1737 Βαῖμοῦν-

221 1782 301 1826 τος
339 1765 379 1824 ¹,
411 1761 507 1830 τὴν
543 1759 809 1827 ἀγγελίαν
865 1759 966 1828 τῆς
1022 1759 1414 1829 ἐπισυμὸάσης
1470 1755 1622 1829 αὐτῷ
1682 1758 1781 1828 ﬁt-

219 1871 305 1923 της
331 1851 441 1923 (ἓὸ)
474 1854 567 1903 ἐπὶ
598 1851 689 1902 τοῦ
725 1848 1021 1919 προσώπου
1061 1853 1267 1920 φέρων.
1321 1851 1517 1913 Ὅπως
1561 1850 1617 1903 δὲ
1662 1848 1785 1914 ξυν-

220 1948 369 2001 έπεσε
395 1945 465 1997 τὰ
487 1944 585 2013 τῆς
620 1942 791 2012 τύχης
827 1942 976 2012 αὐτῷ
1008 1944 1036 1994 ό
1064 1942 1223 2010 λόγος
1255 1940 1359 2011 ἠδη
1384 1939 1635 2011 δηλώσει.
1674 1939 1785 1993 Καὶ

220 2039 313 2108 γὰρ
340 2037 449 2090 τῶν
494 2035 711 2089 ἐκείνου
752 2035 1107 2105 μεμνημένος
1148 2033 1655 2103 παραγγελμάτων,
1688 2032 1786 2087 καὶ

221 2130 377 2189 ἄλλως
408 2126 465 2179 δέ
492 2126 784 2197 ἀρηΐφιλος
819 2124 895 2178 ῶν
933 2126 1075 2196 ἀνὴρ
1125 2126 1219 2179 καὶ
1251 2125 1782 2194 φιλοκινδυνότατος,

220 2220 371 2287 ἀτρὶξ
420 2219 564 2271 κατὰ
613 2218 708 2269 τοῦ
758 2216 1031 2286 βασιλέως
1075 2217 1254 2288 μάχης
1311 2218 1511 2287 εἴχετο.
1547 2218 1659 2270 Καὶ
1686 2216 1787 2280 τὰς

225 2312 341 2371 ιδίας
374 2310 635 2377 δυνάμεις
666 2309 1103 2379 ἀναλαϐόμενος,
1132 2308 1615 2378 συνεφεπομένους
1645 2307 1785 2377 ἔχων

222 2402 304 2454 καὶ
343 2403 528 2455 ὁπόσοι
570 2398 1021 2470 ἐλλογιμώτεροι,
1072 2401 1166 2452 καὶ
1209 2400 1442 2469 λογάδες
1494 2398 1785 2468 Ῥωμαίων

223 2493 533 2562 στρατιῶται
560 2492 655 2544 καὶ
680 2490 951 2560 ἡγεμόνες
980 2491 1089 2543 τῶν
1116 2490 1269 2561 παρὰ
1297 2488 1390 2541 τοῦ
1439 2487 1781 2560 Ῥομπὲρτου

224 2578 643 2646 κατασχεθεισῶν
691 2579 887 2648 χωρῶν
956 2579 1054 2630 καὶ
1123 2578 1332 2631 πόλεων
1383 2577 1787 2645 (ἀπεγνωκότες
1832 2600 1837 2607 ν

226 2671 319 2739 γὰρ
350 2670 601 2734 καθάπαξ
646 2670 741 2721 τοῦ
792 2670 1228 2739 αὑτακράτορος,
1262 2668 1373 2723 ὅλοι
1412 2669 1513 2738 τῆς
1538 2669 1634 2722 τοῦ
1658 2670 1787 2724 Βαῖ-

232 2761 437 2829 μούντου
476 2765 496 2794 ³
545 2760 806 2830 γεγόνασι
840 2761 860 2791 ³
895 2760 1170 2831 γνώμης),
1219 2761 1636 2828 καταλαμϐάνει
1696 2762 1785 2815 διὰ

230 2851 308 2919 τῆς
332 2853 660 2923 Βαγενητίας
686 2853 757 2904 τὰ
794 2852 1091 2917 ’ῐωάννινα,
1121 2851 1213 2904 καὶ
1244 2851 1454 2922 τάφρον
1482 2852 1628 2905 κατὰ
1659 2853 1785 2917 τοὺς

232 2941 406 3006 ίξωθεν
440 2943 827 3013 διακειμένους
861 2944 881 2974 ⁸
931 2943 1266 3013 ἀμπελῶνας
1316 2944 1556 3013 ποιήσας
1598 2946 1788 3015 πρότε·

232 3048 328 3099 ρον,
352 3035 458 3103 ἅμα
485 3036 541 3086 δὲ
568 3035 666 3088 καὶ
705 3036 768 3086 τὸ
802 3035 1099 3103 ὁπλητικδν
1131 3034 1153 3066 ⁵
1180 3034 1328 3088 ᾶπαν
1367 3037 1425 3088 ἐν
1468 3036 1784 3104 ἐπικαίροις

230 3124 400 3188 τόποις
440 3127 841 3196 καταθέμενος,
878 3127 1043 3189 αὐτὸς
1077 3127 1226 3189 ἐντὸς
1268 3125 1369 3189 τὰς
1434 3128 1644 3198 σκηνὰς
1682 3131 1783 3182 ἐπ-

1970 1657 2090 1715 Non
2126 1659 2349 1731 longum
2399 1660 2526 1717 inde
2568 1671 2808 1730 tempus,
2857 1676 2984 1718 cum
3038 1666 3183 1735 patri
3232 1682 3291 1723 se
3340 1668 3484 1725 sistit

1898 1752 2265 1820 Baimundus,
2306 1753 2506 1809 indicia
2544 1769 2807 1809 sucessus
2848 1755 3175 1827 improsperi
3239 1760 3295 1814 in
3327 1762 3484 1832 deje~

1892 1845 1967 1899 cti
2008 1848 2193 1901 vultus
2223 1845 2486 1901 mmstitia
2516 1846 2695 1915 palam
2743 1845 2946 1902 ferens.
2986 1847 3096 1902 Res
3150 1849 3270 1918 ejus
3314 1862 3374 1906 ut
3423 1868 3485 1909 se

1890 1937 2204 2002 habuerint,
2248 1949 2466 2005 quaque
2532 1934 2748 1989 fortuna
2797 1934 2996 1989 bellum
3033 1940 3287 2006 gesserit,
3324 1940 3484 1996 dein-

1886 2045 2017 2100 ceps
2054 2029 2425 2083 narrabimus.
2465 2027 2714 2082 Relictus
2747 2027 2801 2081 in
2833 2027 3051 2099 Illyrico
3080 2026 3233 2084 ferox
3261 2031 3484 2098 juvenis

1886 2136 1996 2175 non
2044 2120 2215 2190 magis
2268 2118 2439 2190 patris
2495 2119 2774 2174 mandatis
2804 2135 2967 2189 quam
3005 2121 3229 2191 proprio
3267 2123 3475 2193 impetu

1887 2214 1941 2267 in
1976 2214 2321 2267 occasionem
2378 2211 2705 2266 conserendi
2751 2225 2874 2264 cum
2928 2198 3265 2281 imperatore
3307 2213 3479 2284 prarlij

1889 2317 2048 2363 totus
2094 2305 2444 2359 imminebat.
2477 2302 2617 2373 Ergo
2642 2302 2939 2372 assumptis
2984 2317 3168 2358 secum
3208 2313 3323 2358 tum
3363 2306 3480 2362 suis

1886 2400 2083 2469 copiis,
2122 2409 2234 2452 tum
2270 2396 2536 2450 Romanis
2559 2394 2879 2463 transfugis,
2907 2393 3026 2464 qui,
3058 2398 3348 2464 desperata
3379 2397 3479 2450 im.

1888 2493 2163 2563 peratoris
2203 2490 2449 2555 fortuna,
2477 2494 2741 2543 victorem
2775 2490 2971 2554 secuti,
3010 2504 3117 2543 non
3145 2489 3341 2559 plebeii
3372 2504 3481 2543 so-

1887 2585 2021 2649 lum,
2063 2582 2157 2639 sed
2190 2582 2290 2637 viri
2345 2582 2510 2635 etiam
2562 2580 2803 2650 insignes
2867 2594 3065 2647 magno
3122 2595 3353 2636 numero
3390 2581 3479 2659 1ad

1890 2673 2255 2728 Baimundum
2280 2681 2661 2727 accesserant:
2688 2673 2886 2737 quibus
2912 2672 3246 2741 adiungendi
3288 2672 3482 2743 praere-

1887 2766 1957 2819 c'i
1986 2765 2203 2821 urbium
2242 2779 2306 2817 ae
2340 2764 2624 2834 regionum
2653 2780 2775 2833 qua:
2809 2778 2983 2833 nuper
3013 2763 3209 2818 ditioni
3248 2765 3476 2820 Roberti

1886 2854 2156 2922 sitbjectze
2207 2852 2462 2915 fuerant,
2495 2869 2615 2905 cum
2673 2852 2757 2905 bis
2788 2852 3047 2906 omnibus
3086 2868 3181 2923 per
3229 2851 3477 2922 Bagcne-

1890 2946 2015 3000 liam
2049 2944 2331 3015 profectus
2358 2943 2633 2998 Joannina
2664 2943 2860 3006 tenuit,
2887 2944 2975 2997 ubi
3005 2944 3323 3013 adjacentes
3351 2944 3475 2999 loco

1887 3040 2077 3091 vineas
2137 3035 2287 3092 fossa
2343 3037 2579 3105 primum
2610 3036 3010 3100 circumdedit,
3060 3037 3476 3105 exercitumque

1890 3130 2202 3183 universum
2236 3128 2449 3189 idoneis
2482 3127 2751 3195 disposuit
2788 3127 3142 3181 stationibus.
3177 3126 3316 3180 Tum
3352 3130 3473 3197 ipse

228 3214 370 3279 ἰξατο
398 3218 435 3269 ⁸.
457 3219 537 3270 Τὰ
570 3219 627 3273 δὲ
672 3219 829 3289 τείχη
869 3219 1269 3288 περιαθρήσας,
1302 3219 1395 3271 καὶ
1429 3220 1525 3291 τὴν
1552 3220 1645 3273 τοῦ
1680 3222 1779 3274 κά-

1892 3220 2249 3276 tahernacula
2302 3220 2453 3274 intus
2508 3219 2659 3284 ﬁxit;
2720 3218 3130 3287 exploratisque
3186 3218 3359 3274 muris
3414 3227 3471 3273 et

230 3321 375 3375 στρου
406 3310 695 3378 ἀκρόπτολιν
747 3310 1025 3377 ἐπισφαλῆ
1071 3309 1349 3376 διαγνοὺς,
1376 3311 1437 3362 οὐ
1486 3312 1649 3380 μόνον
1678 3311 1779 3364 αὖ·

222 3394 309 3463 τὴν
354 3399 606 3469 ἀνορθοῦν
656 3400 734 3464 ῶς
772 3401 892 3453 ἐνὸν
930 3401 1210 3471 ἠπείγετο,
1255 3402 1394 3456 ἀλλὰ
1440 3390 1536 3456 καὶ
1585 3403 1782 3471 ἑτέραν

222 3485 274 3535 ἐν
300 3487 433 3559 ἄλλῳ
460 3493 613 3561 μέρει
638 3492 751 3543 τῶν
780 3490 1000 3559 τειχῶν,
1023 3486 1085 3546 οὗ
1118 3493 1322 3558 μᾶλλον
1352 3492 1504 3563 αὑτῷ
1536 3496 1781 3547 συνοῖσον

217 3576 439 3647 δέδοκτο,
466 3584 815 3653 ἐρυμοτάτην
847 3583 865 3613 ⁷
907 3584 1271 3654 ἀνῳκοδόμει,
1298 3584 1623 3655 ληϊζόμενος
1654 3585 1773 3655 ἅμα

212 3670 300 3720 καὶ
344 3674 441 3735 τὰς
501 3677 897 3745 περικειμένας
949 3677 1136 3740 πόλεις
1187 3678 1282 3731 καὶ
1334 3679 1541 3747 χώρας.
1588 3676 1779 3731 Ταῦτα

210 3763 542 3831 μεμαθηκὼς
592 3768 619 3818 ὁ
659 3768 1047 3837 αὐτοκράτωρ,
1083 3767 1249 3830 εὐθὺς
1300 3770 1467 3840 μηδὲν
1503 3770 1780 3840 μελλήσας

199 3849 362 3916 ὅλως,
396 3859 490 3917 τὰς
534 3858 794 3928 δυνάμεις
835 3861 1057 3923 ἁπάσας
1115 3862 1441 3929 συναγαγὼν
1472 3864 1573 3930 τῆς
1619 3864 1779 3914 Κωνο

200 3946 485 3998 σταντίνου
506 3948 722 4010 πόλεως
738 3949 978 4012 σπεύσας
1008 3951 1175 4014 ἔξεισι
1208 3953 1356 4020 μῆνα
1380 3952 1400 3983 ⁸
1444 3953 1620 4005 Μάῖον
1636 3951 1778 4023 (26).

195 4027 506 4102 Τοιγαροῦν
540 4039 609 4091 τά
644 4039 927 4092 Ἰωάννινα
951 4041 1305 4106 καταλαϐὼν,
1339 4042 1462 4093 ἐπεὶ
1487 4041 1515 4092 ὁ
1539 4042 1632 4093 τοῦ
1680 4058 1780 4094 που

188 4120 370 4186 ὶέμου
410 4130 622 4197 καὶτῆς
651 4131 834 4199 μάχης
873 4131 1064 4199 καιρὸς
1106 4132 1205 4202 ἤδη
1242 4132 1427 4200 παρῆν
1469 4132 1579 4184 τά⁹
1602 4133 1780 4184 οίκεῖα

185 4218 613 4286 στρατεύματα,
654 4222 791 4289 μηδέ
820 4222 882 4272 τὸ
909 4222 1199 4275 πολλοστὸν
1231 4223 1324 4275 τοῦ
1358 4222 1699 4292 Βαῖμούντου
1730 4224 1772 4256 ¹⁰

181 4302 487 4375 δυνάμεων
528 4313 660 4366 ὄντα
718 4314 1024 4379 κατανοῶν,
1076 4315 1174 4367 καλ⁵
1214 4315 1388 4378 ἄλλως
1433 4316 1490 4368 δὲ
1539 4316 1649 4368 ἀπὸ
1679 4317 1779 4384 τῆς

177 4397 287 4449 τοῦ
333 4400 678 4473 Ῥομπέρτου
730 4407 1202 4476 προηγησαμένης
1257 4409 1459 4476 μάχης,
1494 4399 1778 4475 γινώσκων

176 4493 290 4553 τὴν
326 4495 555 4564 πρώτην
591 4499 733 4550 κατὰ
767 4498 874 4549 τῶν
898 4498 1157 4550 ἐναντίων
1186 4499 1459 4552 ἱππασίαν
1487 4499 1595 4551 τῶν
1626 4499 1770 4551 Κελ-

1885 3314 2050 3367 castri
2096 3326 2223 3365 arce
2273 3326 2464 3379 parum
2523 3311 2680 3365 ﬁrma
2726 3325 2788 3364 ac
2825 3311 3112 3374 semiruta,
3159 3325 3266 3364 non
3307 3312 3472 3367 modo

1886 3406 2174 3459 restituere
2233 3403 2379 3456 illam
2421 3403 2569 3456 omni
2604 3417 2710 3473 ope
2742 3410 2969 3458 conatus
3023 3410 3133 3468 est,
3170 3402 3263 3457 sed
3308 3404 3472 3458 aliam

1885 3511 2101 3565 quoque
2144 3495 2195 3549 in
2227 3497 2398 3550 altera
2456 3510 2739 3549 murorum
2796 3503 2973 3565 parte,
3024 3495 3145 3549 loco
3180 3496 3247 3548 ad
3284 3495 3337 3548 id
3370 3496 3503 3564 ipsi,

1882 3588 2000 3642 viso
2034 3586 2352 3654 commodo,
2386 3587 2761 3642 ﬁrmissimam
2798 3588 3120 3651 agtiiﬁcavit;
3163 3588 3327 3639 simul
3360 3588 3475 3640 cir-

1883 3677 2254 3745 cumjacentes
2279 3676 2442 3730 urbes
2470 3684 2522 3729 et
2543 3677 2792 3743 regiones
2811 3675 3047 3727 assiduis
3074 3675 3221 3728 illinc
3252 3675 3473 3730 emissis

1885 3769 2297 3824 incursionibus
2336 3768 2702 3838 praedatorum
2744 3777 2990 3819 vastans.
3036 3766 3129 3819 His
3170 3766 3470 3834 imperator

1883 3861 2089 3915 auditis
2123 3859 2415 3913 confestim
2451 3871 2663 3910 summa
2705 3855 2989 3924 diligentia
3024 3857 3267 3911 collectis
3292 3859 3468 3928 copiis

1884 3950 2368 4020 Constantinopoli
2402 3950 2643 4018 erumpit
2677 3963 2866 4002 mense
2914 3948 3092 4002 Maio:
3147 3950 3368 4018 citoque
3398 3950 3467 4004 ad

1880 4043 2152 4098 Joannina
2190 4041 2463 4110 perlatus,
2505 4052 2629 4091 cum
2654 4036 2827 4092 hostis
2857 4053 3049 4107 pugna:
3080 4038 3291 4107 copiam
3325 4038 3466 4093 aifa-

1882 4136 1977 4187 tim
2008 4134 2233 4196 faceret,
2273 4147 2383 4185 non
2421 4138 2601 4184 tamen
2632 4129 2784 4198 prius
2823 4129 3220 4198 experiundum
3253 4128 3461 4184 decre-

1883 4224 2024 4279 torio
2074 4222 2379 4277 certamine
2424 4220 2492 4274 de
2544 4234 2726 4274 rerum
2780 4234 2991 4273 summa
3039 4220 3252 4289 putavit
3299 4236 3463 4291 quam

1882 4315 2295 4370 velitationibus
2334 4314 2615 4383 specimen
2647 4313 2884 4379 cepisset
2915 4312 3136 4368 virtutis
3174 4310 3466 4367 Baimundi

1882 4408 2198 4477 peritiaaque
2230 4404 2504 4458 militaris.
2541 4404 2598 4457 Id
2649 4404 2784 4458 adeo
2834 4405 3053 4460 consilii
3089 4406 3343 4475 probavit
3388 4406 3467 4460 illi

1884 4500 2116 4567 primum
2146 4496 2482 4550 conscientia
2514 4495 2813 4564 paucitatis
2869 4511 3095 4551 suorum
3134 4500 3152 4567 (
3182 4498 3469 4553 constabat

178 4580 301 4631 τῶν
354 4586 684 4641 ἀνύποιστον
734 4588 873 4659 (97),
916 4588 1039 4641 δέον
1078 4589 1262 4656 ἔκρινε
1295 4589 1513 4659 πρῶτον
1559 4590 1657 4659 μὲν
1689 4591 1778 4643 διὰ

1890 4572 2028 4643 enim
2062 4588 2196 4643 satis
2221 4587 2407 4640 multis
2435 4586 2686 4656 partibbs
2719 4589 3155 4644 numerosiorcm
3190 4606 3312 4645 esse
3338 4590 3466 4644 Bai-

179 4672 505 4729 ualloatdw
552 4680 847 4749 μετρητῶν
884 4697 1047 4733 τινων
1091 4682 1197 4752 καὶ.
1222 4682 1497 4750 ἐκκρίτων
1539 4683 1778 4752 ἀκροϐοα

178 4756 435 4831 λισμοίδς
462 4770 823 4839 ποιήσασῧαι,
856 4769 946 4825 ἵνα
977 4750 1229 4825 ἐντεῦθέν
1259 4770 1490 4840 ἔνδειξιν
1533 4790 1657 4825 τινα
1683 4774 1778 4825 καὶ

1887 4684 2075 4738 mundi
2107 4681 2407 4736 exercitum
2430 4680 2473 4750 ),
2508 4680 2705 4735 deinde
2735 4683 2879 4749 quod
2934 4698 3145 4753 nupcro
3176 4699 3301 4738 cum
3350 4684 3432 4736 Ro
3454 4715 3466 4726 -

1890 4776 2046 4829 berto
2070 4771 2325 4829 conﬂictu
2356 4780 2618 4842 expertus
2678 4771 2890 4840 fuerat,
2931 4774 3168 4844 primum
3201 4777 3462 4845 impetum

1241 4911 1445 4973 Variae
1486 4910 1796 4973 lectiones
1837 4928 1914 4973 ex
1945 4910 2087 4972 cod.
2113 4907 2385 4969 Coislin.

257 5025 775 5105 ξδξΑλαμάνονχῖσ
813 5034 1209 5105 προυτρέπετο.
1250 5034 1299 5065 ³⁸
1320 5032 1575 5105 ἐδράσας.
1628 5034 1675 5065 ⁹⁷
1712 5035 1945 5105 ἐκείνου.
2021 5033 2068 5065 ⁵⁸
2102 5032 2261 5105 Deest
2287 5045 2391 5083 vox
2427 5029 2661 5105 πολλῶν.
2698 5031 2744 5105 ⁸]
2775 5032 2981 5105 μόθων.
3003 5102 3014 5105 _
3048 5033 3063 5063 ⁸
3099 5029 3458 5105 Βαῖμοιῖνδος.

181 5094 605 5174 ξβαῖμούνδου.
662 5103 755 5158 Sic
809 5094 1023 5173 semper
1082 5115 1289 5174 postea.

184 5163 643 5262 ξοὲευμνοτάξην.
770 5175 792 5206 ⁸
827 5163 970 5228 κατᾶ
1002 5163 1167 5243 μῆνα.

273 5238 626 5309 Βαῖμούνδου.

1421 5104 1674 5171 γεγόναν.

1772 5104 1985 5159 "Dcest
2052 5119 2156 5156 vox
2224 5101 2637 5166 διακειμένους.
2710 5100 3070 5154 ⁸6πλιτικόν.
3144 5100 3458 5167 σέπήξατο.

1277 5174 1298 5204 ⁹
1326 5168 1514 5242 καιρὸς
1551 5174 1654 5243 ἢδη
1688 5191 1784 5244 παε

1890 5216 1893 5231 ,
1943 5173 2032 5228 τά.
2072 5172 2165 5225 Sic
2224 5170 2634 5238 manuscriptus
2664 5168 2951 5240 distinguit
3007 5171 3165 5225 colon
3218 5170 3447 5237 periodi.

1241 5307 1384 5368 Car.
1420 5307 1751 5368 Dut‘resnii
1787 5308 1888 5369 Du
1918 5303 2140 5383 Caogii
2174 5314 2364 5368 notas.

214 5472 225 5483 ,
274 5409 383 5483 (Ξδ)
438 5415 672 5481 "Hunc.
732 5413 956 5470 Cladem
1006 5410 1307 5467 Boemundi
1369 5409 1437 5463 ad
1483 5408 1756 5483 Larissam

214 5478 467 5555 intelligit,
521 5478 679 5555 quam
744 5488 847 5539 hoc
897 5484 1038 5538 libro
1114 5490 1528 5537 commemorat.
1610 5478 1762 5533 Adde

216 5542 484 5625 hilaram,
521 5542 641 5625 pag.
677 5556 805 5625 236.

282 5622 382 5691 (15)
420 5619 841 5692 ΜῆῦοᾱΜάίον.
876 5623 1036 5677 Anno
1080 5622 1292 5692 scilicet
1317 5622 1449 5677 C‘ir.
1494 5619 1652 5674 1085.

283 5693 383 5761 (Π)
428 5691 838 5749 Ἀνύποιστον.
884 5694 1125 5747 Primum
1148 5691 1427 5746 Gallorum
1496 5692 1760 5758 impetum

226 5767 597 5822 atrocissimum
622 5781 836 5835 semper
856 5764 1049 5829 fuisse,
1080 5772 1137 5816 ut
1159 5778 1259 5818 nec
1278 5763 1533 5818 sustineri
1555 5766 1766 5832 posset,

1868 5415 2141 5462 testantur
2192 5409 2394 5476 passim
2465 5410 2785 5477 scriptores,
2844 5409 3117 5471 Memnon,
3178 5407 3458 5477 Polybius,

1869 5480 2003 5531 lib."
2025 5477 2229 5539 Livius,
2255 5478 2348 5531 lib.
2373 5494 2512 5532 xxvn
2538 5493 2734 5543 μενων
2755 5485 2810 5528 et
2831 5494 3073 5545 xxxviii;
3102 5477 3267 5531 Silius
3288 5479 3458 5533 Italic.

1868 5548 1963 5601 lin.
1996 5562 2088 5600 vui
2122 5564 2136 5599 :
2175 5546 2489 5603 Frontinus,
2523 5549 2621 5599 Ιιυ.
2655 5561 2690 5598 ιι
2726 5554 2833 5600 etc.
2855 5546 2985 5601 Vide

1870 5618 1993 5669 dem
2032 5619 2242 5668 Annam
2269 5630 2390 5684 pag.
2454 5614 2770 5684 154,_135,
2834 5618 2961 5683 ὶ85,
3006 5614 3124 5671 ’525
3158 5633 3172 5680 ;
3235 5616 3455 5674 Petrum

1875 5688 2022 5739 Diae.
2057 5686 2157 5758 lib.
2183 5700 2234 5740 iv
2256 5682 2281 5749 ;’
2303 5682 2550 5758 Chronic.
2575 5682 2797 5758 guunt.
2823 5682 2953 5758 cap.
2975 5688 3064 5758 Η,
3089 5698 3145 5758 _et
3168 5685 3328 5743 Joan.
3360 5685 3461 5745 Sa-

1873 5756 2283 5821 risbcriensem,
2313 5756 2407 5811 lib.
2439 5769 2492 5809 vi
2526 5771 2541 5822 ;
2575 5753 2848 5826 Polycrat.
2891 5753 3010 5829 cap.
3041 5756 3125 5811 16.

3005 5559 3267 5617 praeterea
3307 5563 3460 5600 eam—
