4022 6270
557 325 673 391 399

1843 319 2071 383 ANN/E
2111 320 2492 382 COMNEN/E

3721 322 3830 388 400

554 422 840 513 equitatus
864 439 1053 494 Gallici
1082 440 1238 511 plane
1259 436 1666 494 ineluctabilem
1692 451 1833 493 esse.
1864 437 2141 492 Delibatos

2247 435 2346 504 τῆς
2401 434 2481 504 τῷ
2563 423 2884 503 Βαῖμούντῳ
2947 431 3367 504 ἐνυπαρχούσης
3443 441 3821 508 στρατηγικῆς

569 537 738 604 igitur
785 550 850 588 ex
879 532 1130 586 universa
1180 532 1299 585 acie
1356 530 1624 584 lectorqu
1683 528 1913 582 milituut
1981 525 2145 597 134

560 631 760 697 globos
791 623 1024 680 subinde
1063 623 1342 679 missitare
1377 622 1600 685 institit,
1631 621 1724 691 qui
1757 621 1967 675 hostem
2004 621 2143 674 emi-

560 734 673 772 illis
691 715 992 786 jaculando
1049 715 1400 778 lacesserent,
1437 721 1495 765 ut
1529 728 1595 767 ex
1635 710 1986 766 successibus
2028 710 2145 762 sin-

563 810 836 880 gularium
875 804 1279 873 manipulorum
1341 803 1571 856 ntiuinto
1621 801 1863 870 periculo
1916 798 2147 852 velitan-

567 901 726 960 tiu‘m,
776 898 1061 966 augurium
1117 896 1183 949 de
1223 910 1319 964 spe
1374 902 1486 948 tota
1529 908 1591 947 ac
1625 893 1842 946 fortuna
1903 888 2145 944 universi

565 991 737 1061 praélii
764 1003 954 1057 capere
983 996 1186 1055 posset,
1214 993 1510 1055 posteaque
1542 984 1792 1039 securius
1823 992 1877 1036 et
1909 985 2145 1052 pruden-

564 1086 672 1138 tius
711 1096 942 1152 pugnant
996 1080 1360 1132 committere.
1417 1075 1704 1144 Sicigitur
1747 1074 1801 1128 in
1845 1081 2142 1142 conspectu

564 1189 760 1230 mutuo
816 1171 1007 1242 positis
1062 1180 1116 1223 et
1166 1178 1380 1221 certare
1455 1167 1718 1235 utrinque
1780 1163 2144 1236 gestientibus

564 1265 919 1327 exercitibus,
970 1272 1236 1330 reputans
1277 1274 1492 1329 semper
1540 1259 1724 1312 animo
1761 1257 1985 1311 Alexius
2027 1257 2143 1325 pri-

565 1375 712 1414 ntam
747 1357 892 1409 illam
949 1354 1143 1424 quavis
1181 1352 1472 1406 resistendi
1515 1350 1824 1404 constantia
1879 1349 2142 1418 majorem

566 1453 888 1506 Latinorum
941 1445 1215 1501 ruentium
1268 1445 1395 1508 vim,
1435 1444 1538 1498 tale
1594 1442 1855 1512 quiddam
1901 1441 1969 1496 ad
2022 1456 2142 1496 eam

567 1543 868 1600 sistendum
914 1533 1357 1592 frttstrandatﬁve
1389 1545 1732 1590 commentus
1762 1541 1864 1589 est.
1886 1533 2143 1589 Leviores

566 1637 838 1705 quosdam
865 1630 1076 1700 paravit
1121 1643 1342 1691 currus,
1376 1626 1577 1696 quibus
1632 1626 1920 1694 pauciores
1976 1640 2140 1694 quam

565 1735 729 1796 vulgo
756 1725 914 1787 solet,
963 1723 1065 1774 hoc
1111 1729 1194 1774 est
1221 1731 1459 1788 quatuor
1493 1718 1761 1771 duntaxat
1799 1716 1976 1770 infixit
2011 1731 2142 1770 cou-

567 1830 674 1874 ιυε.
731 1815 828 1870 llis
875 1813 1087 1883 pedites
1149 1809 1409 1879 imposuit
1447 1809 1728 1874 loricatos,
1785 1823 1926 1878 quos
1975 1807 2142 1875 jussit

563 1910 655 1964 ubi
688 1907 922 1979 primunt
956 1904 1231 1958 irruentes
1267 1899 1407 1956 fusis
1441 1899 1671 1954 habenis
1700 1898 1924 1954 Latinos
1952 1913 2143 1954 cerne-

490 2049 496 2056 .
562 2009 706 2064 rent,
743 2013 937 2053 currus
970 1996 1023 2049 in
1077 2008 1365 2048 occursqu
1402 1993 1740 2062 propellere:
1780 2008 1903 2062 quae
1933 2006 2021 2046 res
2051 2007 2144 2047 ne-

563 2091 805 2148 cessario
857 2098 1174 2142 centextum
1240 2084 1529 2155 phalangis
1564 2143 1569 2149 ,
1599 2092 1655 2140 et
1702 2092 2141 2140 contesscratum

567 2185 704 2239 aciei
735 2197 932 2237 nexum
963 2187 1288 2250 perruptura
1313 2187 1451 2234 erat.
1482 2177 1653 2234 Adest
1681 2191 1810 2233 ecce
1833 2177 1969 2250 hora
2004 2192 2143 2248 prte-

564 2280 629 2335 lii
662 2276 1012 2332 commodum
1061 2278 1254 2327 exorto
1286 2271 1401 2325 sole
1425 2285 1633 2341 perque
1674 2271 1870 2336 sudum
1916 2269 1985 2322 ab
2014 2278 2140 2323 ortu

563 2369 873 2426 rcttidente.
929 2365 1104 2419 Struit
1145 2365 1444 2434 imperator
1477 2363 1651 2416 aciem
1697 2376 1874 2432 eatlue
1905 2361 2009 2418 sibi
2057 2362 2142 2416 lo-

563 2479 686 2518 cum
714 2463 766 2514 itt
807 2458 980 2513 media
1007 2455 1197 2512 sumit.
1230 2452 1564 2508 Baitnundus
1598 2462 1878 2523 promptus
1914 2455 1981 2508 ad
2005 2468 2142 2523 pra:-

562 2557 720 2618 liuut,
748 2568 847 2606 nec
875 2551 1175 2619 imparatus
1206 2545 1745 2610 adversusinsidias,
1767 2545 1847 2599 sic
1878 2552 2139 2614 tanquam

564 2650 723 2718 plane
777 2652 1117 2712 compertum
1158 2639 1380 2693 haberet
1433 2638 1565 2707 quid
1616 2645 1810 2692 contra
1861 2637 2146 2691 machina-

567 2747 656 2789 tus
691 2742 836 2789 esset
868 2732 1114 2794 Alexius,
1144 2729 1391 2791 ordinem
1434 2727 1568 2782 aciei
1603 2742 1716 2782 sua:
1749 2734 1948 2791 mutat,
1979 2734 2144 2796 prout

565 2842 812 2900 praesens
847 2825 1105 2894 poscebat
1137 2836 1295 2876 usus.
1330 2820 1522 2875 Divisit
1563 2821 1707 2875 enim
1744 2819 1994 2875 bifariam
2048 2834 2144 2876 co-

567 2921 689 2991 pias
711 2959 725 2983 ,
768 2918 1136 2984 curribusque
1159 2914 1213 2966 in
1247 2911 1426 2967 medio
1463 2912 1689 2978 relictis,
1729 2912 2004 2982 utrimque
2027 2927 2146 2968 ma-

565 3029 671 3083 gno
705 3012 908 3078 impt'ltt
942 3009 995 3060 itt
1030 3007 1330 3059 llontanatn
1361 3004 1640 3059 invehitur
1677 3007 1868 3059 aciem.
1905 3003 2141 3058 .‘lliscetto

2250 528 2560 597 ἐπιστήμης
2593 527 2774 598 σχοίη,
2798 527 2892 580 καὶ
2913 527 3126 594 γένοιτὸ
3160 527 3202 558 ¹²
3237 528 3291 581 οῖ
3315 527 3544 582 διὰ-τῶν
3576 530 3822 600 μερικῶν

2248 622 2570 696 προοῦολῶν
2607 624 2648 654 ¹¹
2678 623 2780 692 τὴν
2829 621 2925 675 τοῦ
2957 623 3082 674 ὅλου
3117 622 3322 690 γνῶσιν
3355 623 3662 693 ισχηκέναι
3693 627 3825 678 κάν-

2245 717 2437 770 τεῦοεν
2482 717 2576 780 ξὺν
2613 715 2896 785 ἐπιστήμῃ
2943 713 3292 784 βεϐαιότερον
3318 713 3458 785 πρδς
3486 715 3579 768 τὸν
3613 716 3818 771 Κελτὸν

2246 805 2820 875 ἀντιπαρατάξασθαι.
2881 803 3040 857 Οὕτω
3107 803 3240 873 γοῦν
3297 805 3370 858 τὰ
3428 806 3825 877 στρατεύματα

2250 902 2368 955 κατ’
2403 900 2651 968 ἀλλήλων
2695 897 3021 967 ἐσφάδαζεν.
3067 897 3130 956 ’0,
3171 898 3225 950 δὲ
3271 898 3525 968 βασιλεὺς
3553 901 3654 970 τὴν
3698 901 3830 953 ἀνύ-

2248 1010 2470 1047 ποιστον
2525 991 2636 1042 τῶν
2682 989 2938 1043 Λατίνων
2980 988 3169 1052 δεδιὼς
3214 991 3442 1060 πρώτην
3483 990 3825 1062 προσϐολὴν,

2248 1087 2433 1139 καινόν
2465 1102 2519 1137 τι
2549 1084 2716 1138 ποιεῖ.
2739 1083 2982 1150 Ἀμὰξας
3011 1086 3348 1150 κουφοτέρας
3371 1084 3821 1148 κατασκευάσας,

2247 1176 2341 1231 καὶ
2383 1174 2492 1229 τῶν
2527 1173 2778 1243 συνήθων
2829 1173 3028 1242 ἥττους
3065 1171 3151 1239 ἐφ’
3192 1171 3400 1242 ἑκάστῃ
3437 1170 3648 1225 τούτων
3699 1190 3823 1226 κον.

2245 1267 2372 1330 τοὺς
2427 1264 2653 1333 ὲνέπηξε
2719 1265 3033 1332 τέσσαρας,
3080 1263 3175 1316 καὶ
3237 1263 3436 1327 πεζοὺς
3483 1262 3823 1334 ὁπλοφόρους

2245 1356 2566 1425 ἐπέστησεν,
2592 1353 2733 1406 ὥστε
2765 1353 2999 1424 ὁπηνίκα
3032 1353 3082 1406 οἱ
3132 1355 3351 1406 Λατῖνοι
3388 1353 3542 1416 ὅλους
3569 1354 3818 1422 ῥυτῆρας

2245 1448 2580 1519 χαλάσαντες
2633 1446 2775 1499 κατὰ
2831 1447 2929 1515 τῆς
2988 1445 3307 1515 Ῥωμαῖκῆς
3355 1446 3670 1516 ὁρμήσουσι
3721 1447 3820 1514 φά.-

2243 1539 2447 1606 λαγγος
2485 1539 2582 1600 τὰς
2633 1536 2851 1606 ἁμάξας
2900 1537 3162 1590 ὠθεῖσθαι
3196 1537 3386 1607 πρόσω
3450 1537 3539 1591 διὰ
3576 1538 3690 1590 τῶν
3723 1541 3821 1606 ὑφ’

2248 1629 2556 1700 ισταμένων
2587 1629 2907 1698 ὁπλοφόρων
2957 1629 3171 1694 πεζῶν,
3210 1628 3274 1680 ἶν’
3321 1627 3466 1682 οὕτω
3498 1629 3557 1681 τὸ
3600 1631 3820 1698 συνεχὲς

2245 1723 2603 1789 διακόπτηται
2652 1720 2746 1774 τοῦ
2809 1721 3188 1785 συνασπισμοῦ
3229 1721 3338 1773 τῶν
3392 1721 3666 1774 Λατίνιον.
3714 1723 3822 1775 Καὶ

2175 1789 2215 1844 Β
2245 1815 2370 1866 ἐπεὶ
2420 1811 2612 1878 καιρὸς
2667 1809 2907 1878 πολέμου
2967 1808 3171 1878 παρῆν,
3202 1807 3294 1860 τοῦ
3356 1806 3508 1877 ἡλίου
3563 1809 3669 1879 ήδη
3726 1803 3820 1861 τοῦ

2242 1903 2522 1976 ὁρίζοντος
2564 1902 2836 1972 λαμπρῶς
2885 1900 3330 1970 ὑπερκύψαντος,
3379 1901 3407 1953 ὁ
3454 1901 3820 1972 αὐτοκράτωρ

2243 1996 2340 2060 τὰς
2404 1995 2695 2066 φάλαγγας
2753 1995 2835 2057 είς
2911 1993 3153 2062 πολέμου
3215 1993 3384 2046 τύπον
3435 1993 3819 2064 καταστήσας,

2241 2087 2406 2150 αὐτὸς
2456 2087 2516 2140 τὸ
2568 2087 2906 2156 μεσαίτατον
2968 2082 3137 2156 εῖχεν.
3195 2085 3253 2139 '0
3304 2083 3436 2154 γοῦν
3487 2085 3822 2156 Βαῖμοῦντος

2241 2181 2344 2236 οὐκ
2401 2181 2691 2252 ἀνέτοιμος
2740 2181 2842 2250 τῆς
2893 2182 3078 2250 μάχης
3138 2179 3631 2249 συγκροτουμένης
3689 2180 3824 2250 πρὸς

2241 2273 2333 2329 τὸν
2390 2274 2432 2306 ¹³
2493 2273 2745 2346 μηχανὴν
2800 2274 2978 2342 ἐφάνη
3039 2271 3134 2325 τοῦ
3187 2272 3619 2343 αὐτοκράτορος.
3677 2271 3826 2324 Ἀλλ’

2245 2366 2437 2437 ῶσπερ
2485 2366 2756 2435 προγνοὺς
2799 2365 2858 2417 τὸ
2909 2363 3357 2434 βεϐουλευμένον,
3408 2363 3823 2451 μεθαρμόζεται

2243 2459 2383 2531 πρὸς
2439 2461 2502 2512 τὸ
2551 2457 2848 2526 ξυμπεσὸν,
2887 2455 2984 2510 καὶ
3030 2457 3130 2519 τὰς
3191 2456 3333 2520 ίδίας
3383 2455 3650 2526 δυνάμεις
3700 2455 3821 2526 δίχα

2243 2552 2455 2618 διελὼν,
2488 2553 2581 2604 καὶ
2627 2550 2724 2613 τὰς
2775 2548 2994 2618 ἁμάξας
3055 2548 3427 2617 παρεκκλίνας
3459 2549 3525 2614 ¹⁵,
3552 2548 3701 2601 κατὰ
3727 2548 3824 2616 τῆς

2256 2644 2573 2714 Ῥωμαῖκῆς
2603 2639 2949 2712 ἑκατέρωθεν
2977 2639 3192 2694 ῖσταται
3217 2637 3407 2712 [ἵεται]
3436 2639 3818 2705 παρατάξεως.

2244 2738 2357 2790 Καὶ
2389 2732 2672 2805 φάλαγγες
2717 2733 2817 2803 μὲν
2869 2731 3113 2802 φάλαγξι
3143 2731 3451 2802 τηνικαῦτα
3501 2731 3815 2802 ἐμίγνυντο,

2245 2829 2339 2880 καὶ
2371 2827 2564 2895 ἀνέρες
2593 2824 2822 2894 ἀνδράσι
2857 2823 3002 2876 κατὰ
3051 2824 3228 2892 στόμα
3259 2823 3548 2893 ἐμάχοντο.
3581 2823 3744 2875 Οὕτω
3765 2821 3821 2874 δὲ

2245 2918 2456 2972 πολλῶν
2495 2916 2840 2984 ἑκατέρωθεν
2869 2917 2925 2968 ἐν
2951 2914 3029 2986 τῷ
3070 2915 3344 2984 μάχεσθαι
3377 2914 3680 2979 πεσόντων,
3727 2914 3827 2979 τὴν

2249 3011 2350 3081 μὲν
2372 3009 2615 3065 νικῶσαν
2648 3006 2759 3078 (9.8)
2793 3003 2938 3077 εἶχεν
2967 3009 2994 3060 ὁ
3026 3006 3388 3077 Βαῖμοῦντος,
3417 3007 3445 3058 ὁ
3468 3005 3526 3058 δέ
3554 3021 3616 3073 γε
3657 3005 3828 3058 αὑτο-

567 3114 654 3158 tur
696 3101 1058 3172 pltaluugihus
1091 3099 1411 3167 phalanges,
1444 3095 1543 3151 viri
1578 3112 1703 3151 cum
1731 3097 1862 3152 viris
1893 3089 2142 3152 cominus

2247 3105 2468 3174 κράτωρ
2535 3102 2786 3172 καθάπερ
2835 3118 2920 3164 τις
2989 3099 3200 3170 πύργος
3265 3099 3566 3168 ἀκλόνητος
3629 3098 3834 3152 ἵστατο

563 3195 1034 3266 congrediuntur;
1085 3189 1238 3243 multi
1302 3188 1562 3260 utrinque
1624 3187 1859 3255 cadunt;
1917 3189 2137 3243 tandem

565 3288 818 3339 vincente
868 3281 1201 3343 Baintundo,
1245 3280 1427 3334 stabat
1469 3288 1647 3335 tamen
1691 3281 1992 3349 imperator
2035 3279 2137 3334 im-

569 3378 918 3448 perterritus,
960 3374 1130 3427 turris
1165 3372 1815 3437 instarinconcussae,ah
1833 3374 1982 3427 omni
2015 3374 2140 3428 licet

571 3477 723 3539 parte
758 3467 880 3521 telis
907 3481 971 3520 ac
1023 3465 1222 3532 iaculis
1259 3466 1480 3533 petitus.
1513 3464 1589 3520 Ac
1628 3479 1777 3519 nunc
1811 3479 1976 3534 eques
2007 3464 2146 3518 infe-

565 3572 684 3616 ltus
713 3559 764 3611 in
792 3558 1052 3611 adversos
1077 3554 1546 3619 irruebatGallos,
1579 3569 1798 3610 manum
1819 3570 2140 3623 conserens,

566 3651 912 3718 candensque,
952 3658 1006 3701 et
1027 3646 1266 3700 vicissim
1321 3645 1622 3714 vapulaus:
1674 3660 1823 3700 nunc
1877 3646 2144 3717 fugientes

569 3757 698 3796 suos
730 3739 939 3795 crebris
971 3737 1310 3793 clamoribus
1366 3753 1651 3792 revocans.
1691 3735 1758 3791 Ut
1795 3747 1976 3792 autem
2009 3739 2144 3809 pha-

569 3833 757 3902 langes
784 3846 913 3885 suas
945 3831 998 3883 in
1022 3841 1202 3898 partes
1225 3829 1491 3896 plurimas
1521 3828 1790 3884 dissectas
1817 3829 2149 3898 discerptas-

569 3938 676 3993 que
701 3921 853 3985 vidit,
886 3920 1106 3974 tandem
1149 3918 1391 3974 decrevit
1420 3935 1479 3972 se
1529 3919 1632 3973 sibi
1665 3919 1952 3973 consulere
1979 3933 2146 3988 opor-

572 4019 726 4065 tere:
783 4025 892 4064 non
944 4009 1056 4065 ullo
1115 4007 1201 4063 ille
1248 4008 1468 4079 quidem
1541 4008 1798 4078 degeneri
1854 4017 2145 4079 correptus

2245 3197 2303 3262 ἐξ
2333 3193 2598 3262 ἑκατέρου
2629 3193 2831 3263 μέρους
2863 3190 3214 3262 βαλλόμενος,
3236 3193 3329 3244 καὶ
3351 3189 3484 3263 ὅπου
3514 3189 3613 3258 μὲν
3649 3190 3834 3242 ἱππα-

2248 3287 2478 3358 ζόμενος
2506 3261 2655 3340 ﬁxura
2697 3261 2809 3338 τῶν
2849 3261 3118 3337 ἐπιόντων
3163 3282 3387 3336 Κελτῶν
3424 3261 3519 3334 καὶ
3575 3282 3840 3351 συμπλε-

2246 3380 2476 3448 κόμενος
2515 3377 2698 3440 ἐνίοις,
2733 3377 3008 3444 πλήττων,
3050 3377 3145 3428 καὶ
3180 3375 3408 3428 κτείνων
3459 3372 3557 3428 καὶ
3587 3373 3842 3444 πληττόο

2251 3489 2433 3542 μενος,
2459 3473 2592 3525 ὅπου
2629 3469 2686 3523 δὲ
2726 3470 2821 3523 καὶ
2866 3469 2994 3531 τοὺς
3031 3467 3336 3537 φεύγοντας
3369 3469 3586 3536 συχνοῖς
3619 3467 3843 3537 £31601}-

2255 3580 2421 3634 μασιν
2472 3562 2885 3632 ἀνακτώμενος.
2943 3561 3032 3624 Ὦς
3070 3560 3116 3614 δ’
3163 3562 3244 3622 εἰς
3304 3561 3447 3628 μέρη
3502 3558 3692 3613 πολλά
3744 3563 3847 3618 τὰς

2252 3654 2544 3722 φάλαγγας
2576 3649 3007 3714 διασπασθείσας
3046 3650 3217 3720 ἑώρα,
3248 3650 3362 3703 δεῖν
3404 3649 3712 3717 ἐλογίσατο
3747 3649 3848 3701 καὶ

2253 3744 2416 3809 αὐτὸς
2445 3745 2624 3814 ἐαυτῷ
2646 3744 2706 3797 τὸ
2744 3743 2983 3812 ἀσφαλὲς
3023 3741 3515 3813 περιποιήσασθαι,
3539 3741 3602 3794 οὐ
3637 3741 3845 3794 σώσων

2256 3834 2471 3898 ἑαυτὸν,
2503 3835 2611 3888 οὐδ’
2653 3836 2694 3866 ¹³
2727 3834 2834 3888 ὑπὸ
2866 3835 3070 3896 δειλίας
3120 3833 3436 3902 συγχυθεὶς,
3477 3832 3556 3894 ὡς
3595 3834 3756 3902 τάχα
3781 3833 3851 3884 ἄν

2252 3944 2336 3990 τις
2367 3929 2535 3990 εῖποι,
2574 3927 2690 3980 ἀλλ’
2727 3927 2779 3980 εἴ
2805 3944 2909 3980 που
2941 3926 3032 3980 τὸν
3059 3926 3311 3979 κίνδυνον
3345 3925 3413 3978 δι’
3448 3926 3512 3977 ὲκ
3547 3927 3757 3994 φυγὼν
3783 3924 3853 3985 ⁸⁸.

2253 4017 2348 4072 καὶ
2402 4018 2798 4090 συλλεξάμενος
2848 4017 3045 4073 ἑαυτὸν
3098 4014 3259 4081 αὖθις
3292 4017 3690 4087 γενναιότερον
3723 4016 3848 4076 τοῖς

1639 4147 1843 4210 νοτία)
1870 4148 2178 4211 lectiones
2220 4167 2297 4212 ex
2327 4153 2464 4215 eod.
2489 4153 2760 4216 Coislin.

656 4253 697 4284 ιι
725 4249 950 4322 γένηταί
975 4249 1048 4302 oi.
1140 4248 1182 4279 ⁵²
1215 4246 1520 4318 προδολῶν.
1595 4249 1640 4280 ’³
1670 4251 1790 4320 τήν.

1874 4249 1917 4282 ³⁵
1945 4253 2338 4322 παρεγκλίνας.

2417 4256 2461 4288 ⁸⁸
2496 4255 2634 4311 οὗθ’.
2691 4256 2735 4288 ⁸⁸
2762 4255 3094 4326 διεκφυγὼν.

1626 4386 1772 4448 Car.
1816 4384 2149 4448 Dufresnii
2183 4391 2282 4451 Du
2309 4392 2532 4472 Cangii
2562 4400 2750 4457 notat.

653 4494 764 4568 (9.8)
796 4493 916 4558 Τὴν
941 4490 1212 4568 νικῶσαν
1270 4484 1457 4568 εἶχεν.
1502 4487 1870 4568 _Expuguat_is
1919 4487 2143 4568 Joanni-

2323 4496 2404 4568 4}!
2431 4497 2817 4568 pervadendam
2851 4497 3061 4565 facilem
3087 4499 3281 4552 vicinia
3309 4496 3508 4550 reddit.

580 4559 691 4625 uis,
718 4559 785 4617 ad
817 4567 1030 4625 Artam,
1063 4562 1252 4614 urbem
1290 4563 1356 4613 ad
1394 4559 1746 4614 Ambracium
1774 4559 1954 4614 sinunt
1990 4562 2142 4629 posi-

582 4650 716 4696 tam,
753 4642 931 4686 castra
969 4637 1232 4684 Statuerat
1255 4629 1605 4683 Boemundus
1641 4645 1656 4694 ;
1686 4631 1799 4692 cui,
1831 4629 1962 4682 dum
1992 4631 2144 4683 obsi~

581 4712 762 4769 tlettlr,
790 4718 946 4770 opem
988 4701 1117 4753 dare
1151 4700 1336 4770 volens
1365 4699 1608 4762 Alexius,
1638 4715 1664 4750 a
1700 4699 2020 4770 Boetttuudo
2065 4701 2148 4752 fu-

581 4789 762 4848 gatur.
785 4774 961 4848 “Hauc
1015 4769 1354 4848 Boentu‘ntlih
1376 4769 2145 4848 victoriatnﬂuarrant“Mala-

589 4837 758 4908 t'etra,
785 4845 880 4896 lib.
904 4857 980 4904 ιιι,
1017 4856 1140 4907 cap.
1170 4839 1240 4892 ‘29
1268 4854 1282 4902 ;
1315 4837 1613 4893 Ordericus
1650 4837 1869 4898 Vitalis.
1924 4839 2019 4893 lib.
2045 4855 2138 4903 vn,

587 4932 712 4988 pag.
741 4914 845 4968 644
879 4929 892 4975 ;
921 4922 987 4988 et
1030 4908 1687 4988 κνιιιυιιιιιξε..ᾓΙαΙιιιςειλ-
1853 4924 1934 4969 ιιι.
2013 4925 2140 4988 pag.

590 4976 714 5049 307,
749 4985 1048 5052 pratsertint
1078 4987 1206 5034 vero
1265 4976 1482 5034 Guillel.
1549 4979 1714 5050 Apul.
1768 4980 1864 5033 lib.
1924 4996 1951 5033 v
2012 4976 2162 5034 hisce

584 5057 835 5112 versibus
864 5069 879 5105 :

657 5148 787 5202 Post
821 5145 906 5199 ubi
945 5141 1226 5195 Robertum
1252 5142 1489 5213 cognatit
1511 5142 1730 5194 Alexius
1772 5157 1884 5195 esse

659 5217 891 5286 IEquore
911 5217 1446 5286 transvectutnpvires
1477 5229 1725 5286 reparare
1757 5213 1987 5266 minutas

659 5282 888 5351 Nititur,
917 5284 1248 5353 absentisque
1273 5282 1421 5336 ducis
1463 5284 1780 5350 perfringere
1806 5293 2005 5335 castra.

664 5357 790 5410 iltec
815 5358 917 5408 duo
955 5358 1233 5407 servabant
1259 5354 1307 5407 vi
1337 5355 1655 5422 consilioque
1679 5363 1934 5420 palentes,

660 5427 832 5481 Filius
861 5425 949 5478 ille
973 5425 1121 5477 ducis
1145 5423 1506 5489 Boemundus,
1532 5435 1579 5476 et
1611 5437 1709 5477 tate
1728 5423 1976 5477 Brienns.

662 5498 820 5550 Haud
842 5500 1023 5560 procul
1052 5511 1082 5547 a
1117 5494 1338 5558 Janina,
1374 5510 1475 5546 non
1504 5497 1652 5562 parvi
1683 5495 1909 5548 nominis
1936 5492 2082 5553 urbe,

660 5567 826 5635 296
857 5563 1034 5616 Partis
1059 5566 1295 5616 Alexiua:
1325 5565 1547 5632 populus
1572 5581 1670 5616 sua
1697 5577 1875 5617 castra
1903 5565 2127 5618 locarat.

664 5634 952 5701 Multiplici
972 5645 1172 5698 partem
1207 5638 1486 5699 prwmunit
1517 5635 1737 5687 Alexius
1763 5634 1915 5687 illam

665 5703 826 5760 Obice
844 5703 1230 5770 plaustrorum,
1257 5721 1416 5773 quam
1459 5707 1637 5771 pervia
1665 5706 1911 5773 pluniciri

2332 4565 2528 4619 Ferrea
2569 4583 2686 4618 cum
2718 4566 2929 4619 tribulis
2961 4585 3137 4622 omnes
3169 4568 3414 4622 saliunca
3446 4569 3666 4620 viarum

2326 4635 2588 4704 l’ru'pedit
2618 4653 2878 4701 accessus,
2916 4647 2971 4689 ut
3006 4639 3144 4690 laxis
3178 4639 3344 4691 hostis
3375 4638 3601 4690 habenis

2339 4705 2474 4758 Dum
2506 4707 2738 4758 dimittet
2762 4723 2942 4774 equos,
2966 4709 3183 4770 pedibus
3215 4709 3412 4775 ligatur
3445 4723 3748 4774 equorum.

2321 4776 2386 4845 At
2414 4776 2603 4845 nebula
2619 4775 2863 4828 Danaum
2889 4788 3193 4842 prospectus
3227 4778 3568 4845 impediente,

2330 4844 2466 4898 Illuc
2501 4844 2801 4898 Normanni
2832 4862 2922 4912 per
2952 4848 3142 4899 vitibus
3168 4844 3355 4913 aspera
3383 4848 3590 4911 densis,

2327 4915 2592 4985 l‘lenaque
2622 4918 2843 4968 carectis
2887 4917 3000 4968 loca
3035 4933 3308 4979 pervenere
3335 4917 3584 4968 latenter.

2347 4985 2530 5055 ()bstat
2559 4985 2892 5055 congrediens
2923 4988 3197 5053 paulisper
3227 4987 3446 5039 Alexius
3489 4986 3605 5041 illis
3644 5005 3660 5041 :

2342 5053 2445 5109 Sed
2476 5073 2578 5108 non
2612 5053 2866 5108 instantes
2901 5058 3123 5123 sufferre
3179 5058 3379 5109 diutius
3421 5056 3547 5110 illos

2341 5125 2576 5195 lt'trulnit,
2602 5128 2846 5195 petiitque
2877 5129 3083 5194 fugam,
3129 5129 3396 5191 victusque
3432 5127 3688 5180 recessit.

2335 5193 2524 5248 Urbem
2561 5193 2850 5248 Thessalia!
2878 5193 3162 5259 superatus
3196 5195 3370 5248 Marte
3419 5198 3667 5251 secundo

2329 5267 2532 5333 Appetit
2553 5268 2833 5335 egregiam,
2867 5267 3049 5335 vulgus
3078 5267 3212 5318 hanc
3240 5273 3392 5319 vocat
3425 5265 3794 5324 Salonichin.

2259 5353 2414 5408 Anna
2457 5370 2562 5408 non
2591 5354 3059 5420 Thessalonicam,
3094 5355 3186 5410 sed
3216 5353 3509 5409 Achridem
3549 5369 3688 5424 post
3715 5362 3872 5414 Itane

2263 5425 2470 5477 cladem
2499 5427 2748 5478 Alexiunt
2785 5441 2999 5480 vetns-se
3050 5426 3286 5490 scribit;
3325 5427 3378 5479 in
3447 5430 3687 5479 ca‘teris
3726 5445 3876 5484 cou-

2264 5498 2426 5549 Scntit
2461 5493 2807 5559 Guilleltnus,
2840 5496 2940 5548 nisl
2984 5497 3129 5564 quod
3158 5498 3403 5561 unicam,
3465 5511 3530 5548 ex
3602 5499 3878 5561 duabus,

2267 5580 2402 5632 quas
2431 5565 2548 5631 ipsa
2595 5569 2842 5633 agn0s‘cit
2879 5567 3058 5629 Anna,
3124 5565 3365 5619 victoriis
3412 5564 3680 5622 conﬁ--it.
3722 5567 3878 5622 Nam

2277 5637 2331 5687 in
2366 5651 2427 5702 pr
2450 5636 2528 5688 ori
2567 5636 2753 5702 prmlio
2788 5637 3153 5704 plaustrorum
3199 5637 3374 5697 obice,
3413 5637 3468 5689 in
3528 5635 3734 5694 altero
3767 5649 3880 5694 trt-

2274 5706 2414 5758 bults
2448 5719 2604 5760 nsunt
2636 5706 2884 5760 Alcinum
2913 5709 3060 5759 Anna
3085 5717 3502 5760 comunt-iuerat.
