4022 6270
605 375 714 444 403

1904 387 2131 448 ΑΝΝιΕ
2171 386 2550 448 (ΖΟΜΝΕΝΚΕ

3741 381 3832 454 ιοι

595 496 751 550 nais
786 494 1157 564 mandaverat,
1205 509 1266 550 ut
1304 511 1468 566 quam
1510 496 1896 578 densissimam
1946 508 2162 570 possent

2271 496 2345 562 ὡς
2389 496 2512 562 ἔθος
2551 495 2700 568 αὗτῷ
2735 497 2833 567 τὴν
2859 496 3042 567 ὁρμὴν
3087 495 3186 566 τῆς
3243 496 3426 566 μάχης
3477 495 3678 562 ἐποίει,
3710 499 3833 554 ἀλλὰ

594 589 664 644 tel
705 604 825 642 rum
877 589 1074 644 nubem
1107 590 1302 658 procnl
1338 591 1392 644 in
1427 590 1612 648 Gallos
1653 591 2050 662 iacularentur,
2089 595 2174 648 in-

592 681 748 734 terim
783 680 912 734 dum
941 683 1194 736 dextrum
1231 683 1535 754 lzevumque
1558 699 1758 748 cornu,
1785 700 1854 739 ex
1887 699 1985 738 sua
2009 683 2176 754 quod-

591 789 698 842 que
739 779 915 842 parte,
956 773 1440 829 vellet-neutissimo
1474 774 1680 844 impetu
1734 775 1789 828 in
1839 776 2058 830 eosdem
2087 776 2176 829 in-

589 865 894 919 cumberet.
933 863 1054 918 Haec
1087 864 1219 932 quid
1269 865 1479 934 profuit
1525 874 1634 920 tam
1685 868 1961 936 sapienter
2009 882 2174 924 exeo-

591 954 796 1022 gitasse
824 953 960 1022 patri
998 969 1120 1008 meo
1153 969 1385 1024 quarunt
1419 955 1682 1010 indicium
1719 957 1902 1011 statim
1941 957 2008 1012 ad
2045 959 2171 1012 Bai-

588 1045 856 1098 muudum
913 1044 1309 1111 deferebatur;
1367 1047 1420 1102 in
1453 1063 1564 1118 quo
1629 1051 1956 1106 versabatur
2029 1065 2172 1108 cmea

587 1137 936 1204 proditorum
973 1137 1149 1202 fraus,
1183 1139 1344 1206 cujus
1381 1139 1673 1210 perfidiosa
1703 1139 1987 1212 diligentia
2020 1143 2173 1212 quid-

585 1227 716 1292 quid
747 1229 960 1296 vesperi
995 1228 1351 1294 decrevisset,
1401 1230 1577 1296 primo
1607 1247 1766 1286 mane
1804 1233 2174 1304 compertissi-

585 1333 736 1372 mum
787 1317 942 1373 Gallo
990 1329 1127 1374 erat.
1185 1320 1299 1376 Nec
1364 1323 1532 1377 surdo
1585 1323 1792 1378 dictum
1852 1334 1945 1379 aut
1978 1341 2170 1396 parum

587 1418 844 1480 prompto
873 1410 942 1466 ad
986 1413 1404 1482 praecavendum
1456 1415 1636 1469 subita
1675 1417 1977 1474 mutatione
2011 1418 2169 1474 aciei.

584 1499 835 1571 Explicat
865 1518 993 1574 ergo
1027 1519 1157 1560 suas
1190 1506 1378 1572 capias
1410 1505 1476 1558 ad
1515 1506 1798 1576 praelium;
1833 1515 1888 1560 at
1921 1523 2030 1563 non
2063 1523 2171 1578 qua

581 1601 760 1660 parte,
798 1609 1016 1664 quoque
1039 1595 1201 1648 modo
1225 1594 1434 1650 solebat
1456 1608 1735 1653 certamen
1767 1599 1996 1654 invadit.
2022 1598 2172 1654 Odo-

583 1693 742 1740 ratus
781 1685 1036 1740 videlicet
1066 1687 1356 1742 cansilium
1399 1688 1747 1757 imperatoris
1779 1691 2080 1745 exercitum
2117 1701 2172 1746 et

579 1774 700 1843 ipse
732 1789 888 1829 suum
923 1775 1458 1832 bifariam‘scissum
1497 1779 1708 1834 irruere
1743 1781 1810 1834 ab
1843 1781 2062 1850 gemino
2093 1781 2168 1834 la-

583 1873 704 1920 tere
753 1869 806 1920 in
841 1866 1122 1922 Romanos
1157 1869 1338 1938 jubet,
1379 1869 1551 1924 aciem
1607 1872 1781 1942 ipsam
1823 1873 2058 1928 mediam
2111 1881 2168 1930 et

580 1956 820 2026 frontem
855 1958 1137 2014 exercitus
1185 1967 1334 2015 stare
1391 1961 1699 2028 immotam,
1743 1962 1900 2034 quasi
1975 1980 2171 2034 exspe-

577 2056 820 2100 C'antem
867 2047 1042 2102 donec
1099 2049 1291 2105 hostes
1340 2065 1436 2120 per
1466 2051 1722 2106 infestam
1779 2053 2060 2122 planitiem
2113 2055 2168 2107 in

579 2141 731 2207 ipsos
763 2138 1069 2195 tenderent.
1115 2141 1238 2195 Haec
1270 2143 1345 2196 ita
1380 2142 1521 2197 facta
1559 2153 1708 2198 sunt.
1739 2144 1852 2199 Nec
1887 2159 2019 2200 vero
2049 2143 2168 2198 Bo-

577 2231 726 2285 mani
770 2231 1096 2288 Latinorum
1131 2233 1393 2304 impetum
1427 2235 1519 2290 diu
1557 2237 1985 2304 sustinuerunt;
2019 2247 2166 2310 terga

577 2322 762 2376 statim
823 2331 1064 2388 vertunt,
1119 2339 1220 2379 nec
1278 2325 1390 2380 fere
1428 2341 1716 2381 occursum
1756 2337 1946 2383 contra
2000 2344 2167 2384 ruen-

575 2413 713 2467 tium
772 2429 983 2484 nupera
1041 2417 1190 2473 velut
1250 2417 1407 2472 clade
1457 2417 1640 2472 adhuc
1690 2421 1902 2474 attoniti
1943 2422 2164 2476 audent.

574 2504 854 2560 Turbatur
897 2507 1144 2562 Romana
1197 2509 1366 2575 acies,
1415 2510 1620 2566 frustra
1673 2511 2006 2582 imperatore
2032 2531 2167 2570 con-

575 2605 784 2653 suetam
816 2599 1108 2654 exltibente
1143 2603 1538 2667 constantiam,
1569 2614 1622 2658 et
1667 2621 1830 2660 manu
1859 2609 2166 2678 'menteque

573 2695 798 2740 strenue
849 2703 960 2742 rem
992 2697 1234 2758 gerente.
1273 2691 1392 2745 Non
1445 2694 1588 2747 enim
1619 2697 1800 2750 stabat
1835 2697 2013 2752 solum
2065 2699 2166 2752 im-

573 2779 916 2846 perterritus,
939 2781 1033 2835 svd
1059 2783 1523 2840 lacessebatultro
1544 2787 2056 2854 adversos,vulnera
2083 2792 2166 2846 in-

573 2867 753 2922 ferens
783 2868 1142 2940 vicissimque
1173 2873 1476 2942 accipiens.
1507 2873 1749 2932 Tandem
1797 2894 1920 2934 cum
1954 2882 2163 2936 excrci-

565 2959 978 3028 tumfdilapsum
1006 2973 1276 3029 cerneret,
1302 2981 1468 3036 seque
1499 2967 1773 3023 desertum
1799 2986 1920 3026 cum
1947 2974 2160 3044 paucis,

569 3051 730 3107 ofﬁcii
756 3055 840 3109 sui
877 3056 1110 3109 credidit
1144 3071 1250 3110 non
1286 3066 1492 3114 temere
1523 3061 1729 3117 diutius
1787 3065 1935 3119 nullo
1979 3080 2160 3136 operae

2276 590 2644 658 προαρπάσας
2685 589 2786 658 τὴν
2839 587 2934 640 τοῦ
2984 587 3387 658 αὐτοκράτορος
3423 587 3645 660 βουλὴν,
3675 591 3824 655 αὐτὸς

2275 681 2336 748 ἐξ
2367 681 2634 752 ἑκατέρου
2671 681 2872 752 μέρους
2901 677 2990 732 τὸν
3026 677 3188 748 μόθον
3227 679 3428 748 μᾶλλον
3465 679 3760 750 άνερίπησε
3787 681 3830 714 ⁸⁸

2275 775 2376 842 τὴν
2405 773 2544 826 κατά
2570 773 2824 844 μέτωπον
2857 770 3112 838 φάλαγγα
3147 771 3406 840 ἀτρεμεῖν
3438 771 3576 834 τέως
3602 790 3834 844 παρακε-

2275 865 2635 936 λευσόιμενος.
2665 864 2776 929 Τῆς
2806 863 2940 931 γοῦν
2983 863 3161 933 μάχης
3196 865 3520 935 ἀγχεμάχου
3551 869 3834 935 γεγονυίας

2273 957 2325 1008 οἱ
2350 955 2443 1008 τοῦ
2490 954 2800 1024 Ῥωμαῖκοῦ
2833 955 3244 1024 στρατεύματος
3303 959 3371 1010 τὰ
3397 959 3543 1010 νῶτα
3578 963 3687 1022 τοῖς
3733 961 3838 1014 Λα-

2275 1047 2441 1110 τίνοις
2467 1046 2756 1110 δεδώκασι,
2789 1048 2912 1118 μηδ’
2937 1051 3260 1120 ἀντωπῆσαι
3294 1047 3506 1112 τούτοις
3533 1051 3625 1103 τοῦ
3657 1051 3836 1106 λοιποῦ

2278 1141 2578 1210 ἰσχύοντες,
2617 1143 3159 1212 προκατεπτοημέυοι
3193 1141 3345 1204 ὅντες
3365 1140 3452 1194 διὰ
3484 1143 3581 1212 τὴν
3604 1160 3839 1214 προηγη-

2275 1232 2520 1300 σαμένην
2551 1225 2742 1300 ἧτταν.
2787 1233 2896 1284 Καὶ
2928 1231 3188 1302 σύγχυσις
3228 1231 3531 1301 τηνικαῦτα
3565 1234 3666 1303 τῆς
3715 1235 3840 1289 Ῥω-

2277 1320 2483 1390 μαῖκῆς
2533 1320 2898 1391 παρατάξεως
2945 1318 3035 1392 ἦν,
3074 1322 3178 1375 κᾶν
3211 1321 3238 1374 ὁ
3271 1321 3525 1390 βασιλεὺς
3555 1321 3840 1394 ἀκλόνητος

2279 1410 2456 1476 μένων
2503 1410 2766 1476 γενναίως
2833 1407 2924 1462 καὶ
2982 1409 3128 1480 χειρὶ
3177 1409 3274 1466 καὶ
3321 1410 3520 1480 γνώμῃ
3569 1409 3842 1462 ἀντικαθί-

2274 1515 2458 1566 στατο,
2520 1499 2750 1562 πολλοὺς
2807 1499 2906 1568 μὲν
2957 1499 3192 1569 τρώσας,
3230 1498 3345 1552 ἔστι
3384 1499 3432 1553 δ’
3462 1493 3524 1552 οὗ
3561 1500 3656 1552 καὶ
3703 1517 3842 1569 τρω-

2273 1591 2402 1654 θείς.
2439 1591 2546 1645 Καὶ
2593 1593 2716 1644 ἐπεὶ
2763 1592 2822 1645 τὸ
2872 1591 3017 1644 άπαν
3065 1591 3336 1662 ἑκρεῦσαν
3383 1592 3486 1662 ἠδη
3539 1592 3842 1663 στράτευμα

2271 1673 2678 1746 hiisdem-mani).
2711 1682 2902 1736 ἑαυτὸν
2937 1683 3057 1752 μετ’
3086 1682 3289 1750 ὀλίγων
3338 1682 3756 1754 καταληφθέντα
3775 1685 3838 1750 ’⁷,

2269 1773 2385 1825 δέον
2435 1773 2722 1842 ἐλογίσατο
2776 1773 2850 1846 μὴ
2891 1773 3101 1842 ἀλόγως
3133 1773 3530 1844 ἀνθιστάμενος
3563 1775 3838 1829 κινδυνεῦ-

2273 1883 2385 1918 σαι.
2430 1865 2599 1918 Ἐπὰν
2620 1866 2729 1936 γάρ
2753 1881 2861 1930 τις,
2893 1866 3066 1919 πολλὰ
3097 1867 3366 1937 μογήσας,
3409 1866 3481 1937 μὴ
3507 1867 3644 1937 πρὸς
3666 1866 3841 1938 ἰσχύος

2272 1957 2385 2029 ἔχει
2421 1959 2466 1990 ’⁸
2521 1959 2633 2020 τοῖς
2683 1958 2902 2029 ἐχθροῖς
2955 1957 3470 2024 ἀντικαθίστασθαι,
3514 1959 3744 2028 μάταιος
3783 1959 3844 2012 ἄν

2271 2047 2358 2116 εἴη
2388 2049 2434 2082 ²⁹
2469 2049 2550 2110 είς
2589 2047 2866 2118 προῦπτον
2897 2046 3150 2118 κίνδυνον
3186 2047 3378 2099 ἑαυτὸν
3433 2046 3710 2098 συνωθῶν.
3741 2046 3844 2098 τοῦ

2270 2137 2402 2206 γοῦν
2437 2137 2614 2202 δεξιοῦ
2675 2139 2770 2192 καὶ
2821 2139 3108 2208 εὐωνύμου
3144 2139 3326 2209 κέρως
3371 2137 3470 2206 τῆς
3527 2137 3843 2207 Ῥωμαῖκῆς

2271 2233 2552 2300 φάλαγγος
2595 2232 2873 2303 φυγαδείᾳ
2925 2231 3315 2303 χρησαμένων,
3377 2229 3404 2282 δ
3459 2229 3719 2298 βασιλεὺς
3769 2229 3845 2283 ἔτι

2269 2323 2624 2394 ὲγκαρτερῶν
2684 2322 2823 2394 μετά
2867 2326 2967 2393 τῆς
3019 2322 3114 2375 τοῦ
3173 2321 3513 2390 Βαῖμούντου
3567 2321 3843 2389 φάλαγγος

2269 2415 2534 2482 γενναίως
2573 2411 2910 2486 ἀπεμάχετο,
2945 2416 3036 2468 τὸν
3068 2413 3190 2467 ὅλον
3225 2414 3390 2476 αὐτὸς
3442 2412 3840 2482 ἀναδεξάμενος

2268 2509 2528 2576 πόλεμον.
2563 2508 2636 2560 Τὸ
2665 2509 2722 2561 δὲ
2771 2507 3177 2578 ἀναντίρρητον
3211 2506 3392 2575 συνεὶς
3427 2503 3520 2558 τοῦ
3567 2505 3845 2571 κινδύνου,

2267 2600 2386 2653 δέον
2424 2601 2640 2670 ἔκρινεν
2668 2601 2862 2652 ἑαυτὸν
2895 2599 3225 2668 περισῶσαι,
3287 2598 3362 2661 ὡς
3389 2597 3544 2661 αὖθις
3587 2597 3850 2651 δύνασθαι

2271 2691 2538 2762 μάχεσθαι
2565 2693 2702 2763 πρδς
2741 2692 2833 2744 τὸν
2870 2690 3394 2758 καταγωνισάμενον
3423 2691 3520 2743 καὶ
3547 2689 3848 2752 ἀντίπαλος

2265 2784 2488 2838 ἔσεσθαι
2528 2783 2968 2854 καρτερώτατος,
3005 2783 3098 2836 καὶ
3153 2784 3226 2853 μὴ
3271 2782 3331 2835 τὸ
3385 2783 3496 2835 πᾶν
3545 2781 3648 2851 τῆς
3684 2782 3845 2852 νίκης

2263 2876 2504 2947 ἄρασθαι
2541 2875 2632 2928 τὸν
2663 2873 3024 2944 Βαῖμοῦντον.
3061 2875 3321 2937 Τοιοῦτος
3357 2873 3464 2944 γὰρ
3501 2869 3570 2943 ἦν
3598 2872 3856 2943 ἡττὼμες

2264 2985 2352 3031 νος
2387 2968 2482 3021 καὶ
2519 2965 2708 3032 νικῶν,
2742 2965 2960 3035 φεύγων
2994 2965 3088 3020 καὶ
3114 2965 3271 3028 αὖθις
3297 2965 3532 3026 διώκων.
3569 2967 3668 3017 καὶ
3697 2963 3848 3034 μηδὲ

2267 3078 2398 3114 ποτε
2430 3061 2828 3130 ὑποπτήσσων,
2867 3059 3008 3129 μήτε
3061 3059 3168 3129 μὴν
3217 3057 3574 3120 ἀνελπιστίας
3631 3057 3860 3128 βρόχοις

569 3145 750 3214 pretio
797 3147 1120 3216 periclitari.
1154 3148 1282 3214 Qum
1314 3151 1460 3206 enim
1495 3153 1638 3208 ratio
1667 3155 1740 3209 sit
1803 3155 2156 3229 defatigatum

2265 3153 2651 3222 ἁλισκόμενος.
2699 3147 2808 3203 Ἦν
2837 3150 2945 3219 γὰρ
2999 3149 3093 3203 καὶ
3143 3151 3222 3214 είς
3263 3151 3395 3203 Θεὸν
3421 3148 3530 3220 (50)
3570 3149 3860 3220 μεγίστην

564 3245 622 3290 et
677 3236 852 3291 solum
897 3248 1089 3293 contra
1153 3241 1311 3312 136
1362 3243 1632 3300 victorem
1696 3249 1996 3303 exercitum
2055 3253 2156 3306 niti

569 3327 870 3392 pertinacia
911 3331 1211 3401 pugnandi,
1261 3335 1643 3406 projicereque
1679 3339 1912 3396 salutem
1951 3341 2002 3395 in
2038 3343 2154 3398 dis-

567 3417 776 3472 crimen
809 3421 959 3474 nulla
992 3437 1087 3491 spe
1116 3427 1380 3480 vocante?
1405 3427 1696 3498 Postquam
1719 3433 1883 3502 igitur
1908 3435 2158 3506 aliquan-

567 3505 663 3561 diu
705 3508 904 3564 dextro
937 3511 1179 3582 laevoque
1223 3529 1396 3570 cornu
1445 3533 1676 3574 suorum
1723 3523 1928 3592 fugato,
1983 3505 2152 3583 totum

567 3600 842 3656 exercitus
895 3600 1184 3660 Baimundi
1241 3607 1457 3676 pondus
1499 3619 1662 3681 atque
1713 3607 1972 3684 impetum
2011 3635 2154 3676 unus

572 3688 806 3744 stitisset
828 3691 1295 3766 sustinuissetque
1319 3697 1564 3766 Alexius,
1590 3700 1807 3756 demum
1834 3707 2152 3774 persuaderi

571 3779 675 3834 sibi
696 3780 820 3835 sivit
851 3796 878 3834 a
914 3797 1015 3837 sua
1045 3785 1332 3855 prudentia
1365 3797 1422 3842 ut
1447 3805 1508 3845 se
1534 3806 1560 3843 a
1595 3795 1848 3861 praesenti
1884 3799 2150 3869 periculo,

566 3869 624 3925 in
659 3887 769 3941 quo
815 3871 1020 3930 frustra
1077 3880 1275 3934 tentari
1331 3879 1607 3938 fortunam
1667 3888 1842 3956 palam
1881 3899 2048 3956 esset,
2081 3891 2148 3946 ad

567 3962 730 4019 aliam
764 3965 935 4020 aciem
971 3967 1232 4040 aliudque
1265 3973 1571 4040 periculum
1606 3991 1666 4032 se
1691 3989 1957 4035 servaret.
2011 3981 2148 4053 Agi-

559 4056 714 4110 tabat
743 4057 890 4130 enim
922 4059 1006 4112 vel
1045 4060 1100 4112 in
1153 4061 1244 4114 illa
1285 4063 1616 4120 calamitosa
1667 4068 1814 4138 fuga,
1855 4071 2020 4126 homo
2060 4074 2146 4129 in-

558 4145 722 4204 fracti
752 4149 942 4214 animi,
973 4151 1266 4221 magniﬁca
1296 4155 1531 4210 consilia
1574 4163 1890 4216 resumentli
1924 4165 2147 4222 meliore

560 4247 714 4294 sorte
757 4247 951 4294 contra
985 4239 1350 4296 Baimundum
1393 4243 1543 4310 belli,
1599 4251 2014 4322 reponendique
2066 4255 2143 4311 illi

2262 3245 2400 3316 ἔχων
2449 3244 2654 3308 πίστιν,
2691 3241 2786 3296 καὶ
2823 3241 3016 3296 τοῦτον
3067 3242 3167 3313 μὲν
3197 3243 3253 3304 ἐς
3287 3243 3455 3313 μέσον
3501 3241 3590 3295 διὰ
3631 3242 3850 3304 παντδς

2264 3333 2604 3406 περιφέρων,
2658 3334 2825 3402 ὅρκου
2873 3333 2936 3403 δὴ
2962 3334 3006 3365 ³ο
3064 3331 3416 3406 παντάπασιν
3473 3333 3856 3402 ἀπεχόμενος.

2271 3427 2622 3500 Ἀπειρηκὼς
2654 3422 2771 3492 οὖν,
2802 3426 2878 3490 ὡς
2911 3426 3119 3482 ἀνωθεν
3152 3427 3394 3498 εἴρηται,
3427 3425 3858 3499 όπισθόρμητος

2259 3521 2355 3574 καὶ
2395 3519 2556 3582 αὐτὸς
2590 3520 2806 3588 γέγονε,
2837 3519 3172 3590 διωκόμενος
3195 3519 3349 3586 παρά
3374 3517 3466 3572 τοῦ
3500 3519 3860 3589 Βαῖμούντου

2257 3613 2354 3666 καὶ
2387 3611 2662 3680 ἐκκρίτων
2711 3611 2995 3681 κομήτων.
3041 3609 3130 3662 Ἐν
3174 3611 3388 3674 τούτοις
3436 3611 3495 3666 δέ
3532 3627 3668 3683 φησι
3705 3613 3862 3680 πρὸς

2256 3707 2348 3761 τὸν
2374 3707 2412 3760 Γ
2416 3705 2580 3775 ουλῆν
2614 3697 2793 3774 (οὗτος
2841 3704 2897 3757 δὲ
2932 3703 3188 3775 πατρῷος
3221 3702 3388 3757 αὑτοῦ
3423 3703 3717 3776 θεράπων)
3753 3705 3866 3760 καὶ

2254 3801 2381 3863 τοὺς
2441 3799 2536 3852 σὺν
2593 3797 2768 3869 αὐτῷ’
2825 3795 3020 3866 Μέχρι
3071 3798 3272 3852 πόσου
3321 3797 3704 3866 φειιξόμεθας
3737 3798 3868 3852 Καὶ

2256 3891 2498 3962 στρέψας
2538 3889 2632 3944 τὸν
2671 3889 2903 3961 χαληνὸν
2926 3890 2970 3921 ³¹
3009 3890 3104 3942 καὶ
3148 3889 3243 3943 τοῦ
3277 3887 3466 3942 κολεοῦ
3495 3889 3539 3920 ³¹
3574 3889 3638 3944 τὸ
3688 3891 3868 3960 ξίφος

2253 3982 2567 4053 ἐξαγαγὼν,
2600 3982 2752 4037 παίει
2801 3981 2894 4035 τὸν
2945 3981 3179 4052 πρώτως
3230 3979 3380 4052 αὐτῷ
3417 3983 3868 4052 συναντήσαντα

2251 4081 2396 4136 κατά
2423 4081 2522 4150 τῆς
2567 4079 2766 4149 ὅψεως.
2804 4077 2978 4132 Τοῦτο
3017 4079 3066 4132 oi
3102 4077 3298 4132 Κελτοὶ
3345 4078 3708 4148 θεασάμενοι,
3747 4079 3870 4132 καὶ

2250 4173 2564 4242 διαγνόντες
2594 4171 2757 4226 αὑτὸν
2789 4171 2889 4240 τῆς
2925 4171 3063 4234 ἰδίας
3115 4171 3482 4239 ἀπεγνωκότα
3533 4171 3868 4242 σωτηρίας,

2251 4265 2436 4337 ἐπειδὴ
2491 4265 2619 4328 τοὺς
2665 4262 2923 4333 τοιαύτης
2987 4263 3216 4334 γνώμης
3263 4263 3599 4332 γεγονότας,
3629 4263 3864 4332 ἄνδρας

560 4328 746 4385 clades
777 4343 968 4386 omnes
1007 4332 1178 4388 istas:
1225 4333 1298 4388 ita
1335 4337 1745 4406 quodammodo
1785 4343 1909 4398 dum
1961 4361 2146 4404 vmceo

558 4421 725 4475 batur
746 4424 998 4488 vincens,
1023 4433 1078 4478 et
1125 4425 1252 4479 dum
1289 4426 1566 4497 fugiebat,
1604 4446 1966 4504 persequens,
1997 4453 2142 4492 nun-

559 4527 726 4581 quam
765 4527 895 4568 vero
935 4513 1157 4586 infringi
1203 4517 1310 4574 sibi
1345 4535 1668 4590 generosam
1717 4525 1998 4595 fiduciam,
2045 4539 2141 4586 aut
2173 4506 2220 4566 θ

559 4603 961 4671 desperationis
1013 4605 1224 4676 laqueis
1273 4623 1334 4664 se
1381 4613 1684 4684 constringi
1723 4617 1958 4685 patiens.
2011 4621 2142 4678 Erat

559 4694 766 4766 quippe
811 4695 917 4752 fide
963 4701 1226 4769 praeditus
1279 4701 1336 4756 in
1389 4701 1560 4760 Deum
1609 4709 1880 4766 maxima:
1914 4714 2142 4786 ejusque

559 4803 763 4842 numen
797 4791 954 4859 quasi
991 4806 1235 4861 praesens
1273 4795 1498 4850 assidua
1537 4798 1592 4852 in
1635 4801 1892 4860 omnibus
1933 4808 2140 4878 cogita-

559 4879 714 4934 tione
740 4881 1166 4938 cireumferebat
1193 4899 1208 4937 :
1238 4887 1663 4960 juramentoque
1689 4893 2001 4952 abstinebat
2027 4913 2144 4954 om-

2247 4356 2720 4427 ἀκαταμαχήτους
2789 4355 2958 4408 πάλαι
3022 4357 3358 4424 ἐγίνωσκον,
3437 4354 3876 4416 ὑποπαλέντες

2247 4445 2343 4504 τοῦ
2371 4448 2588 4502 διώκειν
2639 4445 2972 4504 ἐπαύσαντο.
3023 4449 3133 4503 Καὶ
3170 4449 3314 4502 οὕτω
3363 4445 3476 4500 τῶν
3527 4447 3870 4502 διωκόντων

2251 4538 2612 4608 ἀπαλλαγεὶς,
2673 4537 2900 4610 ὑπεξῄει
2953 4538 3048 4593 τοῦ
3098 4541 3370 4594 κινδύνου.
3427 4539 3568 4594 Οὐδὲ
3607 4541 3870 4609 φεύγων

2253 4631 2312 4684 δὲ
2338 4629 2478 4693 ὅλως
2531 4628 2937 4692 ἀνεπεπτώκει,
2991 4629 3128 4684 ἀλλὰ
3176 4631 3286 4684 τῶν
3337 4631 3651 4700 φευγόντων
3705 4633 3872 4696 τοὺς

2251 4722 2353 4794 μὲν
2375 4723 2712 4790 ἀνεκαλεῖτο,
2737 4722 2863 4786 τοὺς
2889 4723 2944 4776 δὲ
2968 4723 3062 4777 καὶ
3081 4723 3428 4790 ἐπέσκωπτε,
3447 4724 3556 4778 κᾶν
3577 4727 3624 4778 οἱ
3649 4725 3880 4780 πολλοὶ

2250 4813 2341 4868 τὸν
2389 4813 2688 4882 ἀγνοοῦντα
2737 4814 3117 4884 ὑπεκρίνοντο.
3171 4815 3330 4868 Οὕτω
3363 4816 3499 4883 γοῦν
3524 4817 3618 4869 τοῦ
3647 4817 3874 4871 κινδύ-

2247 4921 2346 4958 νου
2381 4905 2597 4970 σωθεὶς,
2639 4907 2950 4978 εἰσέρχεται
3013 4907 3093 4970 είς
3151 4905 3252 4978 τὴν
3295 4907 3693 4976 βασιλεύουσαν
3759 4909 3886 4980 ἐφ’

557 4971 711 5026 nino.
743 4971 878 5028 Cum
915 4974 1083 5046 igitur
1114 4977 1426 5048 desperata,
1466 4991 1526 5036 ut
1551 4984 1710 5039 modo
1742 4986 1877 5053 dixi,
1910 4989 2139 5048 victoria

2264 4993 2295 5065 ἶ)
2348 5001 2684 5068 συναγαγεῖν
2738 4997 2896 5062 αὖθις
2958 4999 3346 5071 στρατεύματα
3396 5003 3494 5056 καὶ
3543 5001 3682 5056 κατά
3741 5003 3876 5057 τοῦ

559 5064 766 5134 impetu
797 5076 946 5122 retro
977 5083 1136 5124 verso
1164 5073 1406 5139 cederet,
1451 5076 1774 5147 insequente
1806 5079 2134 5148 Baimundo,

2264 5064 2588 5159 Βαῖμούντου
2622 5091 2898 5160 χωρῆσαι.

557 5171 680 5210 cum
713 5158 1028 5216 lectissimis
1054 5161 1366 5234 quibusque
1405 5167 1694 5250 comitum,
1729 5185 2031 5230 conversus
2065 5175 2130 5230 ad
2171 5158 2403 5250 Guleni(
2435 5158 2810 5264 patertiusliic
2835 5179 2914 5234 illi
2948 5193 3016 5234 ex
3043 5179 3208 5252 longo
3254 5181 3398 5238 ﬁdus
3467 5190 3586 5239 erat
3643 5181 3882 5240 famu-

1641 5288 1844 5350 Varim
1882 5289 2192 5356 lectiones
2224 5312 2299 5356 ex
2327 5299 2460 5356 cod.
2511 5295 2780 5358 Coislin.
2841 5359 2844 5362 .

656 5381 700 5409 ⁵⁵
723 5381 1069 5464 ἀνερρίπισε.
1141 5385 1186 5414 ³⁷
1231 5385 1690 5456 καταλειφθέντα.
1781 5389 1826 5422 ³³
1855 5392 1974 5462 ἔχῃ.
2069 5394 2114 5425 ’⁸
2279 5392 2324 5424 ³⁰
2355 5395 2434 5450 δέ.
2511 5396 2552 5429 ³¹
2584 5393 2824 5464 χαλινόν.

1631 5508 1772 5570 Car.
1805 5510 2132 5571 Dufresnii
2189 5515 2286 5575 Du
2321 5513 2542 5593 Cangii
2579 5523 2769 5578 nota).

626 5601 877 5690 ΔΕἰς
909 5605 1364 5690 (θεόν-.-Ρίειοιοςξι
1401 5611 1599 5690 ᾼΙιξκῑί,
1628 5621 1935 5690 (διηφίει-οε
1961 5615 2129 5671 animi
2242 5620 2439 5684 nimus,
2465 5621 2702 5689 a/fabilis
2735 5624 3034 5684 militibus,
3061 5637 3446 5690 munerumth
3493 5622 3645 5674 dator
3709 5619 3898 5676 lar-

557 5669 713 5762 altrm-5
747 5669 1284 5762 ciiitimctitlat'etiant
1315 5669 1608 5762 Ordericus
1642 5681 1973 5762 .Vitztlishlib.
2007 5669 2126 5739 tu}
2236 5669 2543 5754 gemini,
2586 5694 2780 5746 divina:
2817 5694 2944 5762 legis
3005 5669 3182 5746 cultor
3233 5669 3672 5762 (ignotissima:th
3701 5691 3908 5750 Ριιξι

561 5733 2040 5828 Ιῖνηιι,,ξιιιιιιίιηρι-ιιάεηὲ.ειιρι-οόιιελαιιςίίιίε’δι’ίιποιιε
2075 5765 2124 5808 et
2236 5733 2692 5818 ῗςιιιιιιηλιιζκὶιιζ
2757 5733 2972 5817 utwait
3037 5762 3546 5818 Malmesburiensis
3627 5759 3752 5814 lib-
3807 5781 3902 5828 II,

557 5807 1087 5906 Ejitft9ilnif:0ﬂ-tftibu8.
1261 5807 1383 5906 tuo:
1489 5807 1876 5906 fiiratrmultum
1908 5807 2119 5890 ειῖρίριιέ
2231 5807 2857 5906 nandi};Effriiaiylﬂfs,
2883 5807 3042 5906 Jahn:
3065 5807 3364 5902 -probitale
3429 5807 3618 5888 notior.
3695 5827 3760 5882 Υ
3785 5807 3916 5894 id:

556 5889 604 5932 et
635 5883 936 5933 misericors
968 5883 1308 5953 pauperibus,
1347 5886 1570 5943 bellator
1603 5891 1758 5960 [ortis
1815 5904 1864 5948 et
1899 5883 2118 5966 mdgna-
2229 5897 2470 5968 Annam,
2495 5883 2618 5974 pag.
2655 5883 2782 5958 23L

2910 5395 2956 5427 ³⁹
3001 5394 3254 5452 κουλεοῦ.
