4022 6270
515 377 623 444 497

1810 395 2036 456 ᾹΝΝίΕ
2077 399 2468 468 COMNENIB

3652 411 3757 476 408

515 496 642 566 Ipso
693 495 746 551 in
799 495 974 553 locum
1010 498 1215 571 Aspras
1250 501 1525 560 Ecclesias
1573 513 1825 563 vocatum
1863 525 1924 566 se
1953 526 2071 567 con-

2191 519 2444 588 ’Δσπρας
2492 516 2605 588 (38)
2633 516 2986 590 Ἐκκλησεας.
3020 520 3131 577 Καὶ
3180 523 3506 593 τριμηνατον
3555 523 3750 593 κρόκην

514 588 640 643 tulit
669 588 912 658 totisque
956 589 1012 644 in
1043 605 1109 647 eo
1139 593 1339 648 mansit
1384 595 1564 652 tribus
1607 599 1911 656 mensibus.
1957 600 2078 668 Quo

515 690 760 749 tempore
809 679 1025 737 detecta
1086 685 1394 754 conjuratio
1438 698 1523 743 est
1570 689 1736 744 trium
1784 690 2081 762 insignium

514 774 802 838 comitum,
857 773 1136 842 Puntesis,
1184 776 1454 846 Reboldi,
1510 792 1566 836 et
1615 781 1934 851 Guillelmi;
1985 784 2080 854 qtli

512 861 922 916 communicato
965 864 1196 920 invicem
1217 869 1450 923 consilio
1487 870 1842 928 decreveram
1877 875 1944 929 ad
1983 875 2083 927 im-

511 958 820 1017 peratorem
849 955 1215 1029 transfugere.
1243 960 1319 1015 Ex
1348 961 1434 1017 his
1466 961 1734 1020 Punteses
1765 981 1878 1020 rem
1904 968 2082 1036 prodi-

511 1049 619 1094 tam
654 1043 945 1115 odoratus,
977 1059 1190 1105 matura
1223 1051 1348 1123 luga
1377 1069 1438 1110 se
1486 1056 1768 1122 subduxit,
1802 1058 1874 1113 ad
1909 1060 2084 1131 impeo

509 1143 746 1192 ratorem
789 1154 848 1194 se
878 1143 1168 1213 recipiens.
1222 1146 1326 1201 Alii
1365 1147 1475 1202 duo
1501 1164 1655 1205 more
1695 1150 1924 1208 Francis
1964 1154 2082 1208 usi-

509 1234 627 1282 tato
667 1230 932 1302 singulari
986 1237 1285 1293 certamine
1332 1254 1392 1293 se
1445 1255 1679 1312 purgare
1729 1244 1870 1312 jussi
1928 1258 2077 1302 sunt.

2179 609 2550 680 διατρίϐοντος
2583 611 2720 673 ἐκεῖ,
2762 611 2821 665 ἐν
2850 611 2929 682 τῷ
2966 611 3171 680 μεταξὺ
3221 612 3468 682 ἔκκριτοι
3503 615 3653 683 τρεῖς
3707 615 3755 647 ³⁸

2180 703 2292 756 τῶν
2319 703 2600 773 κομήτων.
2631 703 2661 757 ὃ
2688 720 2750 756 τε
2785 705 3119 776 Πουντέσης,
3146 705 3174 756 ὁ
3216 703 3492 767 Ῥεόόλδος
3546 705 3658 775 (59)
3711 707 3757 738 ’ν

2181 793 2276 846 καὶ
2309 793 2601 862 Γελιέλμος
2629 793 2744 864 (40)
2777 795 2824 828 ⁹⁴¹
2869 812 2956 859 τις
3002 794 3365 865 καλούμενος,
3404 797 3758 864 συνωμοσίαν

2183 887 2554 956 πεποιηκότες
2599 887 2974 956 αὐτομολῆσαι
3036 887 3171 957 πρὸς
3220 888 3314 941 τὸν
3357 886 3608 957 βασιλέα,
3659 890 3760 956 ἑφ-

2179 977 2497 1046 ωράθησαν.
2528 978 2642 1033 Καὶ
2675 981 2703 1033 ὁ
2743 980 2840 1049 μὲν
2871 979 3200 1047 Πουντέσης,
3251 977 3412 1032 τοῦτο
3459 979 3754 1045 προγνοὺς,

2187 1067 2501 1138 ἀποδράσας
2526 1070 2801 1138 προσῆλθε
2832 1069 2909 1141 τῷ
2935 1069 3321 1140 αὐτοκράτορι,
3363 1070 3411 1122 οἱ
3441 1068 3496 1121 δὲ
3521 1068 3676 1121 λιποὶ
3704 1068 3756 1099 ³⁹

2186 1158 2280 1212 δύο
2309 1161 2737 1230 κατεσχέθησαν,
2770 1163 2862 1216 καὶ
2895 1162 3247 1230 ἀπελύθησαν
3277 1160 3420 1214 κατὰ
3451 1161 3544 1213 τὸν
3587 1160 3759 1229 νόμον

2185 1251 2292 1305 τῶν
2334 1253 2555 1307 Κελτῶν
2589 1254 2700 1325 (Μ)
2756 1255 2837 1318 εις
2876 1255 3132 1324 πόλεμον.
3163 1255 3274 1309 Καὶ
3319 1251 3576 1325 ἡττηθεὶς
3639 1250 3753 1322 (42)

1594 1356 1792 1419 Varia:
1831 1357 2137 1424 lectiones
2171 1382 2248 1427 ex
2276 1366 2415 1429 cod.
2448 1365 2720 1430 Coislin.

547 1447 592 1514 f‘
623 1449 784 1511 τινές.
870 1453 913 1484 ³⁷
952 1451 1250 1516 Ῥικάλδος.
1309 1455 1355 1487 ³⁸
1384 1455 1691 1525 Γιλιέλμος,
1770 1461 1816 1492 ³⁸
1841 1458 2040 1515 λοιποί.

1585 1557 1726 1618 Car.
1760 1556 2094 1619 Dufresnii
2141 1559 2237 1620 Du
2267 1557 2488 1635 Cangii
2518 1563 2706 1622 notae.

583 1651 1011 1730 l38)__’§_cm,_edc.
1066 1657 1304 1730 ’ᾼσπρδς
1339 1655 1444 1710 hoc
1472 1654 1596 1710 loco
1643 1656 1840 1712 Album
1907 1658 2080 1730 signi-

513 1721 661 1776 ﬂeat.
695 1722 831 1775 Vide.
859 1724 1163 1780 GlosSari‘a.

2187 1659 2495 1714 Butelerius
2529 1661 2582 1714 in
2612 1661 2834 1733 Summa
2863 1662 3053 1722 rurali.
3103 1669 3244 1733 part.
3298 1677 3336 1725 ι,
3390 1660 3478 1733 tit.
3539 1659 3629 1716 39.
3669 1662 3747 1733 Αι

2187 1745 2344 1796 pmna
2376 1747 2481 1784 non
2515 1740 2774 1786 accusata
2805 1731 3118 1794 duntaxat,‘
3144 1733 3189 1787 si
3233 1731 3482 1797 superari
3531 1732 3746 1787 contin-

580 1792 694 1859 (59)
741 1792 1084 1867 Ῥεϐόλδος.
1118 1795 1297 1849 Malim
1341 1796 1636 1862 Ῥενόλδος,
1679 1806 1739 1854 ut
1771 1801 1841 1855 sit
1871 1798 2071 1853 Renol-

2180 1792 2352 1865 geret,
2384 1801 2751 1867 intligebatur,
2775 1818 2966 1856 verum
2997 1792 3161 1859 etiam
3195 1792 3479 1856 accusanti
3512 1810 3563 1854 et
3597 1802 3750 1857 dela-

510 1861 635 1926 dus,
678 1865 760 1917 vel
801 1865 1096 1930 Renaldus,
1156 1867 1313 1931 cujus
1367 1861 1797 1924 nomenclaturte
1828 1870 2073 1923 occurrit

511 1932 815 2004 Bainaldus
876 1937 1101 1997 Musca,
1162 1937 1308 1990 inter
1357 1939 1585 1994 comites
1643 1939 2070 2004 Normannicos,

512 2001 801 2076 G'uiscardi
835 2007 1039 2066 socios.
1070 2009 1212 2075 apud
1246 2006 1582 2062 Willelmum
1612 2009 1774 2076 Apul.
1804 2009 1902 2063 lib.
1938 2025 1997 2064 ιι.

585 2074 1117 2148 (ῥοχΓελιέλμοςζ
1149 2077 1294 2131 Inter
1323 2078 1535 2148 nobiles
1571 2074 1942 2141 Not-mannos,
1979 2079 2071 2148 qui

512 2145 567 2197 in
610 2145 765 2198 Italia
798 2147 957 2200 sedes
995 2145 1225 2200 ﬁxerunt
1256 2164 1377 2201 cum
1413 2147 1722 2204 Guiseardo
1752 2145 2073 2203 recenset’ur

512 2229 541 2265 a
579 2213 870 2269 Guillelmo
909 2218 1072 2283 Apul.
1109 2219 1204 2271 lib.
1238 2234 1321 2282 In.
1361 2215 1685 2275 Guilielmus
1728 2220 1871 2274 filius
1929 2218 2074 2273 Yvo-

509 2286 619 2343 nis.
660 2285 746 2339 cui
779 2286 886 2340 dux
923 2299 1273 2344 concesserat
1327 2291 1518 2343 urbem
1567 2291 1941 2344 Betontinasn.
1988 2292 2068 2344 An

511 2371 642 2407 vero
674 2357 839 2414 idem.
876 2358 968 2426 qui
1000 2361 1101 2415 hoc
1126 2360 1248 2415 loco
1277 2360 1346 2416 ab
1377 2362 1532 2414 Anna
1558 2369 1917 2426 memoratur,
1959 2376 2069 2415 non

511 2426 670 2494 p'ane
704 2436 942 2484 constat.

583 2497 693 2560 (Η)
729 2500 888 2552 Κατὰ
915 2501 1024 2552 τὸν
1048 2501 1238 2567 νόμον
1274 2502 1531 2558 Κελτῶν.
1565 2501 1788 2557 Lieebat
1823 2511 2065 2557 veterum

510 2564 849 2622 Francorum
875 2569 1086 2635 legibus
1113 2565 1181 2625 de
1216 2572 1444 2641 objectis
1505 2574 1831 2628 criminibus
1885 2573 2069 2626 duello

513 2651 574 2691 se
611 2652 864 2705 purgare,
891 2655 1002 2706 quo
1034 2641 1212 2695 victus
1238 2657 1338 2706 pro
1372 2643 1623 2696 convicto
1657 2643 1974 2697 habebatur.
2011 2641 2067 2696 ltl

512 2708 716 2779 passim
744 2709 928 2763 videre
973 2717 1058 2762 est
1118 2712 1172 2763 in
1231 2711 1338 2764 LL.
1400 2711 1787 2777 Burgundicis,
1848 2712 2064 2779 anoar.

512 2778 759 2831 Alaman.
827 2787 934 2833 etc.
974 2779 1277 2843 Barclaius,
1307 2783 1360 2834 in
1405 2781 1560 2835 Irone
1618 2778 1940 2842 animorum,
2001 2782 2068 2836 de

513 2847 681 2920 Gallis
714 2867 734 2920 εγ
773 2849 868 2902 llis
912 2850 1217 2904 auctoribus
1247 2853 1509 2920 quondam
1540 2853 1758 2914 factum,
1791 2861 1847 2905 ut
1885 2854 1938 2906 in
1963 2851 2067 2903 du-

513 2919 612 2972 biis
634 2917 878 2992 judiciis,
938 2936 1059 2992 cum
1110 2917 1373 2992 utrimque
1420 2932 1729 2992 argumenta
1783 2923 2058 2976 essentob-

513 3004 695 3048 scura,
728 2991 891 3066 armis
925 2989 1252 3066 litigantium
1275 2989 1600 3066 crederetur.
1638 2991 1703 3045 In
1733 2993 1932 3066 circum
1957 3008 2066 3066 arc-

514 3075 700 3111 namce
730 3061 940 3113 dimissi
971 3061 1298 3128 pugnabant:
1327 3065 1493 3116 victus
1524 3078 1618 3128 pro
1648 3072 1860 3116 nocente
1903 3063 2062 3120 habe-

2181 1871 2307 1942 tori.
2339 1871 2382 1924 si
2415 1871 3046 1942 duello‘succumheret,
3094 1873 3186 1942 qui
3222 1873 3330 1942 [ioc
3386 1871 3438 1924 in
3479 1885 3611 1942 casu
3664 1881 3751 1926 ta-

2178 1939 2343 1992 lionis
2379 1955 2539 2010 paena
2577 1940 2944 2010 plectebatur.
2982 1939 3178 1997 Comes
3207 1940 3633 1995 Glocestrensis.
3691 1944 3745 1996 in

2176 2017 2339 2080 tract.
2384 2009 2506 2064 'ms.
2561 2009 2628 2065 de
2679 2010 2922 2066 duellis:
2969 2012 3146 2067 Bonna
3201 2013 3290 2080 foy
3340 2020 3388 2064 et
3441 2010 3610 2063 bonne
3659 2011 3748 2080 log

2175 2078 2403 2150 d’armes
2426 2088 2564 2138 neut.
2599 2097 2700 2148 que
2729 2083 3019 2150 l‘appelant
3051 2085 3128 2136 ait
3158 2078 3348 2136 cacare
3378 2095 3573 2132 mesme
3595 2078 3750 2146 peine

2173 2165 2270 2214 que
2294 2149 2338 2202 le
2360 2151 2660 2219 defendant
2684 2149 2922 2206 deueroit
2946 2154 3120 2214 auoir,
3156 2153 3243 2206 s‘il
3271 2151 3429 2204 estoit
3461 2149 3524 2218 ,ἰὰ
3544 2152 3746 2219 gaincu

2173 2229 2221 2271 et
2247 2217 2522 2290 desconﬁt.
2557 2220 2613 2274 Id
2645 2221 2866 2276 disertis
2903 2222 3086 2276 verbis
3125 2223 3178 2276 in
3223 2217 3500 2290 legibusa
3543 2217 3741 2290 Fride-

2175 2288 2332 2343 rieoI
2367 2288 2698 2354 imperatore
2753 2293 2993 2347 conditis
3047 2288 3301 2346 cautum_
3331 2289 3530 2344 scribit
3583 2289 3712 2344 Gun

2175 2358 2383 2426 therus,
2415 2361 2510 2416 lib.
2548 2377 2620 2416 vu
2649 2360 2901 2432 Ligurini
2936 2379 2950 2416 :

2252 2474 2514 2538 Vulneris,
2546 2484 2638 2530 aut
2663 2477 2822 2530 ctrdis
2857 2478 3142 2541 convictus,
3179 2494 3297 2531 voce
3323 2476 3570 2538 duorum,

2242 2546 2344 2609 Qui
2369 2545 2523 2599 modo
2552 2564 2653 2599 non
2683 2547 2894 2616 fuerunt
2935 2547 3127 2602 eiola‘o
3161 2549 3414 2613 sanguine
3445 2547 3634 2614 imtcti,

2241 2619 2341 2670 Hic
2368 2625 2543 2682 caput,
2572 2618 2663 2670 ille
2693 2633 2906 2670 manum
2932 2618 3134 2680 perdat.
3170 2619 3231 2671 Si
3254 2627 3379 2670 teste
3409 2617 3608 2670 carebit

2245 2687 2429 2740 Altera
2461 2701 2607 2752 pars,
2640 2687 2950 2754 facinusque
2983 2689 3115 2740 volet
3142 2688 3423 2753 [arundine
3446 2701 3612 2755 pana:

2245 2756 2504 2817 Abiurare
2533 2773 2672 2815 reus.
2702 2758 2888 2822 poterit
2915 2757 3122 2824 jurare,
3156 2758 3412 2811 uolentem

2243 2825 2479 2887 Ouilibet
2507 2827 2686 2879 oblato
2720 2827 2862 2880 licite
2889 2826 3172 2894 reprobare
3193 2828 3395 2884 duello.

2240 2895 2510 2950 Passurus
2545 2896 2795 2961 similem,
2827 2913 2929 2950 non
2965 2898 3096 2950 victo
3121 2900 3362 2960 crimine,
3388 2910 3614 2960 paruam.

2171 2987 2409 3049 Idinsum
2453 2989 2642 3044 statuit
2681 2989 2966 3057 Philippus
2999 2990 3280 3055 Augustus
3335 2987 3584 3041 Francia!
3650 3003 3746 3042 res

2173 3059 2226 3111 in
2254 3057 2532 3122 Neustria,
2560 3075 2654 3112 seu
2709 3059 3049 3113 Normannia
3093 3070 3275 3112 nostra
3318 3057 3585 3125 deinceps
3646 3057 3750 3110 ob-

515 3129 690 3202 δαίωνἶ
738 3128 802 3182 Et
836 3125 1208 3184 inde-vesania:
1230 3135 1373 3202 origo
1397 3125 1534 3186 hanc
1554 3142 1759 3189 (etatem
1793 3133 2070 3199 infestans,
2101 3125 2144 3181 C
2175 3127 2499 3202 servandum
2529 3146 2542 3182 :
2577 3145 2700 3181 cum
2735 3138 2945 3202 antea,_
2967 3145 3070 3183 non
3100 3139 3158 3183 ut
3187 3131 3246 3202 in
3297 3128 3511 3202 creteris
3547 3127 3750 3202 Galliae

511 3215 632 3262 qua:
661 3199 778 3267 jam
817 3202 990 3255 auctis
1045 3202 1262 3264 ﬁnibus,
1312 3199 1430 3257 cum
1473 3204 1599 3256 olim
1664 3206 2072 3270 magistratuum

515 3271 740 3340 arbitrio
762 3280 917 3333 esset,
948 3271 1102 3324 hod'ie
1127 3272 1195 3325 ad
1231 3273 1564 3340 privatorum
1585 3274 1853 3327 libidinem
1881 3274 2074 3328 desire-

514 3340 608 3393 nit.
641 3338 776 3393 Vide
807 3340 1074 3395 Savaron.
1106 3342 1160 3395 in
1190 3338 1354 3404 tract,
1388 3344 1460 3398 De
1513 3343 1727 3403 duellis.
1786 3356 1840 3398 et
1896 3344 2070 3398 Isaac.

514 3407 848 3493 Romanum,
911 3412 1076 3493 2.98
1135 3411 1228 3493 lib.
1283 3413 1555 3493 vr,n0rig.
1591 3415 1944 3493 _Franc._ca_p.
1982 3415 2070 3468 I7.

516 3477 1007 3533 Transiitetiam‘in
1030 3477 1326 3545 imperium
1360 3477 1732 3538 Grzecvanicum
1765 3477 2070 3538 duellornm

516 3549 772 3621 ususénl
797 3552 908 3621 τοῖς
940 3549 1317 3621 ἀδήλοιςΝῖάε
1347 3552 1768 3621 PaclzymerJib.
1797 3553 2070 3620 1,cap.IO.

589 3618 699 3686 (42)
738 3619 841 3673 Kal
878 3618 1174 3687 ἡττηθείς.
1224 3620 1368 3676 Iussi
1415 3618 1582 3689 igitur
1632 3618 2070 3677 monomacliiani

515 3689 1008 3746 cum-delatoribus
1038 3689 1177 3743 inire
1203 3690 1479 3746 Renaldus
1524 3701 1576 3745 et
1613 3689 1934 3746 Guilielmus
1980 3707 2072 3746 co-

515 3759 698 3823 mites,
737 3759 805 3812 ab
839 3761 1018 3831 iisAin
1047 3775 1228 3831 arena
1283 3773 1465 3817 coram
1521 3761 1803 3831 judicibus
1846 3761 2070 3823 devicti.

517 3837 774 3900 tanquam
813 3831 887 3884 rei
924 3829 1015 3884 Dei
1037 3829 1247 3898 judicio
1273 3829 1534 3893 convicti,
1560 3845 1750 3900 pmnas
1778 3831 2066 3886 dederunt.

514 3896 681 3954 Patria
707 3915 836 3954 vero
859 3901 970 3963 illa,
1007 3896 1127 3971 quas
1163 3901 1312 3954 victo
1338 3896 1702 3971 irrogabatur,
1731 3902 1880 3954 varia
1907 3911 1960 3955 et
1986 3903 2073 3955 di-

511 3983 680 4022 versa.
697 3979 814 4023 erat
832 3987 929 4039 pro
955 3970 1202 4042 criminis
1219 3971 1437 4042 objecti,
1463 3970 1542 4025 vel
1560 3971 1806 4042 denegati
1826 3972 2067 4028 ratione:

513 4042 732 4109 gravior
755 4055 949 4109 nempe
975 4042 1028 4095 in
1055 4041 1293 4107 capitali.
1320 4042 1491 4096 levior
1517 4044 1570 4096 in
1601 4041 1787 4094 levibri
1814 4042 2066 4099 crimine.

513 4107 714 4182 Yerum
751 4107 1057 4178 quia—leges
1087 4119 1138 4164 et
1171 4111 1349 4163 edicta
1379 4113 1686 4182 principum
1709 4110 1888 4182 duelli
1917 4111 2068 4179 judi-

515 4180 683 4249 cium.
721 4195 816 4234 seu
858 4195 1110 4241 examen.
1153 4179 1423 4249 nusquam
1459 4179 1583 4249 lere
1615 4180 1722 4236 nisi
1770 4181 1824 4234 in
1861 4182 2071 4249 capita-

514 4248 659 4302 l'lnts
697 4249 882 4304 causis
913 4241 1293 4311 admittebant,
1335 4247 1538 4302 factum
1574 4241 1698 4303 inde
1732 4260 1789 4303 ut
1823 4241 2069 4304 extremo

515 4318 747 4372 allectos
778 4318 1052 4386 supplicio
1094 4317 1265 4372 vietos
1297 4318 1616 4387 plerumque
1655 4321 1918 4387 legamus.
1975 4328 2069 4373 aut

514 4387 778 4468 tnetzibris
808 4387 1415 4468 nttttilatos.Pl_tilipptts,
1445 4388 1878 4468 cogml’ulcher,
1898 4388 2067 4468 Fran-

516 4472 615 4509 (ῚΞΕ
638 4471 728 4507 rex
765 4473 816 4509 ιη
848 4471 933 4517 ea,

516 4539 606 4581 an.
640 4525 777 4578 I506
825 4542 840 4580 :
899 4525 1099 4597 Encore
1141 4528 1355 4581 voulons
1381 4537 1430 4581 et
1462 4529 1782 4590 ordonnons,
1811 4525 1909 4597 que
1947 4528 2070 4582 sele

515 4597 702 4666 uninru
742 4606 817 4649 est
854 4597 942 4664 vi].
972 4595 1100 4665 qu‘il
1133 4601 1232 4650 soit
1278 4614 1342 4651 en
1371 4607 1542 4650 estant
1583 4599 1716 4662 leue,
1761 4595 1948 4666 et‘par
1995 4599 2068 4651 les

515 4665 625 4717 rois
655 4662 997 4738 d‘_armes,ou
1038 4666 1227 4738 heraus
1273 4668 1359 4736 lay
1403 4669 1568 4722 soicnt
1618 4669 1700 4738 les
1751 4662 2070 4738 esguillettes

515 4736 789 4807 couppées,
837 4745 888 4807 et
919 4744 1028 4807 tout
1059 4753 1152 4789 son
1179 4737 1393 4790 harnois
1428 4739 1489 4801 ca
1521 4748 1568 4790 et
1605 4737 1656 4790 te
1682 4754 1780 4807 par
1808 4736 1855 4790 le
1885 4737 2072 4803 champ

515 4804 660 4860 ictté‘.
696 4815 744 4856 et
778 4806 895 4872 puis
937 4806 966 4856 ὰ
1019 4814 1154 4860 terre
1191 4808 1421 4860 couché:
1449 4817 1496 4859 et
1528 4824 1582 4860 se
1613 4807 1652 4860 il
1675 4804 1753 4861 est
1777 4815 1935 4869 mort,
1966 4808 2070 4860 soit

2177 3199 2494 3267 provinciis.
2527 3215 2590 3252 ex
2622 3209 2867 3254 veterum
2901 3197 3248 3253 Normannize
3296 3197 3497 3252 ducum
3535 3197 3752 3251 edictis

2177 3283 2314 3323 usus
2341 3268 2688 3332 invaluisset,
2717 3278 2774 3323 ut
2804 3269 3013 3322 delator
3058 3269 3241 3323 duello
3268 3268 3469 3330 victus,
3530 3275 3752 3320 certam

2175 3339 2423 3416 pecuniae
2452 3355 2721 3416 summam
2762 3350 3227 3416 I'fﬂnl'ill-mel'alei,
3397 3335 3547 3390 omni
3583 3349 3758 3416 pgna

2174 3403 2241 3461 de
2298 3420 2497 3464 caetero
2560 3409 2721 3465 liber.
2783 3403 3098 3466 Willclmus
3124 3410 3275 3464 Brito
3307 3407 3404 3462 lib.
3444 3403 3598 3471 vm,’
3623 3403 3759 3459 Phi-

2173 3477 2311 3548 Iipp.

2247 3570 2502 3632 Ouazdam
2526 3583 2617 3626 aut
2643 3573 2702 3626 in-
2727 3573 2910 3626 melius
2935 3573 3049 3640 iuri
3071 3572 3346 3626 contraria
3377 3577 3606 3624 mutans

2176 3639 2195 3658 ⁸
2245 3640 2779 3714 ροηκιίιιιίενριιυὶιεε
2809 3652 2864 3696 ut
2897 3639 2950 3696 in
2981 3644 3124 3696 omni
3159 3643 3293 3714 talio
3327 3657 3502 3709 pugna

2225 3709 2530 3781 ﬁanquinis
2555 3713 2607 3766 in
2632 3709 2808 3766 caus-is
2851 3715 2918 3765 ad
2941 3729 3118 3780 ptrnas
3152 3713 3323 3781 exigat
3351 3727 3534 3778 (equas
3567 3724 3591 3764 :

2253 3780 2435 3834 Victus
2465 3790 2519 3834 ut
2557 3784 2851 3850 appellans.
2887 3783 2991 3836 sive
3031 3780 3324 3846 appellatus
3359 3784 3548 3835 eadem

2248 3850 2385 3920 Lege
2413 3851 2688 3920 ligaretur,
2720 3853 2960 3906 mutilari
2991 3862 3081 3906 aut
3111 3853 3326 3919 perdere
3352 3852 3544 3912 vitam,

2241 3919 2563 3992 Morisenint
2586 3925 2864 3976 exstiterat
2891 3923 3030 3992 apud
3055 3922 3174 3975 illos
3201 3923 3275 3988 (a)
3301 3921 3588 3986 hactenus,
3623 3928 3684 3974 ut
3711 3919 3766 3976 si

2245 3991 2541 4060 Appellans
2567 3995 2732 4046 victus
2765 3995 2816 4046 in
2847 4009 3009 4047 causa
3035 3994 3310 4059 sanguinis
3334 4000 3494 4051 esset,

2241 4061 2348 4116 Sea:
2374 4063 2570 4116 solidos
2593 4063 2764 4115 decies
2797 4078 2916 4114 cum
2951 4079 3170 4115 nummo
3200 4061 3419 4114 solveret
3451 4076 3594 4114 uno.

2242 4133 2396 4195 Quod
2427 4133 2474 4185 si
2507 4133 2826 4199 appellatum
2854 4133 2988 4184 vinci
3016 4133 3357 4199 contingeret,
3396 4131 3550 4184 omni

2241 4201 2313 4256 Re
2346 4203 2661 4264 privaretur,
2700 4211 2748 4254 et
2784 4202 2926 4268 turpi
2961 4211 3126 4254 morte
3156 4203 3370 4268 periret.

2239 4272 2402 4342 299
2437 4271 2705 4342 lnjustu_m
2725 4270 3041 4342 justusjtoc
3065 4271 3211 4337 juste
3240 4286 3331 4342 rea:
3357 4271 3664 4342 revocavit,

2240 4338 2409 4411 Regule
2443 4338 2594 4411 pares
2632 4339 2852 4395 Francis
2885 4338 3227 4395 Normannos
3275 4340 3398 4408 fecit
3435 4341 3490 4395 in
3535 4343 3682 4396 ista.

967 4457 1218 4523 quamde
1241 4455 1437 4512 duellis
1465 4457 2068 4526 edidit,constitutione
2101 4471 2144 4526 ι)
2175 4459 2318 4513 Sane
2366 4459 2421 4512 in
2471 4455 2684 4526 legibus
2738 4457 2996 4512 Willelmi
3051 4455 3213 4511 Nothi
3273 4471 3300 4508 a
3358 4457 3765 4526 Bromptono,

2175 4528 2485 4584 Lambardo
2543 4535 2599 4582 et
2630 4527 2864 4582 Seldeno
2893 4527 3054 4597 editis
3089 4527 3223 4597 nihil
3259 4541 3288 4580 a
3317 4541 3400 4579 me
3453 4529 3767 4597 ejusmodi

2177 4601 2556 4661 observatum,
2594 4597 2662 4651 iis
2695 4598 2832 4652 locis
2859 4597 2950 4650 ubi
2986 4595 3052 4650 de
3080 4596 3265 4649 duello
3292 4595 3500 4663 agitur.
3572 4598 3768 4652 Porro

2176 4669 2360 4724 duello
2393 4668 2565 4721 victos
2599 4681 2855 4736 supremo
2908 4665 3197 4736 multatos_
3223 4666 3498 4733 supplicio
3536 4670 3772 4732 passim

2181 4738 2405 4792 tradunt
2461 4733 2770 4804 scriptores
2808 4735 3082 4790 :Annales
3148 4733 3352 4804 Franc.
3407 4736 3778 4802 Bertiniani,

2178 4809 2431 4870 an.89.o;
2464 4803 2659 4860 Chron.
2694 4805 3160 4866 llildesheimense,
3191 4819 3282 4858 an.
3305 4803 3446 4869 969;
3499 4807 3778 4860 Dithma-

515 4873 655 4926 ainsi
687 4873 936 4927 desarmé‘
959 4881 1009 4926 et
1066 4875 1117 4928 Ιὰ
1175 4875 1338 4929 Ιαίκεέ
1382 4877 1587 4943 iusqu‘a
1655 4886 1834 4931 nostre
1873 4878 2070 4930 ordon-

515 4960 701 5003 nance.
736 4945 826 5014 qui
849 4960 965 4997 sera
999 4944 1062 4997 de
1094 4949 1415 5014 pardonner,
1455 4964 1519 5000 ou
1555 4947 1692 5014 faire
1719 4948 1924 5007 iustice,
1959 4957 2073 5000 tout

513 5015 655 5067 ainsi
702 5030 800 5081 que
848 5015 947 5068 bon
1000 5032 1131 5070 nous
1183 5017 1460 5069 srmblera.
1535 5015 1849 5070 llarduinus
1911 5016 1975 5069 de
2018 5017 2073 5071 la

511 5084 692 5144 Jaille,
721 5087 774 5138 in
831 5092 1070 5141 tractatu.
1117 5101 1222 5139 ms.
1253 5085 1325 5138 du
1363 5083 1564 5154 Champ
1603 5087 1665 5139 de
1710 5085 1965 5148 Bataille,
2005 5087 2072 5140 ad

512 5155 893 5221 qumstionem.
935 5170 1042 5216 qua
1079 5155 1324 5207 mulctari
1361 5170 1518 5222 pinna
1571 5159 1745 5210 victus
1781 5155 1961 5219 debet,
1993 5157 2074 5210 sic

513 5227 732 5291 reponit
771 5242 783 5277 :
826 5222 884 5278 Si
916 5223 1196 5291 c’estpour
1225 5227 1463 5279 trahith
1519 5243 1584 5278 ou
1638 5227 1877 5280 meurdre
1927 5227 2072 5278 droit

514 5293 768 5356 d’armes,
806 5295 991 5365 raison
1021 5304 1068 5348 et
1101 5296 1286 5365 iustice
1316 5295 1530 5348 veulent’
1565 5296 1696 5365 qu‘il
1725 5297 1827 5349 soit
1883 5312 1981 5364 par
2025 5296 2071 5348 le

512 5373 715 5429 sergent
741 5364 982 5417 crimine!
1006 5364 1316 5424 couchéJié‘,
1347 5374 1393 5418 et
1429 5364 1629 5419 traisné
1657 5382 1750 5419 sur
1784 5381 1884 5418 une
1909 5365 2064 5429 cloie,

513 5431 585 5485 les
609 5433 754 5500 picds
782 5435 974 5486 deuant
993 5434 1194 5487 horsldu
1217 5435 1420 5503 champ.
1440 5443 1487 5487 et
1519 5437 1582 5487 de
1616 5436 1668 5488 ta
1711 5451 1807 5500 par
1837 5438 2069 5487 cheuaua:

515 5519 581 5552 an
618 5517 648 5568 g
673 5505 772 5574 bet.
797 5519 932 5569 pour
961 5517 1094 5557 estre
1115 5506 1306 5570 pendu.
1337 5522 1402 5557 ou
1421 5521 1482 5561 en
1510 5506 1562 5559 la
1603 5505 1751 5574 place
1780 5507 1843 5558 de
1872 5505 1924 5557 la
1953 5505 2071 5558 ville

516 5574 669 5622 nnoir
693 5573 744 5622 la
773 5582 901 5623 teste
943 5576 1208 5633 tranchée.
1247 5584 1293 5627 et
1323 5574 1367 5626 le
1402 5584 1511 5628 tout
1550 5577 1694 5629 sclon
1730 5575 1782 5627 la
1830 5583 2072 5628 coutume

514 5640 585 5691 du
631 5642 818 5704 duc/id,
851 5651 955 5695 ctc.
1013 5640 1109 5696 His
1155 5654 1522 5701 consentanea
1563 5654 1692 5700 sunt
1743 5660 1864 5714 qua:
1911 5644 2074 5700 liabet

2181 4894 2298 4941 rus,
2325 4877 2418 4931 lib.
2449 4891 2547 4936 Ill;
2583 4874 2807 4930 Simeon
2843 4873 3226 4928 Dunelmensis
3271 4882 3324 4926 et
3371 4873 3671 4930 Radulfus
3707 4877 3783 4932 de

2184 4948 2392 5006 Diceto,
2427 4960 2519 4999 an.
2551 4944 2728 5011 1096;
2775 4946 2835 4999 Ι).
2870 4944 3204 5005 Bernardns,
3233 4945 3397 5010 epist.
3433 4943 3514 4997 59
3547 4962 3564 5011 ;
3621 4945 3782 5000 Hen-

2180 5018 2329 5071 ricus
2373 5017 2439 5069 de
2469 5015 2767 5081 Knigliton,
2798 5029 2888 5068 an.
2923 5011 3572 5079 1385;Monstrelletus,
3613 5032 3626 5068 I
3662 5015 3779 5069 vol.

2179 5102 2300 5154 cap.
2331 5087 2437 5149 23;
2481 5084 2785 5139 Edwardus
2821 5084 3156 5154 Bysseusdin
3195 5082 3318 5136 Not.
3346 5082 3413 5154 ad
3461 5083 3778 5153 Uptonum

2178 5151 2302 5224 pair.
2343 5157 2434 5217 56,
2458 5165 2566 5210 etc.
2602 5157 2762 5206 Arma
2795 5151 2926 5209 vero
2948 5151 3133 5224 duello
3173 5151 3634 5224 succumbentis,
3676 5171 3780 5207 co-

2182 5222 2331 5280 initis
2378 5224 2591 5280 Stabuli
2646 5234 2822 5281 erant.
2871 5223 2964 5292 qui
3009 5222 3294 5292 certamini
3352 5222 3584 5290 judicis
3653 5225 3781 5278 loco

2179 5305 2432 5364 praeerat,
2490 5294 2573 5346 vel
2615 5293 2852 5364 domini,
2893 5290 3002 5362 per
3052 5293 3198 5362 leges
3249 5290 3780 5364 Hierosolxmitani

2180 5360 2356 5430 regni,
2398 5379 2537 5434 quas
2576 5363 2841 5434 Assissitts
2902 5360 3124 5434 vocant,
3171 5376 3288 5434 cap.
3328 5360 3400 5434 96
3441 5377 3480 5434 :_
3514 5360 3592 5416 Et
3635 5362 3786 5418 celui

2173 5436 2264 5500 qui
2291 5430 2569 5488 sera'mort
2608 5435 2658 5486 el
2683 5432 2886 5499 champ,
2916 5431 2962 5485 le
2989 5433 3197 5499 seignor
3231 5430 3277 5482 le
3303 5431 3414 5482 dos't
3448 5431 3610 5499 [nire
3637 5435 3783 5488 trai-

2178 5521 2270 5557 ner
2294 5515 2341 5556 et
2367 5502 2561 5571 pendre
2601 5519 2620 5556 :
2653 5510 2701 5556 et
2717 5502 2790 5554 les
2825 5518 2996 5571 armes
3023 5501 3127 5552 dou
3161 5501 3343 5552 vaincu
3372 5502 3615 5556 doirent
3643 5515 3786 5558 estrc

2178 5575 2280 5626 dou
2315 5570 2681 5635 Gannestable,
2712 5581 2760 5624 et
2795 5570 2946 5624 celles
2997 5572 3104 5622 dou
3137 5571 3432 5640 eainqueur
3493 5574 3596 5640 qui
3659 5580 3787 5626 sont

2180 5646 2395 5708 brisées,
2453 5653 2499 5698 et
2541 5647 2719 5698 checnt
2743 5658 2835 5696 sur
2867 5642 2912 5695 la
2935 5643 3142 5708 champ.
3177 5637 3243 5692 Et
3276 5653 3330 5691 se
3357 5637 3618 5706 pais'est
3647 5643 3787 5713 [uite

577 5815 647 5878 in)
677 5813 994 5866 Normannos.
1635 5865 1643 5871 ,
1772 5862 1800 5876 ,,
1965 5849 2009 5894 4.
2050 5847 2060 5866 ι
