  <div class='ocr_page' id='page_1' title='image "/cluster/home/n/w/nwhite01/storage/ocr_20150623/131/mdp.39015078384248/216.png"; bbox 0 0 4022 6270; ppageno 0'>
   <div class='ocr_carea' id='block_1_1' title="bbox 298 411 401 479">
    <p class='ocr_par' dir='ltr' id='par_1_1' title="bbox 298 411 401 479">
     <span class='ocr_line' id='line_1_1' title="bbox 298 411 401 479; baseline 0.049 -5"><span class='ocrx_word' id='word_1_1' title='bbox 298 411 401 479; x_wconf 69' lang='lat'><strong>409</strong></span> 
     </span>
    </p>
   </div>
   <div class='ocr_carea' id='block_1_2' title="bbox 1494 420 2215 489">
    <p class='ocr_par' dir='ltr' id='par_1_2' title="bbox 1494 420 2215 489">
     <span class='ocr_line' id='line_1_2' title="bbox 1494 420 2215 489; baseline 0.01 -9"><span class='ocrx_word' id='word_1_2' title='bbox 1494 420 1905 484; x_wconf 77' lang='lat' dir='ltr'><strong>ALEXIADIS</strong></span> <span class='ocrx_word' id='word_1_3' title='bbox 1941 422 2086 487; x_wconf 87' lang='lat' dir='ltr'><strong>LIB.</strong></span> <span class='ocrx_word' id='word_1_4' title='bbox 2132 428 2182 489; x_wconf 90' lang='lat' dir='ltr'><strong>V</strong></span> <span class='ocrx_word' id='word_1_5' title='bbox 2198 471 2215 487; x_wconf 93' lang='lat'><strong>.</strong></span> 
     </span>
    </p>
   </div>
   <div class='ocr_carea' id='block_1_3' title="bbox 3439 433 3549 499">
    <p class='ocr_par' dir='ltr' id='par_1_3' title="bbox 3439 433 3549 499">
     <span class='ocr_line' id='line_1_3' title="bbox 3439 433 3549 499; baseline 0.009 -1"><span class='ocrx_word' id='word_1_6' title='bbox 3439 433 3549 499; x_wconf 66' lang='grc'><strong>410</strong></span> 
     </span>
    </p>
   </div>
   <div class='ocr_carea' id='block_1_4' title="bbox 299 531 1854 621">
    <p class='ocr_par' dir='ltr' id='par_1_4' title="bbox 299 531 1849 608">
     <span class='ocr_line' id='line_1_4' title="bbox 299 531 1849 608; baseline 0.005 -24"><span class='ocrx_word' id='word_1_7' title='bbox 299 531 609 601; x_wconf 73' lang='grc' dir='ltr'>κατεϐλήθη</span> <span class='ocrx_word' id='word_1_8' title='bbox 636 532 664 581; x_wconf 99' lang='lat'><strong>6</strong></span> <span class='ocrx_word' id='word_1_9' title='bbox 687 532 999 604; x_wconf 81' lang='grc' dir='ltr'>Γελιέλμος,</span> <span class='ocrx_word' id='word_1_10' title='bbox 1032 532 1076 567; x_wconf 78' lang='grc' dir='ltr'>⁸ο</span> <span class='ocrx_word' id='word_1_11' title='bbox 1099 533 1159 587; x_wconf 80' lang='grc' dir='ltr'>ὃν</span> <span class='ocrx_word' id='word_1_12' title='bbox 1190 534 1285 590; x_wconf 73' lang='grc' dir='ltr'><strong>καὶ</strong></span> <span class='ocrx_word' id='word_1_13' title='bbox 1316 537 1606 608; x_wconf 82' lang='grc' dir='ltr'>κατασχὼν</span> <span class='ocrx_word' id='word_1_14' title='bbox 1634 538 1849 607; x_wconf 80' lang='grc' dir='ltr'>ἐτύφλω</span> 
     </span>
    </p>
   </div>
   <div class='ocr_carea' id='block_1_5' title="bbox 1962 531 3544 621">
    <p class='ocr_par' dir='ltr' id='par_1_5' title="bbox 1984 540 3544 621">
     <span class='ocr_line' id='line_1_5' title="bbox 1984 540 3544 621; baseline 0.006 -23"><span class='ocrx_word' id='word_1_15' title='bbox 1984 540 2175 599; x_wconf 85' lang='lat' dir='ltr'><strong>Victus</strong></span> <span class='ocrx_word' id='word_1_16' title='bbox 2203 542 2527 602; x_wconf 79' lang='lat' dir='ltr'><strong>Guillelmus</strong></span> <span class='ocrx_word' id='word_1_17' title='bbox 2558 560 2655 614; x_wconf 90' lang='lat' dir='ltr'><strong>pro</strong></span> <span class='ocrx_word' id='word_1_18' title='bbox 2689 547 2941 603; x_wconf 84' lang='lat' dir='ltr'><strong>convicto</strong></span> <span class='ocrx_word' id='word_1_19' title='bbox 2976 559 3056 604; x_wconf 88' lang='lat' dir='ltr'><strong>est</strong></span> <span class='ocrx_word' id='word_1_20' title='bbox 3088 548 3334 617; x_wconf 88' lang='lat' dir='ltr'><strong>habitus,</strong></span> <span class='ocrx_word' id='word_1_21' title='bbox 3382 567 3544 621; x_wconf 87' lang='lat' dir='ltr'><strong>quem</strong></span> 
     </span>
    </p>
   </div>
   <div class='ocr_carea' id='block_1_6' title="bbox 302 622 1877 697">
    <p class='ocr_par' dir='ltr' id='par_1_6' title="bbox 302 622 1877 697">
     <span class='ocr_line' id='line_1_6' title="bbox 302 622 1877 697; baseline 0.007 -25"><span class='ocrx_word' id='word_1_22' title='bbox 302 639 409 673; x_wconf 85' lang='grc' dir='ltr'>σεν.</span> <span class='ocrx_word' id='word_1_23' title='bbox 441 622 549 675; x_wconf 76' lang='grc' dir='ltr'><strong>Τὸν</strong></span> <span class='ocrx_word' id='word_1_24' title='bbox 584 623 641 677; x_wconf 82' lang='grc' dir='ltr'><strong>δέ</strong></span> <span class='ocrx_word' id='word_1_25' title='bbox 668 640 732 690; x_wconf 81' lang='grc' dir='ltr'>γε</span> <span class='ocrx_word' id='word_1_26' title='bbox 787 624 973 696; x_wconf 75' lang='grc' dir='ltr'>ἕτερον</span> <span class='ocrx_word' id='word_1_27' title='bbox 1032 625 1309 680; x_wconf 80' lang='grc' dir='ltr'>Ῥεϐόλδον</span> <span class='ocrx_word' id='word_1_28' title='bbox 1336 627 1381 659; x_wconf 86' lang='grc'>⁸¹</span> <span class='ocrx_word' id='word_1_29' title='bbox 1414 628 1703 682; x_wconf 81' lang='grc' dir='ltr'>ἀπέστειλε</span> <span class='ocrx_word' id='word_1_30' title='bbox 1740 631 1877 697; x_wconf 60' lang='grc' dir='ltr'>πρὸς</span> 
     </span>
    </p>
   </div>
   <div class='ocr_carea' id='block_1_7' title="bbox 298 713 1872 788">
    <p class='ocr_par' dir='ltr' id='par_1_7' title="bbox 298 713 1872 788">
     <span class='ocr_line' id='line_1_7' title="bbox 298 713 1872 788; baseline 0.004 -25"><span class='ocrx_word' id='word_1_31' title='bbox 298 713 387 765; x_wconf 62' lang='grc' dir='ltr'>τ’,ν</span> <span class='ocrx_word' id='word_1_32' title='bbox 443 714 657 783; x_wconf 77' lang='grc' dir='ltr'>πατέρα</span> <span class='ocrx_word' id='word_1_33' title='bbox 714 715 882 769; x_wconf 81' lang='grc' dir='ltr'>αὐτοῦ</span> <span class='ocrx_word' id='word_1_34' title='bbox 943 716 1277 788; x_wconf 84' lang='grc' dir='ltr'>Ῥομπέρτον</span> <span class='ocrx_word' id='word_1_35' title='bbox 1324 720 1404 781; x_wconf 83' lang='grc' dir='ltr'><strong>είς</strong></span> <span class='ocrx_word' id='word_1_36' title='bbox 1450 720 1872 788; x_wconf 78' lang='grc' dir='ltr'>Λογγιόαρδίαν,</span> 
     </span>
    </p>
   </div>
   <div class='ocr_carea' id='block_1_8' title="bbox 300 796 1873 878">
    <p class='ocr_par' dir='ltr' id='par_1_8' title="bbox 300 796 1873 878">
     <span class='ocr_line' id='line_1_8' title="bbox 300 796 1873 878; baseline 0.006 -26"><span class='ocrx_word' id='word_1_37' title='bbox 300 796 469 868; x_wconf 71' lang='grc' dir='ltr'><strong>ὑφόὗ</strong></span> <span class='ocrx_word' id='word_1_38' title='bbox 504 804 828 872; x_wconf 78' lang='grc' dir='ltr'>ἀφαιρεῖται</span> <span class='ocrx_word' id='word_1_39' title='bbox 862 808 953 859; x_wconf 77' lang='grc' dir='ltr'>καὶ</span> <span class='ocrx_word' id='word_1_40' title='bbox 985 801 1137 867; x_wconf 69' lang='grc' dir='ltr'>οὗτος</span> <span class='ocrx_word' id='word_1_41' title='bbox 1166 809 1294 869; x_wconf 86' lang='grc' dir='ltr'>τοὺς</span> <span class='ocrx_word' id='word_1_42' title='bbox 1341 809 1672 878; x_wconf 83' lang='grc' dir='ltr'>ὀφθαλμούς.</span> <span class='ocrx_word' id='word_1_43' title='bbox 1716 810 1774 862; x_wconf 85' lang='grc' dir='ltr'>Ὀ</span> <span class='ocrx_word' id='word_1_44' title='bbox 1819 811 1873 862; x_wconf 85' lang='grc' dir='ltr'>δὲ</span> 
     </span>
    </p>
   </div>
   <div class='ocr_carea' id='block_1_9' title="bbox 297 892 1870 967">
    <p class='ocr_par' dir='ltr' id='par_1_9' title="bbox 297 892 1870 967">
     <span class='ocr_line' id='line_1_9' title="bbox 297 892 1870 967; baseline 0.004 -24"><span class='ocrx_word' id='word_1_45' title='bbox 297 892 659 960; x_wconf 68' lang='grc' dir='ltr'>Βαῖςιοῦντος,</span> <span class='ocrx_word' id='word_1_46' title='bbox 683 896 903 964; x_wconf 80' lang='grc' dir='ltr'><strong>ἀπάρας</strong></span> <span class='ocrx_word' id='word_1_47' title='bbox 933 897 1038 949; x_wconf 65' lang='grc' dir='ltr'><strong>ἀπὸ</strong></span> <span class='ocrx_word' id='word_1_48' title='bbox 1066 896 1176 950; x_wconf 83' lang='grc' dir='ltr'><strong>τῶν</strong></span> <span class='ocrx_word' id='word_1_49' title='bbox 1209 898 1471 967; x_wconf 81' lang='grc' dir='ltr'>Ἀσπρων</span> <span class='ocrx_word' id='word_1_50' title='bbox 1507 899 1870 967; x_wconf 86' lang='grc' dir='ltr'>Ἐκκλησιῶν,</span> 
     </span>
    </p>
   </div>
   <div class='ocr_carea' id='block_1_10' title="bbox 296 982 1869 1058">
    <p class='ocr_par' dir='ltr' id='par_1_10' title="bbox 296 982 1869 1058">
     <span class='ocr_line' id='line_1_10' title="bbox 296 982 1869 1058; baseline 0.004 -24"><span class='ocrx_word' id='word_1_51' title='bbox 296 982 540 1051; x_wconf 80' lang='grc' dir='ltr'><strong>ἀπῆλθεν</strong></span> <span class='ocrx_word' id='word_1_52' title='bbox 584 987 663 1046; x_wconf 89' lang='grc' dir='ltr'><strong>είς</strong></span> <span class='ocrx_word' id='word_1_53' title='bbox 701 986 1035 1054; x_wconf 84' lang='grc' dir='ltr'>Καστορίαν.</span> <span class='ocrx_word' id='word_1_54' title='bbox 1091 986 1263 1039; x_wconf 80' lang='grc' dir='ltr'>Τοῦτο</span> <span class='ocrx_word' id='word_1_55' title='bbox 1299 988 1487 1055; x_wconf 80' lang='grc' dir='ltr'>μαθὼν</span> <span class='ocrx_word' id='word_1_56' title='bbox 1516 990 1544 1041; x_wconf 94' lang='lat'><strong>6</strong></span> <span class='ocrx_word' id='word_1_57' title='bbox 1578 990 1751 1058; x_wconf 81' lang='grc' dir='ltr'><strong>μέγας</strong></span> <span class='ocrx_word' id='word_1_58' title='bbox 1783 989 1869 1041; x_wconf 85' lang='grc' dir='ltr'><strong>δο-</strong></span> 
     </span>
    </p>
   </div>
   <div class='ocr_carea' id='block_1_11' title="bbox 299 1075 1874 1150">
    <p class='ocr_par' dir='ltr' id='par_1_11' title="bbox 299 1075 1874 1150">
     <span class='ocr_line' id='line_1_11' title="bbox 299 1075 1874 1150; baseline 0.005 -25"><span class='ocrx_word' id='word_1_59' title='bbox 299 1075 561 1144; x_wconf 82' lang='grc' dir='ltr'>μέστικος</span> <span class='ocrx_word' id='word_1_60' title='bbox 610 1078 1023 1146; x_wconf 72' lang='grc' dir='ltr'>καταλαμὸἁνει</span> <span class='ocrx_word' id='word_1_61' title='bbox 1054 1078 1121 1132; x_wconf 81' lang='grc' dir='ltr'>τὰ</span> <span class='ocrx_word' id='word_1_62' title='bbox 1148 1080 1423 1147; x_wconf 84' lang='grc' dir='ltr'>Μόγλενα,</span> <span class='ocrx_word' id='word_1_63' title='bbox 1456 1081 1549 1133; x_wconf 73' lang='grc' dir='ltr'><strong>καὶ</strong></span> <span class='ocrx_word' id='word_1_64' title='bbox 1581 1081 1874 1150; x_wconf 85' lang='grc' dir='ltr'>κατασχὼν</span> 
     </span>
    </p>
   </div>
   <div class='ocr_carea' id='block_1_12' title="bbox 292 1167 1872 1242">
    <p class='ocr_par' dir='ltr' id='par_1_12' title="bbox 292 1167 1872 1242">
     <span class='ocr_line' id='line_1_12' title="bbox 292 1167 1872 1242; baseline 0.006 -25"><span class='ocrx_word' id='word_1_65' title='bbox 292 1167 384 1217; x_wconf 77' lang='grc' dir='ltr'><strong>τὸν</strong></span> <span class='ocrx_word' id='word_1_66' title='bbox 415 1167 758 1235; x_wconf 78' lang='grc' dir='ltr'>Σαρακηνὸν,</span> <span class='ocrx_word' id='word_1_67' title='bbox 806 1170 1007 1223; x_wconf 81' lang='grc' dir='ltr'><strong>κτείνει</strong></span> <span class='ocrx_word' id='word_1_68' title='bbox 1059 1172 1374 1239; x_wconf 76' lang='grc' dir='ltr'>παραυτίκα</span> <span class='ocrx_word' id='word_1_69' title='bbox 1420 1174 1732 1242; x_wconf 80' lang='grc' dir='ltr'>ἐρειπώσας</span> <span class='ocrx_word' id='word_1_70' title='bbox 1781 1192 1872 1227; x_wconf 85' lang='grc' dir='ltr'>τε·</span> 
     </span>
    </p>
   </div>
   <div class='ocr_carea' id='block_1_13' title="bbox 292 1257 1872 1331">
    <p class='ocr_par' dir='ltr' id='par_1_13' title="bbox 292 1257 1872 1331">
     <span class='ocr_line' id='line_1_13' title="bbox 292 1257 1872 1331; baseline 0.005 -22"><span class='ocrx_word' id='word_1_71' title='bbox 292 1257 453 1317; x_wconf 86' lang='grc' dir='ltr'>λείως</span> <span class='ocrx_word' id='word_1_72' title='bbox 476 1258 539 1310; x_wconf 82' lang='grc' dir='ltr'>τὸ</span> <span class='ocrx_word' id='word_1_73' title='bbox 567 1259 884 1312; x_wconf 85' lang='grc' dir='ltr'>καστέλλιον</span> <span class='ocrx_word' id='word_1_74' title='bbox 910 1261 974 1315; x_wconf 81' lang='grc'><strong>⁸¹.</strong></span> <span class='ocrx_word' id='word_1_75' title='bbox 1005 1261 1063 1314; x_wconf 84' lang='lat'><strong>&#39;0</strong></span> <span class='ocrx_word' id='word_1_76' title='bbox 1091 1264 1146 1316; x_wconf 83' lang='grc' dir='ltr'><em>δέ</em></span> <span class='ocrx_word' id='word_1_77' title='bbox 1174 1280 1235 1330; x_wconf 82' lang='grc' dir='ltr'>γε</span> <span class='ocrx_word' id='word_1_78' title='bbox 1260 1263 1614 1331; x_wconf 77' lang='grc' dir='ltr'>Βαῖμοῦντος,</span> <span class='ocrx_word' id='word_1_79' title='bbox 1638 1263 1872 1328; x_wconf 75' lang='grc' dir='ltr'>ἐξελθὼν</span> 
     </span>
    </p>
   </div>
   <div class='ocr_carea' id='block_1_14' title="bbox 289 1340 1872 1424">
    <p class='ocr_par' dir='ltr' id='par_1_14' title="bbox 289 1340 1872 1424">
     <span class='ocr_line' id='line_1_14' title="bbox 289 1340 1872 1424; baseline 0.005 -21"><span class='ocrx_word' id='word_1_80' title='bbox 289 1340 385 1416; x_wconf 62' lang='grc' dir='ltr'><strong>τῆς</strong></span> <span class='ocrx_word' id='word_1_81' title='bbox 403 1352 718 1419; x_wconf 78' lang='grc' dir='ltr'>Καστορίας</span> <span class='ocrx_word' id='word_1_82' title='bbox 743 1352 878 1417; x_wconf 67' lang='grc'>(43),</span> <span class='ocrx_word' id='word_1_83' title='bbox 898 1352 1113 1422; x_wconf 78' lang='grc' dir='ltr'>ἔρχεται</span> <span class='ocrx_word' id='word_1_84' title='bbox 1132 1356 1209 1416; x_wconf 88' lang='grc' dir='ltr'><strong>είς</strong></span> <span class='ocrx_word' id='word_1_85' title='bbox 1227 1354 1643 1424; x_wconf 73' lang='grc' dir='ltr'>τὴνζΛάρισσαν,</span> <span class='ocrx_word' id='word_1_86' title='bbox 1664 1356 1805 1411; x_wconf 81' lang='grc' dir='ltr'>κεῖθι</span> <span class='ocrx_word' id='word_1_87' title='bbox 1826 1356 1872 1389; x_wconf 82' lang='grc'><strong>⁸³</strong></span> 
     </span>
    </p>
   </div>
   <div class='ocr_carea' id='block_1_15' title="bbox 289 1442 1099 1514">
    <p class='ocr_par' dir='ltr' id='par_1_15' title="bbox 289 1442 1099 1514">
     <span class='ocr_line' id='line_1_15' title="bbox 289 1442 1099 1514; baseline 0.006 -20"><span class='ocrx_word' id='word_1_88' title='bbox 289 1443 713 1513; x_wconf 74' lang='grc' dir='ltr'><strong>παραχειμάσαι</strong></span> <span class='ocrx_word' id='word_1_89' title='bbox 755 1442 1099 1514; x_wconf 84' lang='grc' dir='ltr'>βουλόμενος.</span> 
     </span>
    </p>
   </div>
   <div class='ocr_carea' id='block_1_16' title="bbox 357 1531 1871 1611">
    <p class='ocr_par' dir='ltr' id='par_1_16' title="bbox 357 1531 1871 1611">
     <span class='ocr_line' id='line_1_16' title="bbox 357 1531 1871 1611; baseline 0.007 -28"><span class='ocrx_word' id='word_1_90' title='bbox 357 1531 705 1584; x_wconf 74' lang='grc' dir='ltr'>Καταλαόὼν</span> <span class='ocrx_word' id='word_1_91' title='bbox 755 1532 944 1601; x_wconf 76' lang='grc' dir='ltr'>δὲτὴν</span> <span class='ocrx_word' id='word_1_92' title='bbox 1001 1534 1367 1603; x_wconf 81' lang='grc' dir='ltr'>μεγαλόπολιν</span> <span class='ocrx_word' id='word_1_93' title='bbox 1409 1538 1437 1589; x_wconf 93' lang='lat'><strong>6</strong></span> <span class='ocrx_word' id='word_1_94' title='bbox 1492 1538 1871 1611; x_wconf 83' lang='grc' dir='ltr'>αὐτοκράτωρ,</span> 
     </span>
    </p>
   </div>
   <div class='ocr_carea' id='block_1_17' title="bbox 284 1625 1873 1697">
    <p class='ocr_par' dir='ltr' id='par_1_17' title="bbox 284 1625 1873 1697">
     <span class='ocr_line' id='line_1_17' title="bbox 284 1625 1873 1697; baseline 0.005 -21"><span class='ocrx_word' id='word_1_95' title='bbox 284 1625 546 1690; x_wconf 69' lang='grc' dir='ltr'>καῦἁπερ</span> <span class='ocrx_word' id='word_1_96' title='bbox 574 1625 809 1693; x_wconf 71' lang='lat' dir='ltr'><strong>sip-qut,</strong></span> <span class='ocrx_word' id='word_1_97' title='bbox 846 1625 1008 1686; x_wconf 81' lang='grc' dir='ltr'>εὐθὺς</span> <span class='ocrx_word' id='word_1_98' title='bbox 1050 1625 1214 1696; x_wconf 77' lang='grc' dir='ltr'>ἔργου</span> <span class='ocrx_word' id='word_1_99' title='bbox 1245 1626 1421 1697; x_wconf 71' lang='grc' dir='ltr'>εἴχετο</span> <span class='ocrx_word' id='word_1_100' title='bbox 1453 1630 1635 1693; x_wconf 80' lang='grc' dir='ltr'>ὁποῖος</span> <span class='ocrx_word' id='word_1_101' title='bbox 1666 1632 1873 1696; x_wconf 76' lang='grc' dir='ltr'>ἐκεῖνος</span> 
     </span>
    </p>
   </div>
   <div class='ocr_carea' id='block_1_18' title="bbox 283 1715 1875 1790">
    <p class='ocr_par' dir='ltr' id='par_1_18' title="bbox 283 1715 1875 1790">
     <span class='ocr_line' id='line_1_18' title="bbox 283 1715 1875 1790; baseline 0.005 -24"><span class='ocrx_word' id='word_1_102' title='bbox 283 1715 636 1783; x_wconf 81' lang='grc' dir='ltr'>θερμουργὸς</span> <span class='ocrx_word' id='word_1_103' title='bbox 659 1717 752 1768; x_wconf 70' lang='grc' dir='ltr'>καὶ</span> <span class='ocrx_word' id='word_1_104' title='bbox 784 1716 1057 1785; x_wconf 84' lang='grc' dir='ltr'>μηδέποτε</span> <span class='ocrx_word' id='word_1_105' title='bbox 1081 1718 1369 1789; x_wconf 78' lang='grc' dir='ltr'><strong>ῥᾳστώνης</strong></span> <span class='ocrx_word' id='word_1_106' title='bbox 1399 1721 1755 1790; x_wconf 79' lang='grc' dir='ltr'>μετειληχὼς,</span> <span class='ocrx_word' id='word_1_107' title='bbox 1782 1722 1875 1774; x_wconf 85' lang='grc' dir='ltr'><strong>δυ-</strong></span> 
     </span>
    </p>
   </div>
   <div class='ocr_carea' id='block_1_19' title="bbox 278 1801 1867 1882">
    <p class='ocr_par' dir='ltr' id='par_1_19' title="bbox 278 1801 1867 1882">
     <span class='ocr_line' id='line_1_19' title="bbox 278 1801 1867 1882; baseline 0.006 -25"><span class='ocrx_word' id='word_1_108' title='bbox 278 1806 482 1875; x_wconf 78' lang='grc' dir='ltr'>νάμεις</span> <span class='ocrx_word' id='word_1_109' title='bbox 508 1823 569 1857; x_wconf 83' lang='grc' dir='ltr'><strong>τε</strong></span> <span class='ocrx_word' id='word_1_110' title='bbox 600 1808 779 1876; x_wconf 80' lang='grc' dir='ltr'>ῂτεττο</span> <span class='ocrx_word' id='word_1_111' title='bbox 810 1801 900 1860; x_wconf 76' lang='grc' dir='ltr'>τδν</span> <span class='ocrx_word' id='word_1_112' title='bbox 934 1809 1221 1863; x_wconf 87' lang='grc' dir='ltr'>σουλτάνον</span> <span class='ocrx_word' id='word_1_113' title='bbox 1251 1812 1390 1878; x_wconf 73' lang='grc' dir='ltr'>μετὰ</span> <span class='ocrx_word' id='word_1_114' title='bbox 1424 1814 1710 1882; x_wconf 73' lang='grc' dir='ltr'>ἡγεμόνιον</span> <span class='ocrx_word' id='word_1_115' title='bbox 1748 1815 1867 1866; x_wconf 78' lang='grc' dir='ltr'>πεῖ-ι</span> 
     </span>
    </p>
   </div>
   <div class='ocr_carea' id='block_1_20' title="bbox 1981 626 3552 713">
    <p class='ocr_par' dir='ltr' id='par_1_20' title="bbox 1981 626 3552 713">
     <span class='ocr_line' id='line_1_20' title="bbox 1981 626 3552 713; baseline 0.004 -24"><span class='ocrx_word' id='word_1_116' title='bbox 1981 636 2190 691; x_wconf 85' lang='lat' dir='ltr'><strong>idcirco</strong></span> <span class='ocrx_word' id='word_1_117' title='bbox 2240 635 2577 695; x_wconf 88' lang='lat' dir='ltr'><strong>Baimundus</strong></span> <span class='ocrx_word' id='word_1_118' title='bbox 2630 626 2951 695; x_wconf 66' lang='lat' dir='ltr'><strong>excaecavit.</strong></span> <span class='ocrx_word' id='word_1_119' title='bbox 3006 641 3313 697; x_wconf 71' lang='lat' dir='ltr'><strong>lteboldum</strong></span> <span class='ocrx_word' id='word_1_120' title='bbox 3367 643 3552 713; x_wconf 86' lang='lat' dir='ltr'><strong>suspi-</strong></span> 
     </span>
    </p>
   </div>
   <div class='ocr_carea' id='block_1_21' title="bbox 1979 728 3546 801">
    <p class='ocr_par' dir='ltr' id='par_1_21' title="bbox 1979 728 3546 801">
     <span class='ocr_line' id='line_1_21' title="bbox 1979 728 3546 801; baseline 0.004 -21"><span class='ocrx_word' id='word_1_121' title='bbox 1979 728 2138 782; x_wconf 92' lang='lat' dir='ltr'><strong>cione</strong></span> <span class='ocrx_word' id='word_1_122' title='bbox 2193 728 2531 783; x_wconf 77' lang='lat' dir='ltr'><strong>laborantem</strong></span> <span class='ocrx_word' id='word_1_123' title='bbox 2586 731 2651 785; x_wconf 93' lang='lat' dir='ltr'><strong>ad</strong></span> <span class='ocrx_word' id='word_1_124' title='bbox 2703 729 3001 786; x_wconf 82' lang='lat' dir='ltr'><strong>Robertum</strong></span> <span class='ocrx_word' id='word_1_125' title='bbox 3053 742 3257 801; x_wconf 87' lang='lat' dir='ltr'><strong>patrem</strong></span> <span class='ocrx_word' id='word_1_126' title='bbox 3302 748 3457 787; x_wconf 90' lang='lat' dir='ltr'><strong>suum</strong></span> <span class='ocrx_word' id='word_1_127' title='bbox 3492 733 3546 787; x_wconf 90' lang='lat' dir='ltr'><strong>in</strong></span> 
     </span>
    </p>
   </div>
   <div class='ocr_carea' id='block_1_22' title="bbox 1979 816 3547 892">
    <p class='ocr_par' dir='ltr' id='par_1_22' title="bbox 1979 816 3547 892">
     <span class='ocr_line' id='line_1_22' title="bbox 1979 816 3547 892; baseline 0.006 -21"><span class='ocrx_word' id='word_1_128' title='bbox 1979 816 2421 889; x_wconf 80' lang='lat' dir='ltr'><strong>Longobardiam</strong></span> <span class='ocrx_word' id='word_1_129' title='bbox 2476 822 2622 876; x_wconf 80' lang='lat' dir='ltr'><strong>misit</strong></span> <span class='ocrx_word' id='word_1_130' title='bbox 2653 837 2681 875; x_wconf 89' lang='lat' dir='ltr'><strong>a</strong></span> <span class='ocrx_word' id='word_1_131' title='bbox 2729 838 2835 892; x_wconf 90' lang='lat' dir='ltr'><strong>quo</strong></span> <span class='ocrx_word' id='word_1_132' title='bbox 2866 832 2920 878; x_wconf 86' lang='lat' dir='ltr'><strong>et</strong></span> <span class='ocrx_word' id='word_1_133' title='bbox 2965 825 3139 879; x_wconf 91' lang='lat' dir='ltr'><strong>oculis</strong></span> <span class='ocrx_word' id='word_1_134' title='bbox 3170 827 3414 892; x_wconf 86' lang='lat' dir='ltr'><strong>privatus</strong></span> <span class='ocrx_word' id='word_1_135' title='bbox 3442 834 3547 880; x_wconf 84' lang='lat' dir='ltr'><strong>est.</strong></span> 
     </span>
    </p>
   </div>
   <div class='ocr_carea' id='block_1_23' title="bbox 1976 902 3545 983">
    <p class='ocr_par' dir='ltr' id='par_1_23' title="bbox 1976 902 3545 983">
     <span class='ocr_line' id='line_1_23' title="bbox 1976 902 3545 983; baseline 0.004 -21"><span class='ocrx_word' id='word_1_136' title='bbox 1976 908 2109 964; x_wconf 89' lang='lat' dir='ltr'><strong>Post</strong></span> <span class='ocrx_word' id='word_1_137' title='bbox 2144 910 2256 964; x_wconf 66' lang='lat' dir='ltr'><strong>haec</strong></span> <span class='ocrx_word' id='word_1_138' title='bbox 2293 909 2635 966; x_wconf 90' lang='lat' dir='ltr'><strong>Baimundus</strong></span> <span class='ocrx_word' id='word_1_139' title='bbox 2664 914 2732 966; x_wconf 85' lang='lat' dir='ltr'><strong>al)</strong></span> <span class='ocrx_word' id='word_1_140' title='bbox 2772 914 2966 983; x_wconf 86' lang='lat' dir='ltr'><strong>Aspris</strong></span> <span class='ocrx_word' id='word_1_141' title='bbox 2996 915 3260 971; x_wconf 80' lang='lat' dir='ltr'><strong>ECclesiis</strong></span> <span class='ocrx_word' id='word_1_142' title='bbox 3296 902 3545 977; x_wconf 79' lang='lat' dir='ltr'><strong>movens,</strong></span> 
     </span>
    </p>
   </div>
   <div class='ocr_carea' id='block_1_24' title="bbox 1975 998 3548 1075">
    <p class='ocr_par' dir='ltr' id='par_1_24' title="bbox 1975 998 3548 1075">
     <span class='ocr_line' id='line_1_24' title="bbox 1975 998 3548 1075; baseline 0.006 -22"><span class='ocrx_word' id='word_1_143' title='bbox 1975 998 2280 1053; x_wconf 84' lang='lat' dir='ltr'><strong>Castoriam</strong></span> <span class='ocrx_word' id='word_1_144' title='bbox 2311 1016 2371 1055; x_wconf 86' lang='lat' dir='ltr'><strong>se</strong></span> <span class='ocrx_word' id='word_1_145' title='bbox 2407 1004 2682 1067; x_wconf 88' lang='lat' dir='ltr'><strong>contulit;</strong></span> <span class='ocrx_word' id='word_1_146' title='bbox 2723 1019 2829 1074; x_wconf 88' lang='lat' dir='ltr'><strong>qua</strong></span> <span class='ocrx_word' id='word_1_147' title='bbox 2860 1022 2918 1059; x_wconf 87' lang='lat' dir='ltr'><strong>re</strong></span> <span class='ocrx_word' id='word_1_148' title='bbox 2950 1022 3179 1075; x_wconf 86' lang='lat' dir='ltr'><strong>magnus</strong></span> <span class='ocrx_word' id='word_1_149' title='bbox 3210 1007 3548 1061; x_wconf 76' lang='lat' dir='ltr'><strong>domesticus</strong></span> 
     </span>
    </p>
   </div>
   <div class='ocr_carea' id='block_1_25' title="bbox 1974 1089 3546 1163">
    <p class='ocr_par' dir='ltr' id='par_1_25' title="bbox 1974 1089 3546 1163">
     <span class='ocr_line' id='line_1_25' title="bbox 1974 1089 3546 1163; baseline 0.004 -20"><span class='ocrx_word' id='word_1_150' title='bbox 1974 1089 2193 1159; x_wconf 82' lang='lat' dir='ltr'><strong>cognita</strong></span> <span class='ocrx_word' id='word_1_151' title='bbox 2224 1090 2468 1162; x_wconf 75' lang='lat' dir='ltr'><strong>Moglena</strong></span> <span class='ocrx_word' id='word_1_152' title='bbox 2508 1103 2764 1163; x_wconf 85' lang='lat' dir='ltr'><strong>occupat,</strong></span> <span class='ocrx_word' id='word_1_153' title='bbox 2793 1094 3181 1163; x_wconf 81' lang='lat' dir='ltr'><strong>Saracenoque</strong></span> <span class='ocrx_word' id='word_1_154' title='bbox 3209 1097 3394 1149; x_wconf 84' lang='lat' dir='ltr'><strong>occiso</strong></span> <span class='ocrx_word' id='word_1_155' title='bbox 3422 1112 3489 1149; x_wconf 90' lang='lat' dir='ltr'><strong>ca-</strong></span> <span class='ocrx_word' id='word_1_156' title='bbox 3519 1125 3546 1136; x_wconf 94' lang='lat'><em>-</em></span> 
     </span>
    </p>
   </div>
   <div class='ocr_carea' id='block_1_26' title="bbox 1975 1183 3545 1242">
    <p class='ocr_par' dir='ltr' id='par_1_26' title="bbox 1975 1183 3545 1242">
     <span class='ocr_line' id='line_1_26' title="bbox 1975 1183 3545 1242; baseline 0.003 -6"><span class='ocrx_word' id='word_1_157' title='bbox 1975 1183 2197 1236; x_wconf 88' lang='lat' dir='ltr'><strong>stellum</strong></span> <span class='ocrx_word' id='word_1_158' title='bbox 2232 1184 2457 1237; x_wconf 86' lang='lat' dir='ltr'><strong>omnino</strong></span> <span class='ocrx_word' id='word_1_159' title='bbox 2488 1185 2735 1241; x_wconf 88' lang='lat' dir='ltr'><strong>destruit.</strong></span> <span class='ocrx_word' id='word_1_160' title='bbox 2756 1186 2909 1240; x_wconf 81' lang='lat' dir='ltr'><strong>Tunc</strong></span> <span class='ocrx_word' id='word_1_161' title='bbox 2930 1185 3265 1241; x_wconf 89' lang='lat' dir='ltr'><strong>Baimundus</strong></span> <span class='ocrx_word' id='word_1_162' title='bbox 3296 1186 3545 1242; x_wconf 88' lang='lat' dir='ltr'><strong>Castoria</strong></span> 
     </span>
    </p>
   </div>
   <div class='ocr_carea' id='block_1_27' title="bbox 1974 1276 3544 1346">
    <p class='ocr_par' dir='ltr' id='par_1_27' title="bbox 1974 1276 3544 1346">
     <span class='ocr_line' id='line_1_27' title="bbox 1974 1276 3544 1346; baseline 0.003 -18"><span class='ocrx_word' id='word_1_163' title='bbox 1974 1289 2228 1342; x_wconf 84' lang='lat' dir='ltr'><strong>egressus</strong></span> <span class='ocrx_word' id='word_1_164' title='bbox 2254 1291 2422 1345; x_wconf 88' lang='lat' dir='ltr'><strong>prope</strong></span> <span class='ocrx_word' id='word_1_165' title='bbox 2459 1276 2737 1334; x_wconf 81' lang='lat' dir='ltr'><strong>Larissam</strong></span> <span class='ocrx_word' id='word_1_166' title='bbox 2791 1279 2980 1346; x_wconf 89' lang='lat' dir='ltr'><strong>venit,</strong></span> <span class='ocrx_word' id='word_1_167' title='bbox 3027 1278 3272 1333; x_wconf 83' lang='lat' dir='ltr'><strong>hiemare</strong></span> <span class='ocrx_word' id='word_1_168' title='bbox 3319 1279 3431 1333; x_wconf 89' lang='lat' dir='ltr'><strong>illic</strong></span> <span class='ocrx_word' id='word_1_169' title='bbox 3490 1279 3544 1332; x_wconf 92' lang='lat' dir='ltr'><strong>in</strong></span> 
     </span>
    </p>
   </div>
   <div class='ocr_carea' id='block_1_28' title="bbox 1977 1368 2439 1423">
    <p class='ocr_par' dir='ltr' id='par_1_28' title="bbox 1977 1368 2439 1423">
     <span class='ocr_line' id='line_1_28' title="bbox 1977 1368 2439 1423; baseline 0.006 -3"><span class='ocrx_word' id='word_1_170' title='bbox 1977 1368 2164 1422; x_wconf 88' lang='lat' dir='ltr'><strong>animo</strong></span> <span class='ocrx_word' id='word_1_171' title='bbox 2207 1368 2439 1423; x_wconf 86' lang='lat' dir='ltr'><strong>habens.</strong></span> 
     </span>
    </p>
   </div>
   <div class='ocr_carea' id='block_1_29' title="bbox 2043 1548 3543 1619">
    <p class='ocr_par' dir='ltr' id='par_1_29' title="bbox 2043 1548 3543 1619">
     <span class='ocr_line' id='line_1_29' title="bbox 2043 1548 3543 1619; baseline 0.001 -15"><span class='ocrx_word' id='word_1_172' title='bbox 2043 1549 2113 1604; x_wconf 84' lang='lat' dir='ltr'><strong>At</strong></span> <span class='ocrx_word' id='word_1_173' title='bbox 2144 1548 2441 1618; x_wconf 90' lang='lat' dir='ltr'><strong>imperator</strong></span> <span class='ocrx_word' id='word_1_174' title='bbox 2470 1549 2633 1603; x_wconf 87' lang='lat' dir='ltr'><strong>simul</strong></span> <span class='ocrx_word' id='word_1_175' title='bbox 2659 1552 2709 1603; x_wconf 94' lang='lat' dir='ltr'><strong>in</strong></span> <span class='ocrx_word' id='word_1_176' title='bbox 2739 1549 2928 1604; x_wconf 87' lang='lat' dir='ltr'><strong>urbem</strong></span> <span class='ocrx_word' id='word_1_177' title='bbox 2956 1550 3178 1619; x_wconf 77' lang='lat' dir='ltr'><strong>regiam,</strong></span> <span class='ocrx_word' id='word_1_178' title='bbox 3207 1561 3263 1604; x_wconf 90' lang='lat' dir='ltr'><strong>ut</strong></span> <span class='ocrx_word' id='word_1_179' title='bbox 3283 1552 3543 1611; x_wconf 81' lang='lat' dir='ltr'><strong>diximus.</strong></span> 
     </span>
    </p>
   </div>
   <div class='ocr_carea' id='block_1_30' title="bbox 1973 1638 3544 1709">
    <p class='ocr_par' dir='ltr' id='par_1_30' title="bbox 1973 1638 3544 1709">
     <span class='ocr_line' id='line_1_30' title="bbox 1973 1638 3544 1709; baseline 0.002 -21"><span class='ocrx_word' id='word_1_180' title='bbox 1973 1640 2243 1709; x_wconf 75' lang='lat' dir='ltr'><strong>pervenit,</strong></span> <span class='ocrx_word' id='word_1_181' title='bbox 2276 1639 2422 1692; x_wconf 88' lang='lat' dir='ltr'><strong>nulla</strong></span> <span class='ocrx_word' id='word_1_182' title='bbox 2460 1649 2611 1706; x_wconf 88' lang='lat' dir='ltr'><strong>parte</strong></span> <span class='ocrx_word' id='word_1_183' title='bbox 2644 1639 2845 1707; x_wconf 88' lang='lat' dir='ltr'><strong>quietis</strong></span> <span class='ocrx_word' id='word_1_184' title='bbox 2878 1649 3058 1707; x_wconf 88' lang='lat' dir='ltr'><strong>capta,</strong></span> <span class='ocrx_word' id='word_1_185' title='bbox 3091 1654 3191 1707; x_wconf 90' lang='lat' dir='ltr'><strong>pro</strong></span> <span class='ocrx_word' id='word_1_186' title='bbox 3238 1654 3336 1694; x_wconf 88' lang='lat' dir='ltr'><strong>sua</strong></span> <span class='ocrx_word' id='word_1_187' title='bbox 3397 1638 3544 1709; x_wconf 91' lang='lat' dir='ltr'><strong>vigili</strong></span> 
     </span>
    </p>
   </div>
   <div class='ocr_carea' id='block_1_31' title="bbox 1975 1730 3546 1800">
    <p class='ocr_par' dir='ltr' id='par_1_31' title="bbox 1975 1730 3546 1800">
     <span class='ocr_line' id='line_1_31' title="bbox 1975 1730 3546 1800; baseline 0 -15"><span class='ocrx_word' id='word_1_188' title='bbox 1975 1737 2308 1800; x_wconf 88' lang='lat' dir='ltr'><strong>strenuaque</strong></span> <span class='ocrx_word' id='word_1_189' title='bbox 2334 1730 2538 1795; x_wconf 86' lang='lat' dir='ltr'><strong>indole,</strong></span> <span class='ocrx_word' id='word_1_190' title='bbox 2571 1732 2756 1785; x_wconf 86' lang='lat' dir='ltr'><strong>statim</strong></span> <span class='ocrx_word' id='word_1_191' title='bbox 2796 1731 2846 1785; x_wconf 93' lang='lat' dir='ltr'><strong>in</strong></span> <span class='ocrx_word' id='word_1_192' title='bbox 2896 1747 3036 1799; x_wconf 89' lang='lat' dir='ltr'><strong>opus</strong></span> <span class='ocrx_word' id='word_1_193' title='bbox 3074 1731 3359 1794; x_wconf 78' lang='lat' dir='ltr'><strong>inrubuit,</strong></span> <span class='ocrx_word' id='word_1_194' title='bbox 3390 1731 3546 1799; x_wconf 82' lang='lat' dir='ltr'><strong>cujus</strong></span> 
     </span>
    </p>
   </div>
   <div class='ocr_carea' id='block_1_32' title="bbox 1974 1824 3541 1893">
    <p class='ocr_par' dir='ltr' id='par_1_32' title="bbox 1974 1824 3541 1893">
     <span class='ocr_line' id='line_1_32' title="bbox 1974 1824 3541 1893; baseline -0.001 -16"><span class='ocrx_word' id='word_1_195' title='bbox 1974 1837 2141 1877; x_wconf 83' lang='lat' dir='ltr'><strong>causa</strong></span> <span class='ocrx_word' id='word_1_196' title='bbox 2172 1834 2415 1886; x_wconf 87' lang='lat' dir='ltr'><strong>venerat,</strong></span> <span class='ocrx_word' id='word_1_197' title='bbox 2440 1824 2950 1893; x_wconf 89' lang='lat' dir='ltr'><strong>congregandarum</strong></span> <span class='ocrx_word' id='word_1_198' title='bbox 2987 1824 3290 1890; x_wconf 88' lang='lat' dir='ltr'><strong>copiarum.</strong></span> <span class='ocrx_word' id='word_1_199' title='bbox 3321 1825 3398 1877; x_wconf 85' lang='lat' dir='ltr'><strong>Ad</strong></span> <span class='ocrx_word' id='word_1_200' title='bbox 3422 1840 3541 1877; x_wconf 85' lang='lat' dir='ltr'><strong>cam</strong></span> 
     </span>
    </p>
   </div>
   <div class='ocr_carea' id='block_1_33' title="bbox 277 1898 1854 1981">
    <p class='ocr_par' dir='ltr' id='par_1_33' title="bbox 277 1898 1854 1975">
     <span class='ocr_line' id='line_1_33' title="bbox 277 1898 1854 1975; baseline 0.006 -27"><span class='ocrx_word' id='word_1_201' title='bbox 277 1915 381 1966; x_wconf 91' lang='grc' dir='ltr'><strong>ραν</strong></span> <span class='ocrx_word' id='word_1_202' title='bbox 412 1899 480 1949; x_wconf 83' lang='grc' dir='ltr'><strong>ἐκ</strong></span> <span class='ocrx_word' id='word_1_203' title='bbox 514 1898 731 1967; x_wconf 81' lang='grc' dir='ltr'>μακροῦ</span> <span class='ocrx_word' id='word_1_204' title='bbox 761 1900 1099 1969; x_wconf 77' lang='grc' dir='ltr'>ἐσχηκότων.</span> <span class='ocrx_word' id='word_1_205' title='bbox 1139 1901 1200 1954; x_wconf 85' lang='grc' dir='ltr'>Ὀ</span> <span class='ocrx_word' id='word_1_206' title='bbox 1226 1902 1283 1954; x_wconf 83' lang='grc' dir='ltr'><strong>δὲ</strong></span> <span class='ocrx_word' id='word_1_207' title='bbox 1318 1904 1622 1972; x_wconf 81' lang='grc' dir='ltr'>τηνικαῦτα</span> <span class='ocrx_word' id='word_1_208' title='bbox 1651 1904 1854 1975; x_wconf 82' lang='grc' dir='ltr'><strong>πέμπει</strong></span> 
     </span>
    </p>
   </div>
   <div class='ocr_carea' id='block_1_34' title="bbox 1962 1898 3547 1981">
    <p class='ocr_par' dir='ltr' id='par_1_34' title="bbox 1972 1914 3547 1981">
     <span class='ocr_line' id='line_1_34' title="bbox 1972 1914 3547 1981; baseline 0 -14"><span class='ocrx_word' id='word_1_209' title='bbox 1972 1929 2085 1968; x_wconf 91' lang='lat' dir='ltr'><strong>rem</strong></span> <span class='ocrx_word' id='word_1_210' title='bbox 2121 1914 2323 1969; x_wconf 88' lang='lat' dir='ltr'><strong>milites</strong></span> <span class='ocrx_word' id='word_1_211' title='bbox 2355 1929 2383 1967; x_wconf 90' lang='lat' dir='ltr'><strong>a</strong></span> <span class='ocrx_word' id='word_1_212' title='bbox 2421 1916 2645 1969; x_wconf 86' lang='lat' dir='ltr'><strong>sultano</strong></span> <span class='ocrx_word' id='word_1_213' title='bbox 2688 1915 2863 1981; x_wconf 86' lang='lat' dir='ltr'><strong>petiit,</strong></span> <span class='ocrx_word' id='word_1_214' title='bbox 2893 1930 3016 1968; x_wconf 93' lang='lat' dir='ltr'><strong>cum</strong></span> <span class='ocrx_word' id='word_1_215' title='bbox 3060 1915 3377 1970; x_wconf 90' lang='lat' dir='ltr'><strong>ductoribus</strong></span> <span class='ocrx_word' id='word_1_216' title='bbox 3402 1916 3547 1967; x_wconf 82' lang='lat' dir='ltr'><strong>mili-</strong></span> 
     </span>
    </p>
   </div>
   <div class='ocr_carea' id='block_1_35' title="bbox 273 1989 1864 2064">
    <p class='ocr_par' dir='ltr' id='par_1_35' title="bbox 273 1989 1864 2064">
     <span class='ocr_line' id='line_1_35' title="bbox 273 1989 1864 2064; baseline 0.007 -24"><span class='ocrx_word' id='word_1_217' title='bbox 273 1989 419 2058; x_wconf 76' lang='grc' dir='ltr'>πρὸς</span> <span class='ocrx_word' id='word_1_218' title='bbox 455 1991 624 2042; x_wconf 80' lang='grc' dir='ltr'>αὐτὸν</span> <span class='ocrx_word' id='word_1_219' title='bbox 666 1991 913 2059; x_wconf 76' lang='grc' dir='ltr'>χιλιάδας</span> <span class='ocrx_word' id='word_1_220' title='bbox 944 1993 1085 2046; x_wconf 72' lang='grc' dir='ltr'>ἑπτὰ</span> <span class='ocrx_word' id='word_1_221' title='bbox 1143 1994 1282 2063; x_wconf 83' lang='grc' dir='ltr'>μετὰ</span> <span class='ocrx_word' id='word_1_222' title='bbox 1312 1995 1596 2064; x_wconf 78' lang='grc' dir='ltr'>ἡγεμόνων</span> <span class='ocrx_word' id='word_1_223' title='bbox 1643 1997 1764 2051; x_wconf 83' lang='grc' dir='ltr'>λίαν</span> <span class='ocrx_word' id='word_1_224' title='bbox 1817 1995 1864 2029; x_wconf 86' lang='grc'><strong>⁸⁸</strong></span> 
     </span>
    </p>
   </div>
   <div class='ocr_carea' id='block_1_36' title="bbox 271 2082 1862 2158">
    <p class='ocr_par' dir='ltr' id='par_1_36' title="bbox 271 2082 1862 2158">
     <span class='ocr_line' id='line_1_36' title="bbox 271 2082 1862 2158; baseline 0.006 -24"><span class='ocrx_word' id='word_1_225' title='bbox 271 2082 594 2151; x_wconf 79' lang='grc' dir='ltr'>ἐμπείρων,</span> <span class='ocrx_word' id='word_1_226' title='bbox 654 2084 751 2135; x_wconf 73' lang='grc' dir='ltr'><strong>καὶ</strong></span> <span class='ocrx_word' id='word_1_227' title='bbox 798 2084 963 2136; x_wconf 81' lang='grc' dir='ltr'>αὐτὸν</span> <span class='ocrx_word' id='word_1_228' title='bbox 1018 2085 1118 2153; x_wconf 83' lang='grc' dir='ltr'>τὴν</span> <span class='ocrx_word' id='word_1_229' title='bbox 1147 2084 1197 2116; x_wconf 79' lang='grc'><strong>⁸⁸</strong></span> <span class='ocrx_word' id='word_1_230' title='bbox 1226 2085 1499 2156; x_wconf 85' lang='grc' dir='ltr'>Καμύρην</span> <span class='ocrx_word' id='word_1_231' title='bbox 1551 2087 1727 2158; x_wconf 80' lang='grc' dir='ltr'>χρόνῳ</span> <span class='ocrx_word' id='word_1_232' title='bbox 1767 2090 1862 2143; x_wconf 74' lang='grc' dir='ltr'><strong>καὶ</strong></span> 
     </span>
    </p>
   </div>
   <div class='ocr_carea' id='block_1_37' title="bbox 269 2174 1861 2248">
    <p class='ocr_par' dir='ltr' id='par_1_37' title="bbox 269 2174 1861 2248">
     <span class='ocr_line' id='line_1_37' title="bbox 269 2174 1861 2248; baseline 0.004 -22"><span class='ocrx_word' id='word_1_233' title='bbox 269 2176 450 2245; x_wconf 82' lang='grc' dir='ltr'>πείρᾳ</span> <span class='ocrx_word' id='word_1_234' title='bbox 483 2175 597 2227; x_wconf 83' lang='grc' dir='ltr'>τῶν</span> <span class='ocrx_word' id='word_1_235' title='bbox 629 2174 808 2228; x_wconf 79' lang='grc' dir='ltr'>ἄλλων</span> <span class='ocrx_word' id='word_1_236' title='bbox 856 2176 1213 2246; x_wconf 80' lang='grc' dir='ltr'>ὑπερέχοντα.</span> <span class='ocrx_word' id='word_1_237' title='bbox 1262 2178 1350 2229; x_wconf 86' lang='grc' dir='ltr'>Ἐν</span> <span class='ocrx_word' id='word_1_238' title='bbox 1387 2179 1497 2248; x_wconf 81' lang='grc' dir='ltr'>ὅσῳ</span> <span class='ocrx_word' id='word_1_239' title='bbox 1545 2179 1601 2231; x_wconf 85' lang='grc' dir='ltr'><strong>δὲ</strong></span> <span class='ocrx_word' id='word_1_240' title='bbox 1631 2180 1803 2233; x_wconf 81' lang='grc' dir='ltr'>ταῦτα</span> <span class='ocrx_word' id='word_1_241' title='bbox 1833 2181 1861 2233; x_wconf 98' lang='lat'><strong>6</strong></span> 
     </span>
    </p>
   </div>
   <div class='ocr_carea' id='block_1_38' title="bbox 270 2266 1860 2342">
    <p class='ocr_par' dir='ltr' id='par_1_38' title="bbox 270 2266 1860 2342">
     <span class='ocr_line' id='line_1_38' title="bbox 270 2266 1860 2342; baseline 0.004 -24"><span class='ocrx_word' id='word_1_242' title='bbox 270 2266 543 2336; x_wconf 73' lang='grc' dir='ltr'>βασιλεὺς</span> <span class='ocrx_word' id='word_1_243' title='bbox 597 2267 870 2337; x_wconf 82' lang='grc' dir='ltr'>ᾠκονόμει</span> <span class='ocrx_word' id='word_1_244' title='bbox 915 2270 1008 2322; x_wconf 75' lang='grc' dir='ltr'><strong>καὶ</strong></span> <span class='ocrx_word' id='word_1_245' title='bbox 1060 2270 1412 2339; x_wconf 81' lang='grc' dir='ltr'>ἡτοιμάζετο,</span> <span class='ocrx_word' id='word_1_246' title='bbox 1460 2273 1488 2324; x_wconf 88' lang='lat'><strong>6</strong></span> <span class='ocrx_word' id='word_1_247' title='bbox 1524 2272 1860 2342; x_wconf 77' lang='grc' dir='ltr'>Βαῖμοῦντος</span> 
     </span>
    </p>
   </div>
   <div class='ocr_carea' id='block_1_39' title="bbox 272 2361 1858 2433">
    <p class='ocr_par' dir='ltr' id='par_1_39' title="bbox 272 2361 1858 2433">
     <span class='ocr_line' id='line_1_39' title="bbox 272 2361 1858 2433; baseline 0.004 -22"><span class='ocrx_word' id='word_1_248' title='bbox 272 2361 448 2428; x_wconf 80' lang='grc' dir='ltr'>μέρος</span> <span class='ocrx_word' id='word_1_249' title='bbox 487 2378 544 2413; x_wconf 84' lang='grc' dir='ltr'><strong>τι</strong></span> <span class='ocrx_word' id='word_1_250' title='bbox 570 2361 662 2414; x_wconf 79' lang='grc' dir='ltr'>τοῦ</span> <span class='ocrx_word' id='word_1_251' title='bbox 690 2361 823 2415; x_wconf 76' lang='grc' dir='ltr'>ἰδίου</span> <span class='ocrx_word' id='word_1_252' title='bbox 851 2363 1261 2432; x_wconf 79' lang='grc' dir='ltr'>στρατεύματος</span> <span class='ocrx_word' id='word_1_253' title='bbox 1282 2363 1702 2433; x_wconf 80' lang='grc' dir='ltr'>ἅποδιελόμενος</span> <span class='ocrx_word' id='word_1_254' title='bbox 1726 2365 1858 2418; x_wconf 85' lang='grc' dir='ltr'>Κελ-</span> 
     </span>
    </p>
   </div>
   <div class='ocr_carea' id='block_1_40' title="bbox 268 2455 1859 2528">
    <p class='ocr_par' dir='ltr' id='par_1_40' title="bbox 268 2455 1859 2528">
     <span class='ocr_line' id='line_1_40' title="bbox 268 2455 1859 2528; baseline 0.018 -36"><span class='ocrx_word' id='word_1_255' title='bbox 268 2456 397 2517; x_wconf 59' lang='grc' dir='ltr'>τοὺς</span> <span class='ocrx_word' id='word_1_256' title='bbox 436 2455 865 2522; x_wconf 69' lang='grc' dir='ltr'>καταφράκτους</span> <span class='ocrx_word' id='word_1_257' title='bbox 894 2455 1048 2518; x_wconf 83' lang='grc' dir='ltr'>ὅλους</span> <span class='ocrx_word' id='word_1_258' title='bbox 1084 2456 1407 2517; x_wconf 77' lang='grc' dir='ltr'>ἀποστείλας</span> <span class='ocrx_word' id='word_1_259' title='bbox 1464 2458 1523 2522; x_wconf 74' lang='grc' dir='ltr'><strong>ἐξ</strong></span> <span class='ocrx_word' id='word_1_260' title='bbox 1559 2458 1859 2528; x_wconf 77' lang='grc' dir='ltr'>ἐπιδρομῆς</span> 
     </span>
    </p>
   </div>
   <div class='ocr_carea' id='block_1_41' title="bbox 271 2546 1859 2620">
    <p class='ocr_par' dir='ltr' id='par_1_41' title="bbox 271 2546 1859 2620">
     <span class='ocr_line' id='line_1_41' title="bbox 271 2546 1859 2620; baseline 0.003 -22"><span class='ocrx_word' id='word_1_261' title='bbox 271 2546 514 2615; x_wconf 72' lang='grc' dir='ltr'>κατέσχε</span> <span class='ocrx_word' id='word_1_262' title='bbox 542 2547 643 2615; x_wconf 80' lang='grc' dir='ltr'>τὴν</span> <span class='ocrx_word' id='word_1_263' title='bbox 676 2548 1011 2615; x_wconf 82' lang='grc' dir='ltr'>Πελαγονίαν</span> <span class='ocrx_word' id='word_1_264' title='bbox 1050 2548 1187 2617; x_wconf 65' lang='grc'>(44),</span> <span class='ocrx_word' id='word_1_265' title='bbox 1217 2549 1286 2601; x_wconf 81' lang='grc' dir='ltr'><strong>τὰ</strong></span> <span class='ocrx_word' id='word_1_266' title='bbox 1310 2547 1578 2618; x_wconf 81' lang='grc' dir='ltr'>Τρίκαλα,</span> <span class='ocrx_word' id='word_1_267' title='bbox 1632 2550 1727 2602; x_wconf 76' lang='grc' dir='ltr'>καὶ</span> <span class='ocrx_word' id='word_1_268' title='bbox 1760 2550 1859 2620; x_wconf 87' lang='grc' dir='ltr'>τὴν</span> 
     </span>
    </p>
   </div>
   <div class='ocr_carea' id='block_1_42' title="bbox 274 2635 1861 2708">
    <p class='ocr_par' dir='ltr' id='par_1_42' title="bbox 274 2635 1861 2708">
     <span class='ocr_line' id='line_1_42' title="bbox 274 2635 1861 2708; baseline 0.004 -23"><span class='ocrx_word' id='word_1_269' title='bbox 274 2636 615 2705; x_wconf 80' lang='grc' dir='ltr'>Καστορίαν.</span> <span class='ocrx_word' id='word_1_270' title='bbox 651 2635 822 2698; x_wconf 80' lang='grc' dir='ltr'>Αὐτὸς</span> <span class='ocrx_word' id='word_1_271' title='bbox 846 2636 904 2688; x_wconf 82' lang='grc' dir='ltr'>δὲ</span> <span class='ocrx_word' id='word_1_272' title='bbox 929 2638 956 2689; x_wconf 96' lang='lat'><strong>6</strong></span> <span class='ocrx_word' id='word_1_273' title='bbox 985 2637 1338 2705; x_wconf 70' lang='grc' dir='ltr'>Βιῖμοῦντο·,</span> <span class='ocrx_word' id='word_1_274' title='bbox 1372 2638 1510 2705; x_wconf 71' lang='grc' dir='ltr'>μετὰ</span> <span class='ocrx_word' id='word_1_275' title='bbox 1542 2637 1861 2708; x_wconf 78' lang='grc' dir='ltr'>ξύμπαντος</span> 
     </span>
    </p>
   </div>
   <div class='ocr_carea' id='block_1_43' title="bbox 277 2727 1861 2801">
    <p class='ocr_par' dir='ltr' id='par_1_43' title="bbox 277 2727 1861 2801">
     <span class='ocr_line' id='line_1_43' title="bbox 277 2727 1861 2801; baseline 0.004 -23"><span class='ocrx_word' id='word_1_276' title='bbox 277 2727 365 2779; x_wconf 72' lang='grc' dir='ltr'>τοῦ</span> <span class='ocrx_word' id='word_1_277' title='bbox 396 2728 817 2797; x_wconf 81' lang='grc' dir='ltr'>στρατεύματος</span> <span class='ocrx_word' id='word_1_278' title='bbox 846 2729 1171 2783; x_wconf 74' lang='grc' dir='ltr'>καταλαϐὼν</span> <span class='ocrx_word' id='word_1_279' title='bbox 1201 2730 1266 2783; x_wconf 76' lang='grc' dir='ltr'>τὰ</span> <span class='ocrx_word' id='word_1_280' title='bbox 1293 2732 1537 2800; x_wconf 81' lang='grc' dir='ltr'>Τρίκαλα</span> <span class='ocrx_word' id='word_1_281' title='bbox 1563 2733 1696 2801; x_wconf 73' lang='grc'>(45),</span> <span class='ocrx_word' id='word_1_282' title='bbox 1728 2732 1861 2784; x_wconf 82' lang='grc' dir='ltr'>ἀπο-</span> 
     </span>
    </p>
   </div>
   <div class='ocr_carea' id='block_1_44' title="bbox 286 2818 1861 2893">
    <p class='ocr_par' dir='ltr' id='par_1_44' title="bbox 286 2818 1861 2893">
     <span class='ocr_line' id='line_1_44' title="bbox 286 2818 1861 2893; baseline 0.004 -24"><span class='ocrx_word' id='word_1_283' title='bbox 286 2818 457 2871; x_wconf 73' lang='grc' dir='ltr'>σπάδα</span> <span class='ocrx_word' id='word_1_284' title='bbox 498 2819 597 2872; x_wconf 76' lang='grc' dir='ltr'>τοῦ</span> <span class='ocrx_word' id='word_1_285' title='bbox 648 2821 771 2874; x_wconf 82' lang='grc' dir='ltr'>ὅλου</span> <span class='ocrx_word' id='word_1_286' title='bbox 832 2821 1246 2893; x_wconf 80' lang='grc' dir='ltr'>στρατεύματος</span> <span class='ocrx_word' id='word_1_287' title='bbox 1286 2824 1333 2857; x_wconf 82' lang='grc'><strong>⁸⁸</strong></span> <span class='ocrx_word' id='word_1_288' title='bbox 1386 2826 1669 2893; x_wconf 86' lang='grc' dir='ltr'>γενναίους</span> <span class='ocrx_word' id='word_1_289' title='bbox 1704 2824 1861 2887; x_wconf 85' lang='grc' dir='ltr'>ὅλους</span> 
     </span>
    </p>
   </div>
   <div class='ocr_carea' id='block_1_45' title="bbox 288 2910 1860 2988">
    <p class='ocr_par' dir='ltr' id='par_1_45' title="bbox 288 2910 1860 2988">
     <span class='ocr_line' id='line_1_45' title="bbox 288 2910 1860 2988; baseline 0.006 -28"><span class='ocrx_word' id='word_1_290' title='bbox 288 2910 371 2961; x_wconf 73' lang='grc' dir='ltr'><strong>καὶ</strong></span> <span class='ocrx_word' id='word_1_291' title='bbox 400 2910 446 2942; x_wconf 87' lang='grc'>⁸⁷</span> <span class='ocrx_word' id='word_1_292' title='bbox 477 2911 538 2975; x_wconf 77' lang='grc' dir='ltr'><strong>ἐξ</strong></span> <span class='ocrx_word' id='word_1_293' title='bbox 574 2912 765 2977; x_wconf 78' lang='grc' dir='ltr'>ἐφόδου</span> <span class='ocrx_word' id='word_1_294' title='bbox 810 2914 1046 2982; x_wconf 82' lang='grc' dir='ltr'>κατέσχε</span> <span class='ocrx_word' id='word_1_295' title='bbox 1082 2914 1175 2967; x_wconf 77' lang='grc' dir='ltr'>τὸν</span> <span class='ocrx_word' id='word_1_296' title='bbox 1222 2914 1514 2979; x_wconf 75' lang='grc' dir='ltr'>Τζίὸισκον</span> <span class='ocrx_word' id='word_1_297' title='bbox 1542 2915 1676 2987; x_wconf 72' lang='grc'>(46).</span> <span class='ocrx_word' id='word_1_298' title='bbox 1717 2912 1860 2988; x_wconf 78' lang='grc' dir='ltr'><strong>Κᾷθ⁹</strong></span> 
     </span>
    </p>
   </div>
   <div class='ocr_carea' id='block_1_46' title="bbox 290 3000 1860 3081">
    <p class='ocr_par' dir='ltr' id='par_1_46' title="bbox 290 3000 1860 3081">
     <span class='ocr_line' id='line_1_46' title="bbox 290 3000 1860 3081; baseline 0.009 -30"><span class='ocrx_word' id='word_1_299' title='bbox 290 3000 419 3055; x_wconf 68' lang='grc' dir='ltr'>οὕτω</span> <span class='ocrx_word' id='word_1_300' title='bbox 446 3003 777 3059; x_wconf 77' lang='grc' dir='ltr'>καταλαϐὼν</span> <span class='ocrx_word' id='word_1_301' title='bbox 808 3005 910 3075; x_wconf 78' lang='grc' dir='ltr'><strong>τὴν</strong></span> <span class='ocrx_word' id='word_1_302' title='bbox 941 3005 1223 3077; x_wconf 78' lang='grc' dir='ltr'>Λάρισσαν</span> <span class='ocrx_word' id='word_1_303' title='bbox 1269 3008 1391 3060; x_wconf 83' lang='grc' dir='ltr'>κατ’</span> <span class='ocrx_word' id='word_1_304' title='bbox 1424 3008 1593 3081; x_wconf 81' lang='grc' dir='ltr'>αὐτὴν</span> <span class='ocrx_word' id='word_1_305' title='bbox 1629 3011 1731 3081; x_wconf 77' lang='grc' dir='ltr'>τὴν</span> <span class='ocrx_word' id='word_1_306' title='bbox 1763 3010 1860 3065; x_wconf 81' lang='grc' dir='ltr'>τοῦ</span> 
     </span>
    </p>
   </div>
   <div class='ocr_carea' id='block_1_47' title="bbox 1975 2006 3542 2075">
    <p class='ocr_par' dir='ltr' id='par_1_47' title="bbox 1975 2006 3542 2075">
     <span class='ocr_line' id='line_1_47' title="bbox 1975 2006 3542 2075; baseline 0 -16"><span class='ocrx_word' id='word_1_307' title='bbox 1975 2006 2065 2061; x_wconf 81' lang='lat' dir='ltr'><strong>tiae</strong></span> <span class='ocrx_word' id='word_1_308' title='bbox 2092 2006 2287 2075; x_wconf 88' lang='lat' dir='ltr'><strong>peritis</strong></span> <span class='ocrx_word' id='word_1_309' title='bbox 2318 2045 2333 2072; x_wconf 91' lang='lat'><strong>,</strong></span> <span class='ocrx_word' id='word_1_310' title='bbox 2396 2014 2450 2060; x_wconf 93' lang='lat' dir='ltr'><strong>et</strong></span> <span class='ocrx_word' id='word_1_311' title='bbox 2501 2006 2662 2075; x_wconf 86' lang='lat' dir='ltr'><strong>longa</strong></span> <span class='ocrx_word' id='word_1_312' title='bbox 2718 2007 2846 2061; x_wconf 91' lang='lat' dir='ltr'><strong>belli</strong></span> <span class='ocrx_word' id='word_1_313' title='bbox 2903 2006 3237 2075; x_wconf 76' lang='lat' dir='ltr'><strong>experientia</strong></span> <span class='ocrx_word' id='word_1_314' title='bbox 3281 2006 3542 2060; x_wconf 82' lang='lat' dir='ltr'><strong>subactis.</strong></span> 
     </span>
    </p>
   </div>
   <div class='ocr_carea' id='block_1_48' title="bbox 1973 2091 3547 2163">
    <p class='ocr_par' dir='ltr' id='par_1_48' title="bbox 1973 2091 3547 2163">
     <span class='ocr_line' id='line_1_48' title="bbox 1973 2091 3547 2163; baseline 0.001 -19"><span class='ocrx_word' id='word_1_315' title='bbox 1973 2091 2127 2146; x_wconf 88' lang='lat' dir='ltr'><strong>Tunc</strong></span> <span class='ocrx_word' id='word_1_316' title='bbox 2168 2091 2260 2146; x_wconf 88' lang='lat' dir='ltr'><strong>ille</strong></span> <span class='ocrx_word' id='word_1_317' title='bbox 2290 2092 2355 2146; x_wconf 92' lang='lat' dir='ltr'><strong>ad</strong></span> <span class='ocrx_word' id='word_1_318' title='bbox 2389 2092 2693 2163; x_wconf 82' lang='lat' dir='ltr'><strong>Augustum</strong></span> <span class='ocrx_word' id='word_1_319' title='bbox 2720 2094 2869 2149; x_wconf 89' lang='lat' dir='ltr'><strong>misit</strong></span> <span class='ocrx_word' id='word_1_320' title='bbox 2903 2103 3110 2163; x_wconf 90' lang='lat' dir='ltr'><strong>septem</strong></span> <span class='ocrx_word' id='word_1_321' title='bbox 3141 2094 3305 2146; x_wconf 86' lang='lat' dir='ltr'><strong>millia</strong></span> <span class='ocrx_word' id='word_1_322' title='bbox 3338 2094 3547 2147; x_wconf 84' lang='lat' dir='ltr'><strong>Turco-</strong></span> 
     </span>
    </p>
   </div>
   <div class='ocr_carea' id='block_1_49' title="bbox 1970 2184 3540 2257">
    <p class='ocr_par' dir='ltr' id='par_1_49' title="bbox 1970 2184 3540 2257">
     <span class='ocr_line' id='line_1_49' title="bbox 1970 2184 3540 2257; baseline 0.003 -20"><span class='ocrx_word' id='word_1_323' title='bbox 1970 2199 2091 2237; x_wconf 90' lang='lat' dir='ltr'><strong>rum</strong></span> <span class='ocrx_word' id='word_1_324' title='bbox 2124 2184 2225 2238; x_wconf 89' lang='lat' dir='ltr'><strong>sub</strong></span> <span class='ocrx_word' id='word_1_325' title='bbox 2270 2184 2562 2253; x_wconf 91' lang='lat' dir='ltr'><strong>disciplina</strong></span> <span class='ocrx_word' id='word_1_326' title='bbox 2618 2187 3224 2257; x_wconf 86' lang='lat' dir='ltr'><strong>experientissimorum</strong></span> <span class='ocrx_word' id='word_1_327' title='bbox 3283 2187 3481 2240; x_wconf 90' lang='lat' dir='ltr'><strong>ducum</strong></span> <span class='ocrx_word' id='word_1_328' title='bbox 3524 2206 3540 2242; x_wconf 90' lang='lat'><strong>:</strong></span> 
     </span>
    </p>
   </div>
   <div class='ocr_carea' id='block_1_50' title="bbox 1969 2275 3545 2348">
    <p class='ocr_par' dir='ltr' id='par_1_50' title="bbox 1969 2275 3545 2348">
     <span class='ocr_line' id='line_1_50' title="bbox 1969 2275 3545 2348; baseline 0.001 -20"><span class='ocrx_word' id='word_1_329' title='bbox 1969 2275 2113 2328; x_wconf 83' lang='lat' dir='ltr'><strong>inter</strong></span> <span class='ocrx_word' id='word_1_330' title='bbox 2139 2290 2275 2342; x_wconf 89' lang='lat' dir='ltr'><strong>quos</strong></span> <span class='ocrx_word' id='word_1_331' title='bbox 2300 2276 2568 2347; x_wconf 85' lang='lat' dir='ltr'><strong>Camyres</strong></span> <span class='ocrx_word' id='word_1_332' title='bbox 2596 2286 2754 2332; x_wconf 63' lang='lat' dir='ltr'><strong>aetate</strong></span> <span class='ocrx_word' id='word_1_333' title='bbox 2779 2292 2841 2332; x_wconf 92' lang='lat' dir='ltr'><strong>ac</strong></span> <span class='ocrx_word' id='word_1_334' title='bbox 2866 2294 2967 2333; x_wconf 91' lang='lat' dir='ltr'><strong>usu</strong></span> <span class='ocrx_word' id='word_1_335' title='bbox 3003 2294 3169 2348; x_wconf 90' lang='lat' dir='ltr'><strong>supra</strong></span> <span class='ocrx_word' id='word_1_336' title='bbox 3196 2293 3388 2334; x_wconf 88' lang='lat' dir='ltr'><strong>omnes</strong></span> <span class='ocrx_word' id='word_1_337' title='bbox 3407 2278 3545 2333; x_wconf 91' lang='lat' dir='ltr'><strong>emi-</strong></span> 
     </span>
    </p>
   </div>
   <div class='ocr_carea' id='block_1_51' title="bbox 1968 2364 3542 2437">
    <p class='ocr_par' dir='ltr' id='par_1_51' title="bbox 1968 2364 3542 2437">
     <span class='ocr_line' id='line_1_51' title="bbox 1968 2364 3542 2437; baseline 0.001 -20"><span class='ocrx_word' id='word_1_338' title='bbox 1968 2366 2152 2419; x_wconf 89' lang='lat' dir='ltr'><strong>nebat.</strong></span> <span class='ocrx_word' id='word_1_339' title='bbox 2182 2364 2402 2420; x_wconf 90' lang='lat' dir='ltr'><strong>lnterim</strong></span> <span class='ocrx_word' id='word_1_340' title='bbox 2441 2366 2569 2420; x_wconf 89' lang='lat' dir='ltr'><strong>dum</strong></span> <span class='ocrx_word' id='word_1_341' title='bbox 2599 2381 2662 2421; x_wconf 88' lang='lat' dir='ltr'><strong>ea</strong></span> <span class='ocrx_word' id='word_1_342' title='bbox 2695 2374 2894 2421; x_wconf 90' lang='lat' dir='ltr'><strong>tractat</strong></span> <span class='ocrx_word' id='word_1_343' title='bbox 2927 2377 3187 2437; x_wconf 90' lang='lat' dir='ltr'><strong>paratque</strong></span> <span class='ocrx_word' id='word_1_344' title='bbox 3222 2368 3542 2436; x_wconf 87' lang='lat' dir='ltr'><strong>imperator,</strong></span> 
     </span>
    </p>
   </div>
   <div class='ocr_carea' id='block_1_52' title="bbox 1965 2456 3538 2528">
    <p class='ocr_par' dir='ltr' id='par_1_52' title="bbox 1965 2456 3538 2528">
     <span class='ocr_line' id='line_1_52' title="bbox 1965 2456 3538 2528; baseline 0.003 -21"><span class='ocrx_word' id='word_1_345' title='bbox 1965 2456 2303 2511; x_wconf 86' lang='lat' dir='ltr'><strong>Baimundus</strong></span> <span class='ocrx_word' id='word_1_346' title='bbox 2342 2464 2493 2526; x_wconf 89' lang='lat' dir='ltr'><strong>parte</strong></span> <span class='ocrx_word' id='word_1_347' title='bbox 2518 2458 2800 2527; x_wconf 90' lang='lat' dir='ltr'><strong>copiarum</strong></span> <span class='ocrx_word' id='word_1_348' title='bbox 2832 2474 2861 2511; x_wconf 91' lang='lat' dir='ltr'><strong>a</strong></span> <span class='ocrx_word' id='word_1_349' title='bbox 2900 2474 3001 2513; x_wconf 91' lang='lat' dir='ltr'><strong>suo</strong></span> <span class='ocrx_word' id='word_1_350' title='bbox 3037 2459 3281 2513; x_wconf 80' lang='lat' dir='ltr'><strong>exercitu</strong></span> <span class='ocrx_word' id='word_1_351' title='bbox 3306 2460 3538 2528; x_wconf 74' lang='lat' dir='ltr'><strong>divulsa,</strong></span> 
     </span>
    </p>
   </div>
   <div class='ocr_carea' id='block_1_53' title="bbox 1967 2549 3541 2622">
    <p class='ocr_par' dir='ltr' id='par_1_53' title="bbox 1967 2549 3541 2622">
     <span class='ocr_line' id='line_1_53' title="bbox 1967 2549 3541 2622; baseline 0.001 -19"><span class='ocrx_word' id='word_1_352' title='bbox 1967 2551 2294 2604; x_wconf 85' lang='lat' dir='ltr'><strong>excursione</strong></span> <span class='ocrx_word' id='word_1_353' title='bbox 2350 2549 2633 2605; x_wconf 81' lang='lat' dir='ltr'><strong>Gallorum</strong></span> <span class='ocrx_word' id='word_1_354' title='bbox 2709 2553 3197 2622; x_wconf 85' lang='lat' dir='ltr'><strong>cataphractorum</strong></span> <span class='ocrx_word' id='word_1_355' title='bbox 3271 2560 3541 2622; x_wconf 86' lang='lat' dir='ltr'><strong>quotquot</strong></span> 
     </span>
    </p>
   </div>
   <div class='ocr_carea' id='block_1_54' title="bbox 1967 2639 3538 2711">
    <p class='ocr_par' dir='ltr' id='par_1_54' title="bbox 1967 2639 3538 2711">
     <span class='ocr_line' id='line_1_54' title="bbox 1967 2639 3538 2711; baseline -0.001 -17"><span class='ocrx_word' id='word_1_356' title='bbox 1967 2639 2206 2694; x_wconf 85' lang='lat' dir='ltr'><strong>habebat</strong></span> <span class='ocrx_word' id='word_1_357' title='bbox 2276 2640 2625 2711; x_wconf 80' lang='lat' dir='ltr'><strong>Pelagoniam</strong></span> <span class='ocrx_word' id='word_1_358' title='bbox 2689 2644 2997 2711; x_wconf 82' lang='lat' dir='ltr'><strong>occupavit.</strong></span> <span class='ocrx_word' id='word_1_359' title='bbox 3062 2641 3287 2711; x_wconf 77' lang='lat' dir='ltr'><strong>Ipseque</strong></span> <span class='ocrx_word' id='word_1_360' title='bbox 3346 2643 3538 2697; x_wconf 88' lang='lat' dir='ltr'><strong>iterum</strong></span> 
     </span>
    </p>
   </div>
   <div class='ocr_carea' id='block_1_55' title="bbox 1963 2730 3539 2801">
    <p class='ocr_par' dir='ltr' id='par_1_55' title="bbox 1963 2730 3539 2801">
     <span class='ocr_line' id='line_1_55' title="bbox 1963 2730 3539 2801; baseline 0.003 -19"><span class='ocrx_word' id='word_1_361' title='bbox 1963 2730 2171 2799; x_wconf 84' lang='lat' dir='ltr'><strong>junctis</strong></span> <span class='ocrx_word' id='word_1_362' title='bbox 2203 2730 2380 2801; x_wconf 87' lang='lat' dir='ltr'><strong>c0piis</strong></span> <span class='ocrx_word' id='word_1_363' title='bbox 2411 2733 2835 2787; x_wconf 66' lang='lat' dir='ltr'><strong>cum&#39;universo</strong></span> <span class='ocrx_word' id='word_1_364' title='bbox 2859 2732 3104 2787; x_wconf 73' lang='lat' dir='ltr'><strong>exercitu</strong></span> <span class='ocrx_word' id='word_1_365' title='bbox 3127 2732 3273 2801; x_wconf 85' lang='lat' dir='ltr'><strong>cepit</strong></span> <span class='ocrx_word' id='word_1_366' title='bbox 3298 2732 3539 2788; x_wconf 84' lang='lat' dir='ltr'><strong>Tricala.</strong></span> 
     </span>
    </p>
   </div>
   <div class='ocr_carea' id='block_1_56' title="bbox 1967 2823 3542 2893">
    <p class='ocr_par' dir='ltr' id='par_1_56' title="bbox 1967 2823 3542 2893">
     <span class='ocr_line' id='line_1_56' title="bbox 1967 2823 3542 2893; baseline -0.001 -16"><span class='ocrx_word' id='word_1_367' title='bbox 1967 2823 2291 2893; x_wconf 82' lang='lat' dir='ltr'><strong>Rursusque</strong></span> <span class='ocrx_word' id='word_1_368' title='bbox 2318 2823 2525 2878; x_wconf 87' lang='lat' dir='ltr'><strong>emissa</strong></span> <span class='ocrx_word' id='word_1_369' title='bbox 2557 2839 2720 2877; x_wconf 85' lang='lat' dir='ltr'><strong>manu</strong></span> <span class='ocrx_word' id='word_1_370' title='bbox 2743 2824 3171 2879; x_wconf 89' lang='lat' dir='ltr'><strong>lectissimormn</strong></span> <span class='ocrx_word' id='word_1_371' title='bbox 3196 2839 3259 2877; x_wconf 82' lang='lat' dir='ltr'><strong>ex</strong></span> <span class='ocrx_word' id='word_1_372' title='bbox 3285 2826 3542 2878; x_wconf 87' lang='lat' dir='ltr'><strong>universo</strong></span> 
     </span>
    </p>
   </div>
   <div class='ocr_carea' id='block_1_57' title="bbox 1970 2912 3539 2984">
    <p class='ocr_par' dir='ltr' id='par_1_57' title="bbox 1970 2912 3539 2984">
     <span class='ocr_line' id='line_1_57' title="bbox 1970 2912 3539 2984; baseline -0.004 -15"><span class='ocrx_word' id='word_1_373' title='bbox 1970 2930 2203 2970; x_wconf 92' lang='lat' dir='ltr'><strong>numero</strong></span> <span class='ocrx_word' id='word_1_374' title='bbox 2235 2915 2474 2969; x_wconf 90' lang='lat' dir='ltr'><strong>militum</strong></span> <span class='ocrx_word' id='word_1_375' title='bbox 2510 2955 2524 2979; x_wconf 94' lang='lat'><strong>,</strong></span> <span class='ocrx_word' id='word_1_376' title='bbox 2577 2914 2940 2984; x_wconf 86' lang='lat' dir='ltr'><strong>impressione</strong></span> <span class='ocrx_word' id='word_1_377' title='bbox 2999 2914 3177 2969; x_wconf 90' lang='lat' dir='ltr'><strong>subita</strong></span> <span class='ocrx_word' id='word_1_378' title='bbox 3227 2912 3539 2968; x_wconf 86' lang='lat' dir='ltr'><strong>Tzibiscum</strong></span> 
     </span>
    </p>
   </div>
   <div class='ocr_carea' id='block_1_58' title="bbox 1969 3005 3538 3077">
    <p class='ocr_par' dir='ltr' id='par_1_58' title="bbox 1969 3005 3538 3077">
     <span class='ocr_line' id='line_1_58' title="bbox 1969 3005 3538 3077; baseline -0.001 -16"><span class='ocrx_word' id='word_1_379' title='bbox 1969 3006 2206 3077; x_wconf 83' lang='lat' dir='ltr'><strong>subjecit</strong></span> <span class='ocrx_word' id='word_1_380' title='bbox 2238 3006 2369 3062; x_wconf 90' lang='lat' dir='ltr'><strong>sibl.</strong></span> <span class='ocrx_word' id='word_1_381' title='bbox 2401 3005 2533 3061; x_wconf 85' lang='lat' dir='ltr'><strong>Inde</strong></span> <span class='ocrx_word' id='word_1_382' title='bbox 2565 3006 2677 3077; x_wconf 77' lang='lat' dir='ltr'><strong>jam</strong></span> <span class='ocrx_word' id='word_1_383' title='bbox 2714 3006 2951 3061; x_wconf 80' lang='lat' dir='ltr'><strong>Larissae</strong></span> <span class='ocrx_word' id='word_1_384' title='bbox 3003 3006 3193 3077; x_wconf 82' lang='lat' dir='ltr'><strong>copias</strong></span> <span class='ocrx_word' id='word_1_385' title='bbox 3241 3006 3538 3061; x_wconf 89' lang='lat' dir='ltr'><strong>admovens</strong></span> 
     </span>
    </p>
   </div>
   <div class='ocr_carea' id='block_1_59' title="bbox 1277 3169 2419 3232">
    <p class='ocr_par' dir='ltr' id='par_1_59' title="bbox 1277 3169 2419 3232">
     <span class='ocr_line' id='line_1_59' title="bbox 1277 3169 2419 3232; baseline -0.001 -3"><span class='ocrx_word' id='word_1_386' title='bbox 1277 3170 1476 3231; x_wconf 65' lang='lat' dir='ltr'><strong>Variae</strong></span> <span class='ocrx_word' id='word_1_387' title='bbox 1516 3169 1824 3232; x_wconf 86' lang='lat' dir='ltr'><strong>lectiones</strong></span> <span class='ocrx_word' id='word_1_388' title='bbox 1860 3188 1937 3231; x_wconf 83' lang='lat' dir='ltr'><strong>ex</strong></span> <span class='ocrx_word' id='word_1_389' title='bbox 1969 3170 2111 3231; x_wconf 89' lang='lat' dir='ltr'><strong>cod.</strong></span> <span class='ocrx_word' id='word_1_390' title='bbox 2143 3169 2419 3230; x_wconf 89' lang='lat' dir='ltr'><strong>Coislin.</strong></span> 
     </span>
    </p>
   </div>
   <div class='ocr_carea' id='block_1_60' title="bbox 338 3264 3539 3339">
    <p class='ocr_par' dir='ltr' id='par_1_60' title="bbox 338 3264 3539 3339">
     <span class='ocr_line' id='line_1_60' title="bbox 338 3264 3539 3339; baseline 0.001 -19"><span class='ocrx_word' id='word_1_391' title='bbox 338 3264 381 3297; x_wconf 83' lang='grc'><strong>⁸⁸</strong></span> <span class='ocrx_word' id='word_1_392' title='bbox 407 3267 719 3339; x_wconf 71' lang='grc' dir='ltr'>Γιλιέλμος.</span> <span class='ocrx_word' id='word_1_393' title='bbox 792 3267 837 3299; x_wconf 87' lang='grc'>⁸¹</span> <span class='ocrx_word' id='word_1_394' title='bbox 880 3267 1189 3322; x_wconf 82' lang='grc' dir='ltr'><strong>⁹Ρυκά).δον.</strong></span> <span class='ocrx_word' id='word_1_395' title='bbox 1264 3270 1311 3301; x_wconf 83' lang='grc'><strong>⁸⁸</strong></span> <span class='ocrx_word' id='word_1_396' title='bbox 1334 3269 1643 3325; x_wconf 78' lang='grc' dir='ltr'>καστέλιον.</span> <span class='ocrx_word' id='word_1_397' title='bbox 1720 3269 1765 3301; x_wconf 87' lang='grc'><strong>⁸³</strong></span> <span class='ocrx_word' id='word_1_398' title='bbox 1798 3270 1990 3323; x_wconf 77' lang='grc' dir='ltr'>ἐκεῖθι.</span> <span class='ocrx_word' id='word_1_399' title='bbox 2066 3268 2111 3300; x_wconf 82' lang='grc'><strong>⁸⁸</strong></span> <span class='ocrx_word' id='word_1_400' title='bbox 2137 3266 2297 3323; x_wconf 86' lang='lat' dir='ltr'><strong>Deest</strong></span> <span class='ocrx_word' id='word_1_401' title='bbox 2326 3282 2428 3323; x_wconf 85' lang='lat' dir='ltr'><strong>vox</strong></span> <span class='ocrx_word' id='word_1_402' title='bbox 2466 3264 2643 3322; x_wconf 73' lang='grc' dir='ltr'><strong>λίαν.¹</strong></span> <span class='ocrx_word' id='word_1_403' title='bbox 2684 3267 2730 3300; x_wconf 83' lang='grc'>⁸³</span> <span class='ocrx_word' id='word_1_404' title='bbox 2753 3267 2810 3320; x_wconf 76' lang='grc' dir='ltr'><strong>δὲ</strong></span> <span class='ocrx_word' id='word_1_405' title='bbox 2842 3267 2957 3320; x_wconf 82' lang='grc' dir='ltr'>τόν.</span> <span class='ocrx_word' id='word_1_406' title='bbox 3033 3265 3081 3299; x_wconf 80' lang='grc'><strong>⁸⁸</strong></span> <span class='ocrx_word' id='word_1_407' title='bbox 3126 3268 3539 3339; x_wconf 74' lang='grc' dir='ltr'>στρατεύματος</span> 
     </span>
    </p>
   </div>
   <div class='ocr_carea' id='block_1_61' title="bbox 291 3337 1329 3402">
    <p class='ocr_par' dir='ltr' id='par_1_61' title="bbox 291 3337 1329 3402">
     <span class='ocr_line' id='line_1_61' title="bbox 291 3337 1329 3402; baseline 0.003 -13"><span class='ocrx_word' id='word_1_408' title='bbox 291 3337 630 3402; x_wconf 68' lang='grc' dir='ltr'>ἀποστείλας.</span> <span class='ocrx_word' id='word_1_409' title='bbox 706 3337 755 3370; x_wconf 84' lang='grc'>⁸⁷</span> <span class='ocrx_word' id='word_1_410' title='bbox 795 3339 958 3394; x_wconf 88' lang='lat' dir='ltr'><strong>Deest</strong></span> <span class='ocrx_word' id='word_1_411' title='bbox 985 3341 1174 3394; x_wconf 81' lang='lat' dir='ltr'><strong>vocula</strong></span> <span class='ocrx_word' id='word_1_412' title='bbox 1210 3339 1329 3393; x_wconf 79' lang='grc' dir='ltr'>καί.</span> 
     </span>
    </p>
   </div>
   <div class='ocr_carea' id='block_1_62' title="bbox 1274 3478 2425 3560">
    <p class='ocr_par' dir='ltr' id='par_1_62' title="bbox 1274 3478 2425 3560">
     <span class='ocr_line' id='line_1_62' title="bbox 1274 3478 2425 3560; baseline 0.001 -19"><span class='ocrx_word' id='word_1_413' title='bbox 1274 3479 1414 3541; x_wconf 85' lang='lat' dir='ltr'><strong>Car.</strong></span> <span class='ocrx_word' id='word_1_414' title='bbox 1451 3478 1780 3542; x_wconf 83' lang='lat' dir='ltr'><strong>Dul‘resnii</strong></span> <span class='ocrx_word' id='word_1_415' title='bbox 1813 3480 1909 3541; x_wconf 90' lang='lat' dir='ltr'><strong>Du</strong></span> <span class='ocrx_word' id='word_1_416' title='bbox 1941 3478 2168 3560; x_wconf 70' lang='lat' dir='ltr'><strong>Cangii</strong></span> <span class='ocrx_word' id='word_1_417' title='bbox 2213 3481 2425 3547; x_wconf 54' lang='lat' dir='ltr'><strong>inotze.</strong></span> 
     </span>
    </p>
   </div>
   <div class='ocr_carea' id='block_1_63' title="bbox 296 3598 3533 3678">
    <p class='ocr_par' dir='ltr' id='par_1_63' title="bbox 296 3598 3533 3678">
     <span class='ocr_line' id='line_1_63' title="bbox 296 3598 3533 3678; baseline 0.001 -18"><span class='ocrx_word' id='word_1_418' title='bbox 296 3606 353 3661; x_wconf 80' lang='lat' dir='ltr'><strong>de</strong></span> <span class='ocrx_word' id='word_1_419' title='bbox 397 3608 446 3660; x_wconf 81' lang='lat' dir='ltr'><strong>la</strong></span> <span class='ocrx_word' id='word_1_420' title='bbox 476 3607 722 3671; x_wconf 86' lang='lat' dir='ltr'><strong>bataille,</strong></span> <span class='ocrx_word' id='word_1_421' title='bbox 764 3609 884 3677; x_wconf 89' lang='lat' dir='ltr'><strong>puis</strong></span> <span class='ocrx_word' id='word_1_422' title='bbox 928 3624 1024 3671; x_wconf 86' lang='lat' dir='ltr'><strong>que</strong></span> <span class='ocrx_word' id='word_1_423' title='bbox 1072 3607 1147 3662; x_wconf 84' lang='lat' dir='ltr'><strong>les</strong></span> <span class='ocrx_word' id='word_1_424' title='bbox 1205 3610 1512 3675; x_wconf 83' lang='lat' dir='ltr'><strong>champions</strong></span> <span class='ocrx_word' id='word_1_425' title='bbox 1575 3608 1685 3664; x_wconf 81' lang='lat' dir='ltr'><strong>s’cn</strong></span> <span class='ocrx_word' id='word_1_426' title='bbox 1738 3615 1858 3664; x_wconf 85' lang='lat' dir='ltr'><strong>sont</strong></span> <span class='ocrx_word' id='word_1_427' title='bbox 1886 3598 1931 3660; x_wconf 84' lang='lat' dir='ltr'><strong><em>C</em></strong></span> <span class='ocrx_word' id='word_1_428' title='bbox 1962 3609 2081 3677; x_wconf 81' lang='lat' dir='ltr'><strong>cipe</strong></span> <span class='ocrx_word' id='word_1_429' title='bbox 2114 3609 2488 3674; x_wconf 78' lang='lat' dir='ltr'><strong>impetrasset.</strong></span> <span class='ocrx_word' id='word_1_430' title='bbox 2526 3622 2628 3677; x_wconf 88' lang='lat' dir='ltr'><strong>pro</strong></span> <span class='ocrx_word' id='word_1_431' title='bbox 2670 3613 2889 3662; x_wconf 88' lang='lat' dir='ltr'><strong>mortuo</strong></span> <span class='ocrx_word' id='word_1_432' title='bbox 2922 3605 3254 3678; x_wconf 86' lang='lat' dir='ltr'><strong>habebatur,</strong></span> <span class='ocrx_word' id='word_1_433' title='bbox 3303 3611 3533 3678; x_wconf 80' lang='lat' dir='ltr'><strong>ejusque</strong></span> 
     </span>
    </p>
   </div>
   <div class='ocr_carea' id='block_1_64' title="bbox 301 3678 1848 3749">
    <p class='ocr_par' dir='ltr' id='par_1_64' title="bbox 301 3678 1848 3749">
     <span class='ocr_line' id='line_1_64' title="bbox 301 3678 1848 3749; baseline 0.003 -20"><span class='ocrx_word' id='word_1_434' title='bbox 301 3678 476 3749; x_wconf 69' lang='lat' dir='ltr'><strong>luisse:</strong></span> <span class='ocrx_word' id='word_1_435' title='bbox 504 3680 614 3732; x_wconf 88' lang='lat' dir='ltr'><strong>aler</strong></span> <span class='ocrx_word' id='word_1_436' title='bbox 641 3681 922 3743; x_wconf 86' lang='lat' dir='ltr'><strong>ensemble,</strong></span> <span class='ocrx_word' id='word_1_437' title='bbox 957 3687 1123 3732; x_wconf 85' lang='lat' dir='ltr'><strong>toutes</strong></span> <span class='ocrx_word' id='word_1_438' title='bbox 1180 3679 1253 3731; x_wconf 82' lang='lat' dir='ltr'><strong>les</strong></span> <span class='ocrx_word' id='word_1_439' title='bbox 1290 3696 1550 3743; x_wconf 85' lang='lat' dir='ltr'><strong>armures,</strong></span> <span class='ocrx_word' id='word_1_440' title='bbox 1604 3682 1697 3749; x_wconf 91' lang='lat' dir='ltr'><strong>qui</strong></span> <span class='ocrx_word' id='word_1_441' title='bbox 1730 3690 1848 3733; x_wconf 86' lang='lat' dir='ltr'><strong>sont</strong></span> 
     </span>
    </p>
   </div>
   <div class='ocr_carea' id='block_1_65' title="bbox 302 3746 1847 3816">
    <p class='ocr_par' dir='ltr' id='par_1_65' title="bbox 302 3746 1847 3816">
     <span class='ocr_line' id='line_1_65' title="bbox 302 3746 1847 3816; baseline 0.005 -19"><span class='ocrx_word' id='word_1_442' title='bbox 302 3746 439 3799; x_wconf 73' lang='lat' dir='ltr'><strong>cliens</strong></span> <span class='ocrx_word' id='word_1_443' title='bbox 460 3749 502 3798; x_wconf 85' lang='lat' dir='ltr'><strong>el</strong></span> <span class='ocrx_word' id='word_1_444' title='bbox 524 3749 708 3816; x_wconf 81' lang='lat' dir='ltr'><strong>rhamp</strong></span> <span class='ocrx_word' id='word_1_445' title='bbox 737 3750 932 3801; x_wconf 81' lang='lat' dir='ltr'><strong>brisees</strong></span> <span class='ocrx_word' id='word_1_446' title='bbox 965 3759 1012 3800; x_wconf 80' lang='lat' dir='ltr'><strong>et</strong></span> <span class='ocrx_word' id='word_1_447' title='bbox 1051 3750 1297 3808; x_wconf 85' lang='lat' dir='ltr'><strong>entieres.</strong></span> <span class='ocrx_word' id='word_1_448' title='bbox 1339 3751 1548 3803; x_wconf 83' lang='lat' dir='ltr'><strong>doivent</strong></span> <span class='ocrx_word' id='word_1_449' title='bbox 1582 3746 1717 3803; x_wconf 81' lang='lat' dir='ltr'><strong>estre</strong></span> <span class='ocrx_word' id='word_1_450' title='bbox 1741 3750 1847 3804; x_wconf 84' lang='lat' dir='ltr'><strong>dou</strong></span> 
     </span>
    </p>
   </div>
   <div class='ocr_carea' id='block_1_66' title="bbox 301 3817 1844 3886">
    <p class='ocr_par' dir='ltr' id='par_1_66' title="bbox 301 3817 1844 3886">
     <span class='ocr_line' id='line_1_66' title="bbox 301 3817 1844 3886; baseline 0.004 -19"><span class='ocrx_word' id='word_1_451' title='bbox 301 3817 624 3871; x_wconf 69' lang='lat' dir='ltr'><strong>(iounestable</strong></span> <span class='ocrx_word' id='word_1_452' title='bbox 660 3834 679 3872; x_wconf 91' lang='lat'><strong><em>:</em></strong></span> <span class='ocrx_word' id='word_1_453' title='bbox 714 3828 764 3871; x_wconf 86' lang='lat' dir='ltr'><strong>et</strong></span> <span class='ocrx_word' id='word_1_454' title='bbox 814 3835 868 3871; x_wconf 78' lang='lat' dir='ltr'><strong>se</strong></span> <span class='ocrx_word' id='word_1_455' title='bbox 907 3818 949 3869; x_wconf 87' lang='lat' dir='ltr'><strong>il</strong></span> <span class='ocrx_word' id='word_1_456' title='bbox 996 3820 1083 3886; x_wconf 82' lang='lat' dir='ltr'><strong>n‘y</strong></span> <span class='ocrx_word' id='word_1_457' title='bbox 1137 3837 1168 3870; x_wconf 91' lang='lat' dir='ltr'><strong>a</strong></span> <span class='ocrx_word' id='word_1_458' title='bbox 1225 3821 1582 3882; x_wconf 85' lang='lat' dir='ltr'><strong>connestable,</strong></span> <span class='ocrx_word' id='word_1_459' title='bbox 1637 3823 1844 3874; x_wconf 75' lang='lat' dir='ltr'><strong>doivent</strong></span> 
     </span>
    </p>
   </div>
   <div class='ocr_carea' id='block_1_67' title="bbox 303 3887 1849 3956">
    <p class='ocr_par' dir='ltr' id='par_1_67' title="bbox 303 3887 1849 3956">
     <span class='ocr_line' id='line_1_67' title="bbox 303 3887 1849 3956; baseline 0.005 -20"><span class='ocrx_word' id='word_1_460' title='bbox 303 3896 423 3956; x_wconf 80' lang='lat' dir='ltr'><strong>estre</strong></span> <span class='ocrx_word' id='word_1_461' title='bbox 452 3887 551 3940; x_wconf 81' lang='lat' dir='ltr'><strong>dou</strong></span> <span class='ocrx_word' id='word_1_462' title='bbox 584 3890 817 3956; x_wconf 78' lang='lat' dir='ltr'><strong>seignor.</strong></span> <span class='ocrx_word' id='word_1_463' title='bbox 855 3887 998 3954; x_wconf 85' lang='lat' dir='ltr'><strong>Quin</strong></span> <span class='ocrx_word' id='word_1_464' title='bbox 1036 3890 1198 3943; x_wconf 82' lang='lat' dir='ltr'><strong>etiam</strong></span> <span class='ocrx_word' id='word_1_465' title='bbox 1235 3891 1352 3956; x_wconf 85' lang='lat' dir='ltr'><strong>ipsa</strong></span> <span class='ocrx_word' id='word_1_466' title='bbox 1386 3890 1511 3944; x_wconf 78' lang='lat' dir='ltr'><strong>vieti</strong></span> <span class='ocrx_word' id='word_1_467' title='bbox 1544 3891 1682 3943; x_wconf 91' lang='lat' dir='ltr'><strong>bona</strong></span> <span class='ocrx_word' id='word_1_468' title='bbox 1715 3892 1849 3943; x_wconf 76' lang='lat' dir='ltr'><strong>ﬁsco</strong></span> 
     </span>
    </p>
   </div>
   <div class='ocr_carea' id='block_1_68' title="bbox 302 3954 1849 4024">
    <p class='ocr_par' dir='ltr' id='par_1_68' title="bbox 302 3954 1849 4024">
     <span class='ocr_line' id='line_1_68' title="bbox 302 3954 1849 4024; baseline 0.002 -16"><span class='ocrx_word' id='word_1_469' title='bbox 302 3954 511 4024; x_wconf 75' lang='lat' dir='ltr'><strong>dmniui,</strong></span> <span class='ocrx_word' id='word_1_470' title='bbox 546 3954 705 4024; x_wconf 75' lang='lat' dir='ltr'><strong>cujus</strong></span> <span class='ocrx_word' id='word_1_471' title='bbox 730 3960 928 4020; x_wconf 85' lang='lat' dir='ltr'><strong>cliens,</strong></span> <span class='ocrx_word' id='word_1_472' title='bbox 966 3975 1060 4013; x_wconf 86' lang='lat' dir='ltr'><strong>seu</strong></span> <span class='ocrx_word' id='word_1_473' title='bbox 1096 3954 1374 4013; x_wconf 83' lang='lat' dir='ltr'><strong>vassallus</strong></span> <span class='ocrx_word' id='word_1_474' title='bbox 1424 3968 1562 4019; x_wconf 91' lang='lat' dir='ltr'><strong>erat,</strong></span> <span class='ocrx_word' id='word_1_475' title='bbox 1624 3958 1849 4012; x_wconf 78' lang='lat' dir='ltr'><strong>addice-</strong></span> 
     </span>
    </p>
   </div>
   <div class='ocr_carea' id='block_1_69' title="bbox 303 4023 1848 4096">
    <p class='ocr_par' dir='ltr' id='par_1_69' title="bbox 303 4023 1848 4096">
     <span class='ocr_line' id='line_1_69' title="bbox 303 4023 1848 4096; baseline 0.003 -19"><span class='ocrx_word' id='word_1_476' title='bbox 303 4023 506 4086; x_wconf 88' lang='lat' dir='ltr'><strong>bantur.</strong></span> <span class='ocrx_word' id='word_1_477' title='bbox 544 4023 816 4091; x_wconf 78' lang='lat' dir='ltr'><strong>siquidem</strong></span> <span class='ocrx_word' id='word_1_478' title='bbox 854 4029 1090 4096; x_wconf 72' lang='lat' dir='ltr'><strong>capitale</strong></span> <span class='ocrx_word' id='word_1_479' title='bbox 1142 4038 1293 4083; x_wconf 84' lang='lat' dir='ltr'><strong>esset</strong></span> <span class='ocrx_word' id='word_1_480' title='bbox 1344 4028 1575 4091; x_wconf 89' lang='lat' dir='ltr'><strong>crimen,</strong></span> <span class='ocrx_word' id='word_1_481' title='bbox 1638 4028 1705 4081; x_wconf 93' lang='lat' dir='ltr'><strong>de</strong></span> <span class='ocrx_word' id='word_1_482' title='bbox 1738 4044 1848 4093; x_wconf 88' lang='lat' dir='ltr'><strong>quo</strong></span> 
     </span>
    </p>
   </div>
   <div class='ocr_carea' id='block_1_70' title="bbox 302 4097 1849 4168">
    <p class='ocr_par' dir='ltr' id='par_1_70' title="bbox 302 4097 1849 4168">
     <span class='ocr_line' id='line_1_70' title="bbox 302 4097 1849 4168; baseline 0.005 -23"><span class='ocrx_word' id='word_1_483' title='bbox 302 4106 573 4168; x_wconf 79' lang='lat' dir='ltr'><strong>accusatus</strong></span> <span class='ocrx_word' id='word_1_484' title='bbox 611 4098 815 4151; x_wconf 82' lang='lat' dir='ltr'><strong>fuerat.</strong></span> <span class='ocrx_word' id='word_1_485' title='bbox 856 4097 1175 4153; x_wconf 85' lang='lat' dir='ltr'><strong>llarduinus</strong></span> <span class='ocrx_word' id='word_1_486' title='bbox 1208 4114 1373 4168; x_wconf 85' lang='lat' dir='ltr'><strong>supra</strong></span> <span class='ocrx_word' id='word_1_487' title='bbox 1426 4098 1629 4151; x_wconf 83' lang='lat' dir='ltr'><strong>citatus</strong></span> <span class='ocrx_word' id='word_1_488' title='bbox 1659 4115 1673 4168; x_wconf 85' lang='lat'><strong>;</strong></span> <span class='ocrx_word' id='word_1_489' title='bbox 1701 4098 1770 4168; x_wconf 82' lang='lat' dir='ltr'><strong>Et</strong></span> <span class='ocrx_word' id='word_1_490' title='bbox 1802 4098 1849 4152; x_wconf 92' lang='lat' dir='ltr'><strong>le</strong></span> 
     </span>
    </p>
   </div>
   <div class='ocr_carea' id='block_1_71' title="bbox 302 4166 1846 4235">
    <p class='ocr_par' dir='ltr' id='par_1_71' title="bbox 302 4166 1846 4235">
     <span class='ocr_line' id='line_1_71' title="bbox 302 4166 1846 4235; baseline 0.007 -23"><span class='ocrx_word' id='word_1_491' title='bbox 302 4173 427 4235; x_wconf 80' lang='lat' dir='ltr'><strong>reste</strong></span> <span class='ocrx_word' id='word_1_492' title='bbox 453 4166 511 4221; x_wconf 82' lang='lat' dir='ltr'><strong>de</strong></span> <span class='ocrx_word' id='word_1_493' title='bbox 537 4184 613 4221; x_wconf 86' lang='lat' dir='ltr'><strong>ses</strong></span> <span class='ocrx_word' id='word_1_494' title='bbox 645 4169 789 4221; x_wconf 83' lang='lat' dir='ltr'><strong>biens</strong></span> <span class='ocrx_word' id='word_1_495' title='bbox 821 4178 939 4221; x_wconf 86' lang='lat' dir='ltr'><strong>sont</strong></span> <span class='ocrx_word' id='word_1_496' title='bbox 970 4186 1039 4221; x_wconf 90' lang='lat' dir='ltr'><strong>au</strong></span> <span class='ocrx_word' id='word_1_497' title='bbox 1068 4171 1247 4234; x_wconf 78' lang='lat' dir='ltr'><strong>prince</strong></span> <span class='ocrx_word' id='word_1_498' title='bbox 1280 4166 1603 4235; x_wconf 67' lang='lat' dir='ltr'><strong>ean/isquez.</strong></span> <span class='ocrx_word' id='word_1_499' title='bbox 1651 4166 1846 4223; x_wconf 85' lang='lat' dir='ltr'><strong>Libera</strong></span> 
     </span>
    </p>
   </div>
   <div class='ocr_carea' id='block_1_72' title="bbox 304 4233 1848 4307">
    <p class='ocr_par' dir='ltr' id='par_1_72' title="bbox 304 4233 1848 4307">
     <span class='ocr_line' id='line_1_72' title="bbox 304 4233 1848 4307; baseline 0.005 -23"><span class='ocrx_word' id='word_1_500' title='bbox 304 4233 368 4307; x_wconf 57' lang='lat' dir='ltr'><strong>ab</strong></span> <span class='ocrx_word' id='word_1_501' title='bbox 394 4241 528 4290; x_wconf 89' lang='lat' dir='ltr'><strong>omni</strong></span> <span class='ocrx_word' id='word_1_502' title='bbox 584 4254 692 4292; x_wconf 74' lang='lat' dir='ltr'><strong>tere</strong></span> <span class='ocrx_word' id='word_1_503' title='bbox 744 4238 950 4299; x_wconf 85' lang='lat' dir='ltr'><strong>alieno,</strong></span> <span class='ocrx_word' id='word_1_504' title='bbox 1006 4233 1075 4291; x_wconf 12' lang='lat' dir='ltr'><strong>uti</strong></span> <span class='ocrx_word' id='word_1_505' title='bbox 1110 4247 1193 4291; x_wconf 84' lang='lat' dir='ltr'><strong>est</strong></span> <span class='ocrx_word' id='word_1_506' title='bbox 1244 4233 1392 4307; x_wconf 84' lang='lat' dir='ltr'><strong>apud</strong></span> <span class='ocrx_word' id='word_1_507' title='bbox 1437 4236 1747 4305; x_wconf 77' lang='lat' dir='ltr'><strong>Philippum</strong></span> <span class='ocrx_word' id='word_1_508' title='bbox 1786 4244 1848 4292; x_wconf 84' lang='lat' dir='ltr'><strong>de</strong></span> 
     </span>
    </p>
   </div>
   <div class='ocr_carea' id='block_1_73' title="bbox 300 4301 1847 4377">
    <p class='ocr_par' dir='ltr' id='par_1_73' title="bbox 300 4301 1847 4377">
     <span class='ocr_line' id='line_1_73' title="bbox 300 4301 1847 4377; baseline 0.003 -21"><span class='ocrx_word' id='word_1_509' title='bbox 300 4301 635 4377; x_wconf 82' lang='lat' dir='ltr'><strong>_Beaumanoir</strong></span> <span class='ocrx_word' id='word_1_510' title='bbox 672 4324 776 4363; x_wconf 90' lang='lat' dir='ltr'><strong>ms.</strong></span> <span class='ocrx_word' id='word_1_511' title='bbox 809 4324 932 4373; x_wconf 80' lang='lat' dir='ltr'><strong>cap.</strong></span> <span class='ocrx_word' id='word_1_512' title='bbox 969 4309 1029 4361; x_wconf 81' lang='grc'><strong>61</strong></span> <span class='ocrx_word' id='word_1_513' title='bbox 1079 4325 1095 4363; x_wconf 88' lang='lat'><strong>:</strong></span> <span class='ocrx_word' id='word_1_514' title='bbox 1132 4308 1219 4363; x_wconf 73' lang='grc' dir='ltr'>σει</span> <span class='ocrx_word' id='word_1_515' title='bbox 1248 4301 1337 4377; x_wconf 75' lang='lat' dir='ltr'><strong>qui</strong></span> <span class='ocrx_word' id='word_1_516' title='bbox 1368 4317 1445 4362; x_wconf 84' lang='lat' dir='ltr'><strong>est</strong></span> <span class='ocrx_word' id='word_1_517' title='bbox 1474 4301 1694 4361; x_wconf 74' lang='lat' dir='ltr'><strong>vaincus</strong></span> <span class='ocrx_word' id='word_1_518' title='bbox 1719 4309 1847 4374; x_wconf 82' lang='lat' dir='ltr'><strong>perd</strong></span> 
     </span>
    </p>
   </div>
   <div class='ocr_carea' id='block_1_74' title="bbox 299 4371 1847 4448">
    <p class='ocr_par' dir='ltr' id='par_1_74' title="bbox 299 4371 1847 4448">
     <span class='ocr_line' id='line_1_74' title="bbox 299 4371 1847 4448; baseline 0.006 -25"><span class='ocrx_word' id='word_1_519' title='bbox 299 4371 342 4448; x_wconf 78' lang='lat' dir='ltr'><strong>le</strong></span> <span class='ocrx_word' id='word_1_520' title='bbox 367 4390 490 4434; x_wconf 84' lang='lat' dir='ltr'><strong>cors.</strong></span> <span class='ocrx_word' id='word_1_521' title='bbox 520 4388 569 4432; x_wconf 90' lang='lat' dir='ltr'><strong>et</strong></span> <span class='ocrx_word' id='word_1_522' title='bbox 607 4395 853 4447; x_wconf 82' lang='lat' dir='ltr'><strong>quanqne</strong></span> <span class='ocrx_word' id='word_1_523' title='bbox 880 4371 919 4431; x_wconf 83' lang='lat' dir='ltr'><strong>il</strong></span> <span class='ocrx_word' id='word_1_524' title='bbox 955 4397 985 4432; x_wconf 91' lang='lat' dir='ltr'><strong>a</strong></span> <span class='ocrx_word' id='word_1_525' title='bbox 1014 4380 1077 4432; x_wconf 85' lang='lat' dir='ltr'><strong>de</strong></span> <span class='ocrx_word' id='word_1_526' title='bbox 1127 4371 1345 4448; x_wconf 81' lang='lat' dir='ltr'><strong>quelque</strong></span> <span class='ocrx_word' id='word_1_527' title='bbox 1393 4380 1609 4443; x_wconf 80' lang='lat' dir='ltr'><strong>signeur</strong></span> <span class='ocrx_word' id='word_1_528' title='bbox 1656 4371 1747 4448; x_wconf 88' lang='lat' dir='ltr'><strong>qui</strong></span> <span class='ocrx_word' id='word_1_529' title='bbox 1800 4380 1847 4433; x_wconf 88' lang='lat' dir='ltr'><strong>le</strong></span> 
     </span>
    </p>
   </div>
   <div class='ocr_carea' id='block_1_75' title="bbox 300 4443 1847 4518">
    <p class='ocr_par' dir='ltr' id='par_1_75' title="bbox 300 4443 1847 4518">
     <span class='ocr_line' id='line_1_75' title="bbox 300 4443 1847 4518; baseline 0.005 -24"><span class='ocrx_word' id='word_1_530' title='bbox 300 4443 543 4518; x_wconf 75' lang='lat' dir='ltr'><strong>tiegne.et</strong></span> <span class='ocrx_word' id='word_1_531' title='bbox 576 4443 714 4502; x_wconf 83' lang='lat' dir='ltr'><strong>vient</strong></span> <span class='ocrx_word' id='word_1_532' title='bbox 748 4443 792 4501; x_wconf 82' lang='lat' dir='ltr'><strong>le</strong></span> <span class='ocrx_word' id='word_1_533' title='bbox 834 4450 1097 4518; x_wconf 78' lang='lat' dir='ltr'><strong>forfeture</strong></span> <span class='ocrx_word' id='word_1_534' title='bbox 1139 4443 1175 4500; x_wconf 24' lang='lat' dir='ltr'><strong>Va</strong></span> <span class='ocrx_word' id='word_1_535' title='bbox 1207 4443 1398 4517; x_wconf 72' lang='lat' dir='ltr'><strong>easque</strong></span> <span class='ocrx_word' id='word_1_536' title='bbox 1418 4448 1643 4516; x_wconf 86' lang='lat' dir='ltr'><strong>Sigueur</strong></span> <span class='ocrx_word' id='word_1_537' title='bbox 1666 4443 1728 4501; x_wconf 64' lang='lat' dir='ltr'><strong>ile</strong></span> <span class='ocrx_word' id='word_1_538' title='bbox 1756 4451 1847 4517; x_wconf 88' lang='lat' dir='ltr'><strong>qui</strong></span> 
     </span>
    </p>
   </div>
   <div class='ocr_carea' id='block_1_76' title="bbox 298 4511 1849 4583">
    <p class='ocr_par' dir='ltr' id='par_1_76' title="bbox 298 4511 1849 4583">
     <span class='ocr_line' id='line_1_76' title="bbox 298 4511 1849 4583; baseline 0.006 -20"><span class='ocrx_word' id='word_1_539' title='bbox 298 4511 333 4563; x_wconf 82' lang='lat' dir='ltr'><strong>il</strong></span> <span class='ocrx_word' id='word_1_540' title='bbox 362 4517 531 4577; x_wconf 80' lang='lat' dir='ltr'><strong>tenvit,</strong></span> <span class='ocrx_word' id='word_1_541' title='bbox 558 4529 605 4569; x_wconf 91' lang='lat' dir='ltr'><strong>et</strong></span> <span class='ocrx_word' id='word_1_542' title='bbox 638 4520 686 4571; x_wconf 85' lang='lat' dir='ltr'><strong>si</strong></span> <span class='ocrx_word' id='word_1_543' title='bbox 728 4511 949 4574; x_wconf 80' lang='lat' dir='ltr'><strong>mueblé.</strong></span> <span class='ocrx_word' id='word_1_544' title='bbox 970 4529 1018 4573; x_wconf 86' lang='lat' dir='ltr'><strong>et</strong></span> <span class='ocrx_word' id='word_1_545' title='bbox 1052 4536 1169 4571; x_wconf 80' lang='lat' dir='ltr'><strong>sera</strong></span> <span class='ocrx_word' id='word_1_546' title='bbox 1192 4520 1261 4571; x_wconf 87' lang='lat' dir='ltr'><strong>tel</strong></span> <span class='ocrx_word' id='word_1_547' title='bbox 1312 4511 1458 4571; x_wconf 75' lang='lat' dir='ltr'><strong>aussi</strong></span> <span class='ocrx_word' id='word_1_548' title='bbox 1480 4511 1849 4583; x_wconf 28' lang='lat' dir='ltr'><strong>Vassignement</strong></span> 
     </span>
    </p>
   </div>
   <div class='ocr_carea' id='block_1_77' title="bbox 296 4584 1849 4658">
    <p class='ocr_par' dir='ltr' id='par_1_77' title="bbox 296 4584 1849 4658">
     <span class='ocr_line' id='line_1_77' title="bbox 296 4584 1849 4658; baseline 0.005 -25"><span class='ocrx_word' id='word_1_549' title='bbox 296 4584 462 4639; x_wconf 79' lang='lat' dir='ltr'><strong>dessos</strong></span> <span class='ocrx_word' id='word_1_550' title='bbox 491 4588 619 4656; x_wconf 79' lang='lat' dir='ltr'><strong>qu’il</strong></span> <span class='ocrx_word' id='word_1_551' title='bbox 647 4598 727 4643; x_wconf 91' lang='lat' dir='ltr'><strong>est</strong></span> <span class='ocrx_word' id='word_1_552' title='bbox 776 4591 947 4642; x_wconf 81' lang='lat' dir='ltr'><strong>troué.</strong></span> <span class='ocrx_word' id='word_1_553' title='bbox 996 4590 1061 4641; x_wconf 72' lang='lat' dir='ltr'><strong>lt&#39;t</strong></span> <span class='ocrx_word' id='word_1_554' title='bbox 1090 4606 1152 4641; x_wconf 87' lang='lat' dir='ltr'><strong>en</strong></span> <span class='ocrx_word' id='word_1_555' title='bbox 1186 4599 1315 4641; x_wconf 82' lang='lat' dir='ltr'><strong>cette</strong></span> <span class='ocrx_word' id='word_1_556' title='bbox 1350 4590 1582 4641; x_wconf 76' lang='lat' dir='ltr'><strong>manicre</strong></span> <span class='ocrx_word' id='word_1_557' title='bbox 1630 4590 1849 4658; x_wconf 85' lang='lat' dir='ltr'><strong>quicou-</strong></span> 
     </span>
    </p>
   </div>
   <div class='ocr_carea' id='block_1_78' title="bbox 294 4657 1849 4728">
    <p class='ocr_par' dir='ltr' id='par_1_78' title="bbox 294 4657 1849 4728">
     <span class='ocr_line' id='line_1_78' title="bbox 294 4657 1849 4728; baseline 0.003 -20"><span class='ocrx_word' id='word_1_558' title='bbox 294 4668 411 4728; x_wconf 68' lang='lat' dir='ltr'><strong>ques</strong></span> <span class='ocrx_word' id='word_1_559' title='bbox 438 4670 509 4710; x_wconf 88' lang='lat' dir='ltr'><strong>est</strong></span> <span class='ocrx_word' id='word_1_560' title='bbox 547 4659 841 4713; x_wconf 79' lang='lat' dir='ltr'><strong>condamné</strong></span> <span class='ocrx_word' id='word_1_561' title='bbox 869 4660 933 4712; x_wconf 87' lang='lat' dir='ltr'><strong>de</strong></span> <span class='ocrx_word' id='word_1_562' title='bbox 963 4660 1056 4712; x_wconf 88' lang='lat' dir='ltr'><strong>lait</strong></span> <span class='ocrx_word' id='word_1_563' title='bbox 1077 4659 1173 4725; x_wconf 77' lang='lat' dir='ltr'><strong>fet,</strong></span> <span class='ocrx_word' id='word_1_564' title='bbox 1214 4676 1315 4726; x_wconf 86' lang='lat' dir='ltr'><strong>par</strong></span> <span class='ocrx_word' id='word_1_565' title='bbox 1361 4657 1528 4728; x_wconf 84' lang='lat' dir='ltr'><strong>lequel</strong></span> <span class='ocrx_word' id='word_1_566' title='bbox 1552 4658 1625 4725; x_wconf 81' lang='lat' dir='ltr'><strong>fet</strong></span> <span class='ocrx_word' id='word_1_567' title='bbox 1645 4657 1697 4711; x_wconf 85' lang='lat' dir='ltr'><strong>il</strong></span> <span class='ocrx_word' id='word_1_568' title='bbox 1731 4659 1849 4712; x_wconf 84' lang='lat' dir='ltr'><strong>doie</strong></span> 
     </span>
    </p>
   </div>
   <div class='ocr_carea' id='block_1_79' title="bbox 292 4726 1851 4796">
    <p class='ocr_par' dir='ltr' id='par_1_79' title="bbox 292 4726 1851 4796">
     <span class='ocr_line' id='line_1_79' title="bbox 292 4726 1851 4796; baseline 0.006 -22"><span class='ocrx_word' id='word_1_569' title='bbox 292 4726 466 4785; x_wconf 82' lang='lat' dir='ltr'><strong>perdre</strong></span> <span class='ocrx_word' id='word_1_570' title='bbox 498 4729 542 4782; x_wconf 79' lang='lat' dir='ltr'><strong>le</strong></span> <span class='ocrx_word' id='word_1_571' title='bbox 571 4746 710 4790; x_wconf 85' lang='lat' dir='ltr'><strong>cors,</strong></span> <span class='ocrx_word' id='word_1_572' title='bbox 745 4733 793 4783; x_wconf 88' lang='lat' dir='ltr'><strong>si</strong></span> <span class='ocrx_word' id='word_1_573' title='bbox 836 4730 1037 4784; x_wconf 86' lang='lat' dir='ltr'><strong>mneble</strong></span> <span class='ocrx_word' id='word_1_574' title='bbox 1068 4740 1118 4783; x_wconf 87' lang='lat' dir='ltr'><strong>et</strong></span> <span class='ocrx_word' id='word_1_575' title='bbox 1146 4731 1194 4782; x_wconf 86' lang='lat' dir='ltr'><strong>si</strong></span> <span class='ocrx_word' id='word_1_576' title='bbox 1224 4726 1477 4796; x_wconf 68' lang='lat' dir='ltr'><strong>Iwritaige</strong></span> <span class='ocrx_word' id='word_1_577' title='bbox 1494 4739 1612 4781; x_wconf 89' lang='lat' dir='ltr'><strong>sont</strong></span> <span class='ocrx_word' id='word_1_578' title='bbox 1636 4731 1851 4783; x_wconf 79' lang='lat' dir='ltr'><strong>demene</strong></span> 
     </span>
    </p>
   </div>
   <div class='ocr_carea' id='block_1_80' title="bbox 292 4798 1851 4868">
    <p class='ocr_par' dir='ltr' id='par_1_80' title="bbox 292 4798 1851 4868">
     <span class='ocr_line' id='line_1_80' title="bbox 292 4798 1851 4868; baseline 0.005 -26"><span class='ocrx_word' id='word_1_579' title='bbox 292 4807 353 4844; x_wconf 75' lang='lat' dir='ltr'><strong>en</strong></span> <span class='ocrx_word' id='word_1_580' title='bbox 390 4807 511 4851; x_wconf 82' lang='lat' dir='ltr'><strong>cette</strong></span> <span class='ocrx_word' id='word_1_581' title='bbox 539 4802 816 4863; x_wconf 79' lang='lat' dir='ltr'><strong>manicre;</strong></span> <span class='ocrx_word' id='word_1_582' title='bbox 858 4817 921 4853; x_wconf 86' lang='lat' dir='ltr'><strong>ne</strong></span> <span class='ocrx_word' id='word_1_583' title='bbox 943 4800 980 4854; x_wconf 84' lang='lat' dir='ltr'><strong>li</strong></span> <span class='ocrx_word' id='word_1_584' title='bbox 1016 4802 1227 4868; x_wconf 86' lang='lat' dir='ltr'><strong>signeur</strong></span> <span class='ocrx_word' id='word_1_585' title='bbox 1258 4800 1347 4868; x_wconf 87' lang='lat' dir='ltr'><strong>qui</strong></span> <span class='ocrx_word' id='word_1_586' title='bbox 1383 4808 1469 4852; x_wconf 85' lang='lat' dir='ltr'><strong>ant</strong></span> <span class='ocrx_word' id='word_1_587' title='bbox 1518 4798 1563 4851; x_wconf 87' lang='lat' dir='ltr'><strong>le</strong></span> <span class='ocrx_word' id='word_1_588' title='bbox 1601 4798 1711 4851; x_wconf 85' lang='lat' dir='ltr'><strong>sien</strong></span> <span class='ocrx_word' id='word_1_589' title='bbox 1752 4815 1851 4864; x_wconf 88' lang='lat' dir='ltr'><strong>par</strong></span> 
     </span>
    </p>
   </div>
   <div class='ocr_carea' id='block_1_81' title="bbox 289 4868 1847 4937">
    <p class='ocr_par' dir='ltr' id='par_1_81' title="bbox 289 4868 1847 4937">
     <span class='ocr_line' id='line_1_81' title="bbox 289 4868 1847 4937; baseline 0.003 -19"><span class='ocrx_word' id='word_1_590' title='bbox 289 4875 432 4937; x_wconf 71' lang='lat' dir='ltr'><strong>reson</strong></span> <span class='ocrx_word' id='word_1_591' title='bbox 470 4868 531 4921; x_wconf 86' lang='lat' dir='ltr'><strong>de</strong></span> <span class='ocrx_word' id='word_1_592' title='bbox 583 4870 865 4937; x_wconf 80' lang='lat' dir='ltr'><strong>forfeture,</strong></span> <span class='ocrx_word' id='word_1_593' title='bbox 891 4887 953 4925; x_wconf 84' lang='lat' dir='ltr'><strong>ne</strong></span> <span class='ocrx_word' id='word_1_594' title='bbox 975 4880 1094 4923; x_wconf 79' lang='lat' dir='ltr'><strong>sont</strong></span> <span class='ocrx_word' id='word_1_595' title='bbox 1130 4880 1278 4924; x_wconf 83' lang='lat' dir='ltr'><strong>tenus</strong></span> <span class='ocrx_word' id='word_1_596' title='bbox 1316 4871 1349 4922; x_wconf 84' lang='grc' dir='ltr'><em>ὰ</em></span> <span class='ocrx_word' id='word_1_597' title='bbox 1375 4870 1526 4937; x_wconf 81' lang='lat' dir='ltr'><strong>paier</strong></span> <span class='ocrx_word' id='word_1_598' title='bbox 1556 4869 1719 4923; x_wconf 87' lang='lat' dir='ltr'><strong>riens.</strong></span> <span class='ocrx_word' id='word_1_599' title='bbox 1750 4884 1847 4935; x_wconf 88' lang='lat' dir='ltr'><strong>que</strong></span> 
     </span>
    </p>
   </div>
   <div class='ocr_carea' id='block_1_82' title="bbox 289 4933 1846 5008">
    <p class='ocr_par' dir='ltr' id='par_1_82' title="bbox 289 4933 1846 5008">
     <span class='ocr_line' id='line_1_82' title="bbox 289 4933 1846 5008; baseline 0.004 -25"><span class='ocrx_word' id='word_1_600' title='bbox 289 4933 357 5008; x_wconf 66' lang='lat' dir='ltr'><strong>ei!</strong></span> <span class='ocrx_word' id='word_1_601' title='bbox 382 4939 461 5004; x_wconf 74' lang='lat' dir='ltr'><strong>qui</strong></span> <span class='ocrx_word' id='word_1_602' title='bbox 488 4949 561 4991; x_wconf 87' lang='lat' dir='ltr'><strong>est</strong></span> <span class='ocrx_word' id='word_1_603' title='bbox 583 4933 920 4993; x_wconf 69' lang='lat' dir='ltr'><strong>eono‘amnez</strong></span> <span class='ocrx_word' id='word_1_604' title='bbox 954 4942 1025 4993; x_wconf 87' lang='lat' dir='ltr'><strong>du</strong></span> <span class='ocrx_word' id='word_1_605' title='bbox 1076 4942 1147 5008; x_wconf 83' lang='lat' dir='ltr'><strong>[et</strong></span> <span class='ocrx_word' id='word_1_606' title='bbox 1178 4941 1330 4993; x_wconf 81' lang='lat' dir='ltr'><strong>deust</strong></span> <span class='ocrx_word' id='word_1_607' title='bbox 1375 4933 1449 4991; x_wconf 47' lang='lat' dir='ltr'><strong>&#39;de</strong></span> <span class='ocrx_word' id='word_1_608' title='bbox 1504 4938 1642 5008; x_wconf 70' lang='lat' dir='ltr'><strong>dele.</strong></span> <span class='ocrx_word' id='word_1_609' title='bbox 1694 4933 1846 5008; x_wconf 77' lang='lat' dir='ltr'><strong>Inter</strong></span> 
     </span>
    </p>
   </div>
   <div class='ocr_carea' id='block_1_83' title="bbox 291 5003 1842 5075">
    <p class='ocr_par' dir='ltr' id='par_1_83' title="bbox 291 5003 1842 5075">
     <span class='ocr_line' id='line_1_83' title="bbox 291 5003 1842 5075; baseline 0.005 -21"><span class='ocrx_word' id='word_1_610' title='bbox 291 5003 502 5075; x_wconf 48' lang='lat' dir='ltr'><strong>él&#39;l’Esla</strong></span> <span class='ocrx_word' id='word_1_611' title='bbox 533 5008 780 5063; x_wconf 69' lang='lat' dir='ltr'><strong>Surcarii</strong></span> <span class='ocrx_word' id='word_1_612' title='bbox 823 5003 1132 5075; x_wconf 81' lang='lat' dir='ltr'><strong>Paschatis,</strong></span> <span class='ocrx_word' id='word_1_613' title='bbox 1183 5026 1277 5064; x_wconf 91' lang='lat' dir='ltr'><strong>an.</strong></span> <span class='ocrx_word' id='word_1_614' title='bbox 1309 5010 1469 5063; x_wconf 74' lang='grc'><strong>1267.</strong></span> <span class='ocrx_word' id='word_1_615' title='bbox 1500 5006 1558 5061; x_wconf 92' lang='lat' dir='ltr'><strong>lu</strong></span> <span class='ocrx_word' id='word_1_616' title='bbox 1594 5007 1842 5062; x_wconf 83' lang='lat' dir='ltr'><strong>secundo</strong></span> 
     </span>
    </p>
   </div>
   <div class='ocr_carea' id='block_1_84' title="bbox 291 5067 1844 5149">
    <p class='ocr_par' dir='ltr' id='par_1_84' title="bbox 291 5067 1844 5149">
     <span class='ocr_line' id='line_1_84' title="bbox 291 5067 1844 5149; baseline 0.003 -24"><span class='ocrx_word' id='word_1_617' title='bbox 291 5067 512 5149; x_wconf 61' lang='lat' dir='ltr'><strong>“egesto</strong></span> <span class='ocrx_word' id='word_1_618' title='bbox 544 5078 775 5132; x_wconf 76' lang='lat' dir='ltr'><strong>Joannis</strong></span> <span class='ocrx_word' id='word_1_619' title='bbox 802 5082 869 5133; x_wconf 91' lang='lat' dir='ltr'><strong>de</strong></span> <span class='ocrx_word' id='word_1_620' title='bbox 900 5079 956 5135; x_wconf 93' lang='lat' dir='ltr'><strong>S.</strong></span> <span class='ocrx_word' id='word_1_621' title='bbox 1013 5067 1194 5136; x_wconf 74' lang='lat' dir='ltr'><strong>Iusto.</strong></span> <span class='ocrx_word' id='word_1_622' title='bbox 1228 5080 1372 5149; x_wconf 91' lang='lat' dir='ltr'><strong>quod</strong></span> <span class='ocrx_word' id='word_1_623' title='bbox 1407 5079 1685 5149; x_wconf 8' lang='lat' dir='ltr'><strong>exstatgin</strong></span> <span class='ocrx_word' id='word_1_624' title='bbox 1738 5078 1844 5149; x_wconf 40' lang='lat' dir='ltr'><strong>Ca:</strong></span> 
     </span>
    </p>
   </div>
   <div class='ocr_carea' id='block_1_85' title="bbox 290 5146 1840 5216">
    <p class='ocr_par' dir='ltr' id='par_1_85' title="bbox 290 5146 1840 5216">
     <span class='ocr_line' id='line_1_85' title="bbox 290 5146 1840 5216; baseline 0.006 -24"><span class='ocrx_word' id='word_1_625' title='bbox 290 5156 431 5216; x_wconf 64' lang='lat' dir='ltr'><strong>tnera</strong></span> <span class='ocrx_word' id='word_1_626' title='bbox 468 5146 717 5216; x_wconf 89' lang='lat' dir='ltr'><strong>Comput.</strong></span> <span class='ocrx_word' id='word_1_627' title='bbox 759 5149 934 5205; x_wconf 86' lang='lat' dir='ltr'><strong>Paris.</strong></span> <span class='ocrx_word' id='word_1_628' title='bbox 977 5149 1070 5203; x_wconf 81' lang='lat' dir='ltr'><strong>fol.</strong></span> <span class='ocrx_word' id='word_1_629' title='bbox 1126 5150 1215 5213; x_wconf 76' lang='lat'><strong>57,</strong></span> <span class='ocrx_word' id='word_1_630' title='bbox 1246 5146 1389 5204; x_wconf 64' lang='lat' dir='ltr'><strong>haec</strong></span> <span class='ocrx_word' id='word_1_631' title='bbox 1446 5149 1513 5202; x_wconf 91' lang='lat' dir='ltr'><strong>de</strong></span> <span class='ocrx_word' id='word_1_632' title='bbox 1566 5147 1840 5215; x_wconf 89' lang='lat' dir='ltr'><strong>ejusmodi</strong></span> 
     </span>
    </p>
   </div>
   <div class='ocr_carea' id='block_1_86' title="bbox 289 5208 1839 5287">
    <p class='ocr_par' dir='ltr' id='par_1_86' title="bbox 289 5208 1839 5287">
     <span class='ocr_line' id='line_1_86' title="bbox 289 5208 1839 5287; baseline 0.003 -23"><span class='ocrx_word' id='word_1_633' title='bbox 289 5208 542 5287; x_wconf 47' lang='lat' dir='ltr'><strong>honorum</strong></span> <span class='ocrx_word' id='word_1_634' title='bbox 570 5208 972 5274; x_wconf 78' lang='lat' dir='ltr'><strong>conﬁscatione</strong></span> <span class='ocrx_word' id='word_1_635' title='bbox 1015 5208 1285 5276; x_wconf 81' lang='lat' dir='ltr'><strong>habentur</strong></span> <span class='ocrx_word' id='word_1_636' title='bbox 1319 5234 1335 5272; x_wconf 91' lang='lat'><strong>:</strong></span> <span class='ocrx_word' id='word_1_637' title='bbox 1380 5218 1453 5272; x_wconf 89' lang='lat' dir='ltr'><strong>De</strong></span> <span class='ocrx_word' id='word_1_638' title='bbox 1478 5208 1706 5287; x_wconf 60' lang='lat' dir='ltr'><strong>quodam</strong></span> <span class='ocrx_word' id='word_1_639' title='bbox 1739 5219 1839 5270; x_wconf 78' lang='lat' dir='ltr'><strong>Ito-</strong></span> 
     </span>
    </p>
   </div>
   <div class='ocr_carea' id='block_1_87' title="bbox 292 5282 1842 5359">
    <p class='ocr_par' dir='ltr' id='par_1_87' title="bbox 292 5282 1842 5359">
     <span class='ocr_line' id='line_1_87' title="bbox 292 5282 1842 5359; baseline 0.003 -24"><span class='ocrx_word' id='word_1_640' title='bbox 292 5282 422 5359; x_wconf 78' lang='lat' dir='ltr'><strong>mt&#39;ne</strong></span> <span class='ocrx_word' id='word_1_641' title='bbox 451 5290 548 5341; x_wconf 79' lang='lat' dir='ltr'><strong>vice</strong></span> <span class='ocrx_word' id='word_1_642' title='bbox 576 5291 863 5342; x_wconf 82' lang='lat' dir='ltr'><strong>comitatus</strong></span> <span class='ocrx_word' id='word_1_643' title='bbox 905 5290 1150 5344; x_wconf 77' lang='lat' dir='ltr'><strong>Auribeci</strong></span> <span class='ocrx_word' id='word_1_644' title='bbox 1196 5288 1407 5359; x_wconf 79' lang='lat' dir='ltr'><strong>(Orbec)</strong></span> <span class='ocrx_word' id='word_1_645' title='bbox 1454 5282 1657 5355; x_wconf 77' lang='lat' dir='ltr'><strong>petente</strong></span> <span class='ocrx_word' id='word_1_646' title='bbox 1705 5288 1842 5341; x_wconf 88' lang='lat' dir='ltr'><strong>bona</strong></span> 
     </span>
    </p>
   </div>
   <div class='ocr_carea' id='block_1_88' title="bbox 288 5356 1841 5424">
    <p class='ocr_par' dir='ltr' id='par_1_88' title="bbox 288 5356 1841 5424">
     <span class='ocr_line' id='line_1_88' title="bbox 288 5356 1841 5424; baseline 0.005 -21"><span class='ocrx_word' id='word_1_647' title='bbox 288 5356 568 5410; x_wconf 74' lang='lat' dir='ltr'><strong>adversarii</strong></span> <span class='ocrx_word' id='word_1_648' title='bbox 614 5361 722 5421; x_wconf 88' lang='lat' dir='ltr'><strong>sui,</strong></span> <span class='ocrx_word' id='word_1_649' title='bbox 759 5376 911 5424; x_wconf 86' lang='lat' dir='ltr'><strong>quem</strong></span> <span class='ocrx_word' id='word_1_650' title='bbox 940 5376 1029 5419; x_wconf 87' lang='lat' dir='ltr'><strong>per</strong></span> <span class='ocrx_word' id='word_1_651' title='bbox 1080 5356 1291 5414; x_wconf 84' lang='lat' dir='ltr'><strong>vadium</strong></span> <span class='ocrx_word' id='word_1_652' title='bbox 1350 5356 1471 5413; x_wconf 84' lang='lat' dir='ltr'><strong>belli</strong></span> <span class='ocrx_word' id='word_1_653' title='bbox 1527 5359 1736 5418; x_wconf 81' lang='lat' dir='ltr'><strong>devicit,</strong></span> <span class='ocrx_word' id='word_1_654' title='bbox 1792 5366 1841 5412; x_wconf 90' lang='lat' dir='ltr'><strong>et</strong></span> 
     </span>
    </p>
   </div>
   <div class='ocr_carea' id='block_1_89' title="bbox 290 5427 1846 5496">
    <p class='ocr_par' dir='ltr' id='par_1_89' title="bbox 290 5427 1846 5496">
     <span class='ocr_line' id='line_1_89' title="bbox 290 5427 1846 5496; baseline -0.003 -11"><span class='ocrx_word' id='word_1_655' title='bbox 290 5427 522 5496; x_wconf 64' lang='grc' dir='ltr'><strong>δωρον]ᾴί</strong></span> <span class='ocrx_word' id='word_1_656' title='bbox 548 5428 691 5493; x_wconf 78' lang='lat' dir='ltr'><strong>fecit.</strong></span> <span class='ocrx_word' id='word_1_657' title='bbox 721 5428 794 5481; x_wconf 85' lang='lat' dir='ltr'><strong>ad</strong></span> <span class='ocrx_word' id='word_1_658' title='bbox 830 5431 1000 5496; x_wconf 73' lang='lat' dir='ltr'><strong>ipsum</strong></span> <span class='ocrx_word' id='word_1_659' title='bbox 1023 5433 1313 5496; x_wconf 82' lang='lat' dir='ltr'><strong>pertinente</strong></span> <span class='ocrx_word' id='word_1_660' title='bbox 1366 5445 1457 5494; x_wconf 80' lang='lat' dir='ltr'><strong>per</strong></span> <span class='ocrx_word' id='word_1_661' title='bbox 1504 5428 1846 5482; x_wconf 85' lang='lat' dir='ltr'><strong>consuetudi-</strong></span> 
     </span>
    </p>
   </div>
   <div class='ocr_carea' id='block_1_90' title="bbox 290 5492 1843 5569">
    <p class='ocr_par' dir='ltr' id='par_1_90' title="bbox 290 5492 1843 5569">
     <span class='ocr_line' id='line_1_90' title="bbox 290 5492 1843 5569; baseline 0.006 -29"><span class='ocrx_word' id='word_1_662' title='bbox 290 5502 401 5569; x_wconf 70' lang='lat' dir='ltr'><strong>nem</strong></span> <span class='ocrx_word' id='word_1_663' title='bbox 439 5492 805 5569; x_wconf 65' lang='lat' dir='ltr'><strong>Normanniw,</strong></span> <span class='ocrx_word' id='word_1_664' title='bbox 834 5492 891 5552; x_wconf 79' lang='lat' dir='ltr'><strong>ut</strong></span> <span class='ocrx_word' id='word_1_665' title='bbox 915 5492 1140 5561; x_wconf 80' lang='lat' dir='ltr'><strong>dicebat,</strong></span> <span class='ocrx_word' id='word_1_666' title='bbox 1193 5515 1309 5569; x_wconf 73' lang='lat' dir='ltr'><strong>qua:</strong></span> <span class='ocrx_word' id='word_1_667' title='bbox 1340 5492 1553 5569; x_wconf 49' lang='lat' dir='ltr'><strong>quidem</strong></span> <span class='ocrx_word' id='word_1_668' title='bbox 1588 5498 1843 5569; x_wconf 10' lang='lat' dir='ltr'><strong>bonafdﬁi-</strong></span> 
     </span>
    </p>
   </div>
   <div class='ocr_carea' id='block_1_91' title="bbox 291 5565 1841 5639">
    <p class='ocr_par' dir='ltr' id='par_1_91' title="bbox 291 5565 1841 5639">
     <span class='ocr_line' id='line_1_91' title="bbox 291 5565 1841 5639; baseline 0.008 -32"><span class='ocrx_word' id='word_1_669' title='bbox 291 5565 711 5639; x_wconf 73' lang='lat' dir='ltr'><strong>ctus_v_iceeomes</strong></span> <span class='ocrx_word' id='word_1_670' title='bbox 765 5573 970 5623; x_wconf 84' lang='lat' dir='ltr'><strong>tenebat</strong></span> <span class='ocrx_word' id='word_1_671' title='bbox 1008 5586 1105 5639; x_wconf 90' lang='lat' dir='ltr'><strong>pro</strong></span> <span class='ocrx_word' id='word_1_672' title='bbox 1134 5565 1273 5638; x_wconf 70' lang='lat' dir='ltr'><strong>rege,</strong></span> <span class='ocrx_word' id='word_1_673' title='bbox 1310 5565 1683 5622; x_wconf 83' lang='lat' dir='ltr'><strong>concordatum</strong></span> <span class='ocrx_word' id='word_1_674' title='bbox 1715 5568 1841 5634; x_wconf 78' lang='lat' dir='ltr'><strong>fuit,</strong></span> 
     </span>
    </p>
   </div>
   <div class='ocr_carea' id='block_1_92' title="bbox 294 5632 1841 5701">
    <p class='ocr_par' dir='ltr' id='par_1_92' title="bbox 294 5632 1841 5701">
     <span class='ocr_line' id='line_1_92' title="bbox 294 5632 1841 5701; baseline 0.008 -23"><span class='ocrx_word' id='word_1_675' title='bbox 294 5632 417 5701; x_wconf 75' lang='lat' dir='ltr'><strong>quod</strong></span> <span class='ocrx_word' id='word_1_676' title='bbox 436 5635 605 5691; x_wconf 76' lang='lat' dir='ltr'><strong>dictus</strong></span> <span class='ocrx_word' id='word_1_677' title='bbox 636 5640 793 5692; x_wconf 85' lang='lat' dir='ltr'><strong>homo</strong></span> <span class='ocrx_word' id='word_1_678' title='bbox 828 5632 1108 5693; x_wconf 82' lang='lat' dir='ltr'><strong>victoriam</strong></span> <span class='ocrx_word' id='word_1_679' title='bbox 1159 5632 1377 5701; x_wconf 57' lang='lat' dir='ltr'><strong>hebetis,</strong></span> <span class='ocrx_word' id='word_1_680' title='bbox 1434 5638 1569 5693; x_wconf 92' lang='lat' dir='ltr'><strong>bona</strong></span> <span class='ocrx_word' id='word_1_681' title='bbox 1626 5632 1841 5690; x_wconf 80' lang='lat' dir='ltr'><strong>mobilia</strong></span> 
     </span>
    </p>
   </div>
   <div class='ocr_carea' id='block_1_93' title="bbox 291 5697 1841 5777">
    <p class='ocr_par' dir='ltr' id='par_1_93' title="bbox 291 5697 1841 5777">
     <span class='ocr_line' id='line_1_93' title="bbox 291 5697 1841 5777; baseline 0.004 -24"><span class='ocrx_word' id='word_1_682' title='bbox 291 5697 507 5777; x_wconf 66' lang='lat' dir='ltr'><strong>habebit,</strong></span> <span class='ocrx_word' id='word_1_683' title='bbox 538 5716 587 5758; x_wconf 88' lang='lat' dir='ltr'><strong>et</strong></span> <span class='ocrx_word' id='word_1_684' title='bbox 638 5708 934 5761; x_wconf 83' lang='lat' dir='ltr'><strong>immobilia</strong></span> <span class='ocrx_word' id='word_1_685' title='bbox 994 5709 1223 5763; x_wconf 80' lang='lat' dir='ltr'><strong>dominis</strong></span> <span class='ocrx_word' id='word_1_686' title='bbox 1285 5697 1649 5777; x_wconf 8' lang='lat' dir='ltr'><strong>iniquorum?</strong></span> <span class='ocrx_word' id='word_1_687' title='bbox 1698 5722 1841 5759; x_wconf 87' lang='lat' dir='ltr'><strong>terra</strong></span> 
     </span>
    </p>
   </div>
   <div class='ocr_carea' id='block_1_94' title="bbox 291 5774 1837 5839">
    <p class='ocr_par' dir='ltr' id='par_1_94' title="bbox 291 5774 1837 5839">
     <span class='ocr_line' id='line_1_94' title="bbox 291 5774 1837 5839; baseline 0.003 -15"><span class='ocrx_word' id='word_1_688' title='bbox 291 5774 565 5839; x_wconf 50' lang='lat' dir='ltr'><strong>consistunt</strong></span> <span class='ocrx_word' id='word_1_689' title='bbox 600 5779 967 5839; x_wconf 84' lang='lat' dir='ltr'><strong>remanebunt,</strong></span> <span class='ocrx_word' id='word_1_690' title='bbox 1006 5780 1056 5831; x_wconf 86' lang='lat' dir='ltr'><strong>si</strong></span> <span class='ocrx_word' id='word_1_691' title='bbox 1096 5778 1162 5832; x_wconf 75' lang='lat' dir='ltr'><strong>de</strong></span> <span class='ocrx_word' id='word_1_692' title='bbox 1206 5774 1581 5830; x_wconf 66' lang='lat' dir='ltr'><strong>consuetudine</strong></span> <span class='ocrx_word' id='word_1_693' title='bbox 1616 5776 1837 5832; x_wconf 70' lang='lat' dir='ltr'><strong>debeant</strong></span> 
     </span>
    </p>
   </div>
   <div class='ocr_carea' id='block_1_95' title="bbox 292 5837 1832 5919">
    <p class='ocr_par' dir='ltr' id='par_1_95' title="bbox 292 5837 1832 5919">
     <span class='ocr_line' id='line_1_95' title="bbox 292 5837 1832 5919; baseline 0.005 -26"><span class='ocrx_word' id='word_1_694' title='bbox 292 5837 497 5901; x_wconf 78' lang='lat' dir='ltr'><strong>habere.</strong></span> <span class='ocrx_word' id='word_1_695' title='bbox 533 5845 781 5919; x_wconf 82' lang='lat' dir='ltr'><strong>Denique</strong></span> <span class='ocrx_word' id='word_1_696' title='bbox 820 5849 866 5904; x_wconf 87' lang='lat' dir='ltr'><strong>si</strong></span> <span class='ocrx_word' id='word_1_697' title='bbox 904 5837 1081 5905; x_wconf 83' lang='lat' dir='ltr'><strong>victus</strong></span> <span class='ocrx_word' id='word_1_698' title='bbox 1111 5848 1320 5903; x_wconf 64' lang='lat' dir='ltr'><strong>veniam</strong></span> <span class='ocrx_word' id='word_1_699' title='bbox 1349 5858 1400 5903; x_wconf 86' lang='lat' dir='ltr'><strong>et</strong></span> <span class='ocrx_word' id='word_1_700' title='bbox 1423 5848 1586 5903; x_wconf 86' lang='lat' dir='ltr'><strong>vitam</strong></span> <span class='ocrx_word' id='word_1_701' title='bbox 1624 5861 1653 5899; x_wconf 87' lang='lat' dir='ltr'><strong>a</strong></span> <span class='ocrx_word' id='word_1_702' title='bbox 1683 5849 1832 5917; x_wconf 87' lang='lat' dir='ltr'><strong>prin-</strong></span> 
     </span>
    </p>
   </div>
   <div class='ocr_carea' id='block_1_96' title="bbox 1954 3676 3526 3746">
    <p class='ocr_par' dir='ltr' id='par_1_96' title="bbox 1954 3676 3526 3746">
     <span class='ocr_line' id='line_1_96' title="bbox 1954 3676 3526 3746; baseline 0 -13"><span class='ocrx_word' id='word_1_703' title='bbox 1954 3676 2101 3733; x_wconf 23' lang='lat' dir='ltr'><strong>bo’na</strong></span> <span class='ocrx_word' id='word_1_704' title='bbox 2143 3680 2429 3746; x_wconf 82' lang='lat' dir='ltr'><strong>principis.</strong></span> <span class='ocrx_word' id='word_1_705' title='bbox 2489 3676 2581 3731; x_wconf 82' lang='lat' dir='ltr'><strong>ant</strong></span> <span class='ocrx_word' id='word_1_706' title='bbox 2637 3678 2868 3740; x_wconf 91' lang='lat' dir='ltr'><strong>domini,</strong></span> <span class='ocrx_word' id='word_1_707' title='bbox 2934 3676 3092 3739; x_wconf 80' lang='lat' dir='ltr'><strong>cuius</strong></span> <span class='ocrx_word' id='word_1_708' title='bbox 3149 3676 3341 3733; x_wconf 87' lang='lat' dir='ltr'><strong>cliens</strong></span> <span class='ocrx_word' id='word_1_709' title='bbox 3382 3676 3526 3742; x_wconf 81' lang='lat' dir='ltr'><strong>erat.</strong></span> 
     </span>
    </p>
   </div>
   <div class='ocr_carea' id='block_1_97' title="bbox 1954 3747 3533 3813">
    <p class='ocr_par' dir='ltr' id='par_1_97' title="bbox 1954 3747 3533 3813">
     <span class='ocr_line' id='line_1_97' title="bbox 1954 3747 3533 3813; baseline 0 -10"><span class='ocrx_word' id='word_1_710' title='bbox 1954 3750 2087 3803; x_wconf 85' lang='lat' dir='ltr'><strong>llsco</strong></span> <span class='ocrx_word' id='word_1_711' title='bbox 2117 3749 2601 3813; x_wconf 85' lang='lat' dir='ltr'><strong>adjudicabantnr.</strong></span> <span class='ocrx_word' id='word_1_712' title='bbox 2638 3747 2733 3801; x_wconf 86' lang='lat' dir='ltr'><strong>Vel</strong></span> <span class='ocrx_word' id='word_1_713' title='bbox 2786 3748 2833 3800; x_wconf 91' lang='lat' dir='ltr'><strong>si</strong></span> <span class='ocrx_word' id='word_1_714' title='bbox 2870 3747 3114 3800; x_wconf 75' lang='lat' dir='ltr'><strong>duellum</strong></span> <span class='ocrx_word' id='word_1_715' title='bbox 3153 3748 3348 3802; x_wconf 93' lang='lat' dir='ltr'><strong>initum</strong></span> <span class='ocrx_word' id='word_1_716' title='bbox 3384 3761 3533 3805; x_wconf 84' lang='lat' dir='ltr'><strong>esset</strong></span> 
     </span>
    </p>
   </div>
   <div class='ocr_carea' id='block_1_98' title="bbox 1954 3816 3529 3886">
    <p class='ocr_par' dir='ltr' id='par_1_98' title="bbox 1954 3816 3529 3886">
     <span class='ocr_line' id='line_1_98' title="bbox 1954 3816 3529 3886; baseline 0.001 -14"><span class='ocrx_word' id='word_1_717' title='bbox 1954 3823 2006 3872; x_wconf 93' lang='lat' dir='ltr'><strong>in</strong></span> <span class='ocrx_word' id='word_1_718' title='bbox 2050 3820 2354 3886; x_wconf 86' lang='lat' dir='ltr'><strong>provincia.</strong></span> <span class='ocrx_word' id='word_1_719' title='bbox 2392 3818 2482 3870; x_wconf 89' lang='lat' dir='ltr'><strong>ubi</strong></span> <span class='ocrx_word' id='word_1_720' title='bbox 2517 3816 3163 3886; x_wconf 9' lang='lat' dir='ltr'><strong>bonorumrconliscatio</strong></span> <span class='ocrx_word' id='word_1_721' title='bbox 3208 3819 3389 3871; x_wconf 90' lang='lat' dir='ltr'><strong>locum</strong></span> <span class='ocrx_word' id='word_1_722' title='bbox 3421 3836 3529 3874; x_wconf 92' lang='lat' dir='ltr'><strong>non</strong></span> 
     </span>
    </p>
   </div>
   <div class='ocr_carea' id='block_1_99' title="bbox 1952 3885 3531 3953">
    <p class='ocr_par' dir='ltr' id='par_1_99' title="bbox 1952 3885 3531 3953">
     <span class='ocr_line' id='line_1_99' title="bbox 1952 3885 3531 3953; baseline 0.002 -11"><span class='ocrx_word' id='word_1_723' title='bbox 1952 3885 2201 3951; x_wconf 86' lang='lat' dir='ltr'><strong>haberet,</strong></span> <span class='ocrx_word' id='word_1_724' title='bbox 2238 3887 2545 3939; x_wconf 89' lang='lat' dir='ltr'><strong>transibant</strong></span> <span class='ocrx_word' id='word_1_725' title='bbox 2579 3887 2762 3940; x_wconf 88' lang='lat' dir='ltr'><strong>statim</strong></span> <span class='ocrx_word' id='word_1_726' title='bbox 2811 3885 2863 3937; x_wconf 93' lang='lat' dir='ltr'><strong>in</strong></span> <span class='ocrx_word' id='word_1_727' title='bbox 2915 3885 3197 3953; x_wconf 88' lang='lat' dir='ltr'><strong>legitimos</strong></span> <span class='ocrx_word' id='word_1_728' title='bbox 3264 3889 3531 3945; x_wconf 56' lang='lat' dir='ltr'><strong>heredes.</strong></span> 
     </span>
    </p>
   </div>
   <div class='ocr_carea' id='block_1_100' title="bbox 1956 3955 3526 4017">
    <p class='ocr_par' dir='ltr' id='par_1_100' title="bbox 1956 3955 3526 4017">
     <span class='ocr_line' id='line_1_100' title="bbox 1956 3955 3526 4017; baseline 0.003 -8"><span class='ocrx_word' id='word_1_729' title='bbox 1956 3958 2144 4011; x_wconf 72' lang='lat' dir='ltr'><strong>Exstat</strong></span> <span class='ocrx_word' id='word_1_730' title='bbox 2178 3958 2456 4017; x_wconf 88' lang='lat' dir='ltr'><strong>Arestum,</strong></span> <span class='ocrx_word' id='word_1_731' title='bbox 2490 3971 2585 4009; x_wconf 87' lang='lat' dir='ltr'><strong>seu</strong></span> <span class='ocrx_word' id='word_1_732' title='bbox 2615 3955 2905 4014; x_wconf 80' lang='lat' dir='ltr'><strong>Placitum.</strong></span> <span class='ocrx_word' id='word_1_733' title='bbox 2936 3965 3161 4009; x_wconf 78' lang='lat' dir='ltr'><strong>senatus</strong></span> <span class='ocrx_word' id='word_1_734' title='bbox 3196 3958 3526 4015; x_wconf 83' lang='lat' dir='ltr'><strong>Parisiensis</strong></span> 
     </span>
    </p>
   </div>
   <div class='ocr_carea' id='block_1_101' title="bbox 1951 4023 3523 4090">
    <p class='ocr_par' dir='ltr' id='par_1_101' title="bbox 1951 4023 3523 4090">
     <span class='ocr_line' id='line_1_101' title="bbox 1951 4023 3523 4090; baseline 0.003 -11"><span class='ocrx_word' id='word_1_735' title='bbox 1951 4026 2125 4079; x_wconf 87' lang='lat' dir='ltr'><strong>latum</strong></span> <span class='ocrx_word' id='word_1_736' title='bbox 2174 4025 2231 4079; x_wconf 91' lang='lat' dir='ltr'><strong>in</strong></span> <span class='ocrx_word' id='word_1_737' title='bbox 2293 4023 2433 4079; x_wconf 80' lang='lat' dir='ltr'><strong>l‘es&#39;to</strong></span> <span class='ocrx_word' id='word_1_738' title='bbox 2489 4024 2545 4079; x_wconf 92' lang='lat' dir='ltr'><strong>S.</strong></span> <span class='ocrx_word' id='word_1_739' title='bbox 2601 4026 2837 4085; x_wconf 83' lang='lat' dir='ltr'><strong>Martini,</strong></span> <span class='ocrx_word' id='word_1_740' title='bbox 2890 4040 2983 4079; x_wconf 86' lang='lat' dir='ltr'><strong>an.</strong></span> <span class='ocrx_word' id='word_1_741' title='bbox 3038 4024 3193 4090; x_wconf 75' lang='lat' dir='ltr'><strong>128l,</strong></span> <span class='ocrx_word' id='word_1_742' title='bbox 3257 4028 3523 4084; x_wconf 88' lang='lat' dir='ltr'><strong>adversus</strong></span> 
     </span>
    </p>
   </div>
   <div class='ocr_carea' id='block_1_102' title="bbox 1953 4094 3519 4167">
    <p class='ocr_par' dir='ltr' id='par_1_102' title="bbox 1953 4094 3519 4167">
     <span class='ocr_line' id='line_1_102' title="bbox 1953 4094 3519 4167; baseline 0.001 -18"><span class='ocrx_word' id='word_1_743' title='bbox 1953 4096 2236 4167; x_wconf 81' lang='lat' dir='ltr'><strong>Hugonem</strong></span> <span class='ocrx_word' id='word_1_744' title='bbox 2263 4097 2327 4148; x_wconf 85' lang='lat' dir='ltr'><strong>de</strong></span> <span class='ocrx_word' id='word_1_745' title='bbox 2369 4094 2635 4164; x_wconf 73' lang='lat' dir='ltr'><strong>Ti/fauges</strong></span> <span class='ocrx_word' id='word_1_746' title='bbox 2676 4096 2939 4167; x_wconf 69' lang='lat' dir='ltr'><strong>valetum,</strong></span> <span class='ocrx_word' id='word_1_747' title='bbox 2999 4096 3115 4167; x_wconf 85' lang='lat' dir='ltr'><strong>sive</strong></span> <span class='ocrx_word' id='word_1_748' title='bbox 3159 4097 3519 4167; x_wconf 77' lang='lat' dir='ltr'><strong>armigerum,</strong></span> 
     </span>
    </p>
   </div>
   <div class='ocr_carea' id='block_1_103' title="bbox 1952 4165 3526 4233">
    <p class='ocr_par' dir='ltr' id='par_1_103' title="bbox 1952 4165 3526 4233">
     <span class='ocr_line' id='line_1_103' title="bbox 1952 4165 3526 4233; baseline 0.001 -14"><span class='ocrx_word' id='word_1_749' title='bbox 1952 4165 2062 4230; x_wconf 49' lang='lat' dir='ltr'><strong>qui&#39;</strong></span> <span class='ocrx_word' id='word_1_750' title='bbox 2081 4167 2299 4219; x_wconf 89' lang='lat' dir='ltr'><strong>tertiam</strong></span> <span class='ocrx_word' id='word_1_751' title='bbox 2333 4178 2539 4233; x_wconf 89' lang='lat' dir='ltr'><strong>partem</strong></span> <span class='ocrx_word' id='word_1_752' title='bbox 2566 4167 2727 4219; x_wconf 79' lang='lat' dir='ltr'><strong>Bellze</strong></span> <span class='ocrx_word' id='word_1_753' title='bbox 2748 4165 2905 4218; x_wconf 71' lang='lat' dir='ltr'><strong>Villae</strong></span> <span class='ocrx_word' id='word_1_754' title='bbox 2942 4165 3045 4217; x_wconf 90' lang='lat' dir='ltr'><strong>sibi</strong></span> <span class='ocrx_word' id='word_1_755' title='bbox 3085 4166 3269 4220; x_wconf 87' lang='lat' dir='ltr'><strong>deberi</strong></span> <span class='ocrx_word' id='word_1_756' title='bbox 3302 4177 3526 4223; x_wconf 82' lang='lat' dir='ltr'><strong>conten-</strong></span> 
     </span>
    </p>
   </div>
   <div class='ocr_carea' id='block_1_104' title="bbox 1952 4233 3527 4305">
    <p class='ocr_par' dir='ltr' id='par_1_104' title="bbox 1952 4233 3527 4305">
     <span class='ocr_line' id='line_1_104' title="bbox 1952 4233 3527 4305; baseline 0.001 -15"><span class='ocrx_word' id='word_1_757' title='bbox 1952 4235 2139 4301; x_wconf 90' lang='lat' dir='ltr'><strong>debat,</strong></span> <span class='ocrx_word' id='word_1_758' title='bbox 2173 4246 2231 4289; x_wconf 88' lang='lat' dir='ltr'><strong>ut</strong></span> <span class='ocrx_word' id='word_1_759' title='bbox 2262 4252 2384 4305; x_wconf 70' lang='lat' dir='ltr'><strong>qua:</strong></span> <span class='ocrx_word' id='word_1_760' title='bbox 2403 4241 2559 4291; x_wconf 83' lang='lat' dir='ltr'><strong>uxori</strong></span> <span class='ocrx_word' id='word_1_761' title='bbox 2586 4253 2652 4290; x_wconf 81' lang='lat' dir='ltr'><strong>ex</strong></span> <span class='ocrx_word' id='word_1_762' title='bbox 2680 4236 2924 4289; x_wconf 81' lang='lat' dir='ltr'><strong>Mauricii</strong></span> <span class='ocrx_word' id='word_1_763' title='bbox 2958 4236 3026 4289; x_wconf 90' lang='lat' dir='ltr'><strong>de</strong></span> <span class='ocrx_word' id='word_1_764' title='bbox 3058 4233 3281 4291; x_wconf 82' lang='lat' dir='ltr'><strong>Foresta</strong></span> <span class='ocrx_word' id='word_1_765' title='bbox 3312 4238 3527 4304; x_wconf 91' lang='lat' dir='ltr'><strong>militis,</strong></span> 
     </span>
    </p>
   </div>
   <div class='ocr_carea' id='block_1_105' title="bbox 1955 4306 3527 4375">
    <p class='ocr_par' dir='ltr' id='par_1_105' title="bbox 1955 4306 3527 4375">
     <span class='ocr_line' id='line_1_105' title="bbox 1955 4306 3527 4375; baseline 0.002 -16"><span class='ocrx_word' id='word_1_766' title='bbox 1955 4307 2160 4375; x_wconf 88' lang='lat' dir='ltr'><strong>patrui.</strong></span> <span class='ocrx_word' id='word_1_767' title='bbox 2196 4310 2550 4361; x_wconf 86' lang='lat' dir='ltr'><strong>successione</strong></span> <span class='ocrx_word' id='word_1_768' title='bbox 2599 4308 2941 4367; x_wconf 86' lang='lat' dir='ltr'><strong>obvenisset,</strong></span> <span class='ocrx_word' id='word_1_769' title='bbox 2997 4321 3147 4371; x_wconf 84' lang='lat' dir='ltr'><strong>quem</strong></span> <span class='ocrx_word' id='word_1_770' title='bbox 3188 4306 3395 4360; x_wconf 79' lang='lat' dir='ltr'><strong>dicebat</strong></span> <span class='ocrx_word' id='word_1_771' title='bbox 3428 4325 3527 4373; x_wconf 79' lang='lat' dir='ltr'><strong>pro</strong></span> 
     </span>
    </p>
   </div>
   <div class='ocr_carea' id='block_1_106' title="bbox 1953 4376 3528 4446">
    <p class='ocr_par' dir='ltr' id='par_1_106' title="bbox 1953 4376 3528 4446">
     <span class='ocr_line' id='line_1_106' title="bbox 1953 4376 3528 4446; baseline 0.004 -18"><span class='ocrx_word' id='word_1_772' title='bbox 1953 4388 2159 4429; x_wconf 84' lang='lat' dir='ltr'><strong>mortuo</strong></span> <span class='ocrx_word' id='word_1_773' title='bbox 2192 4376 2375 4429; x_wconf 83' lang='lat' dir='ltr'><strong>haberi</strong></span> <span class='ocrx_word' id='word_1_774' title='bbox 2421 4378 2624 4433; x_wconf 83' lang='lat' dir='ltr'><strong>debere.</strong></span> <span class='ocrx_word' id='word_1_775' title='bbox 2656 4394 2751 4443; x_wconf 86' lang='lat' dir='ltr'><strong>pro</strong></span> <span class='ocrx_word' id='word_1_776' title='bbox 2807 4392 2866 4446; x_wconf 72' lang='lat' dir='ltr'><strong>eo</strong></span> <span class='ocrx_word' id='word_1_777' title='bbox 2893 4378 3033 4444; x_wconf 86' lang='lat' dir='ltr'><strong>quod</strong></span> <span class='ocrx_word' id='word_1_778' title='bbox 3086 4378 3137 4428; x_wconf 86' lang='lat' dir='ltr'><strong>in</strong></span> <span class='ocrx_word' id='word_1_779' title='bbox 3172 4376 3349 4431; x_wconf 87' lang='lat' dir='ltr'><strong>duello</strong></span> <span class='ocrx_word' id='word_1_780' title='bbox 3382 4379 3528 4446; x_wconf 83' lang='lat' dir='ltr'><strong>facta</strong></span> 
     </span>
    </p>
   </div>
   <div class='ocr_carea' id='block_1_107' title="bbox 1952 4443 3529 4512">
    <p class='ocr_par' dir='ltr' id='par_1_107' title="bbox 1952 4443 3529 4512">
     <span class='ocr_line' id='line_1_107' title="bbox 1952 4443 3529 4512; baseline 0.002 -12"><span class='ocrx_word' id='word_1_781' title='bbox 1952 4448 2093 4500; x_wconf 87' lang='lat' dir='ltr'><strong>inter</strong></span> <span class='ocrx_word' id='word_1_782' title='bbox 2119 4447 2320 4499; x_wconf 87' lang='lat' dir='ltr'><strong>dictum</strong></span> <span class='ocrx_word' id='word_1_783' title='bbox 2362 4446 2686 4500; x_wconf 82' lang='lat' dir='ltr'><strong>Mauricinm</strong></span> <span class='ocrx_word' id='word_1_784' title='bbox 2718 4446 2782 4499; x_wconf 81' lang='lat' dir='ltr'><strong>de</strong></span> <span class='ocrx_word' id='word_1_785' title='bbox 2813 4443 3034 4500; x_wconf 82' lang='lat' dir='ltr'><strong>Foresta</strong></span> <span class='ocrx_word' id='word_1_786' title='bbox 3057 4463 3121 4499; x_wconf 75' lang='lat' dir='ltr'><strong>ex</strong></span> <span class='ocrx_word' id='word_1_787' title='bbox 3148 4464 3252 4500; x_wconf 84' lang='lat' dir='ltr'><strong>una</strong></span> <span class='ocrx_word' id='word_1_788' title='bbox 3272 4443 3445 4512; x_wconf 81' lang='lat' dir='ltr'><strong>parte,</strong></span> <span class='ocrx_word' id='word_1_789' title='bbox 3476 4460 3529 4503; x_wconf 87' lang='lat' dir='ltr'><strong>et</strong></span> 
     </span>
    </p>
   </div>
   <div class='ocr_carea' id='block_1_108' title="bbox 1955 4516 3529 4577">
    <p class='ocr_par' dir='ltr' id='par_1_108' title="bbox 1955 4516 3529 4577">
     <span class='ocr_line' id='line_1_108' title="bbox 1955 4516 3529 4577; baseline 0.003 -8"><span class='ocrx_word' id='word_1_790' title='bbox 1955 4516 2279 4570; x_wconf 83' lang='lat' dir='ltr'><strong>Mauricium</strong></span> <span class='ocrx_word' id='word_1_791' title='bbox 2304 4516 2367 4569; x_wconf 82' lang='lat' dir='ltr'><strong>de</strong></span> <span class='ocrx_word' id='word_1_792' title='bbox 2398 4517 2733 4570; x_wconf 80' lang='lat' dir='ltr'><strong>Castromnri</strong></span> <span class='ocrx_word' id='word_1_793' title='bbox 2767 4534 2832 4570; x_wconf 81' lang='lat' dir='ltr'><strong>ea:</strong></span> <span class='ocrx_word' id='word_1_794' title='bbox 2862 4517 3060 4577; x_wconf 85' lang='lat' dir='ltr'><strong>altera.</strong></span> <span class='ocrx_word' id='word_1_795' title='bbox 3099 4519 3155 4571; x_wconf 88' lang='lat' dir='ltr'><strong>in</strong></span> <span class='ocrx_word' id='word_1_796' title='bbox 3206 4520 3355 4571; x_wconf 84' lang='lat' dir='ltr'><strong>curia</strong></span> <span class='ocrx_word' id='word_1_797' title='bbox 3394 4521 3529 4573; x_wconf 82' lang='lat' dir='ltr'><strong>vice-</strong></span> 
     </span>
    </p>
   </div>
   <div class='ocr_carea' id='block_1_109' title="bbox 1951 4587 3528 4646">
    <p class='ocr_par' dir='ltr' id='par_1_109' title="bbox 1951 4587 3528 4646">
     <span class='ocr_line' id='line_1_109' title="bbox 1951 4587 3528 4646; baseline 0.003 -7"><span class='ocrx_word' id='word_1_798' title='bbox 1951 4588 2159 4640; x_wconf 86' lang='lat' dir='ltr'><strong>comitis</strong></span> <span class='ocrx_word' id='word_1_799' title='bbox 2197 4587 2548 4641; x_wconf 78' lang='lat' dir='ltr'><strong>Tltoarrensis</strong></span> <span class='ocrx_word' id='word_1_800' title='bbox 2578 4588 2781 4641; x_wconf 83' lang='lat' dir='ltr'><strong>domini</strong></span> <span class='ocrx_word' id='word_1_801' title='bbox 2809 4588 2913 4646; x_wconf 86' lang='lat' dir='ltr'><strong>sui.</strong></span> <span class='ocrx_word' id='word_1_802' title='bbox 2949 4589 3149 4641; x_wconf 85' lang='lat' dir='ltr'><strong>dictum</strong></span> <span class='ocrx_word' id='word_1_803' title='bbox 3198 4588 3528 4644; x_wconf 75' lang='lat' dir='ltr'><strong>Mauricium</strong></span> 
     </span>
    </p>
   </div>
   <div class='ocr_carea' id='block_1_110' title="bbox 1950 4656 2943 4725">
    <p class='ocr_par' dir='ltr' id='par_1_110' title="bbox 1950 4656 2943 4725">
     <span class='ocr_line' id='line_1_110' title="bbox 1950 4656 2943 4725; baseline 0.004 -17"><span class='ocrx_word' id='word_1_804' title='bbox 1950 4658 2015 4710; x_wconf 84' lang='lat' dir='ltr'><strong>de</strong></span> <span class='ocrx_word' id='word_1_805' title='bbox 2041 4656 2263 4710; x_wconf 78' lang='lat' dir='ltr'><strong>Foresta</strong></span> <span class='ocrx_word' id='word_1_806' title='bbox 2301 4658 2493 4711; x_wconf 84' lang='lat' dir='ltr'><strong>victum</strong></span> <span class='ocrx_word' id='word_1_807' title='bbox 2521 4658 2690 4725; x_wconf 79' lang='lat' dir='ltr'><strong>fuisse</strong></span> <span class='ocrx_word' id='word_1_808' title='bbox 2714 4657 2943 4712; x_wconf 84' lang='lat' dir='ltr'><strong>dicebat.</strong></span> 
     </span>
    </p>
   </div>
   <div class='ocr_carea' id='block_1_111' title="bbox 2026 4727 3526 4802">
    <p class='ocr_par' dir='ltr' id='par_1_111' title="bbox 2026 4727 3526 4802">
     <span class='ocr_line' id='line_1_111' title="bbox 2026 4727 3526 4802; baseline 0.002 -22"><span class='ocrx_word' id='word_1_809' title='bbox 2026 4728 2137 4802; x_wconf 54' lang='grc' dir='ltr'>(ᾧ)</span> <span class='ocrx_word' id='word_1_810' title='bbox 2164 4729 2524 4802; x_wconf 80' lang='grc' dir='ltr'>Καστορίας.</span> <span class='ocrx_word' id='word_1_811' title='bbox 2548 4728 2854 4802; x_wconf 74' lang='lat' dir='ltr'><strong>Castoriam</strong></span> <span class='ocrx_word' id='word_1_812' title='bbox 2888 4727 3055 4802; x_wconf 69' lang='lat' dir='ltr'><strong>paulo</strong></span> <span class='ocrx_word' id='word_1_813' title='bbox 3086 4738 3212 4785; x_wconf 85' lang='lat' dir='ltr'><strong>ante</strong></span> <span class='ocrx_word' id='word_1_814' title='bbox 3235 4745 3526 4802; x_wconf 82' lang='lat' dir='ltr'><strong>expugna-</strong></span> 
     </span>
    </p>
   </div>
   <div class='ocr_carea' id='block_1_112' title="bbox 1951 4795 3527 4868">
    <p class='ocr_par' dir='ltr' id='par_1_112' title="bbox 1951 4795 3527 4868">
     <span class='ocr_line' id='line_1_112' title="bbox 1951 4795 3527 4868; baseline 0.004 -17"><span class='ocrx_word' id='word_1_815' title='bbox 1951 4807 2037 4851; x_wconf 84' lang='lat' dir='ltr'><strong>rat</strong></span> <span class='ocrx_word' id='word_1_816' title='bbox 2076 4795 2373 4868; x_wconf 69' lang='lat' dir='ltr'><strong>Bobertus,</strong></span> <span class='ocrx_word' id='word_1_817' title='bbox 2418 4806 2577 4860; x_wconf 84' lang='lat' dir='ltr'><strong>capto</strong></span> <span class='ocrx_word' id='word_1_818' title='bbox 2637 4800 2853 4851; x_wconf 86' lang='lat' dir='ltr'><strong>scilicet</strong></span> <span class='ocrx_word' id='word_1_819' title='bbox 2891 4795 3239 4868; x_wconf 85' lang='lat' dir='ltr'><strong>Dyrrachio,</strong></span> <span class='ocrx_word' id='word_1_820' title='bbox 3291 4795 3527 4868; x_wconf 69' lang='lat' dir='ltr'><strong>ejusque</strong></span> 
     </span>
    </p>
   </div>
   <div class='ocr_carea' id='block_1_113' title="bbox 1957 4866 3525 4936">
    <p class='ocr_par' dir='ltr' id='par_1_113' title="bbox 1957 4866 3525 4936">
     <span class='ocr_line' id='line_1_113' title="bbox 1957 4866 3525 4936; baseline 0.003 -19"><span class='ocrx_word' id='word_1_821' title='bbox 1957 4866 2337 4936; x_wconf 55' lang='lat' dir='ltr'><strong>praefecturam</strong></span> <span class='ocrx_word' id='word_1_822' title='bbox 2371 4868 2595 4922; x_wconf 79' lang='lat' dir='ltr'><strong>Eortino</strong></span> <span class='ocrx_word' id='word_1_823' title='bbox 2642 4869 2710 4922; x_wconf 88' lang='lat' dir='ltr'><strong>de</strong></span> <span class='ocrx_word' id='word_1_824' title='bbox 2758 4866 2976 4922; x_wconf 78' lang='lat' dir='ltr'><strong>Rosana</strong></span> <span class='ocrx_word' id='word_1_825' title='bbox 3023 4866 3525 4936; x_wconf 79' lang='lat' dir='ltr'><strong>commendaverat,</strong></span> 
     </span>
    </p>
   </div>
   <div class='ocr_carea' id='block_1_114' title="bbox 1876 4932 3131 5004">
    <p class='ocr_par' dir='ltr' id='par_1_114' title="bbox 1876 4932 3131 5004">
     <span class='ocr_line' id='line_1_114' title="bbox 1876 4932 3131 5004; baseline 0.001 -12"><span class='ocrx_word' id='word_1_826' title='bbox 1876 4932 1927 4992; x_wconf 88' lang='lat' dir='ltr'><strong>D</strong></span> <span class='ocrx_word' id='word_1_827' title='bbox 1954 4932 2032 4991; x_wconf 73' lang='lat' dir='ltr'><strong>uti</strong></span> <span class='ocrx_word' id='word_1_828' title='bbox 2064 4948 2254 4990; x_wconf 89' lang='lat' dir='ltr'><strong>narrat</strong></span> <span class='ocrx_word' id='word_1_829' title='bbox 2293 4937 2601 4999; x_wconf 78' lang='lat' dir='ltr'><strong>Malaterra,</strong></span> <span class='ocrx_word' id='word_1_830' title='bbox 2637 4939 2731 4993; x_wconf 89' lang='lat' dir='ltr'><strong>lib.</strong></span> <span class='ocrx_word' id='word_1_831' title='bbox 2771 4955 2852 4998; x_wconf 86' lang='lat' dir='ltr'><strong>tu.</strong></span> <span class='ocrx_word' id='word_1_832' title='bbox 2883 4953 3002 5004; x_wconf 88' lang='lat' dir='ltr'><strong>cap.</strong></span> <span class='ocrx_word' id='word_1_833' title='bbox 3038 4938 3131 4993; x_wconf 70' lang='lat'><strong>29.</strong></span> 
     </span>
    </p>
   </div>
   <div class='ocr_carea' id='block_1_115' title="bbox 2026 5005 3528 5077">
    <p class='ocr_par' dir='ltr' id='par_1_115' title="bbox 2026 5005 3528 5077">
     <span class='ocr_line' id='line_1_115' title="bbox 2026 5005 3528 5077; baseline -0.001 -14"><span class='ocrx_word' id='word_1_834' title='bbox 2026 5008 2140 5077; x_wconf 73' lang='grc'>(44)</span> <span class='ocrx_word' id='word_1_835' title='bbox 2186 5007 2583 5075; x_wconf 47' lang='lat' dir='ltr'><strong>{telamtelam</strong></span> <span class='ocrx_word' id='word_1_836' title='bbox 2626 5008 2931 5077; x_wconf 70' lang='lat' dir='ltr'><strong>Pelagonia</strong></span> <span class='ocrx_word' id='word_1_837' title='bbox 2986 5005 3319 5062; x_wconf 78' lang='lat' dir='ltr'><strong>Maccdonize</strong></span> <span class='ocrx_word' id='word_1_838' title='bbox 3368 5009 3528 5075; x_wconf 86' lang='lat' dir='ltr'><strong>oppi-</strong></span> 
     </span>
    </p>
   </div>
   <div class='ocr_carea' id='block_1_116' title="bbox 1952 5076 3603 5141">
    <p class='ocr_par' dir='ltr' id='par_1_116' title="bbox 1952 5076 3603 5141">
     <span class='ocr_line' id='line_1_116' title="bbox 1952 5076 3603 5141; baseline 0 -10"><span class='ocrx_word' id='word_1_839' title='bbox 1952 5076 2106 5141; x_wconf 87' lang='lat' dir='ltr'><strong>dum,</strong></span> <span class='ocrx_word' id='word_1_840' title='bbox 2139 5076 2295 5132; x_wconf 86' lang='lat' dir='ltr'><strong>Livio</strong></span> <span class='ocrx_word' id='word_1_841' title='bbox 2339 5089 2551 5139; x_wconf 86' lang='lat' dir='ltr'><strong>uotum,</strong></span> <span class='ocrx_word' id='word_1_842' title='bbox 2599 5076 2909 5131; x_wconf 86' lang='lat' dir='ltr'><strong>Castoriatn</strong></span> <span class='ocrx_word' id='word_1_843' title='bbox 2948 5078 3093 5129; x_wconf 85' lang='lat' dir='ltr'><strong>inter</strong></span> <span class='ocrx_word' id='word_1_844' title='bbox 3121 5077 3394 5131; x_wconf 72' lang='lat' dir='ltr'><strong>ctAxium</strong></span> <span class='ocrx_word' id='word_1_845' title='bbox 3423 5078 3526 5131; x_wconf 83' lang='lat' dir='ltr'><strong>llu-</strong></span> <span class='ocrx_word' id='word_1_846' title='bbox 3600 5102 3603 5105; x_wconf 94' lang='grc'>·</span> 
     </span>
    </p>
   </div>
   <div class='ocr_carea' id='block_1_117' title="bbox 1954 5145 3525 5210">
    <p class='ocr_par' dir='ltr' id='par_1_117' title="bbox 1954 5145 3525 5210">
     <span class='ocr_line' id='line_1_117' title="bbox 1954 5145 3525 5210; baseline -0.001 -10"><span class='ocrx_word' id='word_1_847' title='bbox 1954 5150 2127 5210; x_wconf 82' lang='lat' dir='ltr'><strong>vium,</strong></span> <span class='ocrx_word' id='word_1_848' title='bbox 2172 5160 2230 5201; x_wconf 90' lang='lat' dir='ltr'><strong>ut</strong></span> <span class='ocrx_word' id='word_1_849' title='bbox 2258 5148 2460 5199; x_wconf 87' lang='lat' dir='ltr'><strong>habent</strong></span> <span class='ocrx_word' id='word_1_850' title='bbox 2488 5145 2851 5207; x_wconf 84' lang='lat' dir='ltr'><strong>Tudebndus,</strong></span> <span class='ocrx_word' id='word_1_851' title='bbox 2891 5146 2989 5198; x_wconf 91' lang='lat' dir='ltr'><strong>lib.</strong></span> <span class='ocrx_word' id='word_1_852' title='bbox 3029 5160 3066 5209; x_wconf 83' lang='grc' dir='ltr'>ι,</span> <span class='ocrx_word' id='word_1_853' title='bbox 3096 5156 3149 5198; x_wconf 90' lang='lat' dir='ltr'><strong>et</strong></span> <span class='ocrx_word' id='word_1_854' title='bbox 3176 5147 3525 5199; x_wconf 76' lang='lat' dir='ltr'><strong>Cantacuze-</strong></span> 
     </span>
    </p>
   </div>
   <div class='ocr_carea' id='block_1_118' title="bbox 1952 5215 3526 5284">
    <p class='ocr_par' dir='ltr' id='par_1_118' title="bbox 1952 5215 3526 5284">
     <span class='ocr_line' id='line_1_118' title="bbox 1952 5215 3526 5284; baseline -0.002 -15"><span class='ocrx_word' id='word_1_855' title='bbox 1952 5232 2080 5280; x_wconf 88' lang='lat' dir='ltr'><strong>nus,</strong></span> <span class='ocrx_word' id='word_1_856' title='bbox 2116 5216 2213 5270; x_wconf 86' lang='lat' dir='ltr'><strong>lib.</strong></span> <span class='ocrx_word' id='word_1_857' title='bbox 2257 5231 2295 5275; x_wconf 86' lang='lat' dir='ltr'><strong>I.</strong></span> <span class='ocrx_word' id='word_1_858' title='bbox 2328 5219 2446 5282; x_wconf 80' lang='lat' dir='ltr'><strong>cap.</strong></span> <span class='ocrx_word' id='word_1_859' title='bbox 2481 5217 2569 5279; x_wconf 85' lang='lat' dir='ltr'><strong>5l,</strong></span> <span class='ocrx_word' id='word_1_860' title='bbox 2602 5216 2655 5268; x_wconf 92' lang='lat' dir='ltr'><strong>in</strong></span> <span class='ocrx_word' id='word_1_861' title='bbox 2705 5216 3015 5284; x_wconf 71' lang='lat' dir='ltr'><strong>patentibus</strong></span> <span class='ocrx_word' id='word_1_862' title='bbox 3066 5215 3274 5284; x_wconf 88' lang='lat' dir='ltr'><strong>campis</strong></span> <span class='ocrx_word' id='word_1_863' title='bbox 3303 5224 3526 5269; x_wconf 80' lang='lat' dir='ltr'><strong>exstru-</strong></span> 
     </span>
    </p>
   </div>
   <div class='ocr_carea' id='block_1_119' title="bbox 1951 5283 3526 5354">
    <p class='ocr_par' dir='ltr' id='par_1_119' title="bbox 1951 5283 3526 5354">
     <span class='ocr_line' id='line_1_119' title="bbox 1951 5283 3526 5354; baseline 0 -16"><span class='ocrx_word' id='word_1_864' title='bbox 1951 5297 2123 5347; x_wconf 89' lang='lat' dir='ltr'><strong>ctum,</strong></span> <span class='ocrx_word' id='word_1_865' title='bbox 2148 5283 2759 5354; x_wconf 78' lang='lat' dir='ltr'><strong>ntestapudNicetmn,</strong></span> <span class='ocrx_word' id='word_1_866' title='bbox 2795 5286 2847 5338; x_wconf 92' lang='lat' dir='ltr'><strong>in</strong></span> <span class='ocrx_word' id='word_1_867' title='bbox 2886 5283 3035 5354; x_wconf 70' lang='lat' dir='ltr'><strong>Man.</strong></span> <span class='ocrx_word' id='word_1_868' title='bbox 3085 5283 3202 5337; x_wconf 27' lang='lat' dir='ltr'><strong>Iib.’</strong></span> <span class='ocrx_word' id='word_1_869' title='bbox 3229 5300 3311 5347; x_wconf 81' lang='grc' dir='ltr'>ιιι,</span> <span class='ocrx_word' id='word_1_870' title='bbox 3356 5285 3526 5354; x_wconf 77' lang='lat'><strong>300</strong></span> 
     </span>
    </p>
   </div>
   <div class='ocr_carea' id='block_1_120' title="bbox 1954 5352 3522 5425">
    <p class='ocr_par' dir='ltr' id='par_1_120' title="bbox 1954 5352 3522 5425">
     <span class='ocr_line' id='line_1_120' title="bbox 1954 5352 3522 5425; baseline 0 -16"><span class='ocrx_word' id='word_1_871' title='bbox 1954 5371 2009 5409; x_wconf 87' lang='grc' dir='ltr'><strong>η.</strong></span> <span class='ocrx_word' id='word_1_872' title='bbox 2034 5353 2309 5425; x_wconf 28' lang='grc' dir='ltr'>ιξναιιξ.</span> <span class='ocrx_word' id='word_1_873' title='bbox 2334 5354 2631 5423; x_wconf 79' lang='lat' dir='ltr'><strong>Pelagonia:</strong></span> <span class='ocrx_word' id='word_1_874' title='bbox 2651 5355 2897 5425; x_wconf 80' lang='lat' dir='ltr'><strong>meminit</strong></span> <span class='ocrx_word' id='word_1_875' title='bbox 2918 5352 3276 5425; x_wconf 50' lang='lat' dir='ltr'><strong>liaymjtndns</strong></span> <span class='ocrx_word' id='word_1_876' title='bbox 3296 5352 3522 5425; x_wconf 45' lang='lat' dir='ltr'><strong>tle—Agi-</strong></span> 
     </span>
    </p>
   </div>
   <div class='ocr_carea' id='block_1_121' title="bbox 1949 5421 3207 5489">
    <p class='ocr_par' dir='ltr' id='par_1_121' title="bbox 1949 5421 3207 5489">
     <span class='ocr_line' id='line_1_121' title="bbox 1949 5421 3207 5489; baseline -0.004 -10"><span class='ocrx_word' id='word_1_877' title='bbox 1949 5426 2052 5481; x_wconf 88' lang='lat' dir='ltr'><strong>les.</strong></span> <span class='ocrx_word' id='word_1_878' title='bbox 2087 5424 2222 5478; x_wconf 86' lang='lat' dir='ltr'><strong>Vide</strong></span> <span class='ocrx_word' id='word_1_879' title='bbox 2253 5421 2609 5485; x_wconf 82' lang='lat' dir='ltr'><strong>Cinnamum,</strong></span> <span class='ocrx_word' id='word_1_880' title='bbox 2644 5424 2738 5477; x_wconf 90' lang='lat' dir='ltr'><strong>lib.</strong></span> <span class='ocrx_word' id='word_1_881' title='bbox 2774 5437 2857 5485; x_wconf 83' lang='lat' dir='ltr'><strong>tn,</strong></span> <span class='ocrx_word' id='word_1_882' title='bbox 2894 5436 3015 5489; x_wconf 88' lang='lat' dir='ltr'><strong>pag.</strong></span> <span class='ocrx_word' id='word_1_883' title='bbox 3048 5421 3114 5474; x_wconf 77' lang='lat'><strong>73</strong></span> <span class='ocrx_word' id='word_1_884' title='bbox 3149 5426 3207 5475; x_wconf 81' lang='grc' dir='ltr'><strong>Α.</strong></span> 
     </span>
    </p>
   </div>
   <div class='ocr_carea' id='block_1_122' title="bbox 2022 5490 3521 5564">
    <p class='ocr_par' dir='ltr' id='par_1_122' title="bbox 2022 5490 3521 5564">
     <span class='ocr_line' id='line_1_122' title="bbox 2022 5490 3521 5564; baseline 0 -15"><span class='ocrx_word' id='word_1_885' title='bbox 2022 5496 2134 5564; x_wconf 79' lang='grc'>(45)</span> <span class='ocrx_word' id='word_1_886' title='bbox 2168 5495 2440 5557; x_wconf 81' lang='grc' dir='ltr'>Τρίκαλα.</span> <span class='ocrx_word' id='word_1_887' title='bbox 2477 5492 2619 5564; x_wconf 76' lang='lat' dir='ltr'><strong>Urbs</strong></span> <span class='ocrx_word' id='word_1_888' title='bbox 2647 5493 2713 5545; x_wconf 88' lang='lat' dir='ltr'><strong>ad</strong></span> <span class='ocrx_word' id='word_1_889' title='bbox 2744 5495 3091 5564; x_wconf 75' lang='lat' dir='ltr'><strong>Strymonem</strong></span> <span class='ocrx_word' id='word_1_890' title='bbox 3144 5490 3274 5547; x_wconf 82' lang='lat' dir='ltr'><strong>lluv.</strong></span> <span class='ocrx_word' id='word_1_891' title='bbox 3302 5492 3521 5549; x_wconf 73' lang='lat' dir='ltr'><strong>Tzetzre</strong></span> 
     </span>
    </p>
   </div>
   <div class='ocr_carea' id='block_1_123' title="bbox 1947 5559 3525 5631">
    <p class='ocr_par' dir='ltr' id='par_1_123' title="bbox 1947 5559 3525 5631">
     <span class='ocr_line' id='line_1_123' title="bbox 1947 5559 3525 5631; baseline -0.002 -12"><span class='ocrx_word' id='word_1_892' title='bbox 1947 5559 2079 5619; x_wconf 84' lang='lat' dir='ltr'><strong>cbil.</strong></span> <span class='ocrx_word' id='word_1_893' title='bbox 2107 5559 2181 5625; x_wconf 76' lang='lat' dir='ltr'><strong>ix.</strong></span> <span class='ocrx_word' id='word_1_894' title='bbox 2217 5580 2337 5624; x_wconf 77' lang='lat' dir='ltr'><strong>can.</strong></span> <span class='ocrx_word' id='word_1_895' title='bbox 2391 5562 2518 5631; x_wconf 63' lang='lat'><strong>280.</strong></span> <span class='ocrx_word' id='word_1_896' title='bbox 2552 5559 2960 5631; x_wconf 72' lang='lat' dir='ltr'><strong>Cantacuzeno,</strong></span> <span class='ocrx_word' id='word_1_897' title='bbox 2984 5559 3113 5631; x_wconf 74' lang='lat' dir='ltr'><strong>lib.</strong></span> <span class='ocrx_word' id='word_1_898' title='bbox 3138 5579 3194 5619; x_wconf 89' lang='lat' dir='ltr'><strong>It.</strong></span> <span class='ocrx_word' id='word_1_899' title='bbox 3246 5577 3369 5631; x_wconf 88' lang='lat' dir='ltr'><strong>cap.</strong></span> <span class='ocrx_word' id='word_1_900' title='bbox 3426 5564 3525 5629; x_wconf 75' lang='lat'><strong>28,</strong></span> 
     </span>
    </p>
   </div>
   <div class='ocr_carea' id='block_1_124' title="bbox 1948 5628 3521 5698">
    <p class='ocr_par' dir='ltr' id='par_1_124' title="bbox 1948 5628 3521 5698">
     <span class='ocr_line' id='line_1_124' title="bbox 1948 5628 3521 5698; baseline -0.003 -8"><span class='ocrx_word' id='word_1_901' title='bbox 1948 5635 2198 5690; x_wconf 73' lang='lat' dir='ltr'><strong>Castrum</strong></span> <span class='ocrx_word' id='word_1_902' title='bbox 2232 5633 2297 5685; x_wconf 85' lang='lat' dir='ltr'><strong>de</strong></span> <span class='ocrx_word' id='word_1_903' title='bbox 2322 5631 2373 5684; x_wconf 89' lang='lat' dir='ltr'><strong>Ia</strong></span> <span class='ocrx_word' id='word_1_904' title='bbox 2418 5630 2630 5684; x_wconf 85' lang='lat' dir='ltr'><strong>Tricala</strong></span> <span class='ocrx_word' id='word_1_905' title='bbox 2666 5629 2877 5684; x_wconf 78' lang='lat' dir='ltr'><strong>Sanuto</strong></span> <span class='ocrx_word' id='word_1_906' title='bbox 2908 5628 3072 5698; x_wconf 90' lang='lat' dir='ltr'><strong>epist.</strong></span> <span class='ocrx_word' id='word_1_907' title='bbox 3101 5630 3157 5685; x_wconf 79' lang='lat'><strong>3.</strong></span> <span class='ocrx_word' id='word_1_908' title='bbox 3195 5628 3328 5687; x_wconf 77' lang='lat' dir='ltr'><strong>Vide</strong></span> <span class='ocrx_word' id='word_1_909' title='bbox 3356 5628 3521 5686; x_wconf 54' lang='lat' dir='ltr'><strong>Belo?-</strong></span> 
     </span>
    </p>
   </div>
   <div class='ocr_carea' id='block_1_125' title="bbox 1949 5700 2851 5769">
    <p class='ocr_par' dir='ltr' id='par_1_125' title="bbox 1949 5700 2851 5769">
     <span class='ocr_line' id='line_1_125' title="bbox 1949 5700 2851 5769; baseline -0.009 -9"><span class='ocrx_word' id='word_1_910' title='bbox 1949 5722 2102 5768; x_wconf 85' lang='lat' dir='ltr'><strong>Itutn,</strong></span> <span class='ocrx_word' id='word_1_911' title='bbox 2138 5704 2233 5757; x_wconf 84' lang='grc' dir='ltr'><strong>Ιιι).</strong></span> <span class='ocrx_word' id='word_1_912' title='bbox 2270 5717 2309 5759; x_wconf 89' lang='lat' dir='ltr'><strong>l.</strong></span> <span class='ocrx_word' id='word_1_913' title='bbox 2354 5701 2570 5755; x_wconf 84' lang='lat' dir='ltr'><strong>Observ.</strong></span> <span class='ocrx_word' id='word_1_914' title='bbox 2608 5716 2728 5769; x_wconf 82' lang='lat' dir='ltr'><strong>cap.</strong></span> <span class='ocrx_word' id='word_1_915' title='bbox 2762 5700 2851 5754; x_wconf 83' lang='grc'><strong>55.</strong></span> 
     </span>
    </p>
   </div>
   <div class='ocr_carea' id='block_1_126' title="bbox 2021 5769 3521 5845">
    <p class='ocr_par' dir='ltr' id='par_1_126' title="bbox 2021 5769 3521 5845">
     <span class='ocr_line' id='line_1_126' title="bbox 2021 5769 3521 5845; baseline -0.003 -17"><span class='ocrx_word' id='word_1_916' title='bbox 2021 5775 2137 5845; x_wconf 72' lang='grc'>(46)</span> <span class='ocrx_word' id='word_1_917' title='bbox 2173 5772 2500 5845; x_wconf 63' lang='grc' dir='ltr'><strong>Τζτὸιοξχον.</strong></span> <span class='ocrx_word' id='word_1_918' title='bbox 2534 5769 2968 5845; x_wconf 60' lang='lat' dir='ltr'><strong>Meminitetiam</strong></span> <span class='ocrx_word' id='word_1_919' title='bbox 2995 5769 3326 5845; x_wconf 29' lang='lat' dir='ltr'><strong>Guil‘lelmus</strong></span> <span class='ocrx_word' id='word_1_920' title='bbox 3356 5771 3521 5843; x_wconf 79' lang='lat' dir='ltr'><strong>Apul.</strong></span> 
     </span>
    </p>
   </div>
   <div class='ocr_carea' id='block_1_127' title="bbox 1943 5838 3333 5914">
    <p class='ocr_par' dir='ltr' id='par_1_127' title="bbox 1943 5838 3333 5914">
     <span class='ocr_line' id='line_1_127' title="bbox 1943 5838 3333 5914; baseline -0.004 -14"><span class='ocrx_word' id='word_1_921' title='bbox 1943 5838 2180 5903; x_wconf 62' lang='lat' dir='ltr'><strong>nam</strong></span> <span class='ocrx_word' id='word_1_922' title='bbox 2222 5843 2388 5914; x_wconf 81' lang='lat' dir='ltr'><strong>capti,</strong></span> <span class='ocrx_word' id='word_1_923' title='bbox 2422 5851 2475 5897; x_wconf 87' lang='lat' dir='ltr'><strong>ct</strong></span> <span class='ocrx_word' id='word_1_924' title='bbox 2510 5843 2750 5901; x_wconf 70' lang='lat' dir='ltr'><strong>obsessa:</strong></span> <span class='ocrx_word' id='word_1_925' title='bbox 2786 5838 3085 5909; x_wconf 63' lang='lat' dir='ltr'><strong>Laodicea,</strong></span> <span class='ocrx_word' id='word_1_926' title='bbox 3118 5841 3215 5900; x_wconf 80' lang='lat' dir='ltr'><strong>lib.</strong></span> <span class='ocrx_word' id='word_1_927' title='bbox 3250 5857 3279 5895; x_wconf 77' lang='grc' dir='ltr'><strong>ν</strong></span> <span class='ocrx_word' id='word_1_928' title='bbox 3318 5857 3333 5894; x_wconf 89' lang='lat'><strong>:</strong></span> 
     </span>
    </p>
   </div>
  </div>
