4022 6270
338 406 458 472 H3

333 521 449 589 μὲν
503 523 802 591 γενοίμην

341 720 475 770 χιον
504 707 794 776 σπεύσῃς
831 711 876 744 ⁸³
904 713 1014 768 τοῦ
1069 717 1359 794 κινδύνου
1399 723 1556 790 ἡμᾶς
1591 727 1930 794 ἐξελέσθαι,

336 795 420 892 μὴ
451 796 606 863 πρὸς
647 802 944 856 τοσοῦτον
980 807 1174 875 βάρος
1217 791 1490 883 ποίῖέμου
1527 835 1592 871 te
1621 791 1718 874 real
1750 791 1932 892 λιμοῧ

341 889 661 958 ἀντισχεῖν
692 892 794 946 ἐπὶ
826 896 1016 951 πλέον
1040 899 1519 974 ὃεδυνηιιένους,
1549 910 1630 964 σὺ
1646 911 1700 964 δ’
1733 916 1766 967 ό
1791 889 1933 982 ἦμέ-

342 997 510 1046 τερος
563 983 891 1052 βασιλεὺς,
952 991 1077 1059 εἴγε
1130 993 1472 1066 δυνάμενος
1510 1002 1768 1070 βοηθεῖν
1821 1009 1933 1063 οὐκ

339 1071 732 1172 ἐειέσπευοάς
769 1079 883 1146 τὴν
902 1081 1218 1152 βοήθειαν,
1257 1091 1368 1142 οὐκ
1400 1090 1478 1145 ἂν
1528 1095 1783 1164 φθάνοις
1831 1101 1930 1172 ὅγε

341 1168 542 1232 κλημα
574 1169 910 1237 προδοσίας
941 1174 1408 1247 ἀποφυγγάνων.

1628 433 2049 499 ALEXIADIS
2082 427 2228 502 Lm.
2269 442 2342 506 ν.

3509 449 3619 517 lli

503 528 802 630 ζενοίξιην
857 528 991 630 erm,
1045 535 1353 603 τολμηρῶς
1383 537 1452 592 δὲ
1497 542 1598 595 καὶ
1635 545 1788 599 κατὰ
1831 547 1925 616 τῆς

2044 551 2255 622 quidem
2276 553 2418 624 quod
2442 571 2612 608 meum
2635 565 2750 610 erat
2771 555 3020 626 prtestiti,
3046 557 3188 627 quod
3209 568 3393 624 restat,
3418 576 3625 630 a-quum

338 611 460 676 σῆς
489 611 828 680 ,βασιλείας
864 619 1041 674 τοῦτο
1087 626 1584 699 παῤῥησιάζομαι,
1625 635 1679 687 el
1714 635 1801 704 μὴ
1832 611 1935 692 τιέξ

2036 655 2135 709 est,
2166 657 2224 699 ut
2262 645 2409 701 nobis
2439 664 2531 718 per
2561 657 2609 702 te
2659 666 2862 719 quoque
2898 649 3051 704 liceat
3081 690 3094 715 ,
3149 652 3204 704 id
3253 652 3392 721 quod
3434 654 3626 708 ultima

2039 742 2349 795 necessitate
2377 742 2557 794 adacti
2582 742 2878 810 cogitamus
2904 785 2919 808 ,
2973 745 3209 813 exsequi.
3262 743 3434 812 (Quid
3485 748 3626 800 enim

2030 837 2233 895 oportet
2261 829 2462 885 diutius
2492 832 2744 888 adversus
2778 843 2993 888 natura:
3017 836 3118 888 vim
3147 846 3302 903 atque
3332 836 3619 904 imperium

2037 920 2205 975 obniti
2229 920 2286 990 ?)
2318 921 2653 978 Decrevimus
2688 936 2864 979 autem
2893 941 3069 979 arcem
3111 926 3348 980 hostibus
3391 928 3580 982 dedere
3606 971 3622 994 ,

2038 1015 2129 1080 qui
2163 1031 2266 1068 non
2287 1021 2402 1085 jam
2433 1027 2773 1086 oppugnant,
2805 1017 2896 1071 sed
2941 1018 3240 1086 pra’focant
3288 1020 3470 1088 palam
3506 1037 3625 1080 nos.

2038 1103 2126 1159 Me
2157 1107 2408 1160 miserunt
2435 1108 2456 1161 .’
2486 1109 2530 1162 si
2558 1110 2697 1162 enim
2724 1111 2822 1162 hoc
2850 1109 3016 1162 cladis
3053 1127 3114 1163 ac
3145 1112 3417 1165 dedecoris
3448 1113 3616 1166 susci-

2035 1201 2146 1264 pio,
2175 1200 2306 1254 diris
2337 1202 2618 1256 devovebor
2651 1204 2873 1265 scilicet,
2925 1205 3208 1271 infortunii
3259 1206 3626 1274 magnitudine

343 1274 498 1367 "“li‘e
533 1261 606 1312 αά
637 1262 891 1317 ίηιθὶάὶηηι
921 1268 1427 1340 ﬂagitiiprogressa.
1475 1277 1667 1334 Verum
1695 1299 1798 1352 quo
1833 1302 1914 1340 me
1953 1299 2154 1343 vertam
2195 1293 2404 1361 igitur?
2453 1296 2556 1347 nisi
2590 1295 2639 1348 si
2704 1295 2803 1348 das
2869 1296 3076 1348 veniam
3129 1297 3368 1349 audacia'
3416 1311 3519 1366 qua
3569 1296 3626 1350 in

341 1363 676 1459 ntajestatem
713 1368 868 1459 tuam-
896 1363 1047 1417 istius
1083 1369 1211 1420 mali
1240 1386 1459 1424 causam
1487 1377 1738 1445 confero;
1771 1389 1819 1434 et
1857 1390 1926 1442 te,
1999 1385 2103 1437 nisi
2177 1403 2270 1440 nos
2322 1397 2438 1441 tuos
2477 1398 2569 1442 tua
2604 1406 2768 1442 causa
2797 1429 2811 1452 ,
2875 1389 2953 1442 tui
3003 1405 3092 1456 spe
3127 1431 3138 1449 ,
3192 1389 3315 1442 belli
3368 1390 3627 1459 famisque

343 1444 510 1550 longis
543 1450 892 1550 incommodis
927 1456 995 1507 ad
1052 1469 1346 1514 extremam
1391 1465 1510 1533 jam
1595 1469 1972 1527 imbecillitatis
2048 1477 2374 1544 exhaustos,
2431 1492 2642 1534 maturo
2700 1495 2952 1550 properas
3008 1480 3210 1535 auxilio
3266 1483 3503 1550 eripere,
3555 1485 3629 1537 si-

341 1539 544 1607 quidem
604 1539 659 1592 id
693 1552 840 1608 potes
871 1586 885 1608 ,
938 1547 1025 1599 vix
1058 1551 1281 1621 effugere
1315 1570 1469 1621 posse
1497 1559 1580 1611 aio
1608 1562 1925 1624 proditionis
1967 1575 2170 1622 notam.

423 1633 482 1686 Ὀ
528 1633 586 1687 δὲ
640 1635 1001 1709 αὐτοκράτωρ
1050 1643 1162 1696 δεῖν
1216 1644 1358 1714 ἔγνω
1403 1649 1494 1701 διά
1532 1668 1677 1715 τινος
1712 1654 1919 1722 τρόπου

343 1724 530 1796 ἐτέρου
564 1727 766 1792 αὐτοὺς
799 1734 1306 1799 καταγωνίσασθαι.
1341 1740 1609 1810 Λογισμο“ι
1636 1743 1693 1796 δὲ
1732 1745 1923 1797 τοῦτον

345 1821 589 1888 συνεῖχον
639 1822 739 1874 καὶ
807 1825 1098 1893 μέριμναι.
1151 1829 1264 1882 Καὶ
1315 1831 1454 1900 δῆτα
1496 1835 1718 1888 σκοπῶν
1771 1838 1922 1899 ὅπως

343 1914 444 1982 χρὴ
478 1913 672 1983 λόχους
705 1918 1072 1989 ἐνστήσασθαι
1103 1922 1148 1955 ⁸⁵
1196 1923 1264 1976 δι’
1297 1925 1426 1994 ὅλης
1476 1928 1693 1999 ἡμέρας
1743 1931 1925 1983 διεπο-

343 2007 502 2068 νεῖτο,
533 2006 754 2077 ἀρωγὸν
789 2009 878 2062 τὸν
923 2013 1056 2065 Θεὸν
1092 2016 1556 2088 ἐπικαλούμενος.
1609 2023 1928 2075 Manuale-

344 2096 576 2166 σαμενος
614 2095 710 2152 οὖν
754 2102 1057 2172 τηνικαῦτα
1092 2105 1201 2158 τῶν
1229 2109 1506 2178 γερόντιον
1554 2111 1678 2164 τινὰ
1721 2115 1928 2181 Λαρισ-

345 2189 536 2258 σαίων,
599 2192 932 2248 ἐπυνθάνετο
967 2197 1090 2266 περὶ
1120 2198 1219 2267 τῆς
1251 2200 1343 2253 τοῦ
1370 2203 1535 2255 τόπου
1559 2203 1789 2266 θέσεως.
1821 2206 1931 2258 Καὶ

341 2282 630 2349 ἄναθείνας
666 2286 712 2318 ⁸⁵
744 2287 870 2350 τοὺς
911 2287 1228 2358 ὀρθαλμοὺς
1261 2289 1380 2358 ἅμα
1438 2297 1533 2346 καὶ
1567 2294 1646 2364 τῷ
1678 2295 1932 2366 δακτύλῳ

343 2377 503 2444 ἐπιση
517 2378 728 2447 μαίνων
761 2380 1039 2450 ἐπιμελῶς
1067 2382 1328 2452 ἀνηρώτα
1350 2385 1474 2438 ὅποι
1505 2387 1792 2456 φάραγγές
1820 2389 1929 2442 εἰσι

341 2467 701 2540 διεῤῥωγυϊαι
749 2473 864 2536 τοῖς
912 2473 1101 2537 τόποις
1161 2477 1194 2546 ἦ
1253 2476 1458 2547 λόχμαι
1511 2481 1656 2543 τινὲς
1713 2480 1930 2548 βαθεῖαι

343 2564 478 2632 πρὸς
510 2563 685 2627 αὑτὰς
745 2568 1210 2636 συνεχίζονταιθθ.
1266 2570 1453 2624 Ταῦτα
1508 2571 1564 2623 δέ
1597 2571 1690 2624 τοῦ
1725 2573 1930 2643 Λαρισο

344 2655 495 2706 σιίου
535 2655 890 2723 ἐπυνθάνετο,
933 2656 1263 2728 βουλόμενος
1325 2660 1481 2732 λόχον
1507 2663 1801 2733 ἐπιστῆσαι
1838 2666 1931 2720 καί

343 2742 408 2796 δι’
434 2745 655 2813 ἀπάτης
682 2746 814 2809 τοὺς
851 2747 1124 2813 Λατίνους
1157 2753 1666 2820 καταγωνίσασθαι·
1703 2755 1796 2809 τὸν
1823 2757 1930 2828 γὰρ

345 2837 578 2907 φανερὸν
607 2843 702 2891 καὶ
736 2840 879 2894 κατὰ
913 2842 1167 2910 μέτωπον
1209 2845 1430 2913 φθάσας
1467 2849 1781 2920 ἀπηγόρευε
1833 2853 1931 2904 πό-

342 2925 503 2997 λεμον
534 2930 800 2994 πολλάκις
835 2933 1130 3001 συμϐαλὼν
1160 2939 1254 2990 κα)⁵
1283 2939 1563 3010 ἡττηθεὶς,
1595 2943 1690 2994 καὶ
1732 2945 1931 3012 πεῖραν

343 3024 437 3093 τῆς
468 3025 751 3094 συμϐολῆς
782 3024 877 3078 τοῦ
909 3027 1234 3096 Φραγγικοῦ
1280 3031 1520 3102 πολέμου
1544 3033 1745 3089 λαϐών.
1774 3032 1932 3090 Ἐπεὶ

304 3113 396 3168 ,δὲ
443 3115 597 3186 ἥλιος
654 3116 887 3182 κατέδυ,
935 3118 1097 3180 αὑτός
1160 3136 1219 3172 τε
1265 3118 1334 3173 δι’
1387 3123 1517 3186 ὅλης
1575 3125 1932 3189 κεκοπιακὼς

345 3207 438 3276 τῆς
510 3207 729 3280 ἡμέρας
801 3211 828 3261 ὁ
909 3208 1167 3278 βασιλεὺς
1239 3214 1321 3273 εἰς
1398 3212 1566 3267 ὕπνον
1639 3216 1928 3286 ἐτράπετο,

347 3297 537 3367 δνηρος
596 3300 642 3331 ⁸⁷
713 3299 1004 3369 ἐφίσταται
1064 3301 1264 3372 τούτῳ.

350 3387 492 3459 ίεροῦ
557 3391 827 3460 τεμένους
878 3390 974 3444 τοῦ
1044 3393 1542 3464 μεγαλομάρτυρος
1608 3397 1926 3468 Δημητρίου

351 3484 589 3546 ἑστάναι,
626 3486 720 3536 καὶ
771 3484 955 3554 φωνῆς
995 3485 1234 3547 ἀκούσας
1278 3488 1324 3518 ⁸⁸
1365 3502 1381 3519 ⁸
1413 3487 1510 3556 Μὴ
1541 3489 1746 3543 λυποῦ
1773 3489 1928 3558 μηδὲ

349 3573 520 3627 στένε
543 3592 557 3605 ο
587 3575 803 3642 αὔριον
829 3577 1027 3644 νικᾷς.
1062 3576 1172 3648 Τὴν
1209 3575 1263 3629 δὲ
1291 3577 1475 3646 φωνὴν
1513 3578 1730 3648 βάλλειν
1761 3579 1926 3634 αὑτοῦ

349 3668 444 3736 τὴν
486 3667 658 3738 ἀκοὴν
688 3666 829 3737 ᾧετο
869 3669 933 3720 ἐκ
977 3670 1107 3737 μιᾶς
1137 3671 1246 3724 τῶν
1288 3673 1344 3723 ἐν
1375 3671 1452 3740 τῷ
1487 3673 1705 3742 τεμένει
1735 3675 1931 3746 ἀπῃω-

351 3755 598 3826 ρημένων
629 3757 879 3820 εἰκόνων,
915 3760 971 3810 ἐν
1079 3758 1106 3810 ὁ
1151 3758 1574 3830 μεγαλομάρτυς
1608 3762 1926 3833 Δημήτριος

348 3849 785 3918 κατεγέγραπτο.
819 3848 1170 3912 Διυπνισθεὶς
1207 3849 1265 3902 δὲ
1300 3851 1393 3903 καὶ
1423 3852 1733 3922 περιχαρὴς
1762 3869 1927 3921 γεγο·

347 3937 447 4001 νὼς
485 3941 550 3991 ὲκ
583 3939 684 4009 τῆς
713 3939 929 4008 ὀνείρου
961 3940 1166 4010 ταύτης
1194 3941 1403 4010 ὀμφῆς,
1443 3941 1756 4012 ἐθεοκλήτει
1789 3945 1833 3976 ⁶⁹
1864 3959 1926 3996 τε

343 4029 420 4101 τῷ
456 4033 715 4103 μάρτυρι,
763 4033 860 4084 καὶ
909 4035 1370 4102 προσυπισχνεῖτο
1429 4033 1500 4098 ⁷⁸,
1539 4036 1587 4086 εί
1622 4034 1835 4102 γένοιτό
1875 4036 1925 4090 οἱ

344 4123 497 4192 νίκην
527 4124 672 4178 κατὰ
701 4122 814 4178 τῶν
841 4123 1052 4194 ἐχθρῶν
1078 4124 1348 4196 ἄρασθαι,
1381 4126 1543 4189 αὑτός
1568 4127 1612 4156 ⁷¹
1647 4143 1709 4180 τε
1743 4145 1927 4199 παρα-

347 4217 614 4284 γενέσθαι,
689 4218 787 4271 καὶ
844 4221 952 4288 πρὸ
1019 4218 1253 4272 σταδίων
1309 4217 1516 4272 ἱκανῶν
1571 4219 1673 4288 τῆς
1715 4221 1925 4286 πόλεως

351 4307 753 4379 Θεσσαλονίκης
820 4309 922 4362 οὐκ
963 4309 1224 4378 ἔφιππον,
1267 4309 1406 4364 ἀλλὰ
1441 4309 1720 4382 πεζῇσκαὶ
1756 4315 1924 4384 βάδην

346 4397 636 4471 ἐρχόμενον
671 4402 752 4463 είς
795 4399 898 4470 τὴν
934 4401 1103 4454 αὐτοῦ
1150 4400 1475 4456 ἐλεύσεσθαι
1518 4403 1920 4475 προσκύνησιν.

346 4490 451 4545 Καὶ
485 4493 550 4563 δὴ
588 4491 1119 4562 μετακαλεσάμενος
1155 4493 1286 4555 τοὺς
1334 4493 1687 4568 στρατηγούς
1731 4512 1791 4548 τε
1827 4498 1924 4551 καὶ

345 4586 640 4652 ἡγεμόνας,
670 4583 771 4638 καὶ
807 4586 1098 4652 συγγενεῖς
1135 4583 1409 4648 ἅπαντας,
1452 4585 1652 4656 βουλῆς
1695 4589 1917 4659 ἦρχετο,

345 4677 437 4747 τὴν
466 4678 701 4732 ἑκάστου
737 4673 969 4745 γνώμην
1000 4674 1291 4746 ἀναζητῶν
1316 4692 1332 4708 ο
1371 4671 1491 4730 εἶτα
1527 4678 1590 4731 τὸ
1639 4679 1921 4749 σκοπηθὲν

346 4769 670 4840 ἀπήγγειλε.
725 4768 802 4821 Τὸ
842 4768 901 4821 δὲ
953 4764 1023 4839 ἦν
1074 4770 1410 4840 παραδοῦναι
1455 4771 1499 4803 ⁷³
1544 4771 1614 4825 τὰ
1662 4772 1922 4842 τάγματα

344 4859 552 4917 ἅπαντα
580 4863 697 4926 τοῖς
726 4861 1046 4930 συγγενέσιν
1071 4861 1236 4914 αὐτοῦ
1258 4879 1274 4893 ·
1304 4863 1714 4934 προεξάρχοντα
1748 4864 1807 4918 δὲ
1829 4866 1924 4918 τὸν

342 4955 679 5026 Μελισςηνὺν
715 4953 834 5026 (50)
857 4953 1171 5026 Νικηφόρον
1196 4955 1473 5027 ἐφίστησι,
1519 4959 1613 5011 καὶ
1635 4959 1723 5012 τὸν
1748 4961 1927 5028 Κουρ-

2104 1658 2230 1714 Haec
2279 1662 2586 1732 Augustum
2616 1707 2630 1731 ,
2686 1680 2998 1734 quanquam
3046 1668 3204 1723 valde
3305 1667 3623 1735 movebant,

2031 1751 2330 1820 perpellere
2386 1763 2565 1808 tamen
2616 1758 2989 1825 nequiverunt
3035 1759 3100 1813 ad
3152 1760 3614 1828 praecipitandum

2033 1841 2306 1910 praelium.
2335 1843 2610 1914 Expertus
2646 1857 2764 1900 erat
2796 1850 3001 1918 saepius
3041 1851 3166 1921 plus
3215 1853 3352 1906 satis
3392 1850 3621 1907 Latino-

1961 1976 2004 2033 Β
2034 1949 2154 1988 rum
2187 1934 2319 1999 vim,
2349 1951 2453 1990 nec
2492 1938 2627 1992 satis
2663 1939 2728 1993 ad
2767 1941 3057 1995 victoriam
3109 1942 3223 2011 spei
3281 1945 3516 2013 ponebat
3568 1946 3622 1998 in

2035 2031 2185 2078 recto
2209 2032 2266 2076 et
2301 2023 2536 2093 simplici
2583 2035 2782 2082 conatu
2822 2031 2992 2098 aperti
3044 2029 3255 2085 Martis.
3295 2031 3440 2101 Ergo
3503 2040 3626 2102 post

2034 2117 2388 2188 imploratum
2415 2119 2510 2173 Dei
2541 2134 2746 2174 numen
2775 2122 2961 2175 animo
2995 2122 3046 2175 in
3085 2138 3268 2177 acrem
3293 2134 3347 2177 et
3378 2123 3624 2194 longam,

2036 2225 2132 2278 per
2171 2225 2339 2264 unum
2372 2218 2546 2264 totum
2581 2211 2725 2265 diem
2752 2250 2766 2275 ,
2801 2213 3217 2267 meditationem
3252 2229 3437 2270 merso
3467 2253 3484 2279 ,
3534 2228 3630 2271 ex.

2035 2303 2259 2372 quisivit
2290 2318 2475 2358 secum
2515 2303 2908 2370 attentissime,
2942 2321 3071 2358 num
3112 2321 3218 2374 qua
3270 2314 3628 2373 stratagema-

2036 2395 2106 2450 tis
2137 2403 2190 2448 et
2220 2394 2542 2449 insidiarum
2578 2396 2798 2449 occasio
2843 2404 3018 2450 esset.
3075 2397 3456 2451 Accersiverat
3517 2395 3626 2450 La-

2035 2489 2286 2542 rissmum
2333 2487 2634 2550 hominem,
2673 2487 2831 2554 cujus
2857 2487 3062 2543 indicio
3098 2488 3163 2542 ad
3198 2487 3627 2555 descriptionem

2035 2581 2285 2634 locorum
2315 2597 2548 2650 quorum
2579 2582 2745 2635 situm
2778 2581 2966 2650 procul
2989 2581 3336 2650 explorantes
3355 2578 3499 2633 oculi
3525 2581 3630 2634 mi-

2036 2689 2138 2728 nus
2172 2683 2364 2727 exacte
2407 2673 2812 2738 discernerent,
2846 2673 3124 2728 utebatur.
3157 2673 3296 2728 Cum
3339 2673 3444 2726 hoc
3488 2671 3629 2727 satis

2038 2766 2634 2832 loeutus,'intento.ute
2662 2766 2715 2819 in
2742 2767 2862 2820 loca
2890 2780 3012 2836 quae
3040 2766 3206 2821 simul
3236 2766 3400 2819 amho
3430 2778 3625 2820 cerne-

2037 2867 2180 2924 rent,
2219 2857 2390 2928 digito
2421 2860 2645 2913 curiose
2682 2869 3065 2929 percontatus,
3099 2859 3185 2913 ubi
3213 2859 3382 2914 valles
3427 2873 3492 2912 ac
3533 2871 3631 2912 vo-

2035 2950 2255 3020 ragines
2283 2947 2650 3019 profundique
2701 2949 2756 3002 in
2815 2949 2883 3002 iis
2936 2964 3003 3002 ac
3058 2949 3328 3018 inopinati
3372 2961 3628 3004 recessus

2033 3053 2237 3107 essent,
2270 3043 2386 3097 sole
2417 3043 2638 3097 demum
2677 3057 2878 3097 occaso
2912 3041 2966 3095 in
2998 3043 3171 3096 altum
3205 3049 3258 3096 et
3288 3041 3564 3110 placidum
3600 3076 3618 3104 ,

2045 3137 2250 3205 quippe
2307 3135 2506 3190 diurna
2540 3136 2898 3190 contentione
2935 3134 3232 3204 fatigatus,
3285 3133 3630 3202 compositus

2037 3243 2289 3297 soporem
2309 3236 2393 3282 est
2427 3245 2441 3281 :
2482 3243 2578 3298 per
2601 3243 2764 3297 quem
2794 3227 2981 3281 oblato
3010 3225 3111 3279 sibi
3141 3224 3358 3280 somnio
3381 3222 3629 3278 faustum

1350 3303 1556 3356 Ἐδόκει
1607 3306 1760 3368 ἐντὸς
1829 3305 1923 3358 τοῦ

2033 3317 2281 3372 victoria:
2332 3318 2632 3384 augurium
2683 3317 2917 3386 accepit.
2970 3317 3132 3371 Visus
3181 3315 3327 3368 enim
3380 3314 3486 3369 sibi
3541 3319 3633 3370 est

2033 3419 2183 3467 stare
2205 3412 2348 3465 intra
2376 3411 2639 3481 templum
2668 3410 2847 3485 magni
2874 3410 3133 3480 martyris
3157 3407 3442 3473 Demetrii,
3471 3407 3633 3479 139

2033 3519 2334 3573 vocemque
2366 3503 2678 3573 huiusmodi
2711 3503 2902 3557 audire
2933 3517 2946 3556 :
2984 3499 3066 3555 Ne
3094 3501 3335 3572 angoris,
3388 3516 3509 3554 neve
3538 3515 3631 3568 ge-

2031 3615 2168 3664 mas,
2206 3614 2328 3652 cras
2360 3597 2557 3651 vinces.
2597 3595 2752 3652 Ferri
2775 3604 2956 3650 autem
2987 3595 3042 3649 in
3085 3593 3211 3662 ejus
3251 3607 3416 3648 aures
3476 3591 3633 3647 vide-

2031 3691 2192 3746 batur
2229 3705 2291 3744 ea
2320 3705 2419 3743 vox
2461 3705 2528 3744 ex
2567 3705 2672 3741 una
2717 3690 2770 3741 in
2809 3687 3016 3756 templo
3069 3686 3179 3740 alte
3224 3697 3628 3753 suspensarum

2029 3783 2366 3851 imaginum,
2400 3780 2454 3833 in
2493 3795 2601 3847 qua
2642 3793 2875 3849 magnus
2914 3785 3123 3845 martyr
3161 3775 3470 3830 Demetrius
3506 3782 3629 3830 erat

2029 3871 2232 3940 pictus.
2267 3870 2472 3924 Somno
2507 3870 2727 3924 solutus
2767 3884 2892 3923 cum
2928 3868 3131 3938 gaudio
3167 3866 3374 3935 ingenti
3405 3866 3476 3921 ob
3509 3873 3621 3920 tam

2029 3961 2212 4015 laetum
2248 3975 2431 4023 omen,
2469 3967 2682 4014 attenta
2717 3959 2988 4028 religione
3023 3957 3297 4027 supplicat
3319 3956 3448 4010 divo
3474 3971 3622 4010 mar-

2031 4053 2156 4124 tyri,
2192 4054 2406 4124 riteque
2437 4059 2634 4116 vovet,
2692 4053 2737 4107 si
2793 4051 2908 4122 spei
2961 4066 3190 4121 compos
3243 4052 3310 4104 de
3373 4049 3627 4104 hostibus

2024 4145 2313 4201 vincendis
2347 4154 2631 4214 conceptae
2669 4147 2844 4209 iieret,
2877 4160 3000 4200 sese
3030 4144 3214 4197 statim
3251 4156 3477 4212 peregre
3499 4157 3628 4209 pro-

2026 4233 2296 4291 fecturum
2335 4236 2401 4288 ad
2455 4237 2779 4290 memoriam
2839 4236 3004 4307 ejus;
3050 4236 3361 4306 statliisque
3409 4234 3629 4302 aliquot

2026 4335 2320 4398 antequam
2358 4325 2809 4383 Thessalonicam
2854 4329 3239 4398 pervenisset,
3273 4342 3418 4398 equo
3480 4328 3626 4398 reje-

2025 4428 2140 4482 cto,
2172 4435 2566 4490 processurum
2596 4422 2831 4491 peditem
2863 4424 2931 4477 ad
2963 4423 3400 4478 'venerationem
3448 4423 3626 4477 sancti

2023 4511 2268 4581 patroni.
2301 4511 2419 4566 Sub
2473 4512 2586 4568 hate
2635 4515 2961 4569 convocatis
3003 4512 3240 4570 ducibus
3267 4555 3282 4580 ,
3341 4513 3580 4567 tribun-‘s
3609 4550 3626 4576 ,

2029 4606 2391 4675 cognatisque
2426 4607 2544 4662 suis
2585 4607 2864 4662 universis
2892 4606 3141 4676 ipsorum
3175 4603 3505 4661 sententiam
3554 4603 3627 4658 de

2027 4712 2090 4752 re
2121 4699 2377 4768 presenti
2416 4698 2670 4768 quaesivit
2702 4699 3024 4770 audivitque
3054 4700 3317 4770 primum,
3341 4706 3454 4751 tum
3474 4693 3628 4766 quod

2031 4789 2138 4844 sibi
2171 4791 2349 4846 visum
2375 4803 2494 4847 erat
2521 4793 2770 4864 protulit.
2822 4790 3033 4863 Nempe
3083 4793 3288 4847 bonum
3338 4788 3486 4844 factu
3539 4785 3630 4840 vl-

2033 4883 2172 4946 deri.
2212 4894 2380 4956 atque
2407 4884 2475 4940 ad
2511 4886 2800 4942 victoriam
2832 4887 2965 4977 i‘tile
2988 4925 3004 4947 ,
3036 4884 3083 4938 si
3118 4884 3286 4938 totius
3346 4879 3482 4934 aciei
3537 4894 3630 4932 re-

2038 4974 2219 5045 gimen
2253 4976 2504 5046 cognatis
2539 4976 2656 5032 suis
2689 4977 2808 5045 ipse
2839 4969 3211 5046 permitteret,
3255 4969 3631 5038 omnibusque

1342 5093 1546 5156 Variae
1595 5094 1903 5163 lectiones
1945 5119 2024 5166 ex
2057 5112 2198 5172 cod.
2230 5111 2501 5175 Coislin.

405 5221 449 5252 “
476 5221 762 5283 σπεύσεις.
843 5221 886 5252 ⁸⁵
918 5217 1392 5290 ἐνδιαστήσασθαι.
1469 5221 1516 5253 ⁸⁸
1546 5223 1857 5286 ἀνατείνας.

340 5309 434 5350 τει.
529 5295 575 5325 ⁷ο
610 5292 1107 5363 προσυπισχνείτο.
1181 5291 1222 5321 ⁷⁸
1253 5291 1465 5346 αὐτόθι.
1551 5293 1594 5324 τ’
1629 5293 1836 5348 δοῦναι.

1938 5231 1982 5264 ⁶⁶
2004 5232 2373 5302 συσχίζονται.
2450 5235 2496 5267 ⁸⁷
2531 5234 2766 5306 ὄνειρος.

2857 5232 2906 5265 ⁸⁸
2932 5227 3191 5285 ἀκοῦσαι.
3290 5223 3336 5256 ⁸³
3370 5220 3629 5275 somm-

1372 5408 1515 5470 Car.
1553 5407 1885 5472 Dufresnii
1928 5412 2025 5473 Du
2059 5409 2286 5489 Cangii
2324 5415 2519 5471 notua.

407 5513 515 5584 (50)
539 5514 967 5584 Μελισσηνόν.
999 5509 1248 5584 Meminit
1278 5507 1625 5584 Guillelmus
1646 5510 1916 5584 Apulien-

344 5579 424 5639 sis
461 5583 769 5645 Melisseni,
820 5579 914 5637 chi
973 5581 1270 5634 auxiliares
1319 5579 1507 5647 copias
1559 5579 1914 5636 adducendas

342 5655 560 5710 tradidit
618 5654 875 5718 Alexius,
912 5651 1070 5717 cujus
1124 5649 1347 5702 fratrem
1405 5649 1580 5704 fuisse
1634 5651 1738 5713 ait,
1785 5651 1912 5719 quia

341 5725 509 5778 Alexii
544 5740 796 5780 sororem
855 5721 1196 5777 matrimonii
1233 5719 1359 5786 jure
1408 5720 1510 5772 sibi
1567 5719 1913 5775 devinxerat.

343 5794 562 5849 Socium
595 5803 860 5865 praeterea
888 5789 1357 5865 a‘ddit_Melissen_o
1382 5789 1702 5858 adjunctum
1728 5791 1916 5841 Adria-

341 5877 487 5932 uum,
517 5859 695 5921 Alésii
727 5863 986 5921 fortassis
1026 5861 1276 5927 fratrem,
1297 5859 1424 5915 licet
1456 5867 1751 5929 cognatum
1791 5869 1913 5913 tau-

2023 5519 2139 5562 tum
2174 5509 2322 5563 dicat
2354 5527 2369 5563 :

2019 5578 2269 5632 Plurima
2340 5586 2419 5630 ost
2452 5573 2686 5629 triduum
2727 5572 2830 5628 duo
2862 5573 3164 5628 conduxere
3193 5582 3438 5642 potentes

2020 5651 2246 5702 Anmina
2289 5593 2594 5702 (graecorum
2629 5645 2946 5700 Boamundo
2971 5644 3108 5699 bella
3137 5654 3401 5702 parantes

2020 5651 2246 5717 Agmina
2289 5651 2594 5702 Graecorum
2629 5651 2946 5700 Boamundo
2971 5651 3108 5699 bella

2019 5720 2169 5775 Alter
2198 5732 2484 5789 germanus
2513 5717 2735 5788 Augusti
2767 5716 3108 5789 .ilielisianus,

2019 5791 2170 5846 Alter
2200 5787 2483 5861 cognatus,
2529 5787 2715 5842 nomen
2749 5787 2856 5860 [uit
2887 5787 3182 5842 Adrianus.

2337 5661 2594 5701 rtecorum
2629 5645 2946 5700 Boamundo
2971 5644 3108 5699 bella
3135 5654 3401 5715 parantes
