4022 6270
351 307 453 373 (l7

1621 303 2037 368 ALEXIADIS
2066 306 2213 368 LlB.
2254 308 2318 370 ν.

3497 305 3601 371 4i8

342 420 563 495 ρισσης]
599 419 765 493 μέρος
782 419 1126 484 καταλαϐὼν,
1152 416 1251 474 καὶ
1271 418 1650 492 περιαθρήσας
1670 420 1769 491 τὴν
1788 422 1925 475 ᾶπα-

2030 431 2083 475 et
2110 424 2227 476 sine
2257 437 2424 476 sensu
2460 420 2780 479 Latinorum
2810 423 3034 491 faceret,
3063 416 3176 495 jam
3219 433 3331 481 tum
3363 439 3395 480 a
3427 427 3600 496 prima

341 533 441 569 σαν
466 514 561 567 τοῦ
588 513 757 567 τόπου
791 513 964 577 θέσιν,
1007 511 1432 583 χθαμαλώτερον
1462 512 1626 565 τόπον
1650 512 1917 582 κατανοή-

341 624 462 672 σας,
481 606 653 659 ἐκεῖθι
684 605 825 677 μετὰ
845 605 954 659 τῶν
981 606 1439 674 συνεφεπομένων
1466 602 1615 675 αὐτῷ
1631 602 1803 673 λόχων
1825 598 1915 672 ἦν.

342 698 407 749 Ui
430 696 485 749 δὲ
514 696 785 767 ἡγεμόνες
803 697 910 748 τῶν
929 694 1256 765 Ῥωμαϊκῶν
1272 696 1592 765 ταγμάτων,
1618 696 1856 765 ὁπηνίκα
1892 696 1921 748 ὁ

340 788 596 867 βασιλεὺς
641 787 1025 857 προλοχήσειν,
1081 787 1157 850 ὼς
1196 788 1413 858 εἴρηται
1439 787 1793 856 ἐπειγόμενος
1818 787 1921 857 τὴν

336 880 430 933 τοῦ
468 880 855 935 Λειὸοτανξνου
894 880 938 910 ⁸³
982 878 1305 947 κλεισούραν
1349 878 1658 949 διέρχεσθαι
1687 878 1908 946 ἔμελλε,

335 972 641 1043 τηνικαῦτα
679 973 975 1027 ἀποσπάδα
1016 971 1061 1003 ⁸⁸
1105 971 1221 1024 τῶν·
1269 972 1596 1040 Ῥωμαῖκῶν
1644 972 1921 1025 ἀπίιδιελό-

340 1084 487 1134 μενοι
517 1066 820 1134 ταγμάτων
854 1066 996 1119 κατὰ
1041 1064 1151 1119 τῶν
1197 1064 1420 1116 Κελτῶν
1448 1064 1790 1134 ἐξέπεμψαν,
1830 1065 1919 1133 ἐφ’

337 1152 377 1225 ᾧ
408 1161 546 1229 πρὸς
581 1158 810 1223 ἑαυτοὺς
840 1158 1079 1220 ἑλκύσας
1110 1158 1154 1188 ⁸³
1181 1157 1255 1219 ὡς
1290 1157 1364 1226 μὴ
1398 1157 1711 1225 ἐκεχειρίαν
1742 1156 1918 1226 ἔχοιεν

339 1250 625 1318 φωρᾶσθαι
653 1248 696 1279 ⁸⁸
733 1249 822 1302 τὸν
849 1248 1230 1318 αὐτοκράτορα
1259 1248 1380 1300 ὅποι
1414 1247 1460 1278 ⁸⁸
1487 1248 1803 1315 πορεύεται.
1857 1248 1920 1301 Oi

340 1344 456 1404 καὶ,
482 1341 622 1411 πρὸς
648 1342 745 1411 τὴν
787 1341 1010 1395 πεδιάδα
1042 1339 1418 1404 κατελθόντες,
1448 1338 1782 1409 προσέϐαλον
1811 1340 1923 1401 τοῖς

340 1434 585 1494 Κελτοῖς,
636 1434 732 1483 καὶ
788 1432 874 1499 ἐφ’
925 1432 1110 1485 ἱκανὸν
1167 1429 1544 1499 μαχεσάμενοι
1604 1428 1919 1495 διέστησαν,

342 1525 438 1592 τῆς
473 1525 669 1586 νυκτὸς
708 1523 799 1576 ἀπ’
833 1523 956 1593 ἄρτι
997 1523 1070 1593 μὴ
1114 1520 1559 1592 παραχωροὺσης
1586 1522 1686 1588 τὴν
1717 1519 1918 1589 μάχην.

344 1615 677 1669 Καταλαῦὼν
734 1616 789 1667 δὲ
835 1615 926 1667 τὸν
985 1614 1334 1684 σκοπηθέντα
1362 1613 1524 1665 τόπον
1578 1613 1605 1665 ὁ
1662 1610 1921 1681 βασιλεὺς

2020 512 2361 567 discessione
2388 512 2508 582 ejus
2536 554 2550 578 ,
2583 515 2805 584 quando
2839 516 3154 572 Libotanini
3206 517 3406 572 saltum
3437 517 3605 586 cmpit

2021 603 2233 675 ingredi
2264 605 2332 659 ad
2366 606 2689 660 insidiarum
2723 608 2904 662 locum
2947 609 3202 671 tendens,
3237 607 3408 662 duces
3441 623 3606 663 exer-

2022 698 2165 752 citus
2193 695 2427 753 Romani
2459 700 2713 755 cohortes
2743 700 3008 769 quasdam
3046 701 3100 755 in
3142 698 3372 755 Latinos
3416 700 3605 755 immi-

2024 796 2259 843 serunt:
2294 788 2390 858 qui
2426 789 2765 857 prodeuntes
2792 790 2901 846 illis
2927 790 3144 844 obviam
3174 804 3408 860 pugnam
3458 804 3606 844 com-

2025 880 2293 935 miserunt
2320 882 2375 935 in
2408 881 2654 950 planitie,
2688 883 2870 951 quoad
2903 898 3005 937 nox
3038 882 3303 951 ingruens
3346 880 3603 938 recedere

2024 982 2287 1041 utrosque
2320 972 2387 1027 ad
2416 989 2513 1029 sua
2536 974 2734 1044 coegit.
2759 977 2826 1027 At
2858 975 3155 1043 imperator
3210 974 3298 1029 ubi
3344 974 3607 1045 designa-

2025 1070 2137 1116 tum
2200 1065 2383 1119 locum
2448 1065 2609 1137 140
2664 1066 2877 1130 tenuit,
2925 1067 3149 1122 desilire
3199 1070 3429 1122 comites
3472 1082 3604 1123 suos

2028 1165 2219 1206 omnes
2268 1169 2334 1208 ex
2374 1156 2531 1223 cquis
2582 1156 2795 1224 jussit,
2841 1171 3092 1233 genuqne
3129 1159 3309 1225 posito
3361 1158 3605 1214 habenas

2032 1242 2314 1298 frenorum
2353 1254 2539 1301 tenere
2583 1248 2858 1303 manibus.
2896 1247 3051 1313 Quod
3098 1249 3215 1319 ipse
3249 1249 3500 1303 similiter
3527 1249 3608 1304 fe-

2027 1334 2146 1399 cit,
2201 1337 2497 1393 admovens
2530 1353 2589 1393 sc
2655 1340 2894 1405 humili,
2939 1355 3102 1411 quem
3163 1340 3303 1396 forte
3365 1345 3604 1411 reperit,

2028 1429 2367 1499 Trissaginis
2405 1429 2611 1496 frutici,
2645 1431 2735 1484 ubi
2776 1430 2931 1486 freno
2993 1448 3153 1487 manu
3210 1444 3464 1503 correpto
3511 1449 3607 1504 ge-

2031 1522 2303 1590 nibusque
2334 1523 2551 1590 positis,
2586 1524 2784 1578 deinde
2814 1539 2911 1594 per
2931 1532 3144 1579 noctem
3180 1526 3444 1596 reliquam
3477 1543 3608 1598 pro-

2029 1611 2219 1666 cubuit
2258 1613 2310 1665 in
2348 1613 2562 1668 faciem.

344 1710 588 1771 ἅπαντας
640 1710 913 1779 ἀποϐῆναι
960 1709 1071 1762 τῶν
1107 1709 1289 1762 ἵππων
1324 1708 1542 1759 ἐκέλευε
1592 1706 1660 1770 ⁸⁸,
1693 1705 1787 1759 καὶ
1822 1706 1915 1757 ἐπὶ
1953 1706 2084 1774 γόνυ
2116 1707 2401 1770 κλιθέντας
2436 1710 2561 1772 τοὺς
2595 1710 2855 1778 χαλινοὺς
2922 1714 3077 1783 χερσὶ
3125 1714 3399 1783 κατέχειν.
3475 1715 3589 1768 Καὶ

346 1805 497 1867 αὐτὸς
531 1805 611 1867 δὲ,
641 1805 965 1874 χαμαιδρύῳ
1005 1804 1339 1874 περιτυχὼν,
1376 1802 1638 1865 ὡσαύτως
1665 1800 2017 1865 κατακλιθεὶς
2042 1801 2135 1854 τὸν
2164 1802 2380 1873 χαλινὸν
2410 1806 2467 1857 ἐν
2502 1805 2658 1876 χερσὶ
2692 1806 2977 1878 ’κατέχων
3046 1810 3140 1863 ἐπὶ
3186 1812 3478 1880 πρόσωπον
3543 1809 3606 1863 τὸ

346 1898 626 1950 ἐπίλοιπον
655 1898 754 1966 τῆς
793 1897 984 1961 νυκτὸς
1015 1896 1219 1949 ἔκειτο.

424 1990 763 2057 Ἀνίσχοντος
796 1987 851 2039 δὲ
882 1987 976 2039 τοῦ
1016 1986 1181 2056 ἡλίου
1209 1987 1331 2040 ἐπεὶ
1358 1989 1429 2040 τὰ
1462 1987 1591 2040 τῶν
1627 1985 1919 2057 Ῥωμαίων
1954 1993 1994 2049 Β

348 2084 601 2153 τάγματα
643 2081 786 2134 κατὰ
831 2081 1124 2149 φάλαγγας
1180 2079 1448 2147 ἱστάμενα
1502 2080 1530 2132 ὁ
1582 2079 1919 2149 Βαῖμοῦντος

349 2176 632 2242 ἐθεάσατο,
664 2177 763 2239 τὰς
811 2192 870 2227 τε
903 2172 1188 2244 βασιλικὰς
1219 2171 1460 2241 σημαίας
1502 2173 1598 2226 καὶ
1640 2171 1709 2225 τὰ
1740 2174 1918 2243 ἀργυ-

348 2270 512 2339 ρόηλα
537 2269 758 2338 δόρατα,
783 2268 909 2329 τοὺς
937 2266 1137 2328 ἵππους
1169 2265 1307 2335 μετὰ
1328 2265 1438 2318 τῶν
1468 2264 1766 2334 βασιλικῶν
1795 2268 1924 2334 ἐρυ-

350 2359 492 2429 θρῶν
527 2359 863 2429 ἐφεστρίδιον
897 2358 972 2420 ὡς
1011 2357 1153 2420 ἐνὸν,
1184 2357 1282 2409 καὶ
1310 2357 1473 2419 αὐτὸς
1502 2357 1602 2426 τὴν
1636 2356 1769 2409 ἰδίαν
1800 2358 1922 2409 κατ’

351 2452 523 2505 αὐτῶν
570 2453 946 2521 κατεστήσατο
993 2450 1283 2517 φάλαγγαν
1322 2449 1365 2480 ⁸⁷
1417 2448 1543 2518 διχῆ
1591 2447 1782 2502 διελὼν
1826 2448 1925 2511 τὰς

352 2542 630 2612 δυνάμεις,
682 2545 779 2595 καὶ
824 2540 932 2593 τῶν
981 2542 1080 2608 μὲν
1126 2541 1292 2603 αὐτὸς
1336 2540 1654 2609 κατάρχων,
1703 2540 1813 2592 τῶν
1866 2540 1923 2593 δὲ

351 2635 749 2703 φαλαγγάρχην
783 2634 874 2685 τὸν
910 2634 1166 2703 Βρυένιον
1221 2632 1333 2702 (56)
1399 2633 1770 2703 καταστήσας.
1812 2634 1925 2685 Λα-

352 2730 494 2786 τῖνος
532 2727 588 2777 δὲ
636 2719 794 2788 οὗτος
836 2725 947 2777 τῶν
986 2726 1289 2792 ἐπιφανῶν,
1336 2724 1396 2778 ὃν
1430 2725 1523 2778 καὶ
1566 2724 1925 2778 κονοσταῦλον

351 2818 667 2886 ὠνόμασαν.
702 2817 860 2869 Οὕτω
890 2816 1022 2884 γοῦν
1061 2817 1160 2879 τὰς
1206 2817 1343 2879 ἰδίας
1372 2817 1729 2887 καταστήσας
1762 2817 1925 2871 δυνά-

356 2928 501 2980 μεις,
541 2910 604 2963 τὸ
631 2909 861 2977 σύνηθες
921 2912 1015 2961 καὶ
1044 2909 1209 2961 πάλιν
1256 2912 1422 2970 ποιεῖ,
1467 2910 1562 2961 καὶ
1615 2910 1758 2961 κατὰ
1793 2909 1925 2977 μέτ-

355 3017 504 3053 ωπον
546 2999 648 3068 τῆς
676 2998 1038 3070 παρατάξεως
1063 2999 1169 3066 ὅπη
1193 2998 1258 3051 τὰ
1284 2998 1535 3069 βασιλικὰ
1569 2999 1717 3068 ἐώρα
1748 3000 1925 3070 παρά-

352 3109 524 3161 σημα,
566 3092 686 3143 ἐκεῖ
722 3108 804 3143 τοι
844 3090 890 3121 ⁸⁸
938 3090 1320 3158 αὐτοκράτορα
1367 3087 1595 3155 νομίσας
1651 3083 1818 3153 εἷναι,
1850 3087 1927 3150 ὡς

350 3184 610 3253 πρηστὴρ
654 3184 767 3245 τοῖς
802 3182 1152 3249 φαινομένοις
1193 3178 1476 3250 ἐμπίπτει.
1526 3181 1588 3231 Οἱ
1619 3178 1699 3243 δὲ,
1730 3180 1927 3248 μικρὶν

346 3275 718 3344 ἀντισχόντες,
748 3274 818 3325 τὰ
867 3274 1015 3326 νῶτα
1044 3271 1219 3341 τούτῳ
1242 3270 1479 3324 διδόασιν
1501 3287 1514 3302 ο
1553 3271 1579 3322 ὁ
1608 3270 1665 3323 δέ
1700 3268 1927 3334 τούτους

338 3365 559 3418 διώκων
629 3364 862 3416 ὄπισθεν
922 3362 1157 3433 ἤλαυνεν
1214 3361 1496 3431 ἀκρατῶς,
1552 3359 1629 3422 ὡς
1688 3363 1716 3413 ὁ
1768 3360 1926 3427 λόγος

338 3459 562 3528 φθάσας
623 3428 955 3526 ἐδήλωσεν.-
990 3453 1050 3506 ⁸0
1108 3428 1303 3523 μέντοι-
1342 3452 1619 3522 βασιλεὺς,
1668 3451 1738 3505 τὰ
1798 3450 1909 3506 ῐδια
1947 3428 1992 3492 C

330 3551 600 3618 τάγματα
636 3546 731 3599 ἐπὶ
764 3546 896 3599 πολὺ
924 3545 1200 3616 φεύγοντα
1228 3543 1370 3615 ὁρῶν
1401 3544 1497 3597 καὶ
1525 3545 1618 3597 τὸν
1647 3542 1925 3614 Βαῖμοῦν-

2095 1981 2320 2038 Oriente
2358 1998 2487 2037 vero
2519 1982 2653 2050 sole,
2688 1999 2812 2039 cum
2858 1984 3090 2041 vidisset
3133 1986 3469 2044 Baimundus
3520 1991 3609 2045 in-

2031 2087 2297 2134 structam
2326 2075 2628 2131 Romanam
2680 2080 2852 2132 aciem
2902 2093 2968 2133 ac
3018 2080 3176 2150 signa
3224 2096 3287 2136 ea
3334 2084 3605 2150 producta

2026 2187 2149 2242 quae
2173 2185 2277 2224 non
2309 2170 2415 2225 nisi
2446 2171 2779 2237 imperatore
2809 2181 3079 2239 praesente
3108 2211 3124 2237 ,
3156 2181 3209 2227 et
3262 2173 3315 2227 in
3373 2190 3434 2229 ea
3497 2177 3604 2231 loci

2026 2270 2180 2331 parte
2209 2259 2300 2313 ubi
2333 2260 2446 2327 ipse
2480 2266 2565 2313 est
2599 2259 2736 2327 erigi
2773 2275 3140 2325 consuevere,
3172 2262 3359 2319 hastas
3388 2280 3607 2335 quoque

2028 2345 2305 2415 argenteis
2330 2346 2624 2400 distinctas
2658 2346 2830 2402 clavis
2860 2387 2875 2411 ,
2910 2354 3192 2418 proprium
3246 2354 3462 2423 insigne
3506 2357 3610 2409 ini-

2027 2439 2185 2492 litum
2248 2437 2640 2506 imperatorem
2692 2439 2937 2508 proxime
2988 2440 3338 2510 stipantium,
3432 2459 3607 2515 equos

2028 2533 2264 2601 denique
2295 2533 2587 2601 purpureis
2623 2534 2900 2602 tapetibus
2926 2533 3217 2598 instratos,
3268 2537 3407 2591 nihil
3449 2539 3611 2594 dubi-

2030 2632 2151 2677 tans
2180 2623 2311 2691 quin
2356 2623 2430 2677 ibi
2462 2631 2609 2677 esset
2633 2625 2947 2692 Augustus,
2986 2626 3158 2679 aciem
3180 2636 3231 2681 et
3263 2628 3380 2697 ipse
3418 2640 3607 2686 contra

2027 2730 2181 2769 suam
2204 2715 2407 2785 dirigit,
2429 2715 2605 2782 cupiis
2636 2714 2893 2769 bifariam
2922 2715 3112 2771 divisis
3141 2726 3349 2787 partem
3376 2720 3606 2776 alteram

2028 2810 2132 2864 sibi
2165 2812 2280 2879 ipsc
2306 2811 2636 2864 ductandam
2668 2814 2924 2881 sumpsit,
2968 2812 3123 2867 alteri
3148 2813 3438 2885 Bryenium

2028 2902 2178 2958 fecit.
2215 2902 2448 2957 Latinus
2478 2901 2567 2957 hic
2595 2913 2714 2957 erat
2740 2918 2805 2957 ex
2835 2905 3144 2960 illustribus
3194 2921 3355 2975 quem
3391 2916 3443 2961 et
3502 2908 3611 2962 Co-

2027 2992 2341 3047 nostablum
2396 2991 2693 3046 vocabant:
2752 2991 2843 3047 Sic
2894 2991 3207 3046 distributis
3272 2992 3609 3048 Baimnndus

2028 3083 2225 3152 copiis,
2257 3082 2372 3150 ipse
2405 3082 2459 3135 in
2508 3083 2643 3136 aciei
2698 3082 2959 3136 Romanae
3005 3081 3288 3146 frontem,
3333 3082 3422 3137 ubi
3486 3099 3611 3140 esse

2030 3174 2409 3242 imperatorem
2471 3189 2534 3226 ex
2589 3172 2763 3243 signis
2824 3175 3171 3235 autumabat,
3232 3183 3455 3243 repente
3510 3192 3611 3246 pro

2029 3280 2180 3319 more
2208 3280 2310 3319 suo
2342 3266 2571 3319 solemni
2620 3266 2725 3318 ritu
2779 3265 2922 3335 ignei
2977 3265 3217 3321 turbinis
3268 3267 3551 3324 invehitur
3589 3309 3609 3334 ,

2029 3373 2168 3412 vana
2211 3360 2395 3427 specie
2428 3358 2775 3412 mendacium
2812 3367 2943 3412 tunc
3004 3359 3285 3430 signorum
3345 3362 3399 3416 in
3455 3378 3608 3433 spem

2024 3451 2234 3506 irritam
2272 3452 2581 3521 opimorum
2620 3453 2927 3522 spoliorum
2979 3453 3177 3508 elatus.
3233 3453 3504 3519 Romani,
3552 3464 3613 3510 ut

2037 3543 2397 3600 constitutum
2429 3550 2573 3609 erat,
2616 3554 2767 3614 terga
2821 3544 3007 3600 statim
3058 3553 3322 3611 vertunt;
3367 3560 3464 3601 eos
3522 3546 3611 3601 ille

1387 3660 1587 3724 Variae
1616 3661 1928 3724 lectiones
1954 3678 2032 3722 ex
2070 3662 2213 3723 cod.
2261 3660 2539 3722 Coislin.

367 3772 418 3805 ⁸⁸
457 3770 843 3828 Λιϐοτανινου.
891 3767 1247 3823 ⁸²ἀποσπάδα
1279 3768 1423 3823 τινά.
1485 3768 1797 3824 ⁸³ἐλκύσαι.
1831 3768 1879 3801 ⁸⁸
1903 3768 2178 3839 φωρᾶσαι.
2241 3768 2288 3801 ⁸⁸
2312 3768 2442 3837 ὅπη.
2511 3765 2558 3795 ⁸⁵
2581 3763 2857 3820 ἐκέλευσε.
2910 3764 3247 3834 ⁸⁷φάλαγγα.
3279 3766 3326 3798 ⁸⁸
3351 3766 3470 3819 ἐκεῖ
3493 3767 3611 3830 τόν,

1379 3862 1522 3925 Car.
1554 3861 1886 3923 Dufresnii
1919 3865 2015 3925 Du
2062 3860 2289 3938 Cangii
2332 3865 2521 3921 noue.

407 3964 535 4031 (56)
578 3960 887 4030 Βρυένιον.
939 3958 1041 4025 Qui
1092 3958 1391 4031 Guillelmo
1425 3960 1582 4029 Apul.
1616 4030 1621 4031 γ
1659 3960 1911 4031 Brie_nus.

320 4029 539 4095 Genus
572 4032 810 4087 ducebat
843 4031 954 4093 ille,
985 4046 1088 4082 non
1121 4045 1184 4082 ex
1249 4030 1451 4083 familia
1484 4030 1742 4083 comitum
1774 4029 1928 4084 Brie-

318 4106 611 4163 nensium
684 4103 737 4154 in
784 4099 1083 4167 Campania
1122 4097 1361 4168 Belgica,
1416 4099 1512 4153 sed
1557 4116 1585 4152 a
1626 4101 1925 4155 comitibus

316 4193 434 4234 seu
486 4172 729 4227 ducibus
758 4169 1060 4222 Britannia:
1086 4170 1415 4233 Armoriczc;
1451 4170 1592 4223 unde
1625 4184 1654 4223 a
1698 4168 1926 4225 Francis

314 4256 557 4307 ortum,
591 4252 646 4296 et
670 4241 779 4291 τῶν
809 4238 1107 4306 ἐπιφανῶν,
1137 4240 1236 4293 hoc
1267 4252 1376 4303 est,
1408 4255 1473 4293 ex
1509 4241 1922 4305 illustrioribus,

313 4319 521 4372 fuisse
554 4312 763 4366 dicitur
797 4309 867 4362 ab
898 4310 1075 4363 Anna.
1112 4307 1367 4361 lirienum
1399 4311 1544 4363 enim
1576 4311 1726 4363 illum
1774 4325 1919 4375 esse,

316 4403 431 4444 seu
470 4383 790 4443 Brienium,
818 4378 977 4443 cujus
1007 4380 1213 4431 mentio
1245 4379 1487 4432 occurrit
1542 4378 1683 4447 apud
1717 4377 1924 4432 Willel-

310 4471 493 4512 nium
535 4449 999 4508 Getneticensem.
1039 4449 1133 4502 lib.
1174 4464 1266 4508 vn,
1301 4464 1421 4517 cap.
1455 4449 1553 4514 M;
1592 4450 1921 4503 Ordericum

308 4527 615 4586 vitalem,
657 4522 753 4573 lib.
806 4532 880 4575 tv.
933 4517 997 4569 ad
1050 4533 1138 4571 an.
1184 4517 1345 4581 1068,
1376 4527 1428 4573 et
1472 4518 1739 4573 Thomam
1772 4517 1924 4572 Wal-

309 4596 705 4664 singhatnum
738 4587 1045 4664 “probabile
1095 4597 1178 4642 est
1200 4590 1442 4664 _;_tili_u_m
1478 4589 1685 4664 scilicet
1706 4586 1924 4664 _Odonis

304 4656 1045 4722 Berlonensismentcuriae
1070 4659 1309 4720 comitis,
1331 4659 1489 4711 Alani
1516 4660 1603 4725 Ill,
1633 4660 1925 4713 Britanniae

301 4738 488 4792 ducis
560 4739 850 4798 nepotem,
897 4726 989 4794 qui
1043 4726 1377 4798 Willelmum
1434 4727 1710 4794 Nothum,
1766 4729 1925 4797 cujus

302 4810 596 4876 υίριοιριι
627 4796 725 4876 pro
758 4796 1093 4876 monasterio
1139 4798 1576 4876 Sandionysiano
1625 4800 1925 4876 subscribit

300 4867 465 4947 ap'ud
513 4867 888 4929 Dotibletum,
918 4867 1010 4947 lib.
1055 4882 1135 4931 tu,
1164 4883 1285 4935 cap.
1322 4867 1512 4947 12,_iu_
1544 4869 1792 4938 Angliam
1822 4884 1923 4947 __se-
1949 4880 2003 4939 ι)

298 4939 514 5008 cutus,
553 4954 750 4994 rerum
786 4939 1046 5004 praeclare
1076 4939 1547 5008 gestarumgloria
1581 4955 1689 4993 non
1713 4940 1924 4993 modice

294 5006 635 5074 inclaruit,
662 5008 802 5062 fusis
836 5013 889 5058 ct
914 5008 1101 5079 deletis
1123 5007 1335 5079 duobus
1360 5006 1577 5079 Haraldi
1605 5010 1747 5079 regis
1775 5010 1923 5065 filiis.

294 5092 361 5145 In
407 5086 659 5140 ltaliatn
692 5089 883 5145 pOSIea
932 5077 1229 5145 profectus,
1267 5076 1632 5132 Guiscardum
1670 5076 1842 5140 'adiit,
1893 5094 1925 5132 a

290 5174 418 5229 quo
466 5147 927 5229 constahularii,
965 5162 1085 5229 qua;
1121 5156 1522 5229 tumsupr‘ema
1560 5156 1701 5212 erat,
1745 5149 1925 5228 digni-

292 5216 490 5286 t'atem
536 5220 821 5278 obtinuit,
855 5224 998 5284 quod
1030 5216 1117 5270 hic
1148 5219 1355 5271 indicat
1387 5218 1546 5272 Anna
1577 5235 1591 5273 :
1619 5233 1727 5288 qua
1760 5221 1925 5273 etiam

290 5298 715 5369 fungebatur,
738 5302 869 5365 cum
907 5297 1063 5367 capta
1100 5288 1168 5369 ab
1203 5288 1425 5369 Alexio,
1452 5289 1540 5369 cui
1572 5289 1661 5369 i_l_le
1694 5295 1931 5369 νηλειξρ

285 5357 585 5427 υαεῖοτίει
625 5362 746 5429 (‘),
790 5357 847 5408 ili
876 5358 1109 5429 patriam
1142 5357 1244 5429 hoc
1274 5357 1465 5429 est,_in
1498 5357 1728 5429 Italiam,
1767 5357 1928 5427 302

288 5424 497 5500 {edim
538 5424 712 5487 Na‘m'
739 5428 862 5500 διώ·
896 5424 1334 5500 “gemmea
1379 5427 1693 5482 Boemundi
1737 5424 1930 5500 trade:

285 5495 620 5580 iii—Apulia
687 5508 741 5553 et
768 5495 1020 5580 tialabria
1060 5498 1250 5552 eodem
1287 5498 1529 5580 hinc-tum
1564 5512 1790 5580 iugulere
1833 5498 1932 5550 do-

284 5566 727 5643 ;ém'vetercs
753 5573 963 5643 charta:
988 5582 1252 5643 annorum
1275 5567 1446 5643 _1093i_
1479 5579 1532 5623 et
1574 5566 1735 5643 1997,
1785 5581 1927 5643 quas

284 5636 531 5731 profert
636 5644 706 5696 in
778 5636 1061 5731 episcopis
1130 5638 1536 5709 Melpbcnsibus
1603 5636 1927 5694 Ferttandus

345 5752 445 5823 (ο)
473 5748 679 5798 Anna,
711 5746 823 5795 pag.
853 5729 1090 5788 145,152.

2038 3959 2321 4028 lighellus.
2360 3957 2515 4013 Unde
2546 3969 2694 4027 patet
2727 3958 2981 4015 Brienum
3012 3973 3116 4014 non
3146 3957 3469 4024 Boemundi,
3512 3963 3611 4016 sed

2035 4028 2286 4099 Boberti.
2323 4043 2418 4084 seu
2454 4032 2633 4099 potius
2670 4031 2877 4098 Apulia:
2912 4030 3384 4083 constahulariutn
3415 4030 3604 4085 fuissr.

2034 4098 2337 4153 Boemundi
2366 4098 2496 4154 vero
2544 4101 2991 4155 constabularius
3032 4108 3367 4153 memoratur
3412 4101 3609 4156 nobilis

2032 4169 2673 4241 lgorntaunuspnomine
2711 4171 2942 4241 llgyrus,
2977 4167 3496 4241 quiBoemundutn
3551 4171 3606 4224 in

2035 4238 2265 4293 Galliam
2299 4240 2597 4295 comitatus
2630 4238 2952 4294 venit‘anno
3002 4238 3165 4297 1106.
3204 4247 3262 4290 ιιι
3302 4247 3495 4293 auctor
3522 4250 3609 4299 est

2032 4308 2357 4371 Eadtnerus.
2385 4310 2481 4363 lib.
2517 4326 2568 4363 tv
2596 4309 2888 4374 Novarum,
2914 4325 3075 4378 aquo
3101 4308 3354 4378 Magister
3376 4309 3608 4364 militum

2030 4377 2327 4460 Boemundi
2351 4380 2675 4460 appellatur.
2704 4383 2784 4434 Ab
2811 4382 2912 4460 lio_c
2942 4377 3140 4460 Bnrlieno
3194 4377 3457 4460 familiam
3486 4380 3608 4460 “ba-

2034 4465 2227 4503 ronum
2260 4448 2437 4503 Castri
2471 4450 2678 4511 Brietii,
2722 4466 2816 4503 seu
2851 4450 2916 4504 de
2956 4450 3349 4504 Cltateaubrien
3399 4450 3451 4501 in
3485 4448 3605 4502 Bri-

2034 4519 2221 4588 tannia
2264 4521 2581 4586 Armorica,
2637 4520 2851 4573 orditur
2898 4522 3241 4588 Augustinus
3271 4520 3342 4571 du
3393 4516 3501 4570 Pas
3548 4519 3603 4572 in

2032 4586 2238 4644 Famil.
2267 4591 2528 4644 Armoric.
2564 4590 2695 4646 Vide
2725 4590 2883 4644 Gesta
2915 4586 3097 4658 Steph.
3126 4606 3235 4658 reg.
3263 4588 3418 4658 Angl.
3451 4589 3547 4658 lib.
3590 4605 3607 4642 l

2032 4670 2086 4729 et
2120 4675 2197 4725 tt;
2232 4673 2285 4715 et
2310 4661 2698 4729 Argentreum,
2732 4661 2786 4715 in
2816 4659 2962 4729 Ilist.
2988 4657 3127 4715 Brit.
3160 4657 3254 4713 lib.
3280 4657 3361 4722 tv,
3377 4674 3496 4726 cap.
3518 4657 3608 4711 ἆυ.

2030 4727 2299 4799 Caeterum
2321 4727 2568 4799 praelium
2595 4732 2739 4786 istud
2765 4732 2831 4785 ad
2860 4728 3142 4787 Larissam
3168 4731 3249 4785 sic
3276 4729 3607 4799 perstringit

2032 4797 2359 4855 Guillelutus
2397 4802 2710 4871 Apttlietisis
2739 4813 2757 4860 ἓ

2105 4911 2391 4966 Obsidione
2422 4930 2531 4967 sua:
2571 4918 2815 4968 turbatus
2846 4912 3063 4966 Alexius
3092 4910 3239 4963 urbis

2108 4981 2395 5054 l_unumer_q
2428 4999 2544 5036 cum
2582 4993 2730 5054 gente
2762 4985 2921 5044 venit,
2963 4994 3295 5054 pugnamque
3324 4976 3532 5030 virilem

2106 5052 2307 5107 Contra
2342 5050 2682 5106 Normanwnos
2710 5054 2965 5105 exercuit.
3002 5052 3171 5106 Obvia
3208 5063 3431 5115 namque

2105 5123 2401 5190 Pugnando
2435 5121 2589 5175 credit
2618 5124 2715 5176 sibi
2748 5138 2871 5190 gens
2898 5123 3159 5173 comitata
3196 5116 3470 5190 Brienum,

2108 5187 2234 5244 Non
2259 5193 2519 5243 modicum
2541 5187 2782 5259 spectans
2802 5187 3384 5243 Boamunduscollibus
3396 5199 3606 5253 agmen,

2103 5260 2326 5327 Imperii
2359 5262 2562 5326 pariter
2597 5270 2855 5314 rectorem
2886 5260 3053 5311 credit
3090 5259 3294 5327 adesse.

2113 5325 2304 5393 ltruit,
2333 5325 2381 5382 et
2416 5332 2649 5396 trepidos
2681 5333 2881 5391 hostes,
2906 5338 2963 5379 ut
2997 5329 3143 5380 uisus
3179 5325 3434 5396 alauaas,

2107 5401 2435 5468 Insequitur,
2459 5392 2652 5467 populo
2685 5397 2989 5468 Graecorum
3014 5400 3277 5449 exercitus
3310 5392 3470 5461 hujus

2104 5467 2272 5539 Terga
2297 5468 2432 5521 dat:
2466 5479 2519 5521 at
2556 5479 2736 5522 tantus
2769 5467 3000 5519 contexit
3031 5468 3202 5539 pulvis
3230 5473 3533 5539 utrumque,

2113 5541 2179 5596 Ut
2205 5532 2395 5592 'neuter
2423 5540 2618 5601 uideat,
2659 5552 2913 5607 quorsum
2951 5532 3091 5607 pars
3112 5535 3283 5588 altera
3315 5532 3504 5587 tendit.

2108 5610 2308 5667 Abdita
2336 5608 2588 5663 silvarum
2631 5606 2753 5663 victi
2777 5609 2969 5676 petiere
2994 5606 3231 5676 Pelasgi.
