4022 6270
505 343 611 407 623

1804 335 2033 401 ΑΝΝίΕ
2070 332 2455 398 ΟΟΜΝΕΝΕ

3664 322 3762 387 424

506 461 651 524 bria,
683 454 1059 513 comedentem
1098 469 1252 519 uvas,
1288 451 1564 524 simulque
1595 451 1924 507 insolentius
1964 452 2084 520 glo-

2201 447 2282 500 τὸν
2310 445 2462 499 δόλον
2493 443 2590 498 καὶ
2626 443 2727 517 τὴν
2746 443 2815 498 δι’
2848 445 3065 517 ἀπάτης
3097 443 3254 513 νίκην
3287 436 3384 494 τοῦ
3429 439 3763 509 αὐτοκρατο-

507 552 766 615 riantem,
802 547 986 603 verbis
1026 548 1155 612 illis,
1188 564 1312 618 quae
1347 546 1544 602 deinde
1576 545 1631 600 in
1674 545 1952 617 vulgarem
1989 544 2084 597 ab-

506 647 691 702 ierunt
723 643 887 697 irrisa
913 642 1267 697 cantilenam.
1320 639 1622 709 Repetebat
1669 638 1815 692 enim
1843 636 2046 705 sepius
2071 673 2088 699 ,

508 737 787 791 notionem
816 735 1060 788 nominis
1091 732 1424 803 Lycostomii
1453 730 1706 785 alludens
1735 770 1751 795 ,
1787 728 2091 783 festivitate

506 842 699 897 parum
725 828 950 882 decente
976 826 1267 880 barbarum
1298 839 1360 879 os
1385 865 1399 887 ,
1427 838 1539 877 sese
1584 822 1831 876 Alesiam
1879 823 1935 875 in
1980 821 2093 888 lupi

507 921 687 989 fauces
726 918 1030 988 conjecisse.
1059 918 1133 971 En
1171 924 1230 971 ut
1255 929 1399 970 eatea
1429 914 1680 983 superbia
1702 921 1825 978 est,
1855 911 2087 967 abscon-

510 1013 650 1065 dens
680 1012 869 1065 multis
895 1011 1145 1078 quamvis
1172 1008 1375 1077 alioqui
1404 1007 1640 1069 callidis,
1672 1020 1795 1075 quae
1822 1020 1929 1073 prze
1962 1018 2091 1059 ocu-

510 1097 581 1152 lis
613 1105 668 1151 et
698 1108 825 1151 ante
853 1098 1019 1166 pedes
1048 1097 1284 1150 habent!
1321 1095 1539 1151 Auditis
1596 1110 1725 1149 vero
1755 1092 2093 1148 Baimundus

510 1188 725 1242 nuntiis
786 1185 1317 1256 Bryenii,doloque
1360 1187 1673 1250 intellecto,
1733 1198 1797 1237 ac
1862 1182 2092 1237 victoria

513 1278 865 1349 imperatoris
902 1277 1096 1332 fraude
1118 1287 1297 1346 parta,
1331 1287 1642 1332 commotus
1666 1288 1751 1332 est
1783 1276 2005 1347 quidem
2037 1282 2095 1328 ut

508 1387 608 1441 par
637 1384 793 1429 erat:
829 1380 1005 1425 tamen
1037 1373 1220 1424 animo
1254 1386 1363 1423 non
1401 1370 1678 1435 concidit,
1706 1378 1816 1423 tam
1852 1368 1975 1423 forti
2013 1376 2097 1420 at-

511 1476 621 1530 que
651 1463 716 1515 ad
750 1462 1081 1531 sperandum
1124 1461 1387 1530 pertinaci
1438 1462 1517 1513 vir
1550 1460 1641 1515 hic
1695 1470 1814 1513 erat
1864 1457 2089 1512 indole!

510 1552 728 1620 Raptim
770 1568 901 1622 ergo
931 1553 1089 1607 electi
1126 1552 1194 1606 ab
1223 1567 1287 1606 eo
1314 1552 1652 1621 cataphracti
1690 1550 1911 1620 quidam
1949 1547 2092 1603 Galli

510 1646 893 1699 conscendunt
945 1640 1213 1697 temulum
1264 1659 1294 1698 e
1343 1644 1565 1713 regione
1615 1641 1849 1697 Larissa:
1900 1640 2090 1695 situm.

506 1736 616 1791 Eos
642 1737 711 1789 ibi
748 1737 912 1790 simul
954 1735 1237 1791 Romanus
1286 1736 1565 1790 exercitus
1610 1733 1779 1797 vidit,
1829 1731 2089 1787 concordi

2194 556 2309 608 ρος.
2348 538 2546 607 ἤχθετο
2570 537 2670 607 μὲν
2698 536 2773 601 ὡς
2804 538 2975 603 εἰκὸς,
3003 536 3311 590 κατέπιπτε
3342 532 3400 585 δὲ
3430 531 3686 600 οὐδαμῶς
3714 533 3768 584 ὁ.

2194 634 2348 693 ποῖος
2411 631 2643 692 ἐκεῖνος.
2715 629 3142 699 Ἀποκριοέντες
3197 626 3293 680 οὖν
3354 641 3502 687 τινες
3539 623 3651 676 τῶν
3680 621 3766 675 ὑπ’

2193 723 2344 792 αὐτῷ
2370 722 2417 754 ⁸⁸
2447 721 2827 792 κατάφρακτοι
2853 721 3051 773 Κελτοὶ
3079 717 3312 789 ἀνῆλθον
3341 718 3423 779 εἰς
3461 713 3768 785 ἀκρώρειάν

2195 831 2319 868 τινα
2352 812 2646 867 κατέναντι
2671 813 2768 881 τῆς
2802 813 3087 882 Λαρίσσης
3111 809 3493 880 διακειμένην.
3531 805 3770 868 Τούτους

2195 905 2258 958 τὸ
2289 903 2570 959 ὁπλιτικὸν
2602 903 2959 972 θεασάμενοι,
2982 902 3079 967 ξὺν
3102 901 3272 973 πο).λῇ
3316 897 3597 969 προθυμίᾳ
3628 897 3775 949 Mla.-

2196 997 2288 1064 ζον
2308 995 2702 1063 προσϐαλεῖνν
2725 996 2931 1059 αὐτοῖς’
2961 994 2988 1046 6
3009 994 3068 1047 δὲ
3100 993 3461 1063 αὐτοκράτωρ
3486 991 3720 1058 ἀπεῖργε
3749 988 3765 1019 ⁸

2193 1089 2417 1151 τούτους
2442 1087 2539 1140 τοῦ
2569 1089 2990 1158 ἐγχειρήματος.
3029 1084 3124 1137 Ἐκ
3170 1083 3447 1153 διαφόρων
3471 1081 3528 1134 δὲ
3583 1078 3769 1132 πολλοὶ

2197 1180 2292 1233 καὶ
2346 1180 2602 1251 διάφοροι
2654 1181 3028 1251 ξυμμιγέντες
3074 1178 3398 1247 ταγμάτων,
3453 1174 3773 1236 ἀνελθόντες

2198 1272 2543 1342 προσέϐαλον
2608 1277 2722 1336 τοῖς
2770 1273 3024 1335 Κελτοῖς·
3070 1274 3118 1325 οἱ
3164 1270 3223 1323 δὲ
3252 1267 3597 1339 παραχρῆμα
3656 1267 3772 1319 κατ’

2197 1365 2379 1418 αὐτῶν
2399 1365 2726 1437 ὡρμηκότες
2756 1365 3071 1436 ἀναιροῦσιν
3094 1364 3224 1434 ἄχρι
3245 1362 3354 1416 τῶν
3374 1359 3771 1414 πεντακοσίων.

2199 1451 2335 1510 Εἶτα
2360 1458 2453 1509 τοῦ
2480 1459 2749 1527 βασιλέως
2792 1457 3205 1526 στοχασαμένου
3235 1453 3327 1507 τοῦ
3358 1453 3527 1506 τόπου
3551 1450 3618 1503 δι’
3656 1445 3715 1503 οὗ
3746 1450 3773 1502 6

2197 1551 2541 1619 Βαῖμοῦντος
2618 1551 2813 1620 ἔμελλε
2880 1550 3131 1613 διελθεῖν,
3195 1550 3291 1602 καὶ
3352 1547 3774 1605 ἀποστείλαντος

2196 1642 2485 1710 γενναίους
2534 1643 2880 1712 στρατιώτας
2938 1642 3080 1711 μετὰ
3126 1642 3151 1675 ⁸
3196 1639 3478 1711 Τούρκων,
3532 1635 3629 1690 καὶ
3681 1633 3773 1688 τοῦ

2200 1734 2505 1805 Μιγιδηνοῦ
2565 1734 3027 1806 προεξάρχοντος,
3094 1732 3214 1803 ἅμα
3251 1731 3330 1802 τῷ
3363 1730 3595 1799 πλησίον
3624 1727 3777 1795 γενέ-

508 1843 700 1882 Omnes
730 1828 1015 1883 alacritate
1073 1828 1369 1897 poscebant
1401 1829 1456 1881 in
1500 1829 1648 1896 ipsos
1690 1826 1840 1879 duci.
1892 1822 2092 1878 Verum

2202 1826 2347 1889 σθαι,
2395 1826 2560 1889 εὐθὺς
2608 1829 2634 1879 6
2683 1827 3046 1896 Βαῖμοῦντος,
3104 1825 3356 1894 ὁρμήσας
3412 1820 3533 1875 κατ’
3575 1818 3774 1884 αὐτῶν,

507 1918 566 1972 id
601 1920 900 1988 imperator
928 1920 1046 1974 fieri
1078 1918 1270 1974 vetuit.
1310 1919 1509 1973 Delecti
1545 1925 1757 1970 tantum
1803 1931 1871 1970 ex
1927 1914 2094 1969 variis

2201 1916 2409 1985 ἥττησε
2440 1920 2670 1980 τούτους
2719 1919 2883 1988 μέχρι
2911 1916 3005 1969 τοῦ
3036 1914 3282 1985 ποταμοῦ
3322 1912 3539 1978 διώξας.

506 2013 823 2067 cohortibus
854 2013 992 2065 varii
1020 2011 1215 2067 idoneo
1244 2027 1475 2067 numero
1492 2012 1760 2065 adversus
1826 2024 1922 2064 eos
1980 2008 2155 2071 missi,
2196 2009 2248 2062 in
2280 2026 2421 2080 quos
2448 2022 2667 2081 repente
2702 2021 2857 2068 tanto
2889 2012 3094 2081 impetu
3134 2010 3333 2065 invecti
3375 2008 3558 2063 Latini
3594 2015 3726 2063 sunt
3758 2035 3774 2059 τ

511 2114 570 2158 ιιι
594 2120 660 2158 ex
692 2105 759 2158 iis
792 2104 858 2158 ad
891 2103 1221 2174 quingentos
1253 2104 1579 2159 occiderint.
1613 2102 1750 2156 Tum
1780 2102 2079 2170 imperator
2120 2102 2305 2155 animo
2350 2105 2643 2172 providens
2682 2105 2865 2160 locum
2942 2118 3049 2174 qua
3106 2103 3442 2158 transiturus
3518 2099 3781 2153 Baimun-

507 2195 613 2249 dus
636 2194 943 2260 videbatur,
964 2193 1111 2247 misit
1132 2193 1223 2263 qui
1250 2208 1376 2247 eum
1450 2199 1904 2264 praeoccuparem
1964 2191 2165 2247 milites
2205 2191 2538 2252 fortissimos
2584 2212 2708 2251 cum
2752 2196 2982 2260 Turcis,
3036 2196 3177 2251 duce
3234 2194 3493 2250 omnibus
3522 2192 3784 2264 prtel‘ecto

506 2288 798 2357 Migideno,
829 2302 966 2357 quos
996 2297 1053 2341 ut
1085 2303 1258 2373 prope
1287 2288 1512 2344 fuerunt
1548 2288 1887 2347 Baimundns
1908 2291 2087 2363 primo
2125 2291 2330 2362 impetu
2369 2291 2675 2363 percellens
2705 2290 2856 2355 vicit,
2891 2290 3051 2358 fudit,
3083 2290 3313 2362 fugavit,
3383 2296 3442 2344 et
3514 2302 3694 2357 usque
3713 2285 3782 2340 ad

505 2381 730 2437 ﬂuvium
765 2382 1043 2437 insecutus
1080 2391 1185 2437 est.

581 2474 854 2529 Postridie
887 2472 1065 2542 prima
1106 2474 1228 2529 luce
1274 2472 1501 2529 fluvium
1546 2472 1687 2528 idem
1728 2488 1855 2529 cum
1905 2476 2082 2529 comi-

513 2565 658 2621 tibus
682 2575 736 2619 et
758 2567 875 2635 ipso
900 2564 1135 2635 Bryenio
1165 2578 1567 2634 transgressus,
1592 2581 1716 2619 eum
1741 2566 2094 2622 observasset

2268 2477 2347 2548 Τῇ
2391 2476 2447 2529 δὲ
2490 2476 2609 2547 μετ’
2649 2475 2825 2546 αὐτὴν
2873 2473 3231 2544 αὐγαζούσης
3272 2434 3373 2543 ι)δῆ
3403 2470 3501 2541 τῆς
3534 2468 3778 2540 ἡμέραςν

2193 2564 2576 2636 παραδραμὼν
2616 2564 2709 2616 τὸν
2748 2564 2850 2634 ἤδη
2895 2562 3131 2634 ρηθέντα
3181 2562 3427 2631 ποταμὸν
3476 2560 3617 2630 μετά
3670 2560 3782 2612 τῶν

512 2656 820 2728 palustrem
852 2655 1145 2725 quemdam
1174 2656 1354 2710 locum
1408 2670 1579 2726 prope
1608 2655 1910 2723 Larissam,
1948 2657 2095 2712 inter

2201 2653 2660 2724 συνεφεπομένων
2703 2653 2854 2724 αὐτῷ
2893 2654 3175 2722 κομήτων,
3224 2652 3321 2704 καὶ
3358 2649 3527 2704 αὑτοῦ
3566 2650 3631 2719 δὴ
3676 2647 3772 2702 τοῦ

510 2749 654 2803 duos
684 2748 857 2802 colles
892 2748 1193 2817 jacentem,
1231 2747 1298 2801 ad
1335 2763 1462 2802 eum
1501 2756 1650 2802 recta
1700 2749 1951 2814 tetendit,
1988 2749 2099 2804 iter

514 2840 724 2894 faciens
770 2854 869 2909 per
932 2852 1280 2892 nemorosam
1352 2837 1634 2908 planitiem
1699 2838 1754 2893 in
1802 2840 2090 2905 angustias

511 2933 668 2988 valde
719 2941 902 2987 arctas
944 2931 1309 2985 desinentem.
1368 2932 1617 2997 Clisnrae,
1657 2932 1771 2987 sive
1823 2932 2088 2998 claustra,

510 3026 619 3080 dici
654 3025 835 3079 solent
865 3024 915 3078 id
951 3040 1126 3095 genus
1157 3025 1301 3078 loca.
1330 3023 1455 3078 Hzec
1482 3033 1667 3078 autem
1702 3023 1931 3093 proprio
1984 3036 2089 3076 no-

513 3117 659 3170 mine
689 3115 970 3170 Domeniei
1008 3116 1273 3186 palatium
1322 3115 1651 3170 vocabatur.
1689 3114 1789 3171 Per
1836 3131 1957 3171 eam
2006 3116 2092 3172 itt-

512 3222 738 3279 gressus
771 3175 1111 3262 Baimundus
1164 3205 1369 3259 vallum
1412 3205 1533 3259 illic
1580 3204 1700 3258 ﬁxit
1748 3175 2164 3277 munivitquec

513 3310 720 3354 eastra.
758 3297 892 3351 Eum
922 3299 997 3352 ibi
1034 3308 1257 3368 postera
1298 3297 1388 3352 die
1421 3297 1524 3353 sub
1552 3298 1861 3352 diluculum
1894 3314 2095 3369 aggre-

513 3394 667 3446 ditur
696 3408 820 3446 eum
842 3393 1088 3446 exercitu
1118 3392 1381 3446 universo
1403 3391 1513 3445 dux
1541 3391 1833 3462 phalangis
1860 3390 2097 3447 Michael

513 3484 720 3548 Ducas,
752 3483 1058 3538 avunculus
1098 3498 1273 3547 meus,
1301 3483 1386 3535 vir
1418 3483 1723 3551 prudentia:
1767 3482 1927 3539 laude
1951 3484 2097 3540 cele-

514 3579 814 3643 berrimus,
865 3577 1044 3631 forma
1105 3590 1235 3630 vero
1296 3585 1354 3631 et
1412 3574 1797 3646 magnitudine
1844 3579 2098 3647 corporis

514 3671 789 3726 excellens
811 3668 968 3740 15.2
990 3683 1094 3722 non
1117 3683 1279 3737 supra
1299 3683 1490 3723 omnes
1506 3668 1665 3722 modo
1679 3669 1770 3738 qui
1787 3676 1900 3723 tum
1918 3680 2095 3736 erant,

518 3762 613 3817 sed
644 3771 698 3815 et
728 3761 820 3830 qui
878 3774 1121 3830 unquam
1172 3759 1427 3821 fuerant:
1483 3761 1752 3816 miraculo
1792 3763 1940 3816 enim
1978 3770 2098 3817 erat

514 3851 1005 3907 iutuentibusJam
1024 3854 1116 3922 qui
1144 3852 1388 3906 futurum
1414 3853 1731 3921 provideret
1758 3855 2095 3921 certissimo,

516 3947 609 4014 qui
638 3945 781 4015 quod
814 3945 1056 3999 instabat
1082 3944 1556 3999 animadverteret
1604 3945 2099 4016 introspiceretque

515 4038 706 4091 statim
752 4036 1001 4106 penitus,
1043 4038 1161 4105 qui,
1195 4036 1329 4105 quid
1384 4050 1544 4104 opus,
1579 4039 1901 4092 consuleret
1952 4038 2096 4092 idem

514 4129 743 4198 Optime,
775 4126 1224 4194 dexterrimeqne
1254 4134 1677 4193 exsequeretur,
1699 4144 1844 4182 unus
1869 4129 1917 4183 is
1942 4139 2093 4194 erat;

514 4218 790 4271 neminem
836 4216 889 4268 in
944 4214 1029 4269 his
1085 4212 1336 4283 partibus
1378 4213 1590 4268 habens
1645 4217 2099 4286 comparabilem.

517 4308 605 4362 llli
642 4314 977 4376 praeceperat
1030 4308 1331 4374 imperator
1354 4320 1423 4361 ne
1462 4320 1657 4362 omnes
1693 4321 1826 4363 suos
1862 4309 1915 4361 in
1945 4309 2097 4363 elau-

517 4401 617 4453 stri
650 4399 837 4453 fauces
871 4398 1282 4463 introduceret,
1319 4398 1414 4453 scd
1439 4400 1679 4470 legiones
1704 4400 1922 4469 quidem
1948 4408 2097 4457 stare

2195 2748 2481 2820 Βρυενίου,
2512 2747 2638 2801 ἐπεὶ
2701 2748 2874 2819 ἑλώδη
2914 2748 3079 2801 τόπον
3115 2748 3172 2799 ὲν
3208 2748 3322 2807 τοῖς
3365 2745 3465 2815 τῆς
3493 2743 3776 2813 Λαρίσσης

2200 2842 2432 2913 μέρεσιν
2476 2840 2746 2894 ἐθεάσατο
2779 2839 3096 2909 ἅναμεταξὺ
3134 2838 3229 2892 δύο
3266 2838 3494 2909 βουνῶν,
3551 2836 3779 2890 πεδιάδα

2197 2933 2410 3003 ἀλσώδη
2437 2932 2615 3003 εὑρὼν
2634 2932 3086 2987 ἀποτελευτῶσαν
3114 2934 3195 2995 εἰς
3223 2930 3495 2985 στενωπὸν
3526 2931 3545 2961 ⁸
3573 2930 3787 2999 (κλεισ-

2197 3026 2368 3094 ούραν
2407 3024 2566 3078 τοῦτο
2592 3024 2612 3056 ’⁵
2652 3024 2935 3093 καλοῦσιν)
2958 3024 3059 3094 τὴν
3095 3023 3397 3095 λεγομένην
3428 3022 3725 3092 Δομενίκου
3761 3021 3785 3056 ³

2200 3119 2483 3183 παλάτιον,
2537 3118 2626 3172 διὰ
2700 3119 2890 3171 τούτου
2936 3116 3218 3181 εἰσελθὼν,
3260 3118 3378 3171 ἐκεῖ
3425 3115 3516 3168 τὸν
3560 3114 3785 3185 χάρακα

2200 3208 2463 3279 ἐπήξατο.
2500 3207 2581 3279 Τῇ
2609 3208 2666 3262 δὲ
2719 3209 2836 3278 μετ’
2870 3206 3042 3279 αὐτὴν
3103 3208 3250 3262 κατὰ
3302 3207 3363 3261 τὺ
3422 3205 3782 3275 περίορθρον,

2199 3301 2612 3372 καταλαμόάνει
2652 3301 2816 3356 αὑτὸν
2845 3301 2873 3353 6
2905 3299 3302 3371 φαλαγγάρχης
3333 3297 3553 3367 Μιχαὴλ
3590 3300 3618 3349 6
3645 3296 3789 3348 Δοῦ-

2201 3413 2325 3460 κας,
2350 3397 2378 3448 6
2406 3395 2545 3467 πρὸς
2583 3397 2793 3466 μητρὸς
2814 3397 2834 3427 ⁸
2862 3395 2994 3465 ἐμὸς
3026 3396 3170 3458 θεῖος
3198 3395 3341 3464 μετὰ
3368 3391 3462 3445 τοῦ
3489 3390 3781 3444 ὁπλιτικοῦ

2201 3489 2423 3553 παντὸς,
2454 3488 2593 3560 ἀνὴρ
2614 3488 2635 3520 τ
2668 3469 2764 3540 ἰπὶ
2808 3487 3069 3558 φρονήσει
3092 3485 3540 3555 διαδεδοημένος,
3571 3482 3696 3553 ὥρᾳ
3727 3482 3790 3535 δὲ

2200 3581 2295 3632 καὶ
2319 3578 2542 3650 μεγέθει
2573 3578 2829 3650 σώματος
2855 3580 3155 3650 διαφέρων,
3178 3578 3239 3631 ού
3267 3578 3375 3630 τῶν
3402 3579 3525 3630 τότε
3558 3575 3788 3646 καιροῦ,

2199 3671 2339 3724 ἀλλὰ
2388 3671 2484 3725 καὶ
2536 3671 2646 3723 τῶν
2700 3671 2919 3724 πώποτε
2968 3670 3351 3740 γεγενημένων
3385 3668 3613 3738 (θάμὸος
3668 3667 3786 3737 γάρ

2201 3759 2348 3834 εἶχεν
2386 3765 2637 3828 ἅπαντας
2654 3764 2781 3827 τοὺς
2814 3763 3056 3833 ὁρῶντας
3084 3763 3175 3815 τὸν
3204 3760 3421 3831 ἄνδρα),
3461 3759 3696 3812 συνιδεῖν
3721 3759 3790 3811 δὲ

2199 3855 2260 3908 τὸ
2289 3855 2481 3924 μέλλον
2512 3856 2607 3908 καὶ
2632 3854 2888 3924 φωράσαι
2912 3853 2975 3906 τὸ
3003 3853 3243 3916 ὲνεστὸς,
3276 3852 3373 3906 καὶ
3418 3850 3794 3920 καταπράξα-

2202 3949 2328 4000 σθαι
2363 3947 2384 3979 ⁸
2418 3946 2729 4009 δεινότατός
2782 3963 2842 3998 τε
2886 3947 2980 3998 καὶ
3037 3944 3441 4016 ἁπαράμιλλος.
3507 3943 3698 4013 Τούτῳ
3759 3944 3796 3995 ὁ

2201 4040 2567 4110 αὐτοκράτωρ
2598 4038 2912 4109 ἐπέσκηψεν
2951 4038 3026 4107 μὴ
3064 4039 3277 4099 πάντας
3309 4037 3464 4099 ἐντὸς
3518 4034 3615 4088 τοῦ
3665 4051 3800 4087 στου

2202 4131 2327 4201 μίου
2349 4131 2450 4197 τῆς
2502 4129 2825 4199 κλεισούρας
2861 4127 3148 4193 εἰσελθεῖν,
3176 4127 3313 4180 ἀλλὰ
3338 4126 3434 4188 τὰς
3470 4126 3574 4195 μὲν
3607 4125 3793 4178 δυνά-

2204 4241 2326 4293 μεις
2358 4221 2558 4289 ἔξωθεν
2614 4221 2870 4274 ἵστασθαι
2929 4220 3128 4286 ἰλαδὸν,
3180 4218 3401 4286 ὀλίγους
3444 4218 3501 4270 δὲ
3534 4218 3741 4271 διελεῖν
3771 4219 3798 4250 ⁹

2202 4316 2472 4387 Τούρκων
2503 4313 2599 4367 καὶ
2657 4312 3030 4384 Σαυρομάτων
3059 4314 3162 4381 τῆς
3198 4311 3412 4375 τοξείας
3464 4311 3801 4382 εἰδήμονας,

2201 4405 2297 4459 καὶ
2324 4406 2364 4436 ¹⁰
2396 4402 2605 4466 τούτοις
2633 4403 3039 4474 παραχωρῆσαι
3067 4404 3166 4472 τῆς
3193 4403 3425 4466 εἰσόδου,
3473 4400 3804 4469 ἐπισκῆψαι.

515 4491 739 4559 juberet
789 4497 968 4554 extra,
1017 4491 1287 4543 continua
1336 4491 1479 4545 serie
1527 4491 1831 4561 depositas.
1886 4490 2095 4549 Paucos

2203 4497 2259 4551 δὲ
2290 4495 2501 4558 τούτοις
2538 4496 2732 4566 μηδενὶ
2766 4496 2942 4565 ἑτέρῳ
2975 4495 3119 4564 ξίφει
3157 4494 3297 4566 πλὴν
3340 4495 3540 4556 ὀϊστοῖς
3571 4496 3811 4563 χρήσα-

519 4590 734 4634 tantum
772 4596 802 4634 e
836 4580 1032 4633 Turcis
1091 4578 1207 4635 fere
1264 4596 1329 4636 ac
1387 4578 1660 4638 Sarmatis
1710 4584 1950 4639 delectos
1998 4587 2091 4655 qui

519 4672 816 4742 sagittandi
854 4682 973 4724 arte
1008 4681 1354 4739 praestarent,
1386 4682 1679 4741 penetrare
1719 4673 1861 4728 intra
1906 4675 2092 4734 fauces

517 4780 801 4839 pateretur
837 4789 850 4822 :
892 4748 1093 4834 hisque
1124 4769 1258 4837 ipsis
1292 4769 1558 4833 ediceret,
1593 4786 1661 4823 ne
1696 4772 1804 4826 alio
1837 4773 1949 4826 ullo
1995 4790 2090 4843 ge-

521 4877 655 4916 nere
707 4876 987 4915 arnt0rum
1052 4876 1220 4930 quam
1281 4861 1409 4916 telis
1432 4862 1623 4932 procul
1684 4878 1749 4917 ac
1791 4865 2094 4922 missilibus

523 4967 837 5010 merentur.
894 4954 1096 5010 Verum
1156 4955 1211 5008 hi
1270 4970 1395 5010 cum
1456 4956 1690 5025 ingrcssi
1746 4960 2102 5016 excursiones

521 5061 818 5115 equestres
871 5046 926 5101 in
976 5045 1204 5101 Latinos
1241 5046 1510 5113 facerent,
1558 5049 1651 5116 qui
1700 5050 1837 5104 foris
1883 5053 2106 5105 stabant

529 5155 724 5209 magna
791 5140 1070 5210 pugnandi
1138 5139 1369 5194 libidine
1427 5142 1688 5211 pracepti
1742 5145 2100 5198 reverentiam

528 5233 808 5295 vincente,
846 5248 946 5302 pro
982 5246 1040 5285 se
1096 5233 1334 5302 quisque
1369 5233 1423 5286 in
1474 5234 1676 5287 saltum
1709 5234 1943 5303 ingredi,
1999 5251 2099 5291 nec

523 5325 643 5378 sine
678 5333 871 5377 mutuo
918 5323 1281 5393 praevertendi
1318 5324 1525 5387 studio,
1576 5338 1887 5395 cmperunt.
1937 5326 2099 5382 Vide-

524 5415 728 5472 bantur
774 5418 844 5472 ad
901 5418 1242 5487 exploratam
1302 5417 1588 5472 victoriam
1643 5420 1888 5484 tendere,
1948 5419 2094 5489 quod

2204 4589 2351 4641 σθαι.
2403 4586 2771 4639 Εἰσελθόντων
2819 4584 2876 4637 δὲ
2936 4585 3030 4637 καὶ
3099 4583 3371 4647 ἱππασίας
3435 4586 3809 4652 ποιουμένων

2202 4678 2343 4730 κατὰ
2413 4676 2521 4729 τῶν
2574 4675 2842 4739 Λατίνων,
2901 4675 2951 4728 οἱ
3000 4675 3201 4740 ἔξωθεν
3280 4677 3583 4745 ἱστάμενοι,
3639 4678 3811 4747 πρὸς

2201 4770 2473 4840 ἀλλήλους
2508 4768 2898 4835 σφαδάζοντες,
2936 4769 3126 4839 ἤριζον
3158 4771 3339 4831 ὁποῖος
3370 4771 3436 4823 ἂν
3468 4770 3531 4823 τὸ
3558 4772 3814 4838 στόμιον

2204 4862 2462 4917 εἰσέλθοι.
2503 4862 2561 4915 Ὀ
2587 4862 2694 4932 γὰρ
2729 4861 3089 4930 Βαῖμοῦντος,
3130 4860 3341 4933 πλήρης
3370 4860 3448 4915 ὢν
3492 4862 3816 4934 βασιλικῆς

2211 4953 2251 4983 ¹¹
2285 4953 2621 5022 ἐπιστήμης,
2657 4952 2784 5015 τοὺς
2812 4952 2904 5005 ὑπ’
2932 4952 3095 5005 αὑτὸν
3129 4953 3349 5007 ἐκέλευε
3379 4956 3819 5024 συνησπικότας

2209 5046 2484 5111 ἵστασθαι,
2519 5046 2614 5097 καὶ
2630 5046 2752 5108 ταῖς
2779 5043 3003 5100 ἀσπίσιν
3025 5046 3255 5109 ἑαυτοὺς
3280 5047 3815 5119 περιφράττοντας,

2207 5140 2489 5208 ἀτρεμεῖν.
2543 5136 2604 5189 '0
2633 5136 2689 5189 δέ
2726 5153 2789 5205 γε
2816 5137 3265 5208 πρωτοστράτωρ
3288 5136 3621 5207 θεασάμενος
3644 5139 3823 5201 τοὺς

2207 5231 2299 5284 ὑπ’
2334 5229 2498 5283 αὑτὸν
2529 5232 2667 5283 κατὰ
2697 5230 2895 5299 μικρὸν
2919 5228 3213 5299 ὲκρέοντας
3236 5232 3330 5284 καὶ
3357 5228 3823 5302 εἰσερχομένους

2202 5324 2289 5379 διὰ
2325 5322 2421 5377 τοῦ
2453 5323 2702 5389 στομίου,
2729 5322 2951 5390 εἰσῆλθε
2981 5322 3074 5375 καὶ
3107 5324 3290 5384 αὑτός.
3329 5323 3388 5377 Ὁ
3422 5325 3477 5378 δὲ
3504 5321 3828 5389 Βαῖμοῦν-

2204 5434 2297 5481 τος
2334 5416 2563 5480 τούτους
2607 5414 2968 5486 θεασάμενος,
3003 5414 3207 5486 ὥσπερ
3245 5415 3406 5472 λέων
3452 5416 3627 5486 ἐχάρη
3679 5432 3830 5485 με·

1584 5552 1785 5615 Variaa
1814 5554 2126 5616 lectiones
2171 5572 2247 5617 ex
2285 5555 2421 5615 eod.
2459 5555 2726 5617 Coislin.

605 5699 653 5774 ‘_’
681 5699 899 5774 αὐτόν.-
932 5701 979 5734 ⁹⁹
1006 5703 1324 5774 ξυμϐαλεῖν.
1401 5706 1418 5735 ¹
1450 5706 1659 5774 ἀπῆγε.
1728 5700 2063 5774 ’Δμετάμκαῇ

530 5771 678 5845 τρός.
759 5771 777 5803 τ
807 5771 1088 5840 ἁνὴρτις.’
1132 5775 1153 5805 ⁸
1176 5771 1653 5846 καταπράξασθαι.

2173 5701 2193 5732 ³
2231 5704 2509 5755 στενωπὸν
2538 5702 2685 5766 ὀξύν.

1749 5770 1769 5801 ⁸
1800 5769 2009 5824 διελών.
2086 5770 2131 5804 ιο
2155 5771 2319 5829 Deest
2364 5773 2556 5827 vocula
2594 5772 2705 5826 καί.
2774 5773 2811 5804 “
2847 5775 3245 5845 στρατηγικῆς.

2812 5702 2833 5733 ⁸·
2868 5703 3076 5759 τοῦτον.
3162 5704 3190 5777 ξ
3221 5704 3534 5777 Δεμενίκου.
3620 5700 3652 5732 ⁸
3680 5720 3847 5758 πα-
