  <div class='ocr_page' id='page_1' title='image "/cluster/home/n/w/nwhite01/storage/ocr_20150623/131/mdp.39015078384248/224.png"; bbox 0 0 4022 6270; ppageno 0'>
   <div class='ocr_carea' id='block_1_1' title="bbox 278 362 388 429">
    <p class='ocr_par' dir='ltr' id='par_1_1' title="bbox 278 362 388 429">
     <span class='ocr_line' id='line_1_1' title="bbox 278 362 388 429; baseline 0.027 -3"><span class='ocrx_word' id='word_1_1' title='bbox 278 362 388 429; x_wconf 63' lang='grc' dir='ltr'><strong>ιῖ5</strong></span> 
     </span>
    </p>
   </div>
   <div class='ocr_carea' id='block_1_2' title="bbox 1558 365 2269 434">
    <p class='ocr_par' dir='ltr' id='par_1_2' title="bbox 1558 365 2269 434">
     <span class='ocr_line' id='line_1_2' title="bbox 1558 365 2269 434; baseline -0.003 -3"><span class='ocrx_word' id='word_1_2' title='bbox 1558 365 1973 431; x_wconf 78' lang='lat' dir='ltr'><strong>ALEXIADIS</strong></span> <span class='ocrx_word' id='word_1_3' title='bbox 2013 369 2161 434; x_wconf 91' lang='lat' dir='ltr'><strong>LIB.</strong></span> <span class='ocrx_word' id='word_1_4' title='bbox 2201 369 2269 430; x_wconf 85' lang='lat' dir='ltr'><strong>V.</strong></span> 
     </span>
    </p>
   </div>
   <div class='ocr_carea' id='block_1_3' title="bbox 3424 369 3530 436">
    <p class='ocr_par' dir='ltr' id='par_1_3' title="bbox 3424 369 3530 436">
     <span class='ocr_line' id='line_1_3' title="bbox 3424 369 3530 436; baseline 0.019 -2"><span class='ocrx_word' id='word_1_5' title='bbox 3424 369 3530 436; x_wconf 70' lang='grc'><strong>426</strong></span> 
     </span>
    </p>
   </div>
   <div class='ocr_carea' id='block_1_4' title="bbox 280 472 1862 551">
    <p class='ocr_par' dir='ltr' id='par_1_4' title="bbox 280 472 1862 551">
     <span class='ocr_line' id='line_1_4' title="bbox 280 472 1862 551; baseline 0.004 -24"><span class='ocrx_word' id='word_1_6' title='bbox 280 476 446 547; x_wconf 58' lang='lat' dir='ltr'><strong>Trita)</strong></span> <span class='ocrx_word' id='word_1_7' title='bbox 467 474 568 531; x_wconf 72' lang='grc' dir='ltr'><strong>ἐπὶ</strong></span> <span class='ocrx_word' id='word_1_8' title='bbox 602 473 831 545; x_wconf 79' lang='grc' dir='ltr'>σώματι</span> <span class='ocrx_word' id='word_1_9' title='bbox 863 476 1119 546; x_wconf 74' lang='grc' dir='ltr'>κύρσας,</span> <span class='ocrx_word' id='word_1_10' title='bbox 1138 472 1293 532; x_wconf 76' lang='grc' dir='ltr'>εἴπεν</span> <span class='ocrx_word' id='word_1_11' title='bbox 1320 479 1385 534; x_wconf 78' lang='grc' dir='ltr'><strong>ἄν</strong></span> <span class='ocrx_word' id='word_1_12' title='bbox 1406 490 1491 541; x_wconf 76' lang='grc' dir='ltr'>τις</span> <span class='ocrx_word' id='word_1_13' title='bbox 1524 478 1862 551; x_wconf 82' lang='grc' dir='ltr'><strong>Ὁμηρικῶς,</strong></span> 
     </span>
    </p>
   </div>
   <div class='ocr_carea' id='block_1_5' title="bbox 1967 472 3538 551">
    <p class='ocr_par' dir='ltr' id='par_1_5' title="bbox 1969 480 3538 551">
     <span class='ocr_line' id='line_1_5' title="bbox 1969 480 3538 551; baseline 0.002 -16"><span class='ocrx_word' id='word_1_14' title='bbox 1969 480 2197 537; x_wconf 89' lang='lat' dir='ltr'><strong>Latinos</strong></span> <span class='ocrx_word' id='word_1_15' title='bbox 2237 488 2441 551; x_wconf 68' lang='lat' dir='ltr'><strong>praeter</strong></span> <span class='ocrx_word' id='word_1_16' title='bbox 2475 494 2678 535; x_wconf 90' lang='lat' dir='ltr'><strong>morem</strong></span> <span class='ocrx_word' id='word_1_17' title='bbox 2708 480 2781 551; x_wconf 74' lang='lat' dir='ltr'><strong>in</strong></span> <span class='ocrx_word' id='word_1_18' title='bbox 2830 481 2951 537; x_wconf 84' lang='lat' dir='ltr'><strong>loco</strong></span> <span class='ocrx_word' id='word_1_19' title='bbox 2985 489 3213 548; x_wconf 77' lang='lat' dir='ltr'><strong>stantes,</strong></span> <span class='ocrx_word' id='word_1_20' title='bbox 3268 483 3538 540; x_wconf 88' lang='lat' dir='ltr'><strong>cecidisse</strong></span> 
     </span>
    </p>
   </div>
   <div class='ocr_carea' id='block_1_6' title="bbox 281 561 1862 642">
    <p class='ocr_par' dir='ltr' id='par_1_6' title="bbox 281 561 1862 642">
     <span class='ocr_line' id='line_1_6' title="bbox 281 561 1862 642; baseline 0.003 -21"><span class='ocrx_word' id='word_1_21' title='bbox 281 568 354 631; x_wconf 84' lang='grc' dir='ltr'>ὡς</span> <span class='ocrx_word' id='word_1_22' title='bbox 383 569 481 620; x_wconf 68' lang='grc' dir='ltr'>καὶ</span> <span class='ocrx_word' id='word_1_23' title='bbox 512 561 693 633; x_wconf 72' lang='grc' dir='ltr'>οὗτος,</span> <span class='ocrx_word' id='word_1_24' title='bbox 724 568 853 621; x_wconf 87' lang='grc' dir='ltr'>ίδὼν</span> <span class='ocrx_word' id='word_1_25' title='bbox 879 571 938 622; x_wconf 78' lang='grc' dir='ltr'>ἐν</span> <span class='ocrx_word' id='word_1_26' title='bbox 980 571 1165 633; x_wconf 77' lang='grc' dir='ltr'>αὐτοῖς</span> <span class='ocrx_word' id='word_1_27' title='bbox 1204 571 1504 642; x_wconf 78' lang='grc' dir='ltr'><strong>ὀφθαλμοῖς</strong></span> <span class='ocrx_word' id='word_1_28' title='bbox 1551 573 1595 604; x_wconf 82' lang='grc'>¹²</span> <span class='ocrx_word' id='word_1_29' title='bbox 1636 572 1862 636; x_wconf 77' lang='grc' dir='ltr'><strong>τούτους</strong></span> 
     </span>
    </p>
   </div>
   <div class='ocr_carea' id='block_1_7' title="bbox 279 659 1862 737">
    <p class='ocr_par' dir='ltr' id='par_1_7' title="bbox 279 659 1862 737">
     <span class='ocr_line' id='line_1_7' title="bbox 279 659 1862 737; baseline 0.007 -26"><span class='ocrx_word' id='word_1_30' title='bbox 279 661 373 715; x_wconf 71' lang='grc' dir='ltr'><strong>καὶ</strong></span> <span class='ocrx_word' id='word_1_31' title='bbox 424 659 519 713; x_wconf 81' lang='grc' dir='ltr'>τὸν</span> <span class='ocrx_word' id='word_1_32' title='bbox 581 662 1053 732; x_wconf 83' lang='grc' dir='ltr'>πρωτοστράτορα</span> <span class='ocrx_word' id='word_1_33' title='bbox 1120 663 1373 733; x_wconf 74' lang='grc' dir='ltr'>Μιχαὴλ,</span> <span class='ocrx_word' id='word_1_34' title='bbox 1426 662 1641 736; x_wconf 82' lang='grc' dir='ltr'>ἀσχὲτῳ</span> <span class='ocrx_word' id='word_1_35' title='bbox 1711 664 1862 737; x_wconf 72' lang='grc' dir='ltr'><strong>ῥύμῃ</strong></span> 
     </span>
    </p>
   </div>
   <div class='ocr_carea' id='block_1_8' title="bbox 280 751 1862 827">
    <p class='ocr_par' dir='ltr' id='par_1_8' title="bbox 280 751 1862 827">
     <span class='ocr_line' id='line_1_8' title="bbox 280 751 1862 827; baseline 0.003 -22"><span class='ocrx_word' id='word_1_36' title='bbox 280 751 515 805; x_wconf 71' lang='grc' dir='ltr'>πανσυδὶ</span> <span class='ocrx_word' id='word_1_37' title='bbox 547 753 672 805; x_wconf 87' lang='grc' dir='ltr'>κατ’</span> <span class='ocrx_word' id='word_1_38' title='bbox 711 753 892 805; x_wconf 84' lang='grc' dir='ltr'>αὐτῶν</span> <span class='ocrx_word' id='word_1_39' title='bbox 934 753 1105 808; x_wconf 82' lang='grc' dir='ltr'>ἷεται’</span> <span class='ocrx_word' id='word_1_40' title='bbox 1142 756 1193 807; x_wconf 84' lang='grc' dir='ltr'>οί</span> <span class='ocrx_word' id='word_1_41' title='bbox 1236 754 1291 807; x_wconf 83' lang='grc' dir='ltr'>δὲ</span> <span class='ocrx_word' id='word_1_42' title='bbox 1317 756 1661 827; x_wconf 86' lang='grc' dir='ltr'>παραχρῆμα</span> <span class='ocrx_word' id='word_1_43' title='bbox 1712 756 1862 809; x_wconf 83' lang='grc' dir='ltr'>νῶτα</span> 
     </span>
    </p>
   </div>
   <div class='ocr_carea' id='block_1_9' title="bbox 280 842 1863 920">
    <p class='ocr_par' dir='ltr' id='par_1_9' title="bbox 280 842 1863 920">
     <span class='ocr_line' id='line_1_9' title="bbox 280 842 1863 920; baseline 0.004 -23"><span class='ocrx_word' id='word_1_44' title='bbox 280 844 541 898; x_wconf 75' lang='grc' dir='ltr'>διδόασιν.</span> <span class='ocrx_word' id='word_1_45' title='bbox 595 842 776 907; x_wconf 76' lang='grc' dir='ltr'>υύζᾶς</span> <span class='ocrx_word' id='word_1_46' title='bbox 811 843 924 915; x_wconf 84' lang='lat' dir='ltr'><strong>(6i)</strong></span> <span class='ocrx_word' id='word_1_47' title='bbox 953 845 1011 897; x_wconf 80' lang='grc' dir='ltr'>δὲ</span> <span class='ocrx_word' id='word_1_48' title='bbox 1051 846 1149 917; x_wconf 84' lang='grc' dir='ltr'><strong>τὴν</strong></span> <span class='ocrx_word' id='word_1_49' title='bbox 1183 848 1378 918; x_wconf 83' lang='grc' dir='ltr'><strong>κλῆσιν</strong></span> <span class='ocrx_word' id='word_1_50' title='bbox 1426 849 1753 920; x_wconf 81' lang='grc' dir='ltr'><strong>φερώνυμον</strong></span> <span class='ocrx_word' id='word_1_51' title='bbox 1796 851 1863 903; x_wconf 78' lang='grc' dir='ltr'><strong>ἐκ</strong></span> 
     </span>
    </p>
   </div>
   <div class='ocr_carea' id='block_1_10' title="bbox 280 935 1860 1013">
    <p class='ocr_par' dir='ltr' id='par_1_10' title="bbox 280 935 1860 1013">
     <span class='ocr_line' id='line_1_10' title="bbox 280 935 1860 1013; baseline 0.004 -24"><span class='ocrx_word' id='word_1_52' title='bbox 280 936 372 990; x_wconf 71' lang='grc' dir='ltr'>τοῦ</span> <span class='ocrx_word' id='word_1_53' title='bbox 440 938 641 1003; x_wconf 80' lang='grc' dir='ltr'>γένους</span> <span class='ocrx_word' id='word_1_54' title='bbox 708 935 916 1007; x_wconf 90' lang='grc' dir='ltr'>λαχὼν,</span> <span class='ocrx_word' id='word_1_55' title='bbox 980 938 1069 991; x_wconf 73' lang='grc' dir='ltr'><strong>ἐπ’</strong></span> <span class='ocrx_word' id='word_1_56' title='bbox 1121 940 1316 1011; x_wconf 78' lang='grc' dir='ltr'>ἀνδρίᾳ</span> <span class='ocrx_word' id='word_1_57' title='bbox 1374 940 1860 1013; x_wconf 77' lang='grc' dir='ltr'>διαϐεϐοημένος,</span> 
     </span>
    </p>
   </div>
   <div class='ocr_carea' id='block_1_11' title="bbox 278 1025 1863 1097">
    <p class='ocr_par' dir='ltr' id='par_1_11' title="bbox 278 1025 1863 1097">
     <span class='ocr_line' id='line_1_11' title="bbox 278 1025 1863 1097; baseline 0.001 -18"><span class='ocrx_word' id='word_1_58' title='bbox 278 1025 448 1091; x_wconf 72' lang='grc' dir='ltr'>εἰδὼς</span> <span class='ocrx_word' id='word_1_59' title='bbox 500 1025 598 1092; x_wconf 80' lang='grc' dir='ltr'><strong>ἠδ’</strong></span> <span class='ocrx_word' id='word_1_60' title='bbox 626 1025 727 1079; x_wconf 76' lang='grc' dir='ltr'><strong>ἐπὶ</strong></span> <span class='ocrx_word' id='word_1_61' title='bbox 780 1026 950 1090; x_wconf 82' lang='grc' dir='ltr'>δεξιὰ</span> <span class='ocrx_word' id='word_1_62' title='bbox 988 1026 1082 1096; x_wconf 76' lang='grc' dir='ltr'><strong>ἠδ’</strong></span> <span class='ocrx_word' id='word_1_63' title='bbox 1129 1028 1222 1081; x_wconf 82' lang='grc' dir='ltr'><strong>ἐπ’</strong></span> <span class='ocrx_word' id='word_1_64' title='bbox 1271 1028 1555 1097; x_wconf 82' lang='grc' dir='ltr'>ἀριστερά</span> <span class='ocrx_word' id='word_1_65' title='bbox 1587 1027 1863 1097; x_wconf 82' lang='grc' dir='ltr'><strong>νωμῆσαι</strong></span> 
     </span>
    </p>
   </div>
   <div class='ocr_carea' id='block_1_12' title="bbox 275 1114 1863 1189">
    <p class='ocr_par' dir='ltr' id='par_1_12' title="bbox 275 1114 1863 1189">
     <span class='ocr_line' id='line_1_12' title="bbox 275 1114 1863 1189; baseline 0.001 -21"><span class='ocrx_word' id='word_1_66' title='bbox 275 1114 422 1180; x_wconf 75' lang='grc' dir='ltr'><strong>βῶν,</strong></span> <span class='ocrx_word' id='word_1_67' title='bbox 448 1114 715 1182; x_wconf 72' lang='grc' dir='ltr'>ἀζαλέην</span> <span class='ocrx_word' id='word_1_68' title='bbox 743 1115 909 1187; x_wconf 66' lang='grc' dir='ltr'><strong>(δι’),</strong></span> <span class='ocrx_word' id='word_1_69' title='bbox 954 1117 1081 1171; x_wconf 87' lang='grc' dir='ltr'>καθ’</span> <span class='ocrx_word' id='word_1_70' title='bbox 1114 1118 1385 1189; x_wconf 86' lang='grc' dir='ltr'>Ὅμηρον,</span> <span class='ocrx_word' id='word_1_71' title='bbox 1413 1120 1472 1171; x_wconf 78' lang='grc' dir='ltr'>ὲν</span> <span class='ocrx_word' id='word_1_72' title='bbox 1495 1118 1574 1187; x_wconf 79' lang='grc' dir='ltr'>τῷ</span> <span class='ocrx_word' id='word_1_73' title='bbox 1611 1117 1707 1171; x_wconf 80' lang='grc' dir='ltr'><strong>τοῦ</strong></span> <span class='ocrx_word' id='word_1_74' title='bbox 1740 1134 1863 1170; x_wconf 89' lang='grc' dir='ltr'>στο-</span> 
     </span>
    </p>
   </div>
   <div class='ocr_carea' id='block_1_13' title="bbox 284 1206 1864 1281">
    <p class='ocr_par' dir='ltr' id='par_1_13' title="bbox 284 1206 1864 1281">
     <span class='ocr_line' id='line_1_13' title="bbox 284 1206 1864 1281; baseline 0.003 -23"><span class='ocrx_word' id='word_1_75' title='bbox 284 1208 401 1275; x_wconf 79' lang='grc' dir='ltr'>μίου</span> <span class='ocrx_word' id='word_1_76' title='bbox 446 1206 777 1278; x_wconf 75' lang='grc' dir='ltr'>ἐξέρχεσθαι</span> <span class='ocrx_word' id='word_1_77' title='bbox 825 1207 976 1275; x_wconf 82' lang='grc' dir='ltr'>δεξιά</span> <span class='ocrx_word' id='word_1_78' title='bbox 1022 1210 1422 1280; x_wconf 80' lang='grc' dir='ltr'>παρεκκλίνας,</span> <span class='ocrx_word' id='word_1_79' title='bbox 1473 1209 1693 1281; x_wconf 82' lang='grc' dir='ltr'>γοργῶς</span> <span class='ocrx_word' id='word_1_80' title='bbox 1740 1211 1864 1262; x_wconf 80' lang='grc' dir='ltr'>ἐπι-</span> 
     </span>
    </p>
   </div>
   <div class='ocr_carea' id='block_1_14' title="bbox 284 1300 1863 1372">
    <p class='ocr_par' dir='ltr' id='par_1_14' title="bbox 284 1300 1863 1372">
     <span class='ocr_line' id='line_1_14' title="bbox 284 1300 1863 1372; baseline 0 -19"><span class='ocrx_word' id='word_1_81' title='bbox 284 1301 573 1371; x_wconf 67' lang='grc' dir='ltr'>στραφεὶς,</span> <span class='ocrx_word' id='word_1_82' title='bbox 618 1301 771 1354; x_wconf 82' lang='grc' dir='ltr'>παίει</span> <span class='ocrx_word' id='word_1_83' title='bbox 805 1301 897 1354; x_wconf 84' lang='grc' dir='ltr'>τὸν</span> <span class='ocrx_word' id='word_1_84' title='bbox 946 1300 1099 1372; x_wconf 81' lang='grc' dir='ltr'>αὐτῷ</span> <span class='ocrx_word' id='word_1_85' title='bbox 1151 1302 1566 1356; x_wconf 71' lang='grc' dir='ltr'><strong>ὑπαντιάσαντα</strong></span> <span class='ocrx_word' id='word_1_86' title='bbox 1615 1300 1659 1333; x_wconf 86' lang='grc'><strong>¹³</strong></span> <span class='ocrx_word' id='word_1_87' title='bbox 1693 1301 1863 1354; x_wconf 86' lang='grc' dir='ltr'>Λατῖ-</span> 
     </span>
    </p>
   </div>
   <div class='ocr_carea' id='block_1_15' title="bbox 281 1390 1862 1463">
    <p class='ocr_par' dir='ltr' id='par_1_15' title="bbox 281 1390 1862 1463">
     <span class='ocr_line' id='line_1_15' title="bbox 281 1390 1862 1463; baseline 0.001 -22"><span class='ocrx_word' id='word_1_88' title='bbox 281 1410 387 1445; x_wconf 82' lang='grc' dir='ltr'>νον.</span> <span class='ocrx_word' id='word_1_89' title='bbox 430 1393 492 1443; x_wconf 85' lang='grc'><strong>’0</strong></span> <span class='ocrx_word' id='word_1_90' title='bbox 535 1392 582 1445; x_wconf 82' lang='grc' dir='ltr'>δ’</span> <span class='ocrx_word' id='word_1_91' title='bbox 610 1392 775 1458; x_wconf 81' lang='grc' dir='ltr'>εὐθὺς</span> <span class='ocrx_word' id='word_1_92' title='bbox 800 1392 1105 1463; x_wconf 64' lang='grc' dir='ltr'>ξκύμϐαχος</span> <span class='ocrx_word' id='word_1_93' title='bbox 1161 1394 1304 1447; x_wconf 88' lang='grc' dir='ltr'><strong>κατά</strong></span> <span class='ocrx_word' id='word_1_94' title='bbox 1336 1395 1439 1463; x_wconf 81' lang='grc' dir='ltr'><strong>γῆς</strong></span> <span class='ocrx_word' id='word_1_95' title='bbox 1485 1393 1686 1447; x_wconf 76' lang='grc' dir='ltr'>ἔκειτο.</span> <span class='ocrx_word' id='word_1_96' title='bbox 1722 1391 1781 1443; x_wconf 84' lang='grc' dir='ltr'>Ὀ</span> <span class='ocrx_word' id='word_1_97' title='bbox 1806 1390 1862 1443; x_wconf 80' lang='grc' dir='ltr'>δὲ</span> 
     </span>
    </p>
   </div>
   <div class='ocr_carea' id='block_1_16' title="bbox 286 1484 1865 1557">
    <p class='ocr_par' dir='ltr' id='par_1_16' title="bbox 286 1484 1865 1557">
     <span class='ocr_line' id='line_1_16' title="bbox 286 1484 1865 1557; baseline 0.001 -22"><span class='ocrx_word' id='word_1_98' title='bbox 286 1484 617 1553; x_wconf 76' lang='grc' dir='ltr'>Βαῖμοῦντος</span> <span class='ocrx_word' id='word_1_99' title='bbox 640 1485 833 1539; x_wconf 83' lang='grc' dir='ltr'>ὲδίωκε</span> <span class='ocrx_word' id='word_1_100' title='bbox 875 1485 1097 1549; x_wconf 81' lang='grc' dir='ltr'><strong>τούτους</strong></span> <span class='ocrx_word' id='word_1_101' title='bbox 1125 1484 1291 1557; x_wconf 82' lang='grc' dir='ltr'>μέχρι</span> <span class='ocrx_word' id='word_1_102' title='bbox 1332 1485 1429 1539; x_wconf 79' lang='grc' dir='ltr'><strong>τοῦ</strong></span> <span class='ocrx_word' id='word_1_103' title='bbox 1480 1485 1730 1557; x_wconf 80' lang='grc' dir='ltr'>ποταμοῦ</span> <span class='ocrx_word' id='word_1_104' title='bbox 1762 1486 1865 1537; x_wconf 83' lang='grc' dir='ltr'><strong>Σα-</strong></span> 
     </span>
    </p>
   </div>
   <div class='ocr_carea' id='block_1_17' title="bbox 283 1575 1862 1649">
    <p class='ocr_par' dir='ltr' id='par_1_17' title="bbox 283 1575 1862 1649">
     <span class='ocr_line' id='line_1_17' title="bbox 283 1575 1862 1649; baseline 0.003 -23"><span class='ocrx_word' id='word_1_105' title='bbox 283 1575 482 1647; x_wconf 82' lang='grc' dir='ltr'>λαϐρία</span> <span class='ocrx_word' id='word_1_106' title='bbox 513 1576 579 1630; x_wconf 72' lang='grc'>⁸⁸.</span> <span class='ocrx_word' id='word_1_107' title='bbox 626 1577 715 1630; x_wconf 84' lang='grc' dir='ltr'>Ἐν</span> <span class='ocrx_word' id='word_1_108' title='bbox 742 1577 799 1630; x_wconf 79' lang='grc' dir='ltr'>δὲ</span> <span class='ocrx_word' id='word_1_109' title='bbox 825 1576 903 1647; x_wconf 82' lang='grc' dir='ltr'><strong>τῷ</strong></span> <span class='ocrx_word' id='word_1_110' title='bbox 956 1577 1180 1647; x_wconf 84' lang='grc' dir='ltr'><strong>φεύγειν</strong></span> <span class='ocrx_word' id='word_1_111' title='bbox 1209 1580 1237 1630; x_wconf 83' lang='grc' dir='ltr'>ὁ</span> <span class='ocrx_word' id='word_1_112' title='bbox 1260 1578 1357 1649; x_wconf 71' lang='grc' dir='ltr'>ἤδη</span> <span class='ocrx_word' id='word_1_113' title='bbox 1417 1576 1609 1647; x_wconf 77' lang='grc' dir='ltr'>ῥηθεὶς</span> <span class='ocrx_word' id='word_1_114' title='bbox 1659 1578 1862 1644; x_wconf 76' lang='grc' dir='ltr'>Οὐζᾶς,</span> 
     </span>
    </p>
   </div>
   <div class='ocr_carea' id='block_1_18' title="bbox 287 1668 1865 1740">
    <p class='ocr_par' dir='ltr' id='par_1_18' title="bbox 287 1668 1865 1740">
     <span class='ocr_line' id='line_1_18' title="bbox 287 1668 1865 1740; baseline 0.003 -21"><span class='ocrx_word' id='word_1_115' title='bbox 287 1668 433 1720; x_wconf 78' lang='grc' dir='ltr'>παίει</span> <span class='ocrx_word' id='word_1_116' title='bbox 460 1669 555 1721; x_wconf 65' lang='grc' dir='ltr'><strong>τὸν</strong></span> <span class='ocrx_word' id='word_1_117' title='bbox 588 1669 689 1739; x_wconf 79' lang='grc' dir='ltr'>τὴν</span> <span class='ocrx_word' id='word_1_118' title='bbox 724 1669 970 1739; x_wconf 81' lang='grc' dir='ltr'>σημαίαν</span> <span class='ocrx_word' id='word_1_119' title='bbox 995 1669 1092 1723; x_wconf 84' lang='grc' dir='ltr'>τοῦ</span> <span class='ocrx_word' id='word_1_120' title='bbox 1145 1669 1491 1740; x_wconf 86' lang='grc' dir='ltr'>Βαῖμούντου</span> <span class='ocrx_word' id='word_1_121' title='bbox 1558 1670 1865 1740; x_wconf 76' lang='grc' dir='ltr'>κατέχοντα</span> 
     </span>
    </p>
   </div>
   <div class='ocr_carea' id='block_1_19' title="bbox 286 1758 1861 1835">
    <p class='ocr_par' dir='ltr' id='par_1_19' title="bbox 286 1758 1861 1835">
     <span class='ocr_line' id='line_1_19' title="bbox 286 1758 1861 1835; baseline 0.001 -24"><span class='ocrx_word' id='word_1_122' title='bbox 286 1760 368 1811; x_wconf 64' lang='lat' dir='ltr'><strong>ea</strong></span> <span class='ocrx_word' id='word_1_123' title='bbox 389 1760 482 1812; x_wconf 77' lang='grc' dir='ltr'><strong>τοῦ</strong></span> <span class='ocrx_word' id='word_1_124' title='bbox 511 1760 764 1831; x_wconf 70' lang='grc' dir='ltr'>δόρατος,</span> <span class='ocrx_word' id='word_1_125' title='bbox 793 1761 888 1813; x_wconf 83' lang='grc' dir='ltr'>καὶ</span> <span class='ocrx_word' id='word_1_126' title='bbox 920 1761 1021 1831; x_wconf 84' lang='grc' dir='ltr'>τὴν</span> <span class='ocrx_word' id='word_1_127' title='bbox 1048 1763 1294 1835; x_wconf 88' lang='grc' dir='ltr'>σημαίαν</span> <span class='ocrx_word' id='word_1_128' title='bbox 1315 1760 1423 1814; x_wconf 85' lang='grc' dir='ltr'>τῶν</span> <span class='ocrx_word' id='word_1_129' title='bbox 1454 1762 1657 1832; x_wconf 84' lang='grc' dir='ltr'>χειρῶν</span> <span class='ocrx_word' id='word_1_130' title='bbox 1695 1758 1861 1814; x_wconf 83' lang='grc' dir='ltr'>αὐτοῦ</span> 
     </span>
    </p>
   </div>
   <div class='ocr_carea' id='block_1_20' title="bbox 286 1852 1861 1924">
    <p class='ocr_par' dir='ltr' id='par_1_20' title="bbox 286 1852 1861 1924">
     <span class='ocr_line' id='line_1_20' title="bbox 286 1852 1861 1924; baseline 0.002 -22"><span class='ocrx_word' id='word_1_131' title='bbox 286 1852 639 1921; x_wconf 75' lang='grc' dir='ltr'><strong>ἀφαρπάσας,</strong></span> <span class='ocrx_word' id='word_1_132' title='bbox 675 1852 871 1923; x_wconf 75' lang='grc' dir='ltr'>μικρὸν</span> <span class='ocrx_word' id='word_1_133' title='bbox 934 1852 1202 1924; x_wconf 83' lang='grc' dir='ltr'>περιδινεϊ</span> <span class='ocrx_word' id='word_1_134' title='bbox 1246 1853 1340 1906; x_wconf 78' lang='grc' dir='ltr'><strong>καὶ</strong></span> <span class='ocrx_word' id='word_1_135' title='bbox 1383 1852 1557 1906; x_wconf 79' lang='grc' dir='ltr'>κλίνει</span> <span class='ocrx_word' id='word_1_136' title='bbox 1609 1852 1747 1923; x_wconf 76' lang='grc' dir='ltr'>πρὸς</span> <span class='ocrx_word' id='word_1_137' title='bbox 1798 1853 1861 1905; x_wconf 86' lang='grc' dir='ltr'>τδ</span> 
     </span>
    </p>
   </div>
   <div class='ocr_carea' id='block_1_21' title="bbox 285 1944 1861 2016">
    <p class='ocr_par' dir='ltr' id='par_1_21' title="bbox 285 1944 1861 2016">
     <span class='ocr_line' id='line_1_21' title="bbox 285 1944 1861 2016; baseline 0.003 -21"><span class='ocrx_word' id='word_1_138' title='bbox 285 1944 512 2012; x_wconf 78' lang='grc' dir='ltr'>πρανές.</span> <span class='ocrx_word' id='word_1_139' title='bbox 545 1945 611 1999; x_wconf 85' lang='grc' dir='ltr'><strong>Οί</strong></span> <span class='ocrx_word' id='word_1_140' title='bbox 665 1944 800 2014; x_wconf 82' lang='grc' dir='ltr'>γοῦν</span> <span class='ocrx_word' id='word_1_141' title='bbox 848 1946 1071 1999; x_wconf 88' lang='grc' dir='ltr'>Λατῖνοι</span> <span class='ocrx_word' id='word_1_142' title='bbox 1127 1946 1228 2015; x_wconf 80' lang='grc' dir='ltr'>τὴν</span> <span class='ocrx_word' id='word_1_143' title='bbox 1287 1945 1533 2016; x_wconf 80' lang='grc' dir='ltr'>σημαίαν</span> <span class='ocrx_word' id='word_1_144' title='bbox 1565 1944 1623 2012; x_wconf 73' lang='grc' dir='ltr'><strong>ἐξ</strong></span> <span class='ocrx_word' id='word_1_145' title='bbox 1671 1944 1861 2015; x_wconf 85' lang='grc' dir='ltr'>ὀρθίου</span> 
     </span>
    </p>
   </div>
   <div class='ocr_carea' id='block_1_22' title="bbox 285 2035 1861 2107">
    <p class='ocr_par' dir='ltr' id='par_1_22' title="bbox 285 2035 1861 2107">
     <span class='ocr_line' id='line_1_22' title="bbox 285 2035 1861 2107; baseline 0.001 -19"><span class='ocrx_word' id='word_1_146' title='bbox 285 2037 563 2107; x_wconf 73' lang='grc' dir='ltr'>σχήματος</span> <span class='ocrx_word' id='word_1_147' title='bbox 621 2035 1054 2091; x_wconf 85' lang='grc' dir='ltr'>κατακλιθεῖσαν</span> <span class='ocrx_word' id='word_1_148' title='bbox 1095 2037 1427 2107; x_wconf 71' lang='grc' dir='ltr'>ἑωρακότες,</span> <span class='ocrx_word' id='word_1_149' title='bbox 1488 2037 1547 2089; x_wconf 86' lang='grc' dir='ltr'><strong>ὲν</strong></span> <span class='ocrx_word' id='word_1_150' title='bbox 1596 2036 1861 2106; x_wconf 78' lang='grc' dir='ltr'>συγχύσει</span> 
     </span>
    </p>
   </div>
   <div class='ocr_carea' id='block_1_23' title="bbox 284 2125 1862 2203">
    <p class='ocr_par' dir='ltr' id='par_1_23' title="bbox 284 2125 1862 2203">
     <span class='ocr_line' id='line_1_23' title="bbox 284 2125 1862 2203; baseline 0.003 -24"><span class='ocrx_word' id='word_1_151' title='bbox 284 2129 566 2196; x_wconf 78' lang='grc' dir='ltr'>γεγόνασι,</span> <span class='ocrx_word' id='word_1_152' title='bbox 602 2128 698 2182; x_wconf 82' lang='grc' dir='ltr'>καὶ</span> <span class='ocrx_word' id='word_1_153' title='bbox 728 2128 814 2199; x_wconf 69' lang='grc' dir='ltr'>δφ⁹</span> <span class='ocrx_word' id='word_1_154' title='bbox 838 2130 1035 2198; x_wconf 78' lang='grc' dir='ltr'>ἑτέραν</span> <span class='ocrx_word' id='word_1_155' title='bbox 1070 2130 1374 2201; x_wconf 75' lang='grc' dir='ltr'>ἐτράποντο</span> <span class='ocrx_word' id='word_1_156' title='bbox 1404 2130 1671 2201; x_wconf 79' lang='grc' dir='ltr'>ἀτραπὸν,</span> <span class='ocrx_word' id='word_1_157' title='bbox 1694 2129 1762 2182; x_wconf 85' lang='grc' dir='ltr'>δι’</span> <span class='ocrx_word' id='word_1_158' title='bbox 1791 2125 1862 2203; x_wconf 79' lang='grc' dir='ltr'><strong>ἧς</strong></span> 
     </span>
    </p>
   </div>
   <div class='ocr_carea' id='block_1_24' title="bbox 284 2217 1865 2292">
    <p class='ocr_par' dir='ltr' id='par_1_24' title="bbox 284 2217 1865 2292">
     <span class='ocr_line' id='line_1_24' title="bbox 284 2217 1865 2292; baseline 0.003 -22"><span class='ocrx_word' id='word_1_159' title='bbox 284 2217 451 2272; x_wconf 75' lang='grc' dir='ltr'>καὶτὰ</span> <span class='ocrx_word' id='word_1_160' title='bbox 470 2219 722 2291; x_wconf 86' lang='grc' dir='ltr'>Τρίκαλα</span> <span class='ocrx_word' id='word_1_161' title='bbox 740 2219 1253 2289; x_wconf 80' lang='grc' dir='ltr'>καταλαμϐάνουσιν</span> <span class='ocrx_word' id='word_1_162' title='bbox 1268 2222 1367 2292; x_wconf 67' lang='grc' dir='ltr'>ἤδη</span> <span class='ocrx_word' id='word_1_163' title='bbox 1388 2221 1865 2292; x_wconf 80' lang='grc' dir='ltr'>προκατασχεθέν-</span> 
     </span>
    </p>
   </div>
   <div class='ocr_carea' id='block_1_25' title="bbox 282 2312 1865 2383">
    <p class='ocr_par' dir='ltr' id='par_1_25' title="bbox 282 2312 1865 2383">
     <span class='ocr_line' id='line_1_25' title="bbox 282 2312 1865 2383; baseline 0.003 -20"><span class='ocrx_word' id='word_1_164' title='bbox 282 2326 348 2363; x_wconf 72' lang='grc' dir='ltr'><strong>τα</strong></span> <span class='ocrx_word' id='word_1_165' title='bbox 376 2312 529 2381; x_wconf 84' lang='grc' dir='ltr'>παρά</span> <span class='ocrx_word' id='word_1_166' title='bbox 550 2328 713 2363; x_wconf 87' lang='grc' dir='ltr'>τινων</span> <span class='ocrx_word' id='word_1_167' title='bbox 750 2312 860 2364; x_wconf 85' lang='grc' dir='ltr'><strong>τῶν</strong></span> <span class='ocrx_word' id='word_1_168' title='bbox 882 2312 974 2365; x_wconf 80' lang='grc' dir='ltr'>τοῦ</span> <span class='ocrx_word' id='word_1_169' title='bbox 994 2312 1332 2382; x_wconf 71' lang='grc' dir='ltr'>Βαῖμούντου</span> <span class='ocrx_word' id='word_1_170' title='bbox 1354 2314 1491 2383; x_wconf 76' lang='grc' dir='ltr'>πρὸς</span> <span class='ocrx_word' id='word_1_171' title='bbox 1512 2313 1572 2366; x_wconf 83' lang='grc' dir='ltr'>τὸ</span> <span class='ocrx_word' id='word_1_172' title='bbox 1595 2313 1865 2367; x_wconf 73' lang='grc' dir='ltr'><strong>Λυκοστόι</strong></span> 
     </span>
    </p>
   </div>
   <div class='ocr_carea' id='block_1_26' title="bbox 287 2403 1865 2474">
    <p class='ocr_par' dir='ltr' id='par_1_26' title="bbox 287 2403 1865 2474">
     <span class='ocr_line' id='line_1_26' title="bbox 287 2403 1865 2474; baseline 0.006 -23"><span class='ocrx_word' id='word_1_173' title='bbox 287 2416 404 2469; x_wconf 79' lang='grc' dir='ltr'>μιον</span> <span class='ocrx_word' id='word_1_174' title='bbox 429 2403 767 2471; x_wconf 79' lang='grc' dir='ltr'>φευγόντων.</span> <span class='ocrx_word' id='word_1_175' title='bbox 792 2403 1034 2456; x_wconf 85' lang='grc' dir='ltr'>Κάκείσε</span> <span class='ocrx_word' id='word_1_176' title='bbox 1060 2404 1200 2467; x_wconf 82' lang='grc' dir='ltr'>τέως</span> <span class='ocrx_word' id='word_1_177' title='bbox 1228 2405 1511 2474; x_wconf 76' lang='grc' dir='ltr'>ηὐλίζοντο</span> <span class='ocrx_word' id='word_1_178' title='bbox 1538 2406 1581 2437; x_wconf 73' lang='grc' dir='ltr'>ιδ</span> <span class='ocrx_word' id='word_1_179' title='bbox 1598 2406 1730 2460; x_wconf 77' lang='grc' dir='ltr'>εἵσω</span> <span class='ocrx_word' id='word_1_180' title='bbox 1744 2404 1865 2460; x_wconf 86' lang='grc' dir='ltr'>τού-</span> 
     </span>
    </p>
   </div>
   <div class='ocr_carea' id='block_1_27' title="bbox 283 2490 1866 2565">
    <p class='ocr_par' dir='ltr' id='par_1_27' title="bbox 283 2490 1866 2565">
     <span class='ocr_line' id='line_1_27' title="bbox 283 2490 1866 2565; baseline 0.004 -21"><span class='ocrx_word' id='word_1_181' title='bbox 283 2510 388 2546; x_wconf 85' lang='grc' dir='ltr'><strong>των</strong></span> <span class='ocrx_word' id='word_1_182' title='bbox 412 2494 730 2561; x_wconf 79' lang='grc' dir='ltr'>γεγονότες·</span> <span class='ocrx_word' id='word_1_183' title='bbox 758 2490 972 2544; x_wconf 82' lang='grc' dir='ltr'>ὲκεῖθεν</span> <span class='ocrx_word' id='word_1_184' title='bbox 1005 2491 1063 2545; x_wconf 81' lang='grc' dir='ltr'>δὲ</span> <span class='ocrx_word' id='word_1_185' title='bbox 1100 2492 1593 2562; x_wconf 85' lang='grc' dir='ltr'>καταλαμϐάνουσι</span> <span class='ocrx_word' id='word_1_186' title='bbox 1617 2494 1716 2565; x_wconf 75' lang='grc' dir='ltr'>τὴν</span> <span class='ocrx_word' id='word_1_187' title='bbox 1749 2498 1866 2550; x_wconf 81' lang='grc' dir='ltr'><strong>Κα-</strong></span> 
     </span>
    </p>
   </div>
   <div class='ocr_carea' id='block_1_28' title="bbox 284 2583 1864 2659">
    <p class='ocr_par' dir='ltr' id='par_1_28' title="bbox 284 2583 1864 2659">
     <span class='ocr_line' id='line_1_28' title="bbox 284 2583 1864 2659; baseline 0.002 -22"><span class='ocrx_word' id='word_1_188' title='bbox 284 2587 530 2655; x_wconf 86' lang='grc' dir='ltr'>στορίαν.</span> <span class='ocrx_word' id='word_1_189' title='bbox 568 2585 629 2636; x_wconf 86' lang='grc' dir='ltr'><strong>Ὀ</strong></span> <span class='ocrx_word' id='word_1_190' title='bbox 658 2583 715 2636; x_wconf 84' lang='grc' dir='ltr'>δὲ</span> <span class='ocrx_word' id='word_1_191' title='bbox 748 2583 1009 2653; x_wconf 81' lang='grc' dir='ltr'>βασιλεὺς</span> <span class='ocrx_word' id='word_1_192' title='bbox 1045 2584 1396 2655; x_wconf 65' lang='grc' dir='ltr'>ὑποστρέψας</span> <span class='ocrx_word' id='word_1_193' title='bbox 1436 2586 1542 2639; x_wconf 76' lang='grc' dir='ltr'><strong>ἀπὸ</strong></span> <span class='ocrx_word' id='word_1_194' title='bbox 1580 2587 1864 2659; x_wconf 79' lang='grc' dir='ltr'>Λαρίσσης</span> 
     </span>
    </p>
   </div>
   <div class='ocr_carea' id='block_1_29' title="bbox 282 2675 1866 2748">
    <p class='ocr_par' dir='ltr' id='par_1_29' title="bbox 282 2675 1866 2748">
     <span class='ocr_line' id='line_1_29' title="bbox 282 2675 1866 2748; baseline 0.002 -20"><span class='ocrx_word' id='word_1_195' title='bbox 282 2678 371 2729; x_wconf 71' lang='grc' dir='ltr'><strong>καὶ</strong></span> <span class='ocrx_word' id='word_1_196' title='bbox 415 2677 515 2748; x_wconf 81' lang='grc' dir='ltr'>τὴν</span> <span class='ocrx_word' id='word_1_197' title='bbox 568 2675 979 2748; x_wconf 80' lang='grc' dir='ltr'>Θεσσαλονίκην</span> <span class='ocrx_word' id='word_1_198' title='bbox 1016 2676 1363 2743; x_wconf 84' lang='grc' dir='ltr'>καταλαϐὼν,</span> <span class='ocrx_word' id='word_1_199' title='bbox 1419 2679 1606 2741; x_wconf 85' lang='grc' dir='ltr'>ὁποῖος</span> <span class='ocrx_word' id='word_1_200' title='bbox 1653 2680 1866 2744; x_wconf 78' lang='grc' dir='ltr'>ἐκεῖνος</span> 
     </span>
    </p>
   </div>
   <div class='ocr_carea' id='block_1_30' title="bbox 278 2766 1866 2838">
    <p class='ocr_par' dir='ltr' id='par_1_30' title="bbox 278 2766 1866 2838">
     <span class='ocr_line' id='line_1_30' title="bbox 278 2766 1866 2838; baseline 0.001 -18"><span class='ocrx_word' id='word_1_201' title='bbox 278 2768 405 2836; x_wconf 83' lang='grc' dir='ltr'>περὶ</span> <span class='ocrx_word' id='word_1_202' title='bbox 432 2767 502 2819; x_wconf 84' lang='grc' dir='ltr'>τὰ</span> <span class='ocrx_word' id='word_1_203' title='bbox 531 2766 760 2819; x_wconf 80' lang='grc' dir='ltr'>τοιαῦτα</span> <span class='ocrx_word' id='word_1_204' title='bbox 800 2766 936 2836; x_wconf 83' lang='grc' dir='ltr'>ταχὺ</span> <span class='ocrx_word' id='word_1_205' title='bbox 969 2766 1115 2837; x_wconf 85' lang='grc' dir='ltr'>μάλα</span> <span class='ocrx_word' id='word_1_206' title='bbox 1141 2766 1277 2838; x_wconf 77' lang='grc' dir='ltr'>πρὸς</span> <span class='ocrx_word' id='word_1_207' title='bbox 1311 2768 1437 2830; x_wconf 78' lang='grc' dir='ltr'>τοὺς</span> <span class='ocrx_word' id='word_1_208' title='bbox 1473 2769 1569 2821; x_wconf 77' lang='grc' dir='ltr'><strong>σὺν</strong></span> <span class='ocrx_word' id='word_1_209' title='bbox 1617 2769 1694 2838; x_wconf 83' lang='grc' dir='ltr'>τῷ</span> <span class='ocrx_word' id='word_1_210' title='bbox 1736 2769 1866 2821; x_wconf 85' lang='grc' dir='ltr'><strong>Βαῖ-</strong></span> 
     </span>
    </p>
   </div>
   <div class='ocr_carea' id='block_1_31' title="bbox 280 2858 1864 2930">
    <p class='ocr_par' dir='ltr' id='par_1_31' title="bbox 280 2858 1864 2930">
     <span class='ocr_line' id='line_1_31' title="bbox 280 2858 1864 2930; baseline 0.003 -21"><span class='ocrx_word' id='word_1_211' title='bbox 280 2859 498 2929; x_wconf 85' lang='grc' dir='ltr'>μούντῳ</span> <span class='ocrx_word' id='word_1_212' title='bbox 558 2858 810 2929; x_wconf 84' lang='grc' dir='ltr'>κόμητας</span> <span class='ocrx_word' id='word_1_213' title='bbox 866 2858 1221 2921; x_wconf 79' lang='grc' dir='ltr'>ἀποστείλας,</span> <span class='ocrx_word' id='word_1_214' title='bbox 1278 2858 1480 2921; x_wconf 84' lang='grc' dir='ltr'>πολλὰς</span> <span class='ocrx_word' id='word_1_215' title='bbox 1539 2860 1864 2930; x_wconf 79' lang='grc' dir='ltr'><strong>ὑποσχέσεις</strong></span> 
     </span>
    </p>
   </div>
   <div class='ocr_carea' id='block_1_32' title="bbox 278 2950 1867 3025">
    <p class='ocr_par' dir='ltr' id='par_1_32' title="bbox 278 2950 1867 3025">
     <span class='ocr_line' id='line_1_32' title="bbox 278 2950 1867 3025; baseline 0.001 -21"><span class='ocrx_word' id='word_1_216' title='bbox 278 2952 604 3021; x_wconf 74' lang='grc' dir='ltr'>ἐπεποίητο,</span> <span class='ocrx_word' id='word_1_217' title='bbox 635 2953 681 3004; x_wconf 78' lang='grc' dir='ltr'><strong>εί</strong></span> <span class='ocrx_word' id='word_1_218' title='bbox 716 2951 809 3004; x_wconf 75' lang='grc' dir='ltr'><strong>τὸν</strong></span> <span class='ocrx_word' id='word_1_219' title='bbox 844 2950 1183 3021; x_wconf 85' lang='grc' dir='ltr'>Βαῖμοῦντον</span> <span class='ocrx_word' id='word_1_220' title='bbox 1202 2952 1328 3013; x_wconf 82' lang='grc' dir='ltr'>τοὺς</span> <span class='ocrx_word' id='word_1_221' title='bbox 1362 2951 1590 3019; x_wconf 78' lang='grc' dir='ltr'>μισθοὺς</span> <span class='ocrx_word' id='word_1_222' title='bbox 1628 2953 1867 3025; x_wconf 82' lang='grc' dir='ltr'>άπαιτή-</span> 
     </span>
    </p>
   </div>
   <div class='ocr_carea' id='block_1_33' title="bbox 280 3041 1863 3115">
    <p class='ocr_par' dir='ltr' id='par_1_33' title="bbox 280 3041 1863 3115">
     <span class='ocr_line' id='line_1_33' title="bbox 280 3041 1863 3115; baseline -0.001 -18"><span class='ocrx_word' id='word_1_223' title='bbox 280 3062 462 3098; x_wconf 88' lang='grc' dir='ltr'>σουσιν</span> <span class='ocrx_word' id='word_1_224' title='bbox 494 3043 587 3107; x_wconf 79' lang='grc' dir='ltr'>οὓς</span> <span class='ocrx_word' id='word_1_225' title='bbox 622 3060 729 3113; x_wconf 85' lang='grc' dir='ltr'><strong>περ</strong></span> <span class='ocrx_word' id='word_1_226' title='bbox 774 3044 819 3075; x_wconf 86' lang='grc'><strong>¹⁶</strong></span> <span class='ocrx_word' id='word_1_227' title='bbox 849 3042 1037 3106; x_wconf 75' lang='grc' dir='ltr'>αὐτοῖς</span> <span class='ocrx_word' id='word_1_228' title='bbox 1070 3043 1163 3095; x_wconf 77' lang='grc' dir='ltr'>καὶ</span> <span class='ocrx_word' id='word_1_229' title='bbox 1210 3043 1501 3112; x_wconf 79' lang='grc' dir='ltr'>ὑπέσχετο·</span> <span class='ocrx_word' id='word_1_230' title='bbox 1535 3041 1630 3096; x_wconf 84' lang='grc' dir='ltr'><strong>τοῦ</strong></span> <span class='ocrx_word' id='word_1_231' title='bbox 1680 3043 1738 3096; x_wconf 78' lang='grc' dir='ltr'>δὲ</span> <span class='ocrx_word' id='word_1_232' title='bbox 1788 3042 1863 3115; x_wconf 80' lang='grc' dir='ltr'>μὴ</span> 
     </span>
    </p>
   </div>
   <div class='ocr_carea' id='block_1_34' title="bbox 1969 572 3538 650">
    <p class='ocr_par' dir='ltr' id='par_1_34' title="bbox 1969 572 3538 650">
     <span class='ocr_line' id='line_1_34' title="bbox 1969 572 3538 650; baseline 0 -23"><span class='ocrx_word' id='word_1_233' title='bbox 1969 572 2192 650; x_wconf 66' lang='lat' dir='ltr'><strong>animis,</strong></span> <span class='ocrx_word' id='word_1_234' title='bbox 2227 582 2283 627; x_wconf 86' lang='lat' dir='ltr'><strong>et</strong></span> <span class='ocrx_word' id='word_1_235' title='bbox 2313 572 2496 641; x_wconf 81' lang='lat' dir='ltr'><strong>fugam</strong></span> <span class='ocrx_word' id='word_1_236' title='bbox 2527 574 2773 642; x_wconf 86' lang='lat' dir='ltr'><strong>cogitare</strong></span> <span class='ocrx_word' id='word_1_237' title='bbox 2804 580 3012 627; x_wconf 90' lang='lat' dir='ltr'><strong>temere</strong></span> <span class='ocrx_word' id='word_1_238' title='bbox 3063 572 3437 630; x_wconf 79' lang='lat' dir='ltr'><strong>crediderant.</strong></span> <span class='ocrx_word' id='word_1_239' title='bbox 3467 576 3538 627; x_wconf 78' lang='lat' dir='ltr'><strong>At</strong></span> 
     </span>
    </p>
   </div>
   <div class='ocr_carea' id='block_1_35' title="bbox 1966 661 3540 733">
    <p class='ocr_par' dir='ltr' id='par_1_35' title="bbox 1966 661 3540 733">
     <span class='ocr_line' id='line_1_35' title="bbox 1966 661 3540 733; baseline 0.001 -17"><span class='ocrx_word' id='word_1_240' title='bbox 1966 677 2057 717; x_wconf 87' lang='lat' dir='ltr'><strong>ars</strong></span> <span class='ocrx_word' id='word_1_241' title='bbox 2088 670 2207 718; x_wconf 90' lang='lat' dir='ltr'><strong>erat</strong></span> <span class='ocrx_word' id='word_1_242' title='bbox 2230 661 2321 716; x_wconf 91' lang='lat' dir='ltr'><strong>illa</strong></span> <span class='ocrx_word' id='word_1_243' title='bbox 2351 661 2719 717; x_wconf 90' lang='lat' dir='ltr'><strong>versutissimi</strong></span> <span class='ocrx_word' id='word_1_244' title='bbox 2755 661 3069 725; x_wconf 87' lang='lat' dir='ltr'><strong>Baimundi,</strong></span> <span class='ocrx_word' id='word_1_245' title='bbox 3103 661 3196 731; x_wconf 88' lang='lat' dir='ltr'><strong>qui</strong></span> <span class='ocrx_word' id='word_1_246' title='bbox 3231 662 3297 715; x_wconf 89' lang='lat' dir='ltr'><strong>ad</strong></span> <span class='ocrx_word' id='word_1_247' title='bbox 3328 664 3540 733; x_wconf 85' lang='lat' dir='ltr'><strong>primas</strong></span> 
     </span>
    </p>
   </div>
   <div class='ocr_carea' id='block_1_36' title="bbox 1968 752 3543 823">
    <p class='ocr_par' dir='ltr' id='par_1_36' title="bbox 1968 752 3543 823">
     <span class='ocr_line' id='line_1_36' title="bbox 1968 752 3543 823; baseline 0.001 -16"><span class='ocrx_word' id='word_1_248' title='bbox 1968 752 2322 808; x_wconf 88' lang='lat' dir='ltr'><strong>velitationes</strong></span> <span class='ocrx_word' id='word_1_249' title='bbox 2372 764 2520 808; x_wconf 82' lang='lat' dir='ltr'><strong>stare</strong></span> <span class='ocrx_word' id='word_1_250' title='bbox 2550 767 2705 819; x_wconf 89' lang='lat' dir='ltr'><strong>suos,</strong></span> <span class='ocrx_word' id='word_1_251' title='bbox 2743 752 2973 823; x_wconf 73' lang='lat' dir='ltr'><strong>objectis</strong></span> <span class='ocrx_word' id='word_1_252' title='bbox 3002 752 3162 807; x_wconf 89' lang='lat' dir='ltr'><strong>modo</strong></span> <span class='ocrx_word' id='word_1_253' title='bbox 3196 753 3387 818; x_wconf 85' lang='lat' dir='ltr'><strong>scutis,</strong></span> <span class='ocrx_word' id='word_1_254' title='bbox 3440 770 3543 809; x_wconf 91' lang='lat' dir='ltr'><strong>nec</strong></span> 
     </span>
    </p>
   </div>
   <div class='ocr_carea' id='block_1_37' title="bbox 1964 843 3539 917">
    <p class='ocr_par' dir='ltr' id='par_1_37' title="bbox 1964 843 3539 917">
     <span class='ocr_line' id='line_1_37' title="bbox 1964 843 3539 917; baseline -0.001 -16"><span class='ocrx_word' id='word_1_255' title='bbox 1964 850 2021 901; x_wconf 89' lang='lat' dir='ltr'><strong>in</strong></span> <span class='ocrx_word' id='word_1_256' title='bbox 2054 845 2245 901; x_wconf 78' lang='lat' dir='ltr'><strong>hostes</strong></span> <span class='ocrx_word' id='word_1_257' title='bbox 2275 845 2429 913; x_wconf 82' lang='lat' dir='ltr'><strong>ferri,</strong></span> <span class='ocrx_word' id='word_1_258' title='bbox 2463 846 2646 917; x_wconf 91' lang='lat' dir='ltr'><strong>quoad</strong></span> <span class='ocrx_word' id='word_1_259' title='bbox 2680 846 2866 915; x_wconf 85' lang='lat' dir='ltr'><strong>plures</strong></span> <span class='ocrx_word' id='word_1_260' title='bbox 2918 843 3227 909; x_wconf 80' lang='lat' dir='ltr'><strong>aﬂluerent,</strong></span> <span class='ocrx_word' id='word_1_261' title='bbox 3274 846 3539 915; x_wconf 87' lang='lat' dir='ltr'><strong>jusserat.</strong></span> 
     </span>
    </p>
   </div>
   <div class='ocr_carea' id='block_1_38' title="bbox 1965 934 3543 1005">
    <p class='ocr_par' dir='ltr' id='par_1_38' title="bbox 1965 934 3543 1005">
     <span class='ocr_line' id='line_1_38' title="bbox 1965 934 3543 1005; baseline -0.001 -13"><span class='ocrx_word' id='word_1_262' title='bbox 1965 936 2345 993; x_wconf 87' lang='lat' dir='ltr'><strong>Protostrator</strong></span> <span class='ocrx_word' id='word_1_263' title='bbox 2400 953 2530 992; x_wconf 91' lang='lat' dir='ltr'><strong>vero</strong></span> <span class='ocrx_word' id='word_1_264' title='bbox 2575 934 2805 992; x_wconf 84' lang='lat' dir='ltr'><strong>Michael</strong></span> <span class='ocrx_word' id='word_1_265' title='bbox 2871 952 2996 991; x_wconf 91' lang='lat' dir='ltr'><strong>cum</strong></span> <span class='ocrx_word' id='word_1_266' title='bbox 3052 951 3183 992; x_wconf 89' lang='lat' dir='ltr'><strong>suos</strong></span> <span class='ocrx_word' id='word_1_267' title='bbox 3240 950 3338 1005; x_wconf 91' lang='lat' dir='ltr'><strong>per</strong></span> <span class='ocrx_word' id='word_1_268' title='bbox 3393 937 3543 991; x_wconf 87' lang='lat' dir='ltr'><strong>hunc</strong></span> 
     </span>
    </p>
   </div>
   <div class='ocr_carea' id='block_1_39' title="bbox 1965 1028 3540 1099">
    <p class='ocr_par' dir='ltr' id='par_1_39' title="bbox 1965 1028 3540 1099">
     <span class='ocr_line' id='line_1_39' title="bbox 1965 1028 3540 1099; baseline -0.001 -15"><span class='ocrx_word' id='word_1_269' title='bbox 1965 1029 2188 1084; x_wconf 88' lang='lat' dir='ltr'><strong>modum</strong></span> <span class='ocrx_word' id='word_1_270' title='bbox 2229 1030 2492 1099; x_wconf 77' lang='lat' dir='ltr'><strong>paulatim</strong></span> <span class='ocrx_word' id='word_1_271' title='bbox 2525 1029 2667 1084; x_wconf 89' lang='lat' dir='ltr'><strong>intra</strong></span> <span class='ocrx_word' id='word_1_272' title='bbox 2709 1029 2908 1083; x_wconf 90' lang='lat' dir='ltr'><strong>saltum</strong></span> <span class='ocrx_word' id='word_1_273' title='bbox 2947 1028 3229 1084; x_wconf 84' lang='lat' dir='ltr'><strong>eii’luentes</strong></span> <span class='ocrx_word' id='word_1_274' title='bbox 3261 1036 3540 1095; x_wconf 76' lang='lat' dir='ltr'><strong>cerneret,</strong></span> 
     </span>
    </p>
   </div>
   <div class='ocr_carea' id='block_1_40' title="bbox 1965 1118 3539 1192">
    <p class='ocr_par' dir='ltr' id='par_1_40' title="bbox 1965 1118 3539 1192">
     <span class='ocr_line' id='line_1_40' title="bbox 1965 1118 3539 1192; baseline -0.002 -16"><span class='ocrx_word' id='word_1_275' title='bbox 1965 1122 2250 1192; x_wconf 85' lang='lat' dir='ltr'><strong>ingressus</strong></span> <span class='ocrx_word' id='word_1_276' title='bbox 2299 1137 2422 1175; x_wconf 90' lang='lat' dir='ltr'><strong>cum</strong></span> <span class='ocrx_word' id='word_1_277' title='bbox 2487 1120 2595 1175; x_wconf 89' lang='lat' dir='ltr'><strong>illis</strong></span> <span class='ocrx_word' id='word_1_278' title='bbox 2624 1131 2676 1176; x_wconf 88' lang='lat' dir='ltr'><strong>ct</strong></span> <span class='ocrx_word' id='word_1_279' title='bbox 2714 1120 2833 1190; x_wconf 91' lang='lat' dir='ltr'><strong>ipse</strong></span> <span class='ocrx_word' id='word_1_280' title='bbox 2864 1128 2970 1175; x_wconf 87' lang='lat' dir='ltr'><strong>est.</strong></span> <span class='ocrx_word' id='word_1_281' title='bbox 3027 1120 3199 1185; x_wconf 86' lang='lat' dir='ltr'><strong>Quem</strong></span> <span class='ocrx_word' id='word_1_282' title='bbox 3250 1118 3362 1190; x_wconf 84' lang='lat' dir='ltr'><strong>jam</strong></span> <span class='ocrx_word' id='word_1_283' title='bbox 3413 1134 3539 1173; x_wconf 90' lang='lat' dir='ltr'><strong>cum</strong></span> 
     </span>
    </p>
   </div>
   <div class='ocr_carea' id='block_1_41' title="bbox 1967 1210 3544 1282">
    <p class='ocr_par' dir='ltr' id='par_1_41' title="bbox 1967 1210 3544 1282">
     <span class='ocr_line' id='line_1_41' title="bbox 1967 1210 3544 1282; baseline -0.001 -17"><span class='ocrx_word' id='word_1_284' title='bbox 1967 1220 2086 1266; x_wconf 89' lang='lat' dir='ltr'><strong>toto</strong></span> <span class='ocrx_word' id='word_1_285' title='bbox 2128 1212 2353 1281; x_wconf 80' lang='lat' dir='ltr'><strong>agmine</strong></span> <span class='ocrx_word' id='word_1_286' title='bbox 2388 1218 2708 1282; x_wconf 79' lang='lat' dir='ltr'><strong>penetrasse</strong></span> <span class='ocrx_word' id='word_1_287' title='bbox 2749 1210 3034 1280; x_wconf 89' lang='lat' dir='ltr'><strong>angustias</strong></span> <span class='ocrx_word' id='word_1_288' title='bbox 3078 1211 3168 1264; x_wconf 86' lang='lat' dir='ltr'><strong>ubi</strong></span> <span class='ocrx_word' id='word_1_289' title='bbox 3206 1212 3362 1275; x_wconf 84' lang='lat' dir='ltr'><strong>vidit,</strong></span> <span class='ocrx_word' id='word_1_290' title='bbox 3396 1211 3544 1266; x_wconf 84' lang='lat' dir='ltr'><strong>Cau-</strong></span> 
     </span>
    </p>
   </div>
   <div class='ocr_carea' id='block_1_42' title="bbox 1968 1302 3545 1374">
    <p class='ocr_par' dir='ltr' id='par_1_42' title="bbox 1968 1302 3545 1374">
     <span class='ocr_line' id='line_1_42' title="bbox 1968 1302 3545 1374; baseline -0.002 -16"><span class='ocrx_word' id='word_1_291' title='bbox 1968 1304 2076 1368; x_wconf 83' lang='lat' dir='ltr'><strong>det,</strong></span> <span class='ocrx_word' id='word_1_292' title='bbox 2106 1312 2165 1357; x_wconf 84' lang='lat' dir='ltr'><strong>ut</strong></span> <span class='ocrx_word' id='word_1_293' title='bbox 2198 1320 2423 1358; x_wconf 81' lang='lat' dir='ltr'><strong>occursu</strong></span> <span class='ocrx_word' id='word_1_294' title='bbox 2472 1303 2669 1374; x_wconf 73' lang='lat' dir='ltr'><strong>prwda:</strong></span> <span class='ocrx_word' id='word_1_295' title='bbox 2713 1302 2790 1357; x_wconf 84' lang='lat' dir='ltr'><strong>leo</strong></span> <span class='ocrx_word' id='word_1_296' title='bbox 2838 1313 3022 1372; x_wconf 82' lang='lat' dir='ltr'><strong>raptor</strong></span> <span class='ocrx_word' id='word_1_297' title='bbox 3069 1304 3281 1373; x_wconf 73' lang='lat' dir='ltr'><strong>opimw,</strong></span> <span class='ocrx_word' id='word_1_298' title='bbox 3331 1303 3545 1357; x_wconf 89' lang='lat' dir='ltr'><strong>diceret</strong></span> 
     </span>
    </p>
   </div>
   <div class='ocr_carea' id='block_1_43' title="bbox 1966 1395 3557 1468">
    <p class='ocr_par' dir='ltr' id='par_1_43' title="bbox 1966 1395 3557 1468">
     <span class='ocr_line' id='line_1_43' title="bbox 1966 1395 3557 1468; baseline -0.004 -16"><span class='ocrx_word' id='word_1_299' title='bbox 1966 1397 2166 1468; x_wconf 85' lang='lat' dir='ltr'><strong>aliquis</strong></span> <span class='ocrx_word' id='word_1_300' title='bbox 2204 1395 2518 1461; x_wconf 85' lang='lat' dir='ltr'><strong>Homerice,</strong></span> <span class='ocrx_word' id='word_1_301' title='bbox 2572 1396 2793 1461; x_wconf 90' lang='lat' dir='ltr'><strong>videns,</strong></span> <span class='ocrx_word' id='word_1_302' title='bbox 2856 1397 3103 1465; x_wconf 88' lang='lat' dir='ltr'><strong>inquam,</strong></span> <span class='ocrx_word' id='word_1_303' title='bbox 3135 1406 3189 1451; x_wconf 90' lang='lat' dir='ltr'><strong>et</strong></span> <span class='ocrx_word' id='word_1_304' title='bbox 3222 1398 3312 1450; x_wconf 80' lang='lat' dir='ltr'><strong>vix</strong></span> <span class='ocrx_word' id='word_1_305' title='bbox 3365 1396 3557 1452; x_wconf 87' lang='lat' dir='ltr'><strong>oculis.</strong></span> 
     </span>
    </p>
   </div>
   <div class='ocr_carea' id='block_1_44' title="bbox 1968 1487 3543 1561">
    <p class='ocr_par' dir='ltr' id='par_1_44' title="bbox 1968 1487 3543 1561">
     <span class='ocr_line' id='line_1_44' title="bbox 1968 1487 3543 1561; baseline -0.003 -18"><span class='ocrx_word' id='word_1_306' title='bbox 1968 1504 2080 1560; x_wconf 75' lang='lat' dir='ltr'><strong>pra:</strong></span> <span class='ocrx_word' id='word_1_307' title='bbox 2134 1489 2336 1561; x_wconf 81' lang='lat' dir='ltr'><strong>gaudio</strong></span> <span class='ocrx_word' id='word_1_308' title='bbox 2394 1489 2627 1544; x_wconf 88' lang='lat' dir='ltr'><strong>credens</strong></span> <span class='ocrx_word' id='word_1_309' title='bbox 2671 1487 3034 1555; x_wconf 88' lang='lat' dir='ltr'><strong>Baimundus,</strong></span> <span class='ocrx_word' id='word_1_310' title='bbox 3093 1497 3543 1558; x_wconf 83' lang='lat' dir='ltr'><strong>protostratorem</strong></span> 
     </span>
    </p>
   </div>
   <div class='ocr_carea' id='block_1_45' title="bbox 1967 1580 3546 1651">
    <p class='ocr_par' dir='ltr' id='par_1_45' title="bbox 1967 1580 3546 1651">
     <span class='ocr_line' id='line_1_45' title="bbox 1967 1580 3546 1651; baseline -0.004 -14"><span class='ocrx_word' id='word_1_311' title='bbox 1967 1597 2092 1637; x_wconf 93' lang='lat' dir='ltr'><strong>cum</strong></span> <span class='ocrx_word' id='word_1_312' title='bbox 2145 1582 2390 1637; x_wconf 79' lang='lat' dir='ltr'><strong>exercitu</strong></span> <span class='ocrx_word' id='word_1_313' title='bbox 2433 1582 2680 1637; x_wconf 90' lang='lat' dir='ltr'><strong>clausum</strong></span> <span class='ocrx_word' id='word_1_314' title='bbox 2740 1582 2885 1647; x_wconf 89' lang='lat' dir='ltr'><strong>loco,</strong></span> <span class='ocrx_word' id='word_1_315' title='bbox 2949 1582 3168 1651; x_wconf 86' lang='lat' dir='ltr'><strong>sibique</strong></span> <span class='ocrx_word' id='word_1_316' title='bbox 3211 1580 3546 1651; x_wconf 76' lang='lat' dir='ltr'><strong>expositum,</strong></span> 
     </span>
    </p>
   </div>
   <div class='ocr_carea' id='block_1_46' title="bbox 1970 1670 3546 1741">
    <p class='ocr_par' dir='ltr' id='par_1_46' title="bbox 1970 1670 3546 1741">
     <span class='ocr_line' id='line_1_46' title="bbox 1970 1670 3546 1741; baseline -0.003 -14"><span class='ocrx_word' id='word_1_317' title='bbox 1970 1678 2086 1727; x_wconf 87' lang='lat' dir='ltr'><strong>toto</strong></span> <span class='ocrx_word' id='word_1_318' title='bbox 2118 1672 2170 1725; x_wconf 90' lang='lat' dir='ltr'><strong>in</strong></span> <span class='ocrx_word' id='word_1_319' title='bbox 2200 1672 2483 1725; x_wconf 83' lang='lat' dir='ltr'><strong>Romanos</strong></span> <span class='ocrx_word' id='word_1_320' title='bbox 2527 1686 2628 1725; x_wconf 90' lang='lat' dir='ltr'><strong>suo</strong></span> <span class='ocrx_word' id='word_1_321' title='bbox 2678 1686 3018 1741; x_wconf 82' lang='lat' dir='ltr'><strong>suorumque</strong></span> <span class='ocrx_word' id='word_1_322' title='bbox 3068 1671 3235 1726; x_wconf 89' lang='lat' dir='ltr'><strong>simul</strong></span> <span class='ocrx_word' id='word_1_323' title='bbox 3295 1670 3546 1725; x_wconf 87' lang='lat' dir='ltr'><strong>incubuit</strong></span> 
     </span>
    </p>
   </div>
   <div class='ocr_carea' id='block_1_47' title="bbox 1968 1762 3545 1834">
    <p class='ocr_par' dir='ltr' id='par_1_47' title="bbox 1968 1762 3545 1834">
     <span class='ocr_line' id='line_1_47' title="bbox 1968 1762 3545 1834; baseline -0.001 -18"><span class='ocrx_word' id='word_1_324' title='bbox 1968 1765 2213 1834; x_wconf 89' lang='lat' dir='ltr'><strong>impetu;</strong></span> <span class='ocrx_word' id='word_1_325' title='bbox 2243 1773 2300 1817; x_wconf 88' lang='lat' dir='ltr'><strong>at</strong></span> <span class='ocrx_word' id='word_1_326' title='bbox 2336 1764 2418 1817; x_wconf 91' lang='lat' dir='ltr'><strong>illi</strong></span> <span class='ocrx_word' id='word_1_327' title='bbox 2445 1778 2555 1818; x_wconf 91' lang='lat' dir='ltr'><strong>non</strong></span> <span class='ocrx_word' id='word_1_328' title='bbox 2596 1762 2839 1817; x_wconf 83' lang='lat' dir='ltr'><strong>ferentes</strong></span> <span class='ocrx_word' id='word_1_329' title='bbox 2870 1770 3021 1833; x_wconf 87' lang='lat' dir='ltr'><strong>terga</strong></span> <span class='ocrx_word' id='word_1_330' title='bbox 3054 1772 3360 1817; x_wconf 87' lang='lat' dir='ltr'><strong>verterunt.</strong></span> <span class='ocrx_word' id='word_1_331' title='bbox 3400 1763 3545 1817; x_wconf 85' lang='lat' dir='ltr'><strong>Uzas</strong></span> 
     </span>
    </p>
   </div>
   <div class='ocr_carea' id='block_1_48' title="bbox 1971 1850 3545 1923">
    <p class='ocr_par' dir='ltr' id='par_1_48' title="bbox 1971 1850 3545 1923">
     <span class='ocr_line' id='line_1_48' title="bbox 1971 1850 3545 1923; baseline -0.003 -16"><span class='ocrx_word' id='word_1_332' title='bbox 1971 1862 2149 1909; x_wconf 88' lang='lat' dir='ltr'><strong>tamen</strong></span> <span class='ocrx_word' id='word_1_333' title='bbox 2180 1854 2603 1923; x_wconf 84' lang='lat' dir='ltr'><strong>appellationem</strong></span> <span class='ocrx_word' id='word_1_334' title='bbox 2642 1868 2669 1905; x_wconf 91' lang='lat' dir='ltr'><strong>a</strong></span> <span class='ocrx_word' id='word_1_335' title='bbox 2709 1866 2908 1921; x_wconf 81' lang='lat' dir='ltr'><strong>genere</strong></span> <span class='ocrx_word' id='word_1_336' title='bbox 2942 1853 3189 1916; x_wconf 90' lang='lat' dir='ltr'><strong>sortitus,</strong></span> <span class='ocrx_word' id='word_1_337' title='bbox 3219 1852 3301 1904; x_wconf 85' lang='lat' dir='ltr'><strong>vir</strong></span> <span class='ocrx_word' id='word_1_338' title='bbox 3327 1850 3545 1904; x_wconf 77' lang='lat' dir='ltr'><strong>fortitu-</strong></span> 
     </span>
    </p>
   </div>
   <div class='ocr_carea' id='block_1_49' title="bbox 1966 1943 3546 2015">
    <p class='ocr_par' dir='ltr' id='par_1_49' title="bbox 1966 1943 3546 2015">
     <span class='ocr_line' id='line_1_49' title="bbox 1966 1943 3546 2015; baseline -0.002 -17"><span class='ocrx_word' id='word_1_339' title='bbox 1966 1944 2113 2000; x_wconf 87' lang='lat' dir='ltr'><strong>dinis</strong></span> <span class='ocrx_word' id='word_1_340' title='bbox 2131 1945 2291 1999; x_wconf 82' lang='lat' dir='ltr'><strong>laude</strong></span> <span class='ocrx_word' id='word_1_341' title='bbox 2313 1944 2573 2015; x_wconf 87' lang='lat' dir='ltr'><strong>inclytus,</strong></span> <span class='ocrx_word' id='word_1_342' title='bbox 2601 1948 2667 1997; x_wconf 86' lang='lat' dir='ltr'><strong>Et</strong></span> <span class='ocrx_word' id='word_1_343' title='bbox 2692 1944 2928 2013; x_wconf 81' lang='lat' dir='ltr'><strong>clypeum</strong></span> <span class='ocrx_word' id='word_1_344' title='bbox 2959 1944 3247 2013; x_wconf 76' lang='lat' dir='ltr'><strong>dextraque</strong></span> <span class='ocrx_word' id='word_1_345' title='bbox 3266 1943 3433 1995; x_wconf 79' lang='lat' dir='ltr'><strong>sciens</strong></span> <span class='ocrx_word' id='word_1_346' title='bbox 3452 1943 3546 1995; x_wconf 75' lang='grc' dir='ltr'><strong>ιω-</strong></span> 
     </span>
    </p>
   </div>
   <div class='ocr_carea' id='block_1_50' title="bbox 1966 2032 3543 2107">
    <p class='ocr_par' dir='ltr' id='par_1_50' title="bbox 1966 2032 3543 2107">
     <span class='ocr_line' id='line_1_50' title="bbox 1966 2032 3543 2107; baseline -0.004 -16"><span class='ocrx_word' id='word_1_347' title='bbox 1966 2053 2129 2107; x_wconf 79' lang='lat' dir='ltr'><strong>vaque</strong></span> <span class='ocrx_word' id='word_1_348' title='bbox 2150 2034 2378 2103; x_wconf 81' lang='lat' dir='ltr'><strong>vibrare,</strong></span> <span class='ocrx_word' id='word_1_349' title='bbox 2407 2039 2535 2090; x_wconf 86' lang='lat' dir='ltr'><strong>item</strong></span> <span class='ocrx_word' id='word_1_350' title='bbox 2562 2043 2621 2089; x_wconf 89' lang='lat' dir='ltr'><strong>ut</strong></span> <span class='ocrx_word' id='word_1_351' title='bbox 2644 2033 2845 2090; x_wconf 84' lang='lat' dir='ltr'><strong>Hector</strong></span> <span class='ocrx_word' id='word_1_352' title='bbox 2866 2035 2958 2089; x_wconf 89' lang='lat' dir='ltr'><strong>ille</strong></span> <span class='ocrx_word' id='word_1_353' title='bbox 2979 2033 3388 2099; x_wconf 60' lang='lat' dir='ltr'><strong>IIomeric«us,in</strong></span> <span class='ocrx_word' id='word_1_354' title='bbox 3421 2032 3543 2101; x_wconf 91' lang='lat' dir='ltr'><strong>ipso</strong></span> 
     </span>
    </p>
   </div>
   <div class='ocr_carea' id='block_1_51' title="bbox 1966 2127 3541 2199">
    <p class='ocr_par' dir='ltr' id='par_1_51' title="bbox 1966 2127 3541 2199">
     <span class='ocr_line' id='line_1_51' title="bbox 1966 2127 3541 2199; baseline -0.001 -16"><span class='ocrx_word' id='word_1_355' title='bbox 1966 2128 2343 2199; x_wconf 82' lang='lat' dir='ltr'><strong>angustiarum</strong></span> <span class='ocrx_word' id='word_1_356' title='bbox 2371 2143 2600 2198; x_wconf 88' lang='lat' dir='ltr'><strong>egressu</strong></span> <span class='ocrx_word' id='word_1_357' title='bbox 2628 2142 2749 2181; x_wconf 89' lang='lat' dir='ltr'><strong>cum</strong></span> <span class='ocrx_word' id='word_1_358' title='bbox 2776 2143 2805 2180; x_wconf 87' lang='lat' dir='ltr'><strong>a</strong></span> <span class='ocrx_word' id='word_1_359' title='bbox 2827 2127 3057 2192; x_wconf 81' lang='lat' dir='ltr'><strong>dextris,</strong></span> <span class='ocrx_word' id='word_1_360' title='bbox 3092 2142 3204 2197; x_wconf 88' lang='lat' dir='ltr'><strong>quo</strong></span> <span class='ocrx_word' id='word_1_361' title='bbox 3235 2127 3376 2181; x_wconf 81' lang='lat' dir='ltr'><strong>forte</strong></span> <span class='ocrx_word' id='word_1_362' title='bbox 3406 2142 3541 2196; x_wconf 89' lang='lat' dir='ltr'><strong>pro-</strong></span> 
     </span>
    </p>
   </div>
   <div class='ocr_carea' id='block_1_52' title="bbox 1966 2219 3547 2289">
    <p class='ocr_par' dir='ltr' id='par_1_52' title="bbox 1966 2219 3547 2289">
     <span class='ocr_line' id='line_1_52' title="bbox 1966 2219 3547 2289; baseline 0 -15"><span class='ocrx_word' id='word_1_363' title='bbox 1966 2235 2071 2274; x_wconf 88' lang='lat' dir='ltr'><strong>nus</strong></span> <span class='ocrx_word' id='word_1_364' title='bbox 2109 2221 2584 2275; x_wconf 88' lang='lat' dir='ltr'><strong>eratcurrentium</strong></span> <span class='ocrx_word' id='word_1_365' title='bbox 2612 2221 2874 2289; x_wconf 88' lang='lat' dir='ltr'><strong>impetus,</strong></span> <span class='ocrx_word' id='word_1_366' title='bbox 2902 2219 3186 2288; x_wconf 89' lang='lat' dir='ltr'><strong>inopinato</strong></span> <span class='ocrx_word' id='word_1_367' title='bbox 3213 2221 3547 2277; x_wconf 83' lang='lat' dir='ltr'><strong>declinasset</strong></span> 
     </span>
    </p>
   </div>
   <div class='ocr_carea' id='block_1_53' title="bbox 1966 2308 3545 2381">
    <p class='ocr_par' dir='ltr' id='par_1_53' title="bbox 1966 2308 3545 2381">
     <span class='ocr_line' id='line_1_53' title="bbox 1966 2308 3545 2381; baseline 0 -16"><span class='ocrx_word' id='word_1_368' title='bbox 1966 2312 2279 2380; x_wconf 87' lang='lat' dir='ltr'><strong>paululum,</strong></span> <span class='ocrx_word' id='word_1_369' title='bbox 2315 2309 2370 2363; x_wconf 91' lang='lat' dir='ltr'><strong>in</strong></span> <span class='ocrx_word' id='word_1_370' title='bbox 2403 2308 2659 2363; x_wconf 88' lang='lat' dir='ltr'><strong>Latinum</strong></span> <span class='ocrx_word' id='word_1_371' title='bbox 2695 2310 2946 2380; x_wconf 74' lang='lat' dir='ltr'><strong>proxime</strong></span> <span class='ocrx_word' id='word_1_372' title='bbox 3004 2322 3323 2381; x_wconf 83' lang='lat' dir='ltr'><strong>sequentem</strong></span> <span class='ocrx_word' id='word_1_373' title='bbox 3359 2313 3545 2367; x_wconf 89' lang='lat' dir='ltr'><strong>insur-</strong></span> 
     </span>
    </p>
   </div>
   <div class='ocr_carea' id='block_1_54' title="bbox 1966 2403 3544 2473">
    <p class='ocr_par' dir='ltr' id='par_1_54' title="bbox 1966 2403 3544 2473">
     <span class='ocr_line' id='line_1_54' title="bbox 1966 2403 3544 2473; baseline 0.001 -16"><span class='ocrx_word' id='word_1_374' title='bbox 1966 2403 2109 2458; x_wconf 81' lang='lat' dir='ltr'><strong>rexit</strong></span> <span class='ocrx_word' id='word_1_375' title='bbox 2171 2413 2325 2457; x_wconf 89' lang='lat' dir='ltr'><strong>vasto</strong></span> <span class='ocrx_word' id='word_1_376' title='bbox 2384 2403 2517 2469; x_wconf 89' lang='lat' dir='ltr'><strong>ictu,</strong></span> <span class='ocrx_word' id='word_1_377' title='bbox 2558 2419 2621 2457; x_wconf 83' lang='lat' dir='ltr'><strong>ex</strong></span> <span class='ocrx_word' id='word_1_378' title='bbox 2679 2418 2789 2473; x_wconf 87' lang='lat' dir='ltr'><strong>quo</strong></span> <span class='ocrx_word' id='word_1_379' title='bbox 2845 2403 2936 2457; x_wconf 88' lang='lat' dir='ltr'><strong>ille</strong></span> <span class='ocrx_word' id='word_1_380' title='bbox 2995 2403 3049 2456; x_wconf 91' lang='lat' dir='ltr'><strong>in</strong></span> <span class='ocrx_word' id='word_1_381' title='bbox 3087 2415 3251 2472; x_wconf 89' lang='lat' dir='ltr'><strong>caput</strong></span> <span class='ocrx_word' id='word_1_382' title='bbox 3302 2419 3544 2473; x_wconf 66' lang='lat' dir='ltr'><strong>praeceps</strong></span> 
     </span>
    </p>
   </div>
   <div class='ocr_carea' id='block_1_55' title="bbox 1966 2493 3544 2552">
    <p class='ocr_par' dir='ltr' id='par_1_55' title="bbox 1966 2493 3544 2552">
     <span class='ocr_line' id='line_1_55' title="bbox 1966 2493 3544 2552; baseline -0.003 -1"><span class='ocrx_word' id='word_1_383' title='bbox 1966 2495 2154 2552; x_wconf 77' lang='lat' dir='ltr'><strong>statim</strong></span> <span class='ocrx_word' id='word_1_384' title='bbox 2184 2494 2419 2549; x_wconf 78' lang='lat' dir='ltr'><strong>amictus</strong></span> <span class='ocrx_word' id='word_1_385' title='bbox 2450 2495 2505 2549; x_wconf 88' lang='lat' dir='ltr'><strong>in</strong></span> <span class='ocrx_word' id='word_1_386' title='bbox 2540 2503 2741 2549; x_wconf 87' lang='lat' dir='ltr'><strong>terram</strong></span> <span class='ocrx_word' id='word_1_387' title='bbox 2778 2504 2883 2549; x_wconf 89' lang='lat' dir='ltr'><strong>est.</strong></span> <span class='ocrx_word' id='word_1_388' title='bbox 2915 2494 2983 2548; x_wconf 84' lang='lat' dir='ltr'><strong>At</strong></span> <span class='ocrx_word' id='word_1_389' title='bbox 3015 2493 3359 2548; x_wconf 90' lang='lat' dir='ltr'><strong>Baimuudus</strong></span> <span class='ocrx_word' id='word_1_390' title='bbox 3394 2496 3544 2548; x_wconf 82' lang='lat' dir='ltr'><strong>inse-</strong></span> 
     </span>
    </p>
   </div>
   <div class='ocr_carea' id='block_1_56' title="bbox 1968 2581 3542 2655">
    <p class='ocr_par' dir='ltr' id='par_1_56' title="bbox 1968 2581 3542 2655">
     <span class='ocr_line' id='line_1_56' title="bbox 1968 2581 3542 2655; baseline 0.001 -17"><span class='ocrx_word' id='word_1_391' title='bbox 1968 2592 2130 2639; x_wconf 89' lang='lat' dir='ltr'><strong>cutus</strong></span> <span class='ocrx_word' id='word_1_392' title='bbox 2173 2581 2452 2639; x_wconf 84' lang='lat' dir='ltr'><strong>Romanos</strong></span> <span class='ocrx_word' id='word_1_393' title='bbox 2491 2593 2573 2641; x_wconf 89' lang='lat' dir='ltr'><strong>est</strong></span> <span class='ocrx_word' id='word_1_394' title='bbox 2615 2600 2789 2655; x_wconf 85' lang='lat' dir='ltr'><strong>usque</strong></span> <span class='ocrx_word' id='word_1_395' title='bbox 2838 2585 2905 2639; x_wconf 91' lang='lat' dir='ltr'><strong>ad</strong></span> <span class='ocrx_word' id='word_1_396' title='bbox 2967 2584 3172 2638; x_wconf 69' lang='lat' dir='ltr'><strong>ﬂutnon</strong></span> <span class='ocrx_word' id='word_1_397' title='bbox 3208 2586 3542 2639; x_wconf 84' lang='lat' dir='ltr'><strong>Salabriam.</strong></span> 
     </span>
    </p>
   </div>
   <div class='ocr_carea' id='block_1_57' title="bbox 1968 2674 3545 2746">
    <p class='ocr_par' dir='ltr' id='par_1_57' title="bbox 1968 2674 3545 2746">
     <span class='ocr_line' id='line_1_57' title="bbox 1968 2674 3545 2746; baseline 0 -16"><span class='ocrx_word' id='word_1_398' title='bbox 1968 2675 2241 2730; x_wconf 66' lang='lat' dir='ltr'><strong>Caeterum</strong></span> <span class='ocrx_word' id='word_1_399' title='bbox 2272 2674 2435 2739; x_wconf 89' lang='lat' dir='ltr'><strong>idem,</strong></span> <span class='ocrx_word' id='word_1_400' title='bbox 2468 2676 2628 2746; x_wconf 90' lang='lat' dir='ltr'><strong>cujus</strong></span> <span class='ocrx_word' id='word_1_401' title='bbox 2672 2677 3048 2741; x_wconf 82' lang='lat' dir='ltr'><strong>meminimus,</strong></span> <span class='ocrx_word' id='word_1_402' title='bbox 3086 2675 3231 2731; x_wconf 79' lang='lat' dir='ltr'><strong>Uzas</strong></span> <span class='ocrx_word' id='word_1_403' title='bbox 3265 2677 3410 2731; x_wconf 81' lang='lat' dir='ltr'><strong>inter</strong></span> <span class='ocrx_word' id='word_1_404' title='bbox 3462 2675 3545 2730; x_wconf 83' lang='lat' dir='ltr'><strong>Iu-</strong></span> 
     </span>
    </p>
   </div>
   <div class='ocr_carea' id='block_1_58' title="bbox 1967 2767 3542 2840">
    <p class='ocr_par' dir='ltr' id='par_1_58' title="bbox 1967 2767 3542 2840">
     <span class='ocr_line' id='line_1_58' title="bbox 1967 2767 3542 2840; baseline 0.001 -19"><span class='ocrx_word' id='word_1_405' title='bbox 1967 2768 2223 2840; x_wconf 87' lang='lat' dir='ltr'><strong>giendum</strong></span> <span class='ocrx_word' id='word_1_406' title='bbox 2288 2767 2608 2834; x_wconf 72' lang='lat' dir='ltr'><strong>signiferum</strong></span> <span class='ocrx_word' id='word_1_407' title='bbox 2672 2767 2961 2823; x_wconf 86' lang='lat' dir='ltr'><strong>Baimuttdi</strong></span> <span class='ocrx_word' id='word_1_408' title='bbox 3031 2769 3187 2823; x_wconf 88' lang='lat' dir='ltr'><strong>hasta</strong></span> <span class='ocrx_word' id='word_1_409' title='bbox 3248 2771 3542 2838; x_wconf 80' lang='lat' dir='ltr'><strong>percussit,</strong></span> 
     </span>
    </p>
   </div>
   <div class='ocr_carea' id='block_1_59' title="bbox 1968 2859 3542 2932">
    <p class='ocr_par' dir='ltr' id='par_1_59' title="bbox 1968 2859 3542 2932">
     <span class='ocr_line' id='line_1_59' title="bbox 1968 2859 3542 2932; baseline -0.001 -18"><span class='ocrx_word' id='word_1_410' title='bbox 1968 2862 2293 2932; x_wconf 80' lang='lat' dir='ltr'><strong>signumque</strong></span> <span class='ocrx_word' id='word_1_411' title='bbox 2354 2861 2456 2929; x_wconf 85' lang='lat' dir='ltr'><strong>ipsi</strong></span> <span class='ocrx_word' id='word_1_412' title='bbox 2528 2859 2594 2913; x_wconf 90' lang='lat' dir='ltr'><strong>de</strong></span> <span class='ocrx_word' id='word_1_413' title='bbox 2661 2860 2919 2913; x_wconf 88' lang='lat' dir='ltr'><strong>manibus</strong></span> <span class='ocrx_word' id='word_1_414' title='bbox 2985 2867 3262 2914; x_wconf 58' lang='lat' dir='ltr'><strong>extortum</strong></span> <span class='ocrx_word' id='word_1_415' title='bbox 3300 2860 3542 2913; x_wconf 89' lang='lat' dir='ltr'><strong>circum-</strong></span> 
     </span>
    </p>
   </div>
   <div class='ocr_carea' id='block_1_60' title="bbox 1968 2946 3545 3023">
    <p class='ocr_par' dir='ltr' id='par_1_60' title="bbox 1968 2946 3545 3023">
     <span class='ocr_line' id='line_1_60' title="bbox 1968 2946 3545 3023; baseline -0.004 -13"><span class='ocrx_word' id='word_1_416' title='bbox 1968 2956 2125 3010; x_wconf 76' lang='lat' dir='ltr'><strong>duxit</strong></span> <span class='ocrx_word' id='word_1_417' title='bbox 2157 2954 2547 3023; x_wconf 83' lang='lat' dir='ltr'><strong>inclinavitque</strong></span> <span class='ocrx_word' id='word_1_418' title='bbox 2581 2960 2785 3007; x_wconf 90' lang='lat' dir='ltr'><strong>terram</strong></span> <span class='ocrx_word' id='word_1_419' title='bbox 2825 2968 3040 3007; x_wconf 85' lang='lat' dir='ltr'><strong>versus.</strong></span> <span class='ocrx_word' id='word_1_420' title='bbox 3068 2946 3343 3006; x_wconf 78' lang='lat' dir='ltr'><strong>Turbavtt</strong></span> <span class='ocrx_word' id='word_1_421' title='bbox 3369 2966 3429 3005; x_wconf 90' lang='lat' dir='ltr'><strong>ea</strong></span> <span class='ocrx_word' id='word_1_422' title='bbox 3456 2965 3545 3004; x_wconf 90' lang='lat' dir='ltr'><strong>res</strong></span> 
     </span>
    </p>
   </div>
   <div class='ocr_carea' id='block_1_61' title="bbox 1968 3042 3545 3113">
    <p class='ocr_par' dir='ltr' id='par_1_61' title="bbox 1968 3042 3545 3113">
     <span class='ocr_line' id='line_1_61' title="bbox 1968 3042 3545 3113; baseline -0.002 -15"><span class='ocrx_word' id='word_1_423' title='bbox 1968 3042 2214 3107; x_wconf 78' lang='lat' dir='ltr'><strong>Latinos,</strong></span> <span class='ocrx_word' id='word_1_424' title='bbox 2249 3045 2447 3113; x_wconf 88' lang='lat' dir='ltr'><strong>quibus</strong></span> <span class='ocrx_word' id='word_1_425' title='bbox 2474 3043 2732 3097; x_wconf 80' lang='lat' dir='ltr'><strong>vexillum</strong></span> <span class='ocrx_word' id='word_1_426' title='bbox 2769 3044 3049 3111; x_wconf 83' lang='lat' dir='ltr'><strong>peculiare</strong></span> <span class='ocrx_word' id='word_1_427' title='bbox 3084 3042 3283 3095; x_wconf 85' lang='lat' dir='ltr'><strong>summi</strong></span> <span class='ocrx_word' id='word_1_428' title='bbox 3320 3042 3476 3096; x_wconf 83' lang='lat' dir='ltr'><strong>duris</strong></span> <span class='ocrx_word' id='word_1_429' title='bbox 3514 3056 3545 3095; x_wconf 88' lang='lat' dir='ltr'><strong>e</strong></span> 
     </span>
    </p>
   </div>
   <div class='ocr_carea' id='block_1_62' title="bbox 278 3135 1862 3210">
    <p class='ocr_par' dir='ltr' id='par_1_62' title="bbox 278 3136 1862 3208">
     <span class='ocr_line' id='line_1_62' title="bbox 278 3136 1862 3208; baseline 0 -18"><span class='ocrx_word' id='word_1_430' title='bbox 278 3137 493 3208; x_wconf 68' lang='grc' dir='ltr'>ἔχοντος</span> <span class='ocrx_word' id='word_1_431' title='bbox 528 3136 825 3190; x_wconf 79' lang='grc' dir='ltr'>ἀποδοῦναι</span> <span class='ocrx_word' id='word_1_432' title='bbox 882 3137 1287 3207; x_wconf 83' lang='grc' dir='ltr'>παραπείσουσι</span> <span class='ocrx_word' id='word_1_433' title='bbox 1337 3137 1527 3190; x_wconf 78' lang='grc' dir='ltr'>τοῦτον</span> <span class='ocrx_word' id='word_1_434' title='bbox 1580 3136 1862 3191; x_wconf 80' lang='grc' dir='ltr'>κατελθεῖν</span> 
     </span>
    </p>
   </div>
   <div class='ocr_carea' id='block_1_63' title="bbox 1967 3135 3545 3210">
    <p class='ocr_par' dir='ltr' id='par_1_63' title="bbox 1969 3135 3545 3205">
     <span class='ocr_line' id='line_1_63' title="bbox 1969 3135 3545 3205; baseline -0.003 -14"><span class='ocrx_word' id='word_1_435' title='bbox 1969 3147 2121 3193; x_wconf 86' lang='lat' dir='ltr'><strong>recto</strong></span> <span class='ocrx_word' id='word_1_436' title='bbox 2157 3138 2479 3191; x_wconf 87' lang='lat' dir='ltr'><strong>inclinatum</strong></span> <span class='ocrx_word' id='word_1_437' title='bbox 2508 3135 2798 3189; x_wconf 81' lang='lat' dir='ltr'><strong>infortunii</strong></span> <span class='ocrx_word' id='word_1_438' title='bbox 2840 3136 2941 3205; x_wconf 89' lang='lat' dir='ltr'><strong>ipsi</strong></span> <span class='ocrx_word' id='word_1_439' title='bbox 2978 3135 3149 3188; x_wconf 91' lang='lat' dir='ltr'><strong>oblati</strong></span> <span class='ocrx_word' id='word_1_440' title='bbox 3174 3135 3389 3203; x_wconf 82' lang='lat' dir='ltr'><strong>signum</strong></span> <span class='ocrx_word' id='word_1_441' title='bbox 3420 3149 3545 3187; x_wconf 86' lang='lat' dir='ltr'><strong>esse</strong></span> 
     </span>
    </p>
   </div>
   <div class='ocr_carea' id='block_1_64' title="bbox 280 3227 1860 3300">
    <p class='ocr_par' dir='ltr' id='par_1_64' title="bbox 280 3227 1860 3300">
     <span class='ocr_line' id='line_1_64' title="bbox 280 3227 1860 3300; baseline 0.002 -19"><span class='ocrx_word' id='word_1_442' title='bbox 280 3232 359 3292; x_wconf 82' lang='grc' dir='ltr'><strong>εις</strong></span> <span class='ocrx_word' id='word_1_443' title='bbox 387 3230 487 3300; x_wconf 80' lang='grc' dir='ltr'><strong>τὴν</strong></span> <span class='ocrx_word' id='word_1_444' title='bbox 530 3228 832 3293; x_wconf 88' lang='grc' dir='ltr'>θαλασσαν,</span> <span class='ocrx_word' id='word_1_445' title='bbox 875 3231 972 3283; x_wconf 71' lang='grc' dir='ltr'><strong>καὶ</strong></span> <span class='ocrx_word' id='word_1_446' title='bbox 1003 3227 1349 3299; x_wconf 78' lang='grc' dir='ltr'>ἀναζητῆσαι</span> <span class='ocrx_word' id='word_1_447' title='bbox 1391 3230 1569 3284; x_wconf 82' lang='grc' dir='ltr'>ταῦτα</span> <span class='ocrx_word' id='word_1_448' title='bbox 1612 3231 1723 3283; x_wconf 87' lang='grc' dir='ltr'><strong>ἀπὸ</strong></span> <span class='ocrx_word' id='word_1_449' title='bbox 1764 3230 1860 3284; x_wconf 81' lang='grc' dir='ltr'><strong>τοῦ</strong></span> 
     </span>
    </p>
   </div>
   <div class='ocr_carea' id='block_1_65' title="bbox 283 3321 1855 3393">
    <p class='ocr_par' dir='ltr' id='par_1_65' title="bbox 283 3321 1855 3393">
     <span class='ocr_line' id='line_1_65' title="bbox 283 3321 1855 3393; baseline 0.001 -18"><span class='ocrx_word' id='word_1_450' title='bbox 283 3323 412 3376; x_wconf 73' lang='grc' dir='ltr'>ἰδίου</span> <span class='ocrx_word' id='word_1_451' title='bbox 450 3322 663 3392; x_wconf 66' lang='grc' dir='ltr'>πατρὸς</span> <span class='ocrx_word' id='word_1_452' title='bbox 708 3321 1052 3393; x_wconf 80' lang='grc' dir='ltr'>Ῥομπέρτου</span> <span class='ocrx_word' id='word_1_453' title='bbox 1088 3322 1184 3375; x_wconf 80' lang='grc' dir='ltr'>καὶ</span> <span class='ocrx_word' id='word_1_454' title='bbox 1224 3322 1390 3377; x_wconf 82' lang='grc' dir='ltr'>αὐτὸν</span> <span class='ocrx_word' id='word_1_455' title='bbox 1414 3324 1626 3378; x_wconf 80' lang='grc' dir='ltr'>ἐκεῖνον</span> <span class='ocrx_word' id='word_1_456' title='bbox 1659 3324 1855 3377; x_wconf 82' lang='grc' dir='ltr'>διαπε-</span> 
     </span>
    </p>
   </div>
   <div class='ocr_carea' id='block_1_66' title="bbox 280 3414 1862 3487">
    <p class='ocr_par' dir='ltr' id='par_1_66' title="bbox 280 3414 1862 3487">
     <span class='ocr_line' id='line_1_66' title="bbox 280 3414 1862 3487; baseline 0.002 -19"><span class='ocrx_word' id='word_1_457' title='bbox 280 3417 440 3487; x_wconf 85' lang='grc' dir='ltr'>ρὰσαι</span> <span class='ocrx_word' id='word_1_458' title='bbox 487 3416 619 3478; x_wconf 80' lang='grc' dir='ltr'>τοὺς</span> <span class='ocrx_word' id='word_1_459' title='bbox 661 3414 843 3466; x_wconf 70' lang='grc' dir='ltr'>αὐτῶν</span> <span class='ocrx_word' id='word_1_460' title='bbox 882 3414 1112 3484; x_wconf 83' lang='grc' dir='ltr'>μισθοὺς</span> <span class='ocrx_word' id='word_1_461' title='bbox 1156 3414 1608 3486; x_wconf 83' lang='grc' dir='ltr'>ὲξαιτησόμενον.</span> <span class='ocrx_word' id='word_1_462' title='bbox 1663 3417 1773 3470; x_wconf 69' lang='grc' dir='ltr'>Καὶ</span> <span class='ocrx_word' id='word_1_463' title='bbox 1813 3419 1862 3471; x_wconf 88' lang='grc' dir='ltr'><strong>εί</strong></span> 
     </span>
    </p>
   </div>
   <div class='ocr_carea' id='block_1_67' title="bbox 274 3506 1864 3579">
    <p class='ocr_par' dir='ltr' id='par_1_67' title="bbox 274 3506 1864 3579">
     <span class='ocr_line' id='line_1_67' title="bbox 274 3506 1864 3579; baseline 0.001 -20"><span class='ocrx_word' id='word_1_464' title='bbox 274 3506 439 3559; x_wconf 75' lang='grc' dir='ltr'>τοῦτο</span> <span class='ocrx_word' id='word_1_465' title='bbox 490 3506 778 3568; x_wconf 88' lang='grc' dir='ltr'>ἀνύσαιεν,</span> <span class='ocrx_word' id='word_1_466' title='bbox 812 3506 1025 3569; x_wconf 82' lang='grc' dir='ltr'>πάντας</span> <span class='ocrx_word' id='word_1_467' title='bbox 1068 3509 1237 3578; x_wconf 79' lang='grc' dir='ltr'>τιμῆς</span> <span class='ocrx_word' id='word_1_468' title='bbox 1266 3508 1362 3561; x_wconf 82' lang='grc' dir='ltr'>καὶ</span> <span class='ocrx_word' id='word_1_469' title='bbox 1395 3508 1729 3578; x_wconf 78' lang='grc' dir='ltr'>εὐεργεσιῶν</span> <span class='ocrx_word' id='word_1_470' title='bbox 1763 3524 1864 3579; x_wconf 82' lang='grc' dir='ltr'><strong>μυ-</strong></span> 
     </span>
    </p>
   </div>
   <div class='ocr_carea' id='block_1_68' title="bbox 279 3596 1862 3672">
    <p class='ocr_par' dir='ltr' id='par_1_68' title="bbox 279 3596 1862 3672">
     <span class='ocr_line' id='line_1_68' title="bbox 279 3596 1862 3672; baseline 0.004 -26"><span class='ocrx_word' id='word_1_471' title='bbox 279 3597 411 3667; x_wconf 83' lang='grc' dir='ltr'>ρίων</span> <span class='ocrx_word' id='word_1_472' title='bbox 438 3596 851 3651; x_wconf 80' lang='grc' dir='ltr'>ὲπαπολαῦσαι.</span> <span class='ocrx_word' id='word_1_473' title='bbox 886 3597 997 3650; x_wconf 77' lang='grc' dir='ltr'>Καὶ</span> <span class='ocrx_word' id='word_1_474' title='bbox 1027 3598 1143 3650; x_wconf 85' lang='grc' dir='ltr'>ὅσοι</span> <span class='ocrx_word' id='word_1_475' title='bbox 1178 3598 1277 3669; x_wconf 86' lang='grc' dir='ltr'>μὲν</span> <span class='ocrx_word' id='word_1_476' title='bbox 1308 3598 1515 3652; x_wconf 88' lang='grc' dir='ltr'>τούτων</span> <span class='ocrx_word' id='word_1_477' title='bbox 1552 3600 1648 3651; x_wconf 76' lang='grc' dir='ltr'>ἐπὶ</span> <span class='ocrx_word' id='word_1_478' title='bbox 1683 3598 1862 3672; x_wconf 81' lang='grc' dir='ltr'>μισθῷ</span> 
     </span>
    </p>
   </div>
   <div class='ocr_carea' id='block_1_69' title="bbox 272 3686 1860 3760">
    <p class='ocr_par' dir='ltr' id='par_1_69' title="bbox 272 3686 1860 3760">
     <span class='ocr_line' id='line_1_69' title="bbox 272 3686 1860 3760; baseline 0.003 -19"><span class='ocrx_word' id='word_1_479' title='bbox 272 3687 567 3742; x_wconf 79' lang='grc' dir='ltr'>δουλεῦσαι</span> <span class='ocrx_word' id='word_1_480' title='bbox 644 3686 960 3757; x_wconf 83' lang='grc' dir='ltr'>θελήσουσι,</span> <span class='ocrx_word' id='word_1_481' title='bbox 1031 3689 1557 3760; x_wconf 79' lang='grc' dir='ltr'>προσλαμϐάνεσθαι</span> <span class='ocrx_word' id='word_1_482' title='bbox 1613 3690 1860 3759; x_wconf 86' lang='grc' dir='ltr'>τούτους,</span> 
     </span>
    </p>
   </div>
   <div class='ocr_carea' id='block_1_70' title="bbox 274 3782 1864 3853">
    <p class='ocr_par' dir='ltr' id='par_1_70' title="bbox 274 3782 1864 3853">
     <span class='ocr_line' id='line_1_70' title="bbox 274 3782 1864 3853; baseline 0.002 -19"><span class='ocrx_word' id='word_1_483' title='bbox 274 3782 374 3834; x_wconf 81' lang='grc' dir='ltr'>καὶ</span> <span class='ocrx_word' id='word_1_484' title='bbox 423 3782 762 3853; x_wconf 78' lang='grc' dir='ltr'>ἀποχρῶντα</span> <span class='ocrx_word' id='word_1_485' title='bbox 814 3782 905 3835; x_wconf 83' lang='grc' dir='ltr'>τὸν</span> <span class='ocrx_word' id='word_1_486' title='bbox 961 3782 1154 3852; x_wconf 69' lang='grc' dir='ltr'>μισθὸν</span> <span class='ocrx_word' id='word_1_487' title='bbox 1208 3782 1528 3847; x_wconf 77' lang='grc' dir='ltr'>ἀποδοῦναι,</span> <span class='ocrx_word' id='word_1_488' title='bbox 1588 3782 1731 3836; x_wconf 87' lang='grc' dir='ltr'>κατὰ</span> <span class='ocrx_word' id='word_1_489' title='bbox 1792 3782 1864 3837; x_wconf 79' lang='grc' dir='ltr'><strong>τὰ</strong></span> 
     </span>
    </p>
   </div>
   <div class='ocr_carea' id='block_1_71' title="bbox 276 3874 1864 3947">
    <p class='ocr_par' dir='ltr' id='par_1_71' title="bbox 276 3874 1864 3947">
     <span class='ocr_line' id='line_1_71' title="bbox 276 3874 1864 3947; baseline 0.002 -20"><span class='ocrx_word' id='word_1_490' title='bbox 276 3874 565 3947; x_wconf 71' lang='grc' dir='ltr'>θελήματα</span> <span class='ocrx_word' id='word_1_491' title='bbox 612 3876 820 3941; x_wconf 85' lang='grc' dir='ltr'>αὐτῶν,</span> <span class='ocrx_word' id='word_1_492' title='bbox 852 3878 979 3940; x_wconf 77' lang='grc' dir='ltr'>τοὺς</span> <span class='ocrx_word' id='word_1_493' title='bbox 1007 3876 1053 3929; x_wconf 81' lang='grc' dir='ltr'>δ’</span> <span class='ocrx_word' id='word_1_494' title='bbox 1093 3876 1163 3929; x_wconf 80' lang='grc' dir='ltr'>αὖ</span> <span class='ocrx_word' id='word_1_495' title='bbox 1202 3878 1284 3939; x_wconf 90' lang='grc' dir='ltr'><strong>είς</strong></span> <span class='ocrx_word' id='word_1_496' title='bbox 1317 3878 1416 3940; x_wconf 74' lang='grc' dir='ltr'>τὰς</span> <span class='ocrx_word' id='word_1_497' title='bbox 1462 3876 1642 3938; x_wconf 74' lang='grc' dir='ltr'>οἰκίας</span> <span class='ocrx_word' id='word_1_498' title='bbox 1682 3876 1864 3930; x_wconf 84' lang='grc' dir='ltr'>αὐτῶν</span> 
     </span>
    </p>
   </div>
   <div class='ocr_carea' id='block_1_72' title="bbox 277 3967 1864 4039">
    <p class='ocr_par' dir='ltr' id='par_1_72' title="bbox 277 3967 1864 4039">
     <span class='ocr_line' id='line_1_72' title="bbox 277 3967 1864 4039; baseline 0 -19"><span class='ocrx_word' id='word_1_499' title='bbox 277 3968 653 4039; x_wconf 83' lang='grc' dir='ltr'>βουλομένους</span> <span class='ocrx_word' id='word_1_500' title='bbox 705 3968 964 4022; x_wconf 82' lang='grc' dir='ltr'>ἀπελθεῖν</span> <span class='ocrx_word' id='word_1_501' title='bbox 1006 3967 1305 4029; x_wconf 87' lang='grc' dir='ltr'>ἀκινδύνως</span> <span class='ocrx_word' id='word_1_502' title='bbox 1337 3967 1378 3998; x_wconf 80' lang='grc'><strong>¹⁷</strong></span> <span class='ocrx_word' id='word_1_503' title='bbox 1419 3967 1739 4020; x_wconf 84' lang='grc' dir='ltr'>διαϐιϐάσαι</span> <span class='ocrx_word' id='word_1_504' title='bbox 1774 3968 1864 4021; x_wconf 79' lang='grc' dir='ltr'><strong>διὰ</strong></span> 
     </span>
    </p>
   </div>
   <div class='ocr_carea' id='block_1_73' title="bbox 272 4056 1865 4131">
    <p class='ocr_par' dir='ltr' id='par_1_73' title="bbox 272 4056 1865 4131">
     <span class='ocr_line' id='line_1_73' title="bbox 272 4056 1865 4131; baseline -0.001 -18"><span class='ocrx_word' id='word_1_505' title='bbox 272 4064 373 4131; x_wconf 73' lang='grc' dir='ltr'>τῆς</span> <span class='ocrx_word' id='word_1_506' title='bbox 428 4060 743 4130; x_wconf 86' lang='grc' dir='ltr'>Ούγγρίας.</span> <span class='ocrx_word' id='word_1_507' title='bbox 792 4060 1146 4127; x_wconf 79' lang='grc' dir='ltr'>’Υπείξαντες</span> <span class='ocrx_word' id='word_1_508' title='bbox 1192 4056 1286 4113; x_wconf 80' lang='grc' dir='ltr'>οὗν</span> <span class='ocrx_word' id='word_1_509' title='bbox 1323 4060 1399 4130; x_wconf 85' lang='grc' dir='ltr'>τῷ</span> <span class='ocrx_word' id='word_1_510' title='bbox 1455 4059 1549 4112; x_wconf 83' lang='grc' dir='ltr'><strong>τοῦ</strong></span> <span class='ocrx_word' id='word_1_511' title='bbox 1597 4059 1865 4129; x_wconf 82' lang='grc' dir='ltr'>βασιλέως</span> 
     </span>
    </p>
   </div>
   <div class='ocr_carea' id='block_1_74' title="bbox 274 4152 1865 4224">
    <p class='ocr_par' dir='ltr' id='par_1_74' title="bbox 274 4152 1865 4224">
     <span class='ocr_line' id='line_1_74' title="bbox 274 4152 1865 4224; baseline 0.001 -19"><span class='ocrx_word' id='word_1_512' title='bbox 274 4156 674 4223; x_wconf 81' lang='grc' dir='ltr'>προστάγματι</span> <span class='ocrx_word' id='word_1_513' title='bbox 699 4155 748 4206; x_wconf 79' lang='lat' dir='ltr'><strong>oi</strong></span> <span class='ocrx_word' id='word_1_514' title='bbox 783 4154 1045 4224; x_wconf 85' lang='grc' dir='ltr'>κόμητες,</span> <span class='ocrx_word' id='word_1_515' title='bbox 1082 4155 1207 4216; x_wconf 81' lang='grc' dir='ltr'>τοὺς</span> <span class='ocrx_word' id='word_1_516' title='bbox 1242 4154 1350 4207; x_wconf 83' lang='grc' dir='ltr'>τῶν</span> <span class='ocrx_word' id='word_1_517' title='bbox 1386 4152 1865 4223; x_wconf 85' lang='grc' dir='ltr'>παραδραμόντων</span> 
     </span>
    </p>
   </div>
   <div class='ocr_carea' id='block_1_75' title="bbox 274 4245 1863 4318">
    <p class='ocr_par' dir='ltr' id='par_1_75' title="bbox 274 4245 1863 4318">
     <span class='ocr_line' id='line_1_75' title="bbox 274 4245 1863 4318; baseline 0.001 -21"><span class='ocrx_word' id='word_1_518' title='bbox 274 4247 562 4318; x_wconf 80' lang='grc' dir='ltr'>τεσσάρων</span> <span class='ocrx_word' id='word_1_519' title='bbox 612 4246 881 4299; x_wconf 79' lang='grc' dir='ltr'>ἐνιαυτῶν</span> <span class='ocrx_word' id='word_1_520' title='bbox 932 4248 1163 4316; x_wconf 81' lang='grc' dir='ltr'>μισθοὺς</span> <span class='ocrx_word' id='word_1_521' title='bbox 1202 4246 1546 4315; x_wconf 86' lang='grc' dir='ltr'>ἀσυμπαθῶς</span> <span class='ocrx_word' id='word_1_522' title='bbox 1597 4245 1863 4317; x_wconf 76' lang='grc' dir='ltr'><strong>ἀπῄτουν.</strong></span> 
     </span>
    </p>
   </div>
   <div class='ocr_carea' id='block_1_76' title="bbox 284 4337 1863 4409">
    <p class='ocr_par' dir='ltr' id='par_1_76' title="bbox 284 4337 1863 4409">
     <span class='ocr_line' id='line_1_76' title="bbox 284 4337 1863 4409; baseline 0 -19"><span class='ocrx_word' id='word_1_523' title='bbox 284 4337 346 4390; x_wconf 89' lang='grc' dir='ltr'>Ὅ</span> <span class='ocrx_word' id='word_1_524' title='bbox 367 4338 425 4393; x_wconf 76' lang='grc' dir='ltr'>δὲ</span> <span class='ocrx_word' id='word_1_525' title='bbox 450 4340 530 4409; x_wconf 84' lang='grc' dir='ltr'>μὴ</span> <span class='ocrx_word' id='word_1_526' title='bbox 565 4338 707 4407; x_wconf 70' lang='grc' dir='ltr'>ἔχων</span> <span class='ocrx_word' id='word_1_527' title='bbox 734 4338 1061 4404; x_wconf 82' lang='grc' dir='ltr'>ἀποδοῦναι,</span> <span class='ocrx_word' id='word_1_528' title='bbox 1102 4338 1429 4392; x_wconf 84' lang='grc' dir='ltr'>ἀνεϐάλλετο</span> <span class='ocrx_word' id='word_1_529' title='bbox 1476 4339 1639 4401; x_wconf 82' lang='grc' dir='ltr'>τέως.</span> <span class='ocrx_word' id='word_1_530' title='bbox 1684 4339 1773 4399; x_wconf 86' lang='grc' dir='ltr'><strong>Ὠς</strong></span> <span class='ocrx_word' id='word_1_531' title='bbox 1806 4337 1863 4390; x_wconf 82' lang='grc' dir='ltr'>δὲ</span> 
     </span>
    </p>
   </div>
   <div class='ocr_carea' id='block_1_77' title="bbox 274 4429 1863 4501">
    <p class='ocr_par' dir='ltr' id='par_1_77' title="bbox 274 4429 1863 4501">
     <span class='ocr_line' id='line_1_77' title="bbox 274 4429 1863 4501; baseline 0.001 -20"><span class='ocrx_word' id='word_1_532' title='bbox 274 4430 557 4484; x_wconf 75' lang='grc' dir='ltr'>ἐνέκειντο</span> <span class='ocrx_word' id='word_1_533' title='bbox 590 4429 794 4499; x_wconf 74' lang='grc' dir='ltr'>εὔλογα</span> <span class='ocrx_word' id='word_1_534' title='bbox 829 4432 1133 4494; x_wconf 76' lang='grc' dir='ltr'>αἰτοῦντες,</span> <span class='ocrx_word' id='word_1_535' title='bbox 1172 4432 1249 4501; x_wconf 85' lang='grc' dir='ltr'>μὴ</span> <span class='ocrx_word' id='word_1_536' title='bbox 1290 4431 1431 4501; x_wconf 78' lang='grc' dir='ltr'>ἔχων</span> <span class='ocrx_word' id='word_1_537' title='bbox 1462 4432 1489 4485; x_wconf 84' lang='grc' dir='ltr'>ὃ</span> <span class='ocrx_word' id='word_1_538' title='bbox 1521 4448 1572 4483; x_wconf 92' lang='grc' dir='ltr'><strong>τι</strong></span> <span class='ocrx_word' id='word_1_539' title='bbox 1607 4430 1702 4483; x_wconf 74' lang='grc' dir='ltr'>καὶ</span> <span class='ocrx_word' id='word_1_540' title='bbox 1733 4430 1863 4500; x_wconf 80' lang='grc' dir='ltr'>δρά-</span> 
     </span>
    </p>
   </div>
   <div class='ocr_carea' id='block_1_78' title="bbox 276 4521 1862 4594">
    <p class='ocr_par' dir='ltr' id='par_1_78' title="bbox 276 4521 1862 4594">
     <span class='ocr_line' id='line_1_78' title="bbox 276 4521 1862 4594; baseline 0.001 -21"><span class='ocrx_word' id='word_1_541' title='bbox 276 4538 414 4590; x_wconf 88' lang='grc' dir='ltr'>σειε,</span> <span class='ocrx_word' id='word_1_542' title='bbox 450 4525 551 4577; x_wconf 77' lang='grc' dir='ltr'>τὸν</span> <span class='ocrx_word' id='word_1_543' title='bbox 599 4524 703 4593; x_wconf 84' lang='grc' dir='ltr'>μὲν</span> <span class='ocrx_word' id='word_1_544' title='bbox 736 4524 1026 4594; x_wconf 86' lang='grc' dir='ltr'>Βρυέννιον</span> <span class='ocrx_word' id='word_1_545' title='bbox 1074 4521 1247 4575; x_wconf 77' lang='grc' dir='ltr'>αὐτοῦ</span> <span class='ocrx_word' id='word_1_546' title='bbox 1282 4541 1383 4576; x_wconf 91' lang='grc' dir='ltr'><strong>που</strong></span> <span class='ocrx_word' id='word_1_547' title='bbox 1433 4524 1733 4592; x_wconf 76' lang='grc' dir='ltr'>φυλάσσειν</span> <span class='ocrx_word' id='word_1_548' title='bbox 1762 4523 1862 4592; x_wconf 80' lang='grc' dir='ltr'>τὴν</span> 
     </span>
    </p>
   </div>
   <div class='ocr_carea' id='block_1_79' title="bbox 274 4615 1863 4685">
    <p class='ocr_par' dir='ltr' id='par_1_79' title="bbox 274 4615 1863 4685">
     <span class='ocr_line' id='line_1_79' title="bbox 274 4615 1863 4685; baseline -0.002 -16"><span class='ocrx_word' id='word_1_549' title='bbox 274 4615 595 4685; x_wconf 71' lang='grc' dir='ltr'>Καστορίαν</span> <span class='ocrx_word' id='word_1_550' title='bbox 621 4616 907 4680; x_wconf 86' lang='grc' dir='ltr'>κατέλιπε,</span> <span class='ocrx_word' id='word_1_551' title='bbox 954 4615 1049 4668; x_wconf 75' lang='grc' dir='ltr'>καὶ</span> <span class='ocrx_word' id='word_1_552' title='bbox 1078 4616 1169 4668; x_wconf 77' lang='grc' dir='ltr'>τὸν</span> <span class='ocrx_word' id='word_1_553' title='bbox 1199 4616 1324 4677; x_wconf 73' lang='grc' dir='ltr'>τοὺς</span> <span class='ocrx_word' id='word_1_554' title='bbox 1359 4615 1626 4678; x_wconf 80' lang='grc' dir='ltr'>Πολόϐους</span> <span class='ocrx_word' id='word_1_555' title='bbox 1657 4615 1863 4683; x_wconf 82' lang='grc' dir='ltr'>φυλάσ-</span> 
     </span>
    </p>
   </div>
   <div class='ocr_carea' id='block_1_80' title="bbox 273 4704 1863 4778">
    <p class='ocr_par' dir='ltr' id='par_1_80' title="bbox 273 4704 1863 4778">
     <span class='ocr_line' id='line_1_80' title="bbox 273 4704 1863 4778; baseline -0.001 -20"><span class='ocrx_word' id='word_1_556' title='bbox 273 4722 438 4761; x_wconf 85' lang='grc' dir='ltr'>σοντα</span> <span class='ocrx_word' id='word_1_557' title='bbox 474 4710 692 4778; x_wconf 82' lang='grc' dir='ltr'><strong>Πέτρον</strong></span> <span class='ocrx_word' id='word_1_558' title='bbox 721 4706 817 4759; x_wconf 82' lang='grc' dir='ltr'>τοῦ</span> <span class='ocrx_word' id='word_1_559' title='bbox 852 4706 1067 4775; x_wconf 68' lang='grc' dir='ltr'>’Δλίφαυ</span> <span class='ocrx_word' id='word_1_560' title='bbox 1099 4704 1336 4773; x_wconf 78' lang='grc' dir='ltr'>αὺτδςιδὲ</span> <span class='ocrx_word' id='word_1_561' title='bbox 1360 4704 1449 4758; x_wconf 83' lang='grc' dir='ltr'>τὸν</span> <span class='ocrx_word' id='word_1_562' title='bbox 1478 4704 1706 4758; x_wconf 78' lang='grc' dir='ltr'>Αὐλῶνα</span> <span class='ocrx_word' id='word_1_563' title='bbox 1728 4719 1863 4757; x_wconf 90' lang='grc' dir='ltr'>κατ-</span> 
     </span>
    </p>
   </div>
   <div class='ocr_carea' id='block_1_81' title="bbox 271 4796 1867 4869">
    <p class='ocr_par' dir='ltr' id='par_1_81' title="bbox 271 4796 1867 4869">
     <span class='ocr_line' id='line_1_81' title="bbox 271 4796 1867 4869; baseline -0.001 -19"><span class='ocrx_word' id='word_1_564' title='bbox 271 4797 453 4855; x_wconf 68' lang='grc' dir='ltr'>έλαϐε.</span> <span class='ocrx_word' id='word_1_565' title='bbox 517 4798 699 4853; x_wconf 83' lang='grc' dir='ltr'>Τοῦτο</span> <span class='ocrx_word' id='word_1_566' title='bbox 738 4798 796 4851; x_wconf 77' lang='grc' dir='ltr'>δὲ</span> <span class='ocrx_word' id='word_1_567' title='bbox 847 4796 1186 4869; x_wconf 85' lang='grc' dir='ltr'>μεμαθηκὼς</span> <span class='ocrx_word' id='word_1_568' title='bbox 1237 4799 1265 4850; x_wconf 88' lang='grc' dir='ltr'>ὁ</span> <span class='ocrx_word' id='word_1_569' title='bbox 1310 4797 1568 4867; x_wconf 81' lang='grc' dir='ltr'>βασιλεὺς</span> <span class='ocrx_word' id='word_1_570' title='bbox 1639 4798 1867 4869; x_wconf 74' lang='grc' dir='ltr'>νικητὴς</span> 
     </span>
    </p>
   </div>
   <div class='ocr_carea' id='block_1_82' title="bbox 273 4888 1864 4965">
    <p class='ocr_par' dir='ltr' id='par_1_82' title="bbox 273 4888 1864 4965">
     <span class='ocr_line' id='line_1_82' title="bbox 273 4888 1864 4965; baseline 0.001 -22"><span class='ocrx_word' id='word_1_571' title='bbox 273 4891 356 4954; x_wconf 72' lang='grc' dir='ltr'>τίς</span> <span class='ocrx_word' id='word_1_572' title='bbox 403 4893 503 4965; x_wconf 75' lang='grc' dir='ltr'>τὴν</span> <span class='ocrx_word' id='word_1_573' title='bbox 557 4890 965 4963; x_wconf 80' lang='grc' dir='ltr'>βασιλεύουσαν</span> <span class='ocrx_word' id='word_1_574' title='bbox 1007 4891 1117 4945; x_wconf 86' lang='grc' dir='ltr'>τῶν</span> <span class='ocrx_word' id='word_1_575' title='bbox 1151 4889 1364 4944; x_wconf 86' lang='grc' dir='ltr'>πόλεων</span> <span class='ocrx_word' id='word_1_576' title='bbox 1397 4888 1864 4958; x_wconf 73' lang='grc' dir='ltr'>ἐπαναζεύγνυσι.</span> 
     </span>
    </p>
   </div>
   <div class='ocr_carea' id='block_1_83' title="bbox 1967 3226 3545 3299">
    <p class='ocr_par' dir='ltr' id='par_1_83' title="bbox 1967 3226 3545 3299">
     <span class='ocr_line' id='line_1_83' title="bbox 1967 3226 3545 3299; baseline -0.004 -12"><span class='ocrx_word' id='word_1_577' title='bbox 1967 3232 2129 3287; x_wconf 83' lang='lat' dir='ltr'><strong>solet.</strong></span> <span class='ocrx_word' id='word_1_578' title='bbox 2169 3232 2241 3285; x_wconf 87' lang='lat' dir='ltr'><strong>De</strong></span> <span class='ocrx_word' id='word_1_579' title='bbox 2268 3233 2491 3299; x_wconf 82' lang='lat' dir='ltr'><strong>regione</strong></span> <span class='ocrx_word' id='word_1_580' title='bbox 2520 3230 2785 3283; x_wconf 79' lang='lat' dir='ltr'><strong>institutae</strong></span> <span class='ocrx_word' id='word_1_581' title='bbox 2807 3229 2906 3281; x_wconf 67' lang='lat' dir='ltr'><strong>vias</strong></span> <span class='ocrx_word' id='word_1_582' title='bbox 2942 3241 3005 3282; x_wconf 89' lang='lat' dir='ltr'><strong>ea</strong></span> <span class='ocrx_word' id='word_1_583' title='bbox 3040 3227 3163 3280; x_wconf 91' lang='lat' dir='ltr'><strong>illos</strong></span> <span class='ocrx_word' id='word_1_584' title='bbox 3202 3226 3545 3294; x_wconf 78' lang='lat' dir='ltr'><strong>perturbatio</strong></span> 
     </span>
    </p>
   </div>
   <div class='ocr_carea' id='block_1_84' title="bbox 1967 3311 3544 3390">
    <p class='ocr_par' dir='ltr' id='par_1_84' title="bbox 1967 3311 3544 3390">
     <span class='ocr_line' id='line_1_84' title="bbox 1967 3311 3544 3390; baseline -0.003 -13"><span class='ocrx_word' id='word_1_585' title='bbox 1967 3323 2220 3377; x_wconf 86' lang='lat' dir='ltr'><strong>dimovit.</strong></span> <span class='ocrx_word' id='word_1_586' title='bbox 2252 3321 2487 3375; x_wconf 87' lang='lat' dir='ltr'><strong>Omissis</strong></span> <span class='ocrx_word' id='word_1_587' title='bbox 2513 3335 2641 3390; x_wconf 85' lang='lat' dir='ltr'><strong>ergo</strong></span> <span class='ocrx_word' id='word_1_588' title='bbox 2670 3319 2935 3374; x_wconf 81' lang='lat' dir='ltr'><strong>Romanis</strong></span> <span class='ocrx_word' id='word_1_589' title='bbox 2968 3319 3077 3373; x_wconf 88' lang='lat' dir='ltr'><strong>alio</strong></span> <span class='ocrx_word' id='word_1_590' title='bbox 3110 3311 3306 3373; x_wconf 83' lang='lat' dir='ltr'><strong>itinere</strong></span> <span class='ocrx_word' id='word_1_591' title='bbox 3327 3317 3544 3373; x_wconf 87' lang='lat' dir='ltr'><strong>Tricala</strong></span> 
     </span>
    </p>
   </div>
   <div class='ocr_carea' id='block_1_85' title="bbox 1966 3410 3543 3483">
    <p class='ocr_par' dir='ltr' id='par_1_85' title="bbox 1966 3410 3543 3483">
     <span class='ocr_line' id='line_1_85' title="bbox 1966 3410 3543 3483; baseline -0.004 -13"><span class='ocrx_word' id='word_1_592' title='bbox 1966 3415 2324 3480; x_wconf 87' lang='lat' dir='ltr'><strong>contendunt,</strong></span> <span class='ocrx_word' id='word_1_593' title='bbox 2348 3414 2524 3467; x_wconf 89' lang='lat' dir='ltr'><strong>locum</strong></span> <span class='ocrx_word' id='word_1_594' title='bbox 2548 3413 2659 3483; x_wconf 87' lang='lat' dir='ltr'><strong>jam</strong></span> <span class='ocrx_word' id='word_1_595' title='bbox 2692 3421 3133 3482; x_wconf 68' lang='lat' dir='ltr'><strong>praeoccupatum</strong></span> <span class='ocrx_word' id='word_1_596' title='bbox 3156 3426 3186 3465; x_wconf 87' lang='lat' dir='ltr'><strong>a</strong></span> <span class='ocrx_word' id='word_1_597' title='bbox 3215 3410 3543 3480; x_wconf 87' lang='lat' dir='ltr'><strong>quibusdant</strong></span> 
     </span>
    </p>
   </div>
   <div class='ocr_carea' id='block_1_86' title="bbox 1967 3490 3545 3575">
    <p class='ocr_par' dir='ltr' id='par_1_86' title="bbox 1967 3490 3545 3575">
     <span class='ocr_line' id='line_1_86' title="bbox 1967 3490 3545 3575; baseline -0.003 -16"><span class='ocrx_word' id='word_1_598' title='bbox 1967 3490 2257 3561; x_wconf 78' lang='lat' dir='ltr'><strong>Baimuudi</strong></span> <span class='ocrx_word' id='word_1_599' title='bbox 2323 3506 2593 3560; x_wconf 89' lang='lat' dir='ltr'><strong>militibus</strong></span> <span class='ocrx_word' id='word_1_600' title='bbox 2642 3504 3053 3575; x_wconf 86' lang='lat' dir='ltr'><strong>Lycostomium</strong></span> <span class='ocrx_word' id='word_1_601' title='bbox 3091 3518 3286 3557; x_wconf 82' lang='lat' dir='ltr'><strong>versus</strong></span> <span class='ocrx_word' id='word_1_602' title='bbox 3331 3502 3545 3571; x_wconf 79' lang='lat' dir='ltr'><strong>fugien-</strong></span> 
     </span>
    </p>
   </div>
   <div class='ocr_carea' id='block_1_87' title="bbox 1969 3594 3543 3671">
    <p class='ocr_par' dir='ltr' id='par_1_87' title="bbox 1969 3594 3543 3671">
     <span class='ocr_line' id='line_1_87' title="bbox 1969 3594 3543 3671; baseline -0.006 -13"><span class='ocrx_word' id='word_1_603' title='bbox 1969 3603 2138 3658; x_wconf 88' lang='lat' dir='ltr'><strong>tibus.</strong></span> <span class='ocrx_word' id='word_1_604' title='bbox 2197 3601 2314 3655; x_wconf 90' lang='lat' dir='ltr'><strong>Illic</strong></span> <span class='ocrx_word' id='word_1_605' title='bbox 2366 3599 2533 3671; x_wconf 84' lang='lat' dir='ltr'><strong>igitur</strong></span> <span class='ocrx_word' id='word_1_606' title='bbox 2587 3598 2763 3653; x_wconf 88' lang='lat' dir='ltr'><strong>obiter</strong></span> <span class='ocrx_word' id='word_1_607' title='bbox 2810 3595 3073 3651; x_wconf 88' lang='lat' dir='ltr'><strong>diversati</strong></span> <span class='ocrx_word' id='word_1_608' title='bbox 3124 3594 3429 3649; x_wconf 88' lang='lat' dir='ltr'><strong>Castoriam</strong></span> <span class='ocrx_word' id='word_1_609' title='bbox 3482 3610 3543 3648; x_wconf 88' lang='lat' dir='ltr'><strong>se</strong></span> 
     </span>
    </p>
   </div>
   <div class='ocr_carea' id='block_1_88' title="bbox 1967 3683 3541 3764">
    <p class='ocr_par' dir='ltr' id='par_1_88' title="bbox 1967 3683 3541 3764">
     <span class='ocr_line' id='line_1_88' title="bbox 1967 3683 3541 3764; baseline -0.01 -15"><span class='ocrx_word' id='word_1_610' title='bbox 1967 3694 2263 3764; x_wconf 88' lang='lat' dir='ltr'><strong>recipiunt.</strong></span> <span class='ocrx_word' id='word_1_611' title='bbox 2324 3691 2628 3761; x_wconf 86' lang='lat' dir='ltr'><strong>Imperator</strong></span> <span class='ocrx_word' id='word_1_612' title='bbox 2682 3702 2812 3742; x_wconf 89' lang='lat' dir='ltr'><strong>vero</strong></span> <span class='ocrx_word' id='word_1_613' title='bbox 2866 3702 2991 3741; x_wconf 92' lang='lat' dir='ltr'><strong>cum</strong></span> <span class='ocrx_word' id='word_1_614' title='bbox 3039 3700 3070 3741; x_wconf 91' lang='lat' dir='ltr'><strong>e</strong></span> <span class='ocrx_word' id='word_1_615' title='bbox 3125 3684 3342 3737; x_wconf 85' lang='lat' dir='ltr'><strong>Larissa</strong></span> <span class='ocrx_word' id='word_1_616' title='bbox 3384 3683 3541 3755; x_wconf 64' lang='lat'><strong>143</strong></span> 
     </span>
    </p>
   </div>
   <div class='ocr_carea' id='block_1_89' title="bbox 1968 3775 3545 3841">
    <p class='ocr_par' dir='ltr' id='par_1_89' title="bbox 1968 3775 3545 3841">
     <span class='ocr_line' id='line_1_89' title="bbox 1968 3775 3545 3841; baseline -0.005 -6"><span class='ocrx_word' id='word_1_617' title='bbox 1968 3781 2417 3837; x_wconf 84' lang='lat' dir='ltr'><strong>Thessalonicam</strong></span> <span class='ocrx_word' id='word_1_618' title='bbox 2461 3794 2520 3833; x_wconf 91' lang='lat' dir='ltr'><strong>se</strong></span> <span class='ocrx_word' id='word_1_619' title='bbox 2570 3777 2919 3841; x_wconf 87' lang='lat' dir='ltr'><strong>contulisset,</strong></span> <span class='ocrx_word' id='word_1_620' title='bbox 2958 3782 3015 3827; x_wconf 93' lang='lat' dir='ltr'><strong>ut</strong></span> <span class='ocrx_word' id='word_1_621' title='bbox 3048 3781 3168 3827; x_wconf 87' lang='lat' dir='ltr'><strong>erat</strong></span> <span class='ocrx_word' id='word_1_622' title='bbox 3202 3775 3545 3841; x_wconf 53' lang='lat' dir='ltr'><strong>exagitator</strong></span> 
     </span>
    </p>
   </div>
   <div class='ocr_carea' id='block_1_90' title="bbox 1968 3866 3546 3944">
    <p class='ocr_par' dir='ltr' id='par_1_90' title="bbox 1968 3866 3546 3944">
     <span class='ocr_line' id='line_1_90' title="bbox 1968 3866 3546 3944; baseline -0.004 -16"><span class='ocrx_word' id='word_1_623' title='bbox 1968 3872 2437 3944; x_wconf 86' lang='lat' dir='ltr'><strong>prudentissimus</strong></span> <span class='ocrx_word' id='word_1_624' title='bbox 2491 3870 2689 3925; x_wconf 85' lang='lat' dir='ltr'><strong>artium</strong></span> <span class='ocrx_word' id='word_1_625' title='bbox 2744 3867 2977 3921; x_wconf 89' lang='lat' dir='ltr'><strong>nocendi</strong></span> <span class='ocrx_word' id='word_1_626' title='bbox 3026 3866 3303 3931; x_wconf 79' lang='lat' dir='ltr'><strong>ItOSlibus,</strong></span> <span class='ocrx_word' id='word_1_627' title='bbox 3360 3867 3546 3921; x_wconf 87' lang='lat' dir='ltr'><strong>missis</strong></span> 
     </span>
    </p>
   </div>
   <div class='ocr_carea' id='block_1_91' title="bbox 1967 3958 3543 4037">
    <p class='ocr_par' dir='ltr' id='par_1_91' title="bbox 1967 3958 3543 4037">
     <span class='ocr_line' id='line_1_91' title="bbox 1967 3958 3543 4037; baseline -0.006 -16"><span class='ocrx_word' id='word_1_628' title='bbox 1967 3968 2059 4037; x_wconf 92' lang='lat' dir='ltr'><strong>qui</strong></span> <span class='ocrx_word' id='word_1_629' title='bbox 2091 3966 2229 4020; x_wconf 89' lang='lat' dir='ltr'><strong>clam</strong></span> <span class='ocrx_word' id='word_1_630' title='bbox 2262 3972 2489 4034; x_wconf 82' lang='lat' dir='ltr'><strong>agerent</strong></span> <span class='ocrx_word' id='word_1_631' title='bbox 2539 3978 2662 4016; x_wconf 89' lang='lat' dir='ltr'><strong>cum</strong></span> <span class='ocrx_word' id='word_1_632' title='bbox 2696 3960 2993 4016; x_wconf 88' lang='lat' dir='ltr'><strong>comitibus</strong></span> <span class='ocrx_word' id='word_1_633' title='bbox 3033 3961 3309 4014; x_wconf 83' lang='lat' dir='ltr'><strong>exercitus</strong></span> <span class='ocrx_word' id='word_1_634' title='bbox 3337 3958 3543 4022; x_wconf 90' lang='lat' dir='ltr'><strong>Latini,</strong></span> 
     </span>
    </p>
   </div>
   <div class='ocr_carea' id='block_1_92' title="bbox 1968 4048 3547 4125">
    <p class='ocr_par' dir='ltr' id='par_1_92' title="bbox 1968 4048 3547 4125">
     <span class='ocr_line' id='line_1_92' title="bbox 1968 4048 3547 4125; baseline -0.006 -13"><span class='ocrx_word' id='word_1_635' title='bbox 1968 4057 2142 4113; x_wconf 86' lang='lat' dir='ltr'><strong>suasit</strong></span> <span class='ocrx_word' id='word_1_636' title='bbox 2172 4057 2278 4112; x_wconf 90' lang='lat' dir='ltr'><strong>illis</strong></span> <span class='ocrx_word' id='word_1_637' title='bbox 2314 4055 2678 4125; x_wconf 89' lang='lat' dir='ltr'><strong>promissione</strong></span> <span class='ocrx_word' id='word_1_638' title='bbox 2708 4059 3037 4121; x_wconf 91' lang='lat' dir='ltr'><strong>quantorum</strong></span> <span class='ocrx_word' id='word_1_639' title='bbox 3064 4050 3262 4104; x_wconf 77' lang='lat' dir='ltr'><strong>vellent</strong></span> <span class='ocrx_word' id='word_1_640' title='bbox 3293 4048 3547 4119; x_wconf 61' lang='lat' dir='ltr'><strong>praemio-</strong></span> 
     </span>
    </p>
   </div>
   <div class='ocr_carea' id='block_1_93' title="bbox 1969 4142 3545 4217">
    <p class='ocr_par' dir='ltr' id='par_1_93' title="bbox 1969 4142 3545 4217">
     <span class='ocr_line' id='line_1_93' title="bbox 1969 4142 3545 4217; baseline -0.006 -12"><span class='ocrx_word' id='word_1_641' title='bbox 1969 4166 2113 4214; x_wconf 87' lang='lat' dir='ltr'><strong>rum,</strong></span> <span class='ocrx_word' id='word_1_642' title='bbox 2150 4158 2210 4203; x_wconf 90' lang='lat' dir='ltr'><strong>ut</strong></span> <span class='ocrx_word' id='word_1_643' title='bbox 2258 4147 2531 4217; x_wconf 87' lang='lat' dir='ltr'><strong>stipendia</strong></span> <span class='ocrx_word' id='word_1_644' title='bbox 2580 4145 2682 4200; x_wconf 88' lang='lat' dir='ltr'><strong>sibi</strong></span> <span class='ocrx_word' id='word_1_645' title='bbox 2721 4159 2747 4197; x_wconf 87' lang='lat' dir='ltr'><strong>a</strong></span> <span class='ocrx_word' id='word_1_646' title='bbox 2783 4143 3088 4197; x_wconf 85' lang='lat' dir='ltr'><strong>Baimundo</strong></span> <span class='ocrx_word' id='word_1_647' title='bbox 3137 4142 3405 4211; x_wconf 84' lang='lat' dir='ltr'><strong>promissa</strong></span> <span class='ocrx_word' id='word_1_648' title='bbox 3456 4156 3545 4195; x_wconf 88' lang='lat' dir='ltr'><strong>re-</strong></span> 
     </span>
    </p>
   </div>
   <div class='ocr_carea' id='block_1_94' title="bbox 1968 4233 3540 4312">
    <p class='ocr_par' dir='ltr' id='par_1_94' title="bbox 1968 4233 3540 4312">
     <span class='ocr_line' id='line_1_94' title="bbox 1968 4233 3540 4312; baseline -0.008 -17"><span class='ocrx_word' id='word_1_649' title='bbox 1968 4243 2287 4312; x_wconf 65' lang='lat' dir='ltr'><strong>praesentari</strong></span> <span class='ocrx_word' id='word_1_650' title='bbox 2343 4238 2503 4292; x_wconf 89' lang='lat' dir='ltr'><strong>modo</strong></span> <span class='ocrx_word' id='word_1_651' title='bbox 2537 4235 2871 4306; x_wconf 83' lang='lat' dir='ltr'><strong>ﬂagitarent,</strong></span> <span class='ocrx_word' id='word_1_652' title='bbox 2921 4242 3286 4304; x_wconf 84' lang='lat' dir='ltr'><strong>cogeremque</strong></span> <span class='ocrx_word' id='word_1_653' title='bbox 3338 4233 3540 4301; x_wconf 84' lang='lat' dir='ltr'><strong>ipsum,</strong></span> 
     </span>
    </p>
   </div>
   <div class='ocr_carea' id='block_1_95' title="bbox 1970 4327 3540 4400">
    <p class='ocr_par' dir='ltr' id='par_1_95' title="bbox 1970 4327 3540 4400">
     <span class='ocr_line' id='line_1_95' title="bbox 1970 4327 3540 4400; baseline -0.008 -10"><span class='ocrx_word' id='word_1_654' title='bbox 1970 4335 2015 4391; x_wconf 87' lang='lat' dir='ltr'><strong>si</strong></span> <span class='ocrx_word' id='word_1_655' title='bbox 2045 4342 2338 4389; x_wconf 67' lang='lat' dir='ltr'><strong>excusaret</strong></span> <span class='ocrx_word' id='word_1_656' title='bbox 2393 4331 2633 4400; x_wconf 71' lang='lat' dir='ltr'><strong>inanium</strong></span> <span class='ocrx_word' id='word_1_657' title='bbox 2689 4338 3043 4399; x_wconf 63' lang='lat' dir='ltr'><strong>praesentem,</strong></span> <span class='ocrx_word' id='word_1_658' title='bbox 3085 4328 3165 4382; x_wconf 91' lang='lat' dir='ltr'><strong>ire</strong></span> <span class='ocrx_word' id='word_1_659' title='bbox 3215 4327 3281 4381; x_wconf 88' lang='lat' dir='ltr'><strong>ad</strong></span> <span class='ocrx_word' id='word_1_660' title='bbox 3332 4339 3540 4396; x_wconf 83' lang='lat' dir='ltr'><strong>patrem</strong></span> 
     </span>
    </p>
   </div>
   <div class='ocr_carea' id='block_1_96' title="bbox 1970 4421 3542 4489">
    <p class='ocr_par' dir='ltr' id='par_1_96' title="bbox 1970 4421 3542 4489">
     <span class='ocr_line' id='line_1_96' title="bbox 1970 4421 3542 4489; baseline -0.006 -7"><span class='ocrx_word' id='word_1_661' title='bbox 1970 4443 2128 4483; x_wconf 87' lang='lat' dir='ltr'><strong>suum</strong></span> <span class='ocrx_word' id='word_1_662' title='bbox 2160 4424 2486 4487; x_wconf 75' lang='lat' dir='ltr'><strong>Robertum,</strong></span> <span class='ocrx_word' id='word_1_663' title='bbox 2524 4430 2579 4477; x_wconf 91' lang='lat' dir='ltr'><strong>et</strong></span> <span class='ocrx_word' id='word_1_664' title='bbox 2611 4423 2678 4475; x_wconf 92' lang='lat' dir='ltr'><strong>ab</strong></span> <span class='ocrx_word' id='word_1_665' title='bbox 2703 4437 2789 4487; x_wconf 93' lang='lat' dir='ltr'><strong>eo,</strong></span> <span class='ocrx_word' id='word_1_666' title='bbox 2829 4421 3055 4489; x_wconf 84' lang='lat' dir='ltr'><strong>trajecto</strong></span> <span class='ocrx_word' id='word_1_667' title='bbox 3091 4421 3250 4485; x_wconf 89' lang='lat' dir='ltr'><strong>mari,</strong></span> <span class='ocrx_word' id='word_1_668' title='bbox 3279 4421 3542 4489; x_wconf 79' lang='lat' dir='ltr'><strong>pecunias</strong></span> 
     </span>
    </p>
   </div>
   <div class='ocr_carea' id='block_1_97' title="bbox 1972 4510 3544 4588">
    <p class='ocr_par' dir='ltr' id='par_1_97' title="bbox 1972 4510 3544 4588">
     <span class='ocr_line' id='line_1_97' title="bbox 1972 4510 3544 4588; baseline -0.006 -16"><span class='ocrx_word' id='word_1_669' title='bbox 1972 4528 2179 4588; x_wconf 91' lang='lat' dir='ltr'><strong>petere.</strong></span> <span class='ocrx_word' id='word_1_670' title='bbox 2230 4514 2358 4569; x_wconf 62' lang='lat' dir='ltr'><strong>Haec</strong></span> <span class='ocrx_word' id='word_1_671' title='bbox 2414 4515 2460 4568; x_wconf 90' lang='lat' dir='ltr'><strong>si</strong></span> <span class='ocrx_word' id='word_1_672' title='bbox 2513 4512 2759 4567; x_wconf 85' lang='lat' dir='ltr'><strong>Iacerent</strong></span> <span class='ocrx_word' id='word_1_673' title='bbox 2804 4528 2999 4567; x_wconf 89' lang='lat' dir='ltr'><strong>omnes</strong></span> <span class='ocrx_word' id='word_1_674' title='bbox 3056 4514 3314 4575; x_wconf 86' lang='lat' dir='ltr'><strong>honores,</strong></span> <span class='ocrx_word' id='word_1_675' title='bbox 3359 4510 3544 4567; x_wconf 86' lang='lat' dir='ltr'><strong>omnia</strong></span> 
     </span>
    </p>
   </div>
   <div class='ocr_carea' id='block_1_98' title="bbox 1972 4606 3543 4677">
    <p class='ocr_par' dir='ltr' id='par_1_98' title="bbox 1972 4606 3543 4677">
     <span class='ocr_line' id='line_1_98' title="bbox 1972 4606 3543 4677; baseline -0.004 -12"><span class='ocrx_word' id='word_1_676' title='bbox 1972 4608 2259 4670; x_wconf 83' lang='lat' dir='ltr'><strong>beneﬁcia,</strong></span> <span class='ocrx_word' id='word_1_677' title='bbox 2297 4621 2521 4677; x_wconf 89' lang='lat' dir='ltr'><strong>sperare</strong></span> <span class='ocrx_word' id='word_1_678' title='bbox 2554 4606 2704 4674; x_wconf 90' lang='lat' dir='ltr'><strong>ipsos</strong></span> <span class='ocrx_word' id='word_1_679' title='bbox 2744 4622 2771 4659; x_wconf 88' lang='lat' dir='ltr'><strong>a</strong></span> <span class='ocrx_word' id='word_1_680' title='bbox 2806 4622 2865 4661; x_wconf 91' lang='lat' dir='ltr'><strong>se</strong></span> <span class='ocrx_word' id='word_1_681' title='bbox 2899 4606 3146 4677; x_wconf 82' lang='lat' dir='ltr'><strong>jubebat.</strong></span> <span class='ocrx_word' id='word_1_682' title='bbox 3184 4606 3337 4672; x_wconf 85' lang='lat' dir='ltr'><strong>Quod</strong></span> <span class='ocrx_word' id='word_1_683' title='bbox 3372 4609 3416 4661; x_wconf 87' lang='lat' dir='ltr'><strong>si</strong></span> <span class='ocrx_word' id='word_1_684' title='bbox 3450 4609 3543 4676; x_wconf 91' lang='lat' dir='ltr'><strong>qui</strong></span> 
     </span>
    </p>
   </div>
   <div class='ocr_carea' id='block_1_99' title="bbox 1972 4696 3547 4762">
    <p class='ocr_par' dir='ltr' id='par_1_99' title="bbox 1972 4696 3547 4762">
     <span class='ocr_line' id='line_1_99' title="bbox 1972 4696 3547 4762; baseline -0.004 -5"><span class='ocrx_word' id='word_1_685' title='bbox 1972 4716 2164 4757; x_wconf 82' lang='lat' dir='ltr'><strong>eorum</strong></span> <span class='ocrx_word' id='word_1_686' title='bbox 2193 4699 2454 4753; x_wconf 66' lang='lat' dir='ltr'><strong>Romana:</strong></span> <span class='ocrx_word' id='word_1_687' title='bbox 2488 4697 2698 4751; x_wconf 62' lang='lat' dir='ltr'><strong>militia:</strong></span> <span class='ocrx_word' id='word_1_688' title='bbox 2727 4696 2860 4752; x_wconf 86' lang='lat' dir='ltr'><strong>dare</strong></span> <span class='ocrx_word' id='word_1_689' title='bbox 2916 4713 3116 4751; x_wconf 90' lang='lat' dir='ltr'><strong>nomen</strong></span> <span class='ocrx_word' id='word_1_690' title='bbox 3166 4698 3383 4762; x_wconf 86' lang='lat' dir='ltr'><strong>vellent,</strong></span> <span class='ocrx_word' id='word_1_691' title='bbox 3426 4713 3547 4750; x_wconf 88' lang='lat' dir='ltr'><strong>am-</strong></span> 
     </span>
    </p>
   </div>
   <div class='ocr_carea' id='block_1_100' title="bbox 1970 4790 3545 4864">
    <p class='ocr_par' dir='ltr' id='par_1_100' title="bbox 1970 4790 3545 4864">
     <span class='ocr_line' id='line_1_100' title="bbox 1970 4790 3545 4864; baseline -0.003 -16"><span class='ocrx_word' id='word_1_692' title='bbox 1970 4795 2219 4864; x_wconf 84' lang='lat' dir='ltr'><strong>plissima</strong></span> <span class='ocrx_word' id='word_1_693' title='bbox 2248 4794 2382 4863; x_wconf 88' lang='lat' dir='ltr'><strong>ipsis</strong></span> <span class='ocrx_word' id='word_1_694' title='bbox 2419 4790 2689 4861; x_wconf 88' lang='lat' dir='ltr'><strong>stipendia</strong></span> <span class='ocrx_word' id='word_1_695' title='bbox 2722 4806 2779 4844; x_wconf 92' lang='lat' dir='ltr'><strong>sc</strong></span> <span class='ocrx_word' id='word_1_696' title='bbox 2815 4799 3271 4857; x_wconf 86' lang='lat' dir='ltr'><strong>numeraturum;</strong></span> <span class='ocrx_word' id='word_1_697' title='bbox 3329 4793 3413 4845; x_wconf 89' lang='lat' dir='ltr'><strong>sin</strong></span> <span class='ocrx_word' id='word_1_698' title='bbox 3454 4804 3545 4843; x_wconf 83' lang='lat' dir='ltr'><strong>rc-</strong></span> 
     </span>
    </p>
   </div>
   <div class='ocr_carea' id='block_1_101' title="bbox 1968 4883 3545 4951">
    <p class='ocr_par' dir='ltr' id='par_1_101' title="bbox 1968 4883 3545 4951">
     <span class='ocr_line' id='line_1_101' title="bbox 1968 4883 3545 4951; baseline -0.005 -8"><span class='ocrx_word' id='word_1_699' title='bbox 1968 4889 2088 4943; x_wconf 87' lang='lat' dir='ltr'><strong>dire</strong></span> <span class='ocrx_word' id='word_1_700' title='bbox 2134 4887 2188 4941; x_wconf 88' lang='lat' dir='ltr'><strong>in</strong></span> <span class='ocrx_word' id='word_1_701' title='bbox 2219 4888 2413 4941; x_wconf 87' lang='lat' dir='ltr'><strong>domos</strong></span> <span class='ocrx_word' id='word_1_702' title='bbox 2460 4900 2591 4940; x_wconf 87' lang='lat' dir='ltr'><strong>suas</strong></span> <span class='ocrx_word' id='word_1_703' title='bbox 2622 4883 2869 4947; x_wconf 88' lang='lat' dir='ltr'><strong>mallent,</strong></span> <span class='ocrx_word' id='word_1_704' title='bbox 2921 4891 3101 4938; x_wconf 90' lang='lat' dir='ltr'><strong>tutum</strong></span> <span class='ocrx_word' id='word_1_705' title='bbox 3155 4884 3264 4938; x_wconf 91' lang='lat' dir='ltr'><strong>illis</strong></span> <span class='ocrx_word' id='word_1_706' title='bbox 3310 4884 3415 4936; x_wconf 88' lang='lat' dir='ltr'><strong>iter</strong></span> <span class='ocrx_word' id='word_1_707' title='bbox 3450 4897 3545 4951; x_wconf 91' lang='lat' dir='ltr'><strong>per</strong></span> 
     </span>
    </p>
   </div>
   <div class='ocr_carea' id='block_1_102' title="bbox 274 4976 3569 5059">
    <p class='ocr_par' dir='ltr' id='par_1_102' title="bbox 274 4976 3569 5059">
     <span class='ocr_line' id='line_1_102' title="bbox 274 4976 3569 5059; baseline -0.003 -20"><span class='ocrx_word' id='word_1_708' title='bbox 274 4985 618 5053; x_wconf 71' lang='lat' dir='ltr'><strong>Ilungariam</strong></span> <span class='ocrx_word' id='word_1_709' title='bbox 651 4985 938 5041; x_wconf 89' lang='lat' dir='ltr'><strong>daturum.</strong></span> <span class='ocrx_word' id='word_1_710' title='bbox 965 4986 1231 5059; x_wconf 79' lang='lat' dir='ltr'><strong>Arrigunt</strong></span> <span class='ocrx_word' id='word_1_711' title='bbox 1258 5000 1447 5041; x_wconf 87' lang='lat' dir='ltr'><strong>aurem</strong></span> <span class='ocrx_word' id='word_1_712' title='bbox 1477 4986 1541 5040; x_wconf 90' lang='lat' dir='ltr'><strong>ad</strong></span> <span class='ocrx_word' id='word_1_713' title='bbox 1572 5002 1639 5042; x_wconf 81' lang='lat' dir='ltr'><strong>ea</strong></span> <span class='ocrx_word' id='word_1_714' title='bbox 1680 4987 1935 5052; x_wconf 86' lang='lat' dir='ltr'><strong>comites,</strong></span> <span class='ocrx_word' id='word_1_715' title='bbox 1967 4998 2020 5041; x_wconf 92' lang='lat' dir='ltr'><strong>et</strong></span> <span class='ocrx_word' id='word_1_716' title='bbox 2042 4984 2451 5054; x_wconf 85' lang='lat' dir='ltr'><strong>conspiratione</strong></span> <span class='ocrx_word' id='word_1_717' title='bbox 2480 5040 2494 5051; x_wconf 54' lang='grc'>,</span> <span class='ocrx_word' id='word_1_718' title='bbox 2518 4980 2661 5034; x_wconf 77' lang='lat' dir='ltr'><strong>facta</strong></span> <span class='ocrx_word' id='word_1_719' title='bbox 2722 4979 2779 5033; x_wconf 88' lang='lat' dir='ltr'><strong>in</strong></span> <span class='ocrx_word' id='word_1_720' title='bbox 2847 4976 3118 5034; x_wconf 90' lang='lat' dir='ltr'><strong>Baimund</strong></span> <span class='ocrx_word' id='word_1_721' title='bbox 3140 4993 3230 5031; x_wconf 90' lang='lat' dir='ltr'><strong>um</strong></span> <span class='ocrx_word' id='word_1_722' title='bbox 3292 4978 3569 5032; x_wconf 80' lang='lat' dir='ltr'><strong>cooriun-.</strong></span> 
     </span>
    </p>
   </div>
   <div class='ocr_carea' id='block_1_103' title="bbox 1326 5100 2476 5189">
    <p class='ocr_par' dir='ltr' id='par_1_103' title="bbox 1326 5100 2476 5189">
     <span class='ocr_line' id='line_1_103' title="bbox 1326 5100 2476 5189; baseline -0.002 -25"><span class='ocrx_word' id='word_1_723' title='bbox 1326 5105 1532 5167; x_wconf 68' lang='lat' dir='ltr'><strong>Varias</strong></span> <span class='ocrx_word' id='word_1_724' title='bbox 1571 5108 1881 5189; x_wconf 78' lang='lat' dir='ltr'><strong>lectiones</strong></span> <span class='ocrx_word' id='word_1_725' title='bbox 1912 5122 1990 5166; x_wconf 83' lang='lat' dir='ltr'><strong>ex</strong></span> <span class='ocrx_word' id='word_1_726' title='bbox 2030 5105 2171 5164; x_wconf 88' lang='lat' dir='ltr'><strong>cod.</strong></span> <span class='ocrx_word' id='word_1_727' title='bbox 2204 5100 2476 5163; x_wconf 89' lang='lat' dir='ltr'><strong>Coislin.</strong></span> 
     </span>
    </p>
   </div>
   <div class='ocr_carea' id='block_1_104' title="bbox 339 5225 1752 5302">
    <p class='ocr_par' dir='ltr' id='par_1_104' title="bbox 339 5225 1752 5302">
     <span class='ocr_line' id='line_1_104' title="bbox 339 5225 1752 5302; baseline -0.001 -21"><span class='ocrx_word' id='word_1_728' title='bbox 339 5228 365 5260; x_wconf 82' lang='lat'>&#39;</span> <span class='ocrx_word' id='word_1_729' title='bbox 391 5229 749 5302; x_wconf 65' lang='grc' dir='ltr'>ὀφθαλμοῖσι.</span> <span class='ocrx_word' id='word_1_730' title='bbox 824 5229 868 5261; x_wconf 78' lang='grc'><strong>’⁸</strong></span> <span class='ocrx_word' id='word_1_731' title='bbox 899 5228 1307 5300; x_wconf 78' lang='grc' dir='ltr'>ὑπαντήσαντα.</span> <span class='ocrx_word' id='word_1_732' title='bbox 1379 5228 1423 5259; x_wconf 72' lang='grc'><strong>⁸⁵</strong></span> <span class='ocrx_word' id='word_1_733' title='bbox 1455 5225 1752 5298; x_wconf 78' lang='grc' dir='ltr'>Σαλαυρία.</span> 
     </span>
    </p>
   </div>
   <div class='ocr_carea' id='block_1_105' title="bbox 1834 5222 2245 5283">
    <p class='ocr_par' dir='ltr' id='par_1_105' title="bbox 1834 5222 2245 5283">
     <span class='ocr_line' id='line_1_105' title="bbox 1834 5222 2245 5283; baseline -0.01 -6"><span class='ocrx_word' id='word_1_734' title='bbox 1834 5226 1878 5257; x_wconf 79' lang='grc'><strong>¹⁸</strong></span> <span class='ocrx_word' id='word_1_735' title='bbox 1912 5222 2245 5283; x_wconf 71' lang='grc' dir='ltr'>αὐλίζονται.</span> 
     </span>
    </p>
   </div>
   <div class='ocr_carea' id='block_1_106' title="bbox 2336 5218 3115 5289">
    <p class='ocr_par' dir='ltr' id='par_1_106' title="bbox 2336 5218 3115 5289">
     <span class='ocr_line' id='line_1_106' title="bbox 2336 5218 3115 5289; baseline -0.003 -16"><span class='ocrx_word' id='word_1_736' title='bbox 2336 5220 2381 5250; x_wconf 84' lang='grc'><strong>¹⁶</strong></span> <span class='ocrx_word' id='word_1_737' title='bbox 2405 5221 2616 5289; x_wconf 83' lang='grc' dir='ltr'>ὥσπερ.</span> <span class='ocrx_word' id='word_1_738' title='bbox 2704 5218 2744 5251; x_wconf 80' lang='grc'><strong>¹¹</strong></span> <span class='ocrx_word' id='word_1_739' title='bbox 2774 5218 3115 5279; x_wconf 84' lang='grc' dir='ltr'>ἀκινδύνους.</span> 
     </span>
    </p>
   </div>
   <div class='ocr_carea' id='block_1_107' title="bbox 1353 5359 2501 5437">
    <p class='ocr_par' dir='ltr' id='par_1_107' title="bbox 1353 5359 2501 5437">
     <span class='ocr_line' id='line_1_107' title="bbox 1353 5359 2501 5437; baseline -0.005 -10"><span class='ocrx_word' id='word_1_740' title='bbox 1353 5368 1494 5429; x_wconf 83' lang='lat' dir='ltr'><strong>Car.</strong></span> <span class='ocrx_word' id='word_1_741' title='bbox 1540 5364 1869 5428; x_wconf 86' lang='lat' dir='ltr'><strong>Dufresnii</strong></span> <span class='ocrx_word' id='word_1_742' title='bbox 1911 5365 2009 5424; x_wconf 86' lang='lat' dir='ltr'><strong>Du</strong></span> <span class='ocrx_word' id='word_1_743' title='bbox 2042 5359 2265 5437; x_wconf 78' lang='lat' dir='ltr'><strong>Cangii</strong></span> <span class='ocrx_word' id='word_1_744' title='bbox 2312 5366 2501 5421; x_wconf 69' lang='lat' dir='ltr'><strong>notm.</strong></span> 
     </span>
    </p>
   </div>
   <div class='ocr_carea' id='block_1_108' title="bbox 344 5491 1856 5565">
    <p class='ocr_par' dir='ltr' id='par_1_108' title="bbox 344 5491 1856 5565">
     <span class='ocr_line' id='line_1_108' title="bbox 344 5491 1856 5565; baseline -0.005 -16"><span class='ocrx_word' id='word_1_745' title='bbox 344 5496 467 5565; x_wconf 86' lang='lat'><strong>(6|)</strong></span> <span class='ocrx_word' id='word_1_746' title='bbox 495 5494 705 5557; x_wconf 72' lang='grc' dir='ltr'>οὑζᾶς.</span> <span class='ocrx_word' id='word_1_747' title='bbox 744 5492 884 5549; x_wconf 87' lang='lat' dir='ltr'><strong>Usas</strong></span> <span class='ocrx_word' id='word_1_748' title='bbox 926 5494 1008 5547; x_wconf 87' lang='lat' dir='ltr'><strong>vel</strong></span> <span class='ocrx_word' id='word_1_749' title='bbox 1044 5492 1274 5565; x_wconf 30' lang='lat' dir='ltr'><strong>Ususta</strong></span> <span class='ocrx_word' id='word_1_750' title='bbox 1308 5502 1469 5561; x_wconf 83' lang='lat' dir='ltr'><strong>gente</strong></span> <span class='ocrx_word' id='word_1_751' title='bbox 1515 5491 1856 5565; x_wconf 79' lang='lat' dir='ltr'><strong>et__natit_me,</strong></span> 
     </span>
    </p>
   </div>
   <div class='ocr_carea' id='block_1_109' title="bbox 272 5560 1858 5636">
    <p class='ocr_par' dir='ltr' id='par_1_109' title="bbox 272 5560 1858 5636">
     <span class='ocr_line' id='line_1_109' title="bbox 272 5560 1858 5636; baseline -0.003 -17"><span class='ocrx_word' id='word_1_752' title='bbox 272 5560 464 5636; x_wconf 76' lang='lat' dir='ltr'><strong>inquit</strong></span> <span class='ocrx_word' id='word_1_753' title='bbox 490 5570 667 5627; x_wconf 81' lang='lat' dir='ltr'><strong>Anna,</strong></span> <span class='ocrx_word' id='word_1_754' title='bbox 700 5581 894 5617; x_wconf 86' lang='lat' dir='ltr'><strong>nomen</strong></span> <span class='ocrx_word' id='word_1_755' title='bbox 927 5567 1171 5636; x_wconf 77' lang='lat' dir='ltr'><strong>sortitus.</strong></span> <span class='ocrx_word' id='word_1_756' title='bbox 1212 5560 1352 5616; x_wconf 82' lang='lat' dir='ltr'><strong>Sunt</strong></span> <span class='ocrx_word' id='word_1_757' title='bbox 1388 5579 1515 5615; x_wconf 78' lang='lat' dir='ltr'><strong>vero</strong></span> <span class='ocrx_word' id='word_1_758' title='bbox 1556 5562 1674 5636; x_wconf 77' lang='lat' dir='ltr'><strong>Usi,</strong></span> <span class='ocrx_word' id='word_1_759' title='bbox 1722 5560 1858 5630; x_wconf 85' lang='lat' dir='ltr'><strong>Scy-</strong></span> 
     </span>
    </p>
   </div>
   <div class='ocr_carea' id='block_1_110' title="bbox 268 5632 1861 5703">
    <p class='ocr_par' dir='ltr' id='par_1_110' title="bbox 268 5632 1861 5703">
     <span class='ocr_line' id='line_1_110' title="bbox 268 5632 1861 5703; baseline -0.005 -14"><span class='ocrx_word' id='word_1_760' title='bbox 268 5632 404 5691; x_wconf 74' lang='lat' dir='ltr'><strong>thici</strong></span> <span class='ocrx_word' id='word_1_761' title='bbox 448 5640 631 5703; x_wconf 48' lang='lat' dir='ltr'><strong>populi</strong></span> <span class='ocrx_word' id='word_1_762' title='bbox 667 5644 721 5688; x_wconf 88' lang='lat' dir='ltr'><strong>et</strong></span> <span class='ocrx_word' id='word_1_763' title='bbox 754 5636 1012 5695; x_wconf 87' lang='lat' dir='ltr'><strong>llnnniei,</strong></span> <span class='ocrx_word' id='word_1_764' title='bbox 1049 5634 1355 5687; x_wconf 78' lang='lat' dir='ltr'><strong>I’atzinacis</strong></span> <span class='ocrx_word' id='word_1_765' title='bbox 1383 5642 1437 5686; x_wconf 86' lang='lat' dir='ltr'><strong>et</strong></span> <span class='ocrx_word' id='word_1_766' title='bbox 1472 5632 1687 5703; x_wconf 63' lang='lat' dir='ltr'><strong>generis</strong></span> <span class='ocrx_word' id='word_1_767' title='bbox 1723 5645 1861 5703; x_wconf 69' lang='lat' dir='ltr'><strong>pne-</strong></span> 
     </span>
    </p>
   </div>
   <div class='ocr_carea' id='block_1_111' title="bbox 268 5699 1860 5761">
    <p class='ocr_par' dir='ltr' id='par_1_111' title="bbox 268 5699 1860 5761">
     <span class='ocr_line' id='line_1_111' title="bbox 268 5699 1860 5761; baseline -0.004 -2"><span class='ocrx_word' id='word_1_768' title='bbox 268 5699 487 5761; x_wconf 33' lang='lat' dir='ltr'><strong>stantt’a</strong></span> <span class='ocrx_word' id='word_1_769' title='bbox 523 5699 577 5759; x_wconf 65' lang='lat' dir='ltr'><strong>et</strong></span> <span class='ocrx_word' id='word_1_770' title='bbox 628 5705 978 5757; x_wconf 83' lang='lat' dir='ltr'><strong>multitudine</strong></span> <span class='ocrx_word' id='word_1_771' title='bbox 1021 5705 1160 5757; x_wconf 85' lang='lat' dir='ltr'><strong>haud</strong></span> <span class='ocrx_word' id='word_1_772' title='bbox 1199 5699 1523 5759; x_wconf 80' lang='lat' dir='ltr'><strong>inferiores.</strong></span> <span class='ocrx_word' id='word_1_773' title='bbox 1561 5699 1695 5755; x_wconf 72' lang='lat' dir='ltr'><strong>[lusi</strong></span> <span class='ocrx_word' id='word_1_774' title='bbox 1725 5699 1860 5753; x_wconf 13' lang='lat' dir='ltr'><strong>ﬁliai-</strong></span> 
     </span>
    </p>
   </div>
   <div class='ocr_carea' id='block_1_112' title="bbox 269 5770 1855 5843">
    <p class='ocr_par' dir='ltr' id='par_1_112' title="bbox 269 5770 1855 5843">
     <span class='ocr_line' id='line_1_112' title="bbox 269 5770 1855 5843; baseline -0.003 -14"><span class='ocrx_word' id='word_1_775' title='bbox 269 5777 491 5831; x_wconf 75' lang='lat' dir='ltr'><strong>mundo</strong></span> <span class='ocrx_word' id='word_1_776' title='bbox 520 5777 584 5827; x_wconf 78' lang='lat' dir='ltr'><strong>de</strong></span> <span class='ocrx_word' id='word_1_777' title='bbox 614 5776 809 5843; x_wconf 68' lang='lat' dir='ltr'><strong>Agim,</strong></span> <span class='ocrx_word' id='word_1_778' title='bbox 841 5786 895 5827; x_wconf 87' lang='lat' dir='ltr'><strong>et</strong></span> <span class='ocrx_word' id='word_1_779' title='bbox 922 5772 1241 5834; x_wconf 84' lang='lat' dir='ltr'><strong>Tudebodo,</strong></span> <span class='ocrx_word' id='word_1_780' title='bbox 1279 5774 1371 5826; x_wconf 88' lang='lat' dir='ltr'><strong>lib.</strong></span> <span class='ocrx_word' id='word_1_781' title='bbox 1408 5787 1443 5825; x_wconf 87' lang='lat' dir='ltr'><strong>tt</strong></span> <span class='ocrx_word' id='word_1_782' title='bbox 1476 5771 1628 5825; x_wconf 76' lang='lat' dir='ltr'><strong>dicti.</strong></span> <span class='ocrx_word' id='word_1_783' title='bbox 1666 5770 1737 5824; x_wconf 83' lang='lat' dir='ltr'><strong>De</strong></span> <span class='ocrx_word' id='word_1_784' title='bbox 1771 5771 1855 5824; x_wconf 84' lang='lat' dir='ltr'><strong>bis</strong></span> 
     </span>
    </p>
   </div>
   <div class='ocr_carea' id='block_1_113' title="bbox 532 5867 1279 5931">
    <p class='ocr_par' dir='ltr' id='par_1_113' title="bbox 532 5867 1279 5931">
     <span class='ocr_line' id='line_1_113' title="bbox 532 5867 1279 5931; baseline 0 -1"><span class='ocrx_word' id='word_1_785' title='bbox 532 5872 815 5930; x_wconf 72' lang='lat' dir='ltr'><strong>PATROL.</strong></span> <span class='ocrx_word' id='word_1_786' title='bbox 845 5869 963 5929; x_wconf 78' lang='lat' dir='ltr'><strong>Gn.</strong></span> <span class='ocrx_word' id='word_1_787' title='bbox 1007 5867 1101 5931; x_wconf 74' lang='lat' dir='ltr'><strong>CX</strong></span> <span class='ocrx_word' id='word_1_788' title='bbox 1116 5868 1279 5930; x_wconf 75' lang='lat' dir='ltr'><strong>XXI.</strong></span> 
     </span>
    </p>
   </div>
   <div class='ocr_carea' id='block_1_114' title="bbox 1966 5471 3540 5554">
    <p class='ocr_par' dir='ltr' id='par_1_114' title="bbox 1966 5471 3540 5554">
     <span class='ocr_line' id='line_1_114' title="bbox 1966 5471 3540 5554; baseline -0.008 -19"><span class='ocrx_word' id='word_1_789' title='bbox 1966 5493 2138 5554; x_wconf 69' lang='lat' dir='ltr'><strong>agunt</strong></span> <span class='ocrx_word' id='word_1_790' title='bbox 2170 5480 2416 5554; x_wconf 75' lang='lat' dir='ltr'><strong>Zonaras</strong></span> <span class='ocrx_word' id='word_1_791' title='bbox 2452 5481 2505 5533; x_wconf 91' lang='lat' dir='ltr'><strong>in</strong></span> <span class='ocrx_word' id='word_1_792' title='bbox 2560 5479 2747 5554; x_wconf 86' lang='lat' dir='ltr'><strong>Const.</strong></span> <span class='ocrx_word' id='word_1_793' title='bbox 2793 5478 2938 5554; x_wconf 61' lang='lat' dir='ltr'><strong>Dura</strong></span> <span class='ocrx_word' id='word_1_794' title='bbox 2970 5485 3022 5531; x_wconf 88' lang='lat' dir='ltr'><strong>et</strong></span> <span class='ocrx_word' id='word_1_795' title='bbox 3059 5477 3331 5554; x_wconf 38' lang='lat' dir='ltr'><strong>[inmanoﬁ</strong></span> <span class='ocrx_word' id='word_1_796' title='bbox 3358 5471 3540 5554; x_wconf 72' lang='lat' dir='ltr'><strong>Diog.;</strong></span> 
     </span>
    </p>
   </div>
   <div class='ocr_carea' id='block_1_115' title="bbox 1968 5541 3542 5626">
    <p class='ocr_par' dir='ltr' id='par_1_115' title="bbox 1968 5541 3542 5626">
     <span class='ocr_line' id='line_1_115' title="bbox 1968 5541 3542 5626; baseline -0.01 -17"><span class='ocrx_word' id='word_1_797' title='bbox 1968 5541 2236 5626; x_wconf 51' lang='lat' dir='ltr'><strong>Si-ylitzcs</strong></span> <span class='ocrx_word' id='word_1_798' title='bbox 2273 5554 2325 5604; x_wconf 90' lang='lat' dir='ltr'><strong>in</strong></span> <span class='ocrx_word' id='word_1_799' title='bbox 2363 5551 2723 5626; x_wconf 54' lang='lat' dir='ltr'><strong>alonomaclto</strong></span> <span class='ocrx_word' id='word_1_800' title='bbox 2758 5556 2811 5600; x_wconf 92' lang='lat' dir='ltr'><strong>et</strong></span> <span class='ocrx_word' id='word_1_801' title='bbox 2843 5546 3261 5626; x_wconf 47' lang='lat' dir='ltr'><strong>CanADUCi-IIE</strong></span> <span class='ocrx_word' id='word_1_802' title='bbox 3292 5541 3542 5626; x_wconf 58' lang='lat' dir='ltr'><strong>Porph!-</strong></span> 
     </span>
    </p>
   </div>
   <div class='ocr_carea' id='block_1_116' title="bbox 1970 5613 3547 5689">
    <p class='ocr_par' dir='ltr' id='par_1_116' title="bbox 1970 5613 3547 5689">
     <span class='ocr_line' id='line_1_116' title="bbox 1970 5613 3547 5689; baseline 0.003 -16"><span class='ocrx_word' id='word_1_803' title='bbox 1970 5613 2287 5689; x_wconf 57' lang='lat' dir='ltr'><strong>rogenncta,</strong></span> <span class='ocrx_word' id='word_1_804' title='bbox 2353 5620 2425 5671; x_wconf 81' lang='lat' dir='ltr'><strong>De</strong></span> <span class='ocrx_word' id='word_1_805' title='bbox 2496 5618 2809 5689; x_wconf 18' lang='lat' dir='ltr'><strong>admtimp.</strong></span> <span class='ocrx_word' id='word_1_806' title='bbox 2870 5631 2991 5684; x_wconf 73' lang='lat' dir='ltr'><strong>cap.</strong></span> <span class='ocrx_word' id='word_1_807' title='bbox 3053 5618 3128 5680; x_wconf 87' lang='lat'><strong>9,</strong></span> <span class='ocrx_word' id='word_1_808' title='bbox 3198 5613 3547 5689; x_wconf 58' lang='lat' dir='ltr'><strong>10__9‘_5f7_;</strong></span> 
     </span>
    </p>
   </div>
   <div class='ocr_carea' id='block_1_117' title="bbox 1969 5681 3540 5759">
    <p class='ocr_par' dir='ltr' id='par_1_117' title="bbox 1969 5681 3540 5759">
     <span class='ocr_line' id='line_1_117' title="bbox 1969 5681 3540 5759; baseline -0.008 -10"><span class='ocrx_word' id='word_1_809' title='bbox 1969 5681 2217 5749; x_wconf 68' lang='lat' dir='ltr'><strong>Tietztes.</strong></span> <span class='ocrx_word' id='word_1_810' title='bbox 2252 5681 2472 5751; x_wconf 88' lang='lat' dir='ltr'><strong>cbil..8,</strong></span> <span class='ocrx_word' id='word_1_811' title='bbox 2503 5702 2623 5759; x_wconf 82' lang='lat' dir='ltr'><strong>cap.</strong></span> <span class='ocrx_word' id='word_1_812' title='bbox 2642 5681 2782 5759; x_wconf 60' lang='grc' dir='ltr'>εει,</span> <span class='ocrx_word' id='word_1_813' title='bbox 2814 5697 2869 5742; x_wconf 84' lang='lat' dir='ltr'><strong>et</strong></span> <span class='ocrx_word' id='word_1_814' title='bbox 2900 5681 3073 5754; x_wconf 82' lang='lat' dir='ltr'><strong>Anna,</strong></span> <span class='ocrx_word' id='word_1_815' title='bbox 3101 5701 3223 5759; x_wconf 82' lang='lat' dir='ltr'><strong>pag.</strong></span> <span class='ocrx_word' id='word_1_816' title='bbox 3258 5681 3540 5749; x_wconf 73' lang='lat'><strong>170,201.</strong></span> 
     </span>
    </p>
   </div>
   <div class='ocr_carea' id='block_1_118' title="bbox 2038 5757 2685 5837">
    <p class='ocr_par' dir='ltr' id='par_1_118' title="bbox 2038 5757 2685 5837">
     <span class='ocr_line' id='line_1_118' title="bbox 2038 5757 2685 5837; baseline -0.008 -20"><span class='ocrx_word' id='word_1_817' title='bbox 2038 5764 2173 5837; x_wconf 74' lang='grc'><strong>(61⁸)</strong></span> <span class='ocrx_word' id='word_1_818' title='bbox 2206 5760 2359 5817; x_wconf 88' lang='lat' dir='ltr'><strong>Iliad.</strong></span> <span class='ocrx_word' id='word_1_819' title='bbox 2388 5775 2449 5829; x_wconf 85' lang='lat' dir='ltr'><strong>ll,</strong></span> <span class='ocrx_word' id='word_1_820' title='bbox 2481 5775 2531 5815; x_wconf 80' lang='grc' dir='ltr'><strong>ν.</strong></span> <span class='ocrx_word' id='word_1_821' title='bbox 2557 5757 2685 5813; x_wconf 75' lang='lat'><strong>226.</strong></span> 
     </span>
    </p>
   </div>
  </div>
