4022 6270
443 394 554 458 ὲίὲτ

1745 379 1976 441 ᾹΝΝΆΕ
2015 377 2402 442 ΕΟΜΝΕΝᾹΞ

3571 375 3664 442 428

443 523 555 580 tur,
601 511 826 566 armatis
857 505 1113 579 precibus
1145 499 1420 572 stipendia
1451 495 1701 568 proxime
1763 495 2051 567 ‘lapsorum
2132 505 2403 550 annorum
2469 505 2707 563 quatuor
2766 492 2868 548 sibi
2920 492 3040 548 sine
3095 489 3202 546 ulla
3253 506 3400 548 mora
3453 495 3661 564 persolvi

443 609 865 664 contendentes.
930 601 1156 656 Frustra
1218 600 1309 654 ille
1366 593 1678 652 diﬂ‘undere
1733 591 2021 664 quaerebat
2065 591 2232 658 diem,
2267 599 2358 642 aut
2422 603 2574 659 spem
2629 586 2914 643 eludendm
2979 585 3261 658 petitionis
3307 586 3356 639 in
3403 583 3666 642 cunctandi

443 713 562 759 arte
593 700 913 770 reponebat.
945 694 1026 749 llli
1069 691 1252 748 obnixi
1304 699 1357 745 et
1392 706 1421 745 a
1477 697 1763 760 proposnto
1809 685 2119 742 immobiles
2153 698 2222 738 ne
2259 682 2452 735 lroram
2531 681 2753 752 quidem
2825 677 3206 750 indulgebant.
3269 675 3401 742 Quid
3461 676 3664 736 faceret,

439 810 568 852 nam
597 765 748 862 requa
784 798 840 844 et
871 801 1001 842 vere
1025 784 1131 838 sibi
1160 781 1342 836 debita
1373 779 1672 852 petebant?
1701 778 1840 834 Cum
1869 777 2016 832 aliud
2058 791 2170 831 non
2209 782 2421 846 posset,
2453 771 2726 843 Bryennio
2777 771 3156 825 conunendata
3223 765 3486 834 Castoxia,
3559 784 3672 823 arce

445 902 575 954 vero
599 857 932 940 Poloborum
963 873 1112 930 Petri
1187 869 1400 942 Aliplize
1463 869 1730 926 custodiae
1769 869 2094 934 commissa,
2136 867 2254 937 ipse
2289 863 2559 920 Anionem
2607 861 2798 932 petiit;
2833 861 2977 932 quod
3019 875 3144 914 cum
3198 857 3488 928 imperator
3535 867 3671 914 certo

443 977 832 1048 comperisset,
861 970 918 1024 in
947 967 1135 1022 urbem
1169 964 1374 1034 regiam
1421 963 1600 1018 victor
1631 963 1882 1016 invectus
1908 966 2014 1015 est.

515 1039 596 1128 lbi
636 1084 765 1124 vero
792 1080 916 1121 cum
949 1061 1324 1135 perturbatam
1352 1055 1673 1112 oil‘endisset
1707 1054 2012 1110 Ecclesiam

2193 1045 2535 1106 Καταλαϐὼν
2567 1045 2623 1100 δὲ
2660 1043 2888 1114 ταύτην,
2923 1043 3020 1100 καὶ
3051 1045 3106 1098 ἐν
3147 1040 3412 1110 συγχύσει
3446 1039 3513 1095 τὰ
3550 1043 3678 1095 κατᾶ

445 1157 926 1223 factionibnslta-li
977 1152 1264 1224 cujusdam
1315 1163 1511 1204 novam
1568 1145 1818 1202 haeresim
1862 1159 2021 1216 spar-

447 1255 652 1326 gentis,
690 1251 773 1304 vir
800 1247 892 1318 qui
925 1243 1292 1314 apostolicum
1321 1249 1516 1309 peetus
1571 1237 1848 1306 augustali
1893 1251 2026 1306 pur-

439 1359 585 1417 pura
639 1347 872 1410 tegeret,
928 1333 1100 1398 nulla,
1148 1330 1400 1400 quamvis
1435 1327 1747 1382 necessaria
1791 1335 1914 1396 post
1947 1335 2027 1380 tot

449 1413 726 1490 militares
779 1428 1018 1488 labores,
1073 1423 1260 1490 quiete
1321 1427 1560 1488 gustata,
1624 1413 1840 1470 bellicis
1893 1413 2024 1482 quin

447 1525 638 1586 etiam,
681 1529 957 1586 utcunque
982 1517 1264 1581 urgerent,
1309 1510 1362 1563 in
1401 1507 1550 1561 aliud
1589 1515 1806 1574 tempus
1838 1503 2026 1558 dilatis

443 1616 626 1676 curis,
657 1605 961 1680 expellendi
993 1601 1240 1658 Castoria
1279 1597 1560 1670 Bryennii,
1613 1604 1787 1656 totum
1841 1611 1900 1650 se
1925 1593 2028 1648 im-

449 1706 642 1777 pendit
676 1715 817 1756 novo
851 1693 1091 1766 dogmati
1123 1689 1438 1754 refutando,
1477 1687 1850 1758 Ecclesimque
1874 1687 2027 1757 paci-

451 1792 698 1851 tieandze.
738 1789 892 1844 illud
919 1785 1171 1840 modicus
1202 1783 1290 1836 hic
1317 1781 1584 1835 tumultus
1617 1780 1743 1834 fuit.
1767 1779 1842 1833 De
1866 1779 2027 1848 cnj‘us

449 1897 680 1943 auctore
711 1881 872 1954 paulo
906 1877 1245 1948 diligentius,
1286 1875 1520 1943 repetita
1563 1889 1626 1926 ex
1657 1870 1790 1940 ipsis
1821 1869 2028 1940 princi-

449 1979 560 2047 piis
585 1974 880 2038 memoria,
912 1968 1292 2026 disserendum
1327 1976 1432 2022 est.
1467 1964 1596 2020 Fuit
1625 1965 1670 2020 is
1703 1971 1760 2017 ut
1783 1963 2025 2027 nomine,

451 2071 532 2126 sic
561 2077 614 2123 et
659 2064 874 2134 origine
916 2061 1116 2124 Italus,
1169 2059 1262 2112 ditt
1317 2067 1496 2110 tamen
1549 2061 1922 2107 commoratus
1972 2052 2028 2106 in

454 2159 667 2214 Sicilia.
703 2155 885 2210 Insula
916 2167 980 2208 ea
1011 2160 1094 2205 est
1127 2147 1293 2203 Italiae
1320 2148 1480 2217 juxta
1534 2145 1820 2214 obiacens.
1856 2143 2029 2213 Cujus

455 2250 648 2306 incola:
677 2245 909 2302 Romani
941 2241 1154 2312 imperii
1196 2241 1388 2310 jugum
1447 2247 1710 2292 excutere
1764 2243 2031 2291 conantes

455 2353 713 2411 magnum
745 2337 800 2390 in
833 2351 892 2391 se
917 2334 1121 2390 bellum
1159 2331 1541 2394 concitarunt,
1582 2343 1679 2400 per
1711 2327 1857 2398 quod
1887 2339 2034 2397 opus

2126 1140 2226 1212 τὴν
2269 1137 2598 1210 Ἐκκλησίαν
2631 1135 2826 1208 εὑρὼν,
2859 1135 2978 1189 οὐδὲ
3011 1134 3148 1204 πρὸς
3185 1133 3392 1204 βραχύν
3425 1151 3545 1187 τινα
3563 1134 3680 1204 19'3-

2127 1249 2216 1286 νον
2251 1229 2490 1292 ἀνέσεως
2539 1229 2751 1298 ἔτυχεν.
2818 1227 2962 1282 Ἀλλ’
3011 1227 3195 1288 ὁποῖος
3227 1227 3437 1288 ἐκεῖνος
3470 1226 3685 1278 ἀποστο-

2128 1325 2280 1390 λικὸς
2332 1323 2429 1388 ὢν,
2475 1323 2600 1376 ἐπεὶ
2643 1321 3060 1394 κυμαινομένην
3103 1323 3216 1382 τοῖς
3255 1315 3351 1370 τοῦ
3409 1317 3604 1370 ’Ῑταλου
3647 1315 3686 1346 ’⁸

2127 1419 2365 1488 δόγμασι
2402 1417 2500 1488 τὴν
2549 1413 2880 1484 Ἐκκλησίαν
2913 1405 3062 1483 εὗρε,
3091 1411 3196 1464 κᾶν
3239 1411 3334 1464 καὶ
3363 1409 3456 1462 τοῦ
3490 1411 3531 1441 ¹⁹
3563 1411 3690 1479 Βρυ-

2130 1511 2303 1568 εννίου
2337 1509 2660 1562 ἐϐουλεύετο
2709 1491 2939 1576 (Κελτὸς
2974 1505 3032 1558 δὲ
3063 1497 3222 1565 οὗτος
3255 1501 3356 1574 τὴν
3391 1503 3689 1570 Καστορίαν

2131 1599 2424 1672 κατασχὼν
2456 1600 2531 1663 ὡς
2572 1599 2840 1672 εἴρηται),
2868 1597 2984 1650 ἀλλ’
3031 1595 3141 1649 οὐδ’
3171 1595 3347 1658 οὕτως
3392 1596 3579 1666 ἡμέλει
3610 1595 3693 1646 τοῦ

2130 1695 2422 1764 δόγματος.
2466 1690 2593 1744 Ἐπὶ
2618 1691 2826 1753 τούτοις
2851 1689 2956 1760 γὰρ
2985 1687 3075 1740 καὶ
3109 1689 3176 1740 τὰ
3219 1685 3360 1740 κατὰ
3388 1689 3480 1738 τῦν
3511 1684 3693 1738 Ἰταλὸν

2131 1789 2258 1857 περὶ
2298 1787 2397 1856 τῆς
2435 1783 2699 1855 αἱρέσεως
2749 1781 2843 1836 τοῦ
2863 1779 3163 1835 1τιίταλικοῠ
3209 1775 3557 1848 ἐϐλάστησαν
3609 1795 3699 1848 με·

2131 1879 2314 1950 γάλως
2346 1877 2446 1947 τὴν
2508 1874 2840 1946 Ἐκκλησίαν
2871 1874 3318 1944 συνταράττοντα
3352 1871 3422 1924 ¹⁰.
3459 1865 3618 1932 Οὗτος
3651 1869 3702 1922 δὲ

2130 1974 2160 2028 ὁ
2206 1969 2406 2034 Ἰταλὸς
2460 1969 2561 2040 (δεῖ
2595 1967 2703 2039 γὰρ
2736 1966 2805 2020 τὰ
2837 1965 2958 2021 κατ’
2997 1965 3158 2020 αὐτὸν
3215 1963 3278 2029 ἐξ
3328 1965 3501 2036 ἀρχῆς
3529 1964 3568 1996 ¹¹
3601 1963 3707 2032 διη-

2131 2059 2428 2132 γήσασθαι)
2458 2057 2684 2130 ὥρμητο
2717 2058 2816 2128 μὲν
2845 2057 2903 2124 ἐξ
2936 2055 3168 2120 Ἰταλίας
3194 2057 3300 2110 καί
3327 2057 3384 2108 ἐν
3412 2057 3476 2126 τῇ
3505 2052 3708 2122 Σικελία

2133 2151 2218 2220 ἐφ’
2293 2147 2480 2203 ἰκανὸν
2552 2148 2823 2219 διέτριψε·
2883 2145 3048 2218 νῆσος
3093 2143 3150 2199 δὲ
3195 2145 3350 2216 αὕτη
3407 2146 3576 2215 ἀγχοῦ
3623 2144 3712 2214 τῆς

2144 2242 2381 2306 Ἰταλίας
2415 2242 2760 2314 διακειμένη.
2798 2243 2860 2294 Οί
2895 2241 3004 2312 γὰρ
3037 2237 3265 2293 Σικελοὶ
3310 2239 3423 2310 (6'2)
3456 2235 3713 2291 ἀποστάν-

2133 2350 2224 2398 τες
2248 2336 2348 2406 τῆς
2408 2335 2699 2406 Ῥωμαίων
2761 2331 2959 2405 ἀρχῆς,
3019 2333 3112 2386 καὶ
3160 2335 3254 2394 εἰς
3307 2331 3546 2400 πόλεμον
3606 2323 3716 2380 κατ’

455 2429 769 2484 habuerunt
785 2423 984 2479 auxilia
1005 2437 1074 2476 ex
1090 2421 1265 2476 vicina
1282 2419 1414 2488 ipsis
1431 2427 1486 2472 et
1519 2417 1730 2472 favente
1757 2430 2038 2472 accersere

2142 2423 2324 2476 αὐτῶν
2353 2424 2450 2478 καὶ
2486 2425 2669 2494 μάχας
2696 2421 3140 2486 ἀπονενευκότες,
3179 2421 3324 2484 τοὺς
3384 2417 3612 2480 Ἰταλοὺς
3643 2415 3718 2478 είς

455 2515 633 2572 Italia.
653 2513 772 2570 Tali
802 2512 1092 2568 occasione
1123 2511 1279 2564 miles
1297 2524 1361 2564 eo
1393 2508 1654 2578 aspiravit
1685 2505 1806 2562 Itali
1841 2513 2033 2575 pater;

457 2609 686 2665 ﬁliolum
745 2620 936 2661 secum
985 2604 1223 2666 ducens,
1281 2603 1560 2656 sarcinam
1626 2600 1812 2654 verius
1869 2614 2035 2670 quam

466 2702 686 2756 socium
743 2698 976 2760 militiae,
1021 2695 1224 2766 quippe
1279 2693 1420 2748 inira
1474 2701 1688 2748 aetatem
1745 2691 2035 2746 militarem

461 2805 722 2862 puerum,
753 2789 1109 2844 meditantem
1170 2797 1350 2840 tamen
1393 2783 1507 2854 jam
1559 2792 1674 2839 tum
1729 2799 1830 2854 pro
1874 2791 2037 2852 captu

460 2881 691 2938 bellicas
739 2893 826 2934 res
853 2914 868 2941 ,
930 2875 1406 2944 assultantemque
1450 2873 1698 2946 vestigiis
1747 2874 2037 2944 paternis,

465 2983 634 3043 atque
670 2977 1084 3026 assuescentem
1115 2967 1269 3022 duris
1303 2982 1331 3020 a
1379 2973 1570 3021 tenero
1620 2973 1680 3022 ut
1724 2981 1841 3020 mos
1891 2963 2040 3018 Itali-

468 3079 662 3122 corum
709 3072 834 3128 cst,
893 3070 951 3115 et
990 3059 1096 3115 sub
1123 3067 1352 3129 parente
1398 3057 1661 3128 magistro
1711 3054 2038 3126 tyrocinium

465 3164 778 3228 ponentem.
810 3151 936 3208 Haec
965 3153 1142 3223 prima
1169 3149 1442 3205 inStitutio
1466 3148 1715 3218 pueritia:
1747 3147 1867 3200 ltali
1895 3144 2038 3210 fuit;

469 3249 575 3305 hoc
632 3247 1052 3304 fundamentum
1107 3243 1416 3298 litterarmn
1464 3239 1520 3296 et
1573 3240 1874 3305 doctrinae;
1931 3253 2040 3292 non

469 3335 704 3392 Athenis
759 3343 855 3388 aut
917 3335 970 3388 in
1020 3332 1233 3400 schola,
1277 3331 1374 3387 sed
1423 3331 1480 3386 in
1531 3329 1717 3386 Sicilia
1751 3337 1806 3384 et
1841 3329 2042 3385 castris

467 3429 735 3502 positum.
781 3425 942 3498 144
992 3426 1126 3479 Cum
1193 3439 1324 3480 vero
1389 3423 1590 3479 exinde
1651 3423 1892 3494 inclytus
1954 3423 2044 3482 ille

469 3521 740 3590 Georgius
793 3519 1092 3582 Maniaces,
1148 3517 1453 3586 imperante
1499 3515 1900 3581 Monomaelto,
1957 3523 2042 3587 ly-

471 3610 704 3668 rannide
731 3616 1040 3680 assumpta,
1077 3607 1320 3662 Siciliam
1349 3613 1696 3676 occupasset,
1724 3621 1866 3676 aegre
1896 3607 2046 3661 illinc

473 3703 596 3758 Itali
627 3711 782 3772 pater
823 3699 1036 3772 trepida
1087 3699 1214 3770 fuga
1263 3713 1388 3753 cum
1451 3697 1561 3752 [ilio
1615 3713 1674 3753 se
1731 3698 1939 3768 recepit
1989 3700 2044 3752 in

472 3797 917 3868 Longobardiam
977 3793 1244 3850 Romanis
1297 3793 1598 3862 subiectam
1645 3791 1848 3847 adhuc.
1910 3791 2050 3848 Hinc

471 3890 587 3961 jam
641 3889 826 3944 nescio
881 3901 989 3956 quo
1043 3901 1176 3942 casu
1232 3901 1408 3956 quave
1457 3884 1678 3940 fortuna
1725 3887 1827 3939 iste
1879 3883 2048 3940 Italus

474 3979 1008 4048 Constantinopolim
1062 3977 1234 4041 venit,
1288 3977 1342 4030 in
1387 3977 1578 4031 urbem
1611 3975 1939 4031 eruditionis
1994 3983 2050 4030 et

477 4074 612 4128 artis
641 4069 1008 4127 ratiocinandi
1041 4084 1384 4138 nequaquam
1433 4077 1547 4121 tum
1578 4084 1825 4136 egenam.
1860 4066 2050 4132 Quan-

475 4178 638 4236 quam
678 4163 822 4218 enim
861 4161 988 4214 inde
1027 4173 1202 4228 usque
1235 4173 1262 4210 a
1315 4157 1626 4225 principatu
1681 4156 1868 4210 Basilii
1915 4155 2051 4210 Por-

475 4254 844 4326 phyrogcniti,
888 4252 954 4305 ad
1005 4249 1157 4320 prius
1199 4255 1563 4302 memoratum
1609 4248 1900 4318 imperium
1939 4247 2054 4304 Mo-

477 4345 758 4409 nomachi,
812 4341 1053 4397 melioris
1094 4339 1363 4395 doctrina:
1407 4339 1650 4394 studium
1693 4357 1721 4394 a
1775 4341 2052 4410 plerisque

479 4438 790 4508 neglectum
843 4433 1134 4502 iacuerat,
1187 4448 1295 4487 non
1351 4441 1532 4488 tamen
1596 4443 1654 4488 ut
1718 4436 2050 4490 exstinctum

479 4530 749 4600 planeque
783 4525 1053 4594 sepultum
1085 4531 1252 4579 esset.
1287 4521 1508 4580 Exstitit
1532 4541 1663 4596 ergo
1683 4535 1848 4596 atque
1877 4543 2053 4582 emer-

479 4621 550 4675 sit
603 4617 900 4682 illustrius,
965 4615 1263 4670 excitatum
1329 4616 1563 4686 ingeniis
1631 4618 2052 4684 excellentibus,

484 4711 727 4782 qualium
758 4711 906 4766 circa
949 4720 1196 4781 tempora
1225 4709 1576 4777 imperatoris
1609 4710 1786 4766 Alcxii
1820 4701 2052 4783 magnus

483 4811 784 4876 proventus
835 4805 1108 4873 apparuit.
1173 4801 1211 4856 li
1263 4801 1410 4857 serio
1458 4817 1641 4857 veram
1691 4805 2051 4862 eruditionem

483 4899 875 4968 arripuerunt;
924 4905 1166 4966 nugante
1222 4906 1349 4950 ante
1417 4895 1518 4951 hac
1572 4895 1686 4962 fere
1741 4898 2050 4970 juventnte,

480 4993 786 5060 otiosisque
819 4987 1074 5056 aucupiis
1108 4987 1518 5053 cotliurnicum,
1557 4999 1647 5042 aut
1685 4989 1808 5044 aliis
1855 5005 2052 5060 expro-

2140 2516 2464 2586 συμμαχίαν
2501 2513 2970 2586 προύκαλέσαντο,
3009 2512 3128 2583 μεθ’
3157 2505 3246 2565 ὧν
3277 2510 3376 2565 καὶ
3407 2512 3434 2563 ὁ
3467 2508 3561 2562 τοῦ
3601 2508 3720 2562 Ἰτα-

2138 2603 2232 2656 λοῢ
2267 2605 2450 2674 πατὴρ
2481 2599 2569 2674 ἦν,
2591 2604 2729 2672 ἔχων
2764 2603 2857 2654 καὶ
2885 2601 2975 2655 τὸν
3007 2601 3173 2654 παῖδα
3216 2602 3346 2672 μεθ’
3387 2597 3602 2662 ἑαυτοῦ,
3625 2596 3715 2650 κᾶν

2143 2695 2218 2766 μὴ
2251 2694 2656 2764 στρατεύσιμον
2689 2697 2733 2726 ³³
2767 2689 2884 2764 εἶχε
2917 2692 3016 2766 τὴν
3043 2691 3301 2764 ἡλικίαν,
3357 2691 3716 2766 συνεφεπόμε-

2139 2805 2230 2842 νον
2261 2789 2432 2859 τούτῳ
2463 2789 2556 2842 καὶ
2577 2787 3150 2858 συμπαρασκαίροντα
3187 2787 3290 2841 καὶ
3327 2787 3398 2840 τὰ
3431 2785 3711 2854 πολεμικὰ,

2139 2875 2228 2934 οἶα
2295 2884 2366 2936 τὰ
2416 2882 2526 2934 τῶν
2585 2881 2804 2934 Ἰταλῶν
2871 2880 3304 2950 παιδευόμενον.
3365 2881 3450 2934 Τὰ
3506 2878 3601 2950 μὲν
3644 2869 3725 2930 οὖν

2141 2971 2336 3046 πρῶτα
2393 2974 2490 3040 τῆς
2536 2971 2754 3044 ἡλικίας
2804 2971 2976 3035 οὕτως
3005 2967 3119 3042 εἶχε
3156 2972 3250 3042 τῷ
3302 2971 3520 3044 Ἰταλῷ,
3563 2970 3651 3024 καὶ
3695 2969 3726 3038 ή

2143 3066 2337 3136 πρώτη
2393 3065 2617 3136 τοιαύτη
2671 3065 2846 3132 τούτῳ
2895 3063 3186 3132 καταϐολὴ
3221 3065 3326 3135 τῆς
3381 3063 3730 3124 παιδεύσεως.

2155 3155 2383 3210 Ἐπεὶδὲ
2412 3157 2438 3209 ὁ
2463 3157 2674 3219 κλεινὸς
2692 3155 2967 3226 Γεώργιος
3001 3156 3223 3220 ἐκεῖνος
3247 3157 3276 3207 ὁ
3301 3155 3619 3226 Μανιάκης,
3643 3149 3730 3204 τοῦ

2142 3247 2476 3320 Μονομάχου
2518 3249 2588 3304 τὰ
2639 3250 2899 3320 σκῆπτρα
2943 3247 3044 3317 τῆς
3079 3243 3404 3320 Ῥωμαίων
3443 3249 3737 3312 διέποντος,

2144 3341 2492 3411 τυραννήσας
2521 3341 2617 3412 τὴν
2660 3341 2916 3395 Σικελίαν
2957 3343 3226 3413 κατέσχε,
3281 3343 3449 3414 μόλις
3488 3338 3738 3394 ἐκεῖθενὸ

2145 3431 2239 3486 τοῦ
2279 3431 2486 3486 Ἰταλοῦ
2521 3433 2701 3504 πατὴρ
2730 3433 2826 3488 καὶ
2857 3435 2948 3486 τὸν
2981 3419 3147 3486 παῖδα
3193 3435 3616 3507 ἐπιψερόμενος
3652 3430 3740 3484 πε-

2148 3540 2338 3593 φευγε.
2375 3523 2484 3578 Καὶ
2521 3525 2602 3586 εἰς
2632 3523 3034 3598 Λογγιϐαρδίαν
3083 3525 3340 3593 φυγάδες
3370 3528 3542 3596 ἄμφω
3588 3523 3743 3593 κατή-

2146 3613 2358 3684 χθησαν
2387 3613 2595 3666 ἕτιύπδ
2655 3613 2962 3682 Ῥωμαίους
3009 3615 3310 3670 τελοῦσαν.
3389 3615 3639 3668 Ἐκεῖθεν
3687 3613 3741 3666 δὲ

2073 3741 2118 3799 c
2151 3697 2304 3766 οὗτος
2332 3705 2359 3756 ό
2398 3704 2620 3768 Ἰταλὸς,
2647 3705 2746 3756 οὐκ
2796 3701 2891 3757 οἷδ’
2934 3704 3102 3769 ὅπως,
3139 3706 3250 3776 τὴν
3294 3703 3742 3760 Κωνσταντινού-

2152 3797 2308 3848 πολιν
2357 3795 2679 3862 κατέλαϐεν,
2716 3797 2935 3868 ἁπάσης
2969 3797 3232 3862 παιδείας
3271 3801 3374 3854 καὶ
3423 3801 3626 3871 τέχνης
3665 3804 3743 3849 λο-

2151 3887 2317 3958 γικῆς
2365 3887 2466 3942 οὐκ
2503 3889 2698 3952 ἐνδεῶς
2756 3891 3008 3961 ἔχουσαν.
3057 3889 3171 3943 Καὶ
3202 3891 3324 3964 γὰρ
3367 3895 3482 3947 ἀπὸ
3515 3893 3614 3964 τῆς
3662 3892 3754 3943 αύο

2151 3980 2513 4052 τοκρατορίας
2539 3981 2826 4036 Βασιλείου
2852 3981 2948 4035 τοῦ
2983 3983 3548 4057 Πορφυρογεννήτου
3597 3985 3751 4058 μέχρι

2151 4070 2321 4139 αὐτῆς
2347 4071 2446 4140 τῆς
2477 4069 2569 4124 τοῦ
2596 4072 2923 4143 Μονομάχου
2967 4075 3262 4144 βασιλείας
3297 4079 3327 4130 ὁ
3369 4079 3560 4144 λόγος,
3600 4081 3644 4127 εἰ
3671 4077 3757 4127 καὶ

2153 4163 2266 4224 τοῖς
2297 4162 2542 4217 πλείοσιν
2573 4163 2950 4238 ἑῤῥᾳῦύμητο,
2983 4169 3102 4222 ἀλλ’
3134 4169 3238 4224 οὖν
3276 4189 3344 4240 γε
3374 4171 3542 4225 πάλιν
3570 4171 3630 4222 ού
3661 4183 3752 4219 και

2153 4253 2478 4320 ταδεδυκὼς,
2522 4255 2804 4326 ἀνέλαμψε
2834 4259 2929 4310 καὶ
2958 4259 3227 4330 ἁνέθορε,
3259 4267 3365 4316 καὶ
3393 4265 3489 4318 διὰ
3523 4260 3756 4328 σπουδῆς

2153 4349 2266 4409 τοῖς
2303 4346 2608 4416 φιλολόγοις
2671 4349 2894 4416 ἐγένετο
2933 4351 3025 4403 ἐπὶ
3069 4351 3188 4404 τῶν
3233 4355 3467 4426 χρόνων
3526 4351 3760 4415 Ἀλεξίου

2153 4437 2249 4490 τοῦ
2283 4439 2707 4509 αὐτοκράτορος,
2755 4439 2826 4496 τὰ
2864 4443 2972 4509 πρὸ
3024 4443 3229 4497 τούτου
3283 4447 3616 4516 χλιδῶντων
3665 4443 3766 4494 τῶν

2155 4530 2418 4584 πλειόνων
2453 4535 2546 4584 καὶ
2585 4532 2886 4598 παιζόντων
2918 4535 3238 4606 ἀνθρώπων
3294 4541 3400 4592 καὶ
3457 4537 3762 4611 ὀρθυγίαις,

2156 4621 2255 4674 καὶ
2309 4621 2494 4686 ἄλλοις
2545 4625 2786 4694 αἰσχίοσι
2837 4631 3139 4694 παιγνίοις,
3189 4626 3772 4703 ἐνασχολουμὲ-.ων¹“³

2154 4709 2241 4764 διὰ
2270 4711 2366 4784 τὴν
2388 4713 2591 4786 χλιδὴν,
2617 4713 2773 4784 λόγον
2799 4717 2855 4792 δὲ
2884 4719 2975 4771 καὶ
2999 4719 3306 4774 παίδευσιν
3340 4723 3578 4776 ἃπασαν
3601 4736 3772 4789 τῖχνι·

2156 4803 2256 4874 κήν
2285 4805 2344 4857 ἐν
2367 4807 2627 4877 παρέργῳ
2659 4808 2979 4877 τιθεμένων,
3005 4807 3202 4874 υῦτως
3230 4811 3337 4867 οὖν
3375 4815 3514 4878 τοὺς
3541 4807 3774 4865 ἐνταῦθα

2145 4893 2376 4964 ’ἔχοντας
2399 4897 2428 4948 ό
2443 4897 2608 4950 Ἰταλό
2621 4919 2636 4959 ;
2654 4899 2786 4971 εὑρη
2797 4899 2923 4964 κὼς,
2941 4905 3033 4954 καὶ
3047 4901 3330 4972 ἀνδράσιν
3358 4905 3639 4976 ὁμιλήσας
3663 4915 3776 4970 σκο-

2157 4986 2456 5055 λαστικοίς,
2483 4989 2580 5043 καὶ
2601 4991 2940 5061 ἀμειλίκτοις
2963 4995 3056 5046 καὶ
3079 4995 3139 5046 τὸ
3175 4991 3326 5067 ἦθος
3359 4999 3592 5069 ἀγρίοις
3625 4992 3777 5066 (ἦσαν

485 5081 875 5135 brabilioribus
910 5077 1144 5135 ludicris
1169 5087 1384 5133 aetatem
1415 5079 1660 5135 discendi
1695 5097 1792 5150 per
1819 5083 2038 5137 inertem

2161 5079 2270 5148 γὰρ
2297 5080 2418 5132 τότε
2453 5081 2546 5134 καί
2565 5097 2707 5144 τινες
2737 5085 2864 5154 περὶ
2887 5084 2985 5156 τὴν
3018 5083 3462 5156 βασιλεύουσαν
3497 5087 3774 5153 τοιοῦτοι),

477 5169 766 5222 lasciviam
811 5176 1158 5236 conterente,
1213 5165 1270 5220 in
1319 5179 1534 5222 summo
1580 5177 1900 5238 contemptu
1941 5171 2052 5226 cle-

2159 5171 2414 5238 παιδείας
2442 5173 2622 5226 τοίνυν
2653 5175 2875 5248 λογικῆς
2907 5177 2966 5244 ἐξ
3005 5177 3250 5234 ἐκείνων
3307 5181 3650 5256 μετασχὼν,
3691 5179 3779 5232 καὶ

1514 5305 1714 5368 Varim
1758 5306 2066 5372 lectiones
2109 5315 2350 5376 excod.
2385 5315 2656 5381 Coislin.

553 5427 596 5462 “
637 5427 930 5488 Ἰταλικοῦ.
1011 5430 1053 5462 ⁸³
1071 5425 1216 5484 κατὰ
1241 5426 1359 5484 τοῦ.
1429 5430 1476 5462 ²⁰
1501 5430 1862 5502 ταράττοντα.
1926 5431 1968 5462 ²¹
2001 5433 2178 5504 ἀρχῆς
2217 5439 2412 5510 αὐτῆς.

2501 5442 2546 5472 ’³
2583 5443 2922 5511 στρατεύειν.
3007 5445 3053 5476 ⁸³
3081 5444 3576 5524 ἀσχολουμένων.

1553 5564 1694 5630 Car.
1741 5567 2074 5632 Dulresnii
2111 5573 2208 5634 Du
2244 5571 2466 5654 Cangii
2503 5589 2694 5640 notas.

783 5709 1186 5808 γᾲοηξικελοί.
1219 5705 1293 5764 De
1321 5705 1634 5780 Siculorum
1667 5708 1976 5798 deiectione
2020 5727 2048 5766 a
2093 5713 2294 5773 Graecis
2327 5729 2488 5805 agn,”
2523 5719 2812 5794 διημίηῶ
2849 5721 3114 5792 Zonaras,
3197 5739 3262 5788 et
3295 5729 3352 5789 Μ
3377 5729 3634 5808 “Merra,
3695 5736 3786 5794 ml.

485 5806 524 5842 ι,
567 5793 686 5845 cap.
725 5789 749 5828 ’1
785 5789 836 5834 ct
875 5794 992 5850 seq.
