4022 6270
277 418 384 482 423

1571 421 1991 487 ALEXIADIS
2030 423 2180 486 LIB.
2219 425 2292 489 ν.

3429 415 3550 500 430‘

275 529 493 602 Μιχαὴλ
523 529 719 602 ἐκείνῳ
745 529 823 603 τῷ
849 529 1041 604 Ψελλῷ
1070 531 1182 605 (65)
1211 534 1270 589 ὲν
1305 533 1519 610 ὑστέρῳ
1569 535 1855 607 προσωμί-

1969 535 2208 606 gantium
2233 535 2538 593 litterarum
2569 537 3094 610 atque'eruditarum
3125 545 3345 599 artium.
3367 545 3544 604 Caete-

274 624 463 693 λησεν,
525 623 584 686 ὃς
635 625 696 677 οὐ
750 626 893 678 πάνυ
942 644 1027 714 τοι
1071 628 1224 697 παρὰ
1271 627 1610 692 διδασκάλοις
1667 631 1851 698 σοφοῖς

275 713 554 784 ὲφοίτησε,
599 714 689 767 διὰ
739 713 966 783 φύσεως
983 716 1038 770 δὲ
1079 717 1388 789 δεξιότητα,
1430 721 1527 773 καὶ
1558 718 1675 784 νοδς
1723 719 1851 786 ὀξύ-

275 823 435 877 τητα,
465 806 646 878 τυχὼν
677 809 862 878 μέντοι
903 811 998 864 καὶ
1029 811 1166 864 θεοῦ
1198 811 1416 883 ἀρωγοῦ
1452 812 1589 885 πρὸς
1617 813 1854 881 τούτοις,

279 896 364 952 διὰ
420 899 520 970 τὴν
560 899 662 969 τῆς
720 902 928 972 μητρὸς
970 903 1317 976 θερμοτάτην
1373 906 1582 962 ἱκεσίαν
1612 907 1778 961 αὑτοῦ
1806 909 1855 940 ³⁸

278 995 742 1065 ὲπαγρυπνούσης
770 993 980 1067 συχνῶς
999 996 1078 1068 τῷ
1105 997 1254 1068 αὺτῷ
1275 999 1388 1068 ναῷ
1413 999 1506 1052 τοῦ
1538 999 1720 1070 Κύρου
1745 999 1855 1072 (6.1)

281 1090 378 1156 τῆς
428 1087 697 1140 Θεοτόκου
748 1088 932 1158 σεπτῷ
990 1089 1034 1121 ³³
1086 1089 1430 1160 είκονίσματι
1484 1092 1576 1145 καὶ
1634 1091 1856 1164 θερμοῖς

283 1180 390 1240 τοῖς
419 1177 691 1250 δάκρυσιν
749 1180 889 1251 ὑπὲρ
931 1179 1026 1233 τοῦ
1057 1182 1250 1244 παιδὸς
1299 1184 1736 1256 ἐκκαλουμένης,
1777 1188 1858 1248 είς

280 1268 443 1339 ἀκρον
475 1271 668 1336 σοφίας
708 1270 928 1340 ἁπάσης
955 1271 1260 1344 ἐληλακὼς,
1303 1275 1397 1328 καὶ
1440 1274 1510 1330 τὰ
1561 1275 1855 1347 Ἑλλήνων,

280 1361 370 1410 καὶ
399 1359 471 1412 τὰ
504 1361 794 1415 Χαλδαίων
834 1363 1314 1434 ἀκριϐωσάμενος,
1344 1366 1538 1436 γέγονε
1584 1369 1698 1431 τοῖς
1733 1367 1858 1420 τότε

278 1452 488 1522 χῴνοις
521 1453 852 1525 περιϐόητος
896 1457 955 1509 ὲν
984 1457 1169 1530 σοφίᾳ.
1199 1457 1390 1529 Τούτῳ
1422 1458 1554 1527 γοῦν
1582 1461 1610 1513 ὁ
1656 1461 1860 1525 Ἰταλὸς

279 1544 689 1616 προσομιλήσας
738 1549 796 1600 ἐν
847 1547 1156 1620 ἀπαιδεύτῳ
1197 1547 1317 1619 ἤθει
1363 1553 1458 1602 καὶ
1509 1549 1857 1622 βαρϐαρικῷ,

279 1637 372 1690 οὐκ
403 1637 638 1707 ἠδύνατο
681 1640 1002 1710 φιλοσοφίας
1036 1643 1118 1706 εἰς
1164 1641 1330 1713 βάθος
1367 1643 1568 1710 ἐλθεῖν,
1601 1645 1859 1700 διδασκά-

279 1729 383 1785 λων
431 1733 477 1764 ³⁸
522 1733 664 1796 ὅλως
732 1735 859 1806 μηδ’
911 1734 1105 1807 ἐνκτῷ
1156 1736 1452 1808 μανθάνειν
1505 1739 1856 1812 ἀνεχόμενος,

279 1821 514 1892 θράσους
547 1821 622 1876 ὢν
667 1826 867 1894 μεστὸς
894 1829 992 1881 καὶ
1022 1828 1289 1893 ἀπονοίας
1315 1829 1690 1902 βαρϐαρικῆς,
1721 1833 1859 1886 πάν-

1966 644 2089 684 rum
2125 631 2345 699 quando
2384 631 2551 688 ltalus
2596 633 2652 688 in
2701 635 2893 688 urbem
2946 634 3091 688 venit
3144 650 3410 693 excussus
3454 640 3544 694 hic

1967 727 2155 788 torpor
2186 717 2407 786 fuerat;
2440 734 2778 790 magnusque
2809 721 3024 791 vigebat
3071 723 3127 777 in
3177 725 3357 779 studia
3406 726 3543 782 lihe-

1964 809 2102 865 ralia
2135 826 2334 867 cursus
2399 814 2792 882 ingeniorum;
2857 829 2980 868 cum
3049 815 3254 886 quibus
3319 828 3371 874 et
3426 820 3542 888 ipse

1965 899 2340 970 conﬂictatus,
2377 903 2716 974 quotidianis
2765 906 3276 964 concertationibus
3325 911 3543 965 schola-

1967 990 2258 1055 sticorum,
2313 993 2815 1061 eontentiosorum,
2872 1004 2926 1049 et
2976 1001 3177 1066 agresti
3240 1001 3542 1068 pertinacia

1966 1085 2162 1140 cedere
2190 1087 2503 1142 nesciorum
2529 1087 2814 1142 hominum
2845 1089 3176 1158 (cujusmodi
3211 1091 3354 1145 haud
3387 1095 3543 1162 pauci

1967 1176 2444 1246 Constantinopoli
2467 1184 2581 1230 tum
2605 1177 2810 1248 erant),
2843 1179 3076 1248 logieam
3107 1181 3319 1236 didicit.
3345 1181 3549 1238 Deinde

1967 1271 2137 1324 etiam
2171 1267 2425 1324 Michaeli
2485 1269 2668 1325 Psello
2704 1269 2856 1324 dedit
2897 1287 3117 1342 operam
3185 1274 3259 1327 illi
3312 1275 3417 1328 late
3464 1276 3550 1329 inc

1967 1362 2132 1433 Clyto,
2164 1361 2402 1427 homini,
2434 1377 2544 1416 non
2581 1369 2693 1416 tam
2739 1379 2870 1418 cura
2909 1365 3299 1435 magistrorum
3332 1367 3549 1435 sapien-

1970 1465 2108 1521 tum,
2152 1471 2383 1525 quorum
2413 1457 2606 1512 limina
2641 1472 2752 1512 non
2796 1457 3032 1512 multum
3092 1458 3336 1521 triverat,
3384 1476 3550 1530 quam

1967 1550 2174 1607 indolis
2207 1551 2527 1621 praestantia
2575 1559 2629 1606 ct
2680 1551 2974 1607 velocitate
3033 1553 3234 1609 mentis
3284 1553 3552 1610 divinitus

1969 1643 2172 1714 adjuta!
2227 1643 2304 1712 (id
2359 1643 2621 1698 videlicet
2666 1642 3096 1712 impetrantibus
3143 1646 3552 1703 ardentissimis

1955 1751 2068 1809 _per
2116 1735 2342 1792 crebras
2387 1735 2599 1806 vigilias
2639 1736 2975 1791 continuatis
3019 1740 3214 1794 matris
3266 1740 3387 1809 ejus
3424 1757 3550 1810 pre-

1969 1829 2152 1895 cibus,
2195 1828 2250 1883 in
2288 1828 2491 1898 templo
2538 1827 2663 1898 Cyri
2699 1827 2766 1882 ad
2815 1839 3061 1883 sanctam
3109 1831 3400 1900 imaginem
3457 1834 3550 1888 Dei

277 1932 383 1969 των
415 1933 476 1969 τε
505 1916 948 1991 καθυπερτερεῖν
990 1923 1086 1975 καὶ
1136 1922 1241 1994 πρὸ
1270 1922 1365 1976 τοῦ
1409 1923 1709 1994 μανθάνειν
1750 1924 1859 1978 οἰό-

1969 1906 2196 1983 Matris,
2264 1918 2409 1974 haud
2471 1920 2590 1974 sine
2651 1919 2993 1977 ferventibus
3072 1922 3332 1995 lacrymis
3393 1923 3551 1980 fundi

280 2023 458 2076 μενος,
489 2009 587 2061 καὶ
617 2013 752 2081 πρὸς
784 2012 949 2066 αὐτὸν
981 2012 1073 2067 τὸν
1116 2013 1327 2068 Ψελλδν
1358 2015 1423 2070 ὲκ
1469 2016 1697 2087 πρώτης
1731 2016 1865 2087 ἀφε-

277 2101 472 2172 τηρίας
533 2103 882 2170 ἀντετάξατο.
938 2105 1282 2175 Ἐμϐαθύνας
1316 2108 1372 2163 δὲ
1408 2110 1473 2180 τῇ
1522 2108 1863 2180 διαλεκτικῇ,

279 2194 684 2264 μεθημερινοὺς
719 2195 987 2266 θορύϐους
1020 2198 1076 2250 ἐν
1122 2200 1428 2270 πανδήμοις
1481 2201 1866 2255 συνελεύσεσιν

278 2283 536 2351 ἐποιεῖτο,
566 2287 891 2354 σοφιστικὰς
939 2287 1204 2359 συνείρων
1240 2289 1578 2362 ἐρεσχελίας,
1621 2292 1712 2345 καὶ
1758 2293 1867 2346 πᾶν

215 2369 220 2378 ’
277 2374 332 2426 εί
381 2391 432 2429 τι
492 2376 793 2440 τοιοῦτον,
832 2381 1136 2448 προτιθεὶς,
1180 2384 1275 2435 καὶ
1310 2378 1470 2446 αὖθις
1519 2383 1740 2454 ὑπέχων
1776 2384 1868 2437 λό-

275 2483 372 2533 γον
406 2468 678 2536 τοιοῦτον,
713 2471 905 2525 τοῦτον
931 2473 1135 2549 τρόπον
1168 2477 1213 2506 ³⁷
1246 2478 1745 2549 προσηταιρίσατο,
1773 2478 1868 2530 καὶ

277 2561 308 2612 ὁ
351 2561 662 2629 τηνικαῦτα
714 2563 1021 2636 βασιλεύων
1075 2567 1297 2638 Μιχαὴλ
1340 2570 1368 2620 ὁ
1403 2569 1633 2635 Δοῦκας,
1692 2569 1786 2625 καὶ
1817 2571 1868 2623 οἱ

275 2649 472 2702 τούτου
507 2651 752 2722 ἀδελφοί·
777 2639 890 2710 ’καὶ
913 2655 1169 2728 δευτέρου
1199 2662 1297 2729 μὲν
1321 2659 1481 2728 λόγου
1508 2661 1698 2715 τοῦτον
1732 2661 1868 2732 πρὸς

275 2742 364 2795 τὸν
405 2743 620 2797 Ψελλὸν
649 2744 910 2810 ἐτίθεντο,
956 2749 1104 2820 ὅμως
1133 2748 1188 2803 δὲ
1235 2756 1511 2824 περιεῖχον
1553 2754 1672 2806 τότε
1700 2753 1866 2808 αὐτοῦ

273 2837 366 2889 καὶ
397 2838 456 2889 ἐν
479 2837 728 2906 λογικαῖς
756 2841 1097 2911 συνεχρῶντο
1120 2842 1375 2914 ἁμίλλαις
1397 2862 1408 2878 ·
1449 2841 1590 2917 ἦσαν
1619 2847 1728 2916 γὰρ
1773 2865 1868 2912 φι-

271 2928 636 2998 λολογὼτατοι
681 2934 728 2985 οἱ
776 2932 1019 2998 Δοῦκαι,
1074 2935 1169 2988 καὶ
1217 2937 1266 2989 οἱ
1329 2937 1423 2990 τοῦ
1465 2938 1870 3011 αὐτοκράτορος

271 3021 523 3088 ἀδελφοὶ,
577 3025 673 3078 καὶ
723 3025 884 3086 αὐτὸς
930 3026 995 3096 δὴ
1040 3029 1067 3080 ὁ
1113 3027 1366 3098 βασιλεὺς
1417 3030 1656 3102 Μιχαὴλ.
1720 3029 1779 3083 'U
1811 3029 1868 3084 δὲ

282 3109 492 3176 Ἰταλὸς
547 3113 750 3184 θερμὸν
781 3116 868 3168 ἀεὶ
921 3118 1014 3169 καὶ
1071 3118 1299 3187 μανικὸν
1340 3118 1475 3188 πρὸς
1525 3119 1614 3172 τδν
1658 3117 1867 3172 Imm

269 3204 622 3269 ἔϐλεπεςκᾶν
646 3208 852 3272 ἐκεῖνος
893 3207 968 3272 ὡς
1005 3208 1160 3272 ἀετός
1199 3208 1306 3262 τῶν
1340 3210 1434 3263 τὀὖ
1466 3209 1668 3264 Ἰταλοῦ
1712 3213 1867 3283 ἐρεσ-

267 3297 465 3366 χελιῶν
528 3297 894 3369 ὑπερίπτατο,
947 3301 1267 3374 διεγείρετο,
1315 3304 1410 3357 καὶ
1459 3304 1704 3377 ὲπρίετο,
1753 3308 1867 3360 ἐνε-

266 3390 582 3460 πίμπρατο,
619 3391 652 3461 ἢ
699 3391 976 3446 ἐλυπεῖτο.
1632 3395 1642 3404 ’

1968 2010 2170 2082 solitis)
2209 2010 2262 2065 in
2295 2011 2801 2068 eminentissimum
2834 2014 3123 2083 sapientia:
3155 2025 3319 2085 atque
3363 2018 3551 2071 erudi-

1968 2105 2135 2160 tionis
2162 2104 2342 2160 omnis
2370 2105 2580 2174 apicem
2611 2114 2837 2166 evecto;
2871 2107 3074 2177 quippe
3107 2108 3200 2178 qui
3235 2109 3301 2163 ad
3334 2108 3555 2164 Graeco-

1967 2211 2088 2250 rum
2119 2195 2335 2251 litteras
2361 2206 2527 2266 atque
2553 2203 2703 2252 artes
2722 2212 2915 2252 omnes
2940 2213 3079 2268 quas
3103 2199 3346 2270 perfecte
3366 2210 3551 2268 norat,

1967 2289 2130 2344 etiam
2166 2287 2549 2344 Chaldreorum
2577 2288 2903 2358 disciplinas
2930 2292 3285 2360 adiunxerat,
3321 2292 3555 2347 famam-

1969 2397 2077 2452 que
2115 2390 2394 2435 meruerat
2425 2379 2736 2435 doctissimi
2776 2381 3023 2435 omnium
3060 2383 3151 2452 qui
3186 2392 3319 2438 tunc
3347 2391 3554 2441 essent.

1970 2472 2114 2528 Huic
2147 2489 2208 2529 se
2242 2471 2410 2526 ltalus
2440 2471 2493 2525 in
2525 2471 2884 2542 disciplinam
2918 2461 3088 2537 dedit,
3148 2473 3310 2546 longe
3345 2475 3552 2544 dispari

1969 2566 2055 2622 vir
2091 2566 2333 2637 ingenio,
2370 2564 2566 2619 immiti
2616 2567 2928 2636 acerbaque
2961 2574 3181 2620 natura.
3216 2566 3405 2636 Itaque
3455 2585 3556 2624 nec

1971 2676 2070 2731 per
2106 2659 2498 2715 liebetudinem
2534 2659 2741 2713 mentis
2779 2665 3071 2729 penetrare
3097 2661 3152 2714 in
3181 2661 3341 2733 adyta
3377 2661 3556 2732 potuit

1971 2750 2356 2823 philosophiae,
2414 2766 2516 2807 nec
2567 2753 2686 2820 per;
2709 2755 3112 2806 contumaciam
3155 2754 3428 2808 sustinuere
3467 2754 3554 2808 in-

1974 2846 2319 2901 stitutionem
2362 2845 2642 2914 magistri;
2679 2859 2842 2915 quem
2879 2845 2984 2899 loci
3028 2855 3191 2915 atque
3240 2845 3402 2900 oliicii
3459 2862 3557 2900 au-

1972 2938 2228 2993 ctoritate
2262 2945 2530 3002 utentem,
2563 2937 2667 2993 iste
2701 2938 3065 3009 praetumidus
3089 2946 3142 2992 et
3171 2939 3367 2994 stolida
3400 2939 3554 2993 ferox

1975 3026 2316 3096 arrogantia,
2354 3025 2559 3096 jurgiis
2595 3025 2995 3096 impotentibus
3027 3027 3147 3096 ipso
3192 3029 3372 3096 primo
3421 3043 3556 3082 cort-

1973 3135 2166 3190 gressu
2202 3120 2474 3173 lacessere
2526 3119 2731 3188 cmpit;
2770 3117 2882 3188 jam
2943 3135 2973 3172 a
3031 3119 3359 3172 rudimentis
3396 3119 3553 3189 ipsis,

1977 3211 2136 3282 longe
2172 3225 2231 3265 se
2265 3210 2527 3264 omnibus
2558 3209 2875 3264 eruditione
2906 3211 3241 3265 anteeellere
3273 3211 3556 3281 superbis-

1975 3305 2113 3360 sime
2150 3313 2469 3357 autumans.
2510 3301 2839 3373 Magnopcre
2869 3305 3050 3357 autem
3081 3302 3371 3357 dialectica
3406 3304 3552 3359 nite—

1965 3395 2153 3461 batur,
2197 3395 2286 3448 cui
2321 3409 2380 3448 se
2436 3391 2540 3445 arti
2597 3393 2815 3462 penitus
2848 3394 3232 3459 imtnerscrat;
3276 3404 3328 3448 et
3375 3409 3437 3448 ex
3487 3399 3550 3449 ea

265 3488 616 3543 meridianos
659 3490 933 3546 tumultus
983 3493 1038 3546 in
1084 3491 1206 3547 foro
1243 3507 1306 3546 ac
1354 3491 1584 3549 circulis
1613 3494 2006 3550 concurrentis
2080 3491 2232 3562 vulgi
2305 3489 2658 3552 concitabat;
2730 3489 3049 3559 sephistieis
3117 3491 3554 3546 cavillationibus

264 3581 522 3636 rabiosas
557 3581 708 3636 rixas
735 3597 1060 3649 conserens,
1087 3583 1234 3638 etde
1263 3585 1456 3652 quavis
1488 3600 1546 3640 re
1571 3585 1855 3656 proposita
1897 3585 2137 3654 primum
2176 3582 2311 3635 illttd
2345 3595 2546 3650 magno
2573 3580 2811 3635 clamore
2835 3578 3054 3650 jactans
3088 3579 3280 3651 :145
3335 3579 3393 3632 Si
3458 3582 3554 3636 hoc

267 3675 374 3728 tale
412 3686 487 3728 est
517 3691 540 3739 ;
572 3672 769 3728 deinde
793 3673 1035 3729 inferens
1069 3675 1214 3729 aliud
1239 3677 1516 3746 quippiam
1543 3693 1605 3732 ex
1644 3691 1709 3732 eo
1735 3692 2068 3739 connexum,
2103 3683 2195 3728 aut
2225 3675 2274 3730 ei
2298 3673 2498 3728 simile.
2572 3672 2669 3727 llis
2735 3673 2827 3726 ille
2893 3673 3070 3726 turbis
3134 3671 3551 3725 admirationem

264 3765 372 3821 sibi
404 3774 462 3820 et
526 3766 778 3834 plausum
839 3767 1071 3836 paravit,
1133 3783 1242 3822 non
1295 3769 1469 3838 plebis
1518 3769 1719 3835 solum,
1774 3769 1870 3823 sed
1911 3777 2234 3838 magnatum
2293 3780 2556 3836 quoque;
2646 3776 2811 3833 atque
2869 3764 3008 3818 adeo
3041 3762 3216 3832 ipsius
3273 3761 3554 3818 Michaelis

211 3911 218 3926 ,
265 3862 436 3917 Duce
469 3871 602 3914 tunc
631 3860 983 3930 imperantis,
1011 3871 1064 3916 et
1091 3862 1324 3916 fratrum
1373 3864 1567 3933 ipsius.
1608 3862 1674 3916 lli
1737 3863 1882 3917 enim
1961 3863 2088 3916 licet
2135 3863 2370 3930 primum
2441 3860 2703 3912 docti-inre
2771 3866 2825 3911 et
2886 3857 3311 3912 existimationis
3369 3858 3552 3911 locum

215 3943 218 3970 ³
263 3955 449 4010 Psello
482 3962 858 4014 reservarent,
895 3951 1031 4007 ltalo
1063 3961 1248 4007 tamen
1288 3954 1396 4008 isto
1421 3954 1865 4016 delectabantur,
1906 3965 1960 4008 et
1993 3952 2113 4022 eius
2140 3966 2304 4020 Opera
2335 3949 2630 4006 utebantur
2657 3949 2711 4002 in
2771 3948 2962 4019 logicis
3024 3948 3550 4006 concertationibus.

261 4051 440 4106 Erant
469 4050 619 4104 enim
658 4049 972 4102 litterarum
1013 4057 1067 4104 et
1113 4048 1457 4103 eruditarum
1493 4049 1699 4102 artium
1738 4048 2132 4104 studiosissimi
2162 4047 2344 4112 Ducae,
2387 4061 2510 4101 cum
2574 4061 2788 4109 omnes,
2859 4055 2974 4099 tum
3048 4045 3246 4100 fratres
3316 4047 3554 4114 impera.

263 4147 405 4202 toris
459 4153 514 4200 et
568 4145 855 4213 Augustus
914 4144 1034 4212 ipse
1079 4141 1330 4196 Michael.
1383 4139 1628 4207 Quorum
1687 4139 1857 4196 Italus
1899 4140 2088 4195 favore
2117 4140 2269 4195 alens
2297 4137 2715 4201 confidentiam,
2754 4137 2966 4192 ardenti
3030 4138 3271 4193 Psellum
3332 4155 3553 4211 semper

262 4244 321 4299 in
360 4242 765 4312 congressibus
799 4248 852 4294 et
897 4239 1109 4296 furioso
1151 4240 1350 4310 figebat
1389 4240 1573 4304 oculo,
1613 4238 1776 4294 facile
1807 4255 1866 4296 se
1906 4241 2274 4295 cxtricantem
2303 4255 2367 4293 ex
2401 4238 2521 4310 ejus
2551 4238 2787 4307 laqueis,
2866 4246 2920 4292 et
2971 4238 3214 4306 aquilina
3263 4238 3552 4293 celeritate

260 4339 513 4396 volucris
547 4337 755 4391 mentis
799 4335 1088 4404 perplexas
1120 4335 1500 4405 captiunculas
1544 4335 1719 4389 odiosi
1771 4334 2033 4404 sapitistac
2102 4334 2212 4389 alte
2258 4334 2703 4404 supervolantem
2764 4350 2777 4387 :
2849 4347 2957 4402 qua
3007 4333 3098 4387 ille
3175 4347 3233 4386 re
3289 4331 3553 4386 urebatur

259 4432 507 4502 primum
551 4428 748 4482 intime
810 4439 876 4480 ac
926 4426 1273 4496 ringebatur,
1332 4435 1450 4480 tum
1519 4426 1868 4480 stomachum
1947 4425 2268 4498 erumpebat
2325 4427 2379 4480 in
2429 4425 2766 4497 jactationes
2823 4424 3072 4493 corporis
3133 4439 3198 4478 ac
3268 4425 3545 4482 clamores

260 4526 624 4594 impotentes.

333 4620 403 4674 Τί
451 4622 510 4672 τὸ
546 4615 687 4686 μετὰ
728 4612 945 4678 ταῦτι;
999 4612 1299 4682 Ἐσχάδαξε
1349 4611 1417 4664 τὰ
1450 4611 1560 4664 τῶν
1598 4611 1855 4664 Λατίνων

2041 4609 2183 4676 Quid
2240 4607 2480 4676 postea?
2543 4606 2666 4661 Mox
2730 4615 3034 4676 eruperunt
3090 4606 3265 4661 ltaliei
3317 4615 3545 4660 motus:

255 4711 436 4768 sui."
479 4708 705 4762 Ἰταλῶν
733 4707 882 4759 κατα
926 4705 1238 4774 Ῥωμαίων,
1292 4703 1388 4756 καὶ
1439 4705 1473 4774 ἡ
1519 4702 1619 4773 τῆς
1650 4703 1857 4770 Λογγι-

255 4803 496 4878 δαρδῑας
528 4803 660 4873 ὅλης
689 4796 834 4870 ὁμοῦ
883 4798 980 4850 καὶ
1031 4795 1266 4859 Ἰταλίας
1321 4794 1624 4865 ὲμελετᾶτο
1683 4795 1858 4848 κατά-

1965 4701 2187 4771 qnando
2223 4701 2442 4755 illarum
2473 4699 2720 4770 gentium
2768 4699 3075 4754 hostilitate
3102 4698 3337 4754 Romani
3374 4700 3550 4755 laccs‘

1970 4795 2085 4858 siti,
2123 4795 2469 4850 occasionem
2503 4792 2607 4848 sibi
2632 4791 2866 4846 oblatam
2892 4791 3305 4846 arbitrabantur
3329 4791 3549 4863 Longo-

1307 4915 1516 4975 Varim
1559 4912 1868 4976 lectiones
1910 4929 1987 4975 ex
2022 4914 2165 4976 cod.
2198 4912 2468 4986 Coislin,

329 5028 380 5062 ³⁸
408 5027 571 5084 Deest
599 5036 708 5078 vox
739 5015 933 5073 αὑτοῦ.
992 5019 1038 5050 ’⁸
1067 5016 1272 5088 σεμνῷ.
1343 5016 1389 5046 ’⁸
1426 5015 1813 5068 διδασκόντων.

1901 5015 1945 5047 ⁸⁷
1976 5033 2124 5068 τοιου
2137 5016 2396 5085 τότροπον
2434 5016 2648 5071 τοῦτον.

2727 5015 2776 5047 ³⁸
2805 5031 2866 5068 τε
2899 5012 3015 5070 καί.

1358 5109 1500 5170 Car.
1538 5108 1862 5170 Dul‘resnii
1902 5110 1999 5170 Du
2030 5109 2255 5187 Cangii
2289 5116 2480 5170 notae.

330 5227 454 5296 (εδδ
487 5223 739 5296 Μιχαὴλ
782 5217 864 5296 τῷ
916 5214 1154 5296 visi-1e
1217 5211 1296 5296 De.
1348 5209 1638 5296 Mic'ec's
1675 5207 1857 5296 Ρξεμο

253 5280 645 5355 consulendus
669 5280 901 5347 omnino
934 5289 1024 5362 νὴ·⁸
1045 5283 1254 5339 diffusae
1285 5283 1534 5362 lectionis
1575 5280 1858 5362 lteo'All‘a-

253 5350 397 5434 tius,
419 5350 486 5422 in
515 5367 604 5420 illa
640 5359 943 5434 erttdzta_et
973 5357 1160 5434 ubere,
1189 5369 1348 5434 quam
1474 5350 1858 5434 Psellisinsti-

248 5420 396 5498 ίὲιῖἰξ
424 5420 841 5491 dissertatione,
870 5431 1057 5484 Romae
1076 5420 1243 5486 edita,
1273 5432 1407 5476 utet
1434 5423 1486 5474 in
1515 5421 1758 5474 Diatriba
1790 5420 1860 5474 de

246 5508 646 5567 Simeonihus.
731 5573 738 5574 ί
858 5571 869 5574 Α
1054 5565 1137 5574 __
1428 5565 1460 5574 .,
1504 5563 1516 5574 .
1727 5560 1763 5574 η
1840 5561 1851 5574 .

323 5560 452 5650 (64)
480 5575 612 5641 Nm?)
645 5573 755 5650 φῦ
787 5571 1008 5650 Κύρου·
1035 5565 1392 5650 Ᾱῖί¹ε⁵.ε³εῑ³
1427 5563 1691 5650 Dei???"
1713 5560 1855 5650 Py."

246 5635 446 5712 mg”;
473 5664 499 5699 ξι
530 5635 998 5713 ςόιιιΙὶῑοΓεᾲργΐο
1031 5635 1256 5713 consule
1304 5641 1358 5685 ct
1406 5636 1661 5713 praelecto
1712 5647 1846 5712 pri-c-

247 5709 434 5784 toriu,
475 5715 788 5770 Theodosio
818 5709 1044 5784 Jttniore
1074 5709 1373 5784 imperante
1415 5709 1657 5784 ELClljtls'
1687 5709 1850 5784 etiam

245 5776 432 5867 inssu'
470 5801 752 5839 murorum
779 5783 942 5867 .urbni‘s
978 5776 1853 5867 Constautinuﬂolitanmlinsta-tt-

253 5842 544 5923 Ira-tioncm
571 5855 842 5926 SUSCl'pll.
877 5846 1323 5919 '1'heophylactus
1355 5846 1558 5900 Simoc.
1598 5842 1848 5915 lib._vm,

1963 5226 2085 5288 cap.
2123 5210 2156 5264 8
2189 5209 2341 5288 :_'l_‘
2372 5209 2752 5288 iqur'repéyej
2794 5209 2894 5288 cf};
2915 5206 3272 5288 ⁵Θεομείγιιορος
3299 5219 3546 5288 προσεπ-

1965 5274 2180 5340 ἐλόισεν,
2206 5279 2233 5329 ὅ
2262 5274 2446 5347 Κύρον
2475 5274 2564 5331 τὸν
2589 5274 2682 5330 ἐπὶ
2707 5274 2991 5332 Θεοδοσίου
3015 5274 3111 5329 τοῦ
3139 5274 3548 5347 αὐτοκράτορος

1964 5349 2228 5420 γεγονότα
2293 5345 2585 5420 δείμασθαι
2646 5348 2805 5417 λόγος
2867 5347 3240 5420 καθέστηκεν-
3282 5345 3543 5414 ἀψευδής.

1965 5414 2144 5490 Agunt
2178 5414 2438 5490 praeterea
2472 5419 2538 5471 de
2569 5414 3016 5490 lioece__templo_
3036 5414 3420 5490 Theophanes.
3451 5430 3541 5490 an.

1968 5484 2214 5543 Mauricii
2243 5488 2334 5548 20,
2372 5497 2621 5541 Anastas.
2649 5489 2700 5539 in
2741 5486 2880 5538 Hist.
2909 5486 3032 5537 eccl.
3064 5503 3188 5554 pag.
3213 5485 3316 5554 847.
3344 5484 3546 5538 Paulus

1966 5561 2116 5613 Diae.
2158 5558 2250 5613 lib.
2290 5574 2396 5610 xvn
2427 5558 2628 5610 flistor.
2659 5556 2839 5620 Mittin;
2870 5553 3136 5625 Scylitz’t-s
3163 5558 3215 5608 in
3253 5553 3416 5625 Mich.
3442 5553 3535 5607 l’a«

1999 5633 2167 5698 hlag.;
2219 5629 2488 5698 Codinus,
2529 5629 2581 5680 in
2637 5627 2846 5696 Origin.
2882 5624 2999 5698 pag.
3065 5627 3133 5680 54
3160 5667 3174 5688 .
3214 5629 3359 5698 dedit.
3406 5624 3540 5698 lleg.

2019 5695 2210 5754 eminit
2240 5714 2367 5751 vero
2395 5697 2616 5752 Nicetas
2641 5701 2692 5750 in
2725 5695 2866 5751 Man.
2895 5696 2989 5750 lib.
3016 5713 3092 5757 vr,
3126 5715 3180 5749 ιι.
3208 5695 3259 5749 5.
3292 5696 3546 5764 imaginis

1963 5771 2208 5842 'Dciparte
2241 5783 2438 5840 magno
2485 5769 2669 5840 populi
2699 5783 2974 5825 euncursu
3005 5783 3068 5823 ea
3099 5769 3150 5822 in
3185 5765 3322 5821 .Ede
3358 5770 3541 5820 culta.
