4022 6270
521 361 626 424 435
1839 367 2069 430 ᾹΝΝΕ
2103 379 2109 420 ι

2151 367 2312 429 ΟΜΝ
2324 367 2492 426 EN/E
3648 373 3739 436 4-36

526 475 830 540 prmsertim
874 491 1035 546 quem
1079 475 1368 549 inscripsit
1412 477 1710 550 Organum,
1757 494 1868 550 quo
1901 495 1961 536 se
2002 495 2100 549 po-

2154 481 2172 535 i
2202 476 2454 531 ἐθέλουσι
2487 479 2904 548 πραγματείαν,
2941 475 3035 534 καὶ
3077 477 3249 554 ταύτῃ
3301 480 3493 548 μᾶλλον
3531 482 3742 553 ἕνηϐρή-

525 568 799 623 tissimum
827 568 1075 635 iactabat
1117 569 1313 638 italus,
1349 579 1409 626 ut
1447 573 1502 627 in
1541 573 1700 643 cujus
1735 575 2102 633 meditatione

2206 591 2328 628 νετο
2360 572 2453 626 καὶ
2485 571 2864 642 ἐνησχόλητο).
2897 572 2958 628 οὐ
3007 573 3147 628 πάνυ
3181 589 3262 626 τοι
3299 573 3342 608 δτ
3398 575 3514 637 τοὺς
3561 578 3746 644 μαι-Θεία

523 663 649 733 plus
677 662 773 715 otii
808 662 1074 733 triverat)
1123 665 1439 720 clarissime
1474 681 1533 722 se
1565 667 1826 738 dogmata
1873 670 2101 740 exposi-

2205 683 2396 729 νοντας
2447 665 2726 736 ὠφελῆσαι
2768 667 3022 736 ἐξίσχυσε
3053 665 3122 736 ³³,
3154 666 3243 718 τὸν
3277 666 3464 734 θυμὸν,
3512 669 3600 720 καὶ
3657 671 3744 736 τὴν

525 767 708 810 turum
745 756 1126 824 proﬁtebatur.
1174 757 1230 812 ld
1281 758 1374 814 ille
1423 769 1706 828 utcunque
1745 771 1976 818 conatus
2020 773 2104 818 est

2205 760 2370 830 ἄλλην
2425 758 2518 812 τοῦ
2563 759 2727 830 ἤθους
2782 760 3200 814 ἀκαταστασίαι)
3241 759 3467 828 κώλυμα
3519 761 3558 792 ⁵³
3600 761 3742 830 ἔχων.

521 847 776 915 exsequi,
813 847 956 900 haud
993 849 1228 903 multum
1281 859 1463 906 tamen
1501 853 1765 922 prodesse
1812 855 2103 924 discipulis

2205 853 2317 908 Καὶ
2347 855 2446 924 ὅρα
2475 871 2566 923 μοι
2597 853 2721 916 τοὺς
2759 853 2952 908 τούτου
2997 851 3268 924 μαθητάς.
3319 852 3420 904 Τὸν
3449 853 3749 920 Σολομῶντα

525 939 732 996 valuit:
779 939 1064 993 iracundia
1098 941 1264 994 credo
1313 949 1368 994 et
1413 942 1835 1011 importunitate
1884 958 2101 997 morum

2217 943 2494 1013 Ἰωάννην,
2529 941 2626 996 καί
2667 961 2820 1007 τινας
2859 943 3098 1006 Ἰασίτας
3161 942 3297 1012 (67),
3345 943 3440 996 καὶ
3482 943 3749 1010 Σερὸλίας,

519 1032 778 1086 obstante
817 1033 1156 1103 perceptioni
1190 1035 1484 1101 doctrinm,
1535 1037 1611 1090 rei
1641 1048 1838 1092 natura
1869 1037 2010 1091 lenis
2040 1052 2104 1092 ac

2206 1037 2298 1090 καὶ
2319 1035 2512 1098 ἄλλους
2533 1035 2676 1104 τάχα
2723 1036 2853 1104 περὶ
2896 1036 2995 1104 τὴν
3043 1035 3286 1105 μάθησιν
3340 1035 3748 1098 ἐσπουδακότας·

522 1125 836 1181 elementis.
889 1127 1019 1196 Ejus
1053 1143 1188 1183 sane
1219 1131 1298 1182 rei
1347 1129 1503 1184 fidem
1557 1131 1728 1186 faciat
1790 1131 2103 1186 recordatio

2202 1123 2277 1183 ὧν
2308 1131 2435 1195 τοὺς
2468 1129 2692 1193 πλείους
2728 1129 2879 1200 θαμὰ
2906 1129 3214 1200 φοιτῶντας
3249 1130 3382 1202 προς
3407 1129 3472 1182 τὰ
3507 1129 3752 1198 βασίλεια.

523 1217 640 1287 ipsa
673 1233 734 1271 ac
769 1222 976 1274 mentio
1009 1221 1320 1275 auditorum
1345 1223 1487 1276 ltali.
1525 1225 1659 1279 Vide
1686 1223 1820 1278 mihi
1851 1225 2105 1279 Salomo—

2203 1223 2298 1277 καὶ
2341 1224 2482 1292 αὑτὴ
2547 1224 2872 1292 ἐθεασάμην
2927 1221 3182 1296 ὕστερον,
3227 1223 3476 1294 τεχνικὸν
3527 1223 3681 1292 μηδέν
3709 1241 3754 1275 τι

526 1326 647 1364 nem
684 1317 737 1364 et
779 1313 1050 1368 10::nnem
1107 1315 1257 1376 illos,
1303 1325 1418 1369 tum
1470 1314 1681 1372 Jasitas
1729 1320 1998 1384 quosdam
2049 1329 2102 1371 et

2204 1315 2348 1369 κατὰ
2391 1316 2682 1388 ἀκρίϐειαν
2728 1316 2964 1382 εἰδότας,
3019 1317 3533 1386 σχηματιζομένους
3584 1317 3635 1370 δὲ
3679 1317 3757 1370 τὸν

527 1403 798 1470 Serblias,
850 1415 904 1460 et
959 1405 1100 1462 alios
1153 1407 1386 1462 istorum
1457 1419 1770 1479 temporum
1833 1409 2102 1464 doctrinae

2203 1409 2566 1474 διαλεκτικὸν,
2619 1409 2908 1480 κινήσεσιν
2951 1409 3237 1474 ἀτάκτοις,
3276 1409 3371 1462 καὶ
3433 1411 3631 1478 μορίων
3671 1425 3761 1461 παι

526 1498 828 1554 stndiosos.
866 1501 1134 1570 Equidem
1173 1501 1469 1571 plerosque
1513 1513 1704 1572 postea
1745 1503 1973 1557 memini
2017 1503 2100 1556 vi-

2205 1501 2469 1574 ραφόροις
2491 1499 2601 1554 τισὶ
2633 1503 2977 1572 μεταφοραῖς
3010 1500 3164 1568 ὑγιὲς
3207 1500 3268 1554 δὲ
3299 1501 3450 1554 οὐδὲν
3481 1500 3761 1569 ἐπισταμέ-

526 1589 658 1645 dere
695 1608 778 1647 me
811 1591 1442 1662 frequentantes‘aulam
1499 1597 1734 1666 regiam,
1792 1595 1848 1650 in
1899 1597 2104 1668 quibus

2203 1611 2351 1657 νους,
2403 1592 2882 1664 προϐαλλομένους
2918 1592 3018 1658 τὰς
3058 1593 3205 1656 ἰδέας
3250 1593 3351 1664 ἤδη
3403 1593 3458 1646 δὲ
3487 1594 3531 1626 ⁸ο
3563 1595 3650 1646 καὶ
3681 1595 3763 1654 τὰς

530 1679 666 1734 nihil
707 1699 950 1745 unquam
1005 1683 1259 1756 elegans,
1300 1685 1437 1740 nihil
1476 1687 1733 1758 politum,
1786 1702 1856 1742 ne
1911 1695 2104 1743 emitte

2207 1684 2660 1756 μετεμψυχώσεις
2691 1687 3176 1757 συνεσκιασμένως
3209 1705 3356 1752 πως,
3389 1688 3483 1740 καὶ
3521 1687 3625 1740 ἄλλ’
3649 1687 3765 1742 am

527 1775 747 1843 quidem
785 1791 849 1830 ac
891 1777 1066 1832 solide
1098 1779 1323 1842 scitum,
1373 1778 1763 1835 animadverti.
1823 1781 2099 1836 imitatio-

2174 1778 2560 1850 ydgtoui'rporra,
2617 1779 2711 1832 καὶ
2756 1780 3160 1852 παραπλησίως
3223 1781 3447 1842 ’τούτοις
3499 1779 3762 1840 ἀλλόκοτα,

527 1879 648 1919 nem
681 1873 893 1918 tantum
925 1865 1260 1922 inconditam
1301 1867 1576 1922 dialectici
1612 1868 1966 1938 praeceptoris
1992 1869 2099 1933 sui,

2207 1869 2300 1926 καὶ
2334 1871 2420 1934 τίς
2454 1871 2564 1942 γὰρ
2616 1871 2778 1940 λόγου
2817 1873 3064 1944 μετέχων
3122 1874 3181 1928 οὗ
3229 1874 3449 1944 παρῆν,
3503 1873 3592 1926 τοῦ
3641 1870 3767 1942 ἱεροῦ

526 1955 683 2026 Cujus
718 1969 906 2028 gestus
937 1959 1158 2025 eil‘eros,
1209 1971 1363 2015 vasta
1393 1960 1695 2030 jac-latione
1731 1963 2104 2016 membrorum

2209 1963 2442 2032 ζεύγους
2498 1964 2758 2019 τοσοῦτον
2816 1968 2946 2037 περὶ
2981 1965 3080 2036 τὴν
3119 1967 3236 2020 τῶν
3277 1967 3440 2020 θείων
3470 1965 3636 2034 λόγων
3671 1965 3783 2034 ἔξεο.

524 2059 710 2105 truces
741 2059 794 2105 et
831 2053 1118 2106 inhumani
1154 2055 1628 2121 repraesentabant
1673 2069 1684 2104 :
1714 2053 1834 2107 sani
1881 2037 2103 2122 quidem

2209 2054 2490 2128 ρεύνησιν,
2516 2057 2603 2110 διὰ
2640 2057 2823 2128 πάσης
2851 2059 3046 2122 νυκτδς
3070 2059 3162 2114 καὶ
3186 2059 3412 2130 ἡμέρας
3431 2047 3785 2140 διαπονουμέῆ

525 2139 849 2195 sentiebant
889 2139 1316 2210 prot‘erebantve
1355 2143 1514 2197 nihil.
1550 2143 1693 2210 Quin
1730 2143 1881 2198 ideas
1915 2143 2104 2212 loque-

2202 2163 2331 2214 νων,
2375 2149 2501 2205 τοὺς
2533 2149 2699 2216 ἐμούς
2733 2168 2880 2219 φημι
2906 2152 3103 2212 τοκέας
3124 2153 3222 2204 καὶ
3255 2151 3520 2220 βασιλεῖς.
3564 2149 3710 2204 Ἀλλά
3727 2165 3773 2200 τι

525 2231 750 2300 bantur,
791 2242 843 2289 et
882 2235 1073 2289 nescio
1121 2235 1252 2304 quid
1297 2235 1364 2290 dc
1403 2235 1904 2291 tr:msanimatione
1957 2251 2107 2290 mns-

2202 2241 2408 2310 ptxp‘w
2443 2241 2975 2312 παραδιηγήσομαιο
3021 2243 3188 2296 δίδοσι
3235 2243 3284 2278 δι
3343 2243 3453 2312 γάρ
3499 2258 3586 2310 μοι
3635 2238 3776 2292 τοῦτο

524 2327 767 2383 sitahant
829 2330 1179 2386 subobscure
1231 2349 1244 2386 :
1307 2331 1670 2402 eiusdemque
1745 2331 1850 2384 alia
1911 2329 2103 2384 farinae

2205 2333 2365 2402 νόμος
2413 2333 2730 2406 ῥητορικός.
3780 2307 3793 2420 ἱ

522 2422 845 2478 Christiano
909 2426 1166 2496 dogmate
1223 2426 1536 2496 proscripta
1604 2427 1936 2480 delirabant.
1989 2423 2102 2480 Nec
2145 2425 2461 2496 mirabitur,
2497 2429 2644 2498 quod
2685 2427 2798 2490 dixi
2846 2427 3264 2498 frequentatam
3305 2430 3374 2484 ah
3447 2427 3532 2486 bis
3589 2425 3778 2486 aulam,

522 2516 613 2584 qui
645 2517 984 2584 reputaverit
1013 2528 1216 2588 quanta
1253 2530 1306 2576 et
1343 2535 1506 2588 quam
1560 2519 1810 2591 professa
1853 2521 2244 2576 benevolentia
2275 2535 2494 2575 sacrum
2551 2521 2684 2576 illud
2759 2537 2858 2591 par
2921 2520 3218 2594 coniugum
3289 2522 3584 2592 (parentes
3649 2532 3778 2576 meos

525 2607 806 2678 Augustos
837 2611 1000 2680 dico)
1039 2611 1249 2666 litteras
1275 2621 1327 2668 et
1363 2613 1633 2668 litteratos
1673 2615 2118 2684 amplecteretur.
2161 2613 2278 2681 Qua
2350 2629 2409 2668 re
2469 2615 2605 2670 satis
2651 2615 2868 2684 vulgata
2921 2614 3110 2676 nullus.
3161 2616 3404 2682 omnino
3463 2617 3556 2686 qui
3609 2612 3777 2668 litteris

526 2703 776 2759 initiatus
835 2713 1004 2771 esset,
1064 2723 1174 2760 non
1229 2707 1295 2762 ad
1344 2723 1440 2762 eos
1503 2708 1670 2763 itabat
1736 2708 2098 2764 conﬁdenter.
2181 2707 2354 2762 Porro
2445 2708 2628 2764 studia
2690 2723 2800 2762 non
2867 2707 2992 2762 aliis
3047 2708 3236 2762 fovere
3291 2710 3476 2780 magis
3537 2723 3680 2778 quam
3729 2703 3775 2758 in

524 2798 724 2867 seipsis
754 2812 1016 2852 exercere
1061 2813 1196 2856 Cura
1232 2807 1371 2854 erat.
1409 2799 1901 2856 Consumebantur
1955 2801 2094 2863 dies,
2172 2798 2548 2869 vigilabantur
2619 2809 2814 2854 noctes
2862 2799 2932 2854 ab
2989 2809 3257 2870 utroque,
3323 2801 3380 2854 in
3443 2800 3774 2858 meditatione

525 2907 812 2946 sacrorum
905 2891 1222 2949 Librorum.
1273 2895 1456 2966 Atque
1522 2896 1610 2951 hic
1706 2897 1838 2952 libet
1899 2895 1976 2951 uti
2035 2893 2294 2949 facultate
2373 2909 2537 2964 quam
2639 2893 2918 2950 rhetorica
2980 2893 3254 2966 indulget,
3321 2896 3567 2952 breviter
3618 2893 3782 2962 digre-

525 2985 731 3042 diendi.

599 3079 824 3134 Memini
889 3081 1200 3150 Augustam
1267 3089 1501 3139 matrem
1581 3099 1756 3140 meam
1817 3099 1920 3139 nec
1977 3097 2100 3140 cum

2203 3075 2578 3146 [Μέμνημαι
2632 3079 2734 3146 τῆς
2786 3077 2993 3146 μητρὸς
3047 3075 3144 3130 καὶ
3195 3075 3484 3146 βασιλίδος
3533 3074 3791 3136 πολλάκις,

531 3189 722 3229 mensa
757 3172 936 3241 posita
966 3173 1033 3226 ad
1067 3188 1283 3227 emnam
1314 3183 1611 3228 vocaretur
1647 3174 1899 3244 potuisse
1932 3173 2104 3244 depo-

2204 3167 2429 3238 ἀρίστου
2491 3165 2886 3237 προκειμένου,
2923 3165 3108 3235 βίϐλον
3171 3166 3236 3220 ἐν
3269 3171 3460 3238 χεροῖν
3515 3163 3789 3235 φερούσης,

525 3279 658 3320 nere
694 3265 758 3318 de
793 3263 1052 3320 manibus
1073 3280 1211 3334 quos
1233 3265 1557 3320 avidissime
1587 3265 1873 3322 lectitabat
1903 3265 2105 3329 libros,

2209 3261 2471 3322 καὶτοὺς
2525 3258 2719 3327 λόγους
2771 3258 3214 3328 διερευνωμένης
3268 3260 3384 3314 τῶν
3438 3254 3797 3326 δογματιστῶν

525 3370 650 3410 cum
686 3355 921 3410 aliorum
948 3365 1265 3410 sanctorum
1303 3355 1526 3411 Patrum
1557 3359 1653 3430 qui
1689 3359 1757 3414 de
1801 3359 1980 3415 sacris
2009 3359 2106 3414 do-

2209 3353 2380 3422 άγίων
2414 3351 2699 3422 Πατέρων,
2731 3351 2972 3420 μάλιστα
3005 3350 3063 3404 δὲ
3087 3349 3182 3404 τοῦ
3223 3351 3532 3420 φιλοσόφου
3564 3347 3795 3416 Μαξίμου

527 3445 807 3516 gmatibus
833 3457 1088 3516 egerunt,
1122 3457 1237 3502 tum
1272 3448 1577 3518 praesertim
1639 3451 1816 3506 sancti
1877 3449 2102 3506 Maximi

2213 3445 2304 3499 ita“.
2343 3443 2641 3515 μάρτυρος.
2709 3440 3069 3498 Ἐσπουδάκει
3132 3443 3249 3516 γὰρ
3287 3445 3353 3499 οὐ
3383 3444 3641 3498 τοσοῦτον
3691 3438 3801 3508 περὶ

530 3539 840 3610 philoSOphi
881 3547 935 3595 et
973 3541 1256 3612 martyris.
1291 3541 1610 3596 Delectabat
1639 3543 1784 3598 enim
1819 3543 1966 3598 illam
1995 3559 2102 3598 non

2208 3538 2304 3601 τὰς
2335 3537 2572 3605 φυσικάς
2626 3535 2974 3608 συζητήσεις,
3007 3537 3207 3590 ὁπόσον
3243 3539 3382 3610 περὶ
3451 3538 3522 3592 τὰ
3556 3537 3796 3604 δόγματα,

531 3641 639 3685 tam
685 3633 1056 3700 quzestionum
1084 3631 1384 3701 explicatio
1415 3633 1778 3698 naturalium,
1828 3649 1990 3702 quam
2025 3633 2108 3688 di-

2213 3631 2305 3701 τὴν
2334 3629 2506 3694 ὅντως
2565 3629 2756 3700 σοφίαν
2799 3628 3151 3700 καρποῦσθαι
3181 3629 3524 3701 βουλομένη.
3583 3627 3690 3682 Καί
3725 3642 3801 3695 μοι

527 3725 782 3780 vinorum
807 3725 1127 3796 dogmatum
1166 3726 1558 3795 perscrutatio,
1587 3727 1639 3780 in
1675 3743 1912 3797 quorum
1944 3725 2107 3781 intel-

2214 3721 2479 3785 πολλάκις
2539 3721 2844 3792 Θαυμάζειν
2881 3721 3061 3794 ἐπῄει,
3113 3721 3211 3774 καὶ
3283 3722 3654 3788 θαυμάζουσα
3685 3718 3802 3784 ἔφην

528 3817 751 3886 ligentia
808 3833 996 3872 verum
1055 3832 1334 3888 germanae
1393 3819 1683 3888 sapientia:
1753 3819 1997 3874 fructum
2054 3829 2109 3875 et

2217 3815 2344 3868 ποτὲ
2377 3814 2511 3887 “Pb;
2537 3814 2732 3882 αὐτὴν
2775 3814 2900 3876 Πῶς
2940 3813 3170 3867 αὐτόθεν
3201 3815 3352 3884 πρὸς
3393 3811 3653 3868 τοσοῦτον
3689 3808 3805 3875 ὕψος

530 3911 741 3965 sciebat
782 3909 972 3977 situm,
1005 3919 1058 3966 et
1106 3911 1403 3982 quatrebat.
1471 3909 1620 3966 lilii-al
1645 3917 1705 3967 ar
1754 3929 1816 3969 ea
1875 3929 2109 3970 cernens

2217 3907 2555 3978 ἐπέϐλεψας;
2615 3905 2831 3974 Ἔγωγε
2879 3904 3092 3976 τρέμω,
3140 3905 3238 3958 καὶ
3279 3903 3398 3959 οὐδ’
3427 3899 3644 3974 ’ἄκρος
3687 3899 3805 3952 ὠσὶν

529 4018 653 4072 ego,
717 4009 769 4056 (ι
821 4002 1119 4074 aliquando
1188 4019 1323 4059 ausa
1371 4003 1500 4073 quid
1543 4005 1803 4060 sentirem
1875 4007 2107 4062 dicere:

2221 3997 2506 4069 ἅποτολμῶ
2543 3997 2750 4051 τούτων
2784 3997 3020 4050 ἐπαΐειν.
3051 3995 3124 4048 Τὸ
3161 3996 3278 4068 γὰρ
3307 3998 3462 4051 πάνυ
3487 3987 3809 4065 Θεωρητικόν

531 4097 837 4164 Quomodo,
883 4097 1128 4167 inquam,
1166 4113 1197 4152 e
1239 4099 1401 4167 plano
1435 4098 1489 4151 in
1530 4099 1874 4154 altitudinem
1929 4101 2111 4172 suspi-

2221 4111 2270 4147 τε
2301 4094 2396 4148 καὶ
2435 4093 2622 4165 νοερὸν
2657 4091 2750 4146 τοῦ
2808 4089 3019 4164 ἀνδρὸς,
3055 4091 3128 4154 ὣς
3171 4109 3373 4159 φασιν,
3414 4091 3624 4158 ἴλιγγον
3657 4082 3809 4154 παρέ-

533 4205 657 4244 cere
689 4198 742 4244 te
774 4188 974 4259 juvat?
1017 4197 1193 4242 tremo
1223 4187 1478 4257 equidem
1522 4205 1624 4259 ego
1658 4189 1909 4258 intuens,
1937 4208 2000 4247 ac
2041 4210 2109 4250 ne

2211 4203 2366 4258 χεται
2398 4185 2512 4248 τοῖς
2544 4179 3036 4250 ἀναγινώσκουσιν.
3089 4181 3152 4233 Ἠ
3182 4181 3241 4233 δὲ
3285 4181 3634 4254 μειδιάσασα
3689 4173 3799 4242 ἔφη·

531 4282 761 4337 summis
822 4280 1046 4350 quidem
1103 4279 1334 4335 auribus
1406 4281 1698 4338 admittere
1775 4286 2110 4342 mentionem

2225 4265 2681 4341 Ἐπαινετὴνοῖδα
2709 4269 2810 4340 τὴν
2868 4267 3073 4322 δειλίαν
3119 4269 3360 4340 ταύτην·
3397 4273 3498 4322 καὶ
3553 4267 3662 4320 οὐδ’
3691 4261 3811 4329 αὑτὴ

532 4370 708 4424 audeo
765 4385 1094 4424 arcanorum
1154 4378 1262 4423 tam
1328 4372 1673 4428 sublimium.
1721 4375 1910 4447 Stylus
1940 4378 2109 4444 enim,

2226 4366 2458 4436 Ξιτρέμας
2483 4365 2604 4426 ταῖς
2645 4362 2852 4433 βίὂλοις
2875 4359 3103 4424 ταύταις
3137 4361 3446 4433 πρόσειμι.
3507 4357 3652 4414 Ἀλλ’
3683 4355 3814 4425 ὅμως

531 4465 591 4510 ut
616 4457 792 4518 aiunt,
829 4457 1004 4511 sancti
1054 4457 1275 4512 Maximi
1333 4470 1558 4517 evectus
1619 4446 1890 4521 altissime
1944 4481 2109 4537 supra

2243 4456 2562 4512 ξποσπᾶσθαι
2610 4455 2816 4508 τούτων
2870 4453 2931 4507 οὐ
2962 4455 3219 4521 δύναμαι.
3276 4455 3356 4508 Σὺ
3408 4453 3468 4508 δέ
3513 4471 3602 4523 μοι
3639 4446 3831 4540 μικρὸνἱ

533 4563 696 4603 usum
729 4555 783 4602 et
811 4555 1032 4618 captum
1078 4551 1446 4608 humanorum
1491 4555 1785 4620 sensuum,
1845 4565 1898 4610 et
1928 4559 1981 4611 in
2011 4558 2112 4614 eli-

2229 4545 2530 4622 ἱνάμεινον,
2559 4550 2658 4604 καὶ
2681 4551 2799 4610 ταῖς
2830 4547 3021 4610 ἄλλαις
3049 4547 3353 4616 ὲγκύψασα
3384 4546 3602 4617 βίϐλοις
3633 4539 3817 4614 πρότε-

533 4641 882 4710 quatissimis
943 4644 1510 4714 eontemplatiunibus
1561 4643 1798 4704 assidue.
1843 4649 2106 4715 volitans,

2231 4663 2335 4718 ρον,
2365 4646 2462 4698 καὶ
2499 4643 2601 4711 τῆς
2633 4641 2840 4695 τούτων
2884 4639 3188 4708 ἀπογεὺσει
3233 4639 3550 4712 ἠδύτητος.
3591 4630 3819 4702 Ἐτρωσὲ

533 4733 866 4803 vertiginem
918 4735 1214 4806 quamdam
1255 4735 1411 4792 aﬂ'ert
1465 4737 1798 4810 legentibus.
1851 4741 1934 4797 Ad
1993 4743 2106 4798 haec

2231 4757 2320 4793 ,ιου
2357 4739 2458 4808 τὴν
2486 4735 2714 4804 καρδίαν
2737 4735 2770 4804 ἡ
2794 4733 2904 4787 τῶν
2923 4734 3200 4804 ῥηθέντων
3243 4734 3481 4804 μνήμη,
3517 4729 3614 4784 καὶ
3646 4727 3819 4791 ὥσπερ

536 4823 788 4880 arridens
821 4825 932 4892 illa,
977 4823 1334 4881 Laudabilem
1375 4828 1562 4893 istum,
1599 4829 1694 4895 ait,
1735 4841 1940 4885 metum
1968 4835 2106 4888 scio.

2231 4833 2295 4896 εἰς
2328 4815 2562 4899 πέλαγος
2593 4827 2722 4884 ἄλλο
2745 4829 2791 4861 ⁸²
2817 4825 3177 4896 διηγημάτων
3205 4827 3608 4894 ὲμπέπτωκα.
3677 4813 3819 4871 Ἀ)λά

534 4915 727 4986 Neque
753 4929 849 4986 ego
886 4917 1004 4970 sine
1041 4924 1282 4972 tremore
1329 4917 1394 4972 ad
1430 4917 1591 4990 148
1624 4933 1818 4975 sacros
1860 4921 1960 4975 hes
2019 4935 2110 4974 ac-

2233 4943 2289 4995 με
2327 4921 2526 4993 θεσμὸς
2555 4919 2798 4990 ἱστορίας
2840 4919 3114 4986 ἀπείργει·
3147 4917 3311 4970 ἔνθεν
3351 4936 3443 4972 τοι
3477 4919 3579 4972 καὶ
3603 4913 3734 4984 προς
3762 4908 3821 4961 ﬁt

534 5008 670 5064 cedo
722 5009 913 5076 libros,
946 5017 1128 5065 tamen
1167 5011 1330 5066 avelli
1363 5010 1431 5064 ab
1465 5011 1548 5066 eis
1597 5027 1856 5082 nequeo:
1886 5015 2017 5083 quin
2053 5023 2110 5068 tu

1810 5029 1856 5066 ιε
1886 5015 2017 5083 quin
2053 5023 2110 5068 tu
2224 5015 2366 5070 κατὰ
2395 5019 2483 5069 τὸν
2529 5011 2730 5067 Ἰταλὸν
2762 5011 3109 5082 ἁνατρεχὲτω
3144 5011 3171 5062 ὀ
3199 5009 3398 5077 λόγος.

537 5104 672 5160 mihi
715 5105 991 5175 paulisper
1022 5113 1306 5174 exspecta,
1349 5112 1404 5158 et
1433 5105 1523 5160 ubi
1554 5104 1680 5170 alia,
1728 5105 1780 5158 iu
1822 5107 2024 5174 quibus
2073 5107 2312 5164 formare
2340 5109 2621 5180 ingenium
2649 5109 2806 5178 prius
2872 5119 2972 5176 par
3011 5115 3116 5170 est.
3159 5105 3308 5160 Salis
3335 5105 3556 5174 εει-ἱραί
3639 5109 3821 5167 εοζῖω·

535 5199 633 5264 ris,
667 5198 858 5253 borum
888 5197 1086 5254 deinde
1121 5199 1452 5253 suavitatem
1486 5197 1829 5268 degustabis.
1860 5199 2146 5256 Percussit
2179 5202 2313 5256 mihi
2385 5218 2483 5258 cor
2549 5203 2750 5257 horum
2823 5198 3088 5255 memoria
3155 5196 3462 5252 dictorum
3495 5215 3512 5266 ;
3571 5207 3630 5252 et
3679 5203 3806 5264 quas

1577 5333 1786 5394 Varim
1817 5335 2125 5398 lectiones
2163 5354 2246 5398 ex
2276 5335 2416 5398 cod.
2452 5335 2722 5397 Coislin.

607 5436 652 5470 ⁵⁷
685 5453 760 5491 τι.
815 5437 868 5470 ’⁸⁸
897 5437 1173 5510 ἐνίσχυσε.
1267 5435 1314 5470 ⁸⁸
1339 5436 1623 5510 κωλύμην.
1700 5439 1747 5471 ⁵ο
1782 5439 1990 5495 Desunt
2023 5455 2188 5496 voces
2212 5441 2311 5514 ἤδη
2350 5441 2426 5496 δέ.
2519 5443 2561 5474 ¹¹
2594 5441 2798 5498 δίδωσι.
2883 5440 2928 5472 ⁵⁵
2966 5438 3159 5493 ἄλλων.

1625 5577 1764 5639 Ωδμ.
1787 5554 2127 5637 ’Βυΐνοεηὶἰ
2157 5576 2254 5636 Ι)υ
2286 5575 2510 5656 Cangii
2543 5579 2734 5638 nolle.

613 5673 721 5748 (67)
763 5673 1038 5741 Ἰασίτας.
1071 5675 1296 5748 Jasitattt
1323 5677 1706 5748 nescioquem
1741 5677 1904 5732 habet
1927 5675 2111 5748 Theo-
2218 5675 2628 5748 Paeltytneres,
2689 5675 2786 5734 lib.
2832 5690 2896 5744 ν.
2955 5685 3078 5746 cap.
3139 5667 3232 5738 17η
3297 5667 3452 5730 Vide
3505 5665 3712 5730 Notata
3765 5657 3831 5722 ad

541 5745 851 5819 phylactus.
917 5745 1228 5819 epist.__33_.
1307 5747 1513 5819 Alium_
1547 5745 1795 5819 ejusdem
1847 5747 2109 5819 nominis,
2217 5763 2341 5819 pag.
2375 5745 2502 5802 50:2.

542 5811 699 5869 Joan.
733 5811 984 5886 Tzetzes,
1023 5816 1151 5873 chil.
1187 5815 1240 5887 5,
1275 5829 1397 5887 cap.
1453 5815 1547 5885 l7;
1576 5811 1803 5874 'Jobum
1856 5815 2106 5886 Jasitam,
