4022 6270
323 380 427 445 437

1586 381 2002 455 ALEXIADIS
2040 383 2194 451 LIB.
2228 386 2309 447 V..

3468 384 3575 450 433

319 498 372 553 in
396 496 547 552 aliud
583 496 987 553 narrandarum
1018 512 1206 559 rerum
1258 496 1485 569 pelagus
1534 498 1725 556 incidi.
1786 497 1894 557 Sed
1935 499 2154 557 cohibet
2184 509 2238 563 et
2277 515 2343 559 re
2376 515 2498 557 oca.
2528 515 2613 557 me
2641 500 2728 557 lex
2766 499 3033 557 historiae.
3067 498 3206 563 Hinc
3269 497 3449 568 igitur
3503 500 3569 555 ad

317 588 514 651 Italum
548 600 802 646 recurrat
826 605 1031 648 sermo.

397 683 491 736 Ἐν
527 681 738 746 τούτοις
767 682 861 737 οὖν
910 687 1022 747 τοῖς
1053 685 1261 741 ἄνωθεν
1324 687 1569 757 ῥηθεῖσιν
1599 688 1766 742 αὐτοῦ
1807 706 1903 758 μα-

2080 689 2129 743 Is
2154 688 2440 743 frctusilla
2469 702 2635 756 quant
2684 686 2924 741 diximus
2979 683 3136 740 turba
3182 667 3576 751 discipulorum

323 774 510 846 θηταῖς
577 773 846 845 ἀκμάζων
894 777 923 830 ὁ
955 776 1182 842 Ἰταλὸς,
1229 780 1365 833 πᾶσι
1416 781 1905 850 καταφρονητικῶς

322 868 722 937 προσεφέρετο,
756 868 886 932 τοὺς
923 869 1153 933 πολλοὺς
1197 870 1309 923 τῶν
1340 873 1584 943 ἀνοήτων
1611 872 1750 945 πρὸς
1803 875 1903 928 ἀν-

320 959 546 1030 ταρσίας
607 960 889 1016 ἀνακινῶν
929 961 1024 1015 καὶ
1063 962 1365 1034 τυράννους
1410 965 1476 1017 ἐκ
1532 964 1640 1018 τῶν
1689 966 1905 1018 οίκείων

323 1049 668 1119 μαθημάτων
691 1051 738 1083 ⁸³
767 1051 869 1106 οὐκ
897 1051 1113 1121 ὀλίγους
1149 1054 1551 1118 ἀποκαθιστάς.
1592 1055 1705 1109 Καὶ
1759 1050 1906 1125 εῐχον

320 1140 553 1205 πολλοὺς
584 1144 948 1214 προσφέρειν,
979 1147 1029 1200 εί
1062 1146 1140 1217 μὴ
1168 1149 1196 1205 ὁ
1224 1147 1415 1217 χρόνος
1447 1166 1514 1218 με
1547 1149 1648 1218 τὴν
1683 1148 1906 1220 μνήμην

318 1233 595 1300 ἀφείλετο.
639 1235 801 1290 una
831 1237 1008 1295 ταῦτα
1033 1238 1133 1307 μὲν
1162 1234 1305 1308 ἦσαν
1341 1239 1449 1310 πρὸ
1480 1238 1575 1293 τοῦ
1608 1239 1907 1310 ἀναχθῆναι

320 1324 405 1377 τὸν
430 1324 565 1395 ὲμδν
587 1328 800 1398 πατέρα
825 1330 907 1392 είς
921 1330 1021 1400 τὴν
1039 1333 1139 1401 τῆς
1163 1329 1437 1400 βασιλείας
1463 1333 1769 1403 περιωπήν·
1786 1333 1907 1386 ἐπεὶ

280 1468 287 1472 .
321 1415 376 1468 δὲ
398 1416 466 1469 τὰ
496 1417 596 1472 ὡδὶ
626 1419 879 1483 παιδείας
904 1415 1062 1492 εὗρεν
1084 1422 1309 1493 ἀπάσης
1340 1422 1537 1487 ἐνδεῶς
1568 1424 1782 1493 ἔχοντα,
1812 1424 1908 1478 καὶ

324 1507 514 1577 τέχνης
548 1511 775 1583 λογικῆς
811 1513 910 1568 τοῦ
948 1514 1109 1583 λόγου
1160 1515 1352 1587 πόρρω
1382 1533 1487 1571 που
1545 1517 1909 1583 ἀπελαθέντος

323 1600 483 1663 αὐτὸς
510 1603 565 1655 ετ
584 1620 688 1656 που
723 1604 1022 1675 σπινθῆρές
1049 1623 1193 1669 τινες
1222 1602 1366 1679 ἦσαν
1408 1608 1599 1663 τούτου
1642 1608 1745 1662 ὑπὸ
1774 1626 1910 1663 σπο-

326 1692 413 1762 διᾷ
461 1694 830 1764 κρυπτόμενοι
883 1698 1252 1769 ἀναχωννύειν
1293 1698 1575 1769 ἠπείγετο,
1642 1702 1738 1755 καὶ
1783 1702 1909 1764 τοὺς

328 1785 437 1838 ὅσοι
471 1788 603 1853 περὶ
627 1787 697 1841 τὰ
726 1788 1030 1859 μαθήματα
1070 1792 1389 1863 ὲπιῤῥεπῶς
1419 1788 1567 1863 εἶχον
1602 1788 1766 1865 (ἦσαν
1787 1793 1910 1865 ζγάρ

327 1892 466 1941 τινες
500 1878 591 1931 καὶ
620 1872 769 1934 οὗτοι
797 1881 1021 1954 βραχεῖς
1047 1885 1143 1937 καὶ
1177 1878 1322 1939 οὗτοι
1352 1886 1515 1957 μέχρι
1534 1887 1643 1939 τῶν
1661 1887 1913 1957 Ἀριστο-

328 1968 554 2023 τελικῶν
581 1971 875 2041 ἑστηκότες
900 1974 1237 2048 προθύρων),
1272 1977 1497 2042 τούτους
1540 1980 1679 2051 πρὸς
1735 1980 1911 2052 μάθη-

2007 782 2346 851 despiciebat
2381 797 2491 849 prae
2515 797 2574 837 se
2601 788 2852 843 cunctos,
2884 790 2938 834 et
2964 779 3191 834 insanos
3227 778 3291 832 ad
3322 779 3579 832 rebellio-

2007 891 2106 931 nes
2145 874 2464 931 concitabat
2494 891 2509 928 :
2544 874 2681 928 adeo
2712 881 2898 926 utnon
2942 872 3100 942 pauci
3134 887 3211 926 ex
3235 871 3357 937 eius
3384 869 3575 922 schola

2008 967 2229 1039 tyranni
2283 967 2569 1035 eruperint
2628 981 2644 1021 :
2705 979 2845 1033 quos
2913 964 3196 1019 concitare
3245 962 3573 1016 nominatim

2008 1071 2283 1131 poteram,
2338 1060 2447 1115 nisi
2504 1058 2878 1127 longinquitas
2928 1056 3213 1125 temporis-
3256 1052 3576 1121 ignorabilia

2009 1154 2214 1224 alioqui
2250 1153 2472 1210 nomina
2506 1153 2782 1207 memoria:
2810 1151 3181 1209 subtraheret,
3206 1146 3351 1201 haud
3383 1159 3583 1211 magno

2007 1248 2350 1304 narrationis
2386 1246 2551 1314 hujus
2587 1246 2811 1305 damno,
2845 1259 2963 1312 quae
2989 1244 3042 1295 in
3079 1241 3309 1309 imperio
3343 1239 3444 1292 mei
3482 1252 3578 1305 pa—

2008 1339 2183 1395 rentis
2225 1338 2528 1406 professam
2570 1333 2841 1403 expromit
2895 1347 3139 1400 operam.
3198 1329 3410 1385 Canem
3458 1342 3580 1395 quae

2010 1429 2145 1485 illud
2198 1438 2543 1485 antecessere
2573 1427 2755 1497 qualia
2791 1426 2893 1480 ista
2949 1433 3099 1487 sunt,
3156 1438 3267 1477 non
3325 1420 3583 1487 sequitur

2009 1519 2194 1577 anxie.
2227 1518 2390 1573 Pater
2417 1532 2548 1587 ergo
2579 1530 2734 1570 meus
2777 1512 3069 1583 imperium
3128 1522 3426 1578 capessens
3482 1520 3580 1573 pro

2009 1628 2112 1671 suo
2141 1612 2196 1667 in
2232 1611 2444 1665 litteras
2474 1623 2659 1663 amore
2680 1621 2818 1676 quas
2852 1604 2956 1660 coli
2988 1603 3203 1657 videbat
3235 1616 3263 1653 a
3289 1596 3581 1668 perpaucis

2009 1718 2311 1774 veramque
2337 1700 2701 1756 ratiocinandi
2735 1705 2908 1752 artem
2946 1696 3203 1751 exsulare
3250 1708 3277 1744 a
3302 1704 3577 1751 sermone,

2010 1799 2217 1869 ubique
2257 1796 2610 1853 scrutabatur
2657 1794 2704 1846 si
2753 1806 2891 1863 quas
2920 1789 3251 1845 eruditionis
3306 1784 3584 1839 scintillas

2009 1891 2113 1947 sub
2145 1890 2332 1945 cinere
2366 1887 2581 1956 uspiam
2632 1885 2865 1939 latentes
2898 1881 3143 1937 excitare
3183 1879 3236 1932 in
3275 1878 3451 1930 lucem
3484 1890 3585 1943 pu-

2014 1982 2158 2037 blico
2208 1978 2363 2034 urbis
2420 1986 2585 2047 atque
2638 1974 2788 2029 orbis
2843 1973 2992 2027 bono
3040 1976 3247 2040 posset.
3289 1966 3422 2031 Qum
3455 1978 3589 2032 ergo

335 2076 417 2112 σιν
446 2040 843 2132 ὀτρύνωνούκ
876 2040 1137 2132 ἐνεδίδου,
1176 2040 1541 2140 προηγεῖσθαι
1581 2040 1638 2125 δὲ
1658 2040 1776 2143 ⁷τήν
1805 2040 1908 2126 τῶν

2014 2082 2139 2146 apta
2176 2073 2242 2131 ad
2273 2070 2559 2127 doctrinas
2607 2080 2661 2123 et
2713 2067 2778 2121 ad
2836 2065 3079 2121 studium
3137 2075 3308 2131 prona
3364 2058 3588 2125 ingenia

328 2153 486 2207 θείων
518 2154 717 2225 βίϐλων
752 2157 986 2227 μελέτην
1008 2159 1109 2229 τῆς
1144 2159 1462 2232 Ἑλληνικῆς
1496 2162 1751 2227 παιδείας
1782 2163 1912 2217 ἐπέ·

328 2263 511 2318 τρεπε.
572 2250 677 2303 Τὸν
736 2250 794 2305 δὲ
864 2249 1067 2305 ’ἰταλὸν
1123 2252 1376 2323 εὑρηκὼς
1431 2254 1679 2324 θορύὸων
1731 2257 1913 2311 πάντα

332 2340 504 2409 μεστά
564 2343 914 2409 ποιούμενον,
966 2346 1060 2398 καὶ
1101 2345 1333 2409 πολλοὺς
1396 2346 1772 2413 ἐξαπατῶντα,
1831 2349 1912 2420 τῷ

330 2431 793 2504 σεϐαστοκράτορι
849 2435 1111 2506 Ἰσαακίῳ
1173 2438 1275 2505 τὴν
1331 2438 1524 2492 τούτου
1587 2440 1910 2510 δοκιμασίαν

328 2524 563 2580 ἀνέθετο·
603 2526 743 2597 ἀνὴρ
777 2528 833 2582 δὲ
849 2522 1004 2593 οὗτος
1033 2529 1489 2601 φιλολογώτατος,
1543 2533 1637 2586 καὶ
1675 2534 1911 2603 μεγαλε·

329 2616 730 2689 πηὸολὼτατος.
754 2620 862 2673 Καὶ
883 2620 944 2685 ὃς
974 2621 1150 2685 οὕτως
1178 2623 1369 2693 ἔχοντα
1407 2625 1498 2677 τὸν
1543 2624 1713 2695 ἄνδρα
1742 2626 1911 2696 εὑρη-

330 2706 438 2770 κὼς
481 2707 721 2781 δημοσίᾳ
773 2709 966 2781 ἡλεγξε
1018 2714 1381 2783 παραστήσας
1431 2715 1512 2777 είς
1572 2716 1760 2784 μέσαν,
1807 2710 1909 2768 εἷθ’

328 2796 466 2852 οὕτω
492 2802 560 2869 τῇ
607 2800 907 2871 Ἐκκλησία
938 2804 1273 2874 παρέπεμψε
1323 2805 1464 2857 κατὰ
1505 2804 1756 2859 κέλευσιν
1814 2806 1908 2861 τοῦ

325 2891 552 2959 ἀδελφοῦ
581 2896 675 2945 καὶ
724 2892 1011 2962 βασιλέως.
1073 2895 1228 2948 Ἐπεὶ
1254 2894 1443 2966 δὲτὴν
1486 2896 1681 2951 ἑαυτοῦ
1740 2900 1909 2951 ἀπαι-

327 2981 542 3035 δευσίαν
589 2984 853 3055 κρύπτειν
901 2986 1001 3055 οὐχ
1027 2980 1141 3049 οἷός
1171 3003 1230 3039 τε
1262 2982 1351 3056 ἦν,
1406 2989 1631 3043 κάκεῖσε
1700 2988 1910 3057 ἔκφυλα

327 3073 421 3144 τῆς
457 3074 787 3143 Ἑκκλησίας
818 3075 1069 3145 δόγματα
1097 3077 1426 3147 ἐξηρεύξατο
1465 3081 1559 3133 καὶ
1588 3080 1672 3144 είς
1708 3081 1909 3151 μέσους

328 3168 450 3229 τοὺς
480 3169 579 3237 τῆς
614 3169 945 3238 Ἐκκλησίας
971 3169 1204 3238 λογάδας
1230 3171 1508 3243 κωμῳδῶν
1534 3174 1634 3227 οὐκ
1677 3174 1909 3229 ἐπαύετο

331 3262 420 3313 καὶ
444 3261 559 3315 ἀλλ’
577 3261 714 3315 ἄττα
748 3262 939 3328 ποιῶν,
960 3263 1124 3333 ἤθους
1152 3264 1485 3318 ἀπαιδεύτου
1521 3268 1614 3321 καὶ
1637 3266 1907 3338 βαρϐαριο

330 3352 445 3419 κοῦ,
516 3353 797 3424 προέδρου
860 3354 1014 3418 ὄντος
1070 3357 1172 3425 τῆς
1229 3356 1527 3426 ἐκκλησίας
1599 3358 1907 3429 τηνικαῦτα

329 3445 661 3515 Εὐστρατίου
693 3443 788 3499 τοῦ
826 3445 1047 3516 Γαρυδᾶ
1084 3447 1165 3479 ⁸⁵·
1201 3447 1258 3511 ὃς
1292 3449 1482 3501 τοῦτον
1522 3453 1910 3522 παρακατέσχε

330 3537 452 3605 περὶ
476 3537 576 3601 τὰς
633 3538 929 3607 οἰκοδομὰς
968 3541 1064 3609 τῆς
1108 3539 1370 3609 Μεγάλης
1442 3542 1772 3614 Ἐκκλησίας
1827 3545 1914 3599 ἵνα

329 3632 461 3701 τάχα
499 3631 637 3702 πρὸς
661 3631 721 3685 τὸ
751 3634 1001 3702 κρεῖττον
1035 3634 1489 3705 μεταποιήσαιδθ.
1528 3635 1690 3689 Ἀλλά
1711 3637 1912 3707 μικροῦ

329 3726 518 3787 θᾶττον
566 3726 649 3787 ,ἀν
697 3726 865 3790 αὐτὸς
893 3728 993 3797 τῆς
1049 3729 1262 3783 ἐκείνου
1312 3730 1541 3800 μετέσχε
1600 3731 1824 3799 κακίας,
1877 3732 1910 3802 ἢ

334 3819 599 3886 μετέδωκε
632 3819 944 3889 κρείττονος
986 3819 1265 3887 γνώσεως,
1303 3822 1448 3875 κατά
1506 3823 1597 3875 τὸν
1644 3824 1908 3893 φάμενον.

344 3909 397 3963 '0
428 3912 537 3981 γὰρ
568 3912 617 3943 ⁵⁸
661 3910 861 3974 Ἰταλὸς
884 3910 1253 3982 τδνΓαρυδᾶν
1295 3912 1418 3966 ὅλον
1469 3914 1671 3966 ἑαυτοῦ
1716 3915 1909 3984 ἐποιή-

333 4020 473 4057 σατο.
512 4004 577 4056 Τί
616 4003 677 4056 τὸ
710 4003 990 4069 bne-She;
1042 4004 1098 4057 Ὀ
1119 4005 1290 4074 δῆμος
1326 4004 1473 4065 ἅπας
1492 4006 1593 4074 τῆς
1616 4007 1909 4058 Κωνσταν-

329 4096 469 4149 τίνου
504 4094 642 4166 πρὸς
672 4095 772 4165 τὴν
811 4094 1110 4164 ἐκκλησίαν
1140 4095 1529 4165 συγκεκίνητο,
1570 4096 1661 4148 τὸν
1710 4096 1910 4149 Ἰταλὸν

326 4185 739 4255 ἀναζητοῦντες,
772 4185 865 4236 καὶ
894 4185 1033 4253 τάχα
1068 4185 1133 4239 ἂν
1170 4185 1263 4252 ἀφ’
1287 4183 1487 4253 balneo;
1508 4185 1589 4247 είς
1608 4184 1773 4254 μέσον
1801 4184 1902 4254 τῆς

323 4277 622 4346 ἐκκλησίας
661 4276 926 4347 ἔρριπτο,
980 4276 1027 4327 εἰ
1068 4276 1141 4345 μὴ
1187 4275 1367 4329 λαθὼν
1411 4276 1654 4341 ἐκεῖνος,
1688 4274 1769 4337 είς
1813 4274 1905 4327 τὸν

323 4366 516 4435 δροφον
563 4366 781 4420 τουτουῒ
805 4366 898 4419 τοῦ
931 4366 1077 4419 θείου
1107 4368 1369 4435 τεμένους
1416 4365 1678 4434 ἀνελθὼν,
1705 4366 1761 4418 ἐν
1796 4382 1900 4419 τινι

325 4462 516 4534 φωλεῷ
537 4460 732 4515 ἑαυτὸν
754 4460 1147 4527 συνεκάλυψεν.

2013 2167 2239 2223 notabat
2267 2166 2444 2235 (erant
2478 2178 2541 2218 ea
2580 2177 2686 2216 non
2720 2158 2913 2221 multa,
2936 2171 3039 2211 nec
3073 2154 3281 2224 magnis
3304 2164 3583 2205 commen-

2012 2258 2138 2315 data
2176 2256 2583 2327 progressibus,
2636 2252 2836 2323 quippe
2888 2263 2998 2303 non
3060 2246 3200 2300 ultra
3251 2240 3583 2296 vestibulum

2012 2350 2377 2406 Aristotelicas
2402 2354 2655 2417 provecta
2686 2339 3065 2411 philosophiae)
3095 2335 3245 2391 oraui
3275 2332 3487 2387 ratione
3515 2328 3583 2383 ad

2008 2441 2261 2499 discendi
2321 2436 2732 2495 contentionem
2784 2430 3069 2488 adhortari
3128 2438 3301 2496 atque
3352 2426 3585 2479 incitare

2015 2547 2124 2588 non
2174 2530 2501 2587 desistebat.
2564 2524 2844 2580 Suadebat
2907 2535 3072 2591 porro
3124 2531 3476 2586 magnopere,
3523 2519 3584 2567 ut

2012 2626 2249 2695 primum
2300 2623 2445 2677 inter
2476 2618 2758 2673 doctrinas
2818 2614 3045 2668 honoris
3100 2619 3153 2664 et
3203 2604 3582 2663 astimatienis

2012 2719 2196 2774 locum
2254 2728 2541 2771 sacrorum
2605 2710 2899 2763 Librorum
2956 2702 3242 2760 meditatio
3296 2697 3581 2752 haberet:

2011 2816 2137 2879 post
2168 2822 2287 2863 eam
2327 2803 2526 2859 deinde
2576 2806 2893 2855 censeretur
2926 2794 3113 2850 Grata
3147 2789 3409 2846 eruditio.
3443 2785 3581 2839 Cum

2010 2910 2192 2956 autem
2222 2896 2587 2966 comperisset
2611 2892 2761 2946 hunc
2806 2888 3003 2943 italum
3059 2891 3258 2940 cuncta
3311 2878 3494 2933 turbis
3528 2882 3583 2929 et

2013 2988 2341 3047 tumultibus
2398 2986 2653 3046 miseere,
2717 2981 3031 3047 multosque
3087 2974 3363 3043 decipere,
3396 2967 3584 3035 explo-

2011 3081 2171 3138 randi
2198 3094 2388 3135 curam
2420 3074 2663 3131 lmminis
2687 3072 2901 3128 lsaacio
2935 3069 3093 3123 fratri
3133 3081 3196 3120 ac
3225 3064 3582 3119 sebastocra-

2013 3174 2119 3229 tori
2155 3169 2582 3231 commendavit,
2650 3165 2769 3219 viro
2821 3163 2887 3219 ad
2927 3161 2978 3215 id
3015 3160 3346 3229 peridonco;
3377 3154 3582 3224 quippe

2011 3265 2106 3335 qui
2137 3272 2193 3319 et
2242 3259 2688 3322 amantissimus,
2724 3265 2778 3309 et
2811 3265 3155 3321 nequaquam
3193 3262 3392 3316 expers
3430 3245 3583 3298 litte-

1933 3381 1977 3441 α
2011 3373 2223 3424 rarum,
2258 3354 2445 3410 animo
2475 3357 2621 3407 esset
2662 3346 2926 3419 prteditus
2961 3344 3190 3414 ingenti,
3224 3349 3277 3393 ct
3308 3338 3402 3394 ubi
3453 3351 3582 3393 sus-

2010 3449 2255 3521 cepisset
2284 3444 2594 3518 quidpiam,
2633 3449 2834 3497 cuneta
2866 3438 2987 3510 ejus
3019 3431 3372 3507 perpetrandi
3398 3431 3584 3485 obsta-

2010 3543 2136 3598 cula
2167 3549 2321 3595 certo
2360 3550 2636 3606 rumpere.
2675 3533 2723 3588 Is
2774 3532 2938 3586 talem
2981 3527 3161 3596 reipsa
3215 3539 3338 3580 esse
3389 3522 3585 3587 depre-

2012 3630 2423 3688 henditltalum
2459 3627 2675 3698 qualem
2729 3630 2847 3680 erat
2893 3620 3207 3689 suspicatus
3258 3615 3582 3682 imperator,

2010 3723 2217 3779 indicio
2284 3720 2446 3775 fama:
2504 3717 2755 3787 publicae.
2833 3711 3022 3766 Palam
3101 3720 3230 3775 ergo
3305 3700 3586 3757 convincit

2011 3813 2368 3875 nebulonem,
2427 3822 2691 3877 apparere
2721 3819 2782 3860 se
2819 3816 3006 3857 coram
3041 3800 3096 3851 in
3148 3810 3348 3852 corona
3384 3792 3583 3845 multo-

2009 3887 2135 3962 rum
2191 3905 2434 3972 iussum.
2502 3898 2732 3959 Deinde,
2791 3895 3026 3963 idipsum
3073 3890 3301 3959 jubeute
3336 3888 3583 3955 Augusto

2008 3996 2204 4060 fratre,
2238 3994 2401 4049 illum
2428 3993 2661 4059 ejusque
2694 4000 2925 4053 causam
2954 3984 3018 4037 ad
3047 3980 3287 4035 tribunal
3317 3977 3583 4032 ecclesia-

2012 4089 2211 4143 sticum
2247 4084 2484 4140 remisit.
2518 4080 2620 4136 Ubi
2654 4095 2776 4134 cum
2804 4086 2957 4130 tanto
2992 4074 3164 4143 magis
3199 4073 3362 4125 homo
3394 4083 3583 4121 amens

2006 4186 2217 4243 rueret,
2248 4184 2302 4231 et
2337 4174 2665 4248 imperitiam
2704 4171 2980 4226 occultare
3014 4164 3249 4234 amplius
3286 4176 3440 4217 suam
3472 4174 3582 4213 non

2012 4270 2222 4334 valens,
2254 4267 2511 4337 dogmata
2565 4263 2814 4319 eﬂ‘utiret
2849 4258 3050 4313 canoni
3083 4255 3205 4310 ﬁdei
3243 4251 3523 4309 contraria
3565 4267 3579 4301 :

2016 4378 2079 4418 ac
2128 4370 2391 4433 praeterea
2450 4372 2637 4412 coram
2694 4352 2993 4408 venerabili
3047 4358 3189 4405 coetu
3256 4348 3477 4400 Patrum
3520 4360 3585 4399 ac

2008 4455 2302 4525 praesidum
2340 4450 2601 4503 Ecclesiae
2634 4448 2802 4500 multa
2830 4443 3140 4515 nugatoria,
3198 4441 3419 4502 acerbe,
3456 4452 3579 4490 ma-

324 4556 497 4612 ledice
531 4572 596 4612 ac
626 4556 937 4626 petulanter
980 4555 1284 4611 declamare
1337 4571 1443 4610 non
1491 4555 1811 4618 desineret;
1848 4552 2062 4621 aliaque
2102 4549 2264 4604 edere
2330 4546 2647 4605 inhumanae
2673 4541 3106 4610 importunaeque
3128 4538 3458 4591 documenta
3498 4533 3582 4583 iu-

326 4648 487 4715 dolis,
521 4648 805 4704 Eustratio
842 4646 1062 4701 Garidze
1122 4648 1317 4717 synodi
1356 4658 1465 4701 tum
1506 4648 1626 4717 ejus
1692 4628 1958 4701 cretus-et
2006 4642 2152 4699 sedis
2201 4638 2421 4710 praesuli
2466 4633 2814 4691 dedocendus
2862 4641 3026 4699 atque
3060 4630 3127 4684 ad
3160 4629 3369 4699 frugem
3424 4623 3583 4678 redu—

325 4740 532 4794 cendus
559 4752 646 4795 est
674 4738 951 4804 traditus;
991 4754 1179 4793 verum
1219 4748 1411 4793 contra
1442 4738 1651 4793 evenit.
1679 4736 1812 4792 Nam
1840 4735 2030 4806 paucis
2062 4733 2257 4788 diebus
2288 4732 2488 4801 quibus
2526 4728 2623 4782 fuit
2653 4725 3080 4795 cumZEustratio
3113 4723 3167 4775 in
3200 4719 3581 4790 superioribus

324 4832 571 4887 aediliciis
615 4830 799 4902 Magni
853 4830 1088 4900 Templi,
1157 4830 1231 4883 ita
1298 4830 1452 4884 illum
1517 4828 1906 4898 patriarcham,
1948 4824 2226 4880 hominem
2284 4837 2395 4876 non
2448 4819 2854 4883 doctissimum,
2898 4817 3080 4870 verbis
3122 4830 3185 4869 ac
3230 4810 3583 4881 εομιιίειιιιιιίε

324 4924 530 4991 obruit,
561 4932 621 4979 ut
669 4939 700 4980 e
747 4937 979 4979 censore
1023 4921 1184 4994 149
1251 4938 1353 4977 suo
1409 4938 1475 4978 ac
1537 4922 1721 4993 judice
1760 4924 1813 4976 in
1844 4920 2258 4992 suffragatorem
2297 4933 2547 4973 errorum
2576 4930 2823 4975 suorum.
2861 4916 3054 4982 suique
3101 4926 3165 4965 ac
3212 4910 3365 4963 mala:
3404 4920 3581 4961 causa}

327 5028 617 5086 patronum
649 5026 888 5073 verteret
918 5031 982 5070 ac
1011 5017 1308 5071 vindicem.
1358 5016 1734 5086 His'populus
1775 5015 1980 5069 auditis
2029 5014 2341 5082 indignatus
2372 5011 2657 5064 universus
2699 5008 3038 5060 tumultuoso
3069 5018 3337 5057 concursu
3380 4999 3488 5051 coit
3526 4997 3578 5047 in

325 5108 648 5175 Ecclesiam,
704 5111 919 5180 magnis
990 5108 1064 5163 ibi
1112 5109 1444 5163 clamoribus
1492 5109 1683 5163 italum
1711 5110 2055 5178 deposcens:
2092 5108 2336 5174 nihilque
2363 5103 2463 5156 fuit
2537 5103 2758 5169 propius
2791 5113 2953 5169 quam
2986 5109 3044 5150 ut
3066 5110 3095 5146 e
3124 5108 3341 5147 summo
3375 5089 3581 5142 Γυηιῖεθ

322 5202 383 5255 in
440 5206 813 5272 paVimentum
868 5217 1109 5272 praeceps
1161 5202 1537 5272 dejiceretur;
1599 5218 1784 5257 verum
1848 5219 1906 5256 se
1957 5202 2071 5268 ipse
2125 5199 2190 5251 ad
2246 5199 2295 5250 id
2354 5197 2519 5265 quaeri
2580 5196 2780 5255 sciens,
2844 5202 3149 5244 conscenso
3204 5185 3337 5237 aedis
3412 5198 3580 5238 sacrae

320 5295 592 5351 altissimo
641 5294 866 5363 fastigio
922 5309 982 5348 se
1037 5292 1091 5346 in
1144 5293 1416 5363 quoddam
1477 5294 1819 5362 gurgustium
1857 5291 2087 5355 abdidit,
2119 5291 2263 5355 quod
2306 5286 2539 5342 scrutari
2576 5284 2777 5338 nemini
2816 5283 2960 5334 venit
2986 5282 3037 5332 in
3078 5284 3331 5329 utentem.

408 5386 495 5447 Ὠς
523 5386 580 5439 δὲ
601 5385 673 5438 τά
706 5382 840 5452 παρ’
873 5382 1084 5435 ἐκείνου
1102 5382 1288 5446 κακῶς
1316 5383 1744 5454 δογματισθέντα
1773 5383 1903 5435 πολ-

2050 5390 2053 5391 '
2083 5376 2391 5446 Serpebant
2416 5391 2575 5445 porro
2598 5390 2694 5443 per
2711 5374 2986 5426 civitatein
3012 5383 3176 5438 prava
3203 5367 3293 5418 illa
3326 5369 3579 5435 dogmata

317 5478 439 5539 λοτς
456 5477 500 5508 ⁸⁷
529 5478 658 5548 περὶ
677 5476 747 5530 τὰ
768 5475 1046 5543 ἀνάκτορα
1076 5474 1406 5545 ἐθρυλλεῖτο,
1438 5477 1533 5528 καὶ
1579 5476 1907 5545 μεγιστᾶνες

2009 5479 2067 5527 et
2099 5484 2209 5524 non
2240 5484 2445 5537 paucos
2468 5484 2531 5521 et
2566 5465 2831 5519 comitatu
2888 5460 3005 5530 ipso
3062 5459 3412 5528 imperatoris
3462 5474 3578 5511 ma-

314 5567 617 5637 οὐκόλίγοι
645 5566 1022 5639 διεφθάρησαν
1054 5566 1159 5620 ὑπὸ
1194 5566 1239 5599 ⁵⁸
1269 5566 1376 5622 τῶν
1403 5567 1744 5636 φνθοροποιῶν
1776 5563 1901 5618 τού-

2010 5571 2201 5634 gnates
2243 5562 2393 5617 viros
2457 5559 2571 5629 jam
2606 5557 2925 5626 corrupisse
2956 5554 3296 5617 ferebantur.
3331 5553 3463 5621 Qua
3493 5567 3580 5606 res
3630 5595 3636 5601 .

1358 5680 1560 5743 Varia)
1595 5679 1897 5742 lectiones
1940 5695 2023 5739 ex
2065 5674 2208 5738 cod.
2236 5674 2501 5737 Coislin.

382 5807 454 5903 ξ
482 5808 760 5879 μαθητῶν.
786 5808 884 5890 ζ
923 5805 1147 5867 Γαριδᾶ.
1209 5806 1257 5889 ξ’
1286 5805 1650 5877 μεταποιήσῃ.
1718 5802 1877 5858 "ml,
1900 5803 1949 5861 ὁ,
2010 5802 2069 5885 f1,
2103 5798 2318 5865 πολλοῖς
2346 5799 2477 5856 τῶν.
2511 5854 2522 5869 δ
2554 5796 2598 5829 ιι
2628 5795 2757 5851 ἀπό.
