4022 6270
452 402 558 465 447

1776 402 2001 465 ΑΝΝλνΕ
2028 402 2414 464 ΕΟΜΝΕΝιΕ

454 518 746 586 velletque,
772 524 825 571 et
854 515 905 571 iu
940 530 1003 568 eo
1042 513 1199 568 ﬁdem
1230 526 1384 570 suam
1414 514 1807 585 interponeret,
1839 523 1895 566 ut
1928 514 2018 583 qui
2064 513 2128 566 ad
2167 514 2427 584 templum
2460 512 2642 583 magni
2680 514 2937 587 martyris
2962 527 3021 570 se
3044 512 3365 569 conferrent
3438 511 3543 566 sub
3614 511 3721 565 im-

454 612 606 679 perio
640 612 873 679 Augusti
910 610 1166 681 deinceps
1200 612 1446 666 viverent
1472 651 1486 675 ,
1537 609 1628 680 qui
1680 608 1745 663 ad
1801 609 2033 663 alterum
2073 606 2268 661 Auloni
2304 609 2594 663 obversum
2628 610 2842 678 signum
2883 609 3043 681 154
3074 608 3370 673 ferrentur,
3445 606 3513 660 iis
3580 604 3723 659 liber

455 707 508 759 in
570 708 799 775 patriam
855 709 1265 774 permitteretur
1356 705 1583 761 reditus.
1639 702 1733 756 llis
1794 703 2051 769 utrinque
2092 703 2265 771 pactis
2330 703 2608 769 stipulatis
2643 704 2873 759 comites
2935 704 3001 755 ad
3039 698 3387 771 imperatoris
3414 706 3600 768 partes
3629 710 3723 749 ae-

456 802 700 867 cedunt;
742 802 793 855 id
836 802 977 870 quod
1031 801 1339 873 Bryennius
1374 799 1740 867 generositate
1774 797 2056 865 indignum
2100 812 2199 850 sua
2232 806 2503 862 statuens,
2541 814 2821 869 nunquam
2856 798 3051 852 adduci
3097 797 3274 866 potuit
3340 803 3400 847 ut
3479 792 3723 845 imitare.

455 902 563 946 tur.
601 891 811 945 Juravit
842 902 1049 946 tantmn
1090 892 1402 960 imperatori
1426 906 1484 946 se
1509 904 1785 959 nunquam
1858 888 1911 940 in
1970 901 2096 939 eum
2138 895 2413 942 moturum
2452 906 2624 956 arma,
2688 890 2849 945 modo
2901 906 2962 946 se
3010 891 3208 945 idoneo
3253 889 3320 942 ad
3367 886 3713 942 securitatem

454 986 710 1056 praesidio
741 984 932 1038 deduci
960 986 1175 1052 juberet
1209 985 1274 1037 ad
1309 982 1513 1037 limites
1543 980 1779 1051 imperii,
1808 977 1953 1033 unde
1973 991 2033 1030 se
2071 977 2316 1046 recipere
2345 980 2569 1034 domum
2596 992 2815 1051 posset;
2886 981 3033 1053 quod
3069 981 3118 1036 ei
3154 980 3366 1051 prolixe
3425 980 3711 1045 Augustus

454 1075 701 1133 indulsit.
741 1076 961 1145 iterque
992 1092 1114 1130 mox
1150 1090 1340 1131 versus
1375 1073 1698 1145 Byzantium
1731 1068 2031 1141 splendida
2072 1067 2315 1124 victoria:
2347 1086 2570 1140 compos
2599 1072 2849 1141 arripuit.

528 1170 813 1240 Digrediar
846 1171 933 1223 hic
966 1170 1246 1239 paululum
1288 1168 1353 1222 ad
1389 1167 1723 1221 narrandum
1758 1163 2034 1233 quomodo

2208 1164 2423 1235 Μικρὸν
2474 1164 2531 1216 δὲ
2579 1164 2844 1229 ἐνταῦθα,
2873 1165 2974 1236 τὴν
3008 1165 3104 1219 τοῦ
3131 1166 3293 1234 λόγου
3321 1165 3579 1233 διήγησιν
3608 1164 3727 1219 δια-

456 1263 803 1317 Paulicianos
844 1262 991 1315 ultus
1019 1261 1300 1330 Augustus
1333 1261 1425 1315 sit.
1465 1259 1789 1314 Deleeerant
1836 1257 1937 1321 illi,
1973 1266 2034 1311 ut

457 1356 609 1426 prius
640 1355 848 1409 dictum
884 1362 967 1409 est
989 1393 1003 1415 ,
1037 1352 1383 1423 pudebatque
1418 1352 1802 1420 imperatorem
1852 1348 2035 1403 redire

457 1447 513 1501 in
542 1447 765 1500 domum
818 1446 1020 1515 regiam
1077 1444 1398 1513 priusquam
1430 1441 1593 1497 istius
1626 1441 1869 1510 perfidia:
1899 1455 2035 1508 sup-

458 1537 627 1609 plicio
657 1544 965 1602 auctorum,
1011 1536 1185 1589 labem
1240 1535 1485 1590 cluisset.
1521 1534 1809 1587 Victoriam
1871 1531 2038 1603 igitur

458 1647 525 1687 ex
558 1632 789 1688 victoria
821 1646 1032 1694 serens,
1069 1629 1197 1684 dum
1232 1628 1418 1697 gloriae
1442 1627 1743 1697 ejectorum
1785 1625 2033 1682 Castoria

458 1718 743 1774 Gallorum
780 1719 950 1773 decus
982 1718 1207 1773 ultionis
1264 1717 1330 1773 de
1370 1716 1794 1772 Manichaeorum
1833 1724 2037 1771 contuo

461 1808 635 1862 mania
689 1817 920 1876 sumptae
951 1808 1220 1879 adjungit,
1277 1807 1583 1863 facinorum
1639 1824 1863 1862 suorum
1910 1809 2036 1862 illu-

460 1899 654 1955 strium
689 1900 877 1955 orbem
917 1916 982 1955 ac
1016 1915 1275 1956 coronam
1326 1902 1537 1970 implet.
1578 1900 1691 1955 Nec
1725 1902 1871 1955 enim
1929 1915 2079 1970 qua—

366 2050 367 2053 η
461 2000 577 2046 erat
608 1992 926 2046 excelsitate
957 1993 1147 2053 animi,
1189 1992 1299 2063 pati
1335 2001 1550 2062 poterat
1586 1992 1804 2061 tropmis
1834 1994 2041 2060 magni-

462 2082 563 2138 ﬁce
608 2084 675 2137 de
727 2085 972 2138 orciduis
1034 2083 1290 2139 hostibus
1332 2086 1533 2141 creetis
1578 2086 1719 2140 hanc
1771 2088 2038 2140 maculam

463 2177 651 2231 multa:
691 2174 1140 2230 Paulicianorum
1172 2176 1311 2247 fugae
1347 2178 1494 2232 velut
1530 2179 1767 2233 inustam
1799 2190 2040 2239 exstare.

464 2268 530 2324 ad
560 2267 1011 2336 interpellandam
1056 2270 1479 2338 gratulationem
1523 2270 1820 2339 publicam.
1863 2270 2041 2325 Carte-

464 2374 585 2414 rum
635 2375 748 2414 rem
788 2373 906 2413 eam
957 2358 1101 2415 ferro
1139 2375 1202 2415 ac
1236 2360 1406 2416 Marte
1455 2371 1641 2432 aperto
1678 2363 1907 2433 transigi
1945 2378 2043 2418 no-

464 2452 586 2518 luit,
615 2452 867 2522 sanguini
898 2459 1014 2507 tum
1049 2469 1301 2518 suorum,
1335 2463 1448 2508 tum
1478 2455 1723 2523 ipsorum
1759 2471 1904 2509 nunc
1938 2456 2043 2510 bo-

465 2544 669 2611 stium,
708 2562 832 2600 mox
866 2545 1395 2601 reconciliaudorum
1427 2562 1679 2617 parcens.
1714 2549 1886 2603 Norat
1919 2551 2041 2604 ani-

467 2652 586 2691 mos
615 2637 792 2707 gentis
832 2653 896 2692 ac
922 2648 1083 2693 secttn
1128 2640 1429 2709 periclitari
1464 2649 1768 2711 promptos,
1799 2642 2042 2698 indomi-

468 2729 617 2799 tique
669 2730 723 2783 in
767 2730 969 2797 praeliis
1014 2730 1254 2802 impetus
1296 2748 1312 2786 :
1360 2747 1463 2785 nec
1513 2748 1634 2786 cum
1685 2735 1752 2790 iis
1806 2751 2043 2806 pugnam

469 2823 590 2877 sine
627 2821 796 2876 multa
843 2821 1101 2891 utrinque
1127 2823 1273 2876 caede
1309 2823 1575 2878 committi
1606 2839 1765 2895 posse
1790 2841 2045 2895 comper-

472 2914 745 2969 tissimum
782 2913 1033 2969 habebat.
1068 2912 1318 2969 Decrevit
1346 2930 1477 2985 ergo
1520 2924 1639 2972 arte
1670 2920 1947 2984 grassari,
1982 2936 2046 2976 ac

470 3006 695 3063 sceleris
728 3006 944 3075 quidem
979 3014 1232 3062 auctores
1259 3021 1453 3078 capere
1480 3009 1695 3067 insidiis
1732 3018 1786 3067 et
1829 3014 2044 3083 punire;

471 3097 877 3152 multitudinem
909 3112 1151 3164 servare,
1185 3114 1247 3154 ac
1278 3108 1491 3157 caeteras
1541 3118 1656 3157 sum
1690 3105 1907 3174 corpori
1946 3104 2051 3159 mi-

470 3190 599 3246 litiae
632 3190 979 3260 postmodum
1025 3191 1286 3246 inserere.
1339 3193 1484 3247 Sane
1523 3194 1625 3248 viri
1665 3193 1836 3251 fortes
1892 3204 2048 3253 tanto

471 3296 702 3336 numero
725 3281 780 3334 in
806 3280 1052 3335 criminis
1076 3281 1160 3335 sui
1183 3282 1519 3337 conscientia
1547 3283 1716 3354 quieti
1745 3293 1921 3340 tamen
1948 3287 2047 3341 ad-

2139 1255 2355 1324 κόψασα
2386 1257 2429 1289 ⁷⁵
2461 1256 2609 1320 ὅπως
2648 1259 2776 1318 τοὺς
2811 1258 3212 1322 Παυλικιανοὺς
3241 1260 3354 1330 (7‘2)
3410 1260 3725 1330 κατηγωνίο

2141 1363 2274 1399 σατο
2326 1347 2689 1418 διηγήσομαι.
2742 1350 2855 1401 Ούκ
2908 1350 3071 1420 ἔφερε
3124 1352 3259 1420 μηδὲ
3313 1350 3537 1413 τούτους
3597 1351 3727 1412 τοὺς

2140 1441 2454 1502 ἀποστάτας
2500 1442 2980 1509 καταγωνίσασθαι
3045 1442 3150 1512 πρὸ
3214 1441 3306 1495 τοῦ
3353 1443 3423 1496 τά
3474 1442 3726 1513 βασίλεια

2140 1531 2489 1598 καταλαϐεῖν,
2549 1532 2665 1585 ἀλλ’
2717 1533 2906 1603 ὥσπερ
2965 1534 3074 1587 ἀπό
3126 1550 3273 1595 τινος
3326 1533 3485 1603 νίκης
3528 1535 3725 1604 ἑτέραν

2138 1624 2297 1689 νίκην
2332 1624 2833 1694 πρυτανευόμενος,
2863 1625 2955 1678 καὶ
2982 1625 3082 1696 τὴν
3149 1624 3359 1695 πληθὺν
3405 1626 3513 1678 τῶν
3546 1627 3729 1681 Μανι-

2140 1716 2313 1786 χαίων
2341 1716 2433 1769 τὸν
2467 1715 2671 1770 κύκλον
2702 1716 3136 1789 συμπληροῦσαν
3160 1719 3268 1771 τῶν
3295 1719 3492 1773 ἑαυτοῦ
3524 1736 3733 1791 κατορο

2140 1809 2409 1877 θωμάτων
2465 1808 2663 1863 ἐποίει.
2698 1809 2832 1863 Οὐδὲ
2869 1808 2976 1879 γὰρ
3028 1809 3154 1878 ἐνῆν
3186 1809 3262 1879 τῷ
3314 1810 3558 1881 λαμπρῷ
3602 1829 3732 1881 τρο-

2141 1901 2288 1971 παίῳ
2334 1901 2442 1953 τῶν
2480 1900 2749 1971 ἐσπερίων
2803 1901 3099 1973 πολεμίων,
3134 1896 3246 1955 οἷον
3280 1899 3468 1955 σπῖλον
3527 1905 3732 1958 ἐνεῖναι

2139 1994 2267 2056 τοὺς
2328 1994 2393 2047 ἐκ
2451 1993 2835 2047 Ιῐαυλικιανῶν
2892 1994 3249 2065 ὁρμωμένους
3309 1995 3573 2057 ἐκείνους.
3632 1997 3735 2050 Διά

2142 2086 2385 2155 πολέμου
2425 2085 2481 2139 δὲ
2512 2084 2605 2139 καὶ
2660 2089 2838 2159 μάχης
2883 2088 2981 2141 ούκ
3031 2086 3243 2155 ἢθελεν,
3302 2088 3390 2140 ἵνα
3435 2088 3510 2158 μὴ
3558 2090 3617 2141 ὲν
3662 2091 3734 2161 τῇ

2146 2184 2388 2252 συμσολῇ
2429 2182 2521 2235 τοῦ
2557 2184 2797 2253 πολέμου
2856 2182 3039 2235 πολλοὶ
3077 2183 3136 2247 ἐξ
3173 2184 3451 2254 ἑκατέρων
3506 2185 3734 2253 ἀναιρε-

2144 2274 2427 2343 θήσονται,
2490 2276 2658 2328 πάλαι
2717 2275 2940 2338 τούτους
2983 2274 3267 2342 γινώσκων
3326 2275 3737 2345 ὲκθυμοτάτους

2143 2368 2374 2437 ἀνδρας,
2432 2368 2529 2421 καὶ
2588 2367 2755 2435 δριμὺ
2814 2366 2960 2420 κατά
3014 2366 3125 2420 τῶν
3177 2367 3390 2437 ἐχθρῶν
3445 2368 3736 2429 πνέοντας.

2151 2460 2451 2513 Ἐσπευδεν
2477 2455 2571 2512 οὖν
2601 2458 2691 2511 διά
2719 2457 2880 2511 τοῦτο
2910 2459 3037 2520 τοὺς
3092 2459 3460 2525 πρωταιτίους
3506 2459 3606 2529 μὲν
3652 2476 3739 2512 τι·

2152 2552 2534 2624 μωμήσασθαι,
2564 2552 2691 2615 τοὺς
2718 2552 2777 2605 δέ
2808 2569 2872 2619 γε
2902 2552 3126 2615 λοιποὺς
3157 2553 3235 2621 τῷ
3285 2552 3382 2605 τοῦ
3426 2553 3734 2623 στρατοπέ-

2146 2648 2237 2701 δου
2271 2645 2671 2714 συγκαταλέξαι
2696 2643 2931 2712 σώματι,
2956 2645 3151 2698 Ἔνθεν
3180 2662 3263 2698 τοι
3290 2646 3382 2698 καὶ
3413 2644 3500 2698 διά
3527 2645 3727 2716 τρόπου

2145 2737 2337 2792 τούτου
2368 2738 2413 2769 ⁷⁸
2447 2735 2661 2807 μετῄει.
2691 2736 2980 2788 Γινώσκων
3009 2736 3065 2789 δὲ
3099 2735 3162 2788 τδ
3194 2737 3563 2805 φιλοκίνδυνον
3614 2736 3725 2789 τῶν

2147 2829 2360 2899 ἀνδρῶν
2410 2828 2658 2890 ἐκείνων,
2712 2828 2806 2881 καὶ
2847 2829 2975 2899 περὶ
3024 2829 3152 2891 τοὺς
3185 2828 3459 2898 πολέμους
3504 2828 3735 2892 καὶτὰς

2153 2921 2336 2992 μάχας
2379 2920 2702 2982 ἀκάθεκτον,
2740 2920 2929 2973 ἐδεδίει
2963 2920 3036 2991 μὴ
3071 2921 3405 2989 ἀπογνόντες
3459 2921 3641 2991 χεῖρόν
3676 2939 3739 2974 τι

2154 3012 2529 3084 μελετήσαιεν·
2563 3011 2806 3081 ἠρέμουν
2838 3012 2946 3081 γὰρ
2977 3012 3116 3074 τέως
3145 3012 3244 3082 τὴν
3279 3014 3432 3081 σφῶν
3458 3012 3742 3077 οἰκοῦντες

2150 3104 2409 3174 πατρίδα,
2440 3105 2535 3156 καὶ
2569 3104 2725 3156 οΰπω
2766 3104 2902 3173 πρδς
2932 3102 3226 3172 λεηλασίας
3253 3104 3420 3167 ἄλλας
3466 3104 3562 3158 καὶ
3602 3121 3745 3174 προ-ς

2150 3199 2319 3267 νομὰς
2351 3196 2715 3267 ἐξετράποντο
2748 3210 2764 3226 ·
2807 3196 3194 3265 μετεπέμπετο
3220 3193 3313 3250 οὖν
3340 3197 3430 3250 διὰ
3464 3197 3748 3267 γραμμάε

2150 3306 2260 3343 των
2288 3287 2510 3350 τούτους
2536 3288 2594 3339 ἓν
2619 3287 2698 3358 τῷ
2730 3285 2869 3357 πρὸς
2896 3287 2958 3339 τδ
2985 3287 3284 3351 Βυζάντιον
3330 3288 3746 3359 ἐπανέρχεσθαι

474 3375 583 3429 huc
622 3389 787 3443 seque
816 3372 1070 3429 domibus
1105 3375 1219 3429 suis
1253 3391 1317 3429 ac
1348 3376 1552 3433 linibus
1588 3378 1708 3433 sine
1742 3379 2047 3436 vicinorum

2154 3384 2379 3455 συχναῖς
2429 3380 2811 3453 ὑποσχέσεσιν.
2845 3383 2909 3435 Oi
2939 3382 2994 3436 δέ
3034 3382 3133 3452 τὴν
3180 3382 3318 3437 κατά
3367 3383 3478 3436 τῶν
3514 3383 3747 3436 Κελτῶν

473 3480 640 3534 noxa,
674 3464 794 3520 sine
809 3464 991 3534 praeda
1018 3466 1363 3524 continentes
1388 3475 1594 3525 temere
1617 3469 1917 3527 lacessendi
1942 3489 2048 3529 non

2152 3478 2313 3547 νίκην
2339 3474 2505 3530 αὑτοῦ
2545 3474 2930 3545 μεμαθηκότες
2969 3475 3262 3538 ἐδεδίεσαν,
3293 3475 3344 3529 εί
3377 3475 3521 3545 τάχα
3551 3476 3645 3528 καὶ
3670 3475 3750 3530 τὰ

472 3568 742 3625 erant,'et
775 3566 1052 3614 ostentato
1074 3566 1286 3615 terrore
1310 3575 1588 3617 armorum
1627 3564 1681 3617 in
1716 3564 2049 3635 desperatio-

2154 3570 2464 3641 γράμματα
2527 3570 2796 3640 χρησταῖς
2851 3568 3051 3631 αὐτοὺς
3106 3568 3321 3623 ἐλπίσιν
3395 3568 3747 3622 ὑπέσαινονο

474 3667 595 3708 nem
638 3651 969 3723 conjiciendi
1001 3666 1098 3721 per
1124 3667 1285 3721 quam
1321 3653 1606 3709 sinistrum
1662 3655 1804 3712 forte
1845 3660 2049 3729 aliquid

2156 3661 2306 3729 ὅμως
2339 3660 2433 3712 καὶ
2482 3658 2557 3730 μὴ
2608 3658 2923 3729 βουλόμενοι
2971 3660 3076 3727 τῆς
3124 3659 3262 3728 πρὸς
3311 3659 3475 3712 αὐτὸν
3506 3658 3749 3729 εἴχοντο.

428 3772 434 3779 -
473 3752 528 3800 et
574 3745 894 3813 reipublicae
930 3745 1089 3800 valde
1129 3746 1353 3801 noxium
1407 3758 1634 3815 possent
1681 3752 2049 3808 consciscere.

2170 3753 2408 3815 Ἐκεῖνος
2455 3750 2513 3803 δὲ
2543 3752 2644 3822 τὴν
2674 3750 3087 3806 Μοσυνούπολιν
3114 3749 3232 3821 (73)
3264 3748 3614 3812 καταλαϐὼν,
3644 3750 3749 3802 αύ-

481 3834 686 3891 S'cribit
715 3838 880 3908 igitur
914 3838 981 3891 ad
1015 3852 1110 3893 eos
1141 3838 1194 3893 in
1223 3838 1344 3909 ipso
1369 3856 1563 3897 versus
1587 3842 2049 3916 Constantinopo-

2156 3845 2272 3899 τόθι
2297 3843 2659 3915 προσέμενεν,
2686 3844 3121 3913 ὑποκρινόμενος
3150 3841 3341 3915 [αὑτοῦ
3376 3839 3505 3913 που]
3529 3842 3601 3893 δι’
3626 3839 3750 3895 ἀλλ’

475 3928 570 3983 lim
606 3930 784 3984 reditu
822 3930 1035 4001 magnis
1065 3931 1357 4002 promissis
1395 3934 1631 3992 inritans
1665 3946 1726 3992 ut
1755 3939 1821 3993 ad
1854 3955 1915 3996 se
1956 3956 2049 3997 ve-

2154 3935 2293 3990 ἆττα
2321 3936 2703 4006 ἐγκαρτερεῖν,
2721 3934 2781 3987 τὸ
2807 3934 2865 3988 δέ
2888 3951 2952 4003 γε
2982 3934 3104 3987 ὅλον
3125 3934 3226 4004 τὴν
3242 3933 3423 3987 αὐτῶν
3450 3933 3751 4002 ἀναμένων

482 4020 684 4076 nirent.
742 4019 863 4075 lam
924 4022 1050 4077 illos
1102 4025 1413 4091 perculerat
1472 4028 1704 4084 nuntius
1760 4042 2055 4100 reportata

476 4111 721 4168 victoriae
766 4112 832 4168 de
856 4112 1051 4169 Gallis.
1096 4115 1233 4184 Spes
1275 4116 1441 4186 igitur
1474 4120 1937 4187 promissionibus
1964 4141 2059 4181 ex-

478 4202 645 4258 citata
669 4203 849 4270 novis,
875 4220 999 4259 cum
1025 4207 1177 4276 prius
1193 4214 1462 4276 concepto
1487 4207 1684 4265 timore
1710 4215 2056 4284 conspirans,

482 4291 734 4348 homines
783 4294 872 4347 diu
911 4295 1212 4350 reiuctatos
1255 4297 1477 4352 tandem
1526 4302 1765 4372 perpulit
1811 4316 1872 4360 ut
1913 4308 2058 4364 viam

483 4383 665 4437 aulam
695 4399 891 4439 versus
923 4396 1299 4456 capesserent.
1340 4388 1601 4447 Substitit
1634 4395 1856 4452 interim
1885 4397 2059 4473 Mosy-

481 4473 666 4542 nopoli
719 4475 940 4531 Alexius
963 4516 979 4543 ,
1026 4476 1164 4534 ilctls
1193 4482 1487 4537 'morarum
1524 4486 1732 4553 causis,
1776 4504 1966 4546 revera
2000 4500 2062 4547 ut

483 4564 815 4622 Manichaeos
849 4567 963 4622 illic
990 4571 1420 4641 opperireturjli
1454 4583 1514 4629 ut
1551 4577 1849 4635 adfuerunt
1879 4583 2062 4653 priva-

483 4656 581 4712 tim
618 4672 889 4728 quemque
942 4660 1187 4730 ipsorum
1237 4678 1438 4735 cupere
1469 4680 1530 4723 se
1556 4683 1723 4725 nosse
1766 4672 2062 4742 imperator

484 4748 729 4804 simulat.
761 4748 991 4807 Nomina
1020 4755 1261 4823 exquirit
1303 4757 1642 4828 singulorum
1687 4770 1743 4816 et
1792 4767 2058 4833 perscribi

481 4838 659 4907 jubet.
697 4836 834 4895 Hinc
860 4840 971 4909 jam
1009 4854 1230 4914 aspectu
1264 4846 1319 4900 in
1342 4861 1595 4903 severum
1630 4859 1840 4909 mutato
1871 4856 2062 4911 multi-

483 4929 731 4986 tudinem
778 4931 1202 4993 Maniehaeorum
1239 4953 1348 4994 non
1400 4939 1467 4994 ad
1513 4955 1572 4996 se
1599 4945 1930 5010 confertam,
1965 4947 2060 5003 sed

2154 4023 2359 4094 ἄφιξιν.
2384 4022 2810 4083 Καταλασόντας
2828 4023 2873 4057 ⁷⁷
2907 4022 2965 4076 δὲ
2989 4022 3391 4093 ἐσχηματίζετο
3420 4021 3753 4092 ἀναθεωρῆ-

2157 4132 2249 4169 σαι
2290 4114 2515 4178 τούτους
2573 4114 2885 4185 βούλεσθαι,
2913 4114 3010 4168 καὶ
3037 4115 3271 4169 ἑκάστου
3306 4114 3407 4185 τὴν
3436 4112 3755 4183 ὀνομασίαν

2157 4206 2539 4278 ιγγράψασθαι
2571 4204 2639 4272 ⁷⁸,
2673 4205 2828 4259 ἐνθεν
2855 4222 2940 4259 τοι
2971 4206 3067 4260 καὶ
3110 4206 3342 4278 φοϐερὸς
3369 4205 3752 4276 προύκάθητο,

2159 4302 2255 4355 καὶ
2282 4301 2329 4334 ⁷⁹
2364 4301 2425 4354 οὺ
2462 4298 2691 4370 φύρδην,
2722 4298 2861 4353 ἀλλὰ
2903 4300 2997 4355 καὶ
3021 4299 3252 4364 δεκάδας
3275 4301 3403 4363 τοὺς
3430 4298 3667 4365 λογάδας
3693 4300 3752 4332 ⁸³

2157 4392 2268 4448 τῶν
2298 4392 2623 4462 Μανιχαίων
2655 4391 2933 4445 ποιεῖσθαι
2963 4391 3246 4455 ἐκέλευσε,
3280 4391 3379 4462 τὴν
3403 4391 3513 4444 τῶν
3546 4391 3756 4445 κοινῶν

2159 4483 2290 4558 θέαον
2326 4487 2383 4548 ὲς
2414 4484 2594 4539 νέωτα
2639 4484 3038 4556 ὑποσχόμενος,
3080 4480 3205 4556 κᾷθ’
3256 4483 3432 4547 οὓτως
3459 4483 3594 4536 εἵσω
3634 4483 3759 4537 τῶν

2159 4575 2345 4628 πυλῶν
2377 4572 2876 4645 ἀπογραφομένους
2909 4572 3279 4643 είσέρχεσθαι.
3315 4571 3757 4641 Ἢτοιμασμένοι

2157 4665 2217 4719 δὲ
2246 4665 2399 4728 ὄντες
2422 4665 2473 4718 οἱ
2500 4665 2731 4728 τούτους
2767 4664 2993 4735 δεσμεῖν
3029 4664 3360 4733 ὀφείλοντες,
3390 4663 3518 4726 τοὺς
3540 4662 3759 4725 ἵππους

2162 4756 2263 4811 καὶ
2294 4756 2364 4811 τὰ
2391 4756 2534 4812 ὅπλα
2561 4755 3099 4826 άναλαμδανόμενοι,
3127 4755 3352 4818 τούτους
3387 4756 3446 4807 ὲν
3472 4755 3589 4816 τοῖς
3610 4756 3759 4808 ἀπο·

2161 4851 2528 4922 τεταγμένοις
2588 4850 2871 4922 φρουρίοις
2909 4850 3203 4903 ὲνέκλειον.
3249 4848 3313 4901 Oi
3351 4847 3408 4902 δέ
3435 4863 3499 4914 γε
3544 4846 3760 4916 ἐφεξῆς

2165 4949 2459 5018 ἐρχόμενοι
2485 4946 2727 5017 παντελῆ
2755 4945 2865 5000 τῶν
2916 4945 3314 5018 πραττομένων
3340 4943 3568 5010 ἄγνοιαν
3591 4939 3758 5011 [xcv-

1560 5077 1760 5139 Varite
1804 5077 2107 5143 lectiones
2152 5096 2232 5143 ex
2261 5081 2406 5144 eod.
2436 5080 2709 5143 Coislin.

556 5168 602 5241 τ’
621 5187 679 5223 τε
689 5169 888 5241 μοῦσα.

997 5173 1044 5207 ⁷⁸
1073 5172 1319 5237 τούτους.

488 5239 687 5310 γάδας.

1419 5175 1467 5207 ⁷⁷
1495 5176 1937 5233 καταλαϐόντων.

2041 5181 2088 5214 ⁷⁸
2119 5179 2571 5251 ἀναγράψασθαι.

2670 5180 2715 5211 "
2744 5177 2906 5233 κατά.
3011 5175 3059 5209 ⁸⁰
3084 5175 3296 5233 Desunt
3318 5190 3480 5234 voces
3507 5175 3631 5239 τοὺς
3659 5174 3760 5228 λο-

1528 5358 1673 5421 Car.
1724 5361 2057 5423 Dufresnii
2106 5365 2203 5427 Du
2235 5366 2458 5448 Cangii
2490 5376 2677 5432 notae.

567 5483 681 5565 ('7?)
714 5486 1179 5565 Ha_v.1mtdro_ug.
1217 5483 1564 5565 Pauliciaqos
1589 5500 1712 5565 cum
1747 5485 2049 5565 Maniehseit

2172 5494 2355 5548 αὐτῶν
2380 5494 2717 5565 βλασφήμων
2765 5492 2907 5565 πρδς
2932 5492 3220 5565 ἀλλήλους,
3271 5492 3447 5556 οὕτως
3475 5489 3755 5565 _As_ttayo\

498 5550 757 5638 RocJoco
783 5555 939 5638 .Anpa
967 5562 1030 5638 et.
1051 5555 1177 5608 alibi
1204 5571 1348 5623 saepe
1375 5554 1701 5638 confundit;
1730 5566 1887 5638 erant
1911 5560 2049 5610 enim

2169 5565 2246 5634 τῷ
2308 5550 2500 5634 Ἀρείῳ
2519 5550 2542 5625 ,’
2576 5550 2828 5638 Ναύατ-αἱ
2872 5550 3265 5638 simium?“
3302 5593 3372 5601 —
3398 5550 3495 5638 καὶ
3537 5562 3756 5638 Παυὶὲ-

498 5618 801 5716 Platrlieialni
837 5623 1260 5716 hiant‘cbazorum
1287 5618 1538 5716 "asseclai.
1574 5625 1897 5716 Timetbetts
1930 5642 2057 5716 ρέο-

498 5690 707 5767 sbyter,
736 5692 828 5767 ΝΞ·
859 5693 1012 5767 Περὶ,
1032 5693 1142 5746 τῶν
1174 5693 1632 5767 τεροετεωιομιένων
1655 5698 1740 5767 τῇ-
1759 5696 1892 5767 ἁγίᾳ
1931 5690 2060 5767 Ἔκτ

498 5759 1141 5834 linciq1r€tji09£l3006t
1183 5759 1243 5834 δέ
1284 5759 1418 5834 me
1445 5759 1898 5834 καὶ·ἀγχῖθυροἱ,
1948 5764 2059 5817 είσί

501 5840 647 5891 τινες
684 5827 791 5883 τῶν
823 5830 1137 5901 αἱρετικῶν,
1164 5833 1331 5902 ἤγουν
1379 5832 1436 5888 ἐν
1468 5850 1577 5889 τισι
1621 5827 1730 5889 τῶν
1770 5827 2055 5905 δογμάτων

2168 5616 2496 5697 κίανοῖιτοῖξ
2520 5616 2882 5701 Μανιχαίοις.
2918 5631 3053 5685 Vide
3095 5616 3294 5684 Notata
3348 5630 3417 5685 ad
3458 5647 3579 5700 pag.
3610 5628 3759 5701 ‘59.

2239 5707 2349 5775 (75)
2426 5698 2906 5775 Μοσυνίῖέτολιν.⁸
2943 5701 3340 5775 A\’illbartlninu
3412 5698 3759 5772 Μοεῂηοριϐ.

2165 5770 2301 5833 Vide
2330 5770 2565 5832 Obscrv.
2596 5783 2815 5829 nostras
2842 5772 2907 5826 ad
2943 5770 3469 5841 liUIlC'SCl‘iplOl‘Cltl.

3606 396 3821 462 δεδι

3806 5313 3841 5347 \
