4022 6270
263 358 369 420 ΗΩ

1539 359 1956 422 ALEXIADIS
1996 361 2144 421 LIB.
2188 361 2290 421 VI.

3426 368 3534 435 450

261 493 350 537 τίς
381 477 641 544 εἰσῄεσαν
674 475 998 539 ἀγνοοῖωπς
1040 474 1100 526 τό
1136 474 1554 545 ἀποϐησόμενον
1598 476 1840 547 ἐκάστῳ.

1949 494 2045 545 per
2068 476 2299 534 decadas
2329 478 2597 549 digestam
2635 478 2908 534 introduci
2934 478 3113 549 jubet.
3147 479 3298 536 Velle
3319 497 3379 535 se
3405 498 3534 540 cum

262 568 502 629 Τούτους
535 566 638 634 μέν
662 562 753 620 οὖν
775 566 916 619 οὕτω
951 566 1208 637 κατέσχε,
1240 570 1332 621 καὶ
1362 567 1460 630 τὰς
1487 567 1666 622 αὐτῶν
1698 585 1852 638 περι-

261 655 452 717 ουσίας
522 655 789 724 δημεύσει
856 655 1291 721 καθυποὸαλὼν,
1356 658 1668 727 διενείματο
1737 659 1852 719 τοῖς

263 749 711 815 συγκεκοπακόσι
744 749 786 780 ’ί
812 749 989 820 τούτῳ
1021 751 1080 801 ἐν
1127 752 1249 813 ταῖς
1294 750 1708 820 συμπεσούσαις
1749 751 1851 819 μά-

258 860 405 913 χαις,
439 843 677 903 καὶτοῖς
709 840 979 905 κινδύνοις
1006 844 1282 910 γενναίοις
1304 843 1538 906 ἐκείνοις
1575 845 1851 913 στρατιώ-

257 952 401 997 ταις.
449 932 733 986 Ἀπελθὼν
758 933 864 987 δὲὸ
907 933 1005 1004 τὴν
1031 935 1349 1004 οἰκονομίαν
1388 936 1599 1006 ταύτην
1653 937 1846 989 ἀναδεο

257 1027 516 1093 ξάμενος,
548 1028 645 1079 καὶ
668 1026 766 1086 τὰς
806 1025 987 1079 αὐτῶν
1032 1028 1300 1094 γυναῖκας
1329 1028 1439 1080 τῶν
1488 1027 1678 1082 οἰκιῶν
1710 1030 1849 1080 ἀπεο

256 1118 455 1181 λάσας,
486 1118 629 1171 κατά
653 1119 755 1186 τὴν
783 1117 1084 1187 ἀκρόπολιν
1109 1119 1462 1189 ἐμφρούρους
1495 1114 1664 1191 εἶχεν.
1706 1119 1846 1182 Τοὺς

254 1210 308 1262 δέ
343 1226 409 1276 γε
476 1208 920 1278 κατασχεθέντας
972 1210 1084 1262 τῶν
1138 1210 1459 1279 Μανιχαίων
1498 1210 1845 1279 συμπαθείας

256 1303 397 1356 κατά
432 1301 634 1371 μικρὸν
662 1304 689 1353 ὁ
721 1302 1079 1374 αὐτοκράτωρ
1108 1304 1342 1373 ἠξίωσεν
1367 1320 1381 1333 ι
1418 1304 1607 1356 ὁπόσοι
1650 1303 1706 1356 δέ
1751 1304 1847 1356 καὶ

253 1396 347 1448 τοῦ
386 1396 537 1448 θείου
569 1396 949 1465 βαπτίσματος
981 1398 1167 1465 τυχεῖν
1202 1397 1540 1466 προείλοντο,
1569 1396 1690 1450 οὐδὲ
1724 1396 1849 1449 τού-

253 1506 347 1542 του
392 1489 794 1560 ἀπετύγχανον.
822 1491 921 1544 Διά
950 1493 1213 1554 παντοίας
1240 1492 1297 1543 δὲ
1325 1490 1627 1561 περιελθὼν
1645 1492 1845 1553 αὐτοὺς

257 1582 508 1652 μεθόδου,
552 1584 650 1634 καὶ
712 1582 968 1650 διαγνοὺς
1016 1584 1143 1645 τοὺς
1196 1585 1405 1648 αἰτίους
1446 1584 1545 1654 τῆς
1588 1583 1845 1653 τοιαύτης

252 1676 515 1737 ἀπονοίας
548 1676 607 1729 ἐν
632 1678 818 1745 νήσοις
851 1676 1173 1746 περιορίσας
1211 1677 1498 1748 καθεῖρξε·
1532 1679 1649 1739 τοῖς
1682 1676 1738 1730 δέ
1768 1692 1830 1742 γε

252 1767 465 1829 λοιποῖς
492 1767 681 1821 ἄδειαν
703 1767 977 1836 δεδωκὼς,
996 1769 1176 1822 ano."
1193 1768 1454 1839 βουλητὸν
1473 1764 1658 1832 αὑτόῖς
1684 1769 1841 1821 ἀπιέ-

1952 569 2019 623 iis
2054 571 2132 623 sic
2170 572 2235 623 ad
2274 568 2535 637 colloquii
2576 568 2894 623 facilitatem
2932 571 3126 625 divisis
3175 572 3339 627 modo
3370 590 3534 642 agere

1951 661 2018 715 de
2072 662 2299 731 privatis
2340 661 2527 728 rebus,
2557 664 2623 716 de
2657 661 2875 731 publica
2918 663 3205 732 legationis
3252 666 3537 721 accersita:

1949 769 2118 809 causa
2168 753 2365 808 deinde
2416 766 2690 807 acturum.
2751 753 2827 806 Ex
2862 753 2964 807 hoc
3007 754 3229 810 decreto
3279 756 3538 809 admitte-

1949 847 2151 902 bantur
2186 848 2328 901 intra
2372 846 2603 915 januas,
2661 846 2819 917 155
2867 862 3103 915 quorum
3166 864 3232 902 ex
3286 851 3536 918 catalogo

1949 939 2175 995 nomina
2225 939 2635 1002 recitabantur;
2676 940 2973 993 introducti
3015 940 3222 1007 paratis
3259 955 3527 994 occurre-

1950 1031 2079 1084 bant
2126 1031 2215 1096 qui
2278 1044 2377 1084 eos
2423 1030 2582 1098 cquis
2634 1031 2913 1099 armisque
2964 1030 3161 1086 ablatis
3215 1033 3430 1086 vinctos
3477 1032 3532 1086 in

1946 1123 2224 1177 custodias
2254 1122 2589 1177 deducerent
2619 1123 2821 1191 cuique
2847 1124 3200 1177 constitutas.
3232 1121 3529 1178 Vocabau-

1950 1224 2039 1269 tur
2067 1231 2189 1268 mox
2218 1215 2307 1269 alii
2340 1215 2587 1269 omnium
2620 1230 2739 1284 quae
2780 1216 2932 1284 prius
2982 1215 3248 1285 ingressis
3282 1218 3532 1285 contige-

1949 1318 2073 1363 rant
2121 1324 2355 1378 quaeque
2414 1309 2523 1362 sibi
2573 1308 2707 1376 ipsis
2763 1308 3143 1377 impenderent
3191 1309 3390 1376 ignari.
3432 1308 3535 1361 Per

1949 1403 2095 1456 hunc
2126 1403 2345 1455 modum
2381 1401 2558 1469 capita
2587 1400 2701 1469 ipsa
2733 1400 3000 1453 tumultus
3033 1400 3199 1469 cepit,
3226 1414 3291 1452 ex
3316 1412 3535 1453 eorum-

1946 1510 2055 1564 que
2088 1493 2382 1563 publicatis
2431 1492 2590 1547 bonis
2642 1492 2811 1545 fortes
2845 1502 2899 1545 et
2938 1490 3127 1545 fideles
3183 1491 3383 1544 milites
3437 1492 3533 1556 qui

1948 1594 2293 1640 constantem
2325 1584 2378 1637 in
2414 1584 2675 1653 periculis
2709 1582 2811 1650 ipsi
2847 1598 2911 1637 ac
2955 1581 3158 1651 przeliis
3190 1590 3244 1636 et
3288 1582 3528 1637 laborio-

1947 1693 2063 1733 sam
2103 1686 2368 1731 navarant
2397 1691 2618 1745 operam
2642 1682 3028 1730 remuneratus
3058 1684 3164 1728 est.
3191 1673 3337 1728 Misit
3363 1674 3531 1728 etiam

1948 1773 2038 1841 qui
2076 1785 2274 1824 uxores
2302 1770 2647 1823 detentorum
2678 1768 2933 1823 domibus
2958 1767 3246 1833 ejicerent,
3271 1767 3527 1835 bonaque

252 1875 340 1910 ναι
366 1858 660 1911 ἀπέλυσεν.
691 1857 756 1913 Ol
785 1859 839 1913 δὲ
869 1831 972 1930 τὴν⁷
993 1831 1371 1930 ἐνεγκαΙμένην
1397 1860 1509 1933 (74)
1536 1831 1646 1913 τῶν
1669 1861 1845 1914 ἄλλων

1948 1863 2135 1918 omnia
2193 1863 2328 1917 itsco
2374 1860 2713 1914 vindicarent
2748 1875 2761 1911 :
2794 1860 2931 1928 ipsis
2982 1859 3201 1913 interim
3252 1859 3356 1913 sub
3408 1865 3528 1912 tuta

254 1949 736 2016 προτιμησάμενοι
800 1949 998 2003 αὐτίκα
1055 1951 1189 2021 πρὸς
1233 1952 1406 2023 αὐτὴν
1452 1952 1840 2021 ἐπανέτρεχον,

252 2036 330 2100 ὡς
359 2038 480 2090 ἐνὸν
514 2040 583 2092 τὰ
611 2040 731 2093 κατ’
759 2041 958 2105 αὐτοὺς
982 2045 1464 2115 οίκονομήσαντες.

1948 1956 2284 2010 munitarum
2309 1955 2516 2008 arcium
2552 1953 2800 2007 custodia
2835 1965 3022 2021 pinnas
3056 1951 3291 2005 desertae
3319 1948 3529 2003 militia:

1949 2047 2247 2109 luentibus,
2288 2045 2492 2114 quibus
2542 2051 2723 2098 tamen
2772 2044 3118 2113 postmodum
3175 2057 3287 2096 sure
3322 2051 3532 2094 natura:

255 2131 553 2201 indulgens
583 2147 833 2201 magnam
866 2134 1128 2203 paulatim
1159 2138 1372 2193 remisit
1392 2153 1565 2207 poena:
1590 2149 1833 2208 partem:
1875 2140 2135 2193 admissis
2174 2138 2340 2193 etiam
2415 2138 2483 2191 ad
2558 2137 2813 2204 baptismi
2861 2140 3091 2205 gratiam
3143 2141 3412 2202 quotquot
3460 2147 3525 2188 ex

256 2221 390 2290 ipsis
425 2222 490 2273 ad
522 2236 640 2273 eam
674 2221 893 2276 invitati
963 2239 1073 2278 non
1144 2236 1469 2283 renuerunt.
1540 2226 1810 2283 Omnibus
1884 2229 2122 2297 denique
2163 2243 2299 2282 usus
2343 2228 2555 2282 artibus
2591 2226 2659 2280 ad
2702 2227 2970 2296 liquidum
3004 2226 3353 2295 exploranda:
3379 2224 3528 2279 veri-

258 2312 406 2373 tatis,
442 2328 582 2381 quos
624 2314 869 2383 ipsorum
900 2320 1167 2387 comperit
1209 2320 1334 2372 mali
1392 2322 1607 2375 consilii
1659 2323 1828 2376 fuisse
1866 2332 2121 2377 auctores
2148 2337 2241 2376 eos
2272 2323 2421 2377 solos
2445 2321 2825 2390 deportatioue
2865 2322 2915 2373 in
2984 2321 3190 2375 insulas
3290 2320 3525 2390 punivit,

257 2404 471 2459 ueteris
493 2406 739 2463 dimissis
762 2417 1085 2477 potestatem
1121 2412 1247 2466 fecit
1271 2428 1376 2480 quo
1438 2415 1654 2479 mallent
1723 2415 1913 2468 eundi.
1957 2414 2033 2469 Eo
2084 2417 2159 2468 illi
2213 2416 2443 2470 arbitrio
2498 2415 2569 2468 ita
2614 2416 2694 2468 usi
2730 2424 2860 2467 sunt
2907 2421 2965 2467 ut
3011 2414 3214 2467 nullam
3253 2422 3527 2469 terrarum

258 2512 413 2551 oram
460 2497 856 2568 praeferendam
896 2506 1084 2573 patria:
1121 2494 1400 2573 putar‘cnt,
1429 2507 1494 2559 ad
1523 2522 1641 2559 eam
1674 2522 1803 2575 ergo
1848 2509 2173 2564 festinarent
2204 2509 2447 2564 universi
2516 2523 2615 2564 sua
2650 2508 2762 2563 illic
2804 2523 2906 2577 pro
2938 2524 2998 2564 se
3063 2509 3300 2579 quisque
3363 2523 3526 2563 cura-

256 2593 393 2646 turi.

342 2683 582 2747 Ἐκείνος
599 2684 653 2737 δὲ
674 2686 810 2754 πρὸς
829 2686 924 2758 τὴν
950 2687 1200 2758 βασιλίδα
1221 2679 1329 2743 τῶν
1348 2691 1552 2746 πόλεων
1574 2691 1843 2747 ἐπάνεισι.

256 2775 376 2830 οὐκ
408 2776 661 2836 ἐλαθεδέ
692 2778 883 2832 τοῦτον
914 2783 982 2833 τὰ
1012 2785 1133 2835 κατ’
1174 2783 1345 2836 αὑτοῦ
1399 2786 1459 2838 ἐν
1499 2786 1735 2857 τριόδοις
1783 2802 1843 2839 τε

255 2870 357 2922 καὶ
416 2870 643 2935 γωνίαις
703 2871 1228 2945 ὐποψηθυριζόμενα
1283 2877 1353 2930 ⁸³.
1418 2877 1579 2931 Ἀλλά
1624 2877 1845 2932 ἁκούων

252 2960 627 3030 ἐτιτρώσκετο
655 2962 753 3032 τὴν
787 2966 988 3035 ψυχὴν,
1016 2967 1098 3019 ὃτι
1128 2968 1204 3038 μὴ
1242 2968 1496 3023 τοσοῦ-τον
1526 2970 1847 3039 εἰργασμέ-

254 3071 345 3117 νος
377 3055 779 3110 πολλαπλασίω
812 3060 878 3110 τὰ
908 3060 1158 3129 στόματα
1196 3062 1304 3114 τῶν
1335 3065 1844 3133 συκοφαντούντων,

254 3144 410 3217 εἶχεν
469 3148 653 3219 ἑαυτῷ
716 3151 1126 3221 περιχαίνοντα.
1201 3154 1439 3218 Ἐκεῖνος
1487 3157 1597 3225 γάρ
1650 3157 1844 3228 χρείας

254 3239 731 3309 κατεπειγούσης,
767 3241 861 3292 καὶ
893 3242 1161 3311 κοσμικοῦ
1213 3244 1481 3309 κλύδωνος
1518 3246 1575 3313 ἐξ
1608 3247 1843 3318 ἀπορίας

251 3332 365 3385 τῶν
398 3331 705 3403 βασιλικῶν
764 3333 1032 3402 ταμείων,
1067 3335 1205 3403 πρὸς
1236 3336 1412 3390 ’τοῦτο
1452 3338 1727 3409 ἀπέϐλεψε
1752 3340 1847 3393 καὶ

251 3423 330 3487 ὡς
382 3423 607 3477 δάνειον
663 3423 971 3492 ἐλογίζετο,
1005 3425 1119 3479 ἀλλ’
1146 3430 1243 3499 οὐχ
1273 3428 1347 3491 ὡς
1389 3429 1659 3501 ἅρπαγμα
1688 3432 1721 3501 ἢ
1751 3449 1848 3485 τυ-

253 3519 532 3587 ραννικῆς
561 3516 745 3587 χειρὸς
798 3517 1119 3588 ἐπιϐουλὴν,
1151 3519 1226 3582 ὡς
1257 3521 1307 3574 οἱ
1351 3521 1845 3594 διαλοιδορούμενοι

251 3608 501 3672 λέξειαν.
549 3606 711 3660 ’Λλλά
744 3606 841 3661 καὶ
908 3608 1137 3679 γνώμης
1167 3609 1340 3675 οὕτως
1399 3610 1545 3683 εἶχεν
1594 3613 1669 3679 ὼς
1707 3617 1846 3685 μετά

249 3702 312 3755 τὸ
342 3699 704 3770 κατορθῶσαι
732 3699 863 3762 τοὺς
903 3701 1291 3770 ἐπικειμένους
1326 3703 1593 3775 πολέμους
1630 3706 1846 3760 ἀποδώ-

254 3813 368 3848 σων
395 3796 523 3857 ταῖς
556 3793 877 3860 ἐκκλησίαις
899 3794 993 3846 τὸν
1028 3797 1386 3866 ἀφῃρημένον
1414 3799 1622 3868 κόσμον
1642 3799 1842 3853 αὐτῶν.

254 3888 372 3942 Καὶ
429 3886 534 3938 οὐκ
568 3883 769 3955 ἔφερεν
826 3885 1211 3951 ὑπαναζεύξας
1259 3887 1307 3919 ⁸⁸
1344 3892 1408 3959 τῇ
1467 3888 1699 3958 βασιλίδι
1740 3892 1848 3944 τῶν
1914 3932 1919 3938 .

256 3979 482 4034 πόλεων
526 3976 783 4030 ὑπόθεσιν
833 3978 1084 4046 γίνεσθαι
1126 3982 1241 4043 τοῖς
1310 3979 1557 4033 ἐθέλουσι
1618 3982 1846 4053 διασύρ-
1886 4036 1908 4048 _

255 4089 373 4125 νειν
400 4072 449 4102 ⁸⁸
480 4070 550 4122 τὰ
579 4070 815 4123 ἐκείνου.
842 4058 1036 4123 Ἔνθεν
1068 4090 1152 4125 τοι
1181 4073 1276 4126 καὶ
1313 4072 1609 4141 ἐκκλησίαν
1638 4073 1848 4144 κηρύτ-

252 4180 366 4226 τει,
424 4161 527 4216 καὶ
575 4161 853 4233 συνέδριον
899 4163 1160 4234 μέγιστον
1196 4165 1276 4228 είς
1314 4164 1382 4218 τὰ
1420 4166 1481 4219 ἐν
1514 4166 1848 4238 Βλαχέρναις

253 4256 569 4326 ἀνάκτορα,
594 4255 787 4308 ἑαυτὸν
812 4255 1014 4309 ἐθέλων
1042 4256 1261 4327 πρῶτον
1286 4257 1545 4313 ὑπόδικον
1575 4261 1849 4331 καταστή-

258 4346 490 4411 σασθαι,
524 4348 620 4399 καὶ
669 4344 815 4400 οὕτω
844 4347 914 4400 τά
944 4348 1085 4419 ὑπὲρ
1132 4348 1351 4402 ἑαυτοῦ
1375 4351 1844 4421 ἀπολογήσασθαι.

256 4438 458 4507 Παρῆν
488 4438 545 4490 δὲ
564 4438 667 4508 ήδη
708 4440 805 4491 καὶ
831 4438 864 4508 ἠ
892 4439 1199 4508 σύγκλητος
1223 4440 1434 4504 ἅπασα,
1471 4445 1566 4497 καὶ
1593 4445 1653 4497 τὸ
1685 4460 1849 4515 στρα-

2022 2692 2409 2747 Revertentem
2449 2705 2615 2761 porro
2651 2690 3038 2759 imperatorem
3096 2689 3152 2744 in
3200 2690 3391 2745 urbem
3436 2706 3528 2746 re-

1949 2786 2092 2856 giam
2143 2799 2245 2839 nec
2294 2785 2473 2847 latuit,
2523 2798 2622 2838 nec
2666 2798 2858 2852 parum
2918 2785 3220 2837 commovit
3280 2799 3529 2838 murmur

1949 2876 2240 2932 sinistrum
2274 2877 2416 2929 male
2456 2876 2509 2929 in
2543 2876 2724 2944 ipsum
2766 2876 2993 2928 animati
3028 2876 3175 2945 vulgi
3205 2892 3315 2945 quo
3365 2877 3527 2932 trivia

1946 2981 2114 3036 atque
2166 2968 2491 3037 angiportus
2546 2965 2944 3036 personabant.
3003 2964 3299 3021 Enimvero
3335 2968 3530 3022 urebat

1950 3060 2227 3115 hominem
2264 3059 2428 3113 tantis
2461 3057 2624 3111 modo
2668 3058 2927 3127 periculis
2960 3074 3060 3127 pro
3095 3059 3372 3129 republica
3407 3075 3529 3129 per-

1948 3152 2194 3207 functum
2230 3152 2364 3205 nihil
2408 3158 2488 3203 tot
2532 3151 2844 3217 talibusque
2890 3152 3059 3205 rebus
3095 3152 3264 3220 gestis
3324 3151 3525 3205 lucrari

1947 3260 2009 3301 se
2047 3245 2227 3298 visum
2258 3241 2405 3296 aliud
2432 3242 2537 3296 nisi
2566 3250 2627 3295 ut
2661 3242 2883 3294 illorum
2932 3241 3179 3310 ipsorum
3216 3258 3357 3311 quos
3405 3258 3524 3298 ser-

1948 3347 2134 3393 vasset
2160 3334 2669 3403 ingratissimorum
2704 3333 2909 3387 civium
2940 3341 3092 3388 tanto
3136 3334 3293 3403 plura
3327 3334 3382 3389 in
3408 3334 3527 3402 ejus

1947 3426 2340 3483 contumeliam
2386 3438 2450 3478 ac
2500 3424 2906 3493 sugillationem
2953 3440 3048 3478 ora
3092 3435 3365 3495 paterent.
3418 3428 3525 3481 Su-

1948 3518 2093 3572 surri
2149 3515 2562 3571 mussitantium
2616 3514 2672 3568 hi
2720 3514 3095 3571 ferebantur:
3137 3517 3405 3586 spoliatas
3458 3517 3529 3572 ab

1948 3610 2290 3680 imperatore
2315 3623 2505 3663 sacras
2553 3605 2698 3662 aedes
2733 3622 2877 3677 quas
2918 3606 3107 3661 ornari
3149 3609 3218 3660 ab
3268 3607 3389 3676 ipso
3430 3622 3529 3662 cu-

1952 3701 2259 3770 mularique
2298 3707 2649 3769 oportuerat.
2698 3700 2864 3768 Atqui
2908 3698 3095 3752 fatalis
3144 3698 3385 3767 impulsu
3439 3715 3529 3753 ne-

1947 3792 2246 3853 cessitatis,
2283 3790 2351 3843 ad
2384 3788 2721 3856 frangendos
2743 3788 2987 3858 impetus
3021 3788 3356 3843 saevissimos
3394 3804 3529 3858 pro-

1947 3881 2100 3934 cellae
2126 3881 2415 3948 cujusdam
2445 3876 2816 3930 ineluctabilis
2844 3892 2909 3930 ex
2943 3875 3133 3930 mundi
3187 3893 3327 3947 pene
3358 3880 3527 3935 totius

1950 3975 2005 4028 in
2034 3989 2202 4027 unum
2231 3970 2539 4025 Romanum
2588 3983 2789 4023 nomen
2822 3969 3240 4038 conspiratione
3263 3972 3523 4027 coorien-

1952 4067 2044 4127 tis,
2078 4064 2275 4119 ultimo
2305 4062 2625 4132 reipublicae
2650 4061 2898 4131 periculo
2921 4069 3170 4128 vocante,
3203 4063 3258 4117 in
3280 4075 3526 4120 extrema

1948 4158 2135 4228 inopia
2192 4155 2312 4211 fisci
2367 4156 2433 4210 ad
2490 4154 2638 4210 istud
2698 4153 2951 4208 ultimum
3008 4156 3183 4210 mutui
3240 4171 3269 4209 a
3311 4159 3528 4227 templis

1950 4248 2205 4304 sumendi
2260 4246 2561 4302 remedium
2615 4255 2838 4300 ventum
2888 4246 3088 4301 fuerat.
3130 4247 3323 4304 Mutuo
3372 4250 3523 4305 enim

1949 4342 2214 4397 duntaxat
2240 4341 2307 4394 ad
2361 4350 2577 4409 tempus
2620 4339 2962 4394 discriminis
3009 4339 3260 4409 urgentis
3306 4341 3397 4393 illa
3433 4355 3527 4394 su-

1950 4434 2239 4489 mebantur
2272 4433 2569 4501 aliquando
2616 4446 2742 4487 cum
2782 4447 2949 4487 usura
3002 4431 3367 4498 refundenda,
3416 4446 3524 4487 non

256 4529 485 4595 τιωκδν,
518 4528 616 4581 καὶ
656 4530 783 4581 ὅσον
810 4529 905 4582 τοῦ
953 4530 1234 4598 ἱερατικοῦ
1272 4532 1573 4599 καταλόγου
1608 4537 1841 4607 καραδο-

1951 4536 2010 4581 ut
2067 4523 2322 4579 maledici
2367 4524 2778 4588 obtrectabant,
2847 4524 3136 4595 tyrannica
3176 4525 3525 4594 grassatione

262 4620 491 4682 κοῦντες
516 4621 575 4672 τὸ
603 4619 657 4671 τί
679 4619 745 4673 ἂν
764 4618 1013 4688 βούλοιτο
1036 4622 1069 4690 ἡ
1094 4622 1201 4674 τῶν
1219 4622 1473 4676 ἁπάντων
1508 4625 1842 4691 συνέλευσις.

1951 4618 2328 4688 rapiebantur.
2360 4618 2437 4671 Ac
2467 4632 2780 4684 quanquam
2820 4617 2925 4671 sibi
2952 4626 3072 4671 erat
3102 4618 3362 4673 conscius
3389 4619 3526 4671 recti

261 4710 335 4762 Τὸ
364 4710 426 4762 δέ
474 4705 543 4780 ἦν
590 4709 702 4779 ἄρα
756 4709 888 4763 ἄλλο
914 4708 1086 4775 οὐδὲν,
1116 4711 1148 4783 ἢ
1190 4714 1222 4782 ἡ
1254 4711 1364 4765 τῶν
1396 4714 1536 4767 κατά
1566 4714 1660 4768 τοῦ
1694 4716 1849 4787 βασι-

1952 4710 2219 4784 propositi
2252 4725 2361 4780 quo
2392 4718 2513 4781 post
2546 4709 2782 4779 primam
2813 4723 2843 4762 a
2872 4709 3029 4764 bellis
3059 4710 3303 4779 requiem
3328 4711 3525 4764 decre-

260 4799 401 4862 λέως
445 4798 869 4870 θρυλλουμένων
926 4798 1234 4870 ἀνάκρισις.
1265 4802 1531 4873 Παρῆσαν
1576 4803 1670 4857 οὖν
1697 4823 1850 4875 τηνι-

262 4894 445 4947 καῦτα
478 4893 525 4943 οί
567 4890 678 4944 τῶν
730 4890 897 4960 ἱερῶν
928 4894 1359 4963 φροντιστηρίων
1412 4895 1706 4965 κηδεμόνες
1752 4899 1848 4952 καὶ

262 4990 335 5034 τα
363 4982 541 5053 βιὸλία
565 4983 626 5044 ἐς
664 4980 838 5049 μέσον
873 4981 1179 5049 τηνικαῦτα
1225 4983 1579 5053 προύτίθεντο
1615 4986 1662 5016 ⁸⁸
1699 4987 1846 5059 (βρέ-

270 5074 363 5129 ἒια
412 5076 518 5148 (75)
573 5074 758 5129 ταῦτα
812 5072 848 5143 ἡ
909 5072 1165 5145 συνήθεια
1213 5068 1320 5128 οἶδε
1373 5074 1602 5148 καλεῖν),
1655 5080 1713 5131 ἐν
1763 5072 1845 5143 οἷς

1954 4811 2109 4859 verat
2157 4812 2481 4857 ornamenta
2537 4816 2638 4857 sua
2712 4802 2931 4870 templis
2978 4800 3245 4865 reddere;
3276 4818 3383 4855 non
3432 4816 3527 4854 ne-

1956 4897 2127 4967 glexit
2178 4903 2361 4949 tamen
2418 4895 2472 4947 in
2524 4908 2767 4963 praesens
2812 4892 2970 4946 fama:
3026 4907 3138 4947 suae
3202 4907 3527 4945 succurrere

1958 4987 2254 5051 laboranti,
2299 4994 2353 5041 et
2376 4999 2690 5039 sermonum
2742 4985 2835 5053 qui
2872 4993 3003 5036 tunc
3038 4982 3358 5036 ferebantur
3391 4997 3525 5035 cau-

1953 5097 2071 5137 sam
2094 5082 2278 5151 quoad
2329 5078 2483 5134 licuit
2525 5078 2739 5132 curavit
2773 5078 2986 5132 tollere.
3037 5075 3318 5131 Convocat
3363 5075 3527 5144 igitur

1337 5209 1536 5272 Variae
1566 5210 1877 5275 lectiones
1900 5229 1978 5276 ex
2013 5212 2154 5275 cod.
2200 5212 2470 5273 Coislin.

339 5358 384 5392 "
401 5355 909 5433 συγκεκοπιακόσι.
983 5357 1030 5391 ⁸³
1061 5358 1191 5430 ὅπη.

1271 5360 1317 5391 ⁸⁸
1346 5359 1873 5434 ὑποψιθυριζόμενα.
1948 5363 1997 5401 ⁸⁸
2025 5360 2425 5427 ἐπαναζεύξας.

2503 5360 2548 5391 ⁸⁸
2579 5358 2879 5429 διασύρειν.
2953 5354 3002 5387 ⁸⁸
3033 5354 3379 5426 προυτίθετο.

1309 5497 1451 5564 Car.
1488 5500 1818 5565 Dufresnii
1850 5503 1950 5564 Du
1982 5500 2203 5579 Cangii
2249 5508 2442 5562 notas.

340 5632 451 5705 (74)
495 5633 625 5705 Τὴν·
647 5628 1101 5705 ἐνεγκαμένην.
1120 5627 1678 5705 Pliilippopolitanam
1713 5648 1841 5704 pro-

261 5700 526 5761 vnliciaiii.
567 5703 707 5756 Vide
738 5702 903 5771 infra,
937 5715 1057 5771 pag.
1087 5700 1186 5755 158
1211 5709 1263 5771 et
1296 5701 1422 5755 450.

337 5774 451 5846 (75)
484 5776 726 5844 Βρέσιιι.
766 5770 1025 5851 ‘Laudant
1056 5772 1217 5855 [tunc
1239 5770 1411 5859 ᾼιιιιίιι
1440 5774 1616 5830 locum
1650 5772 1839 5847 Cujac.

1951 5634 2016 5688 ad
2035 5633 2142 5702 leg.
2171 5631 2205 5686 4
2234 5630 2691 5702 ιιοίοοηνεῃίθιιιί.
2744 5631 2861 5686 ﬁsci
2895 5629 3064 5684 debit.
3095 5630 3158 5702 1)ἶ
3188 5630 3437 5687 Pithoeus
3465 5630 3523 5687 in

1952 5700 2131 5758 Gloss.
2166 5702 2233 5755 ad
2276 5701 2449 5769 Capit.
2485 5700 2611 5754 Car.
2652 5702 2750 5766 M.,
2798 5702 3091 5768 Meursius,
3128 5701 3428 5757 Gretzerus
3468 5711 3526 5757 et

1918 5771 2416 5859 ⁸,ιιιίίηιᾷει,ιιιιιεξηι
2451 5769 2655 5842 Brevis,
2707 5773 3098 5843 inventarium,
3147 5773 3387 5841 rotulus,
3439 5776 3522 5828 vd
