  <div class='ocr_page' id='page_1' title='image "/cluster/home/n/w/nwhite01/storage/ocr_20150623/131/mdp.39015078384248/239.png"; bbox 0 0 4022 6270; ppageno 0'>
   <div class='ocr_carea' id='block_1_1' title="bbox 543 362 657 426">
    <p class='ocr_par' dir='ltr' id='par_1_1' title="bbox 543 362 657 426">
     <span class='ocr_line' id='line_1_1' title="bbox 543 362 657 426; baseline 0.009 -1"><span class='ocrx_word' id='word_1_1' title='bbox 543 362 657 426; x_wconf 73' lang='grc'><strong><em>455</em></strong></span> 
     </span>
    </p>
   </div>
   <div class='ocr_carea' id='block_1_2' title="bbox 1854 346 2147 416">
    <p class='ocr_par' dir='ltr' id='par_1_2' title="bbox 1854 350 2147 414">
     <span class='ocr_line' id='line_1_2' title="bbox 1854 350 2147 414; baseline -0.01 -2"><span class='ocrx_word' id='word_1_2' title='bbox 1854 351 2079 414; x_wconf 65' lang='grc' dir='ltr'><strong><em>ΑΝΝίΕ</em></strong></span> <span class='ocrx_word' id='word_1_3' title='bbox 2119 350 2147 410; x_wconf 73' lang='grc' dir='ltr'><strong><em>ί</em></strong></span> 
     </span>
    </p>
   </div>
   <div class='ocr_carea' id='block_1_3' title="bbox 2249 346 3757 416">
    <p class='ocr_par' dir='ltr' id='par_1_3' title="bbox 2249 346 3757 416">
     <span class='ocr_line' id='line_1_3' title="bbox 2249 346 3757 416; baseline 0.005 -8"><span class='ocrx_word' id='word_1_4' title='bbox 2249 349 2325 411; x_wconf 81' lang='lat' dir='ltr'><strong><em>1N</em></strong></span> <span class='ocrx_word' id='word_1_5' title='bbox 2333 348 2429 409; x_wconf 79' lang='lat' dir='ltr'><strong><em>EN</em></strong></span> <span class='ocrx_word' id='word_1_6' title='bbox 2435 346 2498 409; x_wconf 65' lang='grc' dir='ltr'><strong><em>[Ε</em></strong></span> <span class='ocrx_word' id='word_1_7' title='bbox 3668 352 3757 416; x_wconf 66' lang='grc' dir='ltr'><strong><em>ιῑιῦ</em></strong></span> 
     </span>
    </p>
   </div>
   <div class='ocr_carea' id='block_1_4' title="bbox 540 454 3752 553">
    <p class='ocr_par' dir='ltr' id='par_1_4' title="bbox 540 454 3752 553">
     <span class='ocr_line' id='line_1_4' title="bbox 540 454 3752 553; baseline -0.006 -18"><span class='ocrx_word' id='word_1_8' title='bbox 540 477 791 553; x_wconf 76' lang='lat' dir='ltr'><strong><em>prrrsenti</em></strong></span> <span class='ocrx_word' id='word_1_9' title='bbox 832 473 1099 528; x_wconf 80' lang='lat' dir='ltr'><strong><em>servitutis</em></strong></span> <span class='ocrx_word' id='word_1_10' title='bbox 1150 470 1389 539; x_wconf 81' lang='lat' dir='ltr'><strong><em>periculo</em></strong></span> <span class='ocrx_word' id='word_1_11' title='bbox 1469 468 1809 537; x_wconf 69' lang='lat' dir='ltr'><strong><em>eriperemus,</em></strong></span> <span class='ocrx_word' id='word_1_12' title='bbox 1894 480 1996 517; x_wconf 84' lang='lat' dir='ltr'><strong><em>non</em></strong></span> <span class='ocrx_word' id='word_1_13' title='bbox 2033 479 2161 516; x_wconf 80' lang='lat' dir='ltr'><strong><em>vasa</em></strong></span> <span class='ocrx_word' id='word_1_14' title='bbox 2199 462 2407 531; x_wconf 80' lang='lat' dir='ltr'><strong><em>quidem</em></strong></span> <span class='ocrx_word' id='word_1_15' title='bbox 2433 474 2612 525; x_wconf 84' lang='lat' dir='ltr'><strong><em>sacra,</em></strong></span> <span class='ocrx_word' id='word_1_16' title='bbox 2660 456 2753 512; x_wconf 82' lang='lat' dir='ltr'><strong><em>sed</em></strong></span> <span class='ocrx_word' id='word_1_17' title='bbox 2804 456 3062 528; x_wconf 82' lang='lat' dir='ltr'><strong><em>quosdam</em></strong></span> <span class='ocrx_word' id='word_1_18' title='bbox 3109 465 3326 513; x_wconf 71' lang='lat' dir='ltr'><strong><em>ornatus</em></strong></span> <span class='ocrx_word' id='word_1_19' title='bbox 3373 466 3420 513; x_wconf 86' lang='lat' dir='ltr'><strong><em>et</em></strong></span> <span class='ocrx_word' id='word_1_20' title='bbox 3456 454 3752 517; x_wconf 65' lang='lat' dir='ltr'><strong><em>accessiones</em></strong></span> 
     </span>
    </p>
   </div>
   <div class='ocr_carea' id='block_1_5' title="bbox 549 550 3766 631">
    <p class='ocr_par' dir='ltr' id='par_1_5' title="bbox 549 550 3766 631">
     <span class='ocr_line' id='line_1_5' title="bbox 549 550 3766 631; baseline -0.006 -9"><span class='ocrx_word' id='word_1_21' title='bbox 549 550 823 625; x_wconf 80' lang='lat' dir='ltr'><strong><em>sacrarum</em></strong></span> <span class='ocrx_word' id='word_1_22' title='bbox 860 580 1058 626; x_wconf 89' lang='lat' dir='ltr'><strong><em>rerum,</em></strong></span> <span class='ocrx_word' id='word_1_23' title='bbox 1091 579 1291 631; x_wconf 86' lang='lat' dir='ltr'><strong><em>paucas</em></strong></span> <span class='ocrx_word' id='word_1_24' title='bbox 1324 570 1375 615; x_wconf 89' lang='lat' dir='ltr'><strong><em>et</em></strong></span> <span class='ocrx_word' id='word_1_25' title='bbox 1403 560 1794 627; x_wconf 79' lang='lat' dir='ltr'><strong><em>comparatione</em></strong></span> <span class='ocrx_word' id='word_1_26' title='bbox 1818 556 2119 608; x_wconf 83' lang='lat' dir='ltr'><strong><em>relictorum</em></strong></span> <span class='ocrx_word' id='word_1_27' title='bbox 2161 570 2265 607; x_wconf 79' lang='lat' dir='ltr'><strong><em>non</em></strong></span> <span class='ocrx_word' id='word_1_28' title='bbox 2302 551 2482 622; x_wconf 82' lang='lat' dir='ltr'><strong><em>magni</em></strong></span> <span class='ocrx_word' id='word_1_29' title='bbox 2518 550 2695 619; x_wconf 86' lang='lat' dir='ltr'><strong><em>pretii,</em></strong></span> <span class='ocrx_word' id='word_1_30' title='bbox 2738 551 2975 604; x_wconf 88' lang='lat' dir='ltr'><strong><em>mutuati</em></strong></span> <span class='ocrx_word' id='word_1_31' title='bbox 3020 566 3225 613; x_wconf 88' lang='lat' dir='ltr'><strong><em>sumus,</em></strong></span> <span class='ocrx_word' id='word_1_32' title='bbox 3277 550 3343 602; x_wconf 86' lang='lat' dir='ltr'><strong><em>ad</em></strong></span> <span class='ocrx_word' id='word_1_33' title='bbox 3380 551 3602 621; x_wconf 80' lang='lat' dir='ltr'><strong><em>alioquin</em></strong></span> <span class='ocrx_word' id='word_1_34' title='bbox 3670 555 3766 605; x_wconf 77' lang='lat' dir='ltr'><strong><em>iue-</em></strong></span> 
     </span>
    </p>
   </div>
   <div class='ocr_carea' id='block_1_6' title="bbox 559 641 3761 715">
    <p class='ocr_par' dir='ltr' id='par_1_6' title="bbox 559 641 3761 715">
     <span class='ocr_line' id='line_1_6' title="bbox 559 641 3761 715; baseline -0.005 -1"><span class='ocrx_word' id='word_1_35' title='bbox 559 658 772 714; x_wconf 77' lang='lat' dir='ltr'><strong><em>ritabile</em></strong></span> <span class='ocrx_word' id='word_1_36' title='bbox 802 666 965 710; x_wconf 77' lang='lat' dir='ltr'><strong><em>tautre</em></strong></span> <span class='ocrx_word' id='word_1_37' title='bbox 993 655 1222 707; x_wconf 77' lang='lat' dir='ltr'><strong><em>miseria:</em></strong></span> <span class='ocrx_word' id='word_1_38' title='bbox 1256 653 1538 706; x_wconf 75' lang='lat' dir='ltr'><strong><em>discrimen</em></strong></span> <span class='ocrx_word' id='word_1_39' title='bbox 1589 652 1979 704; x_wconf 77' lang='lat' dir='ltr'><strong><em>removendum.</em></strong></span> <span class='ocrx_word' id='word_1_40' title='bbox 2012 644 2183 698; x_wconf 88' lang='lat' dir='ltr'><strong><em>Tanta</em></strong></span> <span class='ocrx_word' id='word_1_41' title='bbox 2221 646 2276 697; x_wconf 86' lang='lat' dir='ltr'><strong><em>in</em></strong></span> <span class='ocrx_word' id='word_1_42' title='bbox 2310 643 2407 698; x_wconf 80' lang='lat' dir='ltr'><strong><em>hoc</em></strong></span> <span class='ocrx_word' id='word_1_43' title='bbox 2439 644 2583 713; x_wconf 79' lang='lat' dir='ltr'><strong><em>facto</em></strong></span> <span class='ocrx_word' id='word_1_44' title='bbox 2605 660 2698 715; x_wconf 86' lang='lat' dir='ltr'><strong><em>ego</em></strong></span> <span class='ocrx_word' id='word_1_45' title='bbox 2718 642 2931 713; x_wconf 81' lang='lat' dir='ltr'><strong><em>quidem</em></strong></span> <span class='ocrx_word' id='word_1_46' title='bbox 2958 641 3293 697; x_wconf 72' lang='lat' dir='ltr'><strong><em>conscientia:</em></strong></span> <span class='ocrx_word' id='word_1_47' title='bbox 3324 643 3518 710; x_wconf 78' lang='lat' dir='ltr'><strong><em>ﬁducia</em></strong></span> <span class='ocrx_word' id='word_1_48' title='bbox 3545 646 3676 697; x_wconf 85' lang='lat' dir='ltr'><strong><em>nitor</em></strong></span> <span class='ocrx_word' id='word_1_49' title='bbox 3713 657 3761 699; x_wconf 80' lang='lat' dir='ltr'><strong><em>ut</em></strong></span> 
     </span>
    </p>
   </div>
   <div class='ocr_carea' id='block_1_7' title="bbox 547 733 3768 819">
    <p class='ocr_par' dir='ltr' id='par_1_7' title="bbox 547 733 3768 819">
     <span class='ocr_line' id='line_1_7' title="bbox 547 733 3768 819; baseline -0.003 -19"><span class='ocrx_word' id='word_1_50' title='bbox 547 772 652 808; x_wconf 79' lang='lat' dir='ltr'><strong><em>mm</em></strong></span> <span class='ocrx_word' id='word_1_51' title='bbox 700 751 933 803; x_wconf 79' lang='lat' dir='ltr'><strong><em>dubitem</em></strong></span> <span class='ocrx_word' id='word_1_52' title='bbox 990 746 1227 819; x_wconf 75' lang='lat' dir='ltr'><strong><em>quamvis</em></strong></span> <span class='ocrx_word' id='word_1_53' title='bbox 1280 746 1488 814; x_wconf 85' lang='lat' dir='ltr'><strong><em>iniquos</em></strong></span> <span class='ocrx_word' id='word_1_54' title='bbox 1549 749 1598 796; x_wconf 86' lang='lat' dir='ltr'><strong><em>et</em></strong></span> <span class='ocrx_word' id='word_1_55' title='bbox 1651 739 1911 808; x_wconf 84' lang='lat' dir='ltr'><strong><em>malignos</em></strong></span> <span class='ocrx_word' id='word_1_56' title='bbox 1958 737 2113 790; x_wconf 87' lang='lat' dir='ltr'><strong><em>modo</em></strong></span> <span class='ocrx_word' id='word_1_57' title='bbox 2153 751 2257 789; x_wconf 89' lang='lat' dir='ltr'><strong><em>non</em></strong></span> <span class='ocrx_word' id='word_1_58' title='bbox 2296 736 2459 805; x_wconf 84' lang='lat' dir='ltr'><strong><em>plane</em></strong></span> <span class='ocrx_word' id='word_1_59' title='bbox 2499 750 2667 790; x_wconf 69' lang='grc' dir='ltr'>δεεσσε</span> <span class='ocrx_word' id='word_1_60' title='bbox 2720 733 2952 803; x_wconf 72' lang='lat' dir='ltr'><strong><em>experiri</em></strong></span> <span class='ocrx_word' id='word_1_61' title='bbox 2972 733 3183 801; x_wconf 84' lang='lat' dir='ltr'><strong><em>judices</em></strong></span> <span class='ocrx_word' id='word_1_62' title='bbox 3217 749 3234 786; x_wconf 89' lang='lat'><em>:</em></span> <span class='ocrx_word' id='word_1_63' title='bbox 3270 735 3400 787; x_wconf 85' lang='lat' dir='ltr'><strong><em>satis</em></strong></span> <span class='ocrx_word' id='word_1_64' title='bbox 3461 746 3623 791; x_wconf 85' lang='lat' dir='ltr'><strong><em>certus</em></strong></span> <span class='ocrx_word' id='word_1_65' title='bbox 3665 741 3768 789; x_wconf 88' lang='lat' dir='ltr'><strong><em>nut-</em></strong></span> 
     </span>
    </p>
   </div>
   <div class='ocr_carea' id='block_1_8' title="bbox 559 823 3764 909">
    <p class='ocr_par' dir='ltr' id='par_1_8' title="bbox 559 823 3764 909">
     <span class='ocr_line' id='line_1_8' title="bbox 559 823 3764 909; baseline -0.004 -14"><span class='ocrx_word' id='word_1_66' title='bbox 559 845 669 895; x_wconf 85' lang='lat' dir='ltr'><strong><em>lant</em></strong></span> <span class='ocrx_word' id='word_1_67' title='bbox 704 842 824 895; x_wconf 78' lang='lat' dir='ltr'><strong><em>inde</em></strong></span> <span class='ocrx_word' id='word_1_68' title='bbox 870 840 1079 909; x_wconf 81' lang='lat' dir='ltr'><strong><em>justam</em></strong></span> <span class='ocrx_word' id='word_1_69' title='bbox 1140 852 1292 906; x_wconf 81' lang='lat' dir='ltr'><strong><em>posse</em></strong></span> <span class='ocrx_word' id='word_1_70' title='bbox 1349 833 1488 886; x_wconf 84' lang='lat' dir='ltr'><strong><em>trahi</em></strong></span> <span class='ocrx_word' id='word_1_71' title='bbox 1582 828 1945 899; x_wconf 78' lang='lat' dir='ltr'><strong><em>vituperanda:</em></strong></span> <span class='ocrx_word' id='word_1_72' title='bbox 2003 826 2490 881; x_wconf 76' lang='lat' dir='ltr'><strong><em>administrationis</em></strong></span> <span class='ocrx_word' id='word_1_73' title='bbox 2575 834 2770 881; x_wconf 68' lang='lat' dir='ltr'><strong><em>nostrae</em></strong></span> <span class='ocrx_word' id='word_1_74' title='bbox 2826 827 3110 879; x_wconf 88' lang='lat' dir='ltr'><strong><em>rationem.</em></strong></span> <span class='ocrx_word' id='word_1_75' title='bbox 3175 823 3300 880; x_wconf 64' lang='lat' dir='ltr'><strong><em>Haec</em></strong></span> <span class='ocrx_word' id='word_1_76' title='bbox 3353 826 3567 883; x_wconf 90' lang='lat' dir='ltr'><strong><em>locutus</em></strong></span> <span class='ocrx_word' id='word_1_77' title='bbox 3654 842 3764 882; x_wconf 76' lang='lat' dir='ltr'><strong><em>mox</em></strong></span> 
     </span>
    </p>
   </div>
   <div class='ocr_carea' id='block_1_9' title="bbox 548 920 3775 1003">
    <p class='ocr_par' dir='ltr' id='par_1_9' title="bbox 548 920 3775 1003">
     <span class='ocr_line' id='line_1_9' title="bbox 548 920 3775 1003; baseline -0.004 -15"><span class='ocrx_word' id='word_1_78' title='bbox 548 935 760 1003; x_wconf 85' lang='lat' dir='ltr'><strong><em>dejecto</em></strong></span> <span class='ocrx_word' id='word_1_79' title='bbox 790 935 938 986; x_wconf 88' lang='lat' dir='ltr'><strong><em>vocis</em></strong></span> <span class='ocrx_word' id='word_1_80' title='bbox 970 947 1108 986; x_wconf 90' lang='lat' dir='ltr'><strong><em>sono</em></strong></span> <span class='ocrx_word' id='word_1_81' title='bbox 1133 945 1286 983; x_wconf 88' lang='lat' dir='ltr'><strong><em>reum</em></strong></span> <span class='ocrx_word' id='word_1_82' title='bbox 1317 943 1375 983; x_wconf 90' lang='lat' dir='ltr'><strong><em>se</em></strong></span> <span class='ocrx_word' id='word_1_83' title='bbox 1406 934 1590 979; x_wconf 85' lang='lat' dir='ltr'><strong><em>tamen</em></strong></span> <span class='ocrx_word' id='word_1_84' title='bbox 1658 933 1712 977; x_wconf 90' lang='lat' dir='ltr'><strong><em>et</em></strong></span> <span class='ocrx_word' id='word_1_85' title='bbox 1756 938 1931 992; x_wconf 70' lang='lat' dir='ltr'><strong><em>praua:</em></strong></span> <span class='ocrx_word' id='word_1_86' title='bbox 1983 921 2281 976; x_wconf 75' lang='lat' dir='ltr'><strong><em>obnoxium</em></strong></span> <span class='ocrx_word' id='word_1_87' title='bbox 2313 922 2595 976; x_wconf 80' lang='lat' dir='ltr'><strong><em>humiliter</em></strong></span> <span class='ocrx_word' id='word_1_88' title='bbox 2639 920 2927 992; x_wconf 79' lang='lat' dir='ltr'><strong><em>professus</em></strong></span> <span class='ocrx_word' id='word_1_89' title='bbox 2969 931 3075 987; x_wconf 87' lang='lat' dir='ltr'><strong><em>est,</em></strong></span> <span class='ocrx_word' id='word_1_90' title='bbox 3145 935 3268 977; x_wconf 87' lang='lat' dir='ltr'><strong><em>sese</em></strong></span> <span class='ocrx_word' id='word_1_91' title='bbox 3344 921 3460 991; x_wconf 88' lang='lat' dir='ltr'><strong><em>ipse</em></strong></span> <span class='ocrx_word' id='word_1_92' title='bbox 3539 924 3775 978; x_wconf 85' lang='lat' dir='ltr'><strong><em>condem-</em></strong></span> 
     </span>
    </p>
   </div>
   <div class='ocr_carea' id='block_1_10' title="bbox 555 1015 3773 1090">
    <p class='ocr_par' dir='ltr' id='par_1_10' title="bbox 555 1015 3773 1090">
     <span class='ocr_line' id='line_1_10' title="bbox 555 1015 3773 1090; baseline -0.002 -9"><span class='ocrx_word' id='word_1_93' title='bbox 555 1042 719 1081; x_wconf 82' lang='lat' dir='ltr'><strong><em>uaus.</em></strong></span> <span class='ocrx_word' id='word_1_94' title='bbox 780 1023 907 1078; x_wconf 89' lang='lat' dir='ltr'><strong><em>lude</em></strong></span> <span class='ocrx_word' id='word_1_95' title='bbox 959 1037 1181 1075; x_wconf 80' lang='lat' dir='ltr'><strong><em>rursum</em></strong></span> <span class='ocrx_word' id='word_1_96' title='bbox 1235 1020 1512 1090; x_wconf 76' lang='lat' dir='ltr'><strong><em>explicare</em></strong></span> <span class='ocrx_word' id='word_1_97' title='bbox 1596 1016 1791 1071; x_wconf 85' lang='lat' dir='ltr'><strong><em>Brevia</em></strong></span> <span class='ocrx_word' id='word_1_98' title='bbox 1866 1018 2125 1072; x_wconf 91' lang='lat' dir='ltr'><strong><em>custodes</em></strong></span> <span class='ocrx_word' id='word_1_99' title='bbox 2166 1015 2387 1070; x_wconf 90' lang='lat' dir='ltr'><strong><em>illorum</em></strong></span> <span class='ocrx_word' id='word_1_100' title='bbox 2450 1015 2607 1083; x_wconf 88' lang='lat' dir='ltr'><strong><em>jubet</em></strong></span> <span class='ocrx_word' id='word_1_101' title='bbox 2637 1016 2891 1086; x_wconf 88' lang='lat' dir='ltr'><strong><em>inireque</em></strong></span> <span class='ocrx_word' id='word_1_102' title='bbox 2936 1015 3362 1070; x_wconf 79' lang='lat' dir='ltr'><strong><em>aestimationem</em></strong></span> <span class='ocrx_word' id='word_1_103' title='bbox 3399 1030 3462 1070; x_wconf 89' lang='lat' dir='ltr'><strong><em>ac</em></strong></span> <span class='ocrx_word' id='word_1_104' title='bbox 3529 1032 3773 1073; x_wconf 86' lang='lat' dir='ltr'><strong><em>summam</em></strong></span> 
     </span>
    </p>
   </div>
   <div class='ocr_carea' id='block_1_11' title="bbox 544 1108 3778 1182">
    <p class='ocr_par' dir='ltr' id='par_1_11' title="bbox 544 1108 3778 1182">
     <span class='ocr_line' id='line_1_11' title="bbox 544 1108 3778 1182; baseline -0.002 -10"><span class='ocrx_word' id='word_1_105' title='bbox 544 1121 860 1172; x_wconf 72' lang='lat' dir='ltr'><strong><em>ablaturum</em></strong></span> <span class='ocrx_word' id='word_1_106' title='bbox 896 1130 1100 1169; x_wconf 86' lang='lat' dir='ltr'><strong><em>rerum.</em></strong></span> <span class='ocrx_word' id='word_1_107' title='bbox 1135 1114 1211 1167; x_wconf 79' lang='lat' dir='ltr'><strong><em>Ac</em></strong></span> <span class='ocrx_word' id='word_1_108' title='bbox 1244 1113 1429 1166; x_wconf 90' lang='lat' dir='ltr'><strong><em>statim</em></strong></span> <span class='ocrx_word' id='word_1_109' title='bbox 1486 1121 1700 1165; x_wconf 86' lang='lat' dir='ltr'><strong><em>secreto</em></strong></span> <span class='ocrx_word' id='word_1_110' title='bbox 1776 1109 2162 1179; x_wconf 69' lang='lat' dir='ltr'><strong><em>Antiphonem</em></strong></span> <span class='ocrx_word' id='word_1_111' title='bbox 2202 1108 2504 1164; x_wconf 80' lang='lat' dir='ltr'><strong><em>notabilem</em></strong></span> <span class='ocrx_word' id='word_1_112' title='bbox 2544 1111 2665 1165; x_wconf 84' lang='lat' dir='ltr'><strong><em>auri</em></strong></span> <span class='ocrx_word' id='word_1_113' title='bbox 2731 1123 3004 1166; x_wconf 82' lang='lat' dir='ltr'><strong><em>summam</em></strong></span> <span class='ocrx_word' id='word_1_114' title='bbox 3049 1109 3104 1163; x_wconf 90' lang='lat' dir='ltr'><strong><em>in</em></strong></span> <span class='ocrx_word' id='word_1_115' title='bbox 3154 1123 3330 1163; x_wconf 86' lang='lat' dir='ltr'><strong><em>annos</em></strong></span> <span class='ocrx_word' id='word_1_116' title='bbox 3381 1109 3617 1179; x_wconf 75' lang='lat' dir='ltr'><strong><em>singulos</em></strong></span> <span class='ocrx_word' id='word_1_117' title='bbox 3661 1127 3778 1182; x_wconf 84' lang='lat' dir='ltr'><strong><em>pen-</em></strong></span> 
     </span>
    </p>
   </div>
   <div class='ocr_carea' id='block_1_12' title="bbox 551 1196 3490 1273">
    <p class='ocr_par' dir='ltr' id='par_1_12' title="bbox 551 1196 3490 1273">
     <span class='ocr_line' id='line_1_12' title="bbox 551 1196 3490 1273; baseline -0.003 -9"><span class='ocrx_word' id='word_1_118' title='bbox 551 1210 791 1264; x_wconf 77' lang='lat' dir='ltr'><strong><em>dendum</em></strong></span> <span class='ocrx_word' id='word_1_119' title='bbox 822 1223 851 1260; x_wconf 88' lang='lat' dir='ltr'><strong><em>a</em></strong></span> <span class='ocrx_word' id='word_1_120' title='bbox 888 1196 1233 1259; x_wconf 87' lang='lat' dir='ltr'><strong><em>curatoribus</em></strong></span> <span class='ocrx_word' id='word_1_121' title='bbox 1260 1203 1377 1257; x_wconf 87' lang='lat' dir='ltr'><strong><em>lisci</em></strong></span> <span class='ocrx_word' id='word_1_122' title='bbox 1426 1201 1736 1257; x_wconf 89' lang='lat' dir='ltr'><strong><em>constituit.</em></strong></span> <span class='ocrx_word' id='word_1_123' title='bbox 1763 1200 1921 1266; x_wconf 85' lang='lat' dir='ltr'><strong><em>Quod</em></strong></span> <span class='ocrx_word' id='word_1_124' title='bbox 1974 1208 2030 1256; x_wconf 91' lang='lat' dir='ltr'><strong><em>et</em></strong></span> <span class='ocrx_word' id='word_1_125' title='bbox 2071 1201 2128 1256; x_wconf 87' lang='lat' dir='ltr'><strong><em>in</em></strong></span> <span class='ocrx_word' id='word_1_126' title='bbox 2169 1202 2317 1257; x_wconf 85' lang='lat' dir='ltr'><strong><em>hunc</em></strong></span> <span class='ocrx_word' id='word_1_127' title='bbox 2338 1201 2484 1256; x_wconf 90' lang='lat' dir='ltr'><strong><em>diem</em></strong></span> <span class='ocrx_word' id='word_1_128' title='bbox 2532 1211 2801 1273; x_wconf 81' lang='lat' dir='ltr'><strong><em>perpetua</em></strong></span> <span class='ocrx_word' id='word_1_129' title='bbox 2875 1202 2982 1257; x_wconf 84' lang='lat' dir='ltr'><strong><em>ﬁde</em></strong></span> <span class='ocrx_word' id='word_1_130' title='bbox 3029 1202 3339 1271; x_wconf 64' lang='lat' dir='ltr'><strong><em>praestitum</em></strong></span> <span class='ocrx_word' id='word_1_131' title='bbox 3388 1211 3490 1256; x_wconf 88' lang='lat' dir='ltr'><strong><em>est.</em></strong></span> 
     </span>
    </p>
   </div>
   <div class='ocr_carea' id='block_1_13' title="bbox 3580 1205 3782 1258">
    <p class='ocr_par' dir='ltr' id='par_1_13' title="bbox 3580 1205 3782 1258">
     <span class='ocr_line' id='line_1_13' title="bbox 3580 1205 3782 1258; baseline 0.015 -3"><span class='ocrx_word' id='word_1_132' title='bbox 3580 1205 3635 1256; x_wconf 84' lang='lat' dir='ltr'><strong><em>In</em></strong></span> <span class='ocrx_word' id='word_1_133' title='bbox 3690 1206 3782 1258; x_wconf 88' lang='lat' dir='ltr'><strong><em>isto</em></strong></span> 
     </span>
    </p>
   </div>
   <div class='ocr_carea' id='block_1_14' title="bbox 547 1292 3784 1367">
    <p class='ocr_par' dir='ltr' id='par_1_14' title="bbox 547 1292 3784 1367">
     <span class='ocr_line' id='line_1_14' title="bbox 547 1292 3784 1367; baseline -0.003 -9"><span class='ocrx_word' id='word_1_134' title='bbox 547 1304 703 1358; x_wconf 83' lang='lat' dir='ltr'><strong><em>enim</em></strong></span> <span class='ocrx_word' id='word_1_135' title='bbox 775 1302 978 1367; x_wconf 77' lang='lat' dir='ltr'><strong><em>templo</em></strong></span> <span class='ocrx_word' id='word_1_136' title='bbox 1031 1299 1187 1366; x_wconf 90' lang='lat' dir='ltr'><strong><em>prius</em></strong></span> <span class='ocrx_word' id='word_1_137' title='bbox 1240 1302 1557 1349; x_wconf 71' lang='lat' dir='ltr'><strong><em>memorata:</em></strong></span> <span class='ocrx_word' id='word_1_138' title='bbox 1647 1293 2019 1362; x_wconf 78' lang='lat' dir='ltr'><strong><em>imperatricis</em></strong></span> <span class='ocrx_word' id='word_1_139' title='bbox 2080 1302 2200 1347; x_wconf 87' lang='lat' dir='ltr'><strong><em>erat</em></strong></span> <span class='ocrx_word' id='word_1_140' title='bbox 2237 1292 2483 1348; x_wconf 90' lang='lat' dir='ltr'><strong><em>tumulus</em></strong></span> <span class='ocrx_word' id='word_1_141' title='bbox 2511 1307 2579 1347; x_wconf 77' lang='lat' dir='ltr'><strong><em>ex</em></strong></span> <span class='ocrx_word' id='word_1_142' title='bbox 2606 1307 2716 1363; x_wconf 89' lang='lat' dir='ltr'><strong><em>quo</em></strong></span> <span class='ocrx_word' id='word_1_143' title='bbox 2744 1293 2988 1363; x_wconf 76' lang='lat' dir='ltr'><strong><em>aliquem</em></strong></span> <span class='ocrx_word' id='word_1_144' title='bbox 3016 1299 3276 1347; x_wconf 88' lang='lat' dir='ltr'><strong><em>ornatum</em></strong></span> <span class='ocrx_word' id='word_1_145' title='bbox 3304 1306 3519 1347; x_wconf 81' lang='lat' dir='ltr'><strong><em>erasum</em></strong></span> <span class='ocrx_word' id='word_1_146' title='bbox 3547 1292 3784 1349; x_wconf 76' lang='lat' dir='ltr'><strong><em>diximus.</em></strong></span> 
     </span>
    </p>
   </div>
   <div class='ocr_carea' id='block_1_15' title="bbox 540 1384 3788 1463">
    <p class='ocr_par' dir='ltr' id='par_1_15' title="bbox 540 1384 3788 1463">
     <span class='ocr_line' id='line_1_15' title="bbox 540 1384 3788 1463; baseline -0.003 -13"><span class='ocrx_word' id='word_1_147' title='bbox 540 1392 961 1463; x_wconf 64' lang='lat' dir='ltr'><strong><em>ﬂltalcoprateis</em></strong></span> <span class='ocrx_word' id='word_1_148' title='bbox 993 1404 1123 1444; x_wconf 79' lang='lat' dir='ltr'><strong><em>vero</em></strong></span> <span class='ocrx_word' id='word_1_149' title='bbox 1151 1404 1391 1442; x_wconf 87' lang='lat' dir='ltr'><strong><em>annuum</em></strong></span> <span class='ocrx_word' id='word_1_150' title='bbox 1442 1386 1673 1455; x_wconf 77' lang='lat' dir='ltr'><strong><em>vectigal</em></strong></span> <span class='ocrx_word' id='word_1_151' title='bbox 1705 1387 1826 1439; x_wconf 81' lang='lat' dir='ltr'><strong><em>auri</em></strong></span> <span class='ocrx_word' id='word_1_152' title='bbox 1874 1384 2238 1441; x_wconf 80' lang='lat' dir='ltr'><strong><em>sulIecturum</em></strong></span> <span class='ocrx_word' id='word_1_153' title='bbox 2271 1387 2336 1441; x_wconf 90' lang='lat' dir='ltr'><strong><em>ad</em></strong></span> <span class='ocrx_word' id='word_1_154' title='bbox 2367 1386 2594 1443; x_wconf 89' lang='lat' dir='ltr'><strong><em>alendos</em></strong></span> <span class='ocrx_word' id='word_1_155' title='bbox 2628 1401 2725 1444; x_wconf 90' lang='lat' dir='ltr'><strong><em>eos</em></strong></span> <span class='ocrx_word' id='word_1_156' title='bbox 2796 1400 2992 1442; x_wconf 89' lang='lat' dir='ltr'><strong><em>omnes</em></strong></span> <span class='ocrx_word' id='word_1_157' title='bbox 3058 1384 3152 1456; x_wconf 89' lang='lat' dir='ltr'><strong><em>qui</em></strong></span> <span class='ocrx_word' id='word_1_158' title='bbox 3234 1384 3291 1438; x_wconf 88' lang='lat' dir='ltr'><strong><em>in</em></strong></span> <span class='ocrx_word' id='word_1_159' title='bbox 3343 1385 3447 1439; x_wconf 87' lang='lat' dir='ltr'><strong><em>ista</em></strong></span> <span class='ocrx_word' id='word_1_160' title='bbox 3487 1384 3603 1439; x_wconf 72' lang='lat' dir='ltr'><strong><em>Dei‘</em></strong></span> <span class='ocrx_word' id='word_1_161' title='bbox 3646 1384 3788 1441; x_wconf 86' lang='lat' dir='ltr'><strong><em>Geni-</em></strong></span> 
     </span>
    </p>
   </div>
   <div class='ocr_carea' id='block_1_16' title="bbox 554 1477 3459 1550">
    <p class='ocr_par' dir='ltr' id='par_1_16' title="bbox 554 1477 3459 1550">
     <span class='ocr_line' id='line_1_16' title="bbox 554 1477 3459 1550; baseline -0.003 -9"><span class='ocrx_word' id='word_1_162' title='bbox 554 1488 708 1542; x_wconf 84' lang='lat' dir='ltr'><strong><em>tricis</em></strong></span> <span class='ocrx_word' id='word_1_163' title='bbox 746 1498 901 1536; x_wconf 86' lang='lat' dir='ltr'><strong><em>sacra</em></strong></span> <span class='ocrx_word' id='word_1_164' title='bbox 958 1481 1072 1535; x_wconf 67' lang='lat' dir='ltr'><strong><em>mile</em></strong></span> <span class='ocrx_word' id='word_1_165' title='bbox 1102 1481 1316 1534; x_wconf 88' lang='lat' dir='ltr'><strong><em>divinas</em></strong></span> <span class='ocrx_word' id='word_1_166' title='bbox 1348 1480 1536 1533; x_wconf 88' lang='lat' dir='ltr'><strong><em>laudes</em></strong></span> <span class='ocrx_word' id='word_1_167' title='bbox 1564 1480 1842 1533; x_wconf 83' lang='lat' dir='ltr'><strong><em>celebrare</em></strong></span> <span class='ocrx_word' id='word_1_168' title='bbox 1878 1478 2124 1547; x_wconf 85' lang='lat' dir='ltr'><strong><em>quotidie</em></strong></span> <span class='ocrx_word' id='word_1_169' title='bbox 2161 1478 2363 1544; x_wconf 85' lang='lat' dir='ltr'><strong><em>solent,</em></strong></span> <span class='ocrx_word' id='word_1_170' title='bbox 2403 1494 2469 1533; x_wconf 82' lang='lat' dir='ltr'><strong><em>ex</em></strong></span> <span class='ocrx_word' id='word_1_171' title='bbox 2496 1479 2693 1535; x_wconf 60' lang='lat' dir='ltr'><strong><em>aerario</em></strong></span> <span class='ocrx_word' id='word_1_172' title='bbox 2721 1480 2873 1550; x_wconf 85' lang='lat' dir='ltr'><strong><em>regio</em></strong></span> <span class='ocrx_word' id='word_1_173' title='bbox 2905 1479 3243 1550; x_wconf 84' lang='lat' dir='ltr'><strong><em>suppeditari</em></strong></span> <span class='ocrx_word' id='word_1_174' title='bbox 3271 1477 3459 1546; x_wconf 80' lang='lat' dir='ltr'><strong><em>jussit.</em></strong></span> 
     </span>
    </p>
   </div>
   <div class='ocr_carea' id='block_1_17' title="bbox 625 1571 2221 1642">
    <p class='ocr_par' dir='ltr' id='par_1_17' title="bbox 625 1571 2221 1642">
     <span class='ocr_line' id='line_1_17' title="bbox 625 1571 2221 1642; baseline -0.002 -13"><span class='ocrx_word' id='word_1_175' title='bbox 625 1577 740 1630; x_wconf 87' lang='lat' dir='ltr'><strong><em>Sub</em></strong></span> <span class='ocrx_word' id='word_1_176' title='bbox 790 1575 931 1628; x_wconf 88' lang='lat' dir='ltr'><strong><em>idem</em></strong></span> <span class='ocrx_word' id='word_1_177' title='bbox 986 1571 1099 1627; x_wconf 82' lang='lat' dir='ltr'><strong><em>lere</em></strong></span> <span class='ocrx_word' id='word_1_178' title='bbox 1147 1580 1367 1641; x_wconf 85' lang='lat' dir='ltr'><strong><em>tempus</em></strong></span> <span class='ocrx_word' id='word_1_179' title='bbox 1434 1572 1648 1627; x_wconf 89' lang='lat' dir='ltr'><strong><em>detecta</em></strong></span> <span class='ocrx_word' id='word_1_180' title='bbox 1700 1573 2015 1642; x_wconf 88' lang='lat' dir='ltr'><strong><em>conjuratio</em></strong></span> <span class='ocrx_word' id='word_1_181' title='bbox 2075 1572 2131 1626; x_wconf 90' lang='lat' dir='ltr'><strong><em>in</em></strong></span> <span class='ocrx_word' id='word_1_182' title='bbox 2168 1579 2221 1636; x_wconf 74' lang='grc' dir='ltr'>Α</span> 
     </span>
    </p>
   </div>
   <div class='ocr_carea' id='block_1_18' title="bbox 545 1664 2137 1738">
    <p class='ocr_par' dir='ltr' id='par_1_18' title="bbox 545 1664 2137 1738">
     <span class='ocr_line' id='line_1_18' title="bbox 545 1664 2137 1738; baseline -0.003 -14"><span class='ocrx_word' id='word_1_183' title='bbox 545 1671 933 1738; x_wconf 85' lang='lat' dir='ltr'><strong><em>imperatorem</em></strong></span> <span class='ocrx_word' id='word_1_184' title='bbox 989 1676 1094 1720; x_wconf 91' lang='lat' dir='ltr'><strong><em>est.</em></strong></span> <span class='ocrx_word' id='word_1_185' title='bbox 1144 1665 1554 1720; x_wconf 85' lang='lat' dir='ltr'><strong><em>Consenserant</em></strong></span> <span class='ocrx_word' id='word_1_186' title='bbox 1597 1667 1652 1720; x_wconf 89' lang='lat' dir='ltr'><strong><em>in</em></strong></span> <span class='ocrx_word' id='word_1_187' title='bbox 1702 1680 1822 1720; x_wconf 89' lang='lat' dir='ltr'><strong><em>eam</em></strong></span> <span class='ocrx_word' id='word_1_188' title='bbox 1875 1664 2137 1737; x_wconf 87' lang='lat' dir='ltr'><strong><em>praecipui</em></strong></span> 
     </span>
    </p>
   </div>
   <div class='ocr_carea' id='block_1_19' title="bbox 550 1756 2138 1828">
    <p class='ocr_par' dir='ltr' id='par_1_19' title="bbox 550 1756 2138 1828">
     <span class='ocr_line' id='line_1_19' title="bbox 550 1756 2138 1828; baseline -0.001 -16"><span class='ocrx_word' id='word_1_189' title='bbox 550 1762 755 1828; x_wconf 85' lang='lat' dir='ltr'><strong><em>quique</em></strong></span> <span class='ocrx_word' id='word_1_190' title='bbox 784 1766 1069 1812; x_wconf 88' lang='lat' dir='ltr'><strong><em>senatores</em></strong></span> <span class='ocrx_word' id='word_1_191' title='bbox 1102 1771 1165 1811; x_wconf 89' lang='lat' dir='ltr'><strong><em>ac</em></strong></span> <span class='ocrx_word' id='word_1_192' title='bbox 1210 1756 1404 1821; x_wconf 83' lang='lat' dir='ltr'><strong><em>duces,</em></strong></span> <span class='ocrx_word' id='word_1_193' title='bbox 1455 1757 1775 1826; x_wconf 85' lang='lat' dir='ltr'><strong><em>tribunique</em></strong></span> <span class='ocrx_word' id='word_1_194' title='bbox 1818 1757 2138 1822; x_wconf 82' lang='lat' dir='ltr'><strong><em>exercitus;</em></strong></span> 
     </span>
    </p>
   </div>
   <div class='ocr_carea' id='block_1_20' title="bbox 546 1846 2134 1916">
    <p class='ocr_par' dir='ltr' id='par_1_20' title="bbox 546 1846 2134 1916">
     <span class='ocr_line' id='line_1_20' title="bbox 546 1846 2134 1916; baseline -0.004 -11"><span class='ocrx_word' id='word_1_195' title='bbox 546 1864 653 1905; x_wconf 87' lang='lat' dir='ltr'><strong><em>nec</em></strong></span> <span class='ocrx_word' id='word_1_196' title='bbox 710 1848 961 1903; x_wconf 85' lang='lat' dir='ltr'><strong><em>obscuris</em></strong></span> <span class='ocrx_word' id='word_1_197' title='bbox 1011 1855 1105 1900; x_wconf 88' lang='lat' dir='ltr'><strong><em>aut</em></strong></span> <span class='ocrx_word' id='word_1_198' title='bbox 1160 1846 1555 1901; x_wconf 84' lang='lat' dir='ltr'><strong><em>dubitabilibus</em></strong></span> <span class='ocrx_word' id='word_1_199' title='bbox 1609 1847 1829 1901; x_wconf 87' lang='lat' dir='ltr'><strong><em>indiciis</em></strong></span> <span class='ocrx_word' id='word_1_200' title='bbox 1871 1847 2134 1916; x_wconf 86' lang='lat' dir='ltr'><strong><em>vestigata</em></strong></span> 
     </span>
    </p>
   </div>
   <div class='ocr_carea' id='block_1_21' title="bbox 552 1938 2142 2009">
    <p class='ocr_par' dir='ltr' id='par_1_21' title="bbox 552 1938 2142 2009">
     <span class='ocr_line' id='line_1_21' title="bbox 552 1938 2142 2009; baseline -0.001 -13"><span class='ocrx_word' id='word_1_201' title='bbox 552 1958 665 2006; x_wconf 89' lang='lat' dir='ltr'><strong><em>res,</em></strong></span> <span class='ocrx_word' id='word_1_202' title='bbox 692 1941 784 1996; x_wconf 85' lang='lat' dir='ltr'><strong><em>sed</em></strong></span> <span class='ocrx_word' id='word_1_203' title='bbox 820 1940 1075 2009; x_wconf 84' lang='lat' dir='ltr'><strong><em>producti</em></strong></span> <span class='ocrx_word' id='word_1_204' title='bbox 1112 1947 1466 1993; x_wconf 86' lang='lat' dir='ltr'><strong><em>accusatores</em></strong></span> <span class='ocrx_word' id='word_1_205' title='bbox 1490 1941 1627 1995; x_wconf 87' lang='lat' dir='ltr'><strong><em>certi</em></strong></span> <span class='ocrx_word' id='word_1_206' title='bbox 1663 1954 1856 1995; x_wconf 90' lang='lat' dir='ltr'><strong><em>omnes</em></strong></span> <span class='ocrx_word' id='word_1_207' title='bbox 1898 1938 1966 1993; x_wconf 88' lang='lat' dir='ltr'><strong><em>ad</em></strong></span> <span class='ocrx_word' id='word_1_208' title='bbox 2003 1952 2142 2009; x_wconf 87' lang='lat' dir='ltr'><strong><em>quos</em></strong></span> 
     </span>
    </p>
   </div>
   <div class='ocr_carea' id='block_1_22' title="bbox 552 2029 2143 2102">
    <p class='ocr_par' dir='ltr' id='par_1_22' title="bbox 552 2029 2143 2102">
     <span class='ocr_line' id='line_1_22' title="bbox 552 2029 2143 2102; baseline 0 -19"><span class='ocrx_word' id='word_1_209' title='bbox 552 2032 1057 2102; x_wconf 85' lang='lat' dir='ltr'><strong><em>quomodocuuque</em></strong></span> <span class='ocrx_word' id='word_1_210' title='bbox 1133 2030 1396 2098; x_wconf 84' lang='lat' dir='ltr'><strong><em>contagio</em></strong></span> <span class='ocrx_word' id='word_1_211' title='bbox 1464 2030 1686 2100; x_wconf 81' lang='lat' dir='ltr'><strong><em>cogitati</em></strong></span> <span class='ocrx_word' id='word_1_212' title='bbox 1761 2029 1985 2086; x_wconf 85' lang='lat' dir='ltr'><strong><em>sceleris</em></strong></span> <span class='ocrx_word' id='word_1_213' title='bbox 2047 2036 2143 2083; x_wconf 91' lang='lat' dir='ltr'><strong><em>aut</em></strong></span> 
     </span>
    </p>
   </div>
   <div class='ocr_carea' id='block_1_23' title="bbox 552 2120 2145 2193">
    <p class='ocr_par' dir='ltr' id='par_1_23' title="bbox 552 2120 2145 2193">
     <span class='ocr_line' id='line_1_23' title="bbox 552 2120 2145 2193; baseline 0.001 -16"><span class='ocrx_word' id='word_1_214' title='bbox 552 2124 892 2178; x_wconf 89' lang='lat' dir='ltr'><strong><em>conscientia</em></strong></span> <span class='ocrx_word' id='word_1_215' title='bbox 941 2121 1293 2191; x_wconf 87' lang='lat' dir='ltr'><strong><em>pervenisset</em></strong></span> <span class='ocrx_word' id='word_1_216' title='bbox 1349 2121 1478 2187; x_wconf 88' lang='lat' dir='ltr'><strong><em>ulla,</em></strong></span> <span class='ocrx_word' id='word_1_217' title='bbox 1528 2122 1752 2177; x_wconf 88' lang='lat' dir='ltr'><strong><em>invictis</em></strong></span> <span class='ocrx_word' id='word_1_218' title='bbox 1805 2120 2145 2193; x_wconf 76' lang='lat' dir='ltr'><strong><em>argumentis</em></strong></span> 
     </span>
    </p>
   </div>
   <div class='ocr_carea' id='block_1_24' title="bbox 547 2211 2144 2284">
    <p class='ocr_par' dir='ltr' id='par_1_24' title="bbox 547 2211 2144 2284">
     <span class='ocr_line' id='line_1_24' title="bbox 547 2211 2144 2284; baseline -0.003 -15"><span class='ocrx_word' id='word_1_219' title='bbox 547 2216 839 2269; x_wconf 85' lang='lat' dir='ltr'><strong><em>convictos</em></strong></span> <span class='ocrx_word' id='word_1_220' title='bbox 874 2213 1036 2267; x_wconf 88' lang='lat' dir='ltr'><strong><em>l&#39;ateri</em></strong></span> <span class='ocrx_word' id='word_1_221' title='bbox 1068 2214 1277 2267; x_wconf 88' lang='lat' dir='ltr'><strong><em>crimen</em></strong></span> <span class='ocrx_word' id='word_1_222' title='bbox 1327 2222 1650 2284; x_wconf 84' lang='lat' dir='ltr'><strong><em>coegerunt.</em></strong></span> <span class='ocrx_word' id='word_1_223' title='bbox 1681 2212 1795 2268; x_wconf 84' lang='lat' dir='ltr'><strong><em>Nec</em></strong></span> <span class='ocrx_word' id='word_1_224' title='bbox 1831 2222 2011 2267; x_wconf 89' lang='lat' dir='ltr'><strong><em>tamen</em></strong></span> <span class='ocrx_word' id='word_1_225' title='bbox 2038 2211 2144 2265; x_wconf 87' lang='lat' dir='ltr'><strong><em>im-</em></strong></span> 
     </span>
    </p>
   </div>
   <div class='ocr_carea' id='block_1_25' title="bbox 555 2304 2141 2376">
    <p class='ocr_par' dir='ltr' id='par_1_25' title="bbox 555 2304 2141 2376">
     <span class='ocr_line' id='line_1_25' title="bbox 555 2304 2141 2376; baseline 0 -17"><span class='ocrx_word' id='word_1_226' title='bbox 555 2314 778 2374; x_wconf 87' lang='lat' dir='ltr'><strong><em>perator</em></strong></span> <span class='ocrx_word' id='word_1_227' title='bbox 837 2305 1010 2374; x_wconf 79' lang='lat' dir='ltr'><strong><em>inﬂigi</em></strong></span> <span class='ocrx_word' id='word_1_228' title='bbox 1065 2317 1256 2374; x_wconf 80' lang='lat' dir='ltr'><strong><em>pteuas</em></strong></span> <span class='ocrx_word' id='word_1_229' title='bbox 1290 2304 1360 2359; x_wconf 91' lang='lat' dir='ltr'><strong><em>iis</em></strong></span> <span class='ocrx_word' id='word_1_230' title='bbox 1388 2310 1525 2374; x_wconf 80' lang='lat' dir='ltr'><strong><em>quas</em></strong></span> <span class='ocrx_word' id='word_1_231' title='bbox 1570 2307 1934 2376; x_wconf 70' lang='lat' dir='ltr'><strong><em>praescribunt</em></strong></span> <span class='ocrx_word' id='word_1_232' title='bbox 1969 2306 2141 2376; x_wconf 81' lang='lat' dir='ltr'><strong><em>leges,</em></strong></span> 
     </span>
    </p>
   </div>
   <div class='ocr_carea' id='block_1_26' title="bbox 554 2397 2146 2469">
    <p class='ocr_par' dir='ltr' id='par_1_26' title="bbox 554 2397 2146 2469">
     <span class='ocr_line' id='line_1_26' title="bbox 554 2397 2146 2469; baseline 0.002 -19"><span class='ocrx_word' id='word_1_233' title='bbox 554 2414 653 2469; x_wconf 78' lang='lat' dir='ltr'><strong><em>pro</em></strong></span> <span class='ocrx_word' id='word_1_234' title='bbox 691 2412 789 2452; x_wconf 87' lang='lat' dir='ltr'><strong><em>sua</em></strong></span> <span class='ocrx_word' id='word_1_235' title='bbox 827 2397 1146 2459; x_wconf 88' lang='lat' dir='ltr'><strong><em>clementia,</em></strong></span> <span class='ocrx_word' id='word_1_236' title='bbox 1185 2412 1386 2466; x_wconf 90' lang='lat' dir='ltr'><strong><em>passus</em></strong></span> <span class='ocrx_word' id='word_1_237' title='bbox 1414 2407 1533 2464; x_wconf 89' lang='lat' dir='ltr'><strong><em>est;</em></strong></span> <span class='ocrx_word' id='word_1_238' title='bbox 1577 2398 1941 2469; x_wconf 87' lang='lat' dir='ltr'><strong><em>publicatione</em></strong></span> <span class='ocrx_word' id='word_1_239' title='bbox 1982 2398 2146 2453; x_wconf 87' lang='lat' dir='ltr'><strong><em>modo</em></strong></span> 
     </span>
    </p>
   </div>
   <div class='ocr_carea' id='block_1_27' title="bbox 554 2487 2141 2545">
    <p class='ocr_par' dir='ltr' id='par_1_27' title="bbox 554 2487 2141 2545">
     <span class='ocr_line' id='line_1_27' title="bbox 554 2487 2141 2545; baseline -0.001 -2"><span class='ocrx_word' id='word_1_240' title='bbox 554 2490 826 2543; x_wconf 86' lang='lat' dir='ltr'><strong><em>bonorum</em></strong></span> <span class='ocrx_word' id='word_1_241' title='bbox 854 2495 909 2541; x_wconf 87' lang='lat' dir='ltr'><strong><em>et</em></strong></span> <span class='ocrx_word' id='word_1_242' title='bbox 942 2487 1139 2541; x_wconf 79' lang='lat' dir='ltr'><strong><em>exsilio</em></strong></span> <span class='ocrx_word' id='word_1_243' title='bbox 1172 2488 1616 2543; x_wconf 85' lang='lat' dir='ltr'><strong><em>animadvertere</em></strong></span> <span class='ocrx_word' id='word_1_244' title='bbox 1648 2490 1704 2543; x_wconf 92' lang='lat' dir='ltr'><strong><em>in</em></strong></span> <span class='ocrx_word' id='word_1_245' title='bbox 1731 2497 1990 2545; x_wconf 87' lang='lat' dir='ltr'><strong><em>auctores</em></strong></span> <span class='ocrx_word' id='word_1_246' title='bbox 2013 2504 2141 2543; x_wconf 84' lang='lat' dir='ltr'><strong><em>con-</em></strong></span> 
     </span>
    </p>
   </div>
   <div class='ocr_carea' id='block_1_28' title="bbox 554 2578 2147 2649">
    <p class='ocr_par' dir='ltr' id='par_1_28' title="bbox 554 2578 2147 2649">
     <span class='ocr_line' id='line_1_28' title="bbox 554 2578 2147 2649; baseline 0.001 -17"><span class='ocrx_word' id='word_1_247' title='bbox 554 2589 767 2634; x_wconf 88' lang='lat' dir='ltr'><strong><em>tentus.</em></strong></span> <span class='ocrx_word' id='word_1_248' title='bbox 819 2578 921 2631; x_wconf 78' lang='lat' dir='ltr'><strong><em>llic</em></strong></span> <span class='ocrx_word' id='word_1_249' title='bbox 965 2578 1088 2633; x_wconf 85' lang='lat' dir='ltr'><strong><em>linis</em></strong></span> <span class='ocrx_word' id='word_1_250' title='bbox 1136 2580 1563 2649; x_wconf 81' lang='lat' dir='ltr'><strong><em>conspirationis</em></strong></span> <span class='ocrx_word' id='word_1_251' title='bbox 1606 2581 1767 2636; x_wconf 87' lang='lat' dir='ltr'><strong><em>istius</em></strong></span> <span class='ocrx_word' id='word_1_252' title='bbox 1814 2581 1935 2635; x_wconf 87' lang='lat' dir='ltr'><strong><em>l&#39;uit.</em></strong></span> <span class='ocrx_word' id='word_1_253' title='bbox 1986 2581 2147 2634; x_wconf 88' lang='lat' dir='ltr'><strong><em>Nunc</em></strong></span> 
     </span>
    </p>
   </div>
   <div class='ocr_carea' id='block_1_29' title="bbox 553 2669 2145 2741">
    <p class='ocr_par' dir='ltr' id='par_1_29' title="bbox 553 2669 2145 2741">
     <span class='ocr_line' id='line_1_29' title="bbox 553 2669 2145 2741; baseline -0.001 -17"><span class='ocrx_word' id='word_1_254' title='bbox 553 2673 623 2724; x_wconf 89' lang='lat' dir='ltr'><strong><em>ad</em></strong></span> <span class='ocrx_word' id='word_1_255' title='bbox 649 2669 1006 2735; x_wconf 81' lang='lat' dir='ltr'><strong><em>Maniclueos,</em></strong></span> <span class='ocrx_word' id='word_1_256' title='bbox 1040 2669 1107 2723; x_wconf 85' lang='lat' dir='ltr'><strong><em>de</em></strong></span> <span class='ocrx_word' id='word_1_257' title='bbox 1132 2670 1336 2737; x_wconf 86' lang='lat' dir='ltr'><strong><em>quibus</em></strong></span> <span class='ocrx_word' id='word_1_258' title='bbox 1357 2686 1536 2741; x_wconf 86' lang='lat' dir='ltr'><strong><em>nuper</em></strong></span> <span class='ocrx_word' id='word_1_259' title='bbox 1564 2670 1802 2740; x_wconf 87' lang='lat' dir='ltr'><strong><em>egimus,</em></strong></span> <span class='ocrx_word' id='word_1_260' title='bbox 1836 2671 2145 2725; x_wconf 85' lang='lat' dir='ltr'><strong><em>revocanda</em></strong></span> 
     </span>
    </p>
   </div>
   <div class='ocr_carea' id='block_1_30' title="bbox 555 2760 2147 2831">
    <p class='ocr_par' dir='ltr' id='par_1_30' title="bbox 555 2760 2147 2831">
     <span class='ocr_line' id='line_1_30' title="bbox 555 2760 2147 2831; baseline -0.001 -14"><span class='ocrx_word' id='word_1_261' title='bbox 555 2762 804 2817; x_wconf 83' lang='lat' dir='ltr'><strong><em>narratio</em></strong></span> <span class='ocrx_word' id='word_1_262' title='bbox 836 2771 944 2815; x_wconf 88' lang='lat' dir='ltr'><strong><em>est.</em></strong></span> <span class='ocrx_word' id='word_1_263' title='bbox 968 2760 1201 2826; x_wconf 84' lang='lat' dir='ltr'><strong><em>Quando</em></strong></span> <span class='ocrx_word' id='word_1_264' title='bbox 1249 2762 1474 2816; x_wconf 79' lang='lat' dir='ltr'><strong><em>Alexius</em></strong></span> <span class='ocrx_word' id='word_1_265' title='bbox 1507 2763 1564 2816; x_wconf 89' lang='lat' dir='ltr'><strong><em>in</em></strong></span> <span class='ocrx_word' id='word_1_266' title='bbox 1616 2763 1801 2831; x_wconf 82' lang='lat' dir='ltr'><strong><em>magni</em></strong></span> <span class='ocrx_word' id='word_1_267' title='bbox 1857 2761 2147 2817; x_wconf 85' lang='lat' dir='ltr'><strong><em>domestici</em></strong></span> 
     </span>
    </p>
   </div>
   <div class='ocr_carea' id='block_1_31' title="bbox 482 2850 2147 2927">
    <p class='ocr_par' dir='ltr' id='par_1_31' title="bbox 482 2850 2147 2927">
     <span class='ocr_line' id='line_1_31' title="bbox 482 2850 2147 2927; baseline -0.003 -16"><span class='ocrx_word' id='word_1_268' title='bbox 482 2880 486 2884; x_wconf 69' lang='lat'><strong><em>~</em></strong></span> <span class='ocrx_word' id='word_1_269' title='bbox 556 2856 877 2927; x_wconf 84' lang='lat' dir='ltr'><strong><em>dignitatem</em></strong></span> <span class='ocrx_word' id='word_1_270' title='bbox 932 2862 1153 2908; x_wconf 83' lang='lat' dir='ltr'><strong><em>evectus</em></strong></span> <span class='ocrx_word' id='word_1_271' title='bbox 1216 2862 1302 2907; x_wconf 86' lang='lat' dir='ltr'><strong><em>est</em></strong></span> <span class='ocrx_word' id='word_1_272' title='bbox 1379 2867 1438 2919; x_wconf 69' lang='grc' dir='ltr'><strong><em>α,</em></strong></span> <span class='ocrx_word' id='word_1_273' title='bbox 1468 2850 1788 2922; x_wconf 77' lang='lat' dir='ltr'><strong><em>Niceplioro</em></strong></span> <span class='ocrx_word' id='word_1_274' title='bbox 1859 2850 2147 2906; x_wconf 87' lang='lat' dir='ltr'><strong><em>Botaniate</em></strong></span> 
     </span>
    </p>
   </div>
   <div class='ocr_carea' id='block_1_32' title="bbox 557 2920 2222 3017">
    <p class='ocr_par' dir='ltr' id='par_1_32' title="bbox 557 2920 2222 3017">
     <span class='ocr_line' id='line_1_32' title="bbox 557 2920 2222 3017; baseline -0.001 -16"><span class='ocrx_word' id='word_1_275' title='bbox 557 2950 787 3003; x_wconf 61' lang='lat' dir='ltr'><strong><em>Blaesum</em></strong></span> <span class='ocrx_word' id='word_1_276' title='bbox 819 2947 1113 3017; x_wconf 88' lang='lat' dir='ltr'><strong><em>quemdam</em></strong></span> <span class='ocrx_word' id='word_1_277' title='bbox 1157 2945 1514 3000; x_wconf 76' lang='lat' dir='ltr'><strong><em>Maniclueum</em></strong></span> <span class='ocrx_word' id='word_1_278' title='bbox 1562 2947 1616 3000; x_wconf 88' lang='lat' dir='ltr'><strong><em>in</em></strong></span> <span class='ocrx_word' id='word_1_279' title='bbox 1657 2945 2008 3001; x_wconf 80' lang='lat' dir='ltr'><strong><em>familiarium</em></strong></span> <span class='ocrx_word' id='word_1_280' title='bbox 2044 2944 2145 2999; x_wconf 85' lang='lat' dir='ltr'><strong><em>mi-</em></strong></span> <span class='ocrx_word' id='word_1_281' title='bbox 2174 2920 2222 2981; x_wconf 80' lang='grc' dir='ltr'><strong>Β</strong></span> 
     </span>
    </p>
   </div>
   <div class='ocr_carea' id='block_1_33' title="bbox 557 3036 2143 3107">
    <p class='ocr_par' dir='ltr' id='par_1_33' title="bbox 557 3036 2143 3107">
     <span class='ocr_line' id='line_1_33' title="bbox 557 3036 2143 3107; baseline -0.003 -12"><span class='ocrx_word' id='word_1_282' title='bbox 557 3041 861 3096; x_wconf 87' lang='lat' dir='ltr'><strong><em>nistrorum</em></strong></span> <span class='ocrx_word' id='word_1_283' title='bbox 904 3053 1196 3092; x_wconf 89' lang='lat' dir='ltr'><strong><em>numerum</em></strong></span> <span class='ocrx_word' id='word_1_284' title='bbox 1254 3036 1476 3101; x_wconf 87' lang='lat' dir='ltr'><strong><em>ascivit,</em></strong></span> <span class='ocrx_word' id='word_1_285' title='bbox 1513 3052 1675 3107; x_wconf 90' lang='lat' dir='ltr'><strong><em>quem</em></strong></span> <span class='ocrx_word' id='word_1_286' title='bbox 1724 3044 1780 3092; x_wconf 92' lang='lat' dir='ltr'><strong><em>et</em></strong></span> <span class='ocrx_word' id='word_1_287' title='bbox 1832 3051 1992 3093; x_wconf 87' lang='lat' dir='ltr'><strong><em>sacro</em></strong></span> <span class='ocrx_word' id='word_1_288' title='bbox 2043 3037 2143 3092; x_wconf 73' lang='lat' dir='ltr'><strong><em>ha~</em></strong></span> 
     </span>
    </p>
   </div>
   <div class='ocr_carea' id='block_1_34' title="bbox 554 3129 2145 3203">
    <p class='ocr_par' dir='ltr' id='par_1_34' title="bbox 554 3129 2145 3203">
     <span class='ocr_line' id='line_1_34' title="bbox 554 3129 2145 3203; baseline 0 -18"><span class='ocrx_word' id='word_1_289' title='bbox 554 3133 811 3203; x_wconf 88' lang='lat' dir='ltr'><strong><em>ptismate</em></strong></span> <span class='ocrx_word' id='word_1_290' title='bbox 846 3131 1123 3201; x_wconf 66' lang='lat' dir='ltr'><strong><em>dign-alunt</em></strong></span> <span class='ocrx_word' id='word_1_291' title='bbox 1162 3130 1252 3185; x_wconf 92' lang='lat' dir='ltr'><strong><em>uui</em></strong></span> <span class='ocrx_word' id='word_1_292' title='bbox 1308 3146 1375 3184; x_wconf 76' lang='lat' dir='ltr'><strong><em>ex</em></strong></span> <span class='ocrx_word' id='word_1_293' title='bbox 1418 3129 1789 3200; x_wconf 87' lang='lat' dir='ltr'><strong><em>imperatricis</em></strong></span> <span class='ocrx_word' id='word_1_294' title='bbox 1830 3130 2145 3185; x_wconf 76' lang='lat' dir='ltr'><strong><em>lamulabus</em></strong></span> 
     </span>
    </p>
   </div>
   <div class='ocr_carea' id='block_1_35' title="bbox 556 3220 2143 3292">
    <p class='ocr_par' dir='ltr' id='par_1_35' title="bbox 556 3220 2143 3292">
     <span class='ocr_line' id='line_1_35' title="bbox 556 3220 2143 3292; baseline -0.001 -15"><span class='ocrx_word' id='word_1_295' title='bbox 556 3223 909 3279; x_wconf 86' lang='lat' dir='ltr'><strong><em>matrimonio</em></strong></span> <span class='ocrx_word' id='word_1_296' title='bbox 959 3222 1255 3292; x_wconf 53' lang='lat' dir='ltr'><strong><em>copulat-it.</em></strong></span> <span class='ocrx_word' id='word_1_297' title='bbox 1308 3221 1367 3275; x_wconf 86' lang='lat' dir='ltr'><strong><em>Ei</em></strong></span> <span class='ocrx_word' id='word_1_298' title='bbox 1407 3221 1527 3276; x_wconf 89' lang='lat' dir='ltr'><strong><em>viro</em></strong></span> <span class='ocrx_word' id='word_1_299' title='bbox 1576 3228 1818 3292; x_wconf 88' lang='lat' dir='ltr'><strong><em>quatuor</em></strong></span> <span class='ocrx_word' id='word_1_300' title='bbox 1858 3222 1915 3275; x_wconf 89' lang='lat' dir='ltr'><strong><em>in</em></strong></span> <span class='ocrx_word' id='word_1_301' title='bbox 1966 3220 2143 3290; x_wconf 87' lang='lat' dir='ltr'><strong><em>patria</em></strong></span> 
     </span>
    </p>
   </div>
   <div class='ocr_carea' id='block_1_36' title="bbox 557 3312 2146 3383">
    <p class='ocr_par' dir='ltr' id='par_1_36' title="bbox 557 3312 2146 3383">
     <span class='ocr_line' id='line_1_36' title="bbox 557 3312 2146 3383; baseline -0.003 -12"><span class='ocrx_word' id='word_1_302' title='bbox 557 3331 780 3371; x_wconf 85' lang='lat' dir='ltr'><strong><em>sorores</em></strong></span> <span class='ocrx_word' id='word_1_303' title='bbox 811 3322 995 3379; x_wconf 85' lang='lat' dir='ltr'><strong><em>erant,</em></strong></span> <span class='ocrx_word' id='word_1_304' title='bbox 1022 3329 1162 3383; x_wconf 87' lang='lat' dir='ltr'><strong><em>quas</em></strong></span> <span class='ocrx_word' id='word_1_305' title='bbox 1197 3313 1295 3380; x_wconf 90' lang='lat' dir='ltr'><strong><em>illi,</em></strong></span> <span class='ocrx_word' id='word_1_306' title='bbox 1342 3314 1411 3368; x_wconf 89' lang='lat' dir='ltr'><strong><em>de</em></strong></span> <span class='ocrx_word' id='word_1_307' title='bbox 1463 3327 1569 3382; x_wconf 90' lang='lat' dir='ltr'><strong><em>qua</em></strong></span> <span class='ocrx_word' id='word_1_308' title='bbox 1623 3313 1789 3383; x_wconf 90' lang='lat' dir='ltr'><strong><em>paulo</em></strong></span> <span class='ocrx_word' id='word_1_309' title='bbox 1831 3322 1959 3368; x_wconf 88' lang='lat' dir='ltr'><strong><em>ante</em></strong></span> <span class='ocrx_word' id='word_1_310' title='bbox 2000 3312 2146 3372; x_wconf 77' lang='lat' dir='ltr'><strong><em>dixi-</em></strong></span> 
     </span>
    </p>
   </div>
   <div class='ocr_carea' id='block_1_37' title="bbox 559 3404 2142 3475">
    <p class='ocr_par' dir='ltr' id='par_1_37' title="bbox 559 3404 2142 3475">
     <span class='ocr_line' id='line_1_37' title="bbox 559 3404 2142 3475; baseline -0.001 -14"><span class='ocrx_word' id='word_1_311' title='bbox 559 3421 720 3470; x_wconf 85' lang='lat' dir='ltr'><strong><em>mus,</em></strong></span> <span class='ocrx_word' id='word_1_312' title='bbox 780 3404 1206 3460; x_wconf 77' lang='lat' dir='ltr'><strong><em>Manichaeorum</em></strong></span> <span class='ocrx_word' id='word_1_313' title='bbox 1264 3404 1566 3459; x_wconf 84' lang='lat' dir='ltr'><strong><em>calamitati</em></strong></span> <span class='ocrx_word' id='word_1_314' title='bbox 1636 3405 1938 3475; x_wconf 84' lang='lat' dir='ltr'><strong><em>implicitas</em></strong></span> <span class='ocrx_word' id='word_1_315' title='bbox 2015 3421 2142 3461; x_wconf 88' lang='lat' dir='ltr'><strong><em>cum</em></strong></span> 
     </span>
    </p>
   </div>
   <div class='ocr_carea' id='block_1_38' title="bbox 560 3496 2145 3567">
    <p class='ocr_par' dir='ltr' id='par_1_38' title="bbox 560 3496 2145 3567">
     <span class='ocr_line' id='line_1_38' title="bbox 560 3496 2145 3567; baseline 0.002 -15"><span class='ocrx_word' id='word_1_316' title='bbox 560 3497 781 3552; x_wconf 79' lang='lat' dir='ltr'><strong><em>caeteris</em></strong></span> <span class='ocrx_word' id='word_1_317' title='bbox 813 3498 868 3550; x_wconf 90' lang='lat' dir='ltr'><strong><em>in</em></strong></span> <span class='ocrx_word' id='word_1_318' title='bbox 918 3498 1201 3551; x_wconf 87' lang='lat' dir='ltr'><strong><em>custodias</em></strong></span> <span class='ocrx_word' id='word_1_319' title='bbox 1256 3496 1451 3552; x_wconf 89' lang='lat' dir='ltr'><strong><em>abduci</em></strong></span> <span class='ocrx_word' id='word_1_320' title='bbox 1486 3496 1645 3551; x_wconf 85' lang='lat' dir='ltr'><strong><em>bonis</em></strong></span> <span class='ocrx_word' id='word_1_321' title='bbox 1694 3498 1954 3554; x_wconf 88' lang='lat' dir='ltr'><strong><em>omnibus</em></strong></span> <span class='ocrx_word' id='word_1_322' title='bbox 2011 3514 2145 3567; x_wconf 87' lang='lat' dir='ltr'><strong><em>spo-</em></strong></span> 
     </span>
    </p>
   </div>
   <div class='ocr_carea' id='block_1_39' title="bbox 558 3588 2143 3655">
    <p class='ocr_par' dir='ltr' id='par_1_39' title="bbox 558 3588 2143 3655">
     <span class='ocr_line' id='line_1_39' title="bbox 558 3588 2143 3655; baseline 0.001 -13"><span class='ocrx_word' id='word_1_323' title='bbox 558 3588 721 3644; x_wconf 85' lang='lat' dir='ltr'><strong><em>liatas</em></strong></span> <span class='ocrx_word' id='word_1_324' title='bbox 781 3603 1041 3652; x_wconf 86' lang='lat' dir='ltr'><strong><em>cernens,</em></strong></span> <span class='ocrx_word' id='word_1_325' title='bbox 1107 3588 1373 3655; x_wconf 86' lang='lat' dir='ltr'><strong><em>majorem</em></strong></span> <span class='ocrx_word' id='word_1_326' title='bbox 1434 3596 1746 3645; x_wconf 87' lang='lat' dir='ltr'><strong><em>commotus</em></strong></span> <span class='ocrx_word' id='word_1_327' title='bbox 1804 3589 1858 3643; x_wconf 90' lang='lat' dir='ltr'><strong><em>in</em></strong></span> <span class='ocrx_word' id='word_1_328' title='bbox 1918 3590 2143 3644; x_wconf 88' lang='lat' dir='ltr'><strong><em>modum</em></strong></span> 
     </span>
    </p>
   </div>
   <div class='ocr_carea' id='block_1_40' title="bbox 560 3678 2147 3751">
    <p class='ocr_par' dir='ltr' id='par_1_40' title="bbox 560 3678 2147 3751">
     <span class='ocr_line' id='line_1_40' title="bbox 560 3678 2147 3751; baseline 0.002 -18"><span class='ocrx_word' id='word_1_329' title='bbox 560 3686 665 3743; x_wconf 88' lang='lat' dir='ltr'><strong><em>est,</em></strong></span> <span class='ocrx_word' id='word_1_330' title='bbox 699 3678 988 3748; x_wconf 85' lang='lat' dir='ltr'><strong><em>majusque</em></strong></span> <span class='ocrx_word' id='word_1_331' title='bbox 1043 3678 1095 3732; x_wconf 87' lang='lat' dir='ltr'><strong><em>id</em></strong></span> <span class='ocrx_word' id='word_1_332' title='bbox 1128 3680 1332 3732; x_wconf 87' lang='lat' dir='ltr'><strong><em>malum</em></strong></span> <span class='ocrx_word' id='word_1_333' title='bbox 1389 3694 1513 3735; x_wconf 87' lang='lat' dir='ltr'><strong><em>esse</em></strong></span> <span class='ocrx_word' id='word_1_334' title='bbox 1543 3694 1704 3749; x_wconf 87' lang='lat' dir='ltr'><strong><em>quam</em></strong></span> <span class='ocrx_word' id='word_1_335' title='bbox 1740 3688 1800 3735; x_wconf 92' lang='lat' dir='ltr'><strong><em>ut</em></strong></span> <span class='ocrx_word' id='word_1_336' title='bbox 1843 3680 1973 3735; x_wconf 81' lang='lat' dir='ltr'><strong><em>ferri</em></strong></span> <span class='ocrx_word' id='word_1_337' title='bbox 2019 3697 2147 3751; x_wconf 86' lang='lat' dir='ltr'><strong><em>pos-</em></strong></span> 
     </span>
    </p>
   </div>
   <div class='ocr_carea' id='block_1_41' title="bbox 559 3768 2143 3843">
    <p class='ocr_par' dir='ltr' id='par_1_41' title="bbox 559 3768 2143 3843">
     <span class='ocr_line' id='line_1_41' title="bbox 559 3768 2143 3843; baseline 0.003 -19"><span class='ocrx_word' id='word_1_338' title='bbox 559 3777 668 3836; x_wconf 83' lang='lat' dir='ltr'><strong><em>set,</em></strong></span> <span class='ocrx_word' id='word_1_339' title='bbox 726 3770 939 3825; x_wconf 85' lang='lat' dir='ltr'><strong><em>statuit.</em></strong></span> <span class='ocrx_word' id='word_1_340' title='bbox 998 3768 1491 3841; x_wconf 83' lang='lat' dir='ltr'><strong><em>Circumspiciebat</em></strong></span> <span class='ocrx_word' id='word_1_341' title='bbox 1546 3772 1715 3843; x_wconf 79' lang='lat' dir='ltr'><strong><em>igitur</em></strong></span> <span class='ocrx_word' id='word_1_342' title='bbox 1793 3774 2143 3830; x_wconf 86' lang='lat' dir='ltr'><strong><em>occasionem</em></strong></span> 
     </span>
    </p>
   </div>
   <div class='ocr_carea' id='block_1_42' title="bbox 556 3861 2144 3937">
    <p class='ocr_par' dir='ltr' id='par_1_42' title="bbox 556 3861 2144 3937">
     <span class='ocr_line' id='line_1_42' title="bbox 556 3861 2144 3937; baseline 0.004 -21"><span class='ocrx_word' id='word_1_343' title='bbox 556 3861 814 3916; x_wconf 84' lang='lat' dir='ltr'><strong><em>elabendi</em></strong></span> <span class='ocrx_word' id='word_1_344' title='bbox 840 3877 875 3918; x_wconf 80' lang='lat' dir='ltr'><strong><em>.e</em></strong></span> <span class='ocrx_word' id='word_1_345' title='bbox 908 3864 1168 3918; x_wconf 87' lang='lat' dir='ltr'><strong><em>manibus</em></strong></span> <span class='ocrx_word' id='word_1_346' title='bbox 1205 3863 1576 3933; x_wconf 88' lang='lat' dir='ltr'><strong><em>imperatoris.</em></strong></span> <span class='ocrx_word' id='word_1_347' title='bbox 1634 3863 1747 3921; x_wconf 87' lang='lat' dir='ltr'><strong><em>Nec</em></strong></span> <span class='ocrx_word' id='word_1_348' title='bbox 1783 3865 1980 3921; x_wconf 79' lang='lat' dir='ltr'><strong><em>fefellit</em></strong></span> <span class='ocrx_word' id='word_1_349' title='bbox 2023 3867 2144 3937; x_wconf 86' lang='lat' dir='ltr'><strong><em>ejus</em></strong></span> 
     </span>
    </p>
   </div>
   <div class='ocr_carea' id='block_1_43' title="bbox 562 3954 2144 4029">
    <p class='ocr_par' dir='ltr' id='par_1_43' title="bbox 562 3954 2144 4029">
     <span class='ocr_line' id='line_1_43' title="bbox 562 3954 2144 4029; baseline 0.003 -21"><span class='ocrx_word' id='word_1_350' title='bbox 562 3954 850 4023; x_wconf 80' lang='lat' dir='ltr'><strong><em>conjugcm</em></strong></span> <span class='ocrx_word' id='word_1_351' title='bbox 894 3954 1041 4009; x_wconf 83' lang='lat' dir='ltr'><strong><em>haud</em></strong></span> <span class='ocrx_word' id='word_1_352' title='bbox 1076 3954 1262 4009; x_wconf 81' lang='lat' dir='ltr'><strong><em>dubiis</em></strong></span> <span class='ocrx_word' id='word_1_353' title='bbox 1289 3955 1630 4025; x_wconf 83' lang='lat' dir='ltr'><strong><em>deprehensa</em></strong></span> <span class='ocrx_word' id='word_1_354' title='bbox 1669 3958 1841 4029; x_wconf 86' lang='lat' dir='ltr'><strong><em>signis</em></strong></span> <span class='ocrx_word' id='word_1_355' title='bbox 1883 3958 2144 4027; x_wconf 82' lang='lat' dir='ltr'><strong><em>cogitatio</em></strong></span> 
     </span>
    </p>
   </div>
   <div class='ocr_carea' id='block_1_44' title="bbox 565 4046 2145 4118">
    <p class='ocr_par' dir='ltr' id='par_1_44' title="bbox 565 4046 2145 4118">
     <span class='ocr_line' id='line_1_44' title="bbox 565 4046 2145 4118; baseline 0.001 -17"><span class='ocrx_word' id='word_1_356' title='bbox 565 4046 873 4114; x_wconf 80' lang='lat' dir='ltr'><strong><em>trauslugii.</em></strong></span> <span class='ocrx_word' id='word_1_357' title='bbox 900 4048 1027 4101; x_wconf 87' lang='lat' dir='ltr'><strong><em>Adit</em></strong></span> <span class='ocrx_word' id='word_1_358' title='bbox 1062 4063 1188 4101; x_wconf 89' lang='lat' dir='ltr'><strong><em>eum</em></strong></span> <span class='ocrx_word' id='word_1_359' title='bbox 1222 4047 1313 4102; x_wconf 90' lang='lat' dir='ltr'><strong><em>cui</em></strong></span> <span class='ocrx_word' id='word_1_360' title='bbox 1343 4063 1436 4115; x_wconf 90' lang='lat' dir='ltr'><strong><em>per</em></strong></span> <span class='ocrx_word' id='word_1_361' title='bbox 1470 4048 1523 4102; x_wconf 88' lang='lat' dir='ltr'><strong><em>id</em></strong></span> <span class='ocrx_word' id='word_1_362' title='bbox 1560 4058 1774 4118; x_wconf 85' lang='lat' dir='ltr'><strong><em>tempus</em></strong></span> <span class='ocrx_word' id='word_1_363' title='bbox 1807 4047 1968 4118; x_wconf 81' lang='lat'><strong><em>158</em></strong></span> <span class='ocrx_word' id='word_1_364' title='bbox 1995 4064 2145 4104; x_wconf 90' lang='lat' dir='ltr'><strong><em>com-</em></strong></span> 
     </span>
    </p>
   </div>
   <div class='ocr_carea' id='block_1_45' title="bbox 557 4139 2146 4210">
    <p class='ocr_par' dir='ltr' id='par_1_45' title="bbox 557 4139 2146 4210">
     <span class='ocr_line' id='line_1_45' title="bbox 557 4139 2146 4210; baseline 0.001 -16"><span class='ocrx_word' id='word_1_365' title='bbox 557 4141 730 4194; x_wconf 81' lang='lat' dir='ltr'><strong><em>missa</em></strong></span> <span class='ocrx_word' id='word_1_366' title='bbox 777 4139 1104 4209; x_wconf 85' lang='lat' dir='ltr'><strong><em>gubernatio</em></strong></span> <span class='ocrx_word' id='word_1_367' title='bbox 1156 4139 1587 4192; x_wconf 81' lang='lat' dir='ltr'><strong><em>Manichaeorum</em></strong></span> <span class='ocrx_word' id='word_1_368' title='bbox 1636 4147 1778 4203; x_wconf 89' lang='lat' dir='ltr'><strong><em>erat,</em></strong></span> <span class='ocrx_word' id='word_1_369' title='bbox 1830 4141 2019 4210; x_wconf 86' lang='lat' dir='ltr'><strong><em>illique</em></strong></span> <span class='ocrx_word' id='word_1_370' title='bbox 2078 4140 2146 4196; x_wconf 89' lang='lat' dir='ltr'><strong><em>de</em></strong></span> 
     </span>
    </p>
   </div>
   <div class='ocr_carea' id='block_1_46' title="bbox 561 4230 2142 4301">
    <p class='ocr_par' dir='ltr' id='par_1_46' title="bbox 561 4230 2142 4301">
     <span class='ocr_line' id='line_1_46' title="bbox 561 4230 2142 4301; baseline 0.002 -16"><span class='ocrx_word' id='word_1_371' title='bbox 561 4231 683 4286; x_wconf 84' lang='lat' dir='ltr'><strong><em>viro</em></strong></span> <span class='ocrx_word' id='word_1_372' title='bbox 731 4247 834 4287; x_wconf 90' lang='lat' dir='ltr'><strong><em>suo</em></strong></span> <span class='ocrx_word' id='word_1_373' title='bbox 882 4246 1005 4301; x_wconf 65' lang='lat' dir='ltr'><strong><em>quas</em></strong></span> <span class='ocrx_word' id='word_1_374' title='bbox 1041 4240 1205 4284; x_wconf 86' lang='lat' dir='ltr'><strong><em>norat</em></strong></span> <span class='ocrx_word' id='word_1_375' title='bbox 1259 4230 1497 4299; x_wconf 86' lang='lat' dir='ltr'><strong><em>aperuit.</em></strong></span> <span class='ocrx_word' id='word_1_376' title='bbox 1554 4230 1740 4285; x_wconf 84' lang='lat' dir='ltr'><strong><em>Sensit</em></strong></span> <span class='ocrx_word' id='word_1_377' title='bbox 1783 4230 1990 4288; x_wconf 85' lang='lat' dir='ltr'><strong><em>Balbus</em></strong></span> <span class='ocrx_word' id='word_1_378' title='bbox 2027 4248 2142 4289; x_wconf 89' lang='lat' dir='ltr'><strong><em>rem</em></strong></span> 
     </span>
    </p>
   </div>
   <div class='ocr_carea' id='block_1_47' title="bbox 562 4320 2147 4395">
    <p class='ocr_par' dir='ltr' id='par_1_47' title="bbox 562 4320 2147 4395">
     <span class='ocr_line' id='line_1_47' title="bbox 562 4320 2147 4395; baseline 0.003 -20"><span class='ocrx_word' id='word_1_379' title='bbox 562 4323 863 4392; x_wconf 85' lang='lat' dir='ltr'><strong><em>proditam,</em></strong></span> <span class='ocrx_word' id='word_1_380' title='bbox 900 4336 1080 4389; x_wconf 79' lang='lat' dir='ltr'><strong><em>eoque</em></strong></span> <span class='ocrx_word' id='word_1_381' title='bbox 1113 4320 1499 4374; x_wconf 90' lang='lat' dir='ltr'><strong><em>maturandum</em></strong></span> <span class='ocrx_word' id='word_1_382' title='bbox 1549 4332 1705 4377; x_wconf 90' lang='lat' dir='ltr'><strong><em>ratus</em></strong></span> <span class='ocrx_word' id='word_1_383' title='bbox 1740 4323 1999 4378; x_wconf 89' lang='lat' dir='ltr'><strong><em>omnibus</em></strong></span> <span class='ocrx_word' id='word_1_384' title='bbox 2022 4328 2147 4395; x_wconf 76' lang='lat' dir='ltr'><strong><em>qui-</em></strong></span> 
     </span>
    </p>
   </div>
   <div class='ocr_carea' id='block_1_48' title="bbox 562 4412 2150 4484">
    <p class='ocr_par' dir='ltr' id='par_1_48' title="bbox 562 4412 2150 4484">
     <span class='ocr_line' id='line_1_48' title="bbox 562 4412 2150 4484; baseline 0.003 -16"><span class='ocrx_word' id='word_1_385' title='bbox 562 4415 796 4469; x_wconf 83' lang='lat' dir='ltr'><strong><em>buscum</em></strong></span> <span class='ocrx_word' id='word_1_386' title='bbox 828 4413 1061 4467; x_wconf 86' lang='lat' dir='ltr'><strong><em>consilia</em></strong></span> <span class='ocrx_word' id='word_1_387' title='bbox 1117 4412 1447 4477; x_wconf 86' lang='lat' dir='ltr'><strong><em>contulerat,</em></strong></span> <span class='ocrx_word' id='word_1_388' title='bbox 1493 4415 1703 4484; x_wconf 88' lang='lat' dir='ltr'><strong><em>quique</em></strong></span> <span class='ocrx_word' id='word_1_389' title='bbox 1749 4414 1827 4469; x_wconf 88' lang='lat' dir='ltr'><strong><em>illi</em></strong></span> <span class='ocrx_word' id='word_1_390' title='bbox 1887 4416 1972 4470; x_wconf 89' lang='lat' dir='ltr'><strong><em>vel</em></strong></span> <span class='ocrx_word' id='word_1_391' title='bbox 2014 4432 2150 4472; x_wconf 90' lang='lat' dir='ltr'><strong><em>cou-</em></strong></span> 
     </span>
    </p>
   </div>
   <div class='ocr_carea' id='block_1_49' title="bbox 562 4508 2148 4581">
    <p class='ocr_par' dir='ltr' id='par_1_49' title="bbox 562 4508 2148 4581">
     <span class='ocr_line' id='line_1_49' title="bbox 562 4508 2148 4581; baseline 0.004 -18"><span class='ocrx_word' id='word_1_392' title='bbox 562 4508 935 4578; x_wconf 84' lang='lat' dir='ltr'><strong><em>sanguinitate</em></strong></span> <span class='ocrx_word' id='word_1_393' title='bbox 973 4509 1056 4563; x_wconf 79' lang='lat' dir='ltr'><strong><em>vel</em></strong></span> <span class='ocrx_word' id='word_1_394' title='bbox 1084 4508 1188 4562; x_wconf 87' lang='lat' dir='ltr'><strong><em>alia</em></strong></span> <span class='ocrx_word' id='word_1_395' title='bbox 1217 4510 1631 4564; x_wconf 84' lang='lat' dir='ltr'><strong><em>necessitudine</em></strong></span> <span class='ocrx_word' id='word_1_396' title='bbox 1672 4511 1854 4581; x_wconf 89' lang='lat' dir='ltr'><strong><em>juncti</em></strong></span> <span class='ocrx_word' id='word_1_397' title='bbox 1889 4522 2049 4568; x_wconf 88' lang='lat' dir='ltr'><strong><em>erant</em></strong></span> <span class='ocrx_word' id='word_1_398' title='bbox 2078 4513 2148 4569; x_wconf 91' lang='lat' dir='ltr'><strong><em>ad</em></strong></span> 
     </span>
    </p>
   </div>
   <div class='ocr_carea' id='block_1_50' title="bbox 562 4601 2147 4673">
    <p class='ocr_par' dir='ltr' id='par_1_50' title="bbox 562 4601 2147 4673">
     <span class='ocr_line' id='line_1_50' title="bbox 562 4601 2147 4673; baseline 0.004 -17"><span class='ocrx_word' id='word_1_399' title='bbox 562 4616 625 4656; x_wconf 85' lang='lat' dir='ltr'><strong><em>se</em></strong></span> <span class='ocrx_word' id='word_1_400' title='bbox 660 4601 853 4671; x_wconf 90' lang='lat' dir='ltr'><strong><em>raptim</em></strong></span> <span class='ocrx_word' id='word_1_401' title='bbox 874 4602 1190 4656; x_wconf 88' lang='lat' dir='ltr'><strong><em>convocatis</em></strong></span> <span class='ocrx_word' id='word_1_402' title='bbox 1212 4617 1336 4656; x_wconf 92' lang='lat' dir='ltr'><strong><em>cum</em></strong></span> <span class='ocrx_word' id='word_1_403' title='bbox 1365 4603 1433 4657; x_wconf 92' lang='lat' dir='ltr'><strong><em>iis</em></strong></span> <span class='ocrx_word' id='word_1_404' title='bbox 1460 4605 1701 4673; x_wconf 84' lang='lat' dir='ltr'><strong><em>erumpit</em></strong></span> <span class='ocrx_word' id='word_1_405' title='bbox 1724 4612 1778 4660; x_wconf 90' lang='lat' dir='ltr'><strong><em>et</em></strong></span> <span class='ocrx_word' id='word_1_406' title='bbox 1808 4603 2147 4662; x_wconf 88' lang='lat' dir='ltr'><strong><em>Beliatobam</em></strong></span> 
     </span>
    </p>
   </div>
   <div class='ocr_carea' id='block_1_51' title="bbox 564 4692 2144 4763">
    <p class='ocr_par' dir='ltr' id='par_1_51' title="bbox 564 4692 2144 4763">
     <span class='ocr_line' id='line_1_51' title="bbox 564 4692 2144 4763; baseline 0.003 -16"><span class='ocrx_word' id='word_1_407' title='bbox 564 4701 822 4762; x_wconf 88' lang='lat' dir='ltr'><strong><em>occupat.</em></strong></span> <span class='ocrx_word' id='word_1_408' title='bbox 863 4692 1196 4763; x_wconf 82' lang='lat' dir='ltr'><strong><em>Oppidulum</em></strong></span> <span class='ocrx_word' id='word_1_409' title='bbox 1243 4694 1299 4749; x_wconf 88' lang='lat' dir='ltr'><strong><em>id</em></strong></span> <span class='ocrx_word' id='word_1_410' title='bbox 1349 4704 1434 4749; x_wconf 89' lang='lat' dir='ltr'><strong><em>est</em></strong></span> <span class='ocrx_word' id='word_1_411' title='bbox 1478 4696 1588 4750; x_wconf 90' lang='lat' dir='ltr'><strong><em>alto</em></strong></span> <span class='ocrx_word' id='word_1_412' title='bbox 1637 4706 1691 4751; x_wconf 94' lang='lat' dir='ltr'><strong><em>et</em></strong></span> <span class='ocrx_word' id='word_1_413' title='bbox 1745 4697 1956 4752; x_wconf 89' lang='lat' dir='ltr'><strong><em>munito</em></strong></span> <span class='ocrx_word' id='word_1_414' title='bbox 2008 4698 2144 4763; x_wconf 84' lang='lat' dir='ltr'><strong><em>situ,</em></strong></span> 
     </span>
    </p>
   </div>
   <div class='ocr_carea' id='block_1_52' title="bbox 567 4785 2141 4855">
    <p class='ocr_par' dir='ltr' id='par_1_52' title="bbox 567 4785 2141 4855">
     <span class='ocr_line' id='line_1_52' title="bbox 567 4785 2141 4855; baseline 0.005 -16"><span class='ocrx_word' id='word_1_415' title='bbox 567 4786 769 4855; x_wconf 90' lang='lat' dir='ltr'><strong><em>quippe</em></strong></span> <span class='ocrx_word' id='word_1_416' title='bbox 796 4785 1110 4855; x_wconf 90' lang='lat' dir='ltr'><strong><em>impositum</em></strong></span> <span class='ocrx_word' id='word_1_417' title='bbox 1147 4786 1350 4841; x_wconf 89' lang='lat' dir='ltr'><strong><em>montis</em></strong></span> <span class='ocrx_word' id='word_1_418' title='bbox 1383 4787 1597 4851; x_wconf 90' lang='lat' dir='ltr'><strong><em>vertici,</em></strong></span> <span class='ocrx_word' id='word_1_419' title='bbox 1631 4796 1685 4843; x_wconf 91' lang='lat' dir='ltr'><strong><em>et</em></strong></span> <span class='ocrx_word' id='word_1_420' title='bbox 1724 4790 1779 4843; x_wconf 92' lang='lat' dir='ltr'><strong><em>in</em></strong></span> <span class='ocrx_word' id='word_1_421' title='bbox 1833 4791 2141 4846; x_wconf 86' lang='lat' dir='ltr'><strong><em>convallem</em></strong></span> 
     </span>
    </p>
   </div>
   <div class='ocr_carea' id='block_1_53' title="bbox 566 4876 2145 4947">
    <p class='ocr_par' dir='ltr' id='par_1_53' title="bbox 566 4876 2145 4947">
     <span class='ocr_line' id='line_1_53' title="bbox 566 4876 2145 4947; baseline 0.006 -16"><span class='ocrx_word' id='word_1_422' title='bbox 566 4878 690 4932; x_wconf 90' lang='lat' dir='ltr'><strong><em>loco</em></strong></span> <span class='ocrx_word' id='word_1_423' title='bbox 732 4876 1030 4947; x_wconf 87' lang='lat' dir='ltr'><strong><em>subjectam</em></strong></span> <span class='ocrx_word' id='word_1_424' title='bbox 1080 4878 1397 4933; x_wconf 88' lang='lat' dir='ltr'><strong><em>imminens.</em></strong></span> <span class='ocrx_word' id='word_1_425' title='bbox 1445 4878 1779 4935; x_wconf 82' lang='lat' dir='ltr'><strong><em>Invenerunt</em></strong></span> <span class='ocrx_word' id='word_1_426' title='bbox 1839 4898 1934 4938; x_wconf 88' lang='lat' dir='ltr'><strong><em>eas</em></strong></span> <span class='ocrx_word' id='word_1_427' title='bbox 1986 4884 2145 4939; x_wconf 85' lang='lat' dir='ltr'><strong><em>sedes</em></strong></span> 
     </span>
    </p>
   </div>
   <div class='ocr_carea' id='block_1_54' title="bbox 569 4970 2146 5046">
    <p class='ocr_par' dir='ltr' id='par_1_54' title="bbox 569 4970 2146 5046">
     <span class='ocr_line' id='line_1_54' title="bbox 569 4970 2146 5046; baseline 0.005 -23"><span class='ocrx_word' id='word_1_428' title='bbox 569 4970 764 5024; x_wconf 82' lang='lat' dir='ltr'><strong><em>incolis</em></strong></span> <span class='ocrx_word' id='word_1_429' title='bbox 790 4985 1016 5036; x_wconf 83' lang='lat' dir='ltr'><strong><em>vacuas,</em></strong></span> <span class='ocrx_word' id='word_1_430' title='bbox 1051 4986 1229 5041; x_wconf 89' lang='lat' dir='ltr'><strong><em>eoque</em></strong></span> <span class='ocrx_word' id='word_1_431' title='bbox 1266 4983 1524 5040; x_wconf 88' lang='lat' dir='ltr'><strong><em>tauquam</em></strong></span> <span class='ocrx_word' id='word_1_432' title='bbox 1571 4975 1824 5043; x_wconf 87' lang='lat' dir='ltr'><strong><em>proprias</em></strong></span> <span class='ocrx_word' id='word_1_433' title='bbox 1870 4990 2146 5046; x_wconf 67' lang='lat' dir='ltr'><strong><em>occupati.</em></strong></span> 
     </span>
    </p>
   </div>
   <div class='ocr_carea' id='block_1_55' title="bbox 566 5061 2142 5134">
    <p class='ocr_par' dir='ltr' id='par_1_55' title="bbox 566 5061 2142 5134">
     <span class='ocr_line' id='line_1_55' title="bbox 566 5061 2142 5134; baseline 0.004 -18"><span class='ocrx_word' id='word_1_434' title='bbox 566 5068 673 5129; x_wconf 89' lang='lat' dir='ltr'><strong><em>tes,</em></strong></span> <span class='ocrx_word' id='word_1_435' title='bbox 712 5061 947 5134; x_wconf 85' lang='lat' dir='ltr'><strong><em>indeque</em></strong></span> <span class='ocrx_word' id='word_1_436' title='bbox 993 5063 1333 5134; x_wconf 87' lang='lat' dir='ltr'><strong><em>quotidianis</em></strong></span> <span class='ocrx_word' id='word_1_437' title='bbox 1372 5066 1805 5121; x_wconf 81' lang='lat' dir='ltr'><strong><em>excursionibus</em></strong></span> <span class='ocrx_word' id='word_1_438' title='bbox 1848 5068 1969 5122; x_wconf 85' lang='lat' dir='ltr'><strong><em>loca</em></strong></span> <span class='ocrx_word' id='word_1_439' title='bbox 2017 5069 2142 5123; x_wconf 87' lang='lat' dir='ltr'><strong><em>lini-</em></strong></span> 
     </span>
    </p>
   </div>
   <div class='ocr_carea' id='block_1_56' title="bbox 2330 1573 3793 1645">
    <p class='ocr_par' dir='ltr' id='par_1_56' title="bbox 2330 1573 3793 1645">
     <span class='ocr_line' id='line_1_56' title="bbox 2330 1573 3793 1645; baseline 0.001 -19"><span class='ocrx_word' id='word_1_440' title='bbox 2330 1574 2423 1627; x_wconf 84' lang='grc' dir='ltr'>Ἐν</span> <span class='ocrx_word' id='word_1_441' title='bbox 2464 1573 2673 1637; x_wconf 78' lang='grc' dir='ltr'><strong><em>τούτοις</em></strong></span> <span class='ocrx_word' id='word_1_442' title='bbox 2708 1573 2971 1643; x_wconf 75' lang='grc' dir='ltr'>ἐπιϐουλὴ</span> <span class='ocrx_word' id='word_1_443' title='bbox 3022 1574 3090 1627; x_wconf 84' lang='grc' dir='ltr'><strong><em>ἀν</em></strong></span> <span class='ocrx_word' id='word_1_444' title='bbox 3133 1573 3309 1644; x_wconf 80' lang='grc' dir='ltr'><strong>ἐφάνη</strong></span> <span class='ocrx_word' id='word_1_445' title='bbox 3328 1574 3374 1606; x_wconf 71' lang='grc'><strong><em>³⁷</em></strong></span> <span class='ocrx_word' id='word_1_446' title='bbox 3404 1573 3516 1645; x_wconf 88' lang='lat'><strong><em>(79)</em></strong></span> <span class='ocrx_word' id='word_1_447' title='bbox 3548 1575 3682 1629; x_wconf 84' lang='grc' dir='ltr'>κατὰ</span> <span class='ocrx_word' id='word_1_448' title='bbox 3712 1574 3793 1628; x_wconf 82' lang='grc' dir='ltr'><strong><em>τοῦ</em></strong></span> 
     </span>
    </p>
   </div>
   <div class='ocr_carea' id='block_1_57' title="bbox 2242 1666 3794 1739">
    <p class='ocr_par' dir='ltr' id='par_1_57' title="bbox 2242 1666 3794 1739">
     <span class='ocr_line' id='line_1_57' title="bbox 2242 1666 3794 1739; baseline -0.002 -18"><span class='ocrx_word' id='word_1_449' title='bbox 2242 1667 2669 1738; x_wconf 83' lang='grc' dir='ltr'><strong><em>αὐτοκράτορος,</em></strong></span> <span class='ocrx_word' id='word_1_450' title='bbox 2723 1666 3075 1739; x_wconf 80' lang='grc' dir='ltr'>μελετωμένη</span> <span class='ocrx_word' id='word_1_451' title='bbox 3113 1667 3266 1738; x_wconf 87' lang='grc' dir='ltr'>παρά</span> <span class='ocrx_word' id='word_1_452' title='bbox 3309 1684 3371 1720; x_wconf 88' lang='grc' dir='ltr'><strong><em>τε</em></strong></span> <span class='ocrx_word' id='word_1_453' title='bbox 3406 1667 3514 1720; x_wconf 85' lang='grc' dir='ltr'><strong><em>τῶν</em></strong></span> <span class='ocrx_word' id='word_1_454' title='bbox 3544 1668 3638 1738; x_wconf 85' lang='grc' dir='ltr'>τῆς</span> <span class='ocrx_word' id='word_1_455' title='bbox 3681 1684 3794 1736; x_wconf 86' lang='grc' dir='ltr'>συγ-</span> 
     </span>
    </p>
   </div>
   <div class='ocr_carea' id='block_1_58' title="bbox 2242 1758 3795 1830">
    <p class='ocr_par' dir='ltr' id='par_1_58' title="bbox 2242 1758 3795 1830">
     <span class='ocr_line' id='line_1_58' title="bbox 2242 1758 3795 1830; baseline -0.003 -17"><span class='ocrx_word' id='word_1_456' title='bbox 2242 1758 2446 1830; x_wconf 85' lang='grc' dir='ltr'>κλήτου</span> <span class='ocrx_word' id='word_1_457' title='bbox 2476 1758 2744 1828; x_wconf 87' lang='grc' dir='ltr'>λογάδων,</span> <span class='ocrx_word' id='word_1_458' title='bbox 2779 1760 2875 1813; x_wconf 74' lang='grc' dir='ltr'>καὶ</span> <span class='ocrx_word' id='word_1_459' title='bbox 2903 1760 3012 1813; x_wconf 83' lang='grc' dir='ltr'>τῶν</span> <span class='ocrx_word' id='word_1_460' title='bbox 3050 1758 3145 1813; x_wconf 80' lang='grc' dir='ltr'>τοῦ</span> <span class='ocrx_word' id='word_1_461' title='bbox 3188 1758 3426 1828; x_wconf 86' lang='grc' dir='ltr'>στρατού</span> <span class='ocrx_word' id='word_1_462' title='bbox 3473 1760 3795 1829; x_wconf 80' lang='grc' dir='ltr'>κορυφαίων·</span> 
     </span>
    </p>
   </div>
   <div class='ocr_carea' id='block_1_59' title="bbox 2243 1849 3798 1922">
    <p class='ocr_par' dir='ltr' id='par_1_59' title="bbox 2243 1849 3798 1922">
     <span class='ocr_line' id='line_1_59' title="bbox 2243 1849 3798 1922; baseline -0.001 -17"><span class='ocrx_word' id='word_1_463' title='bbox 2243 1853 2337 1906; x_wconf 73' lang='grc' dir='ltr'>καὶ</span> <span class='ocrx_word' id='word_1_464' title='bbox 2368 1851 2671 1922; x_wconf 82' lang='grc' dir='ltr'>διεμηνύθη</span> <span class='ocrx_word' id='word_1_465' title='bbox 2721 1851 3026 1922; x_wconf 79' lang='grc' dir='ltr'>τηνικαῦτα</span> <span class='ocrx_word' id='word_1_466' title='bbox 3059 1849 3141 1922; x_wconf 86' lang='grc' dir='ltr'>τῷ</span> <span class='ocrx_word' id='word_1_467' title='bbox 3191 1850 3581 1921; x_wconf 83' lang='grc' dir='ltr'>αὐτοκράτορι.</span> <span class='ocrx_word' id='word_1_468' title='bbox 3621 1852 3720 1904; x_wconf 78' lang='grc' dir='ltr'><strong><em>Καὶ</em></strong></span> <span class='ocrx_word' id='word_1_469' title='bbox 3756 1852 3798 1903; x_wconf 85' lang='lat' dir='ltr'><strong><em>oi</em></strong></span> 
     </span>
    </p>
   </div>
   <div class='ocr_carea' id='block_1_60' title="bbox 2246 1943 3800 2016">
    <p class='ocr_par' dir='ltr' id='par_1_60' title="bbox 2246 1943 3800 2016">
     <span class='ocr_line' id='line_1_60' title="bbox 2246 1943 3800 2016; baseline -0.002 -18"><span class='ocrx_word' id='word_1_470' title='bbox 2246 1946 2547 2016; x_wconf 83' lang='grc' dir='ltr'>κατήγοροι</span> <span class='ocrx_word' id='word_1_471' title='bbox 2563 1943 2945 2014; x_wconf 80' lang='grc' dir='ltr'>παρέστησαν,</span> <span class='ocrx_word' id='word_1_472' title='bbox 2975 1943 3211 2007; x_wconf 75' lang='grc' dir='ltr'>καὶτοὺς</span> <span class='ocrx_word' id='word_1_473' title='bbox 3246 1944 3576 2013; x_wconf 82' lang='grc' dir='ltr'>συνίστορας</span> <span class='ocrx_word' id='word_1_474' title='bbox 3596 1943 3690 2013; x_wconf 83' lang='grc' dir='ltr'>τῆς</span> <span class='ocrx_word' id='word_1_475' title='bbox 3708 1961 3800 1996; x_wconf 69' lang='grc' dir='ltr'>τοι·</span> 
     </span>
    </p>
   </div>
   <div class='ocr_carea' id='block_1_61' title="bbox 2246 2034 3803 2107">
    <p class='ocr_par' dir='ltr' id='par_1_61' title="bbox 2246 2034 3803 2107">
     <span class='ocr_line' id='line_1_61' title="bbox 2246 2034 3803 2107; baseline -0.003 -17"><span class='ocrx_word' id='word_1_476' title='bbox 2246 2036 2418 2107; x_wconf 82' lang='grc' dir='ltr'>αύτης</span> <span class='ocrx_word' id='word_1_477' title='bbox 2468 2034 2668 2106; x_wconf 80' lang='grc' dir='ltr'>βουλῆς</span> <span class='ocrx_word' id='word_1_478' title='bbox 2705 2035 3018 2107; x_wconf 72' lang='grc' dir='ltr'>ἐξήλεγχον.</span> <span class='ocrx_word' id='word_1_479' title='bbox 3071 2035 3339 2106; x_wconf 73' lang='grc' dir='ltr'>Ἐκδήλου</span> <span class='ocrx_word' id='word_1_480' title='bbox 3367 2035 3425 2088; x_wconf 83' lang='grc' dir='ltr'>δὲ</span> <span class='ocrx_word' id='word_1_481' title='bbox 3467 2035 3563 2106; x_wconf 80' lang='grc' dir='ltr'><strong><em>τῆς</em></strong></span> <span class='ocrx_word' id='word_1_482' title='bbox 3601 2034 3803 2103; x_wconf 69' lang='grc' dir='ltr'>μελέτης</span> 
     </span>
    </p>
   </div>
   <div class='ocr_carea' id='block_1_62' title="bbox 2245 2126 3806 2200">
    <p class='ocr_par' dir='ltr' id='par_1_62' title="bbox 2245 2126 3806 2200">
     <span class='ocr_line' id='line_1_62' title="bbox 2245 2126 3806 2200; baseline -0.004 -17"><span class='ocrx_word' id='word_1_483' title='bbox 2245 2129 2346 2200; x_wconf 75' lang='grc' dir='ltr'><strong><em>ήδη</em></strong></span> <span class='ocrx_word' id='word_1_484' title='bbox 2373 2128 2685 2199; x_wconf 77' lang='grc' dir='ltr'><strong><em>γεγονυίας,</em></strong></span> <span class='ocrx_word' id='word_1_485' title='bbox 2715 2128 2811 2181; x_wconf 70' lang='grc' dir='ltr'>καὶ</span> <span class='ocrx_word' id='word_1_486' title='bbox 2837 2129 2939 2198; x_wconf 81' lang='grc' dir='ltr'>τῆς</span> <span class='ocrx_word' id='word_1_487' title='bbox 2970 2128 3079 2182; x_wconf 81' lang='grc' dir='ltr'>ἀπὸ</span> <span class='ocrx_word' id='word_1_488' title='bbox 3100 2127 3261 2199; x_wconf 65' lang='lat' dir='ltr'><strong><em>coiit”</em></strong></span> <span class='ocrx_word' id='word_1_489' title='bbox 3299 2127 3475 2197; x_wconf 68' lang='grc' dir='ltr'>δόμων</span> <span class='ocrx_word' id='word_1_490' title='bbox 3506 2127 3684 2197; x_wconf 82' lang='grc' dir='ltr'>ποινῆς</span> <span class='ocrx_word' id='word_1_491' title='bbox 3703 2126 3806 2178; x_wconf 84' lang='grc' dir='ltr'>κατ’</span> 
     </span>
    </p>
   </div>
   <div class='ocr_carea' id='block_1_63' title="bbox 2245 2218 3808 2295">
    <p class='ocr_par' dir='ltr' id='par_1_63' title="bbox 2245 2218 3808 2295">
     <span class='ocr_line' id='line_1_63' title="bbox 2245 2218 3808 2295; baseline -0.006 -17"><span class='ocrx_word' id='word_1_492' title='bbox 2245 2225 2425 2278; x_wconf 85' lang='grc' dir='ltr'>αὐτῶν</span> <span class='ocrx_word' id='word_1_493' title='bbox 2462 2222 2685 2295; x_wconf 82' lang='grc' dir='ltr'>βαρείας</span> <span class='ocrx_word' id='word_1_494' title='bbox 2717 2221 3134 2293; x_wconf 67' lang='grc' dir='ltr'><strong><em>ἐπερχομένης,</em></strong></span> <span class='ocrx_word' id='word_1_495' title='bbox 3176 2222 3205 2275; x_wconf 86' lang='grc' dir='ltr'><strong>ὁ</strong></span> <span class='ocrx_word' id='word_1_496' title='bbox 3237 2222 3598 2293; x_wconf 75' lang='grc' dir='ltr'>αὐτοκράτωρ</span> <span class='ocrx_word' id='word_1_497' title='bbox 3640 2218 3808 2288; x_wconf 77' lang='grc' dir='ltr'>ποινὴν</span> 
     </span>
    </p>
   </div>
   <div class='ocr_carea' id='block_1_64' title="bbox 2251 2312 3810 2387">
    <p class='ocr_par' dir='ltr' id='par_1_64' title="bbox 2251 2312 3810 2387">
     <span class='ocr_line' id='line_1_64' title="bbox 2251 2312 3810 2387; baseline -0.005 -18"><span class='ocrx_word' id='word_1_498' title='bbox 2251 2316 2350 2387; x_wconf 74' lang='grc' dir='ltr'>μὲν</span> <span class='ocrx_word' id='word_1_499' title='bbox 2376 2314 2628 2386; x_wconf 80' lang='grc' dir='ltr'>οὐδαμῶς</span> <span class='ocrx_word' id='word_1_500' title='bbox 2646 2314 2963 2382; x_wconf 74' lang='grc' dir='ltr'><strong><em>ἐπενεγκεῖν</em></strong></span> <span class='ocrx_word' id='word_1_501' title='bbox 2988 2315 3173 2377; x_wconf 85' lang='grc' dir='ltr'>αὐτοῖς</span> <span class='ocrx_word' id='word_1_502' title='bbox 3196 2314 3609 2384; x_wconf 81' lang='grc' dir='ltr'>προτεθύμητο,</span> <span class='ocrx_word' id='word_1_503' title='bbox 3628 2312 3810 2381; x_wconf 76' lang='grc' dir='ltr'>δήμευ-</span> 
     </span>
    </p>
   </div>
   <div class='ocr_carea' id='block_1_65' title="bbox 2248 2404 3810 2479">
    <p class='ocr_par' dir='ltr' id='par_1_65' title="bbox 2248 2404 3810 2479">
     <span class='ocr_line' id='line_1_65' title="bbox 2248 2404 3810 2479; baseline -0.004 -18"><span class='ocrx_word' id='word_1_504' title='bbox 2248 2425 2333 2461; x_wconf 93' lang='grc' dir='ltr'><strong><em>σιν</em></strong></span> <span class='ocrx_word' id='word_1_505' title='bbox 2363 2407 2420 2461; x_wconf 83' lang='grc' dir='ltr'>δὲ</span> <span class='ocrx_word' id='word_1_506' title='bbox 2460 2408 2622 2479; x_wconf 89' lang='grc' dir='ltr'>μόνον</span> <span class='ocrx_word' id='word_1_507' title='bbox 2668 2407 2764 2461; x_wconf 76' lang='grc' dir='ltr'>καὶ</span> <span class='ocrx_word' id='word_1_508' title='bbox 2790 2406 3152 2478; x_wconf 81' lang='grc' dir='ltr'>περιορισμὸν</span> <span class='ocrx_word' id='word_1_509' title='bbox 3181 2407 3335 2462; x_wconf 82' lang='grc' dir='ltr'><strong><em>κατά</em></strong></span> <span class='ocrx_word' id='word_1_510' title='bbox 3361 2407 3473 2459; x_wconf 84' lang='grc' dir='ltr'><strong><em>τῶν</em></strong></span> <span class='ocrx_word' id='word_1_511' title='bbox 3496 2404 3810 2476; x_wconf 84' lang='grc' dir='ltr'>πρωταιτίων</span> 
     </span>
    </p>
   </div>
   <div class='ocr_carea' id='block_1_66' title="bbox 2247 2498 3811 2572">
    <p class='ocr_par' dir='ltr' id='par_1_66' title="bbox 2247 2498 3811 2572">
     <span class='ocr_line' id='line_1_66' title="bbox 2247 2498 3811 2572; baseline -0.005 -18"><span class='ocrx_word' id='word_1_512' title='bbox 2247 2500 2590 2569; x_wconf 80' lang='grc' dir='ltr'>ἀπεφήνατο,</span> <span class='ocrx_word' id='word_1_513' title='bbox 2622 2499 2719 2554; x_wconf 65' lang='grc' dir='ltr'>καὶ</span> <span class='ocrx_word' id='word_1_514' title='bbox 2757 2499 2920 2572; x_wconf 87' lang='grc' dir='ltr'>μέχρι</span> <span class='ocrx_word' id='word_1_515' title='bbox 2948 2500 3143 2553; x_wconf 87' lang='grc' dir='ltr'>τούτου</span> <span class='ocrx_word' id='word_1_516' title='bbox 3167 2500 3277 2570; x_wconf 81' lang='grc' dir='ltr'>τὴν</span> <span class='ocrx_word' id='word_1_517' title='bbox 3303 2500 3406 2571; x_wconf 83' lang='grc' dir='ltr'>τῆς</span> <span class='ocrx_word' id='word_1_518' title='bbox 3432 2499 3681 2567; x_wconf 83' lang='grc' dir='ltr'>τοιαύτης</span> <span class='ocrx_word' id='word_1_519' title='bbox 3706 2498 3811 2547; x_wconf 78' lang='grc' dir='ltr'>ἑπι-</span> 
     </span>
    </p>
   </div>
   <div class='ocr_carea' id='block_1_67' title="bbox 2248 2589 3811 2663">
    <p class='ocr_par' dir='ltr' id='par_1_67' title="bbox 2248 2589 3811 2663">
     <span class='ocr_line' id='line_1_67' title="bbox 2248 2589 3811 2663; baseline -0.003 -19"><span class='ocrx_word' id='word_1_520' title='bbox 2248 2592 2447 2660; x_wconf 74' lang='grc' dir='ltr'>σουλῆς</span> <span class='ocrx_word' id='word_1_521' title='bbox 2472 2590 2821 2656; x_wconf 79' lang='grc' dir='ltr'>ὲπεξέλευσιν</span> <span class='ocrx_word' id='word_1_522' title='bbox 2848 2591 3098 2661; x_wconf 73' lang='grc' dir='ltr'>ἔστησεν.</span> <span class='ocrx_word' id='word_1_523' title='bbox 3144 2591 3317 2646; x_wconf 82' lang='grc' dir='ltr'>Ἀλλά</span> <span class='ocrx_word' id='word_1_524' title='bbox 3342 2592 3456 2663; x_wconf 72' lang='grc' dir='ltr'><strong><em>γὰρ</em></strong></span> <span class='ocrx_word' id='word_1_525' title='bbox 3480 2592 3509 2643; x_wconf 89' lang='grc' dir='ltr'><strong>ὀ</strong></span> <span class='ocrx_word' id='word_1_526' title='bbox 3531 2591 3677 2657; x_wconf 85' lang='grc' dir='ltr'>λόγος</span> <span class='ocrx_word' id='word_1_527' title='bbox 3699 2589 3811 2640; x_wconf 80' lang='grc' dir='ltr'>ἀνα-</span> 
     </span>
    </p>
   </div>
   <div class='ocr_carea' id='block_1_68' title="bbox 2246 2680 3809 2757">
    <p class='ocr_par' dir='ltr' id='par_1_68' title="bbox 2246 2680 3809 2757">
     <span class='ocr_line' id='line_1_68' title="bbox 2246 2680 3809 2757; baseline -0.004 -20"><span class='ocrx_word' id='word_1_528' title='bbox 2246 2685 2491 2756; x_wconf 85' lang='grc' dir='ltr'>τρεχέτω</span> <span class='ocrx_word' id='word_1_529' title='bbox 2520 2684 2644 2737; x_wconf 85' lang='grc' dir='ltr'>ὅθεν</span> <span class='ocrx_word' id='word_1_530' title='bbox 2664 2686 2711 2719; x_wconf 72' lang='grc' dir='ltr'>θ’</span> <span class='ocrx_word' id='word_1_531' title='bbox 2751 2683 3028 2757; x_wconf 74' lang='grc' dir='ltr'>ἀπερρύη.</span> <span class='ocrx_word' id='word_1_532' title='bbox 3076 2683 3365 2754; x_wconf 85' lang='grc' dir='ltr'>Ὀπηνίκα</span> <span class='ocrx_word' id='word_1_533' title='bbox 3408 2684 3438 2737; x_wconf 83' lang='grc' dir='ltr'>ὁ</span> <span class='ocrx_word' id='word_1_534' title='bbox 3489 2680 3809 2753; x_wconf 81' lang='grc' dir='ltr'>αὐτοκράτωρ</span> 
     </span>
    </p>
   </div>
   <div class='ocr_carea' id='block_1_69' title="bbox 2250 2772 3810 2848">
    <p class='ocr_par' dir='ltr' id='par_1_69' title="bbox 2250 2772 3810 2848">
     <span class='ocr_line' id='line_1_69' title="bbox 2250 2772 3810 2848; baseline -0.004 -18"><span class='ocrx_word' id='word_1_535' title='bbox 2250 2778 2332 2840; x_wconf 87' lang='grc' dir='ltr'><strong><em>είς</em></strong></span> <span class='ocrx_word' id='word_1_536' title='bbox 2367 2775 2468 2848; x_wconf 79' lang='grc' dir='ltr'><strong><em>τὴν</em></strong></span> <span class='ocrx_word' id='word_1_537' title='bbox 2517 2775 2611 2830; x_wconf 82' lang='grc' dir='ltr'>τοῦ</span> <span class='ocrx_word' id='word_1_538' title='bbox 2654 2776 3051 2847; x_wconf 85' lang='grc' dir='ltr'>δομεστικάτου</span> <span class='ocrx_word' id='word_1_539' title='bbox 3089 2775 3203 2847; x_wconf 91' lang='grc'><strong><em>(80)</em></strong></span> <span class='ocrx_word' id='word_1_540' title='bbox 3258 2776 3429 2842; x_wconf 82' lang='grc' dir='ltr'>ἀξίαν</span> <span class='ocrx_word' id='word_1_541' title='bbox 3479 2774 3625 2847; x_wconf 80' lang='grc' dir='ltr'>παρὰ</span> <span class='ocrx_word' id='word_1_542' title='bbox 3664 2772 3810 2840; x_wconf 76' lang='grc' dir='ltr'>Νικη-</span> 
     </span>
    </p>
   </div>
   <div class='ocr_carea' id='block_1_70' title="bbox 2252 2866 3818 2939">
    <p class='ocr_par' dir='ltr' id='par_1_70' title="bbox 2252 2866 3818 2939">
     <span class='ocr_line' id='line_1_70' title="bbox 2252 2866 3818 2939; baseline -0.004 -18"><span class='ocrx_word' id='word_1_543' title='bbox 2252 2868 2420 2939; x_wconf 80' lang='grc' dir='ltr'>φόρου</span> <span class='ocrx_word' id='word_1_544' title='bbox 2477 2866 2571 2921; x_wconf 77' lang='grc' dir='ltr'><strong><em>τοῦ</em></strong></span> <span class='ocrx_word' id='word_1_545' title='bbox 2621 2868 2984 2922; x_wconf 86' lang='grc' dir='ltr'>Βοτανειάτου</span> <span class='ocrx_word' id='word_1_546' title='bbox 3043 2867 3327 2939; x_wconf 79' lang='grc' dir='ltr'><strong><em>ἀνηνέχθη</em></strong></span> <span class='ocrx_word' id='word_1_547' title='bbox 3355 2910 3370 2935; x_wconf 94' lang='grc'><strong><em>,</em></strong></span> <span class='ocrx_word' id='word_1_548' title='bbox 3426 2866 3655 2938; x_wconf 84' lang='grc' dir='ltr'>τραυλόν</span> <span class='ocrx_word' id='word_1_549' title='bbox 3712 2879 3818 2916; x_wconf 85' lang='grc' dir='ltr'>τινα</span> 
     </span>
    </p>
   </div>
   <div class='ocr_carea' id='block_1_71' title="bbox 2250 2953 3817 3031">
    <p class='ocr_par' dir='ltr' id='par_1_71' title="bbox 2250 2953 3817 3031">
     <span class='ocr_line' id='line_1_71' title="bbox 2250 2953 3817 3031; baseline -0.004 -18"><span class='ocrx_word' id='word_1_550' title='bbox 2250 2960 2552 3031; x_wconf 84' lang='grc' dir='ltr'>Μανιχαῖον</span> <span class='ocrx_word' id='word_1_551' title='bbox 2588 2958 3035 3030; x_wconf 72' lang='grc' dir='ltr'>προσλαϐόμενος</span> <span class='ocrx_word' id='word_1_552' title='bbox 3081 2962 3227 3030; x_wconf 86' lang='grc' dir='ltr'><strong><em>μετά</em></strong></span> <span class='ocrx_word' id='word_1_553' title='bbox 3258 2961 3375 3014; x_wconf 87' lang='grc' dir='ltr'><strong><em>τῶν</em></strong></span> <span class='ocrx_word' id='word_1_554' title='bbox 3415 2961 3650 3031; x_wconf 83' lang='grc' dir='ltr'>γνησίων</span> <span class='ocrx_word' id='word_1_555' title='bbox 3673 2953 3817 3011; x_wconf 86' lang='grc' dir='ltr'>αὐτοῦ</span> 
     </span>
    </p>
   </div>
   <div class='ocr_carea' id='block_1_72' title="bbox 2251 3045 3822 3121">
    <p class='ocr_par' dir='ltr' id='par_1_72' title="bbox 2251 3045 3822 3121">
     <span class='ocr_line' id='line_1_72' title="bbox 2251 3045 3822 3121; baseline -0.004 -19"><span class='ocrx_word' id='word_1_556' title='bbox 2251 3049 2599 3121; x_wconf 83' lang='grc' dir='ltr'>θεραπόντων</span> <span class='ocrx_word' id='word_1_557' title='bbox 2644 3045 3042 3117; x_wconf 77' lang='grc' dir='ltr'>συγκατέλεξε,</span> <span class='ocrx_word' id='word_1_558' title='bbox 3071 3049 3167 3103; x_wconf 76' lang='grc' dir='ltr'>καὶ</span> <span class='ocrx_word' id='word_1_559' title='bbox 3200 3050 3319 3113; x_wconf 57' lang='grc' dir='ltr'>τοῦ,</span> <span class='ocrx_word' id='word_1_560' title='bbox 3352 3051 3504 3105; x_wconf 81' lang='grc' dir='ltr'>θείου</span> <span class='ocrx_word' id='word_1_561' title='bbox 3538 3046 3822 3121; x_wconf 80' lang='grc' dir='ltr'>βαπτίσμα-</span> 
     </span>
    </p>
   </div>
   <div class='ocr_carea' id='block_1_73' title="bbox 2248 3137 3825 3213">
    <p class='ocr_par' dir='ltr' id='par_1_73' title="bbox 2248 3137 3825 3213">
     <span class='ocr_line' id='line_1_73' title="bbox 2248 3137 3825 3213; baseline -0.003 -20"><span class='ocrx_word' id='word_1_562' title='bbox 2248 3157 2341 3203; x_wconf 86' lang='grc' dir='ltr'>τος</span> <span class='ocrx_word' id='word_1_563' title='bbox 2385 3140 2647 3206; x_wconf 79' lang='grc' dir='ltr'>ἀξιώσας,</span> <span class='ocrx_word' id='word_1_564' title='bbox 2691 3141 2792 3211; x_wconf 81' lang='grc' dir='ltr'><strong><em>μιᾷ</em></strong></span> <span class='ocrx_word' id='word_1_565' title='bbox 2838 3139 2948 3194; x_wconf 87' lang='grc' dir='ltr'><strong><em>τῶν</em></strong></span> <span class='ocrx_word' id='word_1_566' title='bbox 2991 3139 3092 3210; x_wconf 82' lang='grc' dir='ltr'>τῆς</span> <span class='ocrx_word' id='word_1_567' title='bbox 3128 3142 3420 3210; x_wconf 76' lang='grc' dir='ltr'>βασιλίδος</span> <span class='ocrx_word' id='word_1_568' title='bbox 3453 3137 3825 3213; x_wconf 82' lang='grc' dir='ltr'>θεραπαινίδων</span> 
     </span>
    </p>
   </div>
   <div class='ocr_carea' id='block_1_74' title="bbox 2252 3224 3825 3303">
    <p class='ocr_par' dir='ltr' id='par_1_74' title="bbox 2252 3224 3825 3303">
     <span class='ocr_line' id='line_1_74' title="bbox 2252 3224 3825 3303; baseline 0.002 -17"><span class='ocrx_word' id='word_1_569' title='bbox 2252 3231 2595 3297; x_wconf 79' lang='grc' dir='ltr'>συνέζευξεν.</span> <span class='ocrx_word' id='word_1_570' title='bbox 2632 3224 2805 3294; x_wconf 77' lang='grc' dir='ltr'>Οὗτος</span> <span class='ocrx_word' id='word_1_571' title='bbox 2836 3228 2930 3286; x_wconf 84' lang='grc' dir='ltr'>οὖν</span> <span class='ocrx_word' id='word_1_572' title='bbox 2975 3232 3264 3303; x_wconf 82' lang='grc' dir='ltr'>τέσσαρας</span> <span class='ocrx_word' id='word_1_573' title='bbox 3308 3233 3554 3303; x_wconf 78' lang='grc' dir='ltr'>ἀδελφὰς</span> <span class='ocrx_word' id='word_1_574' title='bbox 3592 3231 3740 3303; x_wconf 72' lang='grc' dir='ltr'>ἔχων,</span> <span class='ocrx_word' id='word_1_575' title='bbox 3764 3227 3825 3289; x_wconf 79' lang='grc' dir='ltr'>ὡς</span> 
     </span>
    </p>
   </div>
   <div class='ocr_carea' id='block_1_75' title="bbox 2253 3324 3826 3395">
    <p class='ocr_par' dir='ltr' id='par_1_75' title="bbox 2253 3324 3826 3395">
     <span class='ocr_line' id='line_1_75' title="bbox 2253 3324 3826 3395; baseline -0.003 -18"><span class='ocrx_word' id='word_1_576' title='bbox 2253 3324 2459 3387; x_wconf 87' lang='grc' dir='ltr'>ταύτας</span> <span class='ocrx_word' id='word_1_577' title='bbox 2500 3324 2856 3395; x_wconf 75' lang='grc' dir='ltr'>ἐμφρούρους</span> <span class='ocrx_word' id='word_1_578' title='bbox 2886 3324 3026 3395; x_wconf 84' lang='grc' dir='ltr'>μετὰ</span> <span class='ocrx_word' id='word_1_579' title='bbox 3057 3324 3163 3378; x_wconf 87' lang='grc' dir='ltr'><strong><em>τῶν</em></strong></span> <span class='ocrx_word' id='word_1_580' title='bbox 3201 3326 3420 3380; x_wconf 83' lang='grc' dir='ltr'>λοιπῶν</span> <span class='ocrx_word' id='word_1_581' title='bbox 3450 3326 3571 3380; x_wconf 80' lang='grc' dir='ltr'>τότε</span> <span class='ocrx_word' id='word_1_582' title='bbox 3611 3337 3826 3376; x_wconf 83' lang='grc' dir='ltr'>συναπα-</span> 
     </span>
    </p>
   </div>
   <div class='ocr_carea' id='block_1_76' title="bbox 2252 3413 3829 3489">
    <p class='ocr_par' dir='ltr' id='par_1_76' title="bbox 2252 3413 3829 3489">
     <span class='ocr_line' id='line_1_76' title="bbox 2252 3413 3829 3489; baseline -0.004 -18"><span class='ocrx_word' id='word_1_583' title='bbox 2252 3417 2475 3488; x_wconf 86' lang='grc' dir='ltr'>χθείσας</span> <span class='ocrx_word' id='word_1_584' title='bbox 2525 3417 2823 3483; x_wconf 75' lang='grc' dir='ltr'>ἐθεάσατο,</span> <span class='ocrx_word' id='word_1_585' title='bbox 2876 3417 2946 3473; x_wconf 83' lang='grc' dir='ltr'><strong><em>τά</em></strong></span> <span class='ocrx_word' id='word_1_586' title='bbox 3001 3435 3061 3471; x_wconf 86' lang='grc' dir='ltr'><strong><em>τε</em></strong></span> <span class='ocrx_word' id='word_1_587' title='bbox 3110 3419 3405 3489; x_wconf 84' lang='grc' dir='ltr'>προσόντα</span> <span class='ocrx_word' id='word_1_588' title='bbox 3463 3413 3829 3489; x_wconf 77' lang='grc' dir='ltr'>ἀφαιρεθείσας</span> 
     </span>
    </p>
   </div>
   <div class='ocr_carea' id='block_1_77' title="bbox 2251 3508 3830 3586">
    <p class='ocr_par' dir='ltr' id='par_1_77' title="bbox 2251 3508 3830 3586">
     <span class='ocr_line' id='line_1_77' title="bbox 2251 3508 3830 3586; baseline -0.004 -20"><span class='ocrx_word' id='word_1_589' title='bbox 2251 3512 2489 3576; x_wconf 65' lang='grc' dir='ltr'>ἅπαντα,</span> <span class='ocrx_word' id='word_1_590' title='bbox 2535 3510 2734 3581; x_wconf 78' lang='grc' dir='ltr'>ἤχθετο</span> <span class='ocrx_word' id='word_1_591' title='bbox 2762 3509 2857 3563; x_wconf 75' lang='grc' dir='ltr'>καὶ</span> <span class='ocrx_word' id='word_1_592' title='bbox 2890 3508 3081 3580; x_wconf 87' lang='grc' dir='ltr'>φέρειν</span> <span class='ocrx_word' id='word_1_593' title='bbox 3109 3511 3217 3565; x_wconf 90' lang='grc' dir='ltr'><strong><em>οὐκ</em></strong></span> <span class='ocrx_word' id='word_1_594' title='bbox 3251 3508 3437 3586; x_wconf 72' lang='grc' dir='ltr'>εἶχεν,</span> <span class='ocrx_word' id='word_1_595' title='bbox 3476 3512 3614 3566; x_wconf 84' lang='grc' dir='ltr'>ἀλλὰ</span> <span class='ocrx_word' id='word_1_596' title='bbox 3646 3511 3830 3563; x_wconf 81' lang='grc' dir='ltr'>διεσκο-</span> 
     </span>
    </p>
   </div>
   <div class='ocr_carea' id='block_1_78' title="bbox 2253 3597 3831 3677">
    <p class='ocr_par' dir='ltr' id='par_1_78' title="bbox 2253 3597 3831 3677">
     <span class='ocr_line' id='line_1_78' title="bbox 2253 3597 3831 3677; baseline 0.004 -24"><span class='ocrx_word' id='word_1_597' title='bbox 2253 3604 2408 3653; x_wconf 83' lang='grc' dir='ltr'>πεῑτο</span> <span class='ocrx_word' id='word_1_598' title='bbox 2464 3601 2613 3665; x_wconf 85' lang='grc' dir='ltr'>ὅπως</span> <span class='ocrx_word' id='word_1_599' title='bbox 2669 3599 2861 3653; x_wconf 78' lang='grc' dir='ltr'>ἑαυτὸν</span> <span class='ocrx_word' id='word_1_600' title='bbox 2909 3600 3011 3671; x_wconf 82' lang='grc' dir='ltr'>τῆς</span> <span class='ocrx_word' id='word_1_601' title='bbox 3047 3600 3143 3655; x_wconf 79' lang='grc' dir='ltr'><strong><em>τοῦ</em></strong></span> <span class='ocrx_word' id='word_1_602' title='bbox 3198 3597 3831 3677; x_wconf 61' lang='grc' dir='ltr'>αὐτοκράτοροςχειρδς</span> 
     </span>
    </p>
   </div>
   <div class='ocr_carea' id='block_1_79' title="bbox 2253 3690 3834 3767">
    <p class='ocr_par' dir='ltr' id='par_1_79' title="bbox 2253 3690 3834 3767">
     <span class='ocr_line' id='line_1_79' title="bbox 2253 3690 3834 3767; baseline 0 -23"><span class='ocrx_word' id='word_1_603' title='bbox 2253 3690 2636 3755; x_wconf 79' lang='grc' dir='ltr'>ἀπαλλάξειεν.</span> <span class='ocrx_word' id='word_1_604' title='bbox 2679 3692 2767 3746; x_wconf 86' lang='grc' dir='ltr'>Ἑν</span> <span class='ocrx_word' id='word_1_605' title='bbox 2801 3692 3003 3762; x_wconf 80' lang='grc' dir='ltr'>γνώσει</span> <span class='ocrx_word' id='word_1_606' title='bbox 3049 3692 3107 3746; x_wconf 82' lang='grc' dir='ltr'>δὲ</span> <span class='ocrx_word' id='word_1_607' title='bbox 3141 3694 3367 3750; x_wconf 87' lang='grc' dir='ltr'>τούτων</span> <span class='ocrx_word' id='word_1_608' title='bbox 3418 3698 3453 3767; x_wconf 86' lang='grc' dir='ltr'><strong>ἡ</strong></span> <span class='ocrx_word' id='word_1_609' title='bbox 3491 3693 3658 3749; x_wconf 76' lang='grc' dir='ltr'>αὐτοῦ</span> <span class='ocrx_word' id='word_1_610' title='bbox 3694 3694 3834 3759; x_wconf 80' lang='grc' dir='ltr'>ὁμευ-</span> 
     </span>
    </p>
   </div>
   <div class='ocr_carea' id='block_1_80' title="bbox 2252 3781 3830 3859">
    <p class='ocr_par' dir='ltr' id='par_1_80' title="bbox 2252 3781 3830 3859">
     <span class='ocr_line' id='line_1_80' title="bbox 2252 3781 3830 3859; baseline -0.001 -21"><span class='ocrx_word' id='word_1_611' title='bbox 2252 3783 2396 3846; x_wconf 82' lang='grc' dir='ltr'>νέτις</span> <span class='ocrx_word' id='word_1_612' title='bbox 2449 3783 2551 3854; x_wconf 70' lang='grc' dir='ltr'><strong><em>ἤδη</em></strong></span> <span class='ocrx_word' id='word_1_613' title='bbox 2616 3787 2911 3854; x_wconf 84' lang='grc' dir='ltr'>γεγονυῖα,</span> <span class='ocrx_word' id='word_1_614' title='bbox 2969 3786 3066 3838; x_wconf 77' lang='grc' dir='ltr'>καὶ</span> <span class='ocrx_word' id='word_1_615' title='bbox 3123 3787 3618 3859; x_wconf 81' lang='grc' dir='ltr'>ἀποδιδράσκοντα</span> <span class='ocrx_word' id='word_1_616' title='bbox 3667 3781 3830 3839; x_wconf 81' lang='grc' dir='ltr'>τοῦτον</span> 
     </span>
    </p>
   </div>
   <div class='ocr_carea' id='block_1_81' title="bbox 2251 3874 3835 3950">
    <p class='ocr_par' dir='ltr' id='par_1_81' title="bbox 2251 3874 3835 3950">
     <span class='ocr_line' id='line_1_81' title="bbox 2251 3874 3835 3950; baseline -0.001 -21"><span class='ocrx_word' id='word_1_617' title='bbox 2251 3875 2436 3947; x_wconf 80' lang='grc' dir='ltr'>ὁρῶσα</span> <span class='ocrx_word' id='word_1_618' title='bbox 2467 3875 2622 3945; x_wconf 74' lang='grc' dir='ltr'>δηλοῖ</span> <span class='ocrx_word' id='word_1_619' title='bbox 2668 3877 2746 3947; x_wconf 84' lang='grc' dir='ltr'>τῷ</span> <span class='ocrx_word' id='word_1_620' title='bbox 2771 3875 3077 3947; x_wconf 79' lang='grc' dir='ltr'>τηνικαῦτα</span> <span class='ocrx_word' id='word_1_621' title='bbox 3104 3879 3207 3948; x_wconf 79' lang='grc' dir='ltr'>τὴν</span> <span class='ocrx_word' id='word_1_622' title='bbox 3237 3881 3576 3950; x_wconf 78' lang='grc' dir='ltr'>οἰκονομίαν</span> <span class='ocrx_word' id='word_1_623' title='bbox 3608 3880 3709 3934; x_wconf 80' lang='grc' dir='ltr'><strong><em>τῶν</em></strong></span> <span class='ocrx_word' id='word_1_624' title='bbox 3739 3874 3835 3929; x_wconf 72' lang='grc' dir='ltr'><strong><em>Μα-</em></strong></span> 
     </span>
    </p>
   </div>
   <div class='ocr_carea' id='block_1_82' title="bbox 2252 3968 3834 4041">
    <p class='ocr_par' dir='ltr' id='par_1_82' title="bbox 2252 3968 3834 4041">
     <span class='ocr_line' id='line_1_82' title="bbox 2252 3968 3834 4041; baseline -0.002 -19"><span class='ocrx_word' id='word_1_625' title='bbox 2252 3968 2479 4038; x_wconf 87' lang='grc' dir='ltr'>νιχαίων</span> <span class='ocrx_word' id='word_1_626' title='bbox 2544 3970 3067 4041; x_wconf 71' lang='grc' dir='ltr'>ἐμπεπιστευμένῳ.</span> <span class='ocrx_word' id='word_1_627' title='bbox 3130 3974 3208 4024; x_wconf 86' lang='grc' dir='ltr'><strong><em>Οὐ</em></strong></span> <span class='ocrx_word' id='word_1_628' title='bbox 3265 3974 3497 4027; x_wconf 85' lang='grc' dir='ltr'>διέλαθε</span> <span class='ocrx_word' id='word_1_629' title='bbox 3554 3972 3710 4026; x_wconf 80' lang='grc' dir='ltr'>τοῦτο</span> <span class='ocrx_word' id='word_1_630' title='bbox 3757 3968 3834 4021; x_wconf 71' lang='grc' dir='ltr'>τὸν</span> 
     </span>
    </p>
   </div>
   <div class='ocr_carea' id='block_1_83' title="bbox 2252 4061 3839 4137">
    <p class='ocr_par' dir='ltr' id='par_1_83' title="bbox 2252 4061 3839 4137">
     <span class='ocr_line' id='line_1_83' title="bbox 2252 4061 3839 4137; baseline -0.001 -21"><span class='ocrx_word' id='word_1_631' title='bbox 2252 4061 2484 4134; x_wconf 80' lang='grc' dir='ltr'>τραυλὸν</span> <span class='ocrx_word' id='word_1_632' title='bbox 2509 4063 2602 4115; x_wconf 76' lang='grc' dir='ltr'>καὶ</span> <span class='ocrx_word' id='word_1_633' title='bbox 2627 4062 2936 4133; x_wconf 80' lang='grc' dir='ltr'>τηνικαῦτα</span> <span class='ocrx_word' id='word_1_634' title='bbox 2956 4065 3179 4129; x_wconf 82' lang='grc' dir='ltr'>ὁπόσοις</span> <span class='ocrx_word' id='word_1_635' title='bbox 3204 4065 3433 4135; x_wconf 78' lang='grc' dir='ltr'>φθάσαι</span> <span class='ocrx_word' id='word_1_636' title='bbox 3465 4069 3527 4121; x_wconf 80' lang='grc' dir='ltr'>τὸ</span> <span class='ocrx_word' id='word_1_637' title='bbox 3553 4066 3839 4137; x_wconf 74' lang='grc' dir='ltr'>ἀπόρρητον</span> 
     </span>
    </p>
   </div>
   <div class='ocr_carea' id='block_1_84' title="bbox 2250 4152 3840 4230">
    <p class='ocr_par' dir='ltr' id='par_1_84' title="bbox 2250 4152 3840 4230">
     <span class='ocr_line' id='line_1_84' title="bbox 2250 4152 3840 4230; baseline 0 -24"><span class='ocrx_word' id='word_1_638' title='bbox 2250 4152 2581 4223; x_wconf 80' lang='grc' dir='ltr'>ἀνεκάλυψε,</span> <span class='ocrx_word' id='word_1_639' title='bbox 2610 4155 2747 4225; x_wconf 84' lang='grc' dir='ltr'>πρὸς</span> <span class='ocrx_word' id='word_1_640' title='bbox 2778 4155 2943 4210; x_wconf 77' lang='grc' dir='ltr'>αὐτὸν</span> <span class='ocrx_word' id='word_1_641' title='bbox 2974 4157 3223 4228; x_wconf 80' lang='grc' dir='ltr'>ἑσπέρας</span> <span class='ocrx_word' id='word_1_642' title='bbox 3257 4161 3716 4230; x_wconf 83' lang='grc' dir='ltr'>μεταπέμπεται.</span> <span class='ocrx_word' id='word_1_643' title='bbox 3745 4153 3840 4207; x_wconf 76' lang='grc' dir='ltr'><strong><em>Καὶ</em></strong></span> 
     </span>
    </p>
   </div>
   <div class='ocr_carea' id='block_1_85' title="bbox 2253 4246 3841 4324">
    <p class='ocr_par' dir='ltr' id='par_1_85' title="bbox 2253 4246 3841 4324">
     <span class='ocr_line' id='line_1_85' title="bbox 2253 4246 3841 4324; baseline 0.004 -25"><span class='ocrx_word' id='word_1_644' title='bbox 2253 4247 2439 4301; x_wconf 83' lang='grc' dir='ltr'>ὁπόσοι</span> <span class='ocrx_word' id='word_1_645' title='bbox 2482 4247 2539 4299; x_wconf 80' lang='grc' dir='ltr'>δὲ</span> <span class='ocrx_word' id='word_1_646' title='bbox 2569 4248 2633 4299; x_wconf 82' lang='grc' dir='ltr'>ὲκ</span> <span class='ocrx_word' id='word_1_647' title='bbox 2662 4248 2989 4316; x_wconf 85' lang='grc' dir='ltr'>συγγενείας</span> <span class='ocrx_word' id='word_1_648' title='bbox 3017 4246 3159 4322; x_wconf 77' lang='grc' dir='ltr'>ἦσαν</span> <span class='ocrx_word' id='word_1_649' title='bbox 3192 4253 3361 4323; x_wconf 85' lang='grc' dir='ltr'>αὐτῷ</span> <span class='ocrx_word' id='word_1_650' title='bbox 3401 4256 3768 4324; x_wconf 72' lang='grc' dir='ltr'>προσήκοντες</span> <span class='ocrx_word' id='word_1_651' title='bbox 3796 4247 3841 4306; x_wconf 70' lang='grc' dir='ltr'><strong><em>ἐς</em></strong></span> 
     </span>
    </p>
   </div>
   <div class='ocr_carea' id='block_1_86' title="bbox 2250 4336 3838 4414">
    <p class='ocr_par' dir='ltr' id='par_1_86' title="bbox 2250 4336 3838 4414">
     <span class='ocr_line' id='line_1_86' title="bbox 2250 4336 3838 4414; baseline 0.001 -25"><span class='ocrx_word' id='word_1_652' title='bbox 2250 4337 2413 4391; x_wconf 87' lang='grc' dir='ltr'>αὐτὸν</span> <span class='ocrx_word' id='word_1_653' title='bbox 2448 4336 2875 4406; x_wconf 85' lang='grc' dir='ltr'>συνεληλυθότες</span> <span class='ocrx_word' id='word_1_654' title='bbox 2924 4340 3444 4411; x_wconf 76' lang='grc' dir='ltr'>καταλαμϐάνουσι</span> <span class='ocrx_word' id='word_1_655' title='bbox 3476 4345 3577 4414; x_wconf 86' lang='grc' dir='ltr'>τὴν</span> <span class='ocrx_word' id='word_1_656' title='bbox 3612 4338 3838 4395; x_wconf 75' lang='grc' dir='ltr'>Βελιάτοο</span> 
     </span>
    </p>
   </div>
   <div class='ocr_carea' id='block_1_87' title="bbox 2248 4427 3843 4503">
    <p class='ocr_par' dir='ltr' id='par_1_87' title="bbox 2248 4427 3843 4503">
     <span class='ocr_line' id='line_1_87' title="bbox 2248 4427 3843 4503; baseline -0.001 -23"><span class='ocrx_word' id='word_1_657' title='bbox 2248 4427 2350 4480; x_wconf 79' lang='grc' dir='ltr'><strong><em>δαν</em></strong></span> <span class='ocrx_word' id='word_1_658' title='bbox 2368 4442 2383 4458; x_wconf 91' lang='grc'><strong>·</strong></span> <span class='ocrx_word' id='word_1_659' title='bbox 2410 4427 2684 4497; x_wconf 89' lang='grc' dir='ltr'>πολίχνιον</span> <span class='ocrx_word' id='word_1_660' title='bbox 2707 4427 2764 4479; x_wconf 76' lang='grc' dir='ltr'>δὶ</span> <span class='ocrx_word' id='word_1_661' title='bbox 2792 4427 2953 4482; x_wconf 84' lang='grc' dir='ltr'>τοῦτο</span> <span class='ocrx_word' id='word_1_662' title='bbox 2980 4429 3346 4501; x_wconf 85' lang='grc' dir='ltr'>διακείμενον</span> <span class='ocrx_word' id='word_1_663' title='bbox 3375 4435 3527 4488; x_wconf 85' lang='grc' dir='ltr'><strong><em>κατά</em></strong></span> <span class='ocrx_word' id='word_1_664' title='bbox 3565 4434 3664 4503; x_wconf 83' lang='grc' dir='ltr'><strong><em>τὴν</em></strong></span> <span class='ocrx_word' id='word_1_665' title='bbox 3696 4433 3843 4499; x_wconf 75' lang='grc' dir='ltr'>ἀκρο-</span> 
     </span>
    </p>
   </div>
   <div class='ocr_carea' id='block_1_88' title="bbox 2245 4517 3840 4594">
    <p class='ocr_par' dir='ltr' id='par_1_88' title="bbox 2245 4517 3840 4594">
     <span class='ocr_line' id='line_1_88' title="bbox 2245 4517 3840 4594; baseline 0.005 -21"><span class='ocrx_word' id='word_1_666' title='bbox 2245 4517 2441 4587; x_wconf 84' lang='grc' dir='ltr'>λοφίαν</span> <span class='ocrx_word' id='word_1_667' title='bbox 2481 4517 2576 4571; x_wconf 83' lang='grc' dir='ltr'><strong><em>τοῦ</em></strong></span> <span class='ocrx_word' id='word_1_668' title='bbox 2622 4520 2767 4575; x_wconf 82' lang='grc' dir='ltr'><strong><em>κατά</em></strong></span> <span class='ocrx_word' id='word_1_669' title='bbox 2801 4521 3033 4594; x_wconf 73' lang='grc' dir='ltr'>ταυτηνὶ</span> <span class='ocrx_word' id='word_1_670' title='bbox 3058 4522 3157 4593; x_wconf 82' lang='grc' dir='ltr'>τὴν</span> <span class='ocrx_word' id='word_1_671' title='bbox 3187 4523 3551 4580; x_wconf 82' lang='grc' dir='ltr'>Βελιάτοδαν</span> <span class='ocrx_word' id='word_1_672' title='bbox 3600 4524 3840 4594; x_wconf 76' lang='grc' dir='ltr'>τέμπουςσ</span> 
     </span>
    </p>
   </div>
   <div class='ocr_carea' id='block_1_89' title="bbox 2248 4608 3846 4688">
    <p class='ocr_par' dir='ltr' id='par_1_89' title="bbox 2248 4608 3846 4688">
     <span class='ocr_line' id='line_1_89' title="bbox 2248 4608 3846 4688; baseline 0.006 -25"><span class='ocrx_word' id='word_1_673' title='bbox 2248 4611 2468 4663; x_wconf 79' lang='grc' dir='ltr'>Ἀοικον</span> <span class='ocrx_word' id='word_1_674' title='bbox 2501 4608 2559 4662; x_wconf 82' lang='grc' dir='ltr'>δὲ</span> <span class='ocrx_word' id='word_1_675' title='bbox 2591 4610 2748 4665; x_wconf 80' lang='grc' dir='ltr'>τοῦτο</span> <span class='ocrx_word' id='word_1_676' title='bbox 2779 4613 3173 4683; x_wconf 77' lang='grc' dir='ltr'>έφευρηκότες.</span> <span class='ocrx_word' id='word_1_677' title='bbox 3199 4615 3415 4688; x_wconf 77' lang='grc' dir='ltr'>ὥσπερ</span> <span class='ocrx_word' id='word_1_678' title='bbox 3455 4618 3594 4672; x_wconf 71' lang='grc' dir='ltr'>ἴδιόν</span> <span class='ocrx_word' id='word_1_679' title='bbox 3624 4635 3675 4669; x_wconf 92' lang='grc' dir='ltr'><strong><em>τι</em></strong></span> <span class='ocrx_word' id='word_1_680' title='bbox 3704 4614 3846 4681; x_wconf 77' lang='grc' dir='ltr'>λάχος</span> 
     </span>
    </p>
   </div>
   <div class='ocr_carea' id='block_1_90' title="bbox 2246 4702 3845 4779">
    <p class='ocr_par' dir='ltr' id='par_1_90' title="bbox 2246 4702 3845 4779">
     <span class='ocr_line' id='line_1_90' title="bbox 2246 4702 3845 4779; baseline 0.001 -24"><span class='ocrx_word' id='word_1_681' title='bbox 2246 4702 2618 4773; x_wconf 82' lang='grc' dir='ltr'>λογισάμενοι,</span> <span class='ocrx_word' id='word_1_682' title='bbox 2651 4704 2711 4757; x_wconf 82' lang='grc' dir='ltr'>ὲν</span> <span class='ocrx_word' id='word_1_683' title='bbox 2753 4704 2906 4775; x_wconf 90' lang='grc' dir='ltr'>αὐτῷ</span> <span class='ocrx_word' id='word_1_684' title='bbox 2936 4706 3035 4769; x_wconf 78' lang='grc' dir='ltr'><strong><em>τὰς</em></strong></span> <span class='ocrx_word' id='word_1_685' title='bbox 3078 4708 3345 4779; x_wconf 79' lang='grc' dir='ltr'>οἰκήσεις</span> <span class='ocrx_word' id='word_1_686' title='bbox 3379 4711 3696 4764; x_wconf 72' lang='grc' dir='ltr'>ἐποιοῦντο.</span> <span class='ocrx_word' id='word_1_687' title='bbox 3728 4702 3845 4759; x_wconf 73' lang='grc' dir='ltr'>Εἶτα</span> 
     </span>
    </p>
   </div>
   <div class='ocr_carea' id='block_1_91' title="bbox 2250 4795 3848 4879">
    <p class='ocr_par' dir='ltr' id='par_1_91' title="bbox 2250 4795 3848 4879">
     <span class='ocr_line' id='line_1_91' title="bbox 2250 4795 3848 4879; baseline 0.001 -29"><span class='ocrx_word' id='word_1_688' title='bbox 2250 4796 2350 4860; x_wconf 74' lang='grc' dir='ltr'><strong><em>τὰς</em></strong></span> <span class='ocrx_word' id='word_1_689' title='bbox 2384 4796 2507 4850; x_wconf 84' lang='grc' dir='ltr'>καθ’</span> <span class='ocrx_word' id='word_1_690' title='bbox 2537 4795 2778 4867; x_wconf 77' lang='grc' dir='ltr'>ἑκάστην</span> <span class='ocrx_word' id='word_1_691' title='bbox 2804 4799 3019 4853; x_wconf 75' lang='grc' dir='ltr'>ἐκεῖθεν</span> <span class='ocrx_word' id='word_1_692' title='bbox 3049 4801 3345 4872; x_wconf 70' lang='grc' dir='ltr'>ἐκδρομὰς</span> <span class='ocrx_word' id='word_1_693' title='bbox 3382 4806 3729 4879; x_wconf 81' lang='grc' dir='ltr'>ποιούμενοι,</span> <span class='ocrx_word' id='word_1_694' title='bbox 3768 4796 3848 4853; x_wconf 73' lang='grc' dir='ltr'>καὶ</span> 
     </span>
    </p>
   </div>
   <div class='ocr_carea' id='block_1_92' title="bbox 2257 4890 3844 4968">
    <p class='ocr_par' dir='ltr' id='par_1_92' title="bbox 2257 4890 3844 4968">
     <span class='ocr_line' id='line_1_92' title="bbox 2257 4890 3844 4968; baseline 0.006 -26"><span class='ocrx_word' id='word_1_695' title='bbox 2257 4891 2419 4968; x_wconf 75' lang='grc' dir='ltr'>μέχρι</span> <span class='ocrx_word' id='word_1_696' title='bbox 2438 4890 2539 4961; x_wconf 87' lang='grc' dir='ltr'><strong><em>τῆς</em></strong></span> <span class='ocrx_word' id='word_1_697' title='bbox 2565 4891 2833 4962; x_wconf 84' lang='grc' dir='ltr'>σφετέρας</span> <span class='ocrx_word' id='word_1_698' title='bbox 2857 4893 3155 4962; x_wconf 81' lang='grc' dir='ltr'>φθάνοντες</span> <span class='ocrx_word' id='word_1_699' title='bbox 3173 4896 3411 4963; x_wconf 88' lang='grc' dir='ltr'>πόλεως</span> <span class='ocrx_word' id='word_1_700' title='bbox 3434 4901 3707 4953; x_wconf 82' lang='grc' dir='ltr'>Φιλίππου</span> <span class='ocrx_word' id='word_1_701' title='bbox 3729 4893 3844 4965; x_wconf 74' lang='grc'><strong><em>(81),</em></strong></span> 
     </span>
    </p>
   </div>
   <div class='ocr_carea' id='block_1_93' title="bbox 2254 4981 3849 5064">
    <p class='ocr_par' dir='ltr' id='par_1_93' title="bbox 2254 4981 3849 5064">
     <span class='ocr_line' id='line_1_93' title="bbox 2254 4981 3849 5064; baseline 0.006 -32"><span class='ocrx_word' id='word_1_702' title='bbox 2254 4981 2409 5035; x_wconf 81' lang='grc' dir='ltr'>λείαν</span> <span class='ocrx_word' id='word_1_703' title='bbox 2440 4982 2644 5052; x_wconf 83' lang='grc' dir='ltr'>πολλὴν</span> <span class='ocrx_word' id='word_1_704' title='bbox 2695 4984 3216 5057; x_wconf 77' lang='grc' dir='ltr'>ἀναλαμϐανόμενοι</span> <span class='ocrx_word' id='word_1_705' title='bbox 3242 4989 3262 5021; x_wconf 73' lang='grc' dir='ltr'><strong><em>ί</em></strong></span> <span class='ocrx_word' id='word_1_706' title='bbox 3312 4992 3758 5064; x_wconf 79' lang='grc' dir='ltr'>ὲπανέστρεφον.</span> <span class='ocrx_word' id='word_1_707' title='bbox 3801 4983 3849 5033; x_wconf 86' lang='lat' dir='ltr'><strong><em>&#39;U</em></strong></span> 
     </span>
    </p>
   </div>
   <div class='ocr_carea' id='block_1_94' title="bbox 2251 5072 3847 5156">
    <p class='ocr_par' dir='ltr' id='par_1_94' title="bbox 2251 5072 3847 5156">
     <span class='ocr_line' id='line_1_94' title="bbox 2251 5072 3847 5156; baseline 0.006 -30"><span class='ocrx_word' id='word_1_708' title='bbox 2251 5072 2309 5126; x_wconf 83' lang='grc' dir='ltr'>δὲ</span> <span class='ocrx_word' id='word_1_709' title='bbox 2340 5074 2567 5145; x_wconf 73' lang='grc' dir='ltr'>τραυλὸς</span> <span class='ocrx_word' id='word_1_710' title='bbox 2598 5074 2809 5140; x_wconf 86' lang='grc' dir='ltr'>τούτοις</span> <span class='ocrx_word' id='word_1_711' title='bbox 2837 5076 2912 5149; x_wconf 79' lang='grc' dir='ltr'>μὴ</span> <span class='ocrx_word' id='word_1_712' title='bbox 2941 5077 3298 5152; x_wconf 85' lang='grc' dir='ltr'>ἀρκούμενος</span> <span class='ocrx_word' id='word_1_713' title='bbox 3328 5086 3584 5151; x_wconf 80' lang='grc' dir='ltr'>σπονδὰς</span> <span class='ocrx_word' id='word_1_714' title='bbox 3607 5082 3737 5156; x_wconf 81' lang='grc' dir='ltr'><strong><em>μετά</em></strong></span> <span class='ocrx_word' id='word_1_715' title='bbox 3757 5075 3847 5131; x_wconf 81' lang='grc' dir='ltr'><strong><em>τῶν</em></strong></span> 
     </span>
    </p>
   </div>
   <div class='ocr_carea' id='block_1_95' title="bbox 1612 5179 2787 5250">
    <p class='ocr_par' dir='ltr' id='par_1_95' title="bbox 1612 5179 2787 5250">
     <span class='ocr_line' id='line_1_95' title="bbox 1612 5179 2787 5250; baseline 0.01 -12"><span class='ocrx_word' id='word_1_716' title='bbox 1612 5179 1816 5242; x_wconf 63' lang='lat' dir='ltr'><strong><em>Variis</em></strong></span> <span class='ocrx_word' id='word_1_717' title='bbox 1854 5180 2165 5246; x_wconf 87' lang='lat' dir='ltr'><strong><em>lectiones</em></strong></span> <span class='ocrx_word' id='word_1_718' title='bbox 2199 5204 2278 5250; x_wconf 77' lang='lat' dir='ltr'><strong><em>ex</em></strong></span> <span class='ocrx_word' id='word_1_719' title='bbox 2311 5187 2459 5250; x_wconf 90' lang='lat' dir='ltr'><strong><em>cod.</em></strong></span> <span class='ocrx_word' id='word_1_720' title='bbox 2506 5186 2787 5250; x_wconf 89' lang='lat' dir='ltr'><strong><em>Coislin.</em></strong></span> 
     </span>
    </p>
   </div>
   <div class='ocr_carea' id='block_1_96' title="bbox 633 5273 2303 5357">
    <p class='ocr_par' dir='ltr' id='par_1_96' title="bbox 633 5273 2303 5357">
     <span class='ocr_line' id='line_1_96' title="bbox 633 5273 2303 5357; baseline 0.017 -45"><span class='ocrx_word' id='word_1_721' title='bbox 633 5280 681 5313; x_wconf 77' lang='grc' dir='ltr'>οι</span> <span class='ocrx_word' id='word_1_722' title='bbox 711 5278 978 5352; x_wconf 72' lang='grc' dir='ltr'>ἀνεφάνη,</span> <span class='ocrx_word' id='word_1_723' title='bbox 1054 5279 1102 5312; x_wconf 66' lang='grc' dir='ltr'>θ’</span> <span class='ocrx_word' id='word_1_724' title='bbox 1122 5279 1255 5333; x_wconf 83' lang='grc' dir='ltr'>τῶν.</span> <span class='ocrx_word' id='word_1_725' title='bbox 1327 5278 1373 5310; x_wconf 81' lang='grc'><strong>⁹⁹</strong></span> <span class='ocrx_word' id='word_1_726' title='bbox 1405 5273 1559 5341; x_wconf 82' lang='grc' dir='ltr'>αὖθις</span> <span class='ocrx_word' id='word_1_727' title='bbox 1596 5278 1743 5335; x_wconf 86' lang='grc' dir='ltr'>ὅθεν.</span> <span class='ocrx_word' id='word_1_728' title='bbox 1823 5283 1841 5315; x_wconf 78' lang='grc'><strong><em>³</em></strong></span> <span class='ocrx_word' id='word_1_729' title='bbox 1870 5284 2303 5357; x_wconf 75' lang='grc' dir='ltr'>ἀναλαϐόμενσι.</span> 
     </span>
    </p>
   </div>
   <div class='ocr_carea' id='block_1_97' title="bbox 1601 5373 2735 5458">
    <p class='ocr_par' dir='ltr' id='par_1_97' title="bbox 1601 5373 2735 5458">
     <span class='ocr_line' id='line_1_97' title="bbox 1601 5373 2735 5458; baseline 0.011 -24"><span class='ocrx_word' id='word_1_730' title='bbox 1601 5373 1746 5437; x_wconf 84' lang='lat' dir='ltr'><strong><em>Car.</em></strong></span> <span class='ocrx_word' id='word_1_731' title='bbox 1784 5375 2117 5439; x_wconf 82' lang='lat' dir='ltr'><strong><em>Dufresnii</em></strong></span> <span class='ocrx_word' id='word_1_732' title='bbox 2144 5382 2248 5443; x_wconf 89' lang='lat' dir='ltr'><strong><em>Du</em></strong></span> <span class='ocrx_word' id='word_1_733' title='bbox 2284 5378 2510 5458; x_wconf 83' lang='lat' dir='ltr'><strong><em>Cangii</em></strong></span> <span class='ocrx_word' id='word_1_734' title='bbox 2542 5390 2735 5446; x_wconf 72' lang='lat' dir='ltr'><strong><em>notte.</em></strong></span> 
     </span>
    </p>
   </div>
   <div class='ocr_carea' id='block_1_98' title="bbox 635 5474 2150 5545">
    <p class='ocr_par' dir='ltr' id='par_1_98' title="bbox 635 5474 2150 5545">
     <span class='ocr_line' id='line_1_98' title="bbox 635 5474 2150 5545; baseline 0.007 -19"><span class='ocrx_word' id='word_1_735' title='bbox 635 5474 749 5542; x_wconf 79' lang='lat'><strong>(79)</strong></span> <span class='ocrx_word' id='word_1_736' title='bbox 821 5474 1027 5543; x_wconf 71' lang='grc' dir='ltr'>Βουλῆ</span> <span class='ocrx_word' id='word_1_737' title='bbox 1109 5475 1420 5545; x_wconf 56' lang='grc' dir='ltr'>ἀκεφάνει.</span> <span class='ocrx_word' id='word_1_738' title='bbox 1485 5475 1688 5533; x_wconf 82' lang='lat' dir='ltr'><strong><em>Confer</em></strong></span> <span class='ocrx_word' id='word_1_739' title='bbox 1751 5477 2026 5535; x_wconf 83' lang='lat' dir='ltr'><strong><em>Zonaram</em></strong></span> <span class='ocrx_word' id='word_1_740' title='bbox 2093 5481 2150 5535; x_wconf 89' lang='lat' dir='ltr'><strong><em>in</em></strong></span> 
     </span>
    </p>
   </div>
   <div class='ocr_carea' id='block_1_99' title="bbox 558 5550 2150 5693">
    <p class='ocr_par' dir='ltr' id='par_1_99' title="bbox 558 5550 2150 5693">
     <span class='ocr_line' id='line_1_99' title="bbox 558 5550 2150 5693; baseline 0.002 -21"><span class='ocrx_word' id='word_1_741' title='bbox 558 5550 782 5689; x_wconf 37' lang='lat' dir='ltr'><strong><em>“iiii?</em></strong></span> <span class='ocrx_word' id='word_1_742' title='bbox 817 5614 1283 5693; x_wconf 73' lang='grc' dir='ltr'>Δομεστικάτου.</span> <span class='ocrx_word' id='word_1_743' title='bbox 1345 5616 1593 5693; x_wconf 72' lang='lat' dir='ltr'><strong><em>Qignitas</em></strong></span> <span class='ocrx_word' id='word_1_744' title='bbox 1643 5617 1957 5693; x_wconf 73' lang='lat' dir='ltr'><strong><em>domestici,</em></strong></span> <span class='ocrx_word' id='word_1_745' title='bbox 2024 5636 2150 5693; x_wconf 67' lang='lat' dir='ltr'><strong><em>quae</em></strong></span> 
     </span>
    </p>
   </div>
   <div class='ocr_carea' id='block_1_100' title="bbox 560 5687 2143 5757">
    <p class='ocr_par' dir='ltr' id='par_1_100' title="bbox 560 5687 2143 5757">
     <span class='ocr_line' id='line_1_100' title="bbox 560 5687 2143 5757; baseline 0.003 -16"><span class='ocrx_word' id='word_1_746' title='bbox 560 5687 668 5757; x_wconf 55' lang='lat' dir='ltr'><strong><em>vos</em></strong></span> <span class='ocrx_word' id='word_1_747' title='bbox 705 5690 959 5757; x_wconf 62' lang='lat' dir='ltr'><strong><em>occurtjt</em></strong></span> <span class='ocrx_word' id='word_1_748' title='bbox 986 5701 1204 5757; x_wconf 79' lang='lat' dir='ltr'><strong><em>rursum</em></strong></span> <span class='ocrx_word' id='word_1_749' title='bbox 1239 5687 1384 5755; x_wconf 87' lang='lat' dir='ltr'><strong><em>apud</em></strong></span> <span class='ocrx_word' id='word_1_750' title='bbox 1412 5694 1623 5743; x_wconf 84' lang='lat' dir='ltr'><strong><em>Annam</em></strong></span> <span class='ocrx_word' id='word_1_751' title='bbox 1660 5705 1785 5757; x_wconf 84' lang='lat' dir='ltr'><strong><em>pag.</em></strong></span> <span class='ocrx_word' id='word_1_752' title='bbox 1812 5689 1914 5754; x_wconf 80' lang='grc'><strong><em>168</em></strong></span> <span class='ocrx_word' id='word_1_753' title='bbox 1940 5705 1993 5748; x_wconf 87' lang='lat' dir='ltr'><strong><em>et</em></strong></span> <span class='ocrx_word' id='word_1_754' title='bbox 2016 5687 2143 5750; x_wconf 67' lang='lat'><strong><em>501.</em></strong></span> 
     </span>
    </p>
   </div>
   <div class='ocr_carea' id='block_1_101' title="bbox 555 5753 2142 5848">
    <p class='ocr_par' dir='ltr' id='par_1_101' title="bbox 555 5753 2142 5848">
     <span class='ocr_line' id='line_1_101' title="bbox 555 5753 2142 5848; baseline 0.008 -43"><span class='ocrx_word' id='word_1_755' title='bbox 555 5755 616 5813; x_wconf 76' lang='lat' dir='ltr'><strong><em>In</em></strong></span> <span class='ocrx_word' id='word_1_756' title='bbox 637 5755 869 5815; x_wconf 77' lang='lat' dir='ltr'><strong><em>Novella</em></strong></span> <span class='ocrx_word' id='word_1_757' title='bbox 893 5753 1174 5811; x_wconf 83' lang='lat' dir='ltr'><strong><em>Theodos.</em></strong></span> <span class='ocrx_word' id='word_1_758' title='bbox 1196 5753 1630 5848; x_wconf 26' lang='lat' dir='ltr'><strong><em>dc‘s&#39;cb‘olaribus</em></strong></span> <span class='ocrx_word' id='word_1_759' title='bbox 1654 5753 2142 5846; x_wconf 45' lang='lat' dir='ltr'><strong><em>apudjalsamon.</em></strong></span> 
     </span>
    </p>
   </div>
   <div class='ocr_carea' id='block_1_102' title="bbox 2157 5844 2218 5857">
    <p class='ocr_par' dir='ltr' id='par_1_102' title="bbox 2157 5844 2218 5857">
     <span class='ocr_line' id='line_1_102' title="bbox 2157 5844 2218 5857; baseline 0 0"><span class='ocrx_word' id='word_1_760' title='bbox 2157 5844 2218 5857; x_wconf 50' lang='lat'><strong><em>‘—</em></strong></span> 
     </span>
    </p>
   </div>
   <div class='ocr_carea' id='block_1_103' title="bbox 2255 5484 3851 5583">
    <p class='ocr_par' dir='ltr' id='par_1_103' title="bbox 2255 5484 3851 5583">
     <span class='ocr_line' id='line_1_103' title="bbox 2255 5484 3851 5583; baseline 0.008 -45"><span class='ocrx_word' id='word_1_761' title='bbox 2255 5484 2497 5583; x_wconf 44' lang='lat' dir='ltr'><strong><em>adncan.</em></strong></span> <span class='ocrx_word' id='word_1_762' title='bbox 2531 5493 2712 5557; x_wconf 85' lang='lat' dir='ltr'><strong><em>apost.</em></strong></span> <span class='ocrx_word' id='word_1_763' title='bbox 2776 5494 2832 5542; x_wconf 91' lang='lat' dir='ltr'><strong><em>et</em></strong></span> <span class='ocrx_word' id='word_1_764' title='bbox 2879 5487 3112 5561; x_wconf 80' lang='lat' dir='ltr'><strong><em>Gregor.</em></strong></span> <span class='ocrx_word' id='word_1_765' title='bbox 3154 5490 3418 5551; x_wconf 80' lang='lat' dir='ltr'><strong><em>&#39;Turon.</em></strong></span> <span class='ocrx_word' id='word_1_766' title='bbox 3477 5498 3582 5553; x_wconf 89' lang='lat' dir='ltr'><strong><em>lib.</em></strong></span> <span class='ocrx_word' id='word_1_767' title='bbox 3637 5512 3671 5551; x_wconf 84' lang='grc' dir='ltr'><strong><em>ιι</em></strong></span> <span class='ocrx_word' id='word_1_768' title='bbox 3706 5493 3851 5550; x_wconf 62' lang='grc' dir='ltr'><strong><em>ΗΜ,</em></strong></span> 
     </span>
    </p>
   </div>
   <div class='ocr_carea' id='block_1_104' title="bbox 2254 5557 3856 5701">
    <p class='ocr_par' dir='ltr' id='par_1_104' title="bbox 2254 5557 3856 5701">
     <span class='ocr_line' id='line_1_104' title="bbox 2254 5557 3856 5701; baseline -0.008 -5"><span class='ocrx_word' id='word_1_769' title='bbox 2528 5625 2642 5696; x_wconf 69' lang='grc'><strong><em>(81)</em></strong></span> <span class='ocrx_word' id='word_1_770' title='bbox 2673 5630 3007 5701; x_wconf 67' lang='grc' dir='ltr'><strong><em>Φιλίππουὲ</em></strong></span> <span class='ocrx_word' id='word_1_771' title='bbox 3041 5631 3213 5701; x_wconf 77' lang='grc' dir='ltr'>Πόλις</span> <span class='ocrx_word' id='word_1_772' title='bbox 3272 5636 3588 5701; x_wconf 76' lang='grc' dir='ltr'>Φιλίππου,</span> <span class='ocrx_word' id='word_1_773' title='bbox 3642 5652 3744 5691; x_wconf 87' lang='lat' dir='ltr'><strong><em>non</em></strong></span> <span class='ocrx_word' id='word_1_774' title='bbox 3785 5642 3856 5686; x_wconf 85' lang='lat' dir='ltr'><strong><em>est</em></strong></span> 
     </span>
    </p>
   </div>
   <div class='ocr_carea' id='block_1_105' title="bbox 2253 5692 3855 5783">
    <p class='ocr_par' dir='ltr' id='par_1_105' title="bbox 2253 5692 3855 5783">
     <span class='ocr_line' id='line_1_105' title="bbox 2253 5692 3855 5783; baseline 0.008 -36"><span class='ocrx_word' id='word_1_775' title='bbox 2253 5692 2633 5783; x_wconf 23' lang='lat' dir='ltr'><strong><em>Ijlti&#39;l‘r&#39;pporutn</em></strong></span> <span class='ocrx_word' id='word_1_776' title='bbox 2685 5700 2839 5783; x_wconf 76' lang='lat' dir='ltr'><strong><em>urbs,</em></strong></span> <span class='ocrx_word' id='word_1_777' title='bbox 2895 5703 2988 5756; x_wconf 88' lang='lat' dir='ltr'><strong><em>sed</em></strong></span> <span class='ocrx_word' id='word_1_778' title='bbox 3016 5692 3521 5783; x_wconf 40' lang='lat' dir='ltr'><strong><em>“Philippopolis,</em></strong></span> <span class='ocrx_word' id='word_1_779' title='bbox 3549 5692 3705 5783; x_wconf 71' lang='lat' dir='ltr'><strong><em>cujus</em></strong></span> <span class='ocrx_word' id='word_1_780' title='bbox 3738 5720 3855 5763; x_wconf 88' lang='lat' dir='ltr'><strong><em>con-</em></strong></span> 
     </span>
    </p>
   </div>
   <div class='ocr_carea' id='block_1_106' title="bbox 2262 5765 3369 5834">
    <p class='ocr_par' dir='ltr' id='par_1_106' title="bbox 2262 5765 3369 5834">
     <span class='ocr_line' id='line_1_106' title="bbox 2262 5765 3369 5834; baseline 0.013 -14"><span class='ocrx_word' id='word_1_781' title='bbox 2262 5765 2741 5827; x_wconf 48' lang='lat' dir='ltr'><strong><em>ﬁuiai‘ncotebant</em></strong></span> <span class='ocrx_word' id='word_1_782' title='bbox 2781 5785 2848 5828; x_wconf 89' lang='lat' dir='ltr'><strong><em>eo</em></strong></span> <span class='ocrx_word' id='word_1_783' title='bbox 2874 5785 2991 5828; x_wconf 83' lang='lat' dir='ltr'><strong><em>aevo</em></strong></span> <span class='ocrx_word' id='word_1_784' title='bbox 3014 5765 3369 5834; x_wconf 76' lang='lat' dir='ltr'><strong><em>Pauliciani.</em></strong></span> 
     </span>
    </p>
   </div>
  </div>
