4022 6270
481 317 586 382 159

1788 314 2008 375 ΛΝΝ
2047 311 2423 375 ΕΟΜΝΕΝᾹΞ

3627 301 3733 365 460

481 435 660 487 minas
691 431 862 487 cladis
905 430 1050 485 hosti
1095 428 1444 500 reponendus.
1492 427 1700 484 Novam
1739 428 1907 498 igitur
1937 444 2060 484 ver-

2172 444 2252 479 ναι
2301 424 2388 491 ἐφ’
2434 418 2513 484 οἷς
2573 417 2831 483 καθάπαξ
2879 417 3323 479 διεδουλεύσατο,
3377 410 3482 469 καῖ
3524 414 3587 469 τὸ
3618 416 3735 471 ὅλον

482 536 605 576 sare
631 535 693 574 ac
741 535 937 590 parare
974 521 1157 575 animo
1185 520 1590 591 expeditionem
1651 521 1839 590 coepit,
1891 528 1944 575 et
1997 521 2052 574 in

482 626 642 667 curas
672 625 736 665 ac
774 611 1175 667 sollicitudines
1207 611 1500 682 reparandi
1548 613 1825 667 exercitus
1859 613 2054 682 priori-

484 704 586 758 bus
616 702 860 758 acriores
902 713 1140 758 mentem
1170 702 1436 758 dividere.
1472 701 1601 756 Erat
1633 702 1678 757 is
1732 711 1929 756 natura
1961 716 2055 757 ve-

482 794 708 849 hemens
733 804 1017 865 promotor
1039 793 1203 849 semel
1229 805 1539 863 ereptorum
1566 809 1723 864 :qua:
1741 795 2056 863 cogitasset,

485 898 609 953 quae
636 884 934 950 decresset,
959 884 1025 938 ab
1050 885 1118 939 iis
1137 883 1405 939 absistere
1427 898 1711 952 nunquam
1730 882 2057 938 inducturus

484 975 539 1029 in
575 975 841 1039 animmn,
886 974 1194 1044 quantaevis
1243 980 1437 1027 contra
1486 982 1844 1027 occursarent
1886 972 2059 1027 malo-

484 1077 605 1117 rum
636 1071 690 1118 et
723 1064 1096 1133 periculorum
1126 1063 1298 1118 moles
1328 1080 1342 1116 :
1382 1063 1741 1132 imperterriti
1791 1062 1950 1132 plane
1976 1061 2060 1116 vir

485 1155 752 1223 pectoris,
784 1153 1107 1222 ﬁduciazque
1150 1154 1235 1207 sui
1277 1160 1466 1220 tanta},
1508 1160 1569 1206 ut
1615 1154 1754 1207 nihil
1811 1169 1923 1207 non
1970 1168 2064 1208 ex-

486 1242 781 1313 pugnabile
806 1242 889 1297 vel
913 1243 979 1296 ad
1009 1243 1252 1310 primum
1295 1258 1459 1298 suum
1511 1244 1775 1312 impetum
1808 1243 2058 1300 duceret.

488 1335 614 1390 Cito
640 1336 809 1404 igitur
853 1348 1089 1389 excusso
1117 1345 1337 1401 torpore
1369 1350 1531 1404 quem
1585 1335 1662 1387 illi
1712 1348 1919 1387 mceror
1953 1335 2059 1388 im-

2165 519 2341 569 εἰπείν
2373 514 2819 579 ἀκατάπληκτος,
2857 508 2951 565 καὶ
3003 512 3181 563 πάντα
3211 505 3361 576 αύτῷ
3396 505 3648 577 ἁλώσιμα
3673 506 3734 559 ὲκ

2166 606 2336 676 μόνης
2370 604 2678 673 προσϐολῆς
2728 603 2974 672 οἰόμενος
3002 596 3273 668 γίνεσθαι.
3308 597 3483 658 Εὐθὺς
3531 595 3629 649 οὖν
3678 598 3737 649 τὸ

2165 695 2399 765 φρονοῦν
2430 693 2578 762 αὐτῷ
2606 696 2700 762 τῆς
2729 691 2909 761 ψυχῆς
2943 685 3265 756 συναγαγὼν
3289 687 3384 738 καὶ
3408 683 3507 755 τῆς
3539 683 3737 752 πολλῆς

2161 787 2401 856 ἀθυμίας
2429 784 2619 839 ἑαυτὸν
2648 782 3119 852 ἀνακτησάμενος,
3167 777 3495 836 ἀποστείλας
3529 792 3737 828 παντα-

2163 878 2320 949 χόθεν
2368 874 2726 946 διεκηρύκευε
2755 874 2853 944 τὴν
2890 874 2970 937 εἰς
2993 871 3056 925 τὸ
3097 868 3392 940 Ἰλλυρικὸν
3414 864 3571 929 αὖθις
3599 867 3741 922 κατὰ

2163 969 2258 1022 τοῦ
2314 968 2578 1040 βασιλέως
2615 963 3027 1033 διαπεραίωσιν,
3067 958 3542 1031 μετακαλούμενος
3567 957 3742 1011 ἃπαν-

2163 1077 2285 1124 τας.
2337 1063 2447 1115 Καὶ
2502 1060 2707 1114 αὐτίκα
2767 1055 3109 1127 πανταχόθεν
3161 1053 3367 1123 πλῆθος
3432 1051 3741 1104 συνείλεκτο

2170 1150 2528 1222 στρατιωτῶν
2561 1151 2774 1203 ἱππέων
2820 1167 2881 1203 τε
2919 1150 3016 1202 καὶ
3057 1145 3239 1211 πεζῶν
3269 1146 3486 1199 πάντων
3519 1143 3746 1210 ἐξωπλι-

2169 1245 2384 1314 σμένων
2425 1242 2730 1313 λαμπρῶς,
2777 1240 3030 1311 καὶπρὸς
3073 1240 3253 1310 μάχην
3302 1237 3742 1293 ἀποϐλεπόντων.

2168 1336 2241 1388 Τὸ
2274 1335 2480 1404 πλῆθος
2502 1331 2656 1388 εἶπεν
2681 1334 2746 1388 ἂν
2772 1334 3041 1404 Ὄμηρος·

486 1425 735 1495 prosperi
778 1439 1072 1479 successus
1125 1423 1438 1489 induxerat,
1476 1424 1725 1478 dimissis
1760 1425 1813 1477 in
1861 1438 2054 1479 omnes
2095 1433 2285 1494 partes
2319 1435 2545 1480 strenue
2575 1425 2786 1479 nuntiis
2826 1425 3127 1480 secundam
3162 1424 3219 1478 in
3276 1420 3561 1493 Illyricum
3635 1431 3745 1475 tra-

484 1516 778 1584 iectionem
820 1514 1334 1583 expeditionemque
1382 1514 1730 1583 pronuntiat,
1787 1513 1957 1570 fortes
1992 1513 2061 1567 ad
2100 1530 2160 1570 se
2181 1530 2248 1570 ac
2273 1517 2539 1571 militares
2566 1517 2717 1572 viros
2744 1514 3086 1585 juvenesque
3117 1514 3308 1585 gloriae
3349 1517 3580 1584 cupidos
3610 1529 3746 1567 con-

490 1625 719 1665 vocans.
745 1607 854 1664 Nec
876 1609 1098 1679 longum
1123 1607 1179 1661 in
1206 1607 1386 1661 medio
1414 1616 1651 1677 tempus,
1675 1620 1729 1663 et
1751 1609 2065 1664 continebat
2105 1612 2353 1681 undique
2412 1627 2677 1667 numerus
2719 1612 2955 1665 militum
3036 1614 3229 1682 ingens
3271 1610 3522 1695 equitum
3585 1611 3743 1679 pedi-

491 1715 752 1773 tumque;
798 1701 995 1754 armati
1065 1716 1257 1756 omnes
1292 1708 1453 1755 erant
1502 1702 1788 1772 splendide
1872 1712 1925 1758 et
1969 1703 2129 1758 oculo
2169 1719 2235 1758 ac
2285 1705 2435 1758 vultu
2501 1705 2757 1759 Martium
2819 1705 3129 1774 spirabant.
3185 1705 3594 1760 Multit'udinem
3667 1704 3748 1760 sic

492 1796 759 1872 Homerus
787 1794 1114 1863 exprimeret
1145 1810 1160 1846 :

491 1933 688 1989 Crebra
731 1941 787 1986 ut
820 1944 981 2000 apum
1024 1927 1321 1999 glomerata
1354 1927 1556 1980 minuto
1604 1928 1855 1980 examina
1887 1927 2058 1997 vulgo,

2180 1926 2350 1984 Ἦῢτε
2363 1928 2539 1979 ἔθνεα
2556 1919 2674 1978 εἶσι
2682 1924 3039 1994 μελισσάων
3064 1923 3350 1992 ἁδινάων,

493 2045 840 2103 confluebant
879 2051 1058 2095 autem
1113 2054 1224 2093 non
1255 2054 1321 2094 ex
1351 2038 1547 2095 vicinis
1579 2040 1755 2108 magis
1803 2055 1961 2111 quam
1999 2055 2064 2094 ex

493 2137 806 2208 longinquis
839 2145 889 2189 et
920 2134 1026 2187 alio
1057 2132 1162 2186 sub
1187 2132 1329 2187 coelo
1365 2131 1489 2186 sitis
1519 2132 1838 2200 regionibus
1876 2139 1932 2186 et
1978 2147 2067 2186 ur.

493 2232 674 2285 bibus.
732 2226 798 2281 Et
850 2225 1129 2280 Bobertus
1191 2225 1258 2277 ad
1310 2222 1741 2292 magnitudinem
1797 2223 2065 2292 propositi

494 2325 788 2389 apparatus
826 2315 1046 2369 modum
1076 2326 1392 2381 exaequatis,
1424 2319 1535 2368 tam
1563 2312 1745 2367 valide
1797 2328 1921 2369 sese
1973 2327 2069 2365 ar-

494 2414 700 2474 mabat,
738 2422 903 2479 quam
934 2404 1161 2476 putabat
1187 2404 1567 2459 necessarium
1600 2403 1669 2458 ad
1692 2404 2067 2459 ulciscendam

498 2502 589 2555 lilii
630 2500 865 2555 cladem.
892 2496 1156 2552 Collectis
1210 2492 1547 2549 exercitibus
1587 2494 1729 2547 filios
1776 2503 2064 2559 convocat,

497 2591 813 2661 iiogerium,
836 2599 890 2643 et
919 2588 1011 2656 qui
1040 2585 1332 2640 dicebatur
1365 2582 1554 2648 Gidas,
1585 2600 1745 2652 quem
1775 2587 2070 2654 imperator

499 2681 720 2736 Alexius
787 2678 1007 2733 occulta
1074 2675 1347 2746 legatione
1406 2682 1716 2729 tentaverat
1772 2674 2070 2729 oﬂerendis

498 2772 707 2841 nuptiis
738 2784 769 2825 e
807 2768 1292 2838 consanguinitate
1347 2780 1443 2820 sua
1480 2782 1494 2817 :
1526 2780 1694 2834 quam
1748 2764 2069 2820 affinitatem

499 2863 771 2917 delatione
819 2861 1092 2913 honorum
1121 2856 1420 2927 insignium
1455 2864 1512 2909 et
1542 2855 1925 2911 liberalissima
1964 2856 2071 2909 lar-

499 2954 706 3023 gitione
748 2950 1000 3022 pecunia:
1054 2949 1337 3002 immensae
1383 2960 1444 3000 se
1491 2947 1899 3001 cumulaturum
1945 2959 2073 3016 pro-

500 3043 747 3099 mittebat
786 3059 799 3094 :
843 3038 1099 3094 audiente
1142 3037 1376 3092 libenter
1426 3051 1490 3090 ca
1538 3037 1756 3103 iuvene,
1802 3036 2073 3107 iidemque

496 3134 609 3204 jam
640 3143 753 3188 tum
786 3145 850 3185 ac
883 3143 1218 3185 consensum
1252 3128 1441 3194 dante,
1467 3143 1782 3196 quanquam
1817 3128 2071 3197 cogitatae

2167 2041 2265 2093 καὶ
2306 2038 2599 2111 συνέρρεον
2627 2039 2689 2093 ἐκ
2722 2056 2782 2091 τε
2806 2040 2919 2091 τῶν
2947 2040 3377 2111 παρακειμένων
3397 2040 3631 2104 πόλεων,
3659 2040 3751 2095 καὶ

2168 2130 2228 2196 ἐξ
2253 2128 2579 2183 ἀλλοδαπῶν
2611 2129 2667 2181 δὲ
2724 2128 2824 2199 οὐχ
2870 2123 3059 2199 ἦττον.
3111 2129 3427 2183 Κάντεῦθεν
3481 2129 3751 2194 ὡπλίζετο

2169 2220 2454 2291 καρτερῶς
2486 2219 2572 2287 ἐφ’
2603 2215 2647 2287 ᾧ
2680 2221 2781 2289 τὴν
2813 2220 2910 2272 τοῦ
2939 2219 3054 2273 υἱοῦ
3090 2220 3530 2275 ἀνακαλέσασθαι
3552 2218 3748 2294 ἧτταν.

2176 2311 2361 2367 Ἱκανὰ
2390 2311 2446 2363 δὲ
2479 2309 2877 2379 συλλεξάμενος
2913 2312 3317 2383 στρατεύματα,
3344 2308 3462 2366 εἶτα
3488 2313 3617 2377 τοὺς
3655 2295 3753 2367 αύ-

2168 2401 2261 2454 τοῦ
2296 2400 2805 2470 μετακαλεσάμενος
2839 2403 2998 2467 υἱεῖς,
3043 2403 3132 2456 τόν
3166 2420 3224 2455 τε
3254 2404 3515 2474 Ῥογέρην
3541 2407 3638 2457 καὶ
3665 2406 3752 2457 τὶν

2169 2489 2329 2542 Γίδαν
2361 2488 2474 2558 (85)
2500 2489 2861 2559 καλούμενον,
2894 2490 2954 2545 ὃν
2989 2495 3017 2545 ὁ
3052 2492 3306 2562 βασιλεὺς
3350 2493 3619 2562 Ἀλέξιος,
3659 2495 3747 2547 θέ-

2168 2578 2278 2630 λων
2301 2578 2396 2631 τοῦ
2426 2579 2633 2648 πατρὸς
2664 2580 3000 2649 ἀποστῆσαι,
3044 2581 3380 2645 ἀποστείλας
3411 2582 3589 2652 λάθρα
3622 2584 3751 2654 περὶ

2172 2667 2371 2736 κήδους
2400 2666 2550 2737 αύτῷ
2579 2668 2850 2738 ἐδήλωσεν
2887 2671 3262 2741 ὑποσχόμενος
3290 2674 3388 2725 καὶ
3418 2672 3591 2743 τιμὴν
3633 2675 3753 2727 δια-

2174 2758 2476 2827 φέρουσαν,
2513 2762 2606 2813 καὶ
2629 2763 2934 2831 χρημάτων
2969 2763 3118 2816 δόσιν
3178 2764 3416 2834 δαψιλῆ·
3447 2768 3474 2819 ό
3528 2765 3590 2819 δὲ
3631 2766 3752 2819 τού-

2172 2870 2282 2908 των
2310 2854 2552 2918 ἀκούσας
2623 2857 2899 2923 συνέθετο,
2948 2860 3039 2910 τὸν
3092 2859 3150 2912 δὲ
3205 2860 3369 2929 λόγον
3423 2863 3563 2925 τέως
3614 2860 3756 2933 εἶχεν

2171 2946 2512 3016 ἁπόῤῥητον.
2544 2946 2768 3012 Τούτοις
2800 2944 2894 3002 οὖν
2926 2949 2985 3001 τὸ
3020 2952 3246 3005 ἱππικὸν
3270 2951 3417 3005 ἅπαν
3452 2955 3756 3023 παραδοὺς,

2173 3037 2460 3089 ἀπέστειλε
2510 3037 2896 3108 παραγγείλας
2951 3041 3257 3096 σπουδάσαι
3303 3047 3610 3113 κατασχεῖν
3670 3047 3756 3096 τῦν

2172 3125 2418 3180 Αὐλῶνα.
2451 3127 2515 3180 Οἳ
2549 3130 2643 3180 καὶ
2671 3128 2692 3159 ⁸
2722 3128 3153 3198 διαπεράσαντες
3186 3132 3245 3198 ἐξ
3278 3132 3610 3203 ἐπιδρομῆς,
3638 3133 3757 3186 τοῦ·

500 3223 825 3279 defectionis
857 3220 1060 3275 indicia
1117 3219 1437 3274 cautissima
1483 3218 1927 3274 dissimulatione
1974 3235 2066 3290 op-

2180 3234 2270 3270 τον
2301 3213 2467 3272 εἷλον.
2510 3220 2621 3271 Καὶ
2652 3220 2964 3290 μετρητούς
2997 3238 3150 3286 τινας
3187 3224 3267 3287 εἰς
3300 3224 3552 3294 φυλακὴν
3594 3224 3756 3279 αὑτοῦ

501 3316 700 3383 pressit
732 3330 803 3368 ne
834 3317 890 3367 in
924 3312 1173 3365 notitiam
1202 3310 1373 3380 patris
1410 3321 1516 3365 aut
1562 3311 1791 3365 fratrum
1847 3326 2069 3366 emana-

503 3415 645 3464 rent.
679 3405 791 3460 Hos
818 3418 960 3474 ergo
987 3400 1264 3465 Robertus
1292 3411 1409 3456 tum
1463 3403 1531 3457 ad
1573 3419 1633 3458 se
1670 3414 1894 3459 vocatos
1929 3404 2072 3459 ﬁlios

501 3496 770 3570 equitatui
796 3492 1040 3563 pra-fecit
1052 3492 1311 3555 universo
1345 3507 1361 3546 :
1387 3507 1495 3561 prae
1511 3508 1680 3562 seque
1710 3495 1898 3548 ambos
1923 3495 2073 3548 misit

501 3604 626 3645 cum
658 3583 958 3648 mandatis,
1005 3591 1066 3637 ut
1114 3581 1383 3637 Aulonem
1433 3591 1651 3637 mature
1699 3593 2070 3655 occuparent;

502 3680 647 3749 quod
684 3676 765 3732 illi
802 3675 938 3729 mari
970 3672 1224 3743 trajecta,
1265 3673 1446 3743 primo
1492 3676 1675 3729 statim
1729 3674 1955 3731 incursu
1991 3675 2091 3731 fe?

500 3774 735 3831 cerunt;
765 3766 1074 3835 idoneoque
1103 3764 1220 3820 illic
1249 3765 1504 3835 praesidio
1524 3766 1719 3821 relicto
1746 3766 2070 3823 Buthrotum

499 3878 624 3918 cum
666 3861 786 3916 suis
815 3858 987 3928 copiis
1016 3857 1246 3927 profecti
1294 3859 1483 3912 urbem
1518 3874 1737 3928 quoque
1786 3860 1935 3914 illam
1988 3860 2070 3914 fa-

408 3986 424 4005 ,
499 3944 605 4008 cile
639 3963 924 4017 ceperunt.
981 3949 1201 4005 interim
1230 3946 1506 4004 Robertus
1550 3962 1674 4002 cum
1726 3949 1905 4003 classe
1952 3949 2073 4003 uni-

2182 3308 2579 3370 καταλιπόντες
2612 3307 2881 3377 μετὰτῶν
2934 3310 3136 3362 λοιπῶν
3198 3310 3614 3376 καταλαϐόντες
3668 3312 3758 3365 τὸν

2141 3427 2155 3435 ν-
2180 3399 2477 3468 Βοθρεντδν
2514 3398 2624 3469 (86)
2657 3399 2714 3465 ἐξ
2742 3399 2937 3470 ἐφόδου
2983 3402 3078 3454 καὶ
3112 3401 3303 3455 τοῦτον
3357 3403 3654 3473 κατέσχον.
3702 3403 3757 3454 ’0

2181 3490 2237 3542 δέ
2260 3506 2322 3557 γε
2368 3489 2727 3560 Ῥομπέρτος,
2761 3492 2821 3543 τὸ
2851 3492 3110 3545 ναυτικὸν
3145 3492 3312 3546 αὐτοῦ
3345 3493 3493 3547 ἅπαν
3547 3496 3754 3549 ἀναλα-

2182 3580 2436 3649 ϐόμενος,
2471 3582 2565 3632 καὶ
2594 3582 2695 3651 τὴν
2730 3583 2787 3644 ὲς
2834 3584 2855 3615 ⁸
2885 3584 2944 3635 τὶ)
2979 3582 3275 3653 Βοθρεντὸν
3307 3583 3597 3654 παραλίαν
3646 3602 3752 3638 παι

2187 3671 2439 3740 ραπλέων
2470 3672 2741 3725 κατέλαϐε
2805 3674 2866 3727 τὸ
2915 3675 3265 3745 Βροντήσιον,
3318 3676 3404 3744 ἐφ’
3431 3669 3476 3744 ᾧ
3509 3679 3652 3749 πρὸς
3698 3678 3755 3730 τὸ

2194 3762 2492 3834 Ἰλλυρικὸν
2521 3763 2873 3836 διαπερᾶσαι.
2930 3764 3034 3819 Τὸν
3059 3766 3104 3818 δ’
3139 3769 3247 3820 άπὸ
3340 3769 3438 3839 τῆς
3506 3768 3755 3840 Ὑδροῦν-

2179 3871 2270 3918 τος
2300 3854 2321 3886 ⁸
2348 3855 2599 3926 πορθμὸν
2652 3853 2815 3927 ἦττον
2863 3857 3144 3929 διάστημα
3205 3860 3351 3930 ἔχειν
3394 3860 3755 3932 μεμαθηκὼς.

2179 3946 2390 4001 ἐκεῖθεν
2424 3948 2750 4020 διεπέρασεν
2782 3949 2893 4020 (87)
2920 3952 3000 4014 εἰς
3029 3951 3123 4004 τὸν
3151 3952 3407 4021 Αὐλῶνα,
3465 3955 3564 4009 καὶ
3616 3952 3757 4007 οὕτω

1472 4078 1479 4095 ί
1562 4087 1760 4148 Variae
1789 4088 2101 4151 lectiones
2135 4105 2209 4147 ex
2245 4088 2382 4148 cod.
2431 4087 2698 4149 Coisiin.

570 4216 590 4243 ⁸
620 4212 697 4263 δέ.
773 4211 792 4239 ⁵
819 4209 891 4270 ὡς
934 4208 1091 4277 πρός.
1171 4206 1189 4235 ⁸
1230 4202 1547 4273 Ἱδροῦντος.

1569 4298 1705 4359 Car.
1738 4296 2069 4359 Dufresnii
2110 4301 2209 4361 Du
2242 4300 2462 4377 Cangii
2493 4310 2685 4361 noue.

576 4425 687 4493 (85)
741 4422 950 4476 Γιδαν.
1009 4421 1470 4493 Τνοεησχδίεῑονο
1515 4420 1808 4493 Wiscardo
1848 4436 1913 4474 ex
1976 4418 2069 4493 _Si-

507 4490 738 4563 gel‘gaita
802 4493 1034 4563 conjuge
1092 4492 1184 4543 filii
1244 4494 1524 4556 masculi;
1594 4490 2068 4563 linigeriiis,dux

506 4559 713 4633 Apuliae
737 4578 780 4633 ;_
806 4559 943 4633 alter
976 4559 1274 4633 iiloliertus
1313 4563 1418 4633 qui
1475 4563 1780 4633 subscribit
1817 4562 2067 4633 Diploma

506 4629 726 4702 Rbgerii
758 4630 946 4684 fratris
978 4629 1135 4702 ducis
1176 4630 1448 4702 Calabriae
1498 4646 1597 4702 pro
1651 4632 1889 4684 Ecclesia
1921 4630 2070 4702 Con;

508 4699 746 4767 sentina,
810 4714 898 4754 an.
973 4700 1133 4771 1095,
1201 4702 1343 4769 apud
1411 4699 1717 4771 Ugltcllnm,
1788 4708 1938 4753 torno
1988 4699 2071 4771 VIX

512 4771 642 4841 Ital.
664 4786 807 4841 διιεῖ.
849 4784 973 4839 pag.
1005 4770 1130 4831 257,
1164 4785 1264 4825 nec
1298 4770 1471 4826 multo
1506 4771 1832 4841 postobiit;
1869 4770 2069 4841 tertius

508 4840 703 4897 Guido.
740 4839 790 4896 Is
820 4841 997 4893 navali
1028 4841 1215 4910 praelia
1242 4854 1363 4894 cum
1394 4839 1613 4897 Venetis
1643 4840 1777 4910 inito
1798 4839 2067 4910 interfuit,

510 4915 587 4968 uti
630 4915 785 4965 Anna
841 4908 1252 4964 commemorat.
1286 4910 1533 4966 Fratrem
1572 4909 1764 4964 deinde
1795 4908 2066 4962 Boemun-

506 4989 633 5037 itum
665 4982 720 5036 in
774 4980 1174 5052 expeditionem
1213 4996 1440 5052 sacram
1500 4980 1938 5052 proficiscentem
1971 4993 2067 5032 eo-

513 5057 749 5115 :ititatus,
816 5052 1030 5104 I'ortiter
1084 5051 1151 5103 iis
1209 5051 1261 5103 in
1320 5050 1593 5106 bellis'sc
1644 5050 1859 5118 gessit,‘
1892 5062 2068 5117 eoque

513 5123 730 5176 nomine
778 5119 1086 5176 celebratur
1124 5135 1154 5172 a
1195 5119 1516 5182 Tudebodo,
1545 5115 1776 5181 libfiv;
1829 5115 2067 5172 Roberto

508 5192 652 5252 Non.
687 5190 781 5245 lib.
820 5207 871 5245 vr
900 5206 914 5255 ;
949 5188 1216 5253 Baldrico,
1252 5193 1347 5245 lib.
1382 5206 1441 5244 ιιι
1471 5208 1485 5257 ;
1543 5189 1824 5253 Guiberto,
1879 5188 1973 5241 lib.
2009 5202 2065 5251 ν,

513 5277 630 5330 cap.
667 5260 737 5314 26
767 5270 821 5314 et
854 5260 921 5312 27
954 5276 968 5325 ;
1004 5268 1057 5313 et
1083 5258 1359 5317 Willelnio
1388 5260 1574 5330 'l‘yrio,
1603 5260 1795 5330 lib._vt,
1824 5260 2064 5330 cap.ii.

511 5327 677 5386 Periit
708 5330 922 5385 tandem
954 5331 1047 5384 ille
1076 5345 1142 5385 ex
1171 5330 1330 5393 febri,
1359 5327 1673 5385 Boemundo
1703 5327 2061 5398 Dyrrachium

512 5401 793 5454 obsidente
818 5414 961 5453 anno
988 5399 1196 5454 Christi
1228 5399 1386 5465 1107,
1426 5409 1481 5453 ιιι
1530 5403 1791 5452 docemur
1821 5412 1886 5450 ex
1922 5402 2066 5452 scri-

516 5481 663 5536 ptore
694 5469 949 5540 Historia;
981 5467 1270 5540 Ilierosol.,
1305 5486 1426 5540 pag.
1469 5468 1594 5528 ti08,
1646 5468 1786 5535 apud
1805 5465 2066 5540 _l.’oongnr-

517 5539 655 5591 sium
684 5577 699 5602 ,
735 5538 949 5592 tametsi
974 5537 1320 5604 probabilius
1347 5537 1526 5594 sOluta
1555 5540 1665 5607 jam
1700 5537 1987 5591 obsidione
2013 5544 2067 5589 et

514 5623 644 5673 pace
666 5608 912 5660 Alexium
938 5610 1082 5660 inter
1104 5616 1157 5661 et
1189 5607 1560 5661 Boemundutn
1597 5608 1809 5660 [innata
1841 5607 2064 5671 obiisse,

525 5694 573 5731 .x
611 5678 676 5729 iis
706 5692 822 5743 qua:
845 5676 912 5730 ab
938 5682 1095 5730 Anna
1126 5687 1444 5742 narrantur,
1486 5679 1584 5732 lib.
1650 5691 1764 5739 xui,
1812 5690 1929 5744 pag.
1964 5677 2066 5730 588

2173 4432 2229 4477 et
2266 4437 2445 4497 seqq.;
2482 4422 2746 4497 Ordcrico
2778 4424 2884 4478 Vit.
2928 4425 3133 4497 lib.ixt,
3166 4442 3289 4497 pag.
3345 4429 3470 4489 89.4,
3527 4441 3585 4485 et
3642 4441 3747 4488 vet.

2173 4495 2444 4569 scriptore
2467 4495 2570 4569 qui
2593 4505 2768 4547 exstat
2798 4504 2938 4569 tum.
2977 4496 3039 4547 IV
3076 4496 3218 4569 Hist.
3246 4495 3456 4553 Frauc.
3496 4517 3626 4569 pag.
3662 4501 3752 4553 9:».

2245 4564 2358 4632 (86)
2392 4566 2747 4630 Βόθρεντον.
2798 4563 3046 4632 Rogerus
3105 4563 3600 4622 Havedcnusam't
3642 4572 3755 4623 exi-

2175 4642 2283 4684 tum
2316 4634 2506 4686 insula:
2550 4634 2614 4685 de
2662 4632 2897 4701 Cuncrfu
2946 4637 2998 4687 in
3061 4636 3321 4691 Romamn
3370 4648 3447 4692 εει
3476 4643 3755 4693 castellum

2172 4703 2465 4762 desertum.
2543 4708 2682 4771 quod
2740 4705 2943 4757 dicitur
2996 4704 3329 4767 Buleiitrost.
3390 4725 3549 4770 super
3604 4712 3752 4761 littus

2176 4774 2360 4836 maris,
2386 4774 2441 4824 in
2469 4770 2570 4840 quo
2595 4770 2768 4825 Judas
2792 4777 3033 4841 proditor
3057 4788 3212 4829 natus
3238 4789 3373 4831 erat.
3404 4778 3751 4835 Bulbi-mum.

2177 4844 2521 4908 geographis,
2562 4845 2639 4894 uti
2682 4859 2845 4905 supra
2885 4847 3224 4899 monuimus.
3258 4846 3495 4901 'Servius
3526 4850 3596 4901 ad
3627 4847 3752 4900 illud

2172 4910 2381 4980 Virgilii
2409 4911 2500 4964 lib.
2539 4927 2595 4964 ιιι
2628 4912 2872 4966 [ﬂuvida

2312 4979 2378 5032 Et
2408 4981 2599 5035 celsam
2627 4980 2874 5035 But/irati
2897 4986 3229 5039 ascendimus
3266 4987 3445 5040 urbem
3470 5003 3490 5051 ;
3583 5004 3593 5017 ν

2167 5050 2279 5104 Ιιωσ
2309 5052 2609 5123 civitasiest
2659 5054 2712 5103 in
2768 5052 2952 5115 Epiro.
3002 5060 3152 5121 cujus
3202 5072 3328 5123 pars
3375 5050 3748 5121 estC/mania,

2168 5138 2283 5190 quae
2314 5131 2434 5174 ante
2462 5121 2712 5175 Molossia
2747 5126 2889 5175 dicta
2918 5133 3017 5177 est.

2242 5190 2353 5261 (87)
2389 5192 2771 5257 Διεπέρασεν.
2811 5192 3047 5259 Trajecit
3100 5194 3298 5249 iterum
3360 5197 3641 5253 Rohertus
3695 5197 3748 5250 in

2171 5260 2456 5331 Illyricum
2497 5277 2688 5314 mense
2724 5262 3054 5330 Septembri,
3113 5279 3258 5318 anno
3319 5268 3538 5322 scilicet
3597 5269 3753 5322 Chri-

2171 5330 2432 5408 s_ti’108l,
2471 5344 2529 5408 ut
2556 5340 2762 5408 auctor_
2785 5342 2870 5385 est
2916 5332 3461 5408 iialaterra,'lib.m,
3498 5352 3628 5408 cap.
3664 5336 3749 5408 κιο.

2168 5402 2331 5473 Gesta
2378 5401 2607 5473 initae
2669 5403 2857 5473 ultima
2913 5403 3517 5473 “Obel‘lieXpCtllltUJB
3565 5401 3748 5460 multis

2172 5469 2339 5542 refert
2367 5470 2691 5524 Guillelmus
2744 5472 2908 5538 Apul.
2939 5474 3039 5529 lib.
3097 5489 3147 5539 ν,
3209 5469 3327 5542 quae
3361 5487 3422 5526 an
3456 5476 3749 5531 illustran-

2169 5540 2294 5590 dam
2351 5545 2565 5593 Annam
2630 5543 2865 5611 integra,
2923 5544 3025 5595 etsi
3081 5540 3392 5610 proliaiora,
3457 5546 3570 5599 huc
3630 5549 3747 5599 loco

2171 5612 2409 5681 damus,
2472 5625 2595 5662 cum
2656 5612 2743 5663 hic
2791 5614 3043 5681 egregips
3086 5615 3335 5680 scriptor,
3380 5615 3511 5669 licet
3578 5619 3746 5669 semel

2173 5680 2372 5743 editus,
2411 5680 2555 5734 haud
2586 5680 2845 5736 omnibus
2874 5680 3067 5737 obvius
3114 5685 3225 5739 sit,
3672 5680 3676 5684 Α
