4022 6270
273 236 364 297 489

1519 222 1928 286 ALEXIADIS
1970 222 2115 283 LIB.
2162 219 2267 283 VI.

3388 209 3492 271 490

268 355 364 411 ταῖς
376 346 603 417 δωρεαῖς
618 345 683 397 δι’
708 342 954 413 ἐρυϋρῶν
974 340 1485 412 συνυπογράφοντος
1507 338 1700 408 τούτῳ,
1720 338 1824 391 κὰν

1934 335 2146 389 demate
2177 339 2431 403 parentes
2462 330 2667 401 dignati
2708 338 2837 385 sunt
2863 344 2879 392 ;
2908 335 2960 382 et
2993 328 3248 396 quoniam
3282 327 3495 398 imperii

268 443 365 502 ταῖς
387 439 745 508 προπομπαῖς
777 434 916 505 μετὰ
940 435 1136 504 τιάρας
1165 433 1313 502 αὐτῷ
1346 433 1812 500 συνεφεπομὲνου,

270 535 353 586 κάν
369 533 489 592 ταῖς
517 529 813 597 εὐφημίαις
829 527 1087 595 δευτέρου
1118 526 1163 558 ⁸³
1196 526 1635 596 εὐφημουμένου,
1660 521 1816 586 κάγὼ

268 622 384 688 εὑςη
394 618 615 687 μεῖσθαι
638 616 887 685 ἔμελλον.
910 617 1318 668 Κωνσταντῖνον
1340 614 1433 666 καὶ
1467 612 1666 665 ’Ἄνναν
1698 610 1742 642 ⁸³
1758 612 1815 663 ἐν

265 707 421 776 ταὺτῷ
446 704 756 772 ὲξεφὼνουν
778 706 834 757 ὲν
856 707 968 768 τοῖς
990 705 1085 772 τῆς
1105 704 1377 772 εὐφημίας
1400 705 1628 771 καιροῖς,
1644 704 1692 754 οί
1714 703 1815 768 τῆς

264 795 516 866 εὐφημίας
549 794 983 864 προεξάρχοντες
1030 794 1164 862 (55).
1202 795 1310 846 Kal.
1346 792 1502 845 τοῦτο
1531 792 1594 861 δὴ
1653 791 1815 861 μέχρι
1852 804 1853 807 ‘

263 888 445 958 καιρῶν
482 886 688 939 ἱκανῶν
729 887 964 937 ἐτελεῖτο
1004 883 1149 952 ὦσγε
1178 884 1222 916 ⁸⁸
1254 900 1344 953 μοι
1392 884 1500 936 τῶν
1537 884 1817 950 συγγενῶν

262 982 339 1033 καὶ
366 978 517 1048 ἐμῶν
547 978 890 1047 γεννητόρων
935 978 992 1029 ἐν
1025 976 1273 1046 ὑστέροις
1306 975 1565 1037 πολλάκις
1601 975 1820 1044 διηγου-

263 1073 420 1139 μένων
468 1072 707 1129 ἀκήκοα.
758 1068 1167 1137 Προμάντευμα
1217 1067 1272 1120 δὲ
1326 1068 1455 1129 ἴσως
1501 1066 1660 1118 τοῦτο
1708 1064 1818 1117 τῶν

260 1165 365 1231 ἐμοὶ
386 1163 786 1231 ξυμπεσόντων
809 1159 899 1228 ἦν,
925 1160 1037 1212 εἴτε
1060 1158 1481 1229 εὐτυχημάτων,
1516 1158 1625 1210 εἴτε
1651 1154 1821 1224 τοῦμ-

260 1260 400 1308 παλιν
446 1253 912 1322 δυστυχημάτων.
960 1253 1113 1304 Ἐπεὶ
1159 1252 1216 1304 δὲ
1248 1253 1363 1314 τοῖς
1409 1248 1688 1319 βασιλεῦσι
1727 1248 1821 1300 καὶ

259 1347 492 1415 δεύτερον
548 1345 744 1415 ἐτέχθη
779 1344 915 1413 Οῆλυ
948 1342 1061 1414 (54)
1094 1343 1371 1411 ἀναφέρον
1414 1342 1513 1410 μὲν
1556 1341 1699 1393 κατά
1722 1341 1821 1410 τὴν

257 1441 364 1506 δψιν
398 1440 478 1500 εἰς
522 1438 651 1499 τοὺς
696 1435 1019 1506 προγόνους,
1050 1435 1315 1502 ἐμφαῖνον
1340 1432 1396 1483 δὲ
1444 1431 1559 1499 ἅμα
1595 1430 1687 1481 καὶ
1722 1428 1821 1499 τὴν

260 1530 538 1598 ἐσύστερον
581 1528 1003 1595 ἔπιλάμπουσαν
1048 1524 1198 1593 αὐτῴ
1228 1525 1432 1593 ἀρετήν
1460 1539 1518 1573 τε
1563 1520 1661 1573 καὶ
1693 1520 1822 1588 φρό-

259 1638 418 1691 νησιν,
461 1620 768 1673 ὲπεπόθουν
808 1620 901 1670 καὶ
956 1619 1124 1686 ἄρρεν
1162 1618 1365 1679 τεκεῖν,
1413 1614 1508 1666 καὶ
1560 1612 1627 1664 δι’
1657 1611 1821 1680 εὐχῆς

1922 427 2265 481 consortium
2306 434 2423 480 tum
2486 423 2837 478 obtinebatis
2866 422 2933 475 de
2960 437 3070 490 quo
3125 420 3311 476 multis
3363 420 3499 476 alias

1922 517 2140 584 egimus
2173 514 2578 569 Constantinus
2606 512 2887 567 Michaelis
2922 511 3082 565 Dura:
3106 511 3237 565 olim
3266 511 3498 581 Augusti

1924 607 2092 671 ﬁlius,
2126 607 2200 659 ita
2231 615 2292 660 ut
2316 606 2706 661 donationibus
2727 604 3083 658 rubramento
3109 604 3501 667 subscriberet,

1922 710 1975 753 et
2008 699 2064 753 in
2096 701 2313 770 pompis
2345 699 2690 754 solemnibus
2730 699 2978 767 proxime
3017 698 3325 765 Augustum
3365 696 3501 750 tiara

1922 794 2155 862 insignis
2186 800 2539 861 sequeretur,
2594 802 2876 863 postremo
2917 792 2970 844 in
3012 790 3505 845 acclamationibus

1922 885 2165 937 secundo
2227 883 2351 936 loco
2402 882 2803 949 nominaretur,
2854 882 3209 935 constitutum
3265 889 3396 934 est:
3447 890 3508 933 ut

1924 976 2183 1046 quoniam
2247 976 2350 1029 mei
2415 990 2636 1044 quoque
2692 974 2805 1044 jam
2860 982 3138 1028 coronata:
3198 975 3402 1027 mentio
3450 974 3504 1026 in

1925 1068 2328 1121 acclamatione
2377 1066 2629 1121 facienda
2678 1074 2819 1130 erat,
2853 1069 3052 1120 talium
3099 1069 3362 1136 deinceps
3394 1069 3509 1123 cla-

1925 1174 2141 1214 morum
2218 1170 2583 1229 praecentores
2669 1159 3093 1213 Constantinum
3167 1167 3222 1213 et
3291 1158 3506 1214 Annam

1927 1252 2301 1306 acclamarent
2336 1269 2351 1305 :
2383 1252 2433 1305 id
2461 1251 2606 1320 quod
2643 1252 2776 1305 satis
2802 1252 2964 1320 longo
3000 1260 3245 1320 tempore
3277 1254 3350 1305 ita
3384 1268 3511 1307 esse

1927 1342 2131 1395 factum
2166 1357 2193 1394 a
2223 1343 2545 1409 parentilms
2605 1341 2808 1396 deinde
2856 1343 2993 1397 meis
3042 1344 3367 1410 cwterisque
3412 1358 3510 1398 co-

1925 1434 2109 1503 gnatis
2145 1434 2346 1502 smpius
2376 1434 2580 1488 audivi.
2615 1432 2920 1503 Augurium
2954 1434 3209 1488 videlicet
3237 1434 3372 1488 illud
3418 1444 3512 1489 aut

1925 1540 2086 1579 Omen
2113 1524 2216 1577 fuit
2243 1540 2436 1579 eorum
2471 1541 2595 1594 qua:
2625 1525 2826 1579 deinde
2857 1526 2985 1578 mihi
3022 1526 3076 1580 in
3121 1528 3229 1580 vita
3269 1528 3353 1581 vel
3382 1543 3510 1595 pro-

1929 1631 2087 1684 spera
2126 1617 2480 1685 contigerunt
2517 1618 2597 1670 vel
2634 1617 2887 1671 adversa.
2932 1618 3069 1671 Nata
3104 1633 3271 1686 porro
3307 1618 3512 1673 deinde

260 1714 429 1775 αὺτοῖς
472 1709 622 1763 τοῦτ’
665 1705 754 1780 ἦν.
798 1710 1208 1778 Ἐπινεμήσεως
1239 1702 1331 1759 οὖν
1376 1703 1670 1771 ἑνδεκάτης
1711 1702 1822 1772 (55)

1934 1707 2194 1776 Augustis
2228 1715 2285 1759 et
2313 1706 2418 1759 alia
2454 1707 2660 1777 puella,
2690 1708 2964 1763 referente
3002 1720 3054 1763 et
3084 1710 3197 1777 ipsa
3256 1722 3511 1778 parentes

250 1802 569 1871 ’τρεχούσης,
605 1800 855 1854 τίκτεται
906 1798 1120 1860 τούτοις
1169 1797 1263 1850 καὶ
1298 1798 1485 1866 ἄρρεν.
1523 1794 1699 1856 Εὐθὺς
1730 1789 1823 1845 οὖν

261 1897 304 1947 οἱ
338 1896 431 1965 μὲν
465 1897 645 1963 γονεῖς
678 1893 1041 1963 ὲγεγὴθεσαν,
1076 1892 1167 1945 καὶ
1194 1891 1427 1950 πένθους
1449 1889 1547 1940 οὐκ
1570 1887 1652 1938 ἔτι
1675 1887 1822 1955 ἴχνος

258 1989 429 2051 αὐτοῖς
478 1986 852 2050 ἐπιλέλειπτο,
880 1988 979 2055 τῆς
1010 1985 1159 2054 σφῶν
1210 1984 1506 2051 ἐπιθυμίας
1535 1983 1614 2043 είς
1656 1981 1821 2051 ἔργον

260 2080 601 2154 προαχθήσης
634 2077 700 2130 ⁵⁸.
735 2078 809 2130 Τὸ
838 2078 894 2131 δὲ
926 2078 1171 2147 ὑπήκοον
1198 2075 1343 2128 ἆπαν
1372 2075 1664 2143 ὲσκίρτωνε
1694 2074 1821 2134 τοὺς

260 2168 588 2238 κρατοῦντας
645 2166 811 2221 αὐτοῦ
846 2167 893 2198 ⁸⁸
937 2167 1231 2237 χαίροντας
1281 2166 1445 2234 ὁρῶν,
1501 2163 1822 2232 συνέχαιρον

257 2261 518 2329 ἀλλήλοις,
547 2259 907 2330 ἐγεγήθεσαν.
940 2254 1050 2311 Ἦν
1080 2258 1124 2290 ⁸⁷
1154 2258 1281 2311 ίδεῖν
1312 2257 1379 2309 τὰ
1412 2255 1659 2324 βασίλεινι
1688 2272 1825 2323 χαρ-

262 2355 421 2423 μονῆς
451 2352 711 2405 ἀνάπλεω
761 2352 854 2406 καὶ
900 2351 1098 2412 πένθος
1141 2349 1406 2418 οὐδαμοῦ,
1454 2349 1577 2402 οὐδὲ
1627 2346 1822 2417 ἑτέρας

256 2444 641 2513 οῖασδηποτοῦν
684 2442 913 2507 ἑννοίας,
961 2443 1073 2496 τῶν
1103 2441 1205 2512 μὲν
1256 2444 1320 2494 ἐκ
1362 2441 1532 2510 μέσης
1569 2442 1823 2509 Ouidium

257 2535 481 2601 καρδίας
506 2534 810 2605 χαιρόντων
850 2534 1038 2585 ὁπόσοι
1074 2528 1244 2594 εὖνοι,
1290 2530 1399 2583 τῶν
1452 2531 1508 2583 δὲ
1542 2546 1827 2599 συσχημα-

257 2626 560 2693 τιζομένων
607 2625 841 2694 χαίρειν.
882 2622 1039 2676 Ἐστι
1088 2624 1186 2693 μὲν
1220 2622 1328 2693 γὰρ
1372 2623 1434 2675 τὸ
1483 2623 1722 2693 ὑπήκοον
1754 2622 1829 2684 ὡς

258 2718 461 2769 ἐπίπαν
502 2714 729 2769 δύσνουν
758 2716 872 2777 τοῖς
901 2714 1221 2785 κρατοῦσιν,
1262 2714 1736 2783 σχηματιζόμενον
1771 2712 1828 2764 δὲ

256 2812 322 2864 τὰ
350 2809 524 2863 πολλὰ
553 2809 649 2862 καὶ
670 2808 760 2861 διὰ
782 2806 1074 2869 κολακείας
1101 2807 1486 2882 ἐπισπγώμενον
1506 2805 1635 2866 τοὺς
1660 2804 1828 2875 ὑπερ-

1930 1799 2102 1862 vultu,
2133 1808 2193 1853 et
2221 1800 2421 1853 iudicia
2446 1800 2559 1867 jam
2593 1807 2706 1852 tum
2735 1801 2917 1868 aliqua
2952 1810 3297 1855 monstrante
3338 1800 3513 1854 virtu-

1927 1893 1996 1947 tis
2030 1894 2151 1959 ejus
2206 1908 2270 1947 ac
2336 1894 2621 1964 sapientiae
2672 1909 2795 1963 quin
2854 1895 2907 1947 in
2948 1910 3009 1948 ea
3065 1902 3252 1964 postea
3290 1897 3508 1949 eluxit:

1929 1985 2273 2039 desiderium
2313 1986 2462 2054 ipsos
2519 1986 2747 2040 inCessit
2773 1986 2916 2040 votis
2960 1987 3201 2041 incensis
3253 1986 3509 2056 ﬂagrans,

1932 2076 2107 2144 prolis
2138 2090 2361 2144 quoque
2406 2076 2582 2129 virilis
2621 2076 2845 2130 edendae
2882 2093 2896 2131 :
2928 2077 3088 2146 cujus
3131 2084 3185 2130 et
3230 2085 3511 2145 compotes

1935 2167 2066 2220 facti
2097 2175 2226 2222 sunt
2257 2175 2513 2221 currente
2572 2168 2870 2221 indictione
2927 2169 3250 2222 undecima.
3281 2168 3511 2234 Quando

1930 2261 2179 2328 Augusta
2216 2273 2445 2327 puerum
2474 2273 2677 2312 marem
2712 2260 2897 2322 enixa,
2942 2260 3205 2313 immensa
3260 2263 3507 2328 quadam

1934 2353 1987 2405 in
2032 2359 2316 2420 parentem
2359 2360 2659 2419 utrumque
2705 2350 2891 2404 laetitia
2930 2350 3275 2415 redundavit,
3324 2353 3397 2405 ita
3453 2364 3513 2404 ut

1936 2441 2194 2513 praeteriti
2229 2442 2410 2495 luctus
2466 2440 2582 2509 ipsa
2624 2443 2892 2495 memoria
2955 2443 3080 2496 novi
3144 2443 3513 2513 gratulatione.

1934 2535 2121 2604 gaudii
2152 2535 2403 2589 abstersa
2429 2548 2698 2603 erasaque
2729 2534 3028 2589 videretur.
3062 2534 3129 2589 At
3160 2536 3422 2605 populus,
3456 2544 3514 2587 ut

1935 2626 2002 2679 ad
2044 2636 2208 2680 nutus
2237 2624 2623 2695 imperantium
2668 2625 2805 2694 ﬁngi
2834 2628 2997 2691 solet,
3029 2628 3191 2698 168
3231 2628 3284 2681 in
3319 2642 3513 2682 omnes

1936 2714 2139 2767 laetitiae
2171 2712 2605 2782 signiﬁcationes
2656 2712 3063 2770 effundebatur.
3108 2716 3350 2770 Cernere
3397 2727 3515 2768 erat.

1935 2806 2300 2861 exsultantem
2337 2808 2541 2871 aulam,
2571 2807 2885 2863 exsultante
2924 2807 3037 2877 jam
3090 2810 3252 2878 plane
3281 2823 3516 2864 maerore

1302 2896 1512 2957 Variae
1553 2894 1860 2956 lectiones
1905 2912 1982 2956 ex
2015 2897 2153 2956 cod.
2190 2896 2464 2961 Coislin.

330 3006 375 3039 ⁸³
400 3003 684 3076 δευτέραν.
763 3001 809 3033 ⁸³
840 3001 1260 3056 Κωνσταντίνου
1291 3002 1389 3055 καὶ
1440 3000 1669 3068 Ἀννης.

1744 2996 1788 3027 ⁸⁸
1819 2997 2031 3068 ὥσπερ.

2109 2998 2156 3030 ⁸⁸
2197 2999 2592 3071 προαχθείσης
2670 3001 2717 3034 ⁸⁸
2740 3002 2902 3056 οὕτω.
2981 3001 3027 3035 ’⁵⁷
3069 3004 3165 3056 καὶ
3201 3000 3291 3074 ἦν.

1326 3120 1465 3183 Car.
1509 3116 1841 3180 Dufresnii
1877 3118 1970 3177 Du
1993 3116 2218 3194 Cangii
2252 3124 2441 3179 notae.

261 3246 426 3309 sistit,
459 3243 660 3312 duplex
711 3250 817 3296 est.
852 3241 1212 3296 Characteres
1241 3243 1334 3312 qui
1366 3242 1433 3297 ad
1486 3242 1671 3311 ﬁgurae
1700 3242 1830 3296 dex-
1861 3225 1903 3279 θ
1942 3245 1986 3297 is
2018 3243 2180 3312 cujus
2211 3242 2433 3295 tuemini
2479 3257 2543 3295 ex
2574 3241 2744 3309 probo
2778 3240 3051 3296 conﬂatus
3079 3257 3221 3312 auro
3268 3244 3508 3305 videtur.

258 3329 399 3372 trum
430 3315 847 3373 describuntur,
870 3314 1160 3379 perspicue
1184 3312 1481 3367 conﬁciunt
1503 3314 1615 3365 haec
1642 3313 1826 3373 verba,

262 3385 604 3443 ΜΑΝΟΥΗΛ
654 3382 945 3436 ΔΕΟΠΟΤ.
978 3382 1056 3434 Ad
1095 3383 1281 3436 licvam
1321 3397 1470 3443 vero,
1535 3383 1622 3434 ΤΩ
1674 3380 1835 3434 [ιυρ-

258 3456 509 3516 ΦΥΡΟΓ,
544 3454 595 3505 id
619 3461 737 3523 est,
774 3453 852 3521 τῷ
884 3453 1401 3523 ΙΙορφυρογεννήτῃ,
1459 3453 1531 3523 ita
1574 3462 1633 3523 ut
1694 3451 1835 3523 forte

262 3526 481 3580 Manuel
513 3539 578 3577 co
612 3522 857 3590 epitheto
893 3523 947 3575 in
983 3523 1192 3588 imperii
1227 3521 1582 3576 successione
1613 3521 1825 3574 Isaacio

261 3599 444 3655 fratri.
514 3593 801 3661 superstiti
855 3592 981 3645 licet
1040 3601 1095 3644 et
1154 3592 1538 3660 primogenito,
1584 3591 1705 3661 jure
1761 3606 1826 3644 se

258 3666 509 3736 νηοῖσι-τί
553 3658 812 3736 debuisse
849 3658 1173 3736 ostenderit,
1232 3676 1357 3736 cum
1385 3663 1567 3736 caeteri
1597 3658 1830 3736 Joannis

258 3731 515 3805 parentis
545 3731 959 3805 ﬁtiihhlanuelis
982 3732 1178 3785 fratres
1200 3732 1829 3805 primogeniti,Alcxius,

258 3801 641 3863 Andronicus,
705 3811 755 3870 et
792 3801 1055 3863 lsaacius,
1117 3812 1243 3855 ante
1290 3802 1541 3870 adeptam
1596 3816 1625 3853 a
1678 3812 1832 3869 patre

259 3875 697 3943 imperatoriam
717 3869 1038 3943 dignitatem
1067 3871 1117 3923 in
1153 3872 1330 3925 lucem
1361 3869 1649 3943 editigsint,
1685 3871 1835 3923 solus

256 3940 486 4000 Ma'tittel
524 3950 649 4007 post
672 3940 849 3993 Alexii
886 3942 969 3991 avi
1002 3954 1289 3994 excessum
1327 3949 1481 4007 patre
1507 3941 1837 4003 imperatore

252 4026 431 4070 natus
462 4012 667 4073 fuerit;
707 4019 872 4076 atque
916 4010 967 4063 id
1004 4011 1350 4077 potissimum
1380 4023 1561 4062 causa:
1592 4009 1715 4071 fuit,
1743 4024 1841 4061 cur

250 4087 311 4139 in
346 4081 596 4138 nummis
622 4090 676 4133 et
713 4078 906 4139 Bullis,
936 4094 1031 4132 seu
1064 4080 1480 4148 Diplomatibu_s,
1512 4088 1675 4145 atque
1706 4079 1840 4131 adeo

254 4152 536 4211 Novellis,
574 4148 723 4203 istud
747 4149 1024 4216 epitheton
1058 4146 1351 4203 allectat-it.
1407 4146 1595 4200 Tradit
1634 4149 1840 4217 quippe

249 4226 596 4284 Cinnamus,
629 4220 723 4272 lib.
755 4233 792 4270 ι.
824 4217 1125 4271 Manuelem
1164 4235 1287 4272 cum
1325 4226 1527 4285 patrem
1577 4217 1629 4270 in
1672 4232 1838 4283 expe-

250 4294 542 4347 ditionem
590 4288 1084 4342 Neocwsariensem
1124 4297 1344 4341 secutus
1398 4298 1485 4341 est
1537 4303 1626 4339 an.
1678 4287 1836 4349 1142,

1945 3310 2161 3367 Profert
2225 3320 2485 3383 prtt’terea
2545 3310 3223 3383 supralaudatus__323
3306 3314 3505 3371 Stradzi

1943 3382 2717 3453 nummutnaliunraureum,
2776 3396 2937 3451 quem
3001 3381 3239 3435 Manuc‘li
3301 3388 3506 3453 pariter

1943 3454 2194 3516 ascribit,
2260 3453 2312 3504 in
2368 3451 2527 3523 cujus
2590 3452 2767 3523 antica
2818 3453 3087 3523 visuntur
3133 3453 3254 3506 diue
3301 3451 3501 3523 ﬁgura:

1940 3533 2170 3585 stantes,
2209 3523 2358 3591 prior
2390 3522 2736 3589 imperatoris
2795 3523 3004 3576 barbati
3061 3522 3251 3577 dextra
3294 3522 3507 3578 hastam

1940 3610 2061 3647 cum
2087 3594 2270 3662 siparo
2294 3599 2346 3646 et
2367 3602 2488 3644 nota
2515 3592 2707 3655 labori,
2734 3591 2861 3645 laeva
2882 3593 3119 3659 gladium
3152 3594 3305 3662 lateri
3335 3595 3515 3649 adita:-

1938 3673 2150 3718 rentem
2184 3662 2464 3715 tenentis:
2506 3667 2678 3713 altera
2731 3673 2814 3713 est
2850 3663 3096 3714 mulieris
3142 3661 3328 3729 (quam
3389 3664 3509 3718 Dei-

1940 3747 2131 3802 param
2165 3747 2285 3785 esse
2312 3747 2408 3797 par
2430 3739 2528 3802 est
2560 3731 2806 3802 credere)
2866 3745 3126 3802 coronam
3164 3732 3510 3798 imperatoris

1944 3799 2111 3868 capiti
2141 3800 2493 3865 imponentis,
2544 3814 2666 3852 cum
2722 3799 2874 3852 hisce
2930 3800 3366 3865 cbaracterihus,
3424 3804 3510 3856 DN

1944 3870 2311 3925 ΜΑΝΟΥΗΛ.
2347 3907 2362 3921 .
2408 3907 2423 3921 .
2462 3908 2475 3921 .
2522 3907 2535 3920 .
2576 3869 2746 3933 hunc,
2778 3868 2881 3923 etsi
2923 3870 3109 3922 nescio
3136 3872 3263 3937 quid
3298 3874 3515 3927 adulte-

1946 3944 2127 3993 rinutn
2165 3954 2228 3992 ex
2264 3937 2463 3991 litteris
2501 3953 2589 3990 DN.
2621 3938 2891 4006 suspicari
2938 3939 3120 4008 quivis
3163 3950 3363 4007 potest,
3425 3945 3513 3997 hic

1941 4010 2361 4063 describendum
2422 4008 2633 4068 curavi,
2703 4023 2811 4061 una
2868 4023 2991 4062 cum
3066 4011 3239 4062 altero
3312 4014 3509 4066 lsaacii

1942 4079 2210 4133 Comneni
2251 4079 2599 4142 imperatoris
2631 4094 2723 4139 ne,
2755 4079 2882 4146 quid
2913 4080 2978 4129 ad
3017 4080 3301 4133 historiam
3347 4083 3511 4135 Com—

1946 4150 2151 4203 nenieaa
2181 4148 2401 4201 familiae
2433 4148 2813 4201 illustrandam
2853 4148 3015 4201 desit.
3056 4149 3321 4204 Servatur
3377 4154 3425 4206 is
3459 4156 3510 4204 in

1944 4220 2374 4273 instruatissimo
2416 4218 2809 4288 gazophylacio
2856 4217 3108 4271 Thuano.
3174 4219 3418 4273 llabetur
3455 4224 3509 4275 in

1944 4292 2123 4343 antica
2156 4290 2412 4360 princeps
2442 4290 2630 4340 habitu
2666 4288 3300 4360 Constantinopolitano,
3353 4294 3514 4360 cujus

246 4346 445 4419 astatis
474 4374 680 4412 annum
707 4359 953 4424 attigisse
976 4358 1499 4427 duodevicesimum.
1521 4356 1676 4411 Unde
1703 4346 1834 4409 con;
1873 4346 1915 4400 ί)
1945 4370 2104 4427 caput
2148 4346 2438 4411 manus-de
2473 4360 2613 4411 ccelo
2665 4360 2855 4425 tangit,
2906 4346 3095 4411 dextra
3148 4346 3365 4413 crucem
3419 4346 3516 4415 ha?-

251 4439 457 4489 Iicitur
492 4438 682 4481 natum
720 4436 845 4496 post
868 4427 1125 4495 adeptum
1187 4442 1215 4477 a
1271 4424 1479 4480 Joanne
1520 4427 1830 4494 imperium,

250 4505 356 4572 qui
398 4502 528 4554 illud
566 4499 787 4550 demum
823 4498 1066 4572 ini_it_an.
1102 4496 1263 4572 1118,
1299 4496 1373 4572 1ξξ
1414 4497 1502 4548 die
1544 4499 1680 4564 Aug.
1724 4512 1833 4572 quo

248 4565 727 4635 A'texiusparens
757 4581 823 4618 ex
858 4566 996 4619 vivis
1028 4569 1283 4619 excessit.
1334 4565 1481 4618 llanc
1517 4580 1678 4632 porro
1727 4566 1837 4618 Ma-

252 4642 454 4698 nuelis
493 4639 769 4691 Monetam
813 4635 1181 4688 Manuelatum
1215 4639 1500 4697 vocabant,
1564 4638 1707 4703 quod
1768 4652 1830 4688 ex

252 4716 640 4767 instrumento
708 4705 881 4774 pacis,
939 4720 1031 4759 seu
1106 4708 1240 4758 inito
1288 4706 1430 4758 inter
1482 4703 1831 4758 Theodorum

253 4782 553 4835 Lascat'itn
589 4773 722 4844 imp.
746 4785 800 4830 et
829 4773 1067 4844 Venetos
1095 4775 1301 4828 [uadere
1333 4774 1632 4843 colligitur,
1672 4777 1834 4843 cujus

256 4852 479 4905 mentio
510 4859 591 4902 est
640 4843 784 4915 apud
815 4843 1022 4915 Julium
1072 4860 1103 4896 a
1146 4845 1317 4915 Puteo
1360 4844 1727 4898 Veronensem
1779 4861 1832 4897 tu

249 4921 600 4986 Genealogia
633 4913 853 4967 familiae
896 4914 1193 4968 Lascaricze
1215 4913 1416 4986 :__Nelle
1442 4916 1763 4986 mouete_t_:lie
1787 4916 1833 4967 si

253 4982 551 5043 bauevano
576 4988 786 5053 [assero
814 4986 1101 5054 cii/ferenti,
1124 4987 1195 5054 gli
1222 4983 1486 5051 Yperperi,
1510 4996 1557 5037 et
1592 4986 1610 5036 ἱ
1640 4982 1693 5035 Μ
1703 5000 1836 5036 anu-

252 5064 368 5113 ιαιὶ
406 5075 469 5111 ne
492 5061 558 5126 gl’
577 5052 641 5110 in
668 5056 802 5124 perii
825 5060 962 5126 loro.
987 5122 997 5126 Δ
1024 5052 1160 5126 Mori
1196 5056 1366 5117 addit,
1393 5054 1694 5126 _Mnnuluto
1741 5070 1832 5106 era

256 5122 571 5181 νεωτειαίίὶ
614 5122 941 5191 riputatiane
970 5122 1109 5190 facta
1145 5125 1342 5176 battere
1368 5124 1434 5175 da
1468 5124 1700 5188 Mattuel,
1744 5126 1835 5175 c/te

252 5217 327 5251 ne
364 5204 429 5269 [ιι
459 5200 711 5269 (Aurora.
739 5196 971 5256 Manlat,
999 5208 1098 5259 pro
1120 5194 1835 5269 manulat.nt_tt_tcupa_turab

253 5264 527 5322 Arnoldo
579 5267 911 5327 Lubecensi,
962 5268 1055 5317 ltb.
1104 5278 1181 5326 ιιι,
1240 5280 1362 5331 cap.
1427 5265 1515 5325 ⁸55,
1565 5267 1654 5332 qui
1714 5264 1834 5331 ejus

254 5351 585 5396 materiam,
633 5333 991 5403 quantumvis
1039 5348 1281 5395 auream,
1345 5334 1588 5387 viliorem
1653 5344 1831 5385 tamen

254 5408 451 5462 fuisse
482 5409 598 5459 ait:
637 5405 731 5457 Eu
762 5414 959 5463 autem,
994 5406 1192 5471 inquit,
1242 5405 1442 5454 mantat
1486 5406 1550 5455 de
1591 5404 1833 5455 riliorum

253 5480 616 5539 numismate,
648 5474 740 5541 qui
766 5488 858 5524 nec
880 5482 1022 5523 lotus
1073 5475 1140 5524 sit
1180 5488 1397 5535 aureus,
1433 5488 1523 5524 nec
1566 5484 1707 5524 totus
1751 5487 1835 5523 cu-

250 5563 453 5613 prena,
484 5550 572 5599 sed
600 5544 757 5612 quasi
778 5543 854 5613 Ade
875 5543 1097 5610 confusa
1128 5552 1176 5593 et
1212 5545 1298 5593 vili
1340 5551 1547 5613 constat
1585 5543 1829 5594 materia.

252 5610 447 5672 Certe
465 5610 736 5685 quidquid
768 5610 1024 5665 fueritde
1076 5618 1180 5665 isto
1230 5613 1454 5669 Arnoldi
1499 5611 1827 5676 Manuelato,

515 5709 798 5767 PATRUL.
838 5704 956 5762 Gn.
1019 5703 1283 5766 CXXXI.

1938 4444 2037 4482 Sta:
2073 4430 2381 4495 impositam
2418 4428 2620 4489 ferens,
2658 4427 2885 4480 sinistra
2923 4428 3164 4495 gladium
3202 4444 3297 4482 seu
3321 4447 3510 4485 ensem

1944 4501 2119 4567 angeli
2155 4513 2318 4550 manu
2354 4498 2644 4565 recipiens,
2697 4513 2821 4567 cum
2881 4498 3031 4551 hisce
3098 4500 3515 4555 characteribus

1940 4566 2330 4641 ICAAKIOCAE.
2377 4605 2390 4619 .
2417 4605 2446 4641 _.
2486 4581 2568 4619 ΡΑ.
2606 4608 2618 4620 .
2660 4605 2673 4620 .
2704 4581 2783 4641 ut.
2813 4566 2865 4641 lu
2904 4569 3110 4641 postica
3141 4569 3336 4641 visitur
3362 4572 3513 4641 virgo

1938 4642 2158 4700 sedens,
2203 4637 2478 4691 icunculat
2510 4648 2676 4705 caput
2708 4639 2761 4689 in
2791 4639 2914 4689 sinu
2959 4640 3172 4693 fovens.
3240 4637 3512 4695 Nummus

1939 4719 2023 4762 est
2055 4722 2275 4771 aureus,
2322 4706 2418 4761 sed
2472 4707 2732 4775 ponderis
2795 4723 2906 4760 non
2950 4709 3221 4778 aequatis
3273 4711 3510 4765 solidum

1937 4778 2377 4832 Justinianurutn.

2009 4850 2120 4917 ('55)
2146 4847 2457 4914 ΕὐφημΙας
2490 4847 2988 4914 προεξάρχοντες.
3022 4846 3298 4901 Interdum
3322 4850 3512 4915 psaltze

1937 4928 1991 4971 et
2022 4927 2277 4971 cantores
2320 4917 2675 4985 πολυχρόνιον
2701 4955 2716 4978 ,
2754 4934 2847 4969 seu
2899 4918 3328 4969 acclamationes
3368 4919 3511 4969 inci-

1938 4990 2183 5057 piebant,
2222 4988 2524 5057 praesertim
2559 5000 2683 5039 cum
2719 4985 3060 5057 ﬁebantﬂilla:
3099 4986 3151 5036 in
3179 4987 3419 5057 templis,
3449 4997 3509 5038 ut

1938 5054 2131 5111 auctor
2165 5066 2247 5110 est
2279 5056 2542 5118 Codinus,
2581 5070 2701 5121 cap.
2754 5054 2807 5117 6,
2840 5071 2893 5107 n.
2930 5054 3000 5118 5;
3040 5057 3307 5106 interdum
3343 5056 3509 5107 etiam

1936 5142 2191 5196 proceres
2216 5125 2405 5196 ;ridem
2443 5138 2565 5196 cap.
2599 5124 2654 5187 8,
2686 5139 2740 5196 n_.
2773 5124 2815 5196 2
2839 5124 2979 5196 et‘5.

2006 5196 2118 5264 (54)
2150 5195 2437 5264 Δεύτερον
2469 5193 2647 5257 θῆλυ.
2686 5192 2853 5245 Malia
2890 5191 3241 5264 forte,_quam
3275 5191 3510 5264 primam

1936 5279 1965 5317 e
2014 5258 2192 5317 tribus
2243 5261 2415 5313 Alcxii
2473 5264 2689 5315 ﬁliabus
2740 5264 2985 5314 nominat
3045 5258 3312 5314 Zonaras.
3376 5262 3520 5316 Vide

1938 5335 2028 5387 lib.
2067 5349 2155 5394 xv,
2187 5332 2288 5385 sub
2326 5331 2506 5385 linem.

2006 5405 2116 5473 (55)
2133 5399 2564 5473 Ἐπινεμήσεως
2574 5397 3161 5473 ἑνδεκάτηςλοδῃληρε
3177 5398 3510 5473 Comnenus,

1940 5467 2282 5542 poStmodum
2317 5472 2632 5542 imperator,
2652 5470 3002 5542 Calojonmwa
3031 5467 3189 5542 _P_etro
3208 5471 3330 5542 abb.
3350 5469 3510 5542 Clun.

1939 5539 2116 5599 dictus
2152 5542 2311 5604 lib.tt,
2331 5547 2488 5608 epist.
2514 5540 2601 5606 39,
2622 5546 2867 5595 nascitur
2896 5540 3007 5593 iud.
3031 5539 3510 5605 ll,an.(.‘hr.1088.

3134 5698 3199 5759 lb'
