4022 6270
266 423 368 486 D7

1535 427 1945 488 ALEXlADlS
1979 429 2124 486 LIB.
2160 430 2259 491 VI.

3400 421 3505 489 £98

262 538 580 610 χρημάτων.
613 540 826 596 Γίνεται
853 543 909 598 δέ
934 563 985 599 τι
1013 546 1258 599 το;οῦτον
1286 547 1341 598 ἐν
1363 545 1441 617 τῷ
1467 545 1560 614 τῆς
1589 544 1838 614 Σινώπης

1966 555 2164 598 »οι-διοι-
2208 555 2266 599 ut
2312 545 2376 600 ad
2431 545 2594 600 urbes
2647 560 2910 615 arcesque
2943 547 3076 600 istas
3111 560 3170 601 se
3209 545 3517 616 conferret,

261 631 578 699 ἐξὲρχεσθαι
610 633 774 685 αὑτὸν
805 636 1071 700 κατεάξας
1098 639 1157 691 τὸ
1189 640 1277 691 ἐπ’
1303 638 1526 706 ὀνόματι
1545 638 1641 708 τῆς
1670 638 1836 708 ὑπερ-

261 721 493 790 αμὼμου
521 725 820 793 Δεσποίνης
865 728 1021 797 ἡμῶν
1047 729 1309 783 Θεοτὸκου
1340 730 1586 798 τέμενος,
1622 729 1839 799 δαίμονί

261 828 366 862 τινι
394 812 652 882 καθάπερ
700 813 962 887 ἀλάστορι
997 819 1061 870 ὲκ
1105 817 1258 880 θείας
1304 819 1561 888 προνοίας
1605 819 1842 888 παραδο-

259 902 394 965 θεὶς,
425 903 605 958 ἔκειτο
629 905 878 976 ἀφρίζων
905 924 919 938 ·
961 910 1054 962 καὶ
1087 909 1260 972 οὕτως
1292 910 1500 963 ἐκεῖθεν
1547 911 1840 978 δαιμονιῶν

264 993 594 1063 ἐξεληλύθει.
649 998 755 1052 Καὶ
809 999 906 1068 τὴν
951 1001 1136 1069 μέντοι
1167 1003 1364 1071 κυρίαν
1398 1003 1496 1070 τῆς
1532 1001 1784 1070 Σινώπης
1813 1003 1840 1054 6

267 1085 453 1148 Σαοίις
518 1089 912 1161 Κωνσταντίνῳ
962 1093 1040 1162 τῷ
1093 1093 1422 1164 Δαλασσηνῷ
1483 1095 1703 1147 ἀνέθετο
1754 1095 1842 1146 ἐπ’

272 1177 398 1228 αὐτὸ
427 1178 475 1209 ⁸⁸
519 1179 674 1249 παρά
705 1182 796 1233 τοῦ
834 1182 1096 1251 βασιλέως
1134 1185 1514 1250 ἀπισταλέντι,
1550 1181 1672 1255 κᾷθ’
1701 1183 1843 1237 οὕτω

267 1268 358 1328 τὰς
390 1269 478 1321 ἀλ)
492 1286 559 1332 ας
595 1270 775 1333 πόλεις
805 1275 1035 1340 περιιὼν
1067 1277 1163 1326 καὶ
1196 1277 1294 1338 τὰς
1345 1276 1702 1338 σουλτανικάς
1732 1279 1844 1340 τοῖς

274 1360 577 1428 σατράπαις
623 1361 992 1416 ὑποδεικνύων
1034 1367 1274 1435 γραφὰς,
1331 1367 1540 1420 ἐκεῖθεν
1583 1367 1844 1437 ἐξήλαυνε

272 1452 594 1519 παραδιδοὺς
631 1455 766 1523 πρὸς
797 1457 921 1520 τοὺς
967 1457 1059 1509 τοῦ
1109 1459 1508 1529 αὐτοκράτορος
1538 1461 1843 1530 σατράπας.

273 1544 449 1597 Ταῦτα
498 1541 593 1597 οὗν
637 1548 665 1598 6
717 1548 914 1611 Σιαοὺς
959 1551 1401 1621 διαπραξάμενος
1449 1553 1762 1625 ὑποστρέφη
1800 1553 1844 1586 ⁸⁸

274 1639 404 1704 πρὸς
432 1640 620 1703 αὐτὸν,
648 1641 940 1695 κάντεῦθεν
975 1643 1066 1695 τοῦ
1111 1644 1253 1697 θείου
1288 1644 1663 1715 βαπτίσματος
1693 1664 1848 1699 τετυ-

274 1730 474 1799 χῃκὼς,
511 1733 601 1784 καὶ
632 1733 842 1787 πολλῶν
870 1735 1087 1806 δωρεῶν
1119 1737 1509 1802 ἐπαπολαύσας
1556 1739 1681 1803 δοὺξ
1725 1740 1841 1808 Ἀγ-

275 1819 458 1886 χιάλου
492 1821 925 1890 προχειρίζεται.

1945 633 2262 704 Turcasque
2322 635 2562 705 ipsarum
2643 636 3008 706 przesidiarios
3068 652 3192 690 cum
3251 634 3515 687 Romanis

1944 734 2342 803 commutaret,
2393 727 2590 782 litteris
2640 727 2872 783 sultanis
2926 727 3300 791 ostendendis,
3342 741 3518 795 caque

1945 833 2003 871 re
2038 819 2277 886 perfecta
2315 819 2842 887 Constantiiwpolim
2877 836 2935 874 se
2990 821 3275 888 reciperet.
3307 819 3516 872 Annuit

1948 915 2031 968 his
2076 915 2304 970 Siausus
2367 916 2747 978 libentissime,
2815 919 3166 986 Sinopcnque
3236 916 3517 985 prolectus

1945 1006 2204 1074 primum,
2245 1008 2530 1062 sultanicis
2576 1010 2767 1064 litteris
2819 1009 3096 1063 Cbaratici
3149 1009 3351 1062 oblatis
3391 1022 3518 1062 eum

1945 1099 2070 1154 inde
2101 1101 2328 1169 expulit,
2365 1117 2433 1156 ne
2474 1117 2580 1155 uno
2614 1102 2830 1171 quidem
2874 1116 3099 1155 nummo
3141 1101 3370 1169 potitum
3431 1116 3521 1154 re-

1947 1191 2046 1256 giae
2079 1195 2326 1260 pecunia:
2370 1207 2534 1262 quam
2564 1196 2935 1264 concupierat.
2967 1193 3210 1264 Contigit
3247 1194 3296 1248 ei
3338 1194 3517 1262 siqui—

1947 1283 2068 1337 dem
2122 1286 2226 1339 tale
2283 1288 2584 1355 quippiam.
2624 1286 2678 1339 lu
2746 1287 2834 1340 illa
2895 1289 3237 1356 grassatione
3297 1287 3363 1339 de
3409 1300 3517 1354 qua

1948 1376 2187 1431 diximus
2235 1394 2360 1431 cum
2448 1380 2981 1447 superinunarulatre
3031 1379 3274 1430 Domina:
3323 1387 3523 1430 nostra:

1949 1466 2138 1522 Matris
2173 1469 2262 1520 Dei
2310 1469 2546 1524 fanatice
2579 1473 2836 1540 templum
2887 1472 3164 1531 violasset,
3230 1469 3389 1522 ultori
3439 1484 3522 1520 rc-

1951 1566 2114 1626 pente
2150 1559 2383 1614 dmtnoui
2421 1561 2686 1616 divinitus
2717 1572 2802 1615 est
2843 1563 3100 1622 traditus,
3131 1563 3213 1615 ita
3239 1571 3298 1615 ut
3331 1561 3520 1615 statim

1955 1648 2106 1700 humi
2143 1647 2375 1702 alﬂictus
2408 1651 2749 1703 volutaretnr
2790 1667 3073 1719 spumans.
3125 1650 3323 1704 Eodem
3360 1663 3525 1718 porro

1951 1739 2129 1794 adhuc
2163 1741 2214 1794 in
2248 1751 2391 1796 statu
2437 1752 2554 1796 erat
2579 1744 2796 1812 quando
2826 1761 2948 1797 cum
2988 1744 3219 1798 Sinusus
3262 1741 3526 1794 mandato

1952 1833 2186 1888 sultanis
2219 1833 2366 1888 illinc
2398 1835 2578 1904 ejccit.
2618 1836 2945 1890 Praefectura
2972 1853 3095 1889 vero
3135 1834 3368 1904 Sinopes
3397 1846 3523 1889 cum

274 1919 426 1984 plena
472 1927 740 1986 potesrate
790 1935 820 1973 a
873 1919 1072 1975 Siauso
1121 1919 1313 1975 eodem
1363 1922 1625 1976 translata
1657 1923 1830 1977 estin
1874 1924 2300 1982 Constantinum
2333 1931 2716 1995 Dalassenum,
2750 1933 2814 1985 ad
2857 1931 3090 2000 idipsum
3153 1934 3224 1989 ab
3289 1932 3527 2000 impera-

277 2020 396 2065 tore
426 2015 684 2068 missum.
725 2015 855 2068 lnde
883 2015 1017 2070 alias
1046 2015 1300 2070 similiter
1353 2017 1607 2072 civitates
1672 2017 1902 2074 Siausus
1942 2022 2132 2077 obiens
2182 2023 2599 2093 sultanicasque
2650 2025 2886 2093 satrapis
2949 2025 3264 2079 ostendens-
3292 2024 3524 2088 litteras,

271 2103 504 2160 Turcica
534 2123 596 2161 ex
632 2109 890 2162 eninibus
912 2110 1165 2178 praesidia
1197 2126 1319 2165 cum
1352 2112 1585 2167 ducibus
1642 2113 1861 2180 eduxit;
1903 2114 2299 2189 destinatisque
2356 2121 2423 2175 ab
2489 2121 2818 2190 imperatore
2871 2121 3142 2189 praefectis
3215 2135 3278 2190 ac
3346 2119 3521 2189 copiis

273 2217 432 2257 arces
471 2205 759 2271 urbesque
829 2205 1068 2258 tradidit.
1105 2205 1242 2262 Tum
1282 2206 1348 2260 iis
1389 2208 1488 2261 rite
1525 2207 1786 2276 perfectis
1839 2210 1908 2264 ad
1948 2211 2252 2281 Augustum
2287 2231 2559 2281 reversus,
2590 2231 2748 2270 sacro
2779 2215 3106 2284 baptismate
3132 2214 3286 2283 171
3321 2215 3519 2284 dignar

273 2308 366 2350 tus
423 2307 530 2357 cst,
565 2313 628 2350 ac
657 2312 780 2350 cum
819 2298 1008 2352 multis
1054 2298 1177 2352 aliis
1235 2300 1559 2355 muneribus
1594 2313 1706 2357 tum
1737 2303 1934 2357 ducatu
1973 2305 2222 2360 Anchiali
2255 2307 2520 2363 donatus."

350 2392 458 2458 Τῆς
519 2394 732 2460 σφαγῆς
801 2392 857 2444 δὲ
907 2391 1000 2444 τοῦ
1057 2393 1218 2462 ἀμὴρ.
1261 2393 1477 2462 Σολυμᾶ
1538 2395 1682 2447 κατά
1749 2397 1851 2465 τὴν

2023 2399 2181 2454 Caede
2212 2416 2375 2469 porro
2399 2402 2612 2456 Ameris
2654 2400 2889 2471 Solyma:
2923 2417 3018 2470 per
3049 2400 3236 2453 Asiam
3275 2401 3490 2468 vulgata
3505 2436 3526 2467 -,

280 2483 471 2537 Ἀσίαν
499 2483 717 2536 ἃπασαν
767 2484 1190 2554 διαδραμούσης,
1239 2487 1421 2541 ὀπόσοι
1482 2486 1592 2538 τῶν
1654 2503 1852 2556 σατραη

269 2577 398 2629 πῶν
454 2578 641 2639 πόλεις
702 2578 796 2632 καὶ
875 2579 1120 2646 πολίχνια
1192 2576 1382 2646 ἔτυχον
1448 2577 1852 2645 φυλάσσοντες,

265 2670 511 2731 ἕκαστος
543 2670 676 2738 ὅπερ
713 2669 868 2738 ἔτυχε
905 2670 1192 2736 ᾠυλάσσων
1223 2668 1456 2736 κάστρον
1492 2668 1726 2738 κατέσχε
1761 2669 1857 2722 καὶ

266 2763 672 2830 ίξιοποιήσατο.
710 2762 819 2815 Καὶ
871 2764 978 2832 γὰρ
1008 2761 1248 2830 ὁπηνίκα
1287 2761 1422 2829 πρὸς
1455 2760 1547 2813 τὸν
1591 2761 1858 2831 Ἀπελχα-

265 2856 394 2922 σὴμ
442 2857 542 2922 τὴν
601 2855 840 2906 Νίκαιαν
914 2854 1203 2924 παρεδίδου
1236 2856 1493 2926 φρουρεῖν
1519 2855 1578 2907 ὲν
1617 2854 1694 2926 τῷ
1717 2855 1858 2924 πρὸς

266 2947 383 3016 τὴν
415 2946 749 3015 Ἀντιόχειαν
801 2945 963 2998 αὐτὸν
1029 2945 1272 3011 ἀπιέναι,
1323 2947 1602 3017 διαφόροις
1657 2945 1859 3014 σατρά·

265 3058 346 3092 πα
369 3055 440 3102 ις,
465 3040 537 3093 τά
569 3055 624 3090 τε
657 3041 798 3092 κατὰ
851 3039 952 3107 τὴν
987 3037 1282 3108 παραλίαν,
1318 3040 1408 3099 καί
1434 3038 1532 3108 τὴν
1563 3038 1862 3092 Καππαδο-

261 3133 428 3196 κίαιν,
472 3132 568 3185 καὶ
594 3130 692 3200 τὴν
720 3131 944 3188 ἃπασαν
986 3131 1196 3194 Ἀσίαν,
1231 3131 1307 3196 ὡς
1339 3132 1581 3201 είρηται,
1615 3129 1859 3195 ἀνέθετο,

263 3222 417 3278 ὥστε
446 3224 686 3276 ἕκαστον
729 3223 788 3274 τὸ
820 3223 951 3279 ίδιον
1002 3221 1166 3291 λάχος
1228 3209 1632 3292 φρουρεῖν’τὴν
1694 3218 1860 3274 αὐτοῦ

265 3319 492 3372 ἐκεῖθεν
519 3313 786 3368 ὲπανέλευ
797 3331 876 3366 σιν
893 3312 1161 3381 ἀπεκδεχό
1169 3330 1350 3382 μενον.
1367 3313 1424 3364 Ὀ
1440 3313 1495 3365 δὲ
1511 3312 1863 3383 Ἀπελχασὴμ

264 3406 704 3478 ἀρχισατράπης
753 3404 828 3474 τῷ
883 3405 1006 3456 τότε
1074 3405 1175 3472 τῆς
1244 3403 1479 3466 Νικαίας
1524 3402 1602 3457 ὢν
1659 3402 1864 3473 ταύτην

265 3497 598 3566 κατασχὼν,
648 3498 706 3546 ἐν
756 3491 916 3566 ﬁxed.
945 3495 1004 3547 τὸ
1063 3495 1434 3549 σουλτανίκιον
1483 3489 1573 3563 ἦν,
1640 3495 1735 3547 καὶ
1786 3493 1865 3564 τῷ

266 3587 395 3659 ἰδίῳ
428 3584 647 3652 ἅδε).φῷ
675 3583 961 3655 Πουλχάσῃ
992 3583 1098 3636 τῶν
1151 3585 1290 3636 κατά
1333 3583 1432 3655 τὴν
1459 3583 1864 3637 Καππαδοκίαν

264 3678 734 3749 παραχωρήσας,
784 3677 842 3728 ἐν
890 3676 1194 3748 ἀμεριμνίᾳ
1249 3693 1308 3729 τε
1360 3672 1426 3748 ἧν
1467 3677 1513 3708 ⁸⁸
1543 3717 1559 3743 ,
1607 3676 1712 3748 τὴν
1769 3677 1862 3730 τοῦ

265 3772 664 3825 σουλτανικίου
739 3769 896 3833 ἀξίαν
922 3770 965 3802 ⁸⁷
1012 3769 1420 3838 περιζώσασθαι
1463 3772 1729 3840 οἰόμενος,
1773 3772 1868 3825 καλ⁵

263 3865 375 3934 ἤδη
430 3866 492 3916 ὲν
534 3864 694 3932 χερσὶ
757 3863 993 3932 νομίζων
1049 3864 1300 3931 κατέχειν
1363 3863 1555 3932 (δεινὸς
1618 3865 1726 3931 γὰρ
1749 3861 1870 3933 ἦνὸ

263 3959 427 4026 ἀνὴρ
465 3958 565 4008 καὶ
593 3955 1012 4026 φιλοκίνδυνος),
1063 3957 1156 4009 καὶ
1183 3955 1473 4025 ἀρκεῖσθαι
1521 3957 1630 4016 τοῖς
1662 3957 1871 4008 ὲνοῦσιν

263 4050 377 4100 οὐκ
417 4046 639 4117 ἢθελεν,
705 4047 822 4099 ἀλλ’
857 4049 938 4109 είς
991 4048 1270 4117 προνομὰς
1303 4046 1348 4077 ⁸⁸
1375 4046 1740 4108 ἀποστέλλων,
1773 4045 1873 4114 τὴν

262 4142 533 4196 Βιθυνῶν
568 4140 815 4210 ἐληίζετο
883 4141 1100 4193 ἃπασαν
1163 4138 1256 4190 καὶ
1295 4137 1491 4206 μέχρις
1535 4137 1702 4206 αὐτῆς
1738 4138 1875 4205 Προ-

265 4233 562 4294 ποντίδος.
599 4233 680 4300 Τῇ
733 4229 865 4298 γοῦν
914 4232 1156 4301 προτέρα
1207 4228 1414 4300 μεθόδῳ
1477 4228 1818 4300 χρησάμενος
1848 4230 1875 4281 6

263 4324 684 4393 αὐτοκράτωρ,
716 4322 844 4383 τοὺς
906 4320 1004 4389 μὲν
1042 4323 1333 4390 προνομείς
1363 4320 1671 4383 ἀνέστελλε,
1701 4319 1790 4371 τὸν
1818 4319 1874 4372 δὲ

273 4414 663 4485 Ἀπελχασὴμ
717 4414 854 4483 πρὸς
920 4412 1201 4482 εἰρηνικὰς
1261 4413 1492 4475 σπονδὰς
1553 4413 1877 4484 συνὴλαυνε.

264 4507 776 4579 Βυσσοὸομεύοντα
831 4509 888 4561 δὲ
947 4507 1136 4562 τοῦτον
1195 4505 1572 4572 διαγινώσκων
1619 4507 1705 4559 ἀεὶ
1746 4507 1881 4560 κατ’

263 4604 480 4668 αὑτοῦ,
523 4604 622 4656 καὶ
650 4601 750 4665 τὰς
802 4601 1035 4663 σπονδὰς
1095 4599 1555 4668 ἀναϐαλλόμενον,
1615 4600 1726 4654 δεῖν
1761 4600 1878 4653 ἐλο-

263 4703 493 4766 γίσατο
518 4695 645 4750 κατ’
676 4692 842 4753 αὑτοῦ
895 4692 1191 4761 ἀξιόμαχον
1246 4689 1525 4760 ἐκπέμψαι
1576 4689 1880 4760 παράταξιν

264 4787 692 4862 [στράτευμα].
728 4788 830 4840 Τὸν
854 4785 1109 4838 Τατίκιον
1135 4785 1212 4848 δὲ,
1257 4784 1385 4851 περὶ
1416 4777 1476 4836 οὗ
1523 4784 1582 4835 ὲν
1619 4783 1834 4845 πολλοῖς
1855 4783 1882 4836 ὁ

270 4890 452 4955 λόγος
494 4885 804 4953 ἐμέμνητο,
867 4881 1005 4948 μετά
1059 4879 1344 4946 δυνάμεως
1401 4876 1727 4947 ἀποχρώσης
1783 4875 1883 4927 πέ-

269 4995 488 5047 πομφε
529 4974 675 5028 κατά
701 4975 799 5041 τῆς
859 4971 1094 5033 Νικαίας
1127 4968 1504 5038 ἐντειλάμενος
1550 4967 1698 5034 αὐτῷ
1745 4966 1882 5035 μετὰ

1957 2491 2270 2556 quicunque
2308 2497 2651 2557 satraparum
2693 2489 2857 2542 urbes
2884 2488 3527 2558 autoppida-przcsidiis

1957 2578 2298 2640 obtinebant,
2333 2579 2609 2633 vindicare
2630 2580 2726 2632 illa,
2758 2579 2860 2632 sibi
2892 2579 3171 2648 privatim,
3193 2595 3258 2633 ac
3282 2590 3526 2635 castrum

1957 2670 2189 2738 quisque
2224 2670 2329 2724 sibi
2366 2670 2632 2724 creditum
2673 2684 2740 2724 ut
2787 2686 2898 2723 rem
2938 2671 3200 2739 deinceps
3244 2673 3524 2740 propriam

1959 2757 2156 2812 habere
2195 2774 2258 2813 ac
2286 2760 2425 2812 tueri
2465 2768 2771 2826 cmperunt.
2816 2760 3024 2814 Etenim
3049 2777 3160 2830 quo
3191 2770 3437 2831 tempore
3481 2762 3528 2819 is

1959 2846 2148 2902 Nicaea:
2179 2849 2488 2903 custodiam
2529 2849 2924 2918 Apelcliasemo
2960 2851 3280 2915 committit,
3334 2851 3530 2906 Antio-

1959 2939 2136 2992 chiam
2205 2939 2470 2994 festinans
2510 2939 2593 3006 (ut
2644 2941 2852 2995 dictum
2907 2941 3014 3010 est)
3076 2942 3365 3011 plerasque
3392 2942 3532 3008 lcum

1960 3043 2069 3082 ora:
2106 3027 2409 3092 maritimae,
2439 3040 2550 3082 tum
2601 3029 2977 3098 Cappadociae,
3011 3038 3176 3098 atque
3223 3031 3362 3084 adeo
3412 3032 3538 3084 uni.

1962 3130 2129 3169 versa:
2164 3116 2327 3180 Asiae,
2354 3117 2599 3171 civitates
2630 3117 2866 3173 diversis
2898 3120 3078 3172 obiter
3108 3119 3388 3172 distribuit
3446 3135 3538 3173 sa-

1963 3207 2160 3274 trapis,
2188 3221 2250 3260 ea
2288 3205 2403 3275 lege
2436 3214 2493 3260 ut
2514 3207 2745 3276 quisque
2770 3222 2929 3276 quem
2962 3207 3191 3261 sortitus
3215 3218 3383 3269 esset,
3413 3225 3537 3262 cum

1966 3297 2066 3352 tide
2093 3314 2156 3353 ac
2183 3314 2316 3353 cura
2346 3305 2589 3353 tueretur
2611 3299 2814 3362 locum,
2837 3299 3014 3367 quoad
3037 3298 3153 3365 ipse
3174 3301 3336 3352 Amer
3361 3311 3544 3352 rever-

1967 3399 2192 3482 teretpr.
2229 3392 2296 3445 At
2326 3390 2756 3457 Apelcbasemus
2787 3389 2980 3445 Nicaea:
3015 3390 3389 3460 arcbisatrapa
3432 3405 3540 3460 qua

1946 3482 2020 3535 lin
2053 3479 2271 3536 civitate
2301 3490 2441 3537 stata
2482 3480 2642 3536 sedes
2681 3489 2736 3535 et
2775 3479 3036 3550 palatium
3083 3481 3359 3534 sultanum
3396 3489 3539 3544 erat.

1969 3575 2333 3630 Sultanicium
2369 3575 2735 3644 appellatum,
2769 3590 2896 3628 cum
2936 3572 3096 3627 fratri
3126 3588 3226 3627 suo
3255 3572 3545 3626 Pulcbasaa

1971 3667 2369 3736 Cappadociam
2399 3667 2788 3732 concessisset,
2823 3679 3054 3720 securus
3097 3673 3238 3726 erat,
3270 3663 3409 3717 nihil
3438 3664 3546 3720 dan

1975 3761 2153 3814 bitans
2185 3761 2317 3828 quin
2349 3759 2665 3814 evehendus
2703 3759 2818 3825 ipse
2852 3773 2969 3812 mox
2995 3767 3143 3811 esset
3170 3755 3223 3810 in
3253 3747 3557 3815 sultanicii.

1971 3852 2314 3920 dignitatem,
2343 3867 2408 3904 ac
2445 3860 2704 3917 tanquam
2733 3864 2854 3902 eam
2893 3863 3004 3902 rem
3031 3847 3146 3915 jam
3196 3853 3406 3900 teneret
3436 3861 3562 3899 mae.

1972 3945 2154 4006 nibus,
2199 3942 2362 3996 homo
2390 3957 2517 3996 acer
2543 3949 2594 3994 et
2627 3939 2857 4008 inquieti
2909 3939 3288 4008 pugnacisqne
3319 3937 3547 4007 ingenii,

1974 4035 2243 4105 possessis
2299 4033 2444 4088 haud
2494 4041 2790 4087 contentus
2843 4019 3167 4098 erumpebat
3215 4031 3268 4082 in
3328 4030 3556 4095 rapinas

1976 4128 2304 4189 alienorum,
2334 4135 2390 4180 et
2453 4124 2762 4195 Bithyniam
2803 4124 3118 4176 universam
3155 4135 3328 4188 usque
3376 4120 3444 4172 ad
3472 4118 3574 4187 ip-.

1977 4236 2092 4275 sam
2123 4217 2534 4288 Propontidem,
2585 4213 2924 4286 quotidianis
2955 4211 3258 4266 latrociniis
3293 4212 3577 4265 infestam.

1979 4329 2074 4385 per
2109 4327 2238 4366 suos
2298 4311 2552 4365 habebat.
2605 4309 2884 4361 Adversus
2938 4319 3057 4358 eam
3088 4302 3196 4355 vim
3229 4304 3553 4372 imperator,

1979 4416 2202 4474 experta
2235 4403 2440 4456 dudum
2475 4401 2737 4454 methodo
2767 4414 2921 4462 usns,
2954 4410 3008 4452 et
3039 4396 3568 4456 latrocinantesrca

1981 4499 2202 4570 pressit,
2237 4507 2292 4552 et
2317 4495 2776 4566 Apelchasemum
2811 4493 2874 4548 ad
2916 4508 3106 4562 pacem
3159 4505 3223 4545 ac
3253 4489 3431 4545 foedus
3458 4501 3556 4542 co-

1981 4592 2261 4664 gitandum
2317 4588 2601 4658 compulit.
2658 4585 2716 4640 ln
2771 4600 2879 4654 qua
2968 4594 3150 4639 tamen
3224 4581 3556 4653 cogitatione

1983 4700 2106 4739 cum
2163 4683 2252 4736 ille
2313 4685 2696 4743 cunctaretur,
2735 4678 2906 4734 multa
2938 4675 3227 4737 meditans,
3290 4670 3563 4738 facileque

1984 4775 2256 4837 indicans,
2286 4787 2345 4827 se
2378 4786 2482 4824 non
2515 4767 2622 4822 nisi
2651 4781 2848 4835 magno
2881 4771 3253 4818 coactumaut
3286 4761 3431 4813 malo
3469 4765 3562 4811 aut

1987 4875 2133 4921 metu
2166 4864 2232 4920 ad
2283 4863 2466 4933 quieta
2501 4858 2733 4914 consilia
2763 4857 3124 4925 appulsurum
3183 4853 3461 4915 animum;
3504 4848 3562 4901 id

1988 4964 2282 5031 imperator
2379 4954 2668 5012 sentiens,
2745 4946 3182 5003 conveniendum
3281 4941 3560 4996 hominem

267 5065 625 5136 νουνεχείας
667 5066 779 5126 τοῖς
847 5061 1061 5132 ἐχθροῖς
1085 5058 1570 5130 ἀντικαταστῆναι,
1605 5056 1719 5123 εἴγε
1750 5057 1863 5108 τέω

1995 5060 2202 5107 armata
2235 5064 2416 5112 manu,
2476 5054 2529 5099 et
2559 5042 2795 5096 validum
2833 5049 3025 5092 contra
3060 5049 3188 5089 eum
3252 5031 3559 5086 exercitum

263 5161 560 5230 ἐντυχεῖν
587 5155 787 5219 ἔξωθέν
826 5171 936 5206 τισι
969 5154 1202 5221 γένοιτο.
1246 5149 1597 5210 Ἀπελθὸντος
1615 5148 1660 5178 ιθ
1693 5148 1748 5200 δὲ
1789 5145 1885 5198 τοῦ

264 5253 595 5314 Τατικίου,
621 5251 716 5303 καὶ
746 5247 918 5317 ἀγχοῦ
948 5247 1054 5300 τῶν
1087 5243 1284 5314 τειχῶν
1313 5243 1498 5312 σχῆμα
1527 5238 1888 5311 παρατάξεως

264 5343 756 5404 διατυπώσαντος
804 5343 894 5395 διά
926 5340 992 5396 τὺ,
1024 5339 1230 5410 μηδένα
1287 5338 1397 5390 τῶν
1445 5336 1704 5404 Τούρκων
1738 5348 1891 5398 τηνι-

266 5441 478 5497 καῦτα
568 5438 849 5505 παρεῖναι,
912 5435 1361 5493 ἀναπετάσαντες
1390 5431 1439 5482 οἱ
1484 5427 1746 5498 Τοῦρκοι,
1808 5425 1890 5486 είς

263 5529 622 5591 διακοσίους
682 5527 1010 5596 ποσούμενοι
1079 5523 1292 5595 ἀθρόως
1351 5523 1473 5575 κατ’
1531 5519 1698 5574 αὐτοῦ
1736 5516 1897 5581 ἐξιπ-

1990 5141 2314 5198 mittendum
2353 5135 2612 5192 decrevit.
2677 5131 2794 5184 Dux
2834 5127 2900 5180 ad
2951 5128 3003 5180 id
3055 5126 3262 5178 electus
3292 5120 3582 5185 Taticius,_

1993 5236 2152 5304 cujus
2205 5232 2433 5286 multam
2489 5235 2544 5280 et
2596 5224 2725 5277 alibi
2767 5221 2885 5274 lucc
2933 5216 3174 5272 Historia
3227 5211 3564 5266 mentionem

1997 5330 2179 5384 habet.
2242 5323 2379 5375 Huic
2419 5323 2589 5374 firmae
2641 5315 3030 5377 instructaeque
3078 5304 3278 5358 idoneo
3338 5315 3567 5355 numero

1997 5422 2142 5476 data
2166 5414 2336 5483 cupire
2366 5419 2517 5474 sunt,
2539 5420 2659 5461 cum
2693 5397 2966 5454 mandatis
3000 5403 3056 5449 ut
3081 5401 3231 5450 recta
3256 5391 3564 5483 iitl‘iicmaiit

2002 5482 2408 5566 movenseiute
2442 5514 2552 5553 rem
2574 5497 2810 5567 gererct,
2829 5503 2930 5545 nec
2967 5497 3171 5542 temere
3199 5482 3571 5554 praecipitaret

1331 5636 1532 5698 Varia:
1562 5635 1869 5697 lectiones
1913 5645 1993 5691 ex
2043 5625 2184 5688 cod.
2218 5616 2490 5680 Coislin.

348 5780 404 5812 “
448 5773 646 5841 αὐτῷ.
726 5773 770 5805 ⁸⁵
803 5773 1160 5842 ὑποστρέφει.
1236 5769 1280 5804 ⁸⁸
1311 5769 1444 5833 τέως
1481 5763 1569 5841 ἦν.

274 5855 550 5926 τύχοιεν,
594 5843 941 5908 ἀπελθόντος.

1687 5765 1730 5798 ⁵⁷
1766 5757 2038 5828 ἐξουσίαν.

2153 5753 2198 5786 ⁸⁸
2235 5747 2557 5822 προνομεῑς.
2654 5743 2698 5776 ⁸⁸
2751 5739 2867 5810 είγε
2903 5737 3037 5802 τέως
3083 5729 3286 5798 ἔξωθέν
3317 5741 3457 5781 τισιν
3486 5724 3569 5777 sv.
