4022 6270
553 448 664 510 503
1845 451 2073 511 ΑΝΝᾸΞ
2108 449 2512 511 (ΞΟΜΝΕΝΑῈ.
3691 449 3792 519 501

551 560 833 614 bellandos
883 560 986 614 sibi
1051 561 1173 616 unis
1226 560 1402 617 daret.
1452 561 1644 617 Aliena
1678 575 1764 615 res
1801 575 1830 614 a
1891 561 2110 614 militari

2232 561 2506 625 Γατίκιον,
2560 561 2694 628 πρὸς
2742 558 2839 630 τὴν
2888 560 3094 615 οἰκείαν
3144 560 3523 616 παλινοστοῦσι
3575 581 3794 635 παρεμ-

551 653 842 720 prudentia
889 645 1103 706 Taticio
1145 652 1432 708 videbatur
1470 670 1483 704 ι
1520 661 1707 708 tamen
1739 653 1888 722 quod
1920 653 2110 723 augeri
2218 653 2404 721 ϐολήν.

552 749 797 816 quotidie
845 748 1227 816 Apelehasemi
1305 750 1608 805 exercitum
1661 751 1820 804 novis
1897 751 2182 818 copiarum
2225 747 2583 803 Turcicarum
2615 749 3030 806 accessionibus
3065 759 3339 816 cerneret,
3376 751 3627 821 periculo
3652 767 3792 806 con-

550 839 733 891 silium
776 839 1029 892 vincente
1058 839 1111 892 in
1145 841 1472 894 sententiam
1505 841 1826 896 Latinorum
1864 841 2108 904 transiit,
2148 847 2205 894 et
2273 839 2379 894 sub
2439 849 2622 895 ortum
2656 840 2790 896 solis
2838 844 2958 898 acie
3038 843 3310 898 instructa
3364 857 3602 913 pugnam
3673 858 3795 897 cum

548 930 947 999 Apelchasemo
1026 931 1344 1000 capessivit.
1393 931 1544 985 Multi
1607 941 1738 985 tunc
1796 931 1922 986 caesi
1997 929 2188 991 Turci,
2233 930 2454 998 plurimi
2483 934 2654 1002 capti,
2690 934 2879 1003 plures
2905 935 3062 990 obliti
3091 945 3400 992 castrorum
3431 953 3800 1007 vasorumque

548 1038 611 1074 ac
651 1022 1070 1090 suppellectilis,
1113 1025 1309 1079 salutis
1394 1041 1542 1094 spem
1579 1026 1630 1080 in
1687 1026 1813 1096 fuga
1865 1038 2119 1094 posuere.
2160 1023 2278 1092 Ipse
2301 1026 2733 1096 Apeichasemus
2751 1030 2840 1083 le
2864 1031 3302 1086 salvusNicaeam
3354 1033 3553 1088 tenuit.
3615 1031 3799 1087 Praeda

547 1112 694 1164 omni
754 1113 912 1180 petiti
957 1113 1225 1171 Taticiani
1261 1117 1485 1186 prepria
1553 1118 1608 1171 in
1672 1127 1855 1172 castra
1915 1115 2115 1170 divites
2160 1115 2467 1173 redierunt.

621 1207 717 1264 llis
750 1211 1049 1279 imperator
1080 1209 1305 1268 auditis,
1334 1223 1432 1278 pro
1479 1224 1577 1264 sua
1632 1208 1922 1278 prudentia
1972 1204 2118 1274 vulgi

546 1307 766 1370 captum
799 1311 962 1370 atque
989 1315 1150 1355 usum
1184 1300 1503 1363 excedente,
1545 1316 1753 1369 proque
1785 1315 1847 1354 ea
1880 1314 1986 1368 qua
2021 1313 2120 1367 po-

545 1392 828 1450 tissimum
866 1392 1107 1462 pollebat
1134 1392 1326 1460 peritia
1374 1391 1785 1446 tractandarunt
1817 1399 2120 1461 quantum-

550 1484 632 1536 vis
670 1483 1041 1552 pervicacium
1091 1483 1357 1537 mentium
1383 1493 1436 1538 et
1465 1499 1627 1552 quam
1666 1485 1720 1537 in
1751 1493 1960 1552 partem
2010 1480 2121 1535 vel-

548 1575 624 1629 let
657 1585 873 1644 captato
911 1583 1159 1645 tempore
1219 1574 1700 1643 impellendarum,
1772 1575 2114 1644 inepinatum

546 1667 838 1720 consilium
901 1665 1176 1736 extemplo
1231 1664 1374 1735 cepit
1429 1666 1766 1734 provocandi
1820 1665 1886 1718 ad
1924 1679 2116 1735 pacem

548 1757 961 1826 Apelchasemi.
1024 1757 1234 1812 Scribit
1285 1773 1416 1828 ergo
1449 1759 1820 1830 perhumanas
1871 1757 1936 1810 ad
1994 1771 2119 1810 eum

549 1851 785 1912 litteras,
821 1850 1021 1920 quibus
1057 1866 1386 1920 magnopere
1420 1859 1614 1906 auctor
1651 1853 1752 1920 ipsi
1775 1858 1860 1904 est
1892 1868 1905 1904 :
1943 1849 2120 1903 absti-

549 1951 675 1997 neat
701 1944 962 2011 deinceps
986 1944 1277 1999 conatibus
1311 1945 1490 2007 vanis,
1524 1959 1657 1998 neve
1700 1943 1903 1997 frustra
1931 1944 2121 1997 verbe-

550 2053 671 2090 rare
703 2045 896 2107 pergat
923 2051 1130 2090 aerem.
1167 2036 1308 2100 Quin
1337 2036 1519 2105 potius
1545 2036 1612 2090 ad
1639 2051 1697 2089 se
1731 2034 2123 2088 Constantino-

551 2131 720 2198 politu
774 2131 987 2194 veniat,
1051 2129 1413 2198 amplissimis
1452 2129 1526 2182 ibi
1585 2136 1641 2182 et.
1693 2128 2017 2182 muneribus
2067 2135 2123 2180 et

549 2221 860 2276 honoribus
889 2237 918 2274 a
949 2235 1009 2276 se
1037 2221 1128 2288 qui
1152 2221 1441 2286 scriberet,
1465 2227 1518 2273 et
1541 2219 1695 2273 fidem
1723 2234 1880 2273 suam
1914 2219 2118 2287 regiam

549 2312 618 2368 ad
664 2314 716 2367 id
746 2313 891 2383 quod
931 2313 1256 2368 ostendebat
1314 2310 1686 2380 praestandum
1725 2310 2119 2380 obstringeret,

549 2407 736 2462 statim
794 2405 1184 2461 cumulandus.
1253 2402 1437 2459 Lectis
1492 2403 1648 2458 hisce
1691 2403 2122 2472 Apelchasemus

551 2500 775 2564 litteris,
810 2498 976 2554 simul
1007 2497 1196 2552 eodem
1238 2505 1486 2566 tempore
1510 2493 1857 2550 Prosuchum
1891 2495 2122 2550 audiens

547 2591 878 2659 expugnatis
907 2589 1186 2659 plerisque
1209 2590 1431 2643 arcibus
1463 2603 1603 2657 quas
1634 2595 1868 2655 satrapa:
1897 2585 2121 2655 quidam

552 2691 982 2752 occupaverant,
1019 2680 1256 2735 Nicaeam
1305 2681 1416 2750 jam
1455 2680 1753 2735 adventare
1785 2687 1844 2734 ut
1871 2695 1992 2734 eam
2023 2679 2122 2732 ob-

552 2775 771 2830 sidione
794 2776 1061 2843 cingeret,
1088 2773 1437 2839 neecssitate,
1475 2771 1622 2842 quod
1653 2771 1826 2834 aiunt,
1857 2772 1910 2826 in
1942 2772 2125 2826 alubi-

552 2870 756 2920 tionem
777 2879 960 2929 versa,
987 2864 1144 2918 tidem
1167 2863 1518 2932 imperatoris
1539 2863 1774 2932 experiri
1798 2864 2083 2918 constituit
2107 2881 2122 2916 :

552 2970 784 3026 sperans
821 2954 988 3009 etiam
1028 2954 1132 3010 isto
1154 2968 1456 3024 congressu
1487 2953 1726 3024 penitius
1754 2968 1814 3010 se
1844 2954 2123 3023 introspe-

553 3056 768 3102 cturum
828 3043 1060 3116 Augusti
1109 3053 1371 3110 mentem,
1419 3059 1483 3098 ac
1513 3059 1723 3113 pacem,
1752 3043 1797 3100 si
1832 3045 2040 3098 lirmam
2072 3051 2125 3098 et

2295 1209 2480 1263 Ταῦτα
2514 1209 2853 1281 μεμαθηκὼς
2880 1211 2908 1262 6
2937 1209 3292 1282 αὐτοκράτωρ
3317 1212 3500 1276 ὁποῖος
3528 1213 3736 1275 ἐκεῖνος
3753 1213 3800 1245 ⁸³

2225 1299 2458 1369 θηρᾶσαι
2491 1300 2668 1372 ψυχὴν
2699 1301 3022 1371 ἀνθρώπου,
3057 1303 3151 1354 καί¹
3184 1302 3393 1373 λιθίνην
3428 1303 3665 1372 μαλάξαι
3705 1303 3803 1370 φύ-

2227 1409 2347 1455 σιν,
2390 1393 2608 1463 γραφὴν
2651 1392 2953 1462 τηνικαῦτα
2990 1394 3263 1447 ἐκτίθεται
3303 1395 3441 1463 πρὸς
3481 1394 3572 1447 τὸν
3610 1394 3799 1448 Ἀπελ-

2224 1486 2411 1555 χασὴμ
2431 1527 2446 1551 ,
2480 1485 2864 1555 συμϐουλεύων
2897 1485 3234 1555 ἀποσχέσθαι
3275 1484 3374 1553 μὲν
3407 1485 3516 1537 τῶν
3546 1485 3802 1538 τοιούτων

2225 1578 2396 1631 κενῶν
2427 1579 2897 1648 ἐπιχειρημάτων,
2928 1579 3022 1632 καὶ
3053 1579 3127 1648 μὴ
3154 1581 3232 1641 είς
3261 1579 3398 1649 ἀέρα
3430 1577 3645 1643 παίειν,
3673 1577 3804 1630 ἀλλά

2225 1670 2690 1740 προσεληλυθέναι
2725 1688 2782 1724 τε
2820 1671 2970 1740 αὐτῷ
3006 1673 3100 1725 καὶ
3135 1670 3344 1723 πολλῶν
3377 1673 3641 1738 καμάτων
3678 1670 3802 1721 ἐαυ⁴

2229 1762 2319 1814 τὸν
2347 1763 2683 1829 ἀπαλλάξαι,
2713 1763 3054 1833 δωρημάτων
3079 1780 3137 1815 τε
3165 1762 3402 1832 δαψιλῶν
3429 1761 3803 1816 ὲπαπολαῦσαι

2227 1855 2322 1906 καὶ
2356 1855 2538 1923 τιμῆς.
2577 1855 2637 1906 ’0
2671 1854 2727 1907 δὲ
2761 1855 3115 1925 Ἀπελχασὴμ
3149 1853 3272 1907 ἐπεὶ
3308 1853 3402 1906 καὶ
3433 1852 3523 1905 τὸν
3558 1853 3806 1920 Προσοῦχ

2227 1945 2497 2012 ἐμάνθανε
2549 1945 2942 2017 πολιορκοῦντα
2986 1945 3056 1999 τὰ
3103 1945 3442 2014 κατεχόμενα
3489 1943 3595 1996 ὑπό
3643 1959 3806 1994 τινων

2228 2037 2522 2106 σατραπῶν
2568 2037 2812 2105 κάστρα,
2868 2038 2969 2106 ἢδη
3003 2037 3058 2089 δὲ
3093 2035 3188 2088 καὶ
3221 2039 3284 2104 τῇ
3322 2034 3527 2104 Νικαίᾳ
3564 2049 3807 2104 προσπε-

2223 2127 2408 2191 λάζειν
2437 2128 2524 2196 ἐφ’
2548 2120 2592 2194 ᾧ
2624 2127 2982 2197 πολιορκῆσαι
3013 2125 3218 2194 ταύτην
3241 2164 3254 2188 ,
3286 2125 3385 2193 τὴν
3416 2123 3662 2190 ἀνάγκην
3695 2119 3807 2190 (51)

2228 2220 2539 2290 φιλοτιμίαν
2570 2220 2599 2272 ὅ
2631 2237 2762 2289 φασι
2792 2218 3161 2288 ποιησάμενος
3185 2258 3199 2282 ,
3233 2218 3348 2286 ἅμα
3375 2215 3433 2268 δὲ
3461 2216 3555 2267 καὶ
3583 2213 3683 2282 τῆς
3713 2211 3807 2264 τοῦ

2226 2313 2495 2382 βασιλέως
2526 2312 2752 2383 γνώμης
2784 2309 3369 2380 καταστοχασάμενος,
3404 2306 3498 2360 καὶ
3533 2305 3807 2375 τεθαρρη-

2225 2406 2340 2468 κὼς
2364 2405 2462 2476 τὴν
2493 2405 2609 2475 μετ’
2634 2403 2800 2456 αὐτοῦ
2830 2403 3054 2472 εἰρήνην
3083 2399 3410 2462 ἀσπάζεται.
3443 2397 3565 2450 Τῶν
3591 2396 3648 2449 δὲ
3679 2397 3809 2448 ἁνα-

2229 2496 2434 2567 μεταξὺ
2470 2494 2762 2566 εἰρηνικῶν
2797 2492 3037 2546 σπονδῶν
3067 2489 3424 2544 τελεσθεισῶν
3447 2530 3461 2554 ,
3498 2488 3807 2559 μελετήσας

2225 2589 2320 2644 καὶ
2348 2589 2534 2658 ἔτερόν
2560 2606 2613 2642 τι
2641 2590 2886 2640 συνοῖσον
2915 2588 2944 2639 6
2969 2585 3348 2654 αὐτοκράτωρ,
3377 2583 3500 2636 ἐπεὶ
3527 2583 3618 2636 καὶ
3635 2583 3683 2613 ⁸³
3708 2582 3804 2635 οὐκ

2225 2681 2351 2750 ἐνῆν
2388 2679 2562 2742 ἄλλως
2604 2678 2903 2747 ἀνυσθῆναι
2941 2679 3002 2730 τὸ
3044 2677 3442 2745 σκοπούμενον,
3484 2674 3802 2744 μετακαλεῖ-

2224 2792 2315 2828 ται
2343 2772 2530 2826 τοῦτον
2560 2773 2639 2834 είς
2667 2771 2767 2838 τὴν
2801 2768 3212 2840 βασιλεύουσαν,
3243 2768 3328 2835 ἐφ’
3350 2763 3396 2836 ᾧ
3421 2767 3516 2819 καὶ
3546 2766 3796 2835 χρήματα

2225 2865 2429 2930 λαϐεῖν,
2461 2865 2554 2918 καὶ
2581 2863 2794 2933 τρυφῆς
2823 2861 2942 2924 ἃλις
2970 2860 3370 2922 ὲπαπολαῦσαι,
3404 2859 3497 2913 καὶ⁹
3527 2857 3699 2919 οὕτως
3726 2855 3801 2909 οῖ-

2227 2957 2355 3010 καδε
2403 2952 2834 3024 ὲπαναστρέψαι,
2890 2953 3147 3007 Πείθεται
3198 2954 3226 3006 6
3265 2950 3621 3020 Ἀπελχασήμ
3649 2967 3662 2980 ’
3713 2950 3806 3002 καὶ

2225 3047 2485 3102 εἰσελθὼν
2531 3049 2612 3110 είς
2659 3045 2756 3114 τὴν
2810 3045 3200 3115 βασιλεύουσαν
3247 3043 3508 3106 παντοίας
3558 3041 3804 3106 ἀξιοῦται

554 3140 742 3193 utilem
781 3138 898 3194 fore
933 3146 1210 3204 cerneret,
1244 3153 1433 3193 coram
1476 3138 1697 3194 facilius
1733 3153 1897 3206 quam
1932 3139 2121 3208 legatis

2232 3137 2648 3209 φιλοφροσύνης.
2682 3135 2770 3198 Ὠς
2797 3134 2854 3187 δὲ
2879 3134 2978 3204 τὴν
3005 3131 3348 3202 Νικομήδους
3381 3129 3553 3200 (πόλις
3581 3128 3638 3181 δὲ
3668 3127 3807 3220 αὕτη

554 3231 900 3287 intermediis
949 3231 1241 3286 initurum.
1279 3230 1484 3286 Verum
1519 3231 1747 3287 Alexius
1781 3231 1888 3284 alia
1939 3231 2124 3285 omnia

554 3323 981 3377 machinabatur
1014 3322 1281 3378 adversus
1313 3323 1587 3378 Barbaros
1613 3323 1944 3392 quibuscum
1975 3323 2126 3376 nulla

556 3413 662 3467 tida
692 3429 799 3482 pax
847 3422 1012 3478 esset,
1060 3429 1279 3468 omnem
1338 3414 1623 3470 honestam
1681 3431 1804 3471 esse
1855 3416 2126 3470 rationem

555 3506 807 3556 statuens
836 3500 1070 3569 publicae
1091 3501 1402 3557 obtinenda:
1433 3504 1767 3570 securitatis,
1795 3521 1955 3572 quam
1994 3507 2130 3560 alio-

555 3590 651 3658 qui
699 3590 1071 3644 necessariam
1109 3591 1362 3661 imperio,
1416 3601 1599 3647 tamen
1643 3611 1814 3665 neque
1846 3597 1893 3650 vi
1919 3609 2131 3665 aperta,

555 3681 628 3735 ob
662 3689 986 3750 praesentem
1023 3682 1100 3736 rei
1132 3681 1398 3739 Romana:
1454 3685 1792 3740 debilitatem
1816 3726 1831 3750 ,
1884 3703 1985 3742 nec
2037 3703 2130 3758 per

557 3773 865 3828 Turcortun
897 3773 1182 3842 perﬁdiam
1214 3775 1323 3830 ulla
1357 3777 1686 3832 tractatione
1712 3779 1985 3834 coniicere
2011 3796 2132 3848 pos-

557 3874 662 3919 set.
719 3865 948 3920 Nuntiis
1015 3866 1181 3934 igitur
1229 3867 1579 3938 imperatoris
1622 3870 1781 3942 174
1833 3871 2132 3928 liberaliter

559 3956 923 4014 invitantibus
955 3967 1016 4014 ut
1048 3958 1588 4032 Constantinopolim
1621 3965 1810 4019 venire
1834 3982 1903 4020 ne
1933 3982 2132 4034 grava-

2231 3227 2565 3300 μητρόπολις
2600 3223 2873 3294 Βιθυνίας)
2915 3224 3166 3292 κατεῖχον
3227 3223 3277 3274 oi
3315 3221 3413 3291 τῆς
3451 3219 3686 3281 Νικαίας
3723 3216 3804 3280 ἐξ·

2228 3321 2486 3390 ἀρχοντες
2513 3316 2768 3387 Τοῦρκοι,
2799 3315 3008 3368 ἐκεῖθεν
3035 3315 3063 3366 6
3090 3312 3344 3380 βασιλεὺς
3370 3311 3558 3364 ἐλάσαι
3583 3309 3808 3370 τούτους

2230 3411 2550 3481 βουλόμενος
2575 3449 2590 3472 ,
2623 3409 2808 3478 ἕτερον
2841 3405 2992 3476 παρά
3021 3403 3290 3458 θάλατταν
3321 3401 3678 3471 οἰκοδομῆσαι
3709 3417 3806 3451 πο-

2229 3502 2429 3572 λίχνιον
2473 3498 2586 3571 (52)
2631 3499 2739 3552 δεῖν
2780 3497 3031 3566 ἔκρινεν,
3077 3495 3135 3546 ὲν
3178 3495 3288 3564 ὅσῳ
3333 3493 3400 3546 τά
3445 3493 3544 3562 τῆς
3590 3491 3808 3559 ἀγάπης

2229 3595 2486 3664 ἥδραστο.
2518 3589 2821 3660 Τοιγαροῦν
2856 3592 2913 3642 ἐν
2951 3589 3328 3658 φορταγωγοῖς
3363 3587 3554 3639 ναυσὶν
3591 3586 3808 3639 ᾶπαντα

2229 3688 2296 3740 τὸ.
2334 3686 2470 3757 πρδς
2506 3685 2702 3754 χρῆσιν
2739 3681 2976 3752 χρειώδη
3015 3681 3111 3734 σὺν
3150 3680 3332 3742 αὐτοῖς
3368 3678 3675 3748 οἰκοδόμοις
3708 3679 3807 3744 ὲμ-

2233 3777 2411 3832 ϐαλὼν
2441 3775 2791 3843 ἐξαπέστειλε
2815 3813 2829 3837 ,
2856 3775 2954 3844 τὴν
2984 3773 3174 3826 τούτου
3205 3772 3498 3842 οἰκοδομὴν
3529 3768 3811 3836 eamea.»

2231 3871 2308 3939 τῷ
2333 3867 2425 3922 τοῦ
2458 3869 2642 3921 στόλου
2671 3864 3019 3938 δρουγγαρίῳ
3047 3865 3398 3933 ἀναθέμενος,
3428 3864 3521 3914 καὶ
3551 3861 3610 3914 τὸ
3637 3859 3810 3930 ἀπόρ-

2235 3964 2397 4030 ρητον
2440 3957 2743 4027 ὲγκαλύῲαι
2767 3957 2812 3987 ³⁵
2852 3957 3197 4024 ἐπισκήψας,
3235 3954 3286 4006 εί
3316 3969 3458 4016 τινες
3493 3953 3601 4004 τῶν
3635 3950 3812 4017 Τούρ-

559 4059 734 4113 retur,
773 4051 1278 4123 pollicentibusque
1303 4053 1552 4126 Augusto
1595 4071 1745 4112 curae
1780 4058 2046 4124 futurum,
2076 4070 2127 4114 ut

2234 4069 2346 4106 κων
2373 4052 2669 4121 διέρχοιντο
2701 4048 2972 4110 παντοίοις
3001 4046 3441 4115 φιλοφρονεῖσθαι
3459 4085 3472 4107 ,
3506 4045 3602 4096 καὶ
3632 4043 3686 4104 ἐς
3715 4040 3813 4091 κό-

559 4151 616 4196 et
640 4141 1200 4202 honoriﬁcentissime
1233 4146 1309 4200 ibi
1337 4147 1686 4215 exciperetur
1725 4149 2134 4220 habereturque

561 4241 616 4285 et
641 4234 1016 4303 voluptatibus
1036 4251 1101 4290 ac
1123 4238 1454 4305 spectaculis
1485 4239 1663 4292 omnis
1684 4241 1898 4309 generis
1924 4258 2136 4296 recrea-

564 4338 674 4390 tus,
707 4327 1140 4396 muneribusque
1165 4328 1478 4385 cumulatus
1513 4332 1892 4400 amplissimis,
1914 4334 2133 4388 deruunt

565 4420 786 4486 quando
818 4420 978 4473 vellet
1004 4422 1387 4488 reduceretur,
1422 4439 1687 4479 assensus
1739 4433 1824 4480 est
1866 4428 2134 4496 Apelcha-

2239 4164 2331 4216 ρον
2349 4145 2590 4207 διδόντας
2615 4140 2924 4195 ἐπιλαύνειν
2940 4141 2986 4172 ⁸⁵
3007 4139 3114 4191 τῶν
3135 4137 3354 4207 δωρεῶν
3371 4135 3438 4203 ⁸⁸,
3463 4136 3812 4206 προστιθέναι

2236 4245 2292 4296 δὲ
2334 4243 2396 4294 τὸ
2439 4239 2557 4310 μετ’
2587 4239 2845 4308 είδήσεως
2887 4235 2980 4288 τοῦ
3023 4231 3375 4303 Ἀπελχασὴμ
3417 4231 3574 4284 τοῦτο
3614 4229 3818 4282 οἰκοδο-

2243 4337 2397 4406 μεῖν,
2431 4330 2550 4385 εἶτα
2586 4331 2733 4386 ἃπαν
2771 4328 2954 4380 πλοῖον
2991 4325 3249 4396 ἀπεῖρξαι
3283 4323 3391 4376 τῶν
3425 4327 3524 4393 τῆς
3561 4321 3819 4384 Βιθυνίας

2242 4425 2526 4496 παραλίων
2556 4422 2758 4493 μερῶν,
2789 4421 2865 4484 ὡς
2897 4422 2972 4490 μὴ
3001 4419 3158 4488 δῆλον
3183 4415 3332 4488 αὐτῷ
3363 4417 3613 4484 γενέσθαι
3636 4416 3694 4466 τδ
3724 4431 3819 4482 γι-

564 4527 750 4566 semus
783 4519 836 4565 et
872 4512 1410 4584 Constantinopolim
1436 4533 1495 4571 se
1520 4519 1802 4573 transtulit
1836 4538 1850 4574 :
1885 4522 1976 4576 ubi
2004 4521 2127 4575 nihil

2243 4519 2489 4588 νόμενον.
2527 4514 2619 4585 Τῷ
2655 4514 2710 4567 δὲ
2746 4509 3100 4582 Ἀπελχασὴμ
3136 4509 3260 4564 καθ’
3287 4509 3525 4580 ἑκάστην
3557 4508 3822 4577 χρήματα

566 4604 754 4656 minus
789 4618 952 4671 quam
979 4615 1297 4673 speraverat
1335 4609 1870 4665 demonstrationum
1905 4612 2136 4669 honoris

567 4709 638 4748 ac
665 4695 984 4750 deliciarum
1021 4708 1308 4768 expertus,
1350 4700 1418 4754 iis
1451 4701 1757 4756 fruebatur.
1799 4705 1868 4758 At
1901 4705 2136 4774 impera-

567 4799 674 4851 tor,
708 4789 800 4857 qui
829 4789 1052 4844 haberet
1079 4790 1131 4843 in
1157 4792 1342 4845 animo
1366 4793 1638 4861 expellere
1665 4794 1982 4850 Nicomedia
2010 4797 2140 4851 Tur-

566 4896 661 4934 cos
697 4880 867 4951 (urbs
913 4897 978 4936 ea
1016 4882 1280 4951 primaria
1315 4893 1397 4939 est
1433 4883 1705 4956 Bithyniae
1752 4902 1916 4957 quam
1972 4890 2138 4946 Turci

2239 4611 2414 4675 διδοὺς
2433 4649 2447 4674 ,
2476 4611 2576 4662 οὐκ
2605 4606 2867 4670 ἐνεδίδου,
2898 4606 2976 4668 είς
3006 4602 3263 4673 βαλανεῖά
3287 4619 3345 4656 τε
3377 4602 3820 4672 προτρεπόμενος

2241 4705 2335 4758 καὶ
2379 4702 2751 4770 ίππηλασίας,
2795 4698 2890 4752 καὶ
2933 4696 3269 4767 κυνηγέσια,
3312 4696 3450 4765 πρὸς
3486 4695 3540 4749 δὲ
3586 4693 3671 4746 καὶ
3711 4688 3820 4750 τὰς

2243 4799 2381 4852 κατὰ
2409 4797 2508 4859 τὰς
2540 4794 2849 4863 λεωφόρους
2883 4791 3181 4860 ἱσταμένας
3213 4789 3417 4858 στήλας
3445 4785 3775 4854 ἀναθεωρεῖν
3802 4796 3820 4812 ο

2244 4893 2378 4946 ἀλλὰ
2414 4893 2507 4944 καὶ
2544 4889 2768 4942 ἱππικὸν
2805 4888 2992 4957 ἀγῶνα
3021 4885 3090 4939 δι’
3113 4883 3276 4939 αὐτὸν
3312 4880 3662 4945 ἐνστήσασθαι
3694 4879 3821 4940 τοῖς

1621 5000 1816 5064 Varias
1859 5001 2171 5068 lectiones
2215 5025 2292 5069 ex
2324 5006 2462 5069 cod.
2497 5004 2766 5068 Coislin.

634 5126 680 5158 ⁸³
704 5128 908 5188 ἐκεῖνος
927 5125 1119 5189 δεινός,
1193 5126 1238 5158 ⁸³
1273 5125 1435 5182 Deest
1477 5125 1662 5181 vocula
1685 5126 1798 5181 καί.
1874 5127 1920 5162 ⁸⁵
1971 5132 2299 5203 ἐκκαλύψαι.
2375 5133 2422 5165 ⁸⁸
2474 5129 2899 5185 ὲπαπολαύνειν.
2972 5129 3018 5161 ⁸⁵
3053 5128 3347 5199 χρειωδῶν.

1639 5240 1780 5302 Car.
1805 5242 2137 5307 Dufresnii
2173 5247 2264 5308 Du
2292 5246 2514 5325 Cangii
2551 5253 2742 5307 nota).

642 5371 750 5441 (5|)
802 5370 1034 5436 Ταύτην
1065 5370 1180 5438 τὴν
1233 5369 1530 5437 ἀνάγκην.
1560 5369 1721 5438 325
1770 5369 2138 5429 Proverbialis

569 5442 825 5500 formula,
857 5456 983 5510 qua
1025 5456 1132 5493 non
1199 5443 1367 5495 semel
1429 5442 1602 5493 utitur
1664 5443 1967 5510 Quamlib.
2013 5460 2134 5510 xm,

570 5525 693 5585 pg.
725 5511 828 5564 399
856 5509 1054 5585 etAQjZ,
1079 5510 1615 5585 postrishfrequens,
1653 5507 2130 5585 (fon-eudemon}

571 5577 670 5631 sua
698 5593 858 5632 νει-ιιι.
892 5577 1042 5630 Will.
1079 5579 1278 5649 Tyrius
1310 5581 1403 5633 lib.
1438 5577 1495 5644 3t,
1523 5594 1638 5649 capi.
1671 5579 1736 5631 17
1758 5579 2033 5649 ιμιῖαεῐειιε
2074 5584 2137 5637 de

573 5651 873 5700 necessitate
889 5647 1149 5702 virtutem.
1171 5650 1451 5702 Albi-rieus
1467 5667 1555 5701 an.
1577 5648 1732 5702 1062:
1757 5647 2137 5705 Necessitatem

575 5726 773 5768 vertens
801 5717 855 5768 in
884 5721 1224 5786 voluntatem.
1251 5717 1562 5786 Nangiusiu
1591 5717 1732 5772 Phil.
1759 5722 1812 5786 3,
1843 5721 2033 5776 initio:
2062 5722 2135 5775 De

579 5785 880 5837 ucccssitate
914 5785 1030 5849 fecit
1065 5788 1328 5840 virtutem.

649 5853 757 5920 (5'2)
799 5854 1202 5923 Οὶκοδομιῖσαι
1275 5858 1616 5925 πολίχνιον·
1673 5859 1960 5930 Oppidum’
2033 5879 2129 5918 seu

2243 5387 2488 5432 castrum
2520 5376 2680 5435 forte,
2715 5373 2860 5444 quod
2889 5371 3139 5444 Κιϐωτδν
3167 5371 3374 5444 (ἔπεισί,
3413 5363 3821 5444 ηοειιςίᾼϐἰοὶεὸι

2245 5450 2612 5516 appellarunt,
2659 5437 2747 5498 in'
2772 5443 3178 5516 Nicomediensi
3217 5437 3818 5516 _sinu__ex:editi_rlatum

2251 5505 2554 5573 ali-Alexio.
2592 5505 2648 5570 ut
2680 5528 2874 5570 auctor
2927 5525 3011 5567 cst
3039 5512 3337 5565 Ordericus
3369 5510 3580 5568 Vitalis,
3606 5505 3701 5556 lib'.
3741 5517 3825 5573 tv.

2247 5571 2337 5656 qui
2376 5571 2452 5641 id
2509 5571 2777 5652 Varangis
2839 5583 3254 5638 inhabitantium
3328 5576 3672 5656 e_t_t_uendum
3746 5571 3827 5623 ab

2245 5644 2436 5712 eodem
2469 5644 2725 5720 AuguSto
2750 5668 3072 5709 concessum
3115 5650 3490 5720 narratsV'ide
3520 5644 3674 5698 Nulih'
3709 5656 3826 5720 no:

2247 5736 2392 5782 stras
2424 5729 2488 5780 ad
2547 5725 2810 5778 Villhard.
2853 5741 2908 5777 n.
2939 5723 3007 5778 89
3036 5733 3091 5775 et.
3135 5721 3261 5772 “240.
3322 5719 3495 5773 Ciboti
3561 5719 3827 5767 minuunt.

2246 5799 2407 5853 ctiam
2445 5797 2824 5868 Pachytnercs,
2855 5794 2948 5850 lib.
2975 5809 3049 5860 vt,
3083 5807 3203 5861 cap.
3234 5791 3322 5846 2’5.
