4022 6270
340 406 440 467 503

1595 405 2007 463 ALEXIADIS
2051 406 2198 467 LIB.
2240 364 2341 467 VI.

3471 404 3574 467 506

333 509 691 582 διφρηλάταις
736 509 988 563 ἐκέλευσε
1040 511 1177 564 κατὰ
1226 510 1286 565 τδ
1337 510 1504 565 πάλαι
1552 512 1630 580 τῷ
1683 512 1900 583 μεγάλῳ

2010 511 2310 568 Nicaeenses
2337 512 2591 581 praesidio
2628 512 2919 585 tenebant)
2950 513 3017 570 ad
3041 528 3270 585 eamque
3295 528 3408 568 rem
3433 529 3572 584 opus

332 605 727 674 Κωνσταντίνῳ
750 606 1101 675 οἰκοδομηθὲν
1125 606 1350 678 θέατρον
1374 607 1505 676 (55),
1529 607 1622 660 καὶ
1645 607 1764 659 καθ’
1782 607 1908 659 ἐκά-

333 714 462 767 στην
504 699 563 749 ἐν
606 697 781 765 τούτῳ
826 697 1264 766 παραγίνεσθαι,
1309 696 1402 750 καὶ
1441 699 1539 760 τὰς
1575 698 1683 751 τῶν
1724 698 1908 749 ἵππων

329 766 655 859 δοκιμασίας
685 792 817 859 ὁρᾷν
846 766 1099 860 ἦρέθισεν
1120 791 1184 855 ⁸⁷,
1221 790 1287 842 ἵν’
1310 788 1558 842 ἐντεῦθεν
1584 787 1906 858 τριϐομένου

330 883 418 934 τοῦ
450 882 674 951 καιροῦ,
704 882 977 952 ἐκεχειρία
1004 884 1115 944 τοῖς
1142 881 1449 949 οἰκοδόμοις
1477 879 1701 932 δίδοται.
1734 879 1820 940 Ὠς
1849 877 1907 928 δὲ

330 974 386 1025 τὸ
420 973 699 1042 πολίχνιον
731 975 830 1044 ἤδη
860 974 1175 1026 τετέλεσται
1195 1014 1208 1037 ,
1240 975 1333 1025 καὶ
1372 974 1543 1043 πέρας
1575 972 1634 1023 τὸ
1672 970 1905 1023 σκοπού-

332 1083 487 1131 μενον
512 1066 770 1136 ἕςχηκεν,
795 1066 1005 1118 πλείοσι
1034 1068 1265 1135 δωρεαῖς
1294 1065 1482 1117 τοῦτον
1508 1064 1903 1132 ἀμειψάμενος,

328 1156 401 1223 τῷ
433 1158 818 1225 σεὸαστοτάτῳ
846 1174 902 1209 τε
935 1157 1204 1225 ἀξιώματι
1236 1158 1470 1226 τιμήσας
1501 1158 1592 1208 καὶ
1622 1157 1714 1208 ἐπὶ
1746 1155 1906 1208 πλέον

329 1247 420 1307 τὰς
448 1246 728 1317 συνθήκας
758 1249 1082 1315 ὲμπεδώσας
1108 1249 1195 1300 διὰ
1221 1250 1385 1318 τιμῆς
1417 1246 1720 1315 ἐξέπεμψεν
1746 1247 1905 1298 αὑτὸν

330 1338 650 1391 διαπόντιον.
691 1339 1076 1408 Ἀγγελθείσης
1112 1339 1167 1391 δὲ
1206 1339 1355 1407 αὐτῷ
1396 1339 1495 1408 τῆς
1532 1338 1624 1390 τοῦ
1666 1339 1903 1407 κάστρου

332 1430 638 1497 οἰκοδομῆς,
668 1429 773 1483 κᾶν
805 1432 894 1483 ἐπὶ
927 1434 991 1499 τῇ
1020 1430 1210 1483 τούτου
1243 1430 1528 1501 ἀνεγέρσει
1556 1430 1616 1482 τὸ
1645 1430 1905 1495 παράπαν

333 1519 767 1586 κατετέτρωτοω
808 1520 909 1587 τὴν
948 1519 1163 1590 ψυχὴν,
1200 1520 1313 1572 ἀλλ’
1338 1516 1432 1572 οῦν
1476 1519 1567 1573 τὸν
1608 1519 1907 1586 ἀγνοοῦντα

334 1612 649 1679 ὕποκριθεὶς
691 1612 751 1663 τὸ
795 1614 1062 1680 παράπαν
1106 1613 1384 1680 ἐσίγησεν,
1426 1611 1678 1665 Τοιοῦτόν
1718 1628 1770 1664 τι
1812 1614 1907 1663 καὶ

336 1703 454 1767 περὶ
489 1701 868 1763 Ἀλκιῦιάδους
902 1701 1201 1771 ἱστόρηται.
1229 1700 1385 1755 Οὕτω
1414 1702 1521 1771 γὰρ
1550 1702 1837 1763 κάκείνους
1860 1702 1904 1733 δ’

331 1790 792 1859 Λακεδαιμονίους
826 1790 1163 1862 ὲξηπατήκει
1202 1792 1277 1862 μὴ
1315 1792 1731 1862 συγχωροῦντας
1764 1793 1908 1844 ἀνοι-

2010 623 2134 663 esse
2190 609 2402 663 videret
2456 609 2873 665 constructione
2933 610 3220 663 maritima:
3251 608 3420 672 areis,
3454 624 3575 676 qua:

2008 716 2169 754 usum
2227 700 2560 755 Nicomedia:
2588 703 2891 771 suppleret,
2925 702 3187 771 perlicere
3236 700 3289 753 id
3333 699 3575 753 decrevit

2008 807 2074 846 θο
2104 793 2221 861 ipso
2258 805 2498 861 tempore
2548 810 2658 863 quo
2701 795 3134 863 Apclchasemns
3183 792 3574 847 Constantino-

2009 886 2116 954 poli
2156 887 2403 940 relaxans
2436 887 2701 951 animum,
2754 887 2820 940 de
2851 886 3004 956 pacis
3039 884 3449 940 comlitionibus
3474 896 3572 948 per

2008 978 2177 1031 otium
2217 985 2496 1033 tractaret.
2526 976 2790 1033 Omnibus
2818 994 2947 1048 ergo
2974 994 3097 1047 qua:
3146 977 3214 1029 ad
3247 974 3574 1029 aedificatio-

2009 1085 2131 1122 ncm
2154 1084 2273 1124 esse
2313 1081 2566 1139 poterant
2606 1071 2728 1123 usui
2763 1072 2818 1123 in
2855 1086 3020 1124 naves
3064 1067 3348 1123 onerarias
3388 1066 3572 1133 impo-

2007 1160 2149 1224 sitis,
2183 1175 2307 1213 eum
2337 1176 2529 1229 magna
2555 1160 3030 1213 cazmentariorum
3060 1168 3225 1225 atque
3260 1155 3377 1221 ejus
3412 1167 3574 1222 gene-

2008 1252 2084 1305 ris
2116 1253 2370 1320 opiticum
2406 1269 2591 1317 manu,
2643 1252 2931 1305 Eustathio
2990 1248 3186 1303 classis
3247 1245 3571 1313 drungario,

2008 1343 2175 1397 totius
2202 1344 2404 1413 negotii
2440 1358 2629 1397 curam
2669 1343 2985 1403 demandat,
3015 1339 3368 1409 suggeritque
3390 1337 3443 1390 in
3472 1352 3569 1390 au-

2008 1451 2121 1489 rem
2159 1436 2289 1504 quid
2333 1451 2595 1489 arcanum
2631 1436 2851 1505 quidem
2888 1434 3107 1495 habere,
3137 1439 3394 1484 carterum
3421 1441 3575 1481 exse-

2008 1528 2099 1595 qui
2137 1536 2360 1582 strenue
2388 1544 2525 1597 opus
2555 1530 2649 1581 sit.
2704 1526 2863 1581 Omni
2899 1542 3090 1594 nempe
3123 1524 3357 1584 ratione,
3409 1518 3575 1572 moris

2008 1631 2057 1675 et
2101 1620 2512 1690 impedimentis
2544 1621 2819 1688 perruptis
2874 1618 3147 1680 omnibus,
3207 1628 3369 1682 quam
3404 1610 3578 1664 celer-

2008 1714 2145 1767 rime
2173 1712 2599 1768 construendam
2632 1726 2808 1765 arcem
2838 1728 2852 1765 :
2879 1711 2925 1764 ei
2959 1710 3035 1763 rei
3063 1709 3107 1763 si
3143 1707 3235 1776 qui
3273 1706 3411 1757 forte
3433 1703 3576 1756 Tur-

2008 1819 2194 1859 corum
2246 1802 2666 1866 intervenirent,
2711 1801 2745 1854 ii
2793 1798 3065 1868 pecuniis,
3117 1796 3152 1849 ii
3201 1792 3491 1853 conviviis,
3537 1790 3576 1844 ii

331 1883 625 1951 κοδομῆσαι
658 1885 889 1956 Ἀθήνας
914 1885 1333 1955 καθαιρεθείσας
1360 1886 1464 1938 ὑπὸ
1492 1885 1735 1955 Περσῶν.
1758 1888 1905 1954 Παρ-

2010 1897 2289 1952 beneficiis
2323 1910 2483 1949 omne
2508 1910 2680 1964 genus
2707 1894 3075 1947 obruerentur
3108 1908 3121 1944 :
3159 1897 3271 1943 tum
3310 1890 3574 1942 admone-

330 1974 583 2040 αγγείλας
610 1976 718 2045 γὰρ
746 1977 1116 2046 ἀνοικοδομεῖν
1147 1977 1492 2046 Ἀθηναίους,
1522 1977 1731 2030 ἐκεῖθεν
1754 1977 1902 2047 ἀπῴ-

330 2081 450 2132 χετο
474 2065 797 2135 πρεσϐεύων
815 2068 896 2129 είς
915 2068 1315 2136 Λακεδαίμονα.
1339 2065 1470 2121 Εἶτα
1488 2056 1585 2137 τῆς
1609 2068 1903 2139 πρεσϐείας

326 2157 417 2209 τον
444 2157 637 2226 χρόνον
668 2158 980 2228 τρίϐοντος,
1015 2160 1109 2213 καὶ
1138 2162 1369 2224 διδόντος
1402 2162 1460 2213 τὸ
1488 2161 1765 2231 ἐνδόσιμον
1790 2163 1898 2224 τοῖς

326 2250 731 2317 οίκοδομοῦσιν,
766 2251 904 2320 μετὰ
933 2252 1031 2321 τὴν
1063 2252 1338 2321 ὲξαπάτην
1368 2252 1495 2323 ὃλην
1525 2254 1765 2324 ἥκουσαν
1793 2254 1906 2306 Λα-

327 2341 663 2409 κεδαιμόνιοι
701 2342 798 2412 τὴν
839 2343 1133 2413 οἰκοδομὴν
1173 2343 1433 2411 Ἀθηνῶν.
1480 2345 1587 2397 Καὶ
1631 2345 1905 2414 μέμνηται

324 2434 425 2502 τῆς
458 2434 631 2503 καλῆς
670 2437 883 2506 ἀπάτης
919 2436 1150 2506 ταυτησὶ
1185 2437 1281 2490 καὶ
1308 2438 1336 2489 ὁ
1369 2437 1657 2499 Παιανιεὺς
1690 2437 1905 2507 ἐνιαχοῦ

322 2529 435 2579 τῶν
466 2530 641 2597 λόγων
676 2531 862 2584 αὑτοῦ.
895 2531 1151 2585 Τοιοῦτον
1185 2534 1293 2602 ἄρα
1330 2533 1425 2585 καὶ
1458 2531 1659 2602 τούμοῦ
1701 2532 1906 2601 πατρὸς

320 2620 389 2671 τὸ
414 2622 683 2690 ὲπινόημα
711 2618 800 2693 ἦν,
835 2624 1034 2692 μᾶλλον
1061 2624 1117 2677 δὲ
1146 2626 1238 2677 καὶ
1273 2624 1643 2688 Ἀλκιϐιάδους
1673 2642 1907 2695 στρατη-

318 2713 651 2782 γικώτερον.
688 2717 1104 2785 Ἱπποδρομίαις
1150 2717 1261 2786 γὰρ
1304 2718 1399 2771 καὶ
1440 2719 1674 2786 τρυφαῖς
1718 2716 1909 2779 ἄλλαις

321 2804 422 2854 τδν
447 2805 734 2875 Βάρῦαρον
775 2807 964 2861 τοῦτον
1006 2809 1336 2873 ὑποσαίνων,
1376 2809 1470 2863 καὶ
1512 2811 1591 2872 είς
1633 2809 1907 2878 ήμὲρας⁹⁶

315 2894 387 2959 ἐξ
425 2896 641 2965 ἡμέρας
678 2901 1187 2970 παραπεμπόμενος
1226 2900 1463 2968 ἔφθασεν
1503 2900 1810 2971 ἀπαρτίσας
1847 2901 1909 2954 τὸ

314 2985 607 3055 φρούριον.
635 2989 743 3041 Καὶ
769 2989 1071 3059 τηνικαῦτα
1097 2992 1187 3042 τοῦ
1219 2992 1537 3061 σύμπαντος
1558 2990 1906 3054 τελεσθέντος

312 3074 515 3144 ἔργου,
545 3078 639 3129 τὸν
666 3080 835 3150 ἄνδρα
862 3084 962 3151 τῆς
993 3081 1265 3151 βασιλίδος
1293 3083 1530 3137 ἀπέλυσε
1563 3082 1796 3145 πόλεως.

2012 1998 2200 2045 rentur
2231 1989 2389 2060 quasi
2414 1987 2616 2054 obiter,
2650 1994 2708 2039 ut
2741 1986 2807 2040 de
2841 2000 2898 2039 re
2929 1999 3092 2053 quam
3124 1984 3366 2049 ipsorum
3404 1988 3573 2031 causa

2011 2079 2223 2148 vulgari
2290 2077 2532 2133 nondum
2596 2083 2899 2145 oporteret,
2946 2072 3400 2144 Apelchasemum
3454 2077 3578 2118 esse

2007 2169 2482 2239 Constantinopoli
2504 2166 3017 2235 eonjunctissimum
3041 2158 3385 2231 imperatori,
3440 2154 3578 2209 nihil

2013 2276 2201 2316 eorum
2233 2274 2353 2330 qua:
2383 2259 2631 2312 viderent
2664 2257 2783 2312 sine
2811 2253 3155 2309 conscientia
3197 2260 3253 2304 et
3300 2248 3581 2301 voluntate

2014 2352 2189 2421 ipsius
2222 2350 2365 2415 ﬁeri,
2403 2349 2622 2402 interim
2656 2347 2848 2401 sedula
2884 2359 3051 2413 opera
3098 2343 3326 2397 daretur
3372 2352 3441 2391 ne
3471 2350 3579 2404 qua

2013 2444 2170 2499 navis
2198 2457 2263 2496 ex
2294 2440 2571 2495 maritima
2610 2438 2876 2509 Bithynia:
2904 2451 3001 2490 ora
3036 2427 3575 2497 Constantinopolim

2012 2535 2199 2589 venire
2234 2534 2523 2594 sineretur,
2557 2546 2679 2600 qua:
2705 2529 2966 2583 indicium
3001 2524 3395 2594 Apelehasemo
3425 2532 3579 2571 nova:

2015 2623 2450 2679 constructionis
2478 2622 2672 2676 afferre
2713 2626 2921 2689 posset.
2952 2616 3077 2670 llaec
3116 2612 3401 2670 Eustathio
3431 2623 3575 2678 pra:-

2016 2716 2245 2785 scripta.
2279 2714 2505 2769 Interim
2551 2713 3012 2783 Apelchasemum
3053 2697 3349 2777 imperator
3402 2700 3582 2768 quoti-

2015 2807 2196 2860 dianis
2227 2805 2455 2875 implere
2511 2802 2900 2872 largitionibus
2964 2816 3073 2854 non
3138 2794 3391 2851 cessabat
3445 2808 3461 2845 :
3511 2789 3578 2842 ad

2016 2897 2243 2953 balneas
2287 2897 2560 2950 hominem
2605 2894 3006 2950 olﬁeiosissime
3054 2889 3315 2947 invitans,
3349 2893 3461 2937 tum
3512 2877 3581 2932 ad

2014 2988 2327 3059 spectacula
2360 2985 2698 3056 equestrium
2731 2986 3010 3045 ludorum,
3047 2991 3207 3049 atque
3242 2978 3305 3031 ad
3337 2971 3581 3029 venatio-

2016 3097 2114 3136 nes
2138 3096 2320 3136 secum
2347 3081 2577 3146 ducens,
2600 3087 2997 3145 ostentansque
3026 3072 3225 3142 hospiti
3258 3070 3579 3124 ornamenta

312 3170 544 3236 publica
595 3175 976 3229 columnarum
1013 3186 1426 3246 statuarumque
1458 3178 1512 3231 in
1550 3178 1747 3245 plateis
1794 3176 2089 3231 exstantia.
2127 3175 2270 3241 Quin
2321 3175 2489 3230 etiam
2549 3174 2666 3243 ejus
2710 3174 2764 3227 in
2817 3170 3045 3238 gratiam
3102 3168 3264 3217 unius
3300 3169 3577 3216 certamen

307 3278 592 3331 equorum
624 3266 899 3320 curulium
960 3270 1211 3336 apparari
1279 3270 1664 3338 committique
1704 3268 1874 3338 jussit
1915 3268 1969 3322 in
2011 3268 2228 3322 theatro
2259 3268 2403 3337 quod
2442 3280 2670 3334 magnus
2715 3265 2843 3318 olim
2878 3259 3079 3316 struxit
3131 3252 3576 3310 Constantinus:

308 3353 701 3423 delectarique
743 3369 810 3409 eo
844 3354 1057 3409 ludicro
1088 3357 1436 3427 potissimum
1469 3359 1749 3413 hominem
1780 3359 2049 3419 sentiens,
2089 3357 2287 3413 blande
2315 3357 2569 3427 urgebat,
2596 3365 2654 3410 ut
2683 3371 2748 3410 eo
2812 3353 3059 3425 quotidie
3129 3352 3294 3405 itaret
3349 3351 3571 3416 speeta-

306 3458 463 3513 ιιιηι.
516 3452 602 3504 Vel
637 3453 1031 3522 quadrigarum
1089 3470 1308 3518 cursus,
1369 3454 1452 3507 vel
1514 3454 1903 3509 domitationes
1942 3470 2232 3523 equorum.
2262 3455 2365 3509 Per
2392 3453 2491 3508 has
2523 3452 2878 3508 remissiones
2954 3448 3351 3518 Apelchasemo
3427 3447 3573 3492 tem-

308 3556 422 3608 pus
465 3544 713 3597 suaviter
753 3554 984 3611 terente,
1021 3546 1263 3616 perfecta
1341 3546 1573 3601 munitio
1646 3556 1732 3602 est
1766 3563 1780 3600 :
1819 3548 1978 3617 cujus
2020 3550 2095 3602 rei
2138 3548 2343 3603 certior
2365 3549 2641 3617 Augustus
2700 3545 2897 3609 factus,
2958 3542 3228 3609 hospitem
3282 3532 3580 3602 majoribus

306 3637 504 3689 adhuc
548 3644 813 3691 onustum
847 3638 1004 3693 donis
1036 3646 1089 3692 et
1124 3638 1447 3694 sebastotati
1498 3640 1697 3708 (quasi
1769 3640 2223 3709 augustissimum
2285 3639 2527 3708 diceres)
2577 3636 2838 3706 dignitate
2900 3634 3272 3690 honestatum,
3343 3622 3579 3690 ﬁrmati;

304 3744 485 3797 quam
520 3728 759 3781 maxime
786 3736 1177 3783 conventorum
1215 3730 1412 3798 pactis,
1445 3745 1473 3783 a
1502 3746 1561 3785 se
1583 3746 1705 3783 cum
1746 3730 1888 3784 bona
1922 3731 2095 3798 gratia
2130 3727 2693 3783 honorilieentissime
2733 3722 2946 3777 dimisit
3005 3719 3205 3772 itinere
3272 3714 3575 3768 maritimo.

302 3827 375 3879 Ei
406 3841 535 3879 cum
565 3824 729 3893 paulo
762 3833 887 3892 post
912 3826 1163 3879 nuntiata
1190 3834 1339 3881 esset
1375 3827 1519 3881 areis
1543 3826 1908 3889 constructio,
1948 3840 2261 3895 quanquam
2288 3840 2349 3878 ea
2381 3840 2469 3878 res
2500 3823 2609 3876 alto
2666 3820 2743 3873 illi
2822 3819 3051 3871 vulnere
3119 3811 3423 3884 penetravit
3466 3807 3580 3861 ani-

302 3939 494 3985 mum,
540 3923 734 3977 habuit
761 3934 943 3977 tamen
972 3923 1184 3977 vultum
1212 3930 1267 3977 et
1295 3936 1483 3975 vocem
1548 3920 1601 3973 in
1680 3930 1973 3989 potestate,
2008 3930 2061 3975 et
2091 3920 2248 3984 quasi
2283 3917 2475 3972 audire
2498 3914 2851 3970 dissimulans
2878 3913 2931 3965 in
2953 3910 3173 3965 silentio
3197 3923 3258 3963 se
3281 3902 3576 3961 continuit.

301 4010 450 4066 Tale
485 4013 749 4081 quiddam
787 4020 840 4067 et
892 4013 959 4067 de
1012 4012 1295 4066 Alcibiade
1356 4020 1711 4064 memoratur.
1765 4009 1900 4063 Cum
1937 4010 2078 4063 enim
2114 4008 2507 4062 Lacedaemonii
2544 4023 2652 4060 non
2724 4005 2967 4060 sinerent
3019 3997 3318 4056 instaurari
3405 3994 3575 4048 Athe-

300 4122 421 4161 I.as
444 4108 670 4162 deletas
706 4121 735 4159 a
766 4104 972 4168 Persis,
1022 4104 1179 4174 175
1226 4104 1352 4157 dato
1408 4102 1523 4156 suis
1575 4102 1808 4156 consilio
1842 4114 1899 4154 ut
1933 4116 2141 4157 summa
2172 4116 2274 4169 ope
2316 4101 2564 4169 totisque
2590 4097 2754 4152 simul
2797 4110 2987 4149 omnes
3036 4093 3244 4147 viribus
3306 4089 3360 4142 in
3422 4087 3578 4142 urbis
3634 4150 3645 4159 ι

296 4200 748 4255 aediﬁcationem
810 4198 1214 4261 incumberent,
1312 4198 1428 4264 ipse
1479 4196 1692 4265 legatus
1748 4194 1925 4263 pergit
1994 4193 2466 4257 Lacedaemonem,
2527 4191 2619 4245 ubi
2656 4190 3024 4260 negotiatione
3064 4193 3237 4240 tracta
3265 4197 3361 4252 per
3396 4181 3580 4239 lentas

296 4308 507 4347 moras
548 4292 722 4346 otium
767 4290 1204 4345 Atheniensibus
1252 4289 1490 4344 confecit
1547 4289 1890 4357 perpetrandi
1932 4289 2144 4357 empti:
2209 4301 2441 4355 seroque
2494 4283 2709 4338 tandem
2763 4296 2823 4335 se
2873 4279 3095 4333 delusos
3178 4271 3578 4328 Laeedzemonii

293 4400 565 4450 sensere,
628 4385 837 4438 nuntiis
899 4384 1269 4438 indicantibus
1305 4384 1611 4438 restitutam
1656 4384 1710 4436 in
1757 4383 2027 4449 integrum
2067 4391 2215 4437 stare
2242 4381 2433 4435 urbem
2496 4387 2661 4447 atque
2737 4390 2917 4429 arcem
2982 4371 3363 4425 Athenarum:
3416 4380 3581 4434 prout

294 4476 460 4528 hanc
486 4475 768 4544 egregiam
802 4473 1221 4542 prudentissimi
1281 4474 1437 4528 ducis
1494 4474 1744 4528 fraudem
1772 4473 1971 4527 alicubi
2009 4454 2232 4527 suorum
2269 4486 2497 4542 operum
2540 4467 2850 4523 Paaaneusis
2891 4475 3097 4519 narrat.
3153 4461 3261 4515 Nec
3295 4461 3401 4515 isto
3434 4456 3579 4511 infe-

295 4568 432 4622 rius
467 4568 645 4635 patris
682 4566 786 4620 hoc
828 4567 933 4620 mei
973 4577 1309 4633 stratagema
1344 4566 1491 4629 fuit;
1552 4567 1685 4637 quin
1713 4566 1896 4621 dicere
1938 4568 2114 4621 ausim
2138 4575 2194 4620 et
2222 4567 2482 4621 solertius
2527 4561 2845 4618 Alcibiadeo
2877 4561 2994 4647 illo,
3060 4556 3332 4643 per‘quod
3401 4550 3578 4622 epulis

290 4677 366 4715 ac
404 4661 758 4728 spectaculis
785 4658 1061 4714 deliniens
1092 4659 1418 4727 Barbarum,
1451 4662 1704 4730 diemque
1782 4668 1839 4713 ut
1901 4676 1965 4714 ex
2008 4660 2099 4714 die
2129 4676 2360 4716 securus
2409 4659 2655 4713 traheret
2692 4655 2890 4710 blande
2933 4654 3260 4721 impetraris,
3316 4647 3578 4702 munitio-

290 4770 441 4808 nem
488 4750 711 4805 interim
745 4750 893 4802 arcis
926 4748 1194 4815 absolvit;
1232 4759 1457 4820 tumque
1494 4748 1714 4804 demum
1743 4762 1907 4816 opere
1944 4746 2185 4818 perfecto
2215 4764 2282 4803 ex
2314 4751 2449 4804 ιιι-ιι
2485 4747 2632 4818 regia
2668 4745 2846 4799 virum
2882 4740 3093 4796 dimisit
3156 4738 3296 4793 bene
3358 4743 3575 4805 pastum

286 4856 350 4903 et
377 4841 617 4913 egregie
644 4840 922 4894 delusum.
1180 4874 1214 4907 λ

1390 4937 1583 4999 Variae
1614 4936 1918 4999 lectiones
1960 4955 2038 5000 ex
2082 4937 2219 4998 eod.
2259 4932 2526 4996 Coislin.

1262 5040 1306 5072 δ’
1345 5040 1620 5105 κάκεῖνος,
1654 5049 1820 5094 recte.
1897 5042 1943 5073 '°
1976 5041 2057 5102 είς
2112 5038 2351 5107 ἡμέραν.

1407 5133 1548 5193 Car.
1591 5132 1916 5193 Dufresnii
1952 5133 2049 5191 Du
2083 5128 2306 5205 Cangii
2342 5131 2533 5188 noue.

371 5237 514 5307 (53)
573 5234 856 5307 θέατρον·
892 5231 1188 5307 Theatrum
1241 5241 1366 5307 ante
1407 5232 1591 5307 Severi
1655 5242 1901 5307 tempora
1930 5240 1971 5297 ο
2004 5227 2213 5307 eis!“
2259 5228 2311 5307 ίιι
2345 5228 2449 5307 1.4..
2493 5224 2738 5307 [επίοηθο
2771 5220 3258 5307 Nea'.‘,"}'."‘._£‘!_'.“_f"2
3289 5213 3411 5307 “PE.
3447 5215 3578 5307 12E"

285 5285 813 5371 Cuiisv'lantinopoli
851 5302 1126 5356 exstitisse
1159 5285 1394 5371 produnt
1419 5302 1625 5369 passim
1660 5285 1898 5368 scri'pto-
1935 5285 1971 5297 ν
2006 5300 2072 5351 ah
2094 5300 2246 5371 Anna
2278 5285 2631 5371 intelligitur;
2672 5309 2793 5371 nam
2830 5285 3571 5371 ιΙίρροιξτοιιιεξιιηεοιι’ςιν-

284 5350 741 5434 ινοζίνΕνεῐειιιῖι
809 5371 1051 5424 restituit
1100 5350 1241 5424 idein
1296 5350 1533 5426 Severrus
1583 5350 1895 5441 Byzantinis
2006 5382 2127 5441 eum
2158 5366 2230 5418 ita
2266 5350 2571 5441 appellasse
2616 5350 2854 5441 coristat,
2892 5350 3572 5441 quolletUN‘iEetaaMar:

282 5424 743 5504 reconciliatus,
801 5450 859 5493 ut
894 5450 1088 5493 auctor
1120 5449 1204 5494 est
1241 5424 1547 5502 Cedrenu'sv,
1581 5424 1642 5493 ei
1674 5442 1896 5506 regione
2004 5435 2205 5506 eelIino
2238 5424 2450 5496 co'n'iiti,
2484 5442 2537 5485 et
2583 5433 2714 5506 aliis
2759 5444 2867 5482 non
2896 5424 3065 5505 semel
3092 5424 3302 5506 evenit,
3341 5439 3501 5506 quem
3538 5438 3572 5478 ι

282 5490 516 5577 ίξτῖἧιιί
552 5490 803 5571 Veneris,
838 5518 899 5563 ut
947 5521 1030 5562 est
1084 5510 1137 5562 in
1178 5510 1433 5563 Chronico
1484 5490 1893 5579 Alexandrino;

2010 5504 2209 5559 Severo
2242 5490 2578 5579 inchoatum,
2613 5516 2642 5553 a
2679 5490 3158 5579 Cfnstantinomlil.
3196 5490 3568 5579 instauratum

282 5561 1091 5656 :gviioclmqtnidrihftheatrum
1137 5561 1459 5656 illudesse-
1482 5561 1713 5656 Epiiim,
1748 5578 1892 5645 quod
2003 5585 2057 5656 Et
2086 5572 2395 5656 confectum
2440 5561 3238 5656 tradunt‘ziisigrtisl‘li‘blng
3281 5564 3571 5656 Sil-yfa’s-ft

545 5631 694 5704 irini;
745 5631 1058 5721 Descriptio
1101 5650 1295 5721 statuit
1325 5631 1465 5721 ing
1493 5631 1890 5721 regione,qum

2010 5643 2270 5721 Βοάίιιιιξρ
2335 5644 2391 5721 in
2435 5640 2641 5720 ονίρίη·
2671 5635 3108 5721 βριμβεάξροι.
3129 5631 3254 5721 ἷῗέξ,
3281 5631 3566 5721 ’Ξῖῖἶῖοδεφ

284 5699 489 5784 {in}?
534 5699 1047 5788 ιῖέῑοῖιείιῄωιῖιιι
1086 5699 1397 5788 (incaluit.
1425 5699 1884 5788 Tlievzftrum'il'lud
2002 5730 2108 5788 μου
2132 5699 2272 5788 dixit
2329 5699 2625 5784 Gregorius
2669 5710 2725 5766 in
2775 5704 2897 5761 Vita
2957 5699 3016 5760 δ’.
3070 5699 3258 5758 Basilii
3291 5700 3564 5763 Junioris.

281 5782 499 5855 Minus
558 5782 928 5861 nuncupatur,
959 5789 1026 5843 ad
1056 5787 1173 5855 ejus
1203 5786 1342 5844 forte
1386 5790 1707 5852 discrimen,
1738 5785 1886 5855 quod
1996 5798 2053 5838 ιι.
2092 5782 2175 5837 ll.

369 5046 423 5077 ⁸⁷
468 5039 752 5110 ἠρέθιζεν.
828 5037 877 5070 ⁸⁸
901 5038 1187 5106 ἐτέτρωτο.
