4022 6270
271 418 360 481 509
1504 432 1546 486 Α
1560 429 1927 490 LEXlADlS
1965 431 2114 492 LIB.
2157 434 2257 495 VI.

3383 435 3488 499 510

271 533 398 601 γνώμ
410 548 463 602 τις
490 529 638 604 εἶχεν
671 533 770 605 οὐχ
797 534 863 588 ἵν’
888 535 1091 588 ἐκεῖνον
1131 536 1379 605 ἐξέληται
1408 539 1503 593 τοῦ
1531 541 1801 605 κινδύνου,

1912 545 2176 615 incolunt)
2213 567 2225 601 :
2265 554 2319 600 at
2366 545 2468 601 hoc
2505 554 2770 617 tempore,
2817 547 2885 600 ab
2931 554 3056 600 ortu
3085 547 3306 617 quidem
3344 548 3485 605 Bos-

267 625 365 679 ἀλλ¹
392 626 537 689 ἰπως
582 624 649 680 ἂν
701 625 880 695 ἑαυτῷ
925 627 1023 698 τὴν
1049 627 1209 698 νίκην
1249 632 1699 701 περιποιήσηται.
1731 636 1806 686 Οὐ

269 716 359 785 μὴν
384 718 414 785 ἡ
444 715 582 786 τύχη
616 717 755 789 πρὸς
805 717 979 789 τούτῳ
1009 720 1372 774 συνέπνευσεν
1397 724 1463 775 ³³.
1503 725 1669 793 Ἔσχε
1700 726 1809 795 γὰρ

265 803 384 859 οὕτω
415 804 482 857 τὰ
513 805 635 858 κατ’
660 805 881 869 αὐτούς.
919 810 982 860 Οἱ
1015 809 1127 879 γὰρ
1153 811 1555 874 ἀποσταλέντες
1591 814 1672 883 τῷ
1713 815 1806 867 τοῦ

266 896 430 964 κυρίου
504 896 543 948 Γ
547 898 783 967 εωργίου
851 899 1255 971 ὀνομαζόμενον
1307 903 1607 958 κατέλαϐον
1654 905 1807 959 πολί-

264 1004 406 1056 κνιον.
457 990 520 1040 Οἱ
542 988 599 1040 δὲ
636 989 871 1060 Τοῦρκοι
903 995 1241 1062 παραχρῆμα
1281 996 1380 1058 τὰς
1420 998 1596 1060 πύλας
1627 999 1809 1060 αὐτοῖς

262 1080 605 1134 ἀνεπέτασαν.
657 1084 721 1135 Οἱ
765 1083 821 1135 δὲ
872 1084 1079 1138 ἄνωθεν
1117 1087 1215 1149 τῆς
1247 1088 1570 1156 ἀνατολικῆς
1604 1091 1809 1161 πόρτης

265 1172 372 1240 περὶ
401 1174 469 1225 τὰ
502 1175 788 1245 κρήδεμνα
837 1177 933 1230 τοῦ
964 1178 1178 1246 τείχους
1213 1178 1544 1246 ἀνελθόντες,
1577 1183 1677 1245 τὰς
1709 1200 1807 1251 σηα

265 1260 403 1337 μαίας
456 1261 555 1315 καὶ
591 1263 661 1316 τὰ
709 1265 964 1335 σκῆπτρα
993 1267 1169 1319 ίλαδδν
1213 1270 1556 1340 κατέστησαν
1603 1272 1809 1327 ἀλαλά-

264 1348 419 1433 ζοντες
444 1351 563 1421 ἅμα
588 1353 684 1406 καὶ
713 1356 773 1407 τὸ
798 1356 1042 1409 ἐνυάλιον
1072 1358 1311 1428 συνεχῶς
1339 1361 1682 1433 ὲνηχοῦντες,
1714 1363 1805 1431 ὑφ’

260 1432 322 1492 ὧν
343 1441 386 1493 οί
407 1444 510 1511 μὲν
537 1443 740 1506 ἔξωθεν
757 1446 1250 1515 ἐκδειματωθὲντες
1269 1451 1356 1505 διὰ
1375 1453 1569 1516 νυκτὸς
1599 1454 1806 1507 ἐκεῖθεν

263 1527 468 1600 ᾤχοντο,
501 1533 662 1587 αὐτὸν
686 1536 1007 1605 ἐληλυθέναι
1028 1540 1120 1592 τὸν
1141 1541 1522 1613 αὐτοκράτορσι
1550 1545 1809 1613 νομίσαν-

253 1637 359 1681 τες·
382 1622 439 1675 αἱ
478 1624 536 1676 δὲ
566 1626 878 1694 Ῥωμαϊκαὶ
903 1629 1162 1703 δυνάμεις
1186 1628 1342 1696 αὖθις
1372 1635 1510 1702 πρὸς
1533 1635 1632 1704 τὴν
1656 1635 1807 1705 βασι-

256 1713 503 1771 λεύουσαν
541 1719 912 1790 ὑπέστρεψαν.
940 1724 1014 1777 Οὐ
1039 1725 1146 1793 γὰρ
1170 1720 1312 1794 ἦσαν
1340 1727 1637 1797 ἀξιόμαχον
1667 1728 1808 1798 πλῆ-

255 1804 334 1867 θος
360 1809 497 1878 πρὸς
526 1810 717 1878 ἔφοδον
744 1815 1025 1883 Περσικὴν
1061 1816 1429 1888 ἐλπιζομένην
1477 1821 1540 1873 ὲκ
1572 1819 1668 1873 τοῦ
1719 1820 1807 1890 βά-

1914 634 2140 702 phorus.
2198 638 2265 690 ab
2336 652 2537 691 occasu
2588 645 2768 690 autem
2820 636 3207 704 Adriauopolis
3256 635 3486 692 ditionis

1914 725 2173 783 llomanre
2238 729 2438 781 limites
2506 737 2683 783 erant.
2729 728 2880 790 Quos
2944 728 3175 781 nimium
3232 728 3486 783 admotos

1912 821 2210 888 imperator
2261 822 2485 874 Alexius
2540 821 2814 888 utrimque
2861 835 3025 873 manu
3082 819 3385 887 propellere
3420 834 3484 874 ac

1911 912 2172 966 diducere
2205 913 2594 967 snlnnovcndis
2626 913 2992 980 undecunque
3038 910 3483 965 incumbentibus

1912 1005 2169 1058 Barbaris
2192 1020 2455 1073 generose
2494 1005 2655 1058 simul
2692 1019 2757 1058 ac
2804 1003 3037 1057 feliciter
3067 1017 3383 1072 aggressus,
3416 1019 3484 1056 ex

1914 1098 2048 1151 urbe
2090 1098 2351 1165 Byzantio
2399 1097 2555 1166 quasi
2608 1110 2671 1149 ex
2716 1105 2911 1149 centro
2962 1093 3276 1162 prosiliens,
3349 1093 3483 1146 adeo

1910 1186 2236 1252 circumegit
2302 1200 2367 1238 ac
2434 1184 2685 1238 dilatavit
2736 1184 2925 1237 orbem
2977 1181 3212 1251 imperii,
3265 1188 3321 1234 ut
3369 1181 3482 1249 jam

1910 1277 2030 1346 ejus
2094 1277 2323 1332 occidua
2381 1277 2601 1348 quidem
2669 1277 2910 1330 claustra
2963 1275 3076 1329 sint
3136 1273 3480 1329 Adriaticum

1912 1386 2093 1433 mare;
2140 1370 2209 1425 ab
2259 1369 2473 1424 Oriente
2515 1383 2646 1423 vero
2672 1366 2878 1438 Tigrim
2933 1373 3097 1435 atque
3149 1365 3481 1435 Euphratem

1912 1475 2009 1529 pro
2044 1461 2200 1515 osriis
2232 1461 2464 1525 habeat;
2514 1460 2784 1529 planeque
2840 1459 2896 1512 in
2947 1459 3280 1528 primaevum
3330 1457 3482 1509 illum

1913 1552 2191 1608 felicitatis
2241 1554 2428 1606 liorem
2475 1551 2777 1608 Romanam
2819 1551 3215 1620 rempublicam
3253 1547 3479 1602 restitu-

1912 1653 2070 1696 turus
2094 1642 2400 1707 videbatur,
2442 1643 2543 1696 nisi
2572 1642 2712 1696 bella
2739 1657 2806 1696 ex
2839 1642 2964 1695 aliis
2986 1641 3092 1694 alia
3120 1637 3485 1700 suborientia,

1911 1733 2237 1800 laboresque
2263 1748 2325 1786 ac
2358 1732 2609 1802 perieula'
2632 1732 2822 1787 crebra
2855 1731 3021 1787 simul
3056 1738 3112 1785 et
3159 1729 3486 1800 gravissima

1913 1822 2060 1894 (nam
2107 1831 2161 1878 et
2210 1838 2409 1893 genere
2455 1834 2508 1879 et
2561 1839 2792 1879 numero
2840 1823 3214 1893 periculorum
3265 1820 3486 1874 fortuna

249 1894 358 1961 θους
376 1900 482 1969 τῆς
524 1902 839 1973 Τουρκικῆς
862 1905 909 1937 ’⁸
930 1906 1179 1972 ἐξουσίας
1201 1904 1355 1970 αὖθις
1387 1909 1711 1963 ὲλεύσασθαι
1736 1911 1803 1966 ⁸⁵.

1915 1924 2118 1982 patrem
2155 1912 2333 1980 nicum
2368 1930 2478 1985 prae
2499 1916 2716 1971 cmteris
2742 1913 3013 1985 exercuit)
3034 1929 3159 1968 eum
3188 1927 3217 1967 a
3247 1909 3486 1981 perfecta

246 1995 314 2044 rei
339 2000 506 2046 tanta:
537 1995 889 2051 assecutioue
915 1997 1306 2054 retardassent.
1337 2000 1607 2056 Caeterum
1659 2010 1719 2056 ut
1746 2019 1811 2059 eo
1848 2005 2063 2060 redeam
2100 2007 2244 2062 unde
2273 2007 2524 2078 digressa
2570 2022 2716 2077 sum,
2748 2022 2815 2063 ex
2860 2008 2969 2062 isto
3034 2005 3310 2075 proposito
3373 2003 3479 2056 im—

249 2088 369 2152 perii
436 2088 718 2144 dilatandi
793 2090 1055 2146 hauserat
1114 2093 1398 2164 Augustus
1451 2098 1741 2152 consilium
1796 2100 2043 2156 mittendi
2095 2101 2331 2157 Nicaeam
2407 2103 2682 2158 exercitus
2736 2101 3016 2171 suppetias
3067 2098 3484 2169 Apelchasemo,

200 2258 205 2261 _
242 2194 338 2233 non
366 2196 479 2249 quo
510 2181 663 2235 illum
690 2184 945 2252 periculo
973 2186 1235 2254 eriperet,
1268 2189 1363 2242 sed
1398 2199 1457 2244 ιιι
1502 2190 1608 2244 sibi
1638 2192 1924 2246 victoriam
1963 2201 2199 2262 pararet.
2234 2194 2305 2249 At
2377 2196 2524 2249 enim
2577 2209 2686 2249 non
2741 2193 3006 2264 aspiravit
3071 2200 3190 2246 tum
3258 2190 3481 2260 quidem

240 2271 282 2323 ei
311 2286 493 2342 erepto
554 2275 794 2333 fortuna.
850 2278 940 2334 Sic
966 2280 1114 2334 enim
1157 2297 1246 2337 res
1273 2283 1349 2337 ibi
1393 2291 1506 2338 tum
1554 2295 1707 2354 gesta
1758 2301 1819 2340 se
1855 2288 2067 2345 habuit.
2132 2289 2285 2345 Missi
2337 2291 2539 2345 auxilio
2600 2290 2830 2344 Romani
2878 2289 3197 2356 oppidulum
3245 2298 3488 2355 occupa-

237 2373 354 2450 runt
385 2382 414 2421 a
462 2368 694 2423 domino
722 2369 958 2440 Georgio
995 2388 1192 2428 nomen
1226 2376 1435 2431 habens
1472 2394 1486 2431 :
1522 2393 1632 2447 quo
1693 2388 1999 2447 comperto,
2063 2381 2155 2450 qui
2210 2382 2603 2437 obsidebantur
2644 2380 2842 2436 Nicaeae
2909 2380 3073 2434 Turci
3128 2387 3316 2448 portas
3388 2392 3488 2430 ex-

236 2447 426 2529 ‘emplo
479 2461 623 2530 ipsis
670 2474 1030 2532 aperuerunt.
1106 2465 1236 2520 Inde
1299 2467 1376 2521 illi
1450 2483 1576 2522 cum
1661 2447 2119 2526 conscendissent
2173 2486 2343 2540 supra
2418 2479 2631 2540 portam
2688 2470 3012 2525 orientalem
3068 2447 3139 2522 in,
3183 2468 3380 2536 pinnas
3431 2475 3488 2519 et

234 2555 645 2625 propugnacula
697 2572 1002 2621 murorum,
1032 2558 1298 2628 signaque
1334 2559 1447 2614 illic
1502 2575 1567 2615 ac
1590 2572 1805 2631 sceptra
1851 2563 1905 2619 in
1940 2566 2137 2621 seriem
2166 2564 2400 2620 terriﬁca
2440 2563 2835 2634 proculspecie
2900 2562 3226 2617 statuissent
3296 2569 3486 2614 osten-

236 2648 482 2716 tabundi,
538 2650 701 2703 simul
752 2650 1029 2705 alacribus
1074 2652 1562 2707 vociferationibtts
1636 2655 1837 2725 iugiter
1876 2658 2272 2727 minaciterqtte
2312 2666 2691 2728 personantes,
2725 2655 3072 2726 perfecerunt
3120 2655 3340 2709 demum
3419 2663 3482 2708 ut

229 2744 315 2809 qui
341 2743 589 2799 Nicaeam
619 2742 1009 2812 oppugnabant
1034 2743 1256 2795 Barbari
1290 2742 1596 2797 Romanum
1623 2745 1798 2814 ipsum
1840 2747 2225 2816 imperatorem
2266 2764 2390 2802 cum
2422 2748 2679 2801 omnibus
2713 2746 2830 2801 suis
2871 2746 3042 2815 copiis
3086 2746 3141 2799 in
3204 2760 3323 2799 eam
3396 2746 3488 2799 in.

231 2848 499 2900 gressum,
539 2842 749 2887 terrore
813 2848 877 2885 ac
944 2833 1328 2902 desperatione
1381 2835 1509 2890 inde
1556 2837 1694 2890 ortis
1746 2840 2060 2893 conturbati
2114 2856 2208 2909 per
2264 2850 2478 2894 noctem
2540 2840 2933 2894 abscesserint.
2988 2837 3114 2892 Post
3192 2852 3314 2905 qua:
3364 2834 3481 2890 Ριοο

229 2937 418 2976 manus
440 2922 733 2979 exercitus
754 2922 1284 2992 Constantinopolim
1312 2926 1509 2991 rediit;
1532 2941 1639 2980 non
1696 2929 1840 2981 enim
1863 2943 1939 3009 .se
1974 2944 2161 2999 parem
2186 2932 2458 2985 sentiebat
2483 2931 2850 3001 excipiendis,
2872 2930 2926 2982 in
2971 2930 3211 2996 ipsorum
3279 2925 3477 2989 reditu.

229 3013 489 3071 Barbaris
527 3033 542 3068 :
584 3030 725 3084 quos
753 3015 889 3069 satis
924 3016 1210 3070 constabat
1254 3016 1437 3071 animo
1494 3018 1801 3073 revertendi
1840 3022 2137 3076 recessisse
2186 3022 2241 3075 itt
2300 3022 2548 3076 intimam
2626 3023 2888 3077 ditionem
2944 3019 3272 3087 Turcicam;

3355 3018 3484 3074 inde

226 3124 345 3163 mox
369 3117 545 3163 aucto
567 3109 813 3163 exercitu
845 3109 899 3163 in
923 3124 1209 3164 numerum
1230 3113 1797 3179 quantummaximum
1869 3115 2109 3170 conﬂare
2158 3115 2353 3171 ultimo
2380 3123 2580 3170 conatu
2643 3114 2935 3169 Turcicum
2992 3129 3195 3169 nomen
3263 3114 3486 3168 univer-

226 3217 337 3254 sum
389 3205 573 3268 Valet,
626 3203 695 3257 ad
744 3202 1087 3272 expulsionis
1145 3219 1257 3258 suae
1315 3207 1398 3260 vel
1458 3205 1811 3275 ignominiam
1850 3207 2161 3276 cluendam,
2199 3211 2282 3265 vel
2333 3209 2591 3279 iniuriam
2674 3208 3049 3263 ulciscendam
3098 3208 3278 3262 denuo
3345 3222 3482 3261 vcn-

224 3305 389 3354 “"09.

287 3372 486 3458 Τὴνδὲ
526 3389 623 3443 τοῦ
656 3388 853 3451 Σιαοῦς
890 3388 1240 3459 ὑποστροφὴν
1269 3391 1296 3443 ὁ
1344 3390 1579 3444 σουλτᾶν
1633 3391 1807 3446 ἀπεκ·
1838 3394 1882 3455 c

226 3482 548 3551 δεχόμενος,
582 3482 709 3532 ἐπεὶ
759 3480 907 3549 ἑώρα
947 3481 1133 3534 τοῦτον
1186 3481 1622 3552 ἐμϐραδύνοντα,
1675 3486 1806 3552 ἐμε-

225 3574 465 3643 μαθήκει
538 3574 597 3627 δὲ
648 3572 719 3626 τά
784 3573 903 3627 κατ’
967 3574 1155 3636 αὐτὸν,
1194 3574 1271 3636 ὡς
1318 3574 1410 3626 τὸν
1482 3576 1803 3645 Χαρατικὴν

220 3667 355 3731 [uti
388 3668 609 3738 τρόπου
639 3665 738 3734 τῆς
766 3664 1017 3737 Σινώπης
1061 3665 1197 3735 (55),
1222 3666 1506 3736 ἀπήλασεν
1527 3666 1621 3720 τοῦ
1662 3667 1808 3721 θείου

224 3755 622 3826 βαπτίσματος
643 3757 691 3788 ⁸⁸
720 3757 796 3819 ὡς
828 3758 1121 3827 τετυχήκει
1153 3759 1246 3810 καὶ
1275 3758 1415 3810 κατά
1441 3759 1541 3828 τὴν
1568 3759 1810 3828 ἑσπέραν

219 3848 367 3919 παρά
416 3848 522 3901 τοῦ
584 3847 991 3917 αὐτοκράτορος
1045 3848 1347 3916 ἀπεστάλη,
1411 3849 1511 3917 τὴν
1552 3849 1811 3921 δουκικὴν

214 3938 469 4001 ἐξουσίαν
487 3940 785 4008 ’Δγχιάλου
804 3938 1266 4010 περιζωσάμενος,
1290 3940 1479 4009 ἠνιᾶτο
1498 3942 1594 3994 καὶ
1609 3939 1808 4011 ἤσχαλ-

213 4030 324 4084 λεν.
351 4036 480 4087 Δείν
524 4030 624 4086 οὖν
652 4032 938 4098 ἐλογίσατο
990 4032 1081 4085 τὸν
1128 4033 1401 4096 Πουζάνον
1456 4029 1610 4094 αὖθις
1672 4032 1809 4100 μετά

210 4120 508 4192 δυνάμεων
540 4123 683 4176 κατά
712 4122 810 4175 τοῦ
858 4123 1212 4194 Ἀπελχασὴμ
1237 4125 1573 4185 ἀποστεῖλαι,
1609 4124 1724 4192 ἅμα
1750 4122 1807 4175 δὲ

212 4215 306 4265 καὶ
337 4217 489 4283 πρδς
528 4215 625 4266 τὸν
657 4214 1043 4283 αὐτοκράτορα
1071 4216 1289 4285 γραφὴν
1312 4215 1441 4285 περὶ
1490 4212 1586 4267 τοῦ
1643 4212 1808 4267 αὐτοῦ

209 4307 415 4374 κήδους
447 4305 940 4374 διαλαμϐάνουσαν
965 4305 1115 4373 αὐτῷ
1144 4305 1469 4375 ἐγχειρίσαι.
1491 4301 1614 4374 Εἶχε
1649 4304 1704 4358 δὲ
1744 4305 1813 4359 τὰ

208 4399 532 4468 γράμματα
561 4399 738 4459 οὕτως
771 4413 785 4426 ·
838 4397 1173 4463 Ἠκηκόειν,
1200 4392 1247 4451 ὦ
1266 4398 1553 4461 βασιλεῦ,
1589 4397 1664 4451 τὰ
1697 4414 1801 4451 κα-

205 4490 277 4544 τὰ
325 4492 405 4545 σὲ
444 4488 557 4543 καὶ
593 4488 756 4552 ὅπως
786 4487 903 4555 τὴν
933 4488 1045 4554 τῆς
1086 4488 1409 4554 βασιλείας
1437 4488 1815 4560 ἀναδησάμε-

206 4596 308 4647 νο(⁸
351 4580 594 4651 ἀρχὴν,
628 4583 699 4634 ἐκ
726 4579 1042 4647 προοιμίου
1075 4579 1329 4646 πολλοῖς
1367 4580 1596 4649 ἀγῶσιν
1622 4582 1805 4651 ἐμπέ-

2005 3320 2030 3359 /

1987 3392 2207 3446 Interim
2256 3391 2522 3455 sultanes,
2566 3390 2658 3445 diu
2716 3397 3029 3460 exspectato
3064 3387 3270 3453 Siausi,
3325 3404 3491 3458 quem-

1911 3483 2153 3547 tniserat,
2187 3482 2384 3547 reditu,
2421 3493 2713 3551 postquam
2759 3482 2995 3551 denique
3040 3479 3318 3549 cognovit,
3372 3496 3491 3534 non

1906 3574 2018 3644 jam
2044 3576 2245 3630 morari
2280 3577 2482 3644 ipsum,
2513 3574 2606 3629 sed
2638 3575 2796 3644 plane
2822 3574 3090 3644 migrasse
3125 3579 3184 3625 ut
3216 3573 3269 3625 in
3300 3586 3484 3626 mores

1911 3674 2075 3736 atque
2103 3666 2155 3719 in
2212 3666 2373 3733 ritus,
2404 3668 2477 3720 ita
2503 3665 2667 3719 etiam
2703 3666 2757 3719 in
2787 3675 2964 3718 terras
3009 3662 3478 3724 Christianorum,

1910 3759 2191 3827 ejectoque
2248 3757 2453 3827 Sinope
2476 3755 2768 3810 Cliaratice
2799 3754 3141 3808 fraudulenta
3169 3752 3484 3808 ostensione

1912 3850 2239 3910 litterarum,
2267 3863 2389 3903 mox
2426 3848 2613 3902 divino
2654 3846 2927 3914 baptismo
2974 3845 3150 3913 palam
3189 3852 3474 3912 suscepto,

1913 3940 1967 3993 in
2019 3939 2281 3994 occiduas
2336 3938 2495 4008 177
2541 3952 2668 3991 oras
2721 3935 2789 3990 ab
2838 3936 3169 4003 imperatore
3225 3936 3479 3998 missum,

1915 4031 2209 4085 fruiturum
2237 4031 2309 4085 ibi
2343 4029 2594 4084 Anchiali
2629 4029 2855 4094 ducatu,
2879 4042 3041 4098 quam
3072 4027 3119 4081 ei
3154 4027 3477 4096 dignitatem

1915 4123 2211 4192 imperator
2258 4121 2401 4176 idem
2448 4120 2504 4176 in
2557 4121 2837 4190 prtemium
2893 4119 3224 4173 attribuerat
3275 4133 3289 4170 :
3341 4117 3481 4181 hrcc,

1914 4214 2158 4282 inquam,
2211 4213 2456 4268 sultanes
2501 4213 2590 4267 ubi
2639 4210 2894 4280 cognovit
2947 4210 3068 4264 tulit
3122 4210 3379 4279 primum,
3420 4217 3486 4262 ut

1915 4321 2012 4377 par
2046 4314 2183 4369 erat,
2217 4305 2628 4360 molestissime.
2666 4302 3023 4359 Dissimulato
3050 4311 3225 4356 tamen
3250 4301 3306 4355 in
3334 4315 3475 4368 prae-

1913 4413 2041 4452 sens
2069 4396 2260 4451 dolore
2286 4406 2447 4465 atque
2496 4397 2599 4460 ira,
2651 4394 2965 4449 faciendum
3020 4392 3125 4449 sibi
3169 4392 3387 4455 statuit,
3420 4400 3482 4446 ut

1914 4489 2191 4543 Puzanum
2222 4502 2415 4542 rursus
2453 4501 2581 4542 cum
2612 4487 2788 4557 copiis
2828 4485 3097 4541 adversus
3136 4483 3479 4554 Apelcbase-

1914 4595 2061 4635 mum
2102 4579 2363 4642 mitteret,
2386 4577 2677 4648 eidemque
2726 4577 2940 4633 litteras
2969 4576 3036 4631 ad
3090 4576 3478 4647 imperatorem

205 4689 480 4738 πτωκας,
518 4672 618 4725 καὶ
644 4671 728 4736 ὡς
758 4670 893 4738 ἄρτι
919 4669 992 4722 τὰ
1009 4668 1159 4722 κατὰ
1186 4670 1328 4735 τοὺς
1349 4673 1645 4736 Λατίνους
1664 4691 1805 4727 κατι

1913 4673 2088 4737 daret,
2122 4671 2326 4740 quibus
2358 4669 2636 4726 aliiuitatis
2679 4685 2803 4724 cum
2839 4684 2905 4723 eo
2948 4668 3338 4723 contrahenda:
3378 4682 3479 4721 ne-

204 4765 629 4830 ευνὰσαντος,
671 4765 728 4817 οἱ
759 4762 982 4817 Σκύθαι
1012 4762 1163 4817 κατὰ
1225 4764 1341 4818 σοῦ
1374 4765 1799 4834 ἐτοιμάζονται,

203 4855 299 4908 καί
335 4860 373 4910 ὁ
425 4858 619 4921 αὐτὸς
659 4856 703 4888 ’⁷
740 4857 773 4907 ό
817 4854 978 4923 ἀμὴρ
1043 4855 1435 4924 Ἀπελχιισὴμ
1498 4858 1606 4922 τὰς
1655 4858 1805 4927 μετὰ

202 4947 322 4999 σοῦ
354 4947 407 4980 ’⁸
430 4947 552 5000 τοῦ
585 4944 831 5014 Σολυμᾶ
861 4945 1139 5012 σπονδὰς
1184 4949 1538 5014 καταλύσας
1591 4950 1804 5019 μέχρις

198 5036 400 5104 αὐτῆς
427 5036 764 5104 Δαμάλεως
792 5034 909 5101 τὴν
949 5036 1151 5089 Ἀσίαν
1207 5037 1489 5104 λητζεται.
1539 5042 1607 5093 Et
1657 5040 1805 5110 γοῦν

198 5129 423 5188 βούλει
470 5127 581 5180 καί
608 5127 714 5180 τὸν
770 5128 1156 5194 Ἆπενίχασὴμ
1206 5128 1325 5182 τῶν
1380 5130 1583 5184 αὐτόθι
1610 5131 1808 5201 μερῶν

196 5218 603 5286 ἀπελαθῆναι
630 5218 733 5273 καὶ
789 5218 909 5285 τὴν
972 5221 1182 5273 Ἀσίαν
1214 5220 1314 5274 καὶ
1363 5221 1559 5289 αὐτὴν
1593 5223 1670 5290 δὴ
1695 5224 1808 5291 τὴν

1911 4766 2112 4836 gotium
2144 4773 2382 4835 urgeret.
2419 4764 2505 4817 Ea:
2538 4764 2735 4817 litterae
2774 4761 2829 4815 in
2873 4762 3020 4816 hunc
3051 4762 3275 4815 modum
3323 4765 3484 4813 erant

1910 4860 2127 4928 scriptae
2163 4876 2176 4912 :
2215 4857 2428 4920 Audiui,
2449 4857 2705 4925 Auguste,
2737 4872 2837 4925 quo
2871 4856 2985 4908 loco
3015 4870 3097 4906 res
3122 4864 3226 4906 tua:
3256 4851 3487 4918 fuerint,

1908 4962 1957 5005 et
1980 4952 2107 5005 sint.
2146 4948 2236 5012 Ut,
2287 4950 2523 5019 inquam,
2548 4949 2730 5000 statim
2776 4947 2841 4999 ab
2876 4945 3043 4998 initiis
3090 4944 3298 5009 imperii
3354 4955 3479 4993 sus-

1911 5043 2040 5111 cepti
2072 5042 2358 5095 certamina
2385 5040 2439 5092 in
2470 5039 2635 5091 multa
2670 5037 2948 5092 incideris:
2986 5043 3143 5102 utque
3190 5033 3343 5086 modo
3391 5046 3482 5084 so-

1909 5137 2018 5201 pito
2061 5132 2253 5185 Latino
2285 5132 2534 5194 tumultu,
2587 5127 2710 5181 belli
2735 5137 2782 5181 te
2799 5142 2960 5180 novus
2990 5126 3392 5188 circumstrepet
3439 5136 3475 5172 α

1913 5224 2123 5294 Scythis
2148 5237 2331 5274 rumor
2369 5219 2756 5280 expeditionem
2793 5219 2846 5269 in
2879 5231 2963 5268 vos
2999 5212 3324 5281 parantibus
3362 5222 3381 5261 :
3414 5217 3474 5262 ut

1284 5339 1484 5400 Varite
1526 5340 1826 5402 lectiones
1869 5357 1944 5400 ex
1979 5337 2118 5400 cod.
2155 5336 2425 5397 Coislin.

262 5440 312 5472 "
332 5438 557 5491 τοῦτον
579 5437 925 5510 συᾼνένευσεν.
998 5440 1044 5471 ⁸⁸
1074 5441 1355 5510 δουκικῆς.

189 5510 236 5540 ’³
263 5510 444 5565 Deest
488 5507 687 5562 vocula
707 5524 823 5560 σου.

1430 5442 1474 5475 ’⁵
1498 5441 1840 5495 ὲλεύτεσθαι.

1934 5442 1979 5474 ⁸⁸
2009 5440 2149 5492 ὥστε
2180 5438 2333 5508 τύχοι
2367 5437 2462 5490 τοῦ
2503 5436 2649 5490 θείου
2692 5431 3091 5504 βαπτίσματος.
3166 5429 3211 5464 ’⁷
3231 5427 3393 5490 αὐτὸς
3418 5428 3471 5484 ὁ.

1294 5621 1435 5681 Car.
1470 5618 1797 5682 Dufresnii
1833 5623 1930 5683 Du
1962 5619 2182 5697 Cangii
2210 5632 2403 5681 notate.

258 5727 383 5797 (55)
425 5723 738 5797 Σινῴπης,
776 5723 1040 5797 Sinopem
1112 5724 1166 5797 in

188 5792 475 5854 obaer'vat
507 5792 987 5852 ctiantAlbertus
1015 5794 1119 5866 Aq.
1154 5792 1254 5850 lib.
1289 5808 1403 5862 vut,
1442 5809 1566 5862 cap.
1594 5792 1685 5847 2:2.

1239 5733 1507 5793 potestate
1569 5723 1740 5793 fuisse
1799 5725 1994 5793 Alexii,
2043 5741 2167 5783 cuzn
2220 5726 2393 5780 nostri

2490 5721 2924 5793 Hierosolymam
3015 5712 3249 5786 profecti
3315 5723 3473 5781 sunt,
