4022 6270
542 405 642 468 5H
1830 413 2053 474 ANNJi
2083 418 2140 476 Ct

2244 417 2460 476 XENrE
3679 413 3780 479 512

543 547 762 610 deu‘qm’
795 558 822 592 ιι
862 553 966 593 ster
1009 542 1121 608 ipse
1162 541 1318 594 Amer
1367 543 1797 609 Apelt/tasemus.
1851 548 2105 611 induciis,

2244 532 2596 594 Αντιόχειαν
2629 526 2744 582 ὑπὸ
2777 527 2887 593 τὴν
2919 525 3042 592 σήν
3076 524 3347 594 γενέσθαι
3396 523 3582 594 χεῖρα,
3639 527 3782 580 ἀπό-

543 651 659 703 qua:
708 633 798 685 tibi
847 641 998 684 erant
1049 647 1168 684 cum
1219 629 1434 700 Solyma
1481 635 1778 700 composita:
1811 673 1826 696 ,
1889 639 2110 700 solutis,

2244 622 2460 674 Γιἐιλόν
2481 637 2582 688 μοι
2611 621 2726 686 τὴν
2749 619 2875 685 σὴν
2895 621 3188 686 θυγατέρα
3217 621 3302 684 εἰς
3359 619 3606 686 νύμφην
3634 617 3780 686 ἐμὴν

545 741 708 792 usque
757 722 824 774 ad
875 723 1046 784 ipsam
1107 722 1370 776 Damalim
1419 725 1602 779 Asiam
1661 739 1842 782 vastet.
1893 729 1953 783 Si
1990 745 2111 798 ergo

2249 712 2295 778 ᾧ
2328 714 2666 778 προτοτόκῳ
2695 714 2738 745 ⁹⁹
2777 711 2896 764 τῶν
2925 713 3084 780 ἐμῶν
3109 711 3272 766 υἱῶν.
3303 711 3412 765 Kal
3439 711 3546 764 τοῦ
3573 711 3787 765 λοιποῦ

547 817 774 869 colueris
827 815 1259 880 Apelchasemum
1325 831 1391 868 ea:
1434 819 1552 870 istis
1595 822 1839 886 partibus
1897 821 2110 890 expelli,

2244 807 2395 860 ιίοδέν
2420 821 2520 860 σοι
2547 802 2794 858 σκῶλον
2824 803 3050 869 ἔσεται,
3093 803 3256 858 ἀλλὰ
3317 803 3515 857 πάντα
3565 802 3786 868 ῥᾳδίως

553 919 663 962 tum
711 908 914 969 Asiam,
971 907 1241 974 ipsamque
1289 909 1418 962 adeo
1482 909 1816 964 Antiochiam
1867 913 2117 978 potestati

2251 898 2458 962 ξέστὰι
2511 915 2608 952 σοι
2642 897 2873 962 ἀνύειν,
2906 897 3056 966 ἐμοῦ
3110 912 3208 949 σοι
3239 895 3674 963 ἐπαρήγοντος,
3713 895 3783 948 οὐ

553 1009 657 1052 tua:
697 1000 926 1064 restitui,
963 1001 1108 1052 mitte
1137 1009 1280 1052 tuam
1315 1000 1383 1052 ad
1415 1017 1494 1053 me
1541 1003 1706 1070 ﬁliam
1757 1021 1946 1056 nurum
1987 1005 2115 1057 mihi

2244 991 2370 1044 ιατὰ
2409 991 2523 1058 τὴν
2557 989 2708 1055 ἑῴαν
2750 992 2963 1058 μόνον,
2997 989 3159 1042 ἀλλὰ
3184 989 3395 1056 μέχρις
3447 987 3788 1052 Ἰλλυρικοῦ

553 1090 926 1143 charissimam
993 1091 1254 1158 futuram,
1285 1109 1532 1159 sponsam
1585 1111 1700 1146 vero
1761 1097 2108 1166 primogenita

2244 1083 2318 1136 ιιιὶ
2347 1082 2456 1150 τῆς
2494 1081 2751 1149 ἑσπέρας
2804 1079 3083 1146 ἀπάσης.
3141 1078 3239 1131 διὰ
3295 1077 3608 1144 δυνάμεων
3647 1079 3789 1129 irato-

553 1181 790 1250 fitiorum
827 1197 1080 1234 meorum.
1127 1179 1193 1234 Id
1225 1182 1270 1233 si
1303 1183 1485 1248 feceris
1519 1183 1719 1236 uultum
1753 1185 1846 1236 tibi
1877 1187 2118 1254 deinceps

2244 1174 2642 1241 γτελλομένων
2663 1189 2764 1227 σοι
2786 1173 2921 1240 παρ’
2960 1172 3150 1240 ἡμῶν.
3191 1169 3350 1221 Ἀλλὰ
3381 1169 3554 1220 ταῦτα
3587 1169 3686 1235 μὲν
3726 1167 3792 1217 τὰ

557 1273 988 1340 impedimentum
1025 1273 1273 1336 obstabit,
1301 1273 1389 1325 sed
1425 1276 1602 1327 omnia
1649 1275 1807 1342 facile
1853 1277 2118 1344 perﬁcies,

2244 1263 2366 1316 ιατὲι
2392 1261 2502 1314 τῶν
2532 1261 2755 1330 Περσῶν
2787 1260 3038 1312 σουλτᾶν.
3101 1259 3158 1310 '0
3197 1257 3253 1308 δὲ
3305 1255 3578 1318 Πουζάνος
3633 1256 3791 1322 μέχρι

555 1379 637 1416 me
669 1363 974 1431 adjuvaute,
1005 1379 1324 1432 qua'cuuque
1349 1367 1563 1433 aggredi
1603 1365 1836 1428 libuerit,
1887 1385 1990 1421 non
2027 1385 2120 1436 per

2244 1355 2458 1416 Ἱικαίας
2517 1350 2840 1406 καταλαϐὼν
2921 1351 3014 1404 καὶ
3077 1350 3384 1416 ἀπόπειραν
3433 1350 3639 1412 ταῦτης
3699 1350 3796 1412 οὺχ

559 1455 826 1509 Orientem
859 1456 1051 1517 solum,
1081 1471 1258 1508 verum
1288 1458 1448 1509 etiam
1478 1473 1637 1524 usque
1662 1458 1731 1510 ad
1761 1458 2041 1528 Illyricum
2071 1471 2119 1514 et

2244 1447 2391 1510 ἱπαξ,
2414 1446 2548 1500 ἀλλὰ
2583 1445 2675 1498 καὶ
2705 1443 2964 1502 πολλάκις
2997 1441 3366 1510 ποιησάμενος
3417 1441 3506 1489 καὶ
3557 1438 3790 1504 διαμαρ-

555 1563 648 1614 per
693 1548 940 1601 occiduas
990 1548 1226 1617 regiones
1278 1549 1571 1611 universas,
1631 1565 1788 1616 opera
1835 1555 2111 1619 copiarum

2244 1540 2333 1594 τὼν
2363 1539 2456 1592 τοῦ
2489 1537 2712 1602 σκοποῦ,
2757 1533 2850 1588 τοῦ
2893 1533 3250 1603 Ἀπελχασὴμ
3310 1533 3576 1599 γενναίως
3635 1533 3796 1580 ἀντα-

543 1639 908 1690 .auxitiarittm
935 1654 1066 1706 quas
1094 1639 1360 1692 mittemus
1392 1639 1506 1692 tibi.
1561 1640 1833 1698 llactenus
1871 1643 2123 1700 Persicus

2244 1630 2613 1700 (ωνιζομένου,
2639 1628 3075 1696 ὲξαιτησαμένου
3107 1626 3199 1676 καὶ
3237 1624 3344 1676 ἀπὸ
3385 1621 3480 1674 τοῦ
3535 1621 3795 1690 βασιλέως

560 1729 825 1784 sultanes.
855 1727 1217 1794 AtPuzanus,
1239 1730 1474 1782 admotis
1498 1729 1690 1784 Nicaea:
1719 1733 1913 1799 copiis,
1945 1745 2124 1788 tenta-

2244 1721 2502 1790 Βοήθειαν,
2559 1721 2651 1774 καὶ
2690 1719 2966 1782 λαϐόντος,
2998 1717 3134 1784 πρὸς
3171 1715 3269 1784 τὴν
3306 1713 3412 1766 τῶν
3457 1711 3659 1765 λοιπῶν
3698 1711 3796 1763 πό-

563 1832 726 1888 taque
760 1821 952 1874 iterum
981 1830 1032 1874 et
1065 1821 1265 1890 saepius
1292 1820 1490 1876 frustra
1516 1823 1758 1888 civitate,
1785 1839 2124 1894 repugnante

2244 1814 2366 1864 terim
2403 1829 2462 1864 τε
2495 1812 2588 1864 καὶ
2624 1810 2912 1880 πολιχνίων
2951 1811 3280 1877 κατάσχεσιν
3325 1810 3608 1874 ὥρμησεν,
3661 1810 3791 1855 ἐκεῖ·

563 1915 728 1966 toties
787 1911 1006 1966 fortiter
1055 1913 1494 1981 Apelchasemo,
1542 1925 1596 1971 et
1655 1917 1746 1971 ubi
1795 1933 1930 1986 opus
1979 1926 2123 1983 erat,

561 2007 765 2058 auxilia
801 2015 910 2058 tum
942 2013 1177 2073 petente,
1211 2015 1323 2060 tum
1373 2008 1672 2077 accipiente
1705 2011 1772 2064 ab
1811 2012 2022 2074 Alexio,
2061 2013 2130 2066 ad

561 2105 813 2149 caeterum
869 2097 1088 2150 urbium
1147 2099 1466 2167 arciumque
1519 2100 1850 2170 reliquarum
1898 2117 2132 2172 reettpe-

565 2186 830 2239 rationem
863 2187 1124 2256 impetum
1155 2189 1448 2244 convertit.
1489 2189 1769 2246 Recedens
1803 2207 1932 2262 ergo
1965 2207 1994 2244 a
2033 2191 2130 2245 Ni-

565 2293 691 2331 Cara:
749 2279 948 2331 vicinia
1007 2279 1240 2348 longius,
1301 2291 1481 2336 castra
1537 2285 1714 2336 munit
1757 2284 1824 2338 ad
1879 2283 2120 2354 Latnpen

565 2369 786 2422 ﬂuvium
831 2370 974 2422 circa
1011 2368 1333 2440 Lopadium.
1379 2373 1511 2442 Ejus
1545 2373 1972 2444 Apelcltasenius
2005 2377 2134 2431 abs-

563 2477 722 2514 cessu
769 2470 1073 2532 comperto,
1123 2465 1380 2518 tredecim
1447 2466 1625 2522 mulos
1679 2469 1924 2523 oneravit
1976 2484 2130 2535 auro,

565 2562 829 2620 quantum
864 2553 1002 2607 ferre
1035 2565 1348 2622 potuerunt,
1399 2572 1518 2610 cum
1555 2558 1730 2627 iisque
1759 2561 1826 2614 ad
1863 2559 2133 2616 sultanem

565 2641 856 2696 Persarum
923 2643 1040 2712 ipse
1085 2645 1464 2712 proficiscitur,
1513 2649 1680 2713 tanti,
1751 2657 1809 2703 ut
1857 2651 2132 2718 sperabat,

567 2731 828 2804 muneris
861 2733 1032 2800 gratia
1079 2735 1466 2802 impetraturus
1507 2739 1573 2790 ab
1617 2753 1704 2805 eo,
1749 2755 1820 2795 ne
1869 2755 1969 2795 sua
2023 2742 2132 2798 sibi

573 2820 897 2888 prtel‘eetura
931 2823 1302 2892 abrogaretur.
1340 2827 1596 2884 Sultanes
1630 2829 1682 2882 in
1735 2831 1970 2900 quodam
2020 2843 2134 2887 tum

569 2910 694 2962 loco
756 2909 966 2978 Spaclia
1009 2910 1158 2966 dicto
1217 2927 1564 2970 commorans
1607 2919 1806 2972 certior
1853 2921 1920 2975 de
1973 2922 2138 2991 Apel-

567 3001 810 3054 cltasemi
843 3003 1078 3056 adventu
1113 3001 1313 3070 factus,
1363 3021 1430 3060 ne
1473 3008 1758 3065 admittere
1812 3012 2029 3081 quidem
2083 3013 2136 3068 in

2233 1904 2324 1957 θεν
2351 1903 2736 1973 ὑποχωρήσας,
2771 1902 2870 1972 τὴν
2888 1900 3092 1970 σκηνὴν
3122 1899 3260 1952 κατὰ
3285 1899 3375 1950 τὶν
3403 1897 3640 1964 Λάμπην
3685 1893 3796 1960 [56)

2233 1996 2549 2066 πηξάμενος
2599 1996 2875 2064 (ποταμὸς
2932 1985 3086 2054 οὗτος
3131 1991 3257 2061 περὶ
3313 1989 3580 2042 Λοπάδιον
3633 1985 3804 2056 [37])-

2237 2089 2376 2159 μετᾶ
2411 2089 2468 2141 δὲ
2502 2089 2600 2156 τὴν
2645 2086 2838 2140 τούτου
2899 2084 3247 2154 ὑποχώρησιν
3287 2083 3342 2134 ὲν
3373 2081 3804 2148 δεκατέσσα-ρσιν

2231 2181 2477 2253 ἡμιόνοις
2511 2179 2736 2250 χρυσίον
2774 2177 3067 2240 ὲπεισάξας
3099 2177 3114 2207 ¹
3147 2177 3175 2226 ὁ
3215 2171 3568 2242 Ἀπελχασήμ
3607 2169 3802 2223 ὁπόσον

2235 2272 2423 2343 φέρειν
2447 2270 2730 2342 ἠδύναντο,
2763 2269 3063 2340 ἀπέρχεται
3082 2266 3216 2337 πρὸς
3247 2263 3356 2317 τῶν
3390 2264 3616 2332 Περσῶν
3649 2259 3804 2312 σου),-

2231 2367 2353 2430 τᾶν,
2379 2365 2550 2435 δῶρον
2591 2363 2742 2433 αὐτῷ
2786 2361 3029 2430 κομίζων
3081 2359 3165 2428 ἐφ’
3201 2351 3246 2426 ᾧ
3299 2358 3372 2428 μὴ
3425 2353 3804 2426 παραλυθῆναι

2234 2459 2331 2528 τῆς
2365 2457 2561 2527 ἀρχῆς.
2594 2453 3020 2523 Καταλαμσάνει
3051 2451 3107 2504 δὲ
3131 2449 3317 2504 τοῦτον
3341 2447 3468 2517 περὶ
3515 2446 3575 2498 τδ
3619 2443 3808 2512 πάσχα

2237 2547 2505 2621 [σπασχᾶ]
2535 2544 2914 2614 αὐλιζόμενον.
2949 2545 3038 2606 Ὠς
3071 2543 3128 2596 δὲ
3154 2540 3274 2594 οὐδὲ
3303 2535 3802 2592 θεάσασθαιτοϋιον

2235 2643 2264 2694 ὁ
2304 2641 2531 2693 σουλτᾶν
2561 2637 2736 2708 ἠξίου,
2771 2636 3020 2706 μεσίταις
3049 2633 3268 2704 ἐχρῆτο.
3305 2631 3367 2684 Ὀ
3399 2631 3454 2683 δὲ
3483 2626 3804 2696 ὀχλούμενος

2239 2733 2331 2786 ὑπ’
2359 2732 2539 2787 αὐτῶν
2561 2731 2687 2800 ἔφη·
2729 2729 2896 2784 Ἐπεὶ
2937 2727 3210 2806 καθάπαξ
3249 2725 3362 2792 τὴν
3389 2725 3678 2788 ἐξουσίαν
3726 2717 3804 2783 τῷ

2237 2826 2412 2896 Ἀμὴρ
2444 2822 2720 2889 Πουζάνῳ
2735 2821 3032 2891 ἀνεθέμην
3053 2822 3095 2884 ⁸,
3121 2823 3231 2874 οὐκ
3261 2819 3346 2872 ἔτι
3373 2816 3600 2882 ταύτην
3615 2813 3677 2877 ἐξ
3695 2815 3799 2866 αὑ-

2237 2919 2344 2974 τοῦ
2382 2917 2888 2988 ἀφαιρεθήσεσθαι
2914 2917 2935 2948 ³
2953 2915 3271 2981 βούλομαι.
3299 2909 3580 2962 Ἔπιδότω
3604 2909 3806 2960 τοίνυν

2237 3012 2312 3066 τὰ
2357 3011 2633 3079 χρήματα
2687 3005 2965 3063 ἀπελθὼν
3013 3005 3160 3072 πρὸς
3210 3002 3419 3066 αὑτὸν,
3473 2999 3570 3053 καὶ
3596 2996 3724 3053 πᾶν
3771 2995 3807 3049 ὃ

571 3100 928 3160 conspectum
959 3108 1082 3148 eum
1117 3096 1322 3163 voluit;
1373 3097 1493 3166 ipso
1543 3115 1706 3168 porro
1747 3103 2134 3172 deprecatores

2244 3103 2523 3169 βούλεται
2541 3102 2779 3157 εἰπάτω.
2813 3100 2920 3155 Kal
2953 3100 3018 3153 τὸ
3056 3098 3244 3162 δόξαν
3285 3093 3466 3158 αὐτῷ,
3517 3091 3626 3146 παὶ
3667 3089 3816 3160 ἐμὸν

567 3181 885 3246 adhibente,
921 3181 1027 3236 illis
1053 3183 1417 3252 importunius
1445 3187 1774 3243 instantibus
1813 3204 1879 3246 os
1897 3191 2134 3246 occlusit

2244 3200 2444 3254 ἔσεται
2499 3195 2747 3264 θέλημα.
2824 3191 2939 3260 Ἐφ’
2988 3189 3170 3244 ἱκανὸν
3245 3187 3340 3240 οὖν
3395 3183 3814 3274 ἐγκαρτερήσας

572 3275 641 3326 ad
671 3280 976 3326 extremum
1002 3272 1106 3328 hoc
1131 3290 1394 3344 responso
1421 3295 1434 3330 :
1464 3277 1725 3342 Quoniam
1753 3281 1914 3334 semel
1949 3281 2130 3338 Ameri

575 3361 794 3416 Puzano
840 3374 1148 3432 potestatem
1205 3367 1362 3419 istaut
1417 3368 1597 3432 tribui,
1658 3369 1906 3426 abdicare
1959 3373 2136 3440 ipsum

571 3453 834 3506 cbseutem
865 3466 912 3508 et
939 3457 1235 3510 inauditum
1275 3458 1413 3512 nolo.
1447 3459 1540 3514 Det
1587 3478 1707 3532 ergo
1730 3463 2135 3531 Apelcliasemus

578 3560 770 3600 atrum
821 3547 890 3598 ad
929 3545 1210 3602 Puzauum
1256 3567 1310 3604 se
1351 3553 1641 3621 conferens,
1695 3572 1814 3608 cum
1867 3573 2026 3625 eoque
2078 3567 2136 3612 ut

573 3639 706 3692 rotet
738 3639 798 3692 de
833 3639 984 3692 rebus
1008 3641 1118 3694 suis
1144 3649 1350 3695 tractet.
1381 3642 1647 3714 Quidquid
1673 3645 1810 3700 inter
1835 3649 1976 3717 ipsos
2005 3667 2134 3704 con-

573 3729 766 3782 uenerit
806 3740 982 3784 ratum
1017 3731 1241 3786 habebo.
1279 3733 1444 3788 Multa
1473 3745 1664 3790 contra
1721 3737 1836 3793 huic
1873 3741 2141 3809 Apclclta-

575 3835 759 3876 senius
788 3838 881 3891 per
929 3840 986 3880 se
1023 3841 1268 3896 suusque
1289 3829 1562 3896 allegavit,
1603 3831 1773 3886 multa
1812 3835 2000 3888 movit.
2036 3835 2140 3890 Sed

574 3925 698 3965 cum
745 3923 958 3983 tempus
1005 3925 1178 3972 terere
1215 3935 1272 3974 se
1305 3923 1790 3991 animadverteret,
1841 3925 2143 3994 desperans

573 4003 810 4074 denique
857 4009 960 4062 iter
1013 4011 1082 4066 ad
1118 4011 1396 4066 Puzauum
1455 4017 1705 4084 suscipit.
1751 4015 1868 4070 Non
1923 4019 2140 4086 longum

575 4108 942 4164 processerat,
987 4117 1110 4156 cum
1167 4104 1240 4156 illi
1289 4114 1585 4158 occurrunt
1631 4108 1866 4174 expediti
1919 4110 2141 4164 ducenti

576 4189 674 4240 viri
717 4191 882 4244 fortes
919 4193 1080 4262 178
1106 4201 1159 4246 et
1187 4195 1427 4262 primarii
1471 4207 1660 4248 contra
1707 4199 1878 4263 ipsum
1935 4201 2081 4254 missi
2111 4215 2142 4254 a

2240 3288 2418 3341 ἐκεῖσε
2443 3287 2539 3339 καὶ
2568 3283 2738 3338 πολλὰ
2767 3284 3035 3353 μογήσας,
3079 3283 3170 3334 καὶ
3199 3279 3366 3348 μηδὲν
3395 3275 3634 3345 ήνυκὼς,
3672 3272 3815 3327 ἀπά-

2244 3394 2342 3448 ρας
2367 3374 2578 3429 ἐκεῖθεν
2597 3373 2719 3437 ὡςδ
2759 3372 2897 3442 πρὸς
2949 3371 3040 3424 τὸν
3097 3368 3372 3432 Πουξᾶνον
3431 3363 3815 3435 ἀπερχόμενος

2243 3473 2480 3538 συναντᾷ
2534 3469 2646 3530 τοῖς
2696 3465 2756 3531 ἐξ
2803 3465 3012 3518 ἐκείνου
3067 3460 3190 3515 κατ’
3242 3457 3406 3514 αὑτοῦ
3465 3455 3816 3510 ἀποσταλεῖσι

2240 3561 2535 3624 διακοσίοις
2558 3559 2832 3630 ὲκκρίτοις
2855 3555 3079 3624 ἀνδράσι
3113 3556 3206 3608 καὶ
3235 3555 3255 3586 ⁸
3305 3553 3634 3622 σατράπαις.
3681 3546 3816 3602 Οὐδὲ

2241 3654 2352 3725 γὰρ
2380 3655 2412 3724 ὴ
2453 3654 2663 3706 ἐκείνου
2701 3652 2800 3720 τῆς
2833 3649 3066 3711 Νικαίας
3095 3647 3368 3714 ἑξέλευσις
3403 3644 3600 3698 τοῦτον
3631 3641 3812 3694 διέλα-

2243 3747 2354 3800 θεν.
2379 3745 2441 3797 Οἳ
2473 3743 2568 3796 καὶ
2597 3741 2960 3812 κατασχόντες
2983 3739 3146 3793 αὐτὸν
3179 3739 3272 3790 καὶ
3302 3737 3496 3807 βρόχον
3533 3737 3596 3788 ὲκ
3621 3731 3819 3802 νευρᾶς

2243 3835 2644 3898 ὲπικλώσαντες
2705 3833 2782 3903 τῷ
2833 3833 3090 3903 τραχήλῳ
3157 3829 3350 3882 τούτου
3420 3825 3808 3896 περιϐαλόντες

2244 3926 2566 3992 ἀπέπνιξαν.
2602 3927 2675 3978 Τὸ
2721 3925 2777 3979 δὲ
2818 3925 2938 3978 ὅλον
2999 3923 3060 3975 οὐ
3106 3921 3199 3974 τοῦ
3251 3920 3524 3984 Πουζάνου
3577 3913 3644 3988 ἦν
3695 3911 3820 3968 κατ’

2246 4021 2378 4090 ὲμδν
2409 4021 2588 4088 λόγον,
2615 4018 2750 4072 ἀλλὰ
2780 4020 2871 4071 τοῦ
2907 4017 3133 4070 σουλτᾶν
3162 4013 3371 4067 ἐκείνου
3395 4009 3597 4065 τοιαῦτ’
3615 4010 3824 4061 οἰκονο-

2255 4112 2524 4180 μήσαντος
2555 4109 2696 4164 κατὰ
2727 4109 2818 4162 τοῦ
2867 4107 3222 4176 Ἀπελχασὴμ
3249 4103 3612 4176 δηλώσαντος.
3648 4096 3820 4152 Ἀλλὰ

2251 4199 2423 4251 ταῦτα
2459 4199 2554 4268 μὲν
2585 4197 2726 4252 κατὰ
2758 4199 2848 4250 τὸν
2869 4195 3249 4266 Ἀπελχασήμ.

575 4279 817 4345 Puzano,
851 4300 1014 4352 quem
1075 4299 1418 4354 nequaquam
1476 4287 1854 4356 Apclcltasemi
1903 4291 1974 4345 ab
2011 4290 2186 4346 Nicaea
2229 4291 2496 4363 profectio
2559 4291 2812 4346 latuerat.
2855 4291 2896 4344 li
2953 4301 3170 4359 captum
3218 4289 3480 4342 miserum
3523 4284 3714 4352 laqueo
3755 4295 3827 4334 cx

577 4393 744 4432 nervo
778 4386 921 4432 torto
951 4379 1382 4447 straugularunt.

650 4477 718 4525 At
755 4472 1070 4540 imperator,
1113 4472 1267 4528 lectis
1299 4473 1532 4529 sultauis
1569 4473 1790 4541 litteris,
1845 4489 1912 4528 ne
1944 4476 2148 4544 prima-

581 4578 702 4617 rum
735 4563 954 4631 quidem
1011 4564 1400 4635 cogitationum
1432 4581 1495 4620 ac
1544 4567 1952 4622 deliberationis
1987 4577 2146 4622 tenus

2343 4478 2401 4530 '0
2427 4477 2484 4529 δὲ
2505 4473 2754 4545 βασιλεὺς
2775 4473 2871 4533 τὰς
2907 4471 3001 4524 τοῦ
3037 4472 3263 4525 σουλτᾶν
3299 4469 3639 4536 ὑπαναγνοὺς
3682 4481 3831 4533 γρα-

2255 4575 2383 4644 φὰς,
2425 4572 2531 4626 οὐδ’
2585 4571 2664 4632 εἰς
2713 4568 2834 4622 νοῦν
2889 4567 2948 4617 τὸ
2991 4565 3314 4634 δηλούμενον
3357 4562 3540 4631 βαλεῖν
3589 4561 3608 4592 ⁸
3639 4557 3828 4626 heals.

579 4655 870 4709 admittere
925 4655 977 4708 in
1035 4657 1276 4709 animant
1333 4658 1596 4712 sustinuit
1663 4659 1996 4714 mentionem
2030 4659 2140 4726 eius

2260 4638 2368 4720 kal.
2399 4664 2514 4726 πῶς
2543 4663 2687 4730 γάρ;
2719 4661 2780 4714 τὸ
2823 4662 2931 4728 γὰρ
2965 4657 3240 4728 βασιλικὸν
3279 4657 3570 4723 θυγάτριον
3597 4653 3732 4715 ὅπερ
3765 4647 3829 4698 τὸ

581 4762 702 4816 qua:
755 4748 1037 4816 petebatur
1090 4748 1187 4801 rei.
1245 4749 1526 4812 Quomodo
1593 4751 1782 4803 enim?
1825 4767 1946 4805 cum
2003 4751 2149 4821 regia

583 4840 756 4909 virgo,
789 4841 856 4903 si,
889 4842 1028 4909 quod
1064 4840 1166 4894 ista
1216 4841 1440 4910 cpistola
1495 4843 1822 4909 postulabat,
1878 4843 2150 4911 primoge-

582 4932 700 4987 nito
731 4933 964 4988 sultauis
1000 4933 1269 5002 desponsa
1315 4935 1364 4987 iu
1404 4935 1678 4990 Persidem
1704 4935 2015 5000 duceretur,
2045 4937 2148 4990 mi-

582 5027 808 5080 serrima
857 5027 1044 5096 utique
1097 5029 1150 5080 in
1181 5037 1344 5080 totam
1403 5029 1568 5080 vitam
1617 5029 1772 5090 foret,
1831 5030 1980 5097 regni
2017 5043 2152 5082 cou-

582 5128 704 5170 sors
755 5117 950 5186 quavis
997 5123 1240 5187 egestate
1285 5116 1566 5171 tristioris.
1601 5115 1704 5170 Sed
1755 5131 1934 5186 neque
1984 5116 2036 5170 id
2069 5117 2154 5172 lex

2257 4757 2490 4827 γράμμα
2511 4755 2694 4823 ἐζήτει
2734 4749 3182 4818 κατεγγυηθῆναι
3211 4745 3289 4816 τῷ
3313 4741 3647 4816 προτοτόκῳτ
3665 4737 3829 4805 αὐτῷ

2257 4848 2378 4918 υἱῷ,
2411 4843 2478 4916 ἦν
2503 4845 2610 4915 ἄρα
2649 4843 2908 4912 δυστυχὲς
2933 4841 3006 4903 ὡς
3041 4839 3239 4901 ἔοικεν,
3285 4840 3334 4889 εἰ
3385 4833 3696 4902 ἀνεληλύθει
3743 4829 3830 4888 εἰς

2257 4933 2517 5002 Περσίδα,
2554 4931 2830 5002 βασιλείας
2886 4929 3218 4999 μετεσχηκὸς
3249 4927 3470 4994 ἀπάσης
3497 4921 3835 4985 κακοδαιεω⁴

2259 5027 2520 5096 νεστέρας
2588 5025 2801 5083 πενίας.
2858 5023 2998 5075 Ἀλλ’
3044 5019 3169 5074 οὔτε
3203 5019 3334 5081 Θεὸς
3385 5019 3542 5072 τοῦτο
3595 5011 3834 5080 ἐπέτρε-

2261 5134 2363 5170 πεν
2390 5117 2430 5181 ⁸,
2459 5116 2582 5169 οὔτε
2634 5117 2662 5168 ὁ
2713 5113 2967 5186 βασιλεὺς
3023 5109 3134 5183 εἶχε
3185 5111 3414 5181 γνώμης
3463 5109 3599 5163 οὕτω
3641 5103 3834 5156 ταῦτα

1631 5227 1830 5290 Variae
1877 5229 2183 5291 lectiones
2221 5247 2298 5290 ex
2337 5231 2475 5291 cod.
2508 5227 2777 5289 Coislin.

657 5333 704 5404 f9
736 5333 1091 5404 _7TpO)TOt6X(p.
1166 5334 1189 5404 7‘
1241 5334 1523 5398 ἐπισάξας.

1599 5338 1619 5367 ²
1663 5333 1820 5389 Deest
1883 5334 2068 5386 vocula
2135 5334 2221 5388 ἄν.

585 5401 944 5473 ἀνδράσικαί.
1021 5401 1281 5462 ⁸λαϐεῖν.
1355 5407 1373 5437 ⁷
1413 5404 1762 5475 πρωτοτόκῳ.
1840 5404 1860 5435 ⁸
1891 5404 2212 5474 ἐπέτρεψεν.

2881 5331 2904 5364 ⁵
2937 5329 3145 5385 ἐκεῖθεν
3181 5331 3262 5386 δέ.
3351 5333 3372 5363 ³
3404 5329 3601 5384 Desunt
3651 5334 3838 5373 voces

2315 5335 2336 5366 ³
2361 5333 2783 5404 ἀφαιρήσεσθαι.

1639 5497 1782 5558 Car.
1825 5495 2152 5557 Dufresnii
2203 5498 2298 5559 Du
2339 5495 2558 5575 Cangii
2593 5502 2780 5557 notat.

663 5616 776 5685 (56)
817 5618 1092 5686 Λάμπην.
1131 5619 1328 5674 Urbem
1377 5621 1475 5672 hoc.
1519 5622 1735 5675 nomine
1783 5621 1940 5675 habet
1975 5623 2150 5687 Anna,

591 5687 874 5755 p.tg.r52ri.
911 5689 1039 5743 Vide
1066 5689 1232 5741 Notas
1267 5691 1402 5755 adp.
1439 5691 1524 5743 οι.

670 5754 782 5826 (57)
842 5757 1162 5810 Λοπάδιον.
1217 5757 1290 5810 De
1337 5754 1533 5826 oppido
1599 5759 1834 5825 Lopad‘o
1885 5769 1938 5813 cl
1991 5760 2156 5815 ﬂuvio

594 5821 834 5890 ('jtlsdetll
904 5827 1134 5880 nominis
1185 5827 1348 5880 habet
1376 5821 1640 5895 quaedam
1679 5821 2051 5888 Lcunclavius
2101 5833 2153 5886 itt

2261 5623 2434 5677 Pand.
2469 5620 2625 5673 Ture.
2669 5635 2726 5673 n.
2781 5617 2845 5672 16
2875 5627 2930 5671 et
2959 5617 3048 5671 86.
3091 5617 3266 5676 Lttnar
3308 5617 3498 5670 dicitur
3533 5611 3710 5667 Oloni
3759 5613 3834 5666 de

2267 5692 2472 5759 Diogilo
2509 5691 2601 5743 lih.
2659 5703 2711 5759 v_,
2769 5689 2841 5742 De
2879 5687 3100 5754 profect.
3141 5685 3449 5759 Ludthreg;
3502 5681 3700 5737 Fratre.
3772 5684 3838 5738 in

2264 5754 2466 5816 Oriettt.
2506 5759 2655 5815 Adde
2683 5757 2849 5814 Notas
2878 5769 3090 5813 nostras
3115 5758 3180 5812 ad
3219 5754 3470 5811 Villhard.
