4022 6270
242 294 344 358 513

1530 304 1945 364 ALEXIADIS
1983 306 2127 367 LIB.
2158 307 2261 370 VI.

3387 306 3493 369 διι

242 403 525 474 προϐῆναι,
561 392 674 456 οὐδ’
710 403 776 459 ἂν
825 406 904 471 είς
957 406 1140 461 στενδν
1178 410 1509 481 κατηντήκει
1566 411 1715 481 αὐτῷ
1746 411 1816 463 τὰ

1924 410 2105 463 divina
2138 414 2372 481 sinebat,
2432 422 2487 472 et
2534 423 2797 487 paternus
2853 416 3200 488 imperatoris
3254 416 3322 472 ab
3379 420 3492 487 ipsa

244 496 565 565 πράγματα.
613 498 788 553 Εὐθὺς
818 500 927 569 γὰρ
958 500 1053 553 καὶ
1086 502 1229 554 κατὰ
1265 504 1487 573 πρώτην
1537 505 1707 575 ἀκοὴν
1728 503 1820 555 τοῦ

242 586 593 656 γράμματος,
616 588 717 656 τῆς
741 588 835 640 τοῦ
862 590 1150 660 Βαρϐάρου
1174 593 1537 659 κατεγέλασεν
1564 593 1819 661 ὀρέξεως,

240 678 756 750 ὐποφθεγξάμενος,
790 682 872 734 ὅτι
902 685 927 734 ὁ
954 683 1166 752 δαίμων
1189 684 1347 735 τοῦτο
1376 684 1455 747 είς
1496 683 1620 737 νοῦν
1650 682 1818 738 αὐτοῦ

239 770 586 824 ἀνεϐίϐασεν.
653 772 792 842 Περὶ
839 775 933 825 τοῦ
987 774 1088 842 μὲν
1150 775 1345 845 κήδους
1403 774 1575 838 οὕτως
1618 777 1822 844 ἔσχενὸ

241 862 625 933 αὐτοκράτωρ·
678 863 861 915 ἐλπίσι
892 863 949 915 δὲ
1004 868 1187 927 κεναῖς
1217 866 1309 917 τὸν
1342 865 1434 918 τοῦ
1475 865 1705 918 σουλτᾶν
1735 866 1823 919 λο-

239 955 431 1024 γισμὸν
452 956 760 1023 ἅπαιωρεῖν
778 955 889 1007 δεῖν
909 954 1288 1025 λογισάμενος,
1316 958 1821 1027 καταπεμψάμενος

237 1047 324 1099 τὸν
359 1047 697 1118 Κουρτίκιον
727 1047 848 1119 μεθ’
867 1049 1072 1118 ἐτέρων
1102 1051 1293 1118 τριῶν,
1325 1050 1645 1102 ἀποστέλλει
1694 1050 1818 1101 τού-

236 1156 357 1200 τους
386 1139 675 1209 πρέσϐεις,
711 1140 807 1192 καὶ
863 1141 1172 1211 γράμματα
1217 1140 1285 1193 δι’
1330 1134 1404 1193 ὧν
1434 1142 1533 1211 τὴν
1588 1140 1815 1209 εἰρήνην

238 1230 525 1297 ἐνέφαινεν
586 1230 961 1295 ἀσπάζεσθαι,
1027 1230 1306 1299 καὶπρὸς
1364 1233 1430 1283 τὰ
1508 1230 1819 1301 μηνυθέντα

238 1322 585 1387 κατανεύειν,
612 1322 866 1375 ἀπαιτῶν
900 1324 1015 1391 ἅμα
1060 1324 1156 1377 καὶ
1197 1323 1379 1387 αὐτὸς,
1412 1322 1549 1377 ἄλλα
1578 1323 1647 1375 τὰ
1676 1324 1696 1353 ⁹
1726 1322 1817 1374 τοῦ

237 1415 424 1484 χρόνου
447 1416 760 1483 παράτασιν
792 1416 1104 1483 εἰσάγοντα.
1134 1415 1302 1468 Οὔπω
1327 1417 1376 1467 ei
1400 1418 1461 1469 ἐκ
1492 1416 1583 1468 τοῦ
1610 1416 1819 1479 Βυζαν-

238 1508 348 1560 τίου
377 1509 733 1577 πεμφθέντες
765 1508 1025 1578 πρέσϐεις
1056 1508 1148 1560 τὸν
1176 1509 1423 1578 Χοροσὰν
1454 1507 1565 1576 (58)
1590 1498 1819 1560 κατέλα-

238 1598 346 1663 ϐον,
372 1602 469 1651 καὶ
495 1599 596 1669 τὴν
625 1598 721 1651 τοῦ
744 1599 972 1653 σουλτᾶν
998 1599 1279 1668 ἀναίρεσιν
1300 1600 1411 1670 (59)
1437 1598 1818 1669 μεμαθηκότες

236 1692 608 1760 ὑπέστρεψαν.
654 1691 765 1744 Καὶ
790 1691 900 1759 γὰρ
930 1691 957 1743 ὁ
990 1690 1327 1758 αὐτάδελφος
1362 1690 1530 1744 αὐτοῦ
1578 1691 1817 1744 Τουτού-

237 1799 353 1851 σης,
391 1783 533 1851 μετὰ
572 1782 633 1834 τὸ
693 1782 904 1835 ἀνελεῖν
940 1783 1030 1836 τὸν
1080 1783 1232 1854 ἁμὴρ
1263 1783 1533 1852 Σολυμᾶν,
1585 1786 1679 1837 καὶ
1724 1783 1816 1837 τὸν

237 1873 362 1927 ἴδιον
393 1874 650 1944 γαμϐρὸν
691 1874 750 1935 ἐξ
790 1874 1054 1942 ’Δραϐιας
1093 1875 1135 1905 ¹⁰
1158 1873 1280 1927 κατ’
1318 1875 1486 1928 αὐτοῦ
1541 1874 1808 1946 στρατεύ-

236 1980 425 2027 σαντα,
470 1965 772 2032 τυφωθεὶς,
804 1965 900 2018 καὶ
947 1966 1039 2017 τδν
1071 1966 1303 2019 σουλτᾶν
1363 1965 1705 2036 μεμαθηκὼς
1735 1969 1816 2031 είς

232 2056 518 2127 εἰρηνικὰς
576 2057 811 2120 σπονδὰς
873 2058 1013 2126 μετὰ
1074 2056 1169 2110 τοῦ
1250 2058 1655 2130 αὐτοκράτορος
1714 2061 1813 2131 ἤδη

230 2147 573 2215 ἐπείγεσθαι,
638 2150 775 2216 πρὸς
826 2149 917 2201 τὸν
965 2149 1228 2218 τάδελφοῦ
1300 2151 1459 2220 φόνον
1515 2152 1813 2220 ἀπέϐλεψε.

228 2239 572 2292 Δυοκαίδεκα
608 2239 791 2292 τοίνυν
848 2239 1089 2302 Χασίους
1142 2241 1253 2311 (60)
1314 2239 1463 2294 οὕτω
1490 2244 1555 2312 τῇ
1594 2243 1816 2309 Περσίδι

226 2329 498 2398 διαλέκτῳ
519 2329 898 2397 καλουμένους
927 2332 1113 2398 φόνιον
1141 2333 1407 2395 πνέοντας
1440 2332 1820 2401 μετακαλεσά-

227 2438 415 2490 μενος,
448 2422 522 2484 ὡς
561 2422 823 2491 πρέσϐεις
851 2426 993 2493 τάχα
1012 2425 1149 2494 πρὸς
1171 2425 1261 2478 τὸν
1288 2425 1517 2478 σουλτᾶν
1545 2424 1818 2495 ἐξέπεμψε

224 2512 330 2565 καὶ
375 2513 469 2565 τὸν
511 2513 719 2582 τρόπον
778 2516 962 2577 αὐτοῖς
1020 2515 1357 2584 ὑποθέμενος
1421 2517 1537 2587 ἅμα
1579 2516 1682 2584 τῆς
1722 2516 1817 2569 τοῦ

220 2604 466 2674 ἁδελφοῦ
549 2607 791 2677 σφαγῆς,
850 2609 1095 2674 Ἀπιτε,
1151 2609 1412 2678 φάμενος,
1467 2608 1566 2663 καί
1606 2608 1819 2677 ,πρῶτα

219 2697 340 2765 μὲν
376 2697 900 2765 διακηρυκεύσατε
937 2700 1017 2766 ὡς
1069 2699 1378 2768 ἁπόρῤητιί
1410 2716 1545 2753 τινα
1565 2700 1819 2769 μέλλειν

220 2788 301 2855 τῷ
333 2790 624 2845 Σουλτᾶν
644 2792 1027 2862 ἀπαγγεῖλαι,
1054 2793 1209 2845 ἐπὰν
1246 2791 1314 2844 δὲ
1352 2790 1820 2860 παραχωιηθῆτε

219 2882 335 2949 τῆς
366 2882 622 2937 εἰσόδου
657 2884 735 2949 ὡς
758 2882 913 2953 τάχα
943 2884 1093 2953 πρὸς
1124 2880 1232 2950 οὖς
1260 2883 1420 2949 αὐτῷ
1452 2884 1819 2953 ὡμιληκέναι

213 2976 536 3039 ,ϐούλεσθε
566 2975 631 3040 “,
664 2977 1125 3043 πλησιάσαντες
1150 2977 1514 3045 παραχρῆμα
1544 2976 1647 3029 τὸν
1675 2977 1821 3045 ἐμὸν

1854 1753 1892 1805 Β

1927 501 2102 570 prima
2146 505 2370 561 infausti
2412 510 2646 580 conjugii
2701 512 2879 579 specie
2931 512 3114 564 statim
3163 511 3495 565 abhorrebat

1926 594 2149 646 animus
2186 611 2197 645 :
2233 605 2393 661 atque
2426 608 2479 650 ut
2516 608 2629 651 tum
2664 615 2751 654 res
2781 600 2898 668 ejus
2922 610 3079 653 erant
3112 600 3248 655 satis
3274 615 3335 653 ex
3364 616 3494 654 seu-

1922 685 2095 739 tentia
2161 684 2418 748 ﬂucntes,
2454 689 2601 741 nulla
2637 690 2849 757 imperii
2901 692 3209 744 necessitas
3262 694 3496 759 cogetat

1923 777 2223 830 amicitiam
2289 779 2649 834 Barbaroruut
2713 791 2821 835 tam
2867 783 3019 837 citari
3066 784 3260 852 capitis
3316 795 3493 852 pretio

1923 881 2130 921 emere.
2171 867 2311 922 Risit
2343 886 2474 940 ergo
2504 887 2653 940 spem
2682 874 2944 927 audacem
2984 873 3164 927 Persa
3195 875 3369 943 primo
3393 892 3497 929 au-

1923 958 2038 1011 ditu
2070 960 2369 1014 litterarum
2401 965 2543 1030 ejus,
2581 964 2946 1033 subjecitqne,
2990 966 3136 1019 istud
3174 967 3274 1035 ipsi
3305 977 3489 1020 votum

1924 1064 1953 1101 a
1984 1052 2125 1103 malo
2172 1052 2344 1105 videri
2400 1054 2646 1109 dremone
2701 1066 3041 1125 suggestum.
3089 1056 3287 1111 Verum
3347 1059 3488 1111 idem

1926 1150 2107 1194 tamen
2168 1157 2265 1211 pro
2297 1159 2394 1197 sua
2435 1145 2781 1211 politicarunt
2824 1162 3005 1199 rerum
3048 1146 3339 1216 prudentia
3382 1164 3489 1201 non

1925 1233 2138 1301 putavit
2174 1243 2545 1302 Opportunum
2579 1236 2889 1306 signiﬁcare
2919 1239 3121 1292 sultani
3153 1249 3492 1308 quantopere

1924 1320 2238 1374 aﬂiuitatent
2294 1322 2412 1391 ejus
2476 1333 2890 1391 aspernaretur.
2948 1326 3090 1391 Quin
3151 1329 3334 1397 potius
3395 1344 3494 1396 spe

1924 1409 2074 1461 inani
2113 1411 2317 1464 lactare
2351 1412 2552 1480 ipsum,
2591 1422 2644 1465 et
2674 1415 2819 1467 velut
2856 1416 3123 1469 trahenda
3158 1419 3493 1472 tractatione

1923 1501 2049 1553 talis
2086 1502 2286 1568 negotii
2320 1511 2506 1556 tenere
2531 1503 2751 1557 interim
2779 1506 3057 1575 hominem
3082 1515 3245 1576 atque
3270 1509 3494 1561 incertis

1923 1594 2352 1662 cogitationibus
2410 1599 2751 1663 suspendere
2808 1612 3034 1651 suarum
3081 1614 3205 1653 esse
3252 1599 3490 1669 partium

1921 1686 2172 1739 credidit.
2216 1685 2745 1757 Curticium'igitur,
2789 1697 3011 1759 tresque
3047 1691 3211 1744 simul
3243 1691 3382 1744 alios
3424 1690 3492 1744 ad

1919 1791 2041 1829 eum
2105 1778 2315 1847 legatos
2370 1780 2542 1843 misit,
2578 1796 2700 1833 cum
2740 1783 2949 1836 mutuis
2983 1781 3225 1837 oilieiosc
3266 1785 3493 1852 scriptis

1922 1868 2140 1933 litteris,
2177 1871 2380 1939 quibus
2435 1872 2780 1941 signiﬁcabat
2810 1884 3122 1942 pergratam
3186 1875 3289 1929 sibi
3345 1876 3493 1928 acci-

1919 1962 2069 2016 disse
2115 1963 2264 2031 pacis
2300 1963 2519 2017 allatam
2552 1964 2619 2018 ab
2670 1980 2733 2018 eo
2779 1966 3135 2029 meutionem,
3166 1964 3483 2035 babereque

1920 2053 1972 2106 in
2015 2057 2198 2107 animo
2248 2055 2540 2123 postulatis
2599 2055 2719 2123 ejus
2754 2071 3020 2119 adnuere,
3060 2072 3248 2112 verum
3292 2068 3478 2125 petere

1920 2156 1972 2201 et
1998 2147 2172 2216 ipsum
2195 2147 2375 2216 aliqua
2399 2148 2664 2211 vicissim,
2690 2164 2811 2217 quae
2841 2148 3103 2203 distincte
3131 2148 3447 2204 declarabat
3473 2165 3489 2213 ;

1922 2254 2025 2292 non
2060 2253 2157 2307 spe
2187 2239 2539 2308 impetrandi,
2570 2240 2663 2292 sed
2698 2249 2815 2294 arte
2861 2238 3145 2303 eludendi,
3178 2243 3485 2295 extenden-

1921 2329 2083 2399 dique
2120 2330 2362 2384 Barbaro
2418 2331 2759 2384 deliberandi
2818 2338 3059 2399 tempus,
3106 2346 3215 2400 quo
3264 2331 3499 2384 durante

1921 2420 2181 2474 innoxius
2215 2420 2260 2474 is
2296 2420 2521 2474 futurus
2586 2428 2733 2474 esset
2768 2417 3031 2473 Romana:
3086 2421 3185 2472 rei.
3223 2420 3492 2473 Caeterum

1922 2513 2245 2582 priusquam
2298 2512 2417 2566 haec
2455 2512 2723 2582 Byzantio
2749 2509 2995 2579 profecta
3054 2509 3259 2579 legatio
3286 2510 3497 2564 Cltoro-

1921 2615 2118 2653 zanqu
2154 2600 2496 2670 pervenisset
2538 2601 2730 2653 audita
2767 2600 3009 2654 sultauis
3040 2603 3215 2654 caules
3247 2599 3499 2653 Curticio

1922 2691 2329 2760 comitibusque
2378 2692 2615 2745 reditum
2651 2693 2851 2747 suasit.
2912 2689 3023 2745 Nec
3066 2707 3231 2761 porro
3263 2692 3498 2746 sultauis

1921 2794 2204 2837 auctorem
2242 2783 2431 2837 habuit
2464 2800 2629 2852 quem
2680 2784 2906 2838 minime
2957 2784 3205 2853 oportuit
3268 2785 3495 2838 fratrem

1924 2876 2097 2946 ipsius
2132 2875 2400 2930 Tulusen.
2430 2875 2501 2941 ls,
2536 2875 2753 2930 sublato
2792 2891 2977 2931 amere
3028 2875 3275 2947 Solyma,
3331 2890 3499 2947 gene-

1922 2983 2097 3039 roque
2148 2969 2375 3039 insuper
2428 2969 2656 3038 proprio
2706 2984 2773 3023 ex
2822 2968 3027 3023 Arabia
3083 2977 3277 3024 contra
3316 2969 3495 3038 ipsum

217 3064 647 3134 διαμελήσατε
701 3068 993 3137 ἀδελφόν.
1050 3070 1112 3121 Oi
1148 3069 1206 3121 δὲ
1262 3069 1586 3139 πρέσϐειςῆ
1620 3068 1816 3136 μᾶλλον

1926 3075 2051 3115 cum
2084 3061 2259 3132 copiis
2283 3076 2574 3132 progresso
2605 3062 2753 3115 victo
2785 3060 3044 3115 similiter
3086 3071 3251 3130 atque
3284 3063 3497 3127 occiso,

216 3161 415 3225 φονεῖς
475 3160 730 3231 καθάπερ
760 3163 841 3224 είς
875 3161 1149 3233 δεῖπνονῆ
1183 3160 1418 3232 εὐωχίαν
1447 3162 1816 3231 πεμπόμενοι,

220 3255 635 3325 προθυμότατα
691 3255 827 3326 πρὸς
872 3255 969 3326 τὴν
1006 3254 1100 3308 τοῦ
1146 3255 1373 3307 σουλτᾶν
1421 3256 1639 3327 σφαγὴν
1674 3254 1821 3325 ἀπῄ-

211 3363 373 3401 εσαν.
438 3347 726 3401 Μεθύοντα
780 3348 969 3400 τοῦτον
1023 3346 1448 3413 καταλαϐόντες,
1491 3348 1615 3401 ἐπεὶ
1669 3348 1818 3401 πᾶσα

213 3440 514 3510 ἐκεχειρία
559 3438 774 3502 τούτοις
821 3440 1044 3506 ἐδίδοτο,
1114 3440 1226 3492 τῶν
1285 3439 1814 3509 ἐμπεπιστευμένων

208 3532 307 3599 τὴν
345 3533 456 3584 τοῦ
500 3533 729 3585 σουλτᾶν
760 3532 1321 3605 φυλακὴν,πόρῤωθεν
1354 3532 1687 3602 ἑστηκότων,
1714 3532 1815 3583 αὐ-

208 3625 295 3674 τοὶ
338 3623 781 3690 πλησιάσαντες,
822 3625 891 3677 τά
926 3626 1052 3694 ξίφη
1101 3627 1199 3695 τῆς
1251 3625 1427 3695 μάλης
1472 3625 1815 3693 σπασάμενοι

205 3716 610 3785 διαμελίζουσι
650 3716 761 3785 (61)
798 3722 1144 3789 παραχρῆμα
1174 3719 1266 3770 τὸν
1311 3718 1516 3772 ἄθλιον.
1561 3717 1815 3770 Τοιοῦτον

208 3803 323 3871 γὰρ
348 3803 419 3855 τὸ
453 3803 562 3854 τῶν
588 3804 813 3857 Χασίων
846 3808 992 3859 ἐστὶν
1017 3806 1214 3875 αἵμασι
1244 3809 1456 3877 χαῖρον,
1483 3807 1579 3859 καί⁵
1601 3808 1815 3876 τρυφὴν

208 3888 350 3941 αὐτὸ
402 3891 571 3943 τοῦτο
630 3891 994 3961 λογιζόμενοι,
1042 3896 1091 3947 εί
1138 3897 1298 3965 μόνον
1351 3896 1438 3949 διὰ
1492 3895 1819 3962 σπλάγχνων

206 3982 543 4053 ἀνθρώπων
589 3984 650 4034 τὸ
698 3984 851 4050 ξίφος
893 3985 1167 4052 ἐλάσειαν,
1198 3987 1293 4039 τοῦ
1331 3985 1519 4039 λοιποῦ
1555 3986 1595 4016 ⁸³
1631 3986 1686 4038 δὲ
1718 3985 1819 4037 κάν

205 4089 366 4137 τινες
398 4075 607 4136 αὐτοὺς
642 4075 772 4137 ἴσως
815 4076 902 4127 ἐπ’
944 4078 1095 4149 αὐτῷ
1145 4078 1320 4148 τούτῳ
1369 4075 1683 4147 ἐπιθέμενοι
1721 4094 1819 4129 κα-

1891 3154 2090 3215 ,ιιιιιιὶε
2136 3154 2486 3209 successibus
2547 3152 2767 3207 inﬂatus
2838 3153 3092 3222 accipere
3135 3169 3249 3207 non
3316 3158 3499 3222 potuit

1918 3247 2091 3312 requis
2123 3246 2351 3299 auribus
2384 3243 2531 3313 quod
2564 3244 2631 3297 de
2665 3246 2838 3297 fratre
2871 3245 3089 3297 sultane
3118 3243 3297 3297 nuntii
3350 3246 3495 3298 tere-

1919 3338 2053 3392 baut
2083 3353 2097 3387 :
2152 3336 2296 3391 serio
2328 3351 2454 3390 eum
2505 3336 2571 3389 de
2600 3350 2733 3405 pace
2758 3350 2883 3388 cum
2941 3336 3274 3405 imperatore
3306 3350 3492 3406 agere,

1923 3430 2265 3499 multumque
2314 3427 2427 3497 jam
2492 3436 2803 3498 promotum
2873 3427 2926 3481 id
3006 3430 3285 3498 negotium
3350 3445 3496 3485 esse.

1923 3521 2095 3587 Cujus
2137 3528 2468 3591 praevertere
2504 3521 2804 3575 clausulam
2851 3520 3093 3575 tollendo
3138 3530 3355 3576 mature
3382 3522 3495 3575 t‘ra-

1924 3624 2007 3669 tre
2055 3625 2262 3679 certus,
2292 3614 2582 3669 duodecim
2634 3614 2940 3668 accersitos
2972 3614 3177 3667 caedem
3222 3614 3500 3682 spirantes

1922 3706 2152 3761 Cbasius
2186 3706 2289 3775 (sic
2349 3704 2537 3773 lingua
2576 3702 2799 3757 Persica
2849 3702 3148 3771 vocantur)
3195 3704 3496 3773 legatorum

1925 3799 2147 3853 nurnine
2168 3813 2231 3851 ac
2252 3799 2379 3863 jure
2406 3806 2633 3850 strenue
2660 3810 2887 3863 pergere
2911 3793 2979 3849 ad
3001 3794 3274 3848 sultanem
3298 3794 3496 3863 jussit:

1923 3888 2148 3939 modum
2185 3887 2410 3953 insuper
2444 3886 2672 3938 tradens
2699 3884 3175 3937 circumveniendi
3213 3885 3356 3952 ejus.
3395 3884 3495 3944 Ite.

1922 3979 2203 4046 inquiens,
2248 3989 2297 4031 et
2343 3979 2512 4046 primo
2543 3978 2773 4029 adventu
2814 3958 2925 4043 {me
2972 3976 3117 4029 vobis
3145 3978 3277 4044 ferte
3308 3978 3497 4031 habere

1922 4090 2009 4126 vos
2043 4089 2247 4124 arcana
2279 4087 2395 4139 quw
2433 4071 2636 4122 sultaui
2664 4069 2956 4133 nuntietis;
2987 4070 3062 4123 sic
3093 4070 3314 4124 admissi
3346 4081 3392 4124 et
3416 4087 3499 4125 se-

1302 4191 1503 4253 νοτία)
1546 4190 1849 4253 lectiones
1883 4206 1957 4248 ex
1996 4187 2135 4247 cod.
2170 4183 2441 4247 Coislin.

279 4296 302 4327 ⁹
326 4295 484 4350 ἁ).λά
520 4312 579 4348 τε
616 4293 707 4347 τά.
785 4293 829 4325 ¹⁰
868 4295 1185 4365 ’Λῤῥαϐίας.
1261 4296 1303 4329 ⁸⁸
1333 4296 1640 4367 βούλεσθαι.

1752 4296 1797 4325 ³⁸
1829 4296 2035 4348 Desunt
2071 4308 2232 4347 voces
2255 4291 2348 4342 τοῦ
2378 4290 2591 4357 λοιποῦ,
2623 4300 2753 4357 ctc..,
2786 4291 3297 4361 καταχορδεύσειαν.

1315 4414 1455 4474 Car.
1486 4411 1810 4474 Dufresnii
1848 4413 1942 4471 Du
1975 4410 2199 4487 Cangii
2235 4422 2423 4474 noue.
2512 4493 2517 4498 ⁸

278 4514 411 4578 (58)
455 4512 756 4581 Χοροσὰν.
794 4513 873 4567 lta
914 4514 1057 4567 dicta
1102 4513 1285 4584 Persis
1313 4514 1542 4569 interior
1572 4514 1805 4583 seripto-
1839 4518 1882 4571 D
1914 4528 2036 4584 pag.
2074 4512 2164 4566 87.

203 4586 375 4637 ribus
403 4600 601 4637 rerum
632 4586 842 4637 Orient.
886 4585 1111 4650 passim.
1148 4582 1280 4636 Vide
1306 4584 1523 4638 Leuucl.
1561 4601 1615 4638 n.
1644 4582 1699 4637 4.

282 4655 411 4721 (59)
458 4654 580 4707 Τοῦ
627 4652 907 4707 Σουλτᾶν
938 4654 1533 4724 ἀναίρεσιν.Τορεη·ἓθ
1588 4655 1815 4721 Sullani,

202 4735 265 4779 ut
301 4742 449 4777 tttnx
488 4740 609 4790 pag.
656 4739 770 4793 seq.

282 4797 416 4861 (ϐυ)
465 4791 759 4857 Χησίουςζ
820 4791 1051 4847 Chasios
1103 4795 1205 4848 hoc
1265 4794 1385 4849 loco
1442 4804 1602 4849 vorat
1636 4792 1817 4858 Anna,

207 4885 362 4936 quos
402 4868 595 4917 nostri
640 4865 802 4929 vulgo
837 4863 1161 4928 Assassinos,
1203 4863 1441 4928 PersiCa,
1476 4867 1679 4936 inquit,
1712 4868 1817 4919 lino

205 4934 320 4999 gua
361 4954 378 4990 :
420 4948 545 5002 qua
610 4935 975 5003 appellatione
1024 4938 1197 4988 utitur
1261 4938 1424 4989 etiam
1484 4934 1704 4989 Nicetas
1763 4936 1815 4990 in

206 5008 477 5065 lsancio,
519 5004 613 5057 lib.
647 5021 684 5064 I,
722 5022 776 5056 ιι.
802 5004 855 5063 6,
884 5005 1014 5056 etin
1054 5007 1259 5068 Alexio,
1297 5007 1388 5058 lib.
1423 5020 1499 5065 ut,
1534 5006 1664 5059 11.6.
1702 5007 1821 5058 Χα-

207 5078 413 5128 animo:
446 5076 718 5128 dic-sutor
774 5071 971 5126 Joanui
1010 5074 1206 5129 Pltocae
1240 5077 1291 5128 in
1339 5074 1595 5141 Descript.
1643 5075 1819 5129 Terra:

205 5146 479 5207 Sancta’,
539 5156 654 5212 cap.
709 5144 761 5196 3.
816 5146 1198 5199 Saracenicatn
1261 5144 1431 5199 fuisse
1487 5146 1815 5199 sicariorum

207 5219 483 5270 istorum
542 5214 1012 5267 nomenclaturam
1051 5224 1244 5267 auctor
1271 5224 1355 5269 est
1399 5215 1566 5269 etiam
1601 5214 1807 5270 Willet-

206 5305 347 5342 mus
391 5284 636 5355 Tyrius,
683 5285 781 5337 lib.
836 5298 927 5355 xx_,
961 5299 1078 5351 cap.
1109 5285 1198 5338 21.
1230 5284 1483 5340 Caisinos
1514 5284 1567 5355 in
1614 5285 1814 5355 Arabia

208 5352 527 5411 memorat
555 5368 660 5424 non
686 5352 1268 5424 semelTbeopltanes,
1308 5370 1427 5424 pag.
1460 5353 1588 5418 556,
1625 5354 1729 5408 358
1762 5365 1815 5409 et

205 5428 348 5494 565,
388 5424 617 5495 quibus
646 5422 899 5477 lortassis
921 5427 1183 5491 originem
1214 5435 1265 5478 et
1291 5422 1483 5479 nomen
1522 5426 1671 5495 dedit
1694 5425 1816 5495 Ca-

206 5504 340 5554 sius
382 5494 493 5551 illc
532 5494 806 5547 lsmaclita
840 5494 1035 5554 Arabs,
1068 5496 1227 5561 cujus
1266 5496 1515 5549 meminit
1544 5494 1814 5548 Abraham

206 5562 599 5625 l‘lcltellcnsis
639 5564 693 5617 in
727 5563 869 5614 llist.
904 5564 1157 5629 Arabum,
1183 5580 1302 5633 cap.
1330 5566 1383 5619 5.
1414 5565 1519 5620 Sed
1549 5580 1617 5618 an
1648 5566 1717 5618 ab
1754 5566 1820 5618 iis

204 5642 417 5698 euasit
501 5633 931 5702 appellationem
982 5636 1208 5689 mutuati
1269 5635 1399 5701 siut,
1463 5651 1569 5690 non
1636 5635 1814 5689 ausim

212 5700 770 5770 atliuuarchide
850 5700 1018 5756 Notas
1092 5712 1309 5759 nostras
1389 5706 1455 5758 ad
1541 5704 1809 5759 .loiuvillaa

1996 4586 2106 4649 (Gl)
2143 4583 2573 4652 Διαμελίζόυσι.
2605 4585 2998 4640 ϐοιιειῐοιιιιιὶιιη]
3020 4587 3295 4641 sultauum
3330 4604 3357 4641 a
3392 4589 3501 4643 fra-

1923 4660 2009 4725 tre
2045 4654 2279 4715 Tutuse,
2314 4670 2409 4709 seu
2460 4654 2791 4725 Tageoldulo
2829 4658 3095 4712 immissis
3138 4660 3382 4720 Cbasiis,
3412 4664 3495 4714 vel

1924 4723 2254 4788 Assassinis,
2277 4723 2618 4797 interfectum
2664 4727 2752 4779 hic
2782 4726 2969 4797 refert
3002 4730 3180 4794 Anna,
3210 4744 3316 4797 qua
3351 4731 3402 4783 iu
3442 4747 3500 4784 re

1926 4809 2050 4868 cum
2082 4810 2261 4849 rerum
2287 4795 2743 4868 Tur'cicartint_et
2773 4795 3499 4868 Saraceniearum'seiipto-

1926 4864 2085 4918 ribus
2133 4880 2242 4919 non
2298 4868 2592 4921 consentit.
2646 4866 2837 4921 Tradit
2889 4868 3086 4935 quippe
3153 4864 3497 4923 El-Macinus

1926 4936 2206 4989 sultanum
2240 4936 2293 4989 in
2328 4939 2464 4990 urbe
2497 4936 2827 5000 Bagdatensi
2863 4938 2975 4989 fato
3012 4937 3248 4989 naturali
3286 4942 3498 4990 exstin-

1927 5013 2074 5058 ctum
2136 5020 2227 5058 an.
2292 5008 2493 5074 begirre
2554 5007 2683 5069 485,
2754 5006 2959 5060 Christi
3022 5006 3176 5067 1092,
3241 5008 3497 5075 illiusque

2002 5084 2185 5145 rcepta
2218 5087 2392 5129 morte
2434 5075 2824 5145 Tageoldulum
2854 5090 2977 5145 sese
2998 5078 3272 5145 sultanum
3306 5079 3494 5143 appel-

1950 5144 2107 5207 asse,’
2144 5145 2499 5215 mississeque
2524 5144 2591 5200 ad
2608 5147 2941 5213 Chalipham
2966 5144 3493 5215 Muquetadibiltam,

1926 5228 2037 5280 quo
2082 5215 2150 5268 ab
2178 5232 2243 5268 eo
2271 5214 2341 5267 Ba
2386 5214 2497 5269 dati
2540 5218 2969 5285 inauguraretur
3004 5231 3018 5267 :
3075 5214 3169 5268 sed
3218 5218 3492 5281 repulsam

1926 5297 2147 5336 nassum
2180 5298 2324 5336 esse.
2350 5233 2558 5336 ﬁerem
2588 5287 2774 5336 igitur.
2811 5301 2877 5336 ne
2899 5284 3043 5336 quod
3081 5285 3219 5335 idem
3256 5284 3492 5336 scriptor

1926 5297 2147 5350 passum
2180 5298 2324 5339 esse.
2356 5284 2558 5339 Vereor
2588 5284 2774 5353 igitur,
2811 5301 2877 5338 ne
2899 5284 3043 5352 quod
3081 5285 3219 5335 idem
3256 5284 3497 5350 scriptor

1926 5355 1994 5407 de
2023 5352 2351 5407 Cbasiorum
2387 5354 2583 5408 fiducia
2616 5352 2669 5407 et
2704 5355 3010 5407 temeritate
3038 5353 3232 5421 ingerit
3262 5354 3365 5405 sub
3400 5370 3493 5408 an.

1925 5422 2050 5492 heg.
2101 5422 2265 5492 326
2322 5424 2447 5488 485,
2505 5425 2637 5478 Cur.
2698 5423 2854 5486 1090,
2890 5424 3060 5475 Anna:
3109 5423 3432 5492 imposuerit
3475 5440 3491 5477 :

1923 5490 2035 5561 quo
2087 5490 2605 5547 loco—El-ltlacinus
2647 5492 2859 5545 Baliias
2888 5503 3065 5555 vocat,
3099 5490 3191 5560 qui
3234 5491 3357 5545 aliis
3401 5494 3499 5544 As-

1923 5563 2121 5616 sassiui
2177 5571 2230 5614 et
2279 5563 2461 5618 C/rasii
2541 5579 2848 5629 prouuscuc
2928 5563 3292 5631 appellantur.
3364 5561 3497 5619 γιιιυ

1922 5636 2172 5689 eumdem
2204 5648 2295 5688 an.
2330 5632 2464 5703 lleg.
2503 5633 2627 5689 495).
