4022 6270
251 350 325 416 521
810 394 811 397 γ
1449 347 1864 409 ALEXlADlS
1894 344 2039 405 LIB.
2087 343 2183 402 v1.
3322 296 3427 383 529.

260 464 416 514 Διελὼν
447 461 500 514 δὲ
532 461 625 514 καὶ
651 461 756 513 τῶν
793 457 936 513 ἰδίων
965 458 1258 527 ταγμάτων
1294 458 1494 528 ἄνδρας
1523 474 1757 526 τειχεσι-
1785 473 1802 516 Α

1906 456 1977 507 itu
2009 453 2072 506 ad
2110 448 2282 504 cladis
2328 444 2484 500 istius
2534 445 2793 497 ultionem
2840 439 3099 495 destinat.
3161 436 3340 507 Pergit
3377 438 3422 489 is

250 554 414 622 πλὴτας
450 552 545 606 καὶ
586 552 987 619 φιλοκινδύνως
1033 551 1166 602 ὡσεὶ
1216 550 1564 619 τριακοσίους
1618 547 1759 599 κατὰ

1906 552 2109 599 ctutum
2136 556 2231 610 per
2263 539 2633 593 continentem
2684 543 2737 588 et
2789 532 2986 603 Cyzico
3036 538 3196 598 capta
3249 528 3427 582 obiter

250 620 674 714 τοῦ-Ποιμανηνοῦ
701 644 815 712 (70)
846 641 1246 706 ἐξαπέστειλεν.
1273 642 1335 693 Οἳ
1369 641 1459 693 καὶ
1490 641 1548 705 ἐξ
1574 640 1763 708 ἐφόδου

1908 634 2231 701 razsitlioque
2284 630 2517 691 ﬁrmata,
2576 633 2848 681 trecentos
2904 620 3075 675 fortes
3135 626 3189 672 et
3253 631 3429 684 oppu-

248 736 368 788 τοῦτο
393 735 677 804 κατέσχον,
703 734 800 787 καὶ
828 736 954 795 τοὺς
987 734 1084 804 μὲν
1114 733 1222 784 τῶν
1264 734 1413 793 turb;
1447 731 1638 782 τοῦτου
1664 729 1764 780 αὐ-

1907 726 2100 781 nandis
2159 724 2379 778 arcibus
2438 720 2782 782 exercitatos,
2843 731 2871 770 a
2934 713 3152 768 caeteris
3204 711 3428 763 avulsos

250 825 322 877 τοῦ
363 841 455 876 που
506 825 795 887 κτείνουσι,
832 827 958 884 τοὺς
997 822 1052 873 δὲ
1086 823 1179 873 καὶ
1225 820 1467 888 ζωγρίαν
1504 819 1642 888 πρὸς
1676 819 1768 869 τὸν

1906 819 2067 886 opiis,
2129 823 2327 869 contra
2369 812 2761 867 Pmmanenum
2828 806 3021 861 misit:
3071 804 3164 874 qui
3215 812 3270 857 et
3322 801 3427 869 ipsi

252 912 385 969 Ὦπον
410 916 778 984 πεπόμφασιν.
830 915 888 965 Ὀ
922 914 976 965 δὲ
1016 912 1208 965 Θᾶττον
1237 913 1457 973 τούτους
1508 910 1641 979 πρὸς
1680 908 1771 959 τὸν

1912 915 2141 962 avarunt
2180 920 2395 976 operam
2421 912 2473 957 et
2503 902 2648 957 istud
2692 913 2914 969 quoque
2958 904 3203 950 castrum
3255 893 3429 962 prima

254 1006 435 1075 βασιλέα
465 1007 843 1074 ὲκπέπομφεν·
880 1005 1042 1067 αὐτὸς
1073 1005 1129 1056 δὲ
1163 1003 1372 1056 ἐκεῖθεν
1397 1004 1637 1071 ἀπάρας,
1673 1000 1771 1069 τὴν

1906 1016 1993 1071 psa
2033 999 2349 1054 incursione
2371 1002 2655 1063 ceperunt,
2690 993 2756 1046 iis
2778 992 2871 1059 qui
2923 989 3075 1042 intus
3125 992 3281 1039 erant
3310 996 3435 1051 par—

225 1114 231 1130 ·
259 1097 614 1151 ’Δπολλωνιάδα
637 1096 1071 1161 καταλαμϐάνει,
1097 1096 1192 1147 καὶ
1224 1094 1527 1162 πολιορκῶν
1568 1094 1773 1163 ταύτην

1906 1094 1972 1146 im
2012 1091 2235 1153 occisis,
2268 1088 2462 1157 partim
2504 1086 2557 1140 in
2601 1084 2914 1139 servitutem
2974 1077 3277 1145 subiugatis
3313 1077 3435 1141 jure

251 1188 327 1239 οὐκ
381 1187 627 1240 ἐνεδίδου.
671 1186 732 1238 '0
754 1186 809 1238 δὲ
850 1186 1112 1255 Ἐλχάνης
1144 1185 1467 1255 ἀποχρῶσαν
1499 1186 1593 1236 ἀπ’
1650 1162 1774 1253 ἄρτι

1906 1183 2024 1244 ιρίΙὶ,
2061 1196 2200 1251 quos
2246 1188 2299 1233 et
2351 1177 2417 1231 ad
2453 1178 2625 1245 Opum
2676 1174 2982 1236 miserunt;
3038 1169 3127 1223 ille
3151 1167 3331 1221 statim
3367 1162 3436 1216 ad

250 1277 354 1344 πρὸς
371 1276 524 1327 αὐτὸν
550 1273 624 1344 μὴ
648 1275 786 1343 ἔχων
808 1274 1056 1344 δύναμιν,
1075 1275 1174 1345 τὴν
1199 1276 1295 1345 μὲν
1321 1276 1472 1328 πόλιν
1493 1273 1775 1341 ἐθελοντὴς

1906 1279 2266 1341 mperatorcm
2306 1267 2519 1321 curavit
2579 1262 2882 1319 ducendos.
2937 1258 3077 1312 Hinc
3123 1259 3235 1327 jam
3288 1255 3438 1323 Opus

252 1365 598 1433 παραδίδωσιν,
637 1366 798 1428 αὐτὸς
820 1366 877 1419 δὲ
912 1367 1050 1434 μετὰ
1082 1366 1190 1418 τῶν
1235 1365 1354 1419 καθ’
1383 1360 1521 1434 αἷμα
1566 1381 1781 1433 προση-

1906 1372 2027 1417 πευῑο
2060 1362 2211 1417 ducit
2240 1361 2305 1415 ad
2330 1356 2741 1428 Apolloniadem
2798 1353 3087 1421 validaque
3152 1361 3440 1417 Oppugna-

250 1458 416 1509 κὸντων
444 1456 744 1525 αὐτομολεῖ
772 1456 909 1528 πρὸς
942 1457 1031 1510 τὸν
1051 1455 1275 1527 βασιλέα
1305 1456 1400 1509 καὶ
1425 1456 1630 1526 μυρίων
1681 1455 1780 1521 μὲν

249 1548 549 1600 ἐπαπολαύει
582 1546 801 1614 δωρεῶν
823 1562 837 1575 ·
872 1548 1127 1616 τυγχάνει
1157 1547 1211 1599 δὲ
1246 1545 1455 1599 καὶτοῦ
1499 1546 1778 1613 μεγίστου,

246 1639 320 1692 τοῦ
347 1640 493 1706 ἁγίου
522 1640 666 1707 φημὶ
709 1638 1057 1708 φωτίσματος
1086 1639 1154 1692 ".
1196 1638 1413 1691 Ὁπόσοι
1459 1639 1517 1691 δὲ
1558 1639 1784 1707 συνέψε-

246 1731 347 1783 σΘαι
373 1729 446 1800 τῷ
471 1731 624 1799 Ὠπῳ
656 1732 756 1783 οὐκ
800 1730 1011 1799 ἤθελον,
1058 1731 1087 1784 ὅ
1117 1746 1174 1782 τε
1206 1730 1529 1800 Σκαλιάριος
1559 1731 1603 1761 ’⁸
1635 1733 1728 1783 καὶ
1757 1732 1784 1783 ὁ

1883 1456 2030 1510 tione
2060 1455 2172 1509 cito
2208 1456 2479 1523 expressit
2513 1450 2803 1506 Helchanas
2836 1444 3240 1500 confessionem
3288 1439 3442 1493 infir-

1883 1546 2089 1601 mitatis
2149 1560 2284 1599 sum.
2337 1542 2387 1595 ls
2455 1540 2781 1595 necessitate
2832 1540 2885 1589 in
2940 1534 3229 1589 consilium
3283 1542 3443 1583 versa

1886 1640 2040 1695 urbis
2077 1638 2220 1692 ultro
2261 1643 2424 1704 atque
2456 1632 2601 1687 arcis
2629 1633 2758 1701 quin
2790 1630 2952 1684 etiam
2977 1638 3064 1682 ret
3092 1626 3180 1679 sui
3224 1636 3446 1694 quoque

1887 1732 2223 1786 deditionem
2271 1728 2443 1792 facit;
2494 1738 2621 1779 nam
2667 1720 3093 1794 consanguineis
3142 1731 3327 1772 secum
3358 1730 3445 1766 as-

241 1824 294 1876 ιν
352 1823 594 1893 ὑστέροις
652 1822 1206 1893 ’Υπερπερίλαμπρος
1261 1823 1533 1892 τιμηθείς.
1606 1822 1785 1891 Ἀρχι-

1906 1821 2125 1890 sumptis
2155 1819 2221 1873 ad
2261 1828 2443 1887 partes
2485 1816 2830 1886 imperatoris
2871 1812 3146 1865 transiens
3176 1810 3448 1864 Constan-

240 1915 499 1985 σατράπαι
523 1914 580 1966 δὲ
604 1916 647 1946 ⁸⁵
677 1908 824 1968 οὗτοι
853 1915 961 1967 τῶν
989 1915 1266 1984 ἐπιφανῶν
1297 1914 1556 1984 μαθόντες
1584 1913 1784 1984 [μεμα-

1884 1916 2170 1986 tinopolim
2203 1915 2271 1968 ad
2323 1928 2448 1967 eum
2479 1912 2647 1965 venit.
2686 1908 2906 1963 Nullum
2939 1907 2991 1961 in
3036 1920 3158 1960 eum
3203 1902 3447 1958 liberali-

238 2004 469 2076 θηκότες]
508 2005 605 2067 τὰς
645 2006 723 2065 είς
756 2004 848 2056 τὸν
915 2003 1181 2075 Ἑλχάνην
1227 2004 1629 2073 φιλοφροσύνας
1690 2003 1783 2054 καὶ

1911 2010 2014 2062 atis
2072 2022 2244 2077 genus
2303 2005 2489 2060 omisit
2538 2005 2849 2071 Augustus.
2917 2001 3183 2053 donm'um
3261 2005 3443 2049 tamen

235 2094 459 2163 δαψιλεῖς
484 2093 692 2163 δωρεὰς
718 2095 811 2146 τοῦ
846 2093 1267 2163 αὐτοκράτορος,
1323 2092 1788 2162 προσεληλυθότες

1906 2100 2129 2151 nnnium
2192 2098 2352 2164 longe
2407 2096 2699 2149 maximum
2755 2108 2913 2149 sacer
2964 2091 3270 2160 baptismus
3321 2090 3445 2154 fuit,

235 2188 318 2237 καὶ
342 2186 515 2250 αὐτοὶ,
539 2186 646 2238 τῶν
676 2184 887 2255 ὁμοίων
915 2185 961 2217 ³⁵
996 2184 1477 2254 ἐπιτυγχάνουσιν.
1512 2178 1623 2235 Ἦν
1680 2184 1788 2252 γὰρ

233 2279 259 2329 ὁ
300 2277 547 2346 βασιλεὺς
591 2271 743 2339 οὗτος
797 2276 1058 2347 ἄντικρυς
1092 2276 1533 2347 ίερατικὼτατος,
1566 2273 1659 2325 καὶ
1689 2275 1789 2343 τὴν

233 2370 430 2437 ἀρετὴν
460 2369 551 2421 καὶ
598 2369 689 2420 τὸν
723 2368 899 2434 λόγον,
940 2368 1014 2431 ὼς
1045 2369 1222 2419 εἰπεῖν
1256 2366 1540 2425 εὐσεϐείας
1574 2364 1791 2434 ἀπάσης

232 2461 539 2531 ἀρχιερεύς.
577 2458 1113 2522 Διδασκαλικώτατός
1152 2476 1211 2510 τε
1240 2457 1347 2526 γὰρ
1375 2454 1445 2527 ἦν
1469 2456 1564 2509 τοῦ
1600 2454 1796 2525 ἡμετέ-

230 2569 324 2621 ρου
353 2552 646 2619 δόγματος,
681 2551 774 2605 καὶ
805 2549 1167 2612 ἁποστολικὸς
1196 2547 1293 2620 τὴν
1352 2547 1671 2618 προαίρεσιν
1701 2546 1796 2598 καὶ

229 2642 319 2694 τὸν
345 2643 526 2710 λόγον,
561 2642 654 2695 καὶ
677 2640 810 2695 εἵσω
856 2642 953 2711 τῆς
986 2641 1263 2711 ἡμετέρας
1303 2640 1539 2701 πίστεως
1574 2638 1796 2706 ποιῆσαι

231 2732 577 2803 βουλόμενος,
615 2734 676 2785 οὐ
711 2734 869 2803 μόνον
905 2733 1030 2795 τοὺς
1069 2730 1323 2800 Νομάδας
1354 2730 1601 2782 τουτουσὶ
1659 2730 1799 2779 Σκύ-

233 2823 348 2887 θας,
376 2824 514 2877 ἀλλὰ
540 2824 634 2878 καὶ
664 2824 764 2895 τὴν
802 2824 1041 2894 Περσίδα
1084 2826 1288 2889 πᾶσαν,
1330 2823 1426 2875 καὶ
1475 2822 1661 2873 ὀπόσοι
1696 2820 1794 2889 τὴν

232 2912 515 2981 Αἴγυπτον
544 2914 639 2968 καὶ
666 2915 871 2986 Λιϐύην
915 2914 1170 2984 νέμονται
1229 2914 1523 2985 Βάρδαροι.
1554 2912 1648 2965 καὶ
1676 2914 1795 2973 ταῖς

236 3004 328 3056 τοῦ
368 3005 615 3074 Μωάμεθ
659 3006 904 3067 τελεταῖς
934 3003 1304 3074 ὀργιάζουσιν.

1891 2204 1922 2244 a
1957 2188 2201 2244 Barbaro
2257 2201 2548 2258 susceptus
2598 2190 2863 2244 suadente
2912 2190 3127 2245 Alexio.
3184 2191 3450 2261 Vulgantc

1890 2296 2014 2361 mox
2058 2278 2202 2333 fama
2256 2294 2420 2349 quam
2477 2279 2765 2349 splendide
2819 2297 3097 2352 quamque
3156 2283 3453 2339 honorifice

1892 2365 2369 2434 Constantinopoli
2425 2364 2726 2422 llelchanes
2779 2369 3092 2439 haberetur,
3132 2373 3240 2428 duo
3267 2375 3455 2429 archi-

1893 2464 2225 2526 satrapae’ex
2253 2457 2557 2513 illustribus
2602 2459 2745 2513 inter
2778 2459 3009 2529 Turcos,
3052 2478 3193 2533 quos
3246 2463 3457 2521 frustra

1894 2550 2152 2602 invitarat
2178 2548 2328 2619 Opus
2355 2556 2416 2604 ut
2442 2551 2520 2606 ire
2552 2552 2655 2621 ipsi
2689 2568 2910 2624 quoque
2956 2555 3022 2609 ad
3075 2556 3308 2627 Augusti
3364 2574 3461 2613 co-

1894 2640 2145 2693 mitatum
2200 2640 2424 2706 vellent,
2503 2642 2801 2697 voluntarii
2865 2644 3092 2701 adfuere
3147 2649 3463 2720 similiaque

1893 2729 2199 2786 consecuti.
2228 2730 2435 2787 Nomen
2463 2734 2580 2799 uni,
2609 2734 2948 2801 Scaliarius;
2979 2739 3120 2794 alter
3144 2740 3191 2795 is
3231 2740 3333 2794 fuit
3365 2744 3461 2811 qui

1901 2820 2099 2875 deinde
2132 2821 2642 2892 hyperperilampri,
2680 2827 2839 2894 quasi
2864 2826 3100 2893 diceres,
3154 2832 3466 2900 supercele—

1902 2912 2128 2966 berrimi
2160 2914 2319 2967 titulo
2347 2915 2736 2971 eohonestatus
2762 2925 2863 2972 est.
2894 2917 3019 2972 Fuit
3076 2921 3163 2975 hic
3223 2921 3467 2991 impera-

1903 3013 1988 3057 tur
2019 3018 2099 3059 sne
2122 3004 2348 3060 affectus
2382 3006 2583 3072 animo,
2618 3016 2677 3061 ut
2723 3008 2856 3062 nihil
2904 3011 3091 3065 mallet
3125 3027 3288 3080 quam
3340 3015 3471 3068 reli--

243 3100 456 3167 gionem
488 3114 788 3169 propagare
819 3098 1214 3163 Christianam,
1248 3098 1331 3151 vir
1356 3104 1410 3151 et
1440 3096 1664 3152 virtutis
1733 3111 1832 3150 usu
1878 3109 1942 3150 ac
1994 3086 2183 3162 'cultu,
2241 3107 2295 3152 et
2355 3100 2710 3155 meditatione
2767 3117 2835 3156 ac
2888 3103 3256 3171 exquisitione
3299 3121 3469 3161 sacrm

241 3188 680 3256 doctrin2,ultra
706 3190 926 3243 modum
946 3199 1275 3260 captumque
1294 3188 1415 3241 vita:
1434 3188 1606 3250 laicae,
1632 3200 1805 3254 usque
1843 3184 1909 3237 ad
1940 3186 2343 3241 aemulationem
2397 3188 2789 3257 episeopalinm
2834 3204 3114 3257 curarum,
3190 3203 3243 3247 et
3302 3196 3469 3250 studii

242 3281 541 3351 Apostolici
604 3296 954 3352 prOgressus.
1040 3281 1490 3350 promptissimus
1562 3280 1629 3333 ad
1670 3278 1978 3333 docendum
2038 3292 2135 3347 per
2186 3292 2247 3332 se
2302 3278 2421 3348 ipse
2474 3281 3041 3352 promulgandumque
3106 3284 3300 3355 dogma
3368 3304 3473 3343 no-

243 3382 440 3438 strum,
478 3385 591 3430 tum
627 3377 759 3429 nulli
793 3376 859 3429 ad
908 3374 961 3426 id
992 3372 1258 3442 sumptui,
1303 3372 1437 3427 nulli
1486 3372 1661 3425 labori
1702 3378 1886 3425 certus
1937 3383 2161 3438 parcere
2190 3386 2203 3422 :
2231 3371 2322 3438 qui
2349 3369 2483 3425 nihil
2531 3371 2633 3426 sibi
2677 3372 2929 3441 amplius,
2962 3376 3096 3430 nihil
3124 3380 3475 3449 expetibilius

242 3472 503 3539 lingeret,
549 3487 713 3541 quant
746 3472 790 3525 si
822 3487 932 3539 quo
982 3470 1142 3524 modo
1202 3477 1388 3538 posset
1429 3467 1717 3536 consequi,
1760 3472 1837 3529 ut,
1871 3480 1979 3520 non
2026 3465 2187 3521 modo
2236 3465 2326 3521 isti
2362 3464 2633 3524 Nomades
2677 3470 2919 3543 Scythae,
2954 3474 3049 3528 sed
3096 3475 3253 3546 182
3285 3477 3472 3533 Persis

242 3579 459 3634 quoque
510 3569 763 3619 universa
802 3572 1007 3633 quanta
1036 3570 1155 3627 est,
1189 3573 1243 3616 et
1272 3570 1543 3631 quotquot
1603 3559 1895 3630 IEgyptum
1941 3557 2291 3630 Africamque
2332 3560 2578 3615 incolunt
2606 3562 2833 3619 Barbari
2865 3567 3109 3634 profanis
3148 3568 3474 3634 Moametbis

245 3652 445 3709 initiati
480 3658 670 3725 orgiis,
708 3656 775 3709 a1
812 3670 998 3709 sacros
1029 3662 1248 3708 nostros
1288 3656 1446 3718 ritus,
1487 3655 1666 3723 patria
1695 3654 1937 3721 ipsorum
1977 3652 2237 3707 damnata
2270 3654 2682 3723 superstitione,
2719 3670 2777 3710 se
2811 3658 3190 3714 transferrent.

326 3748 488 3800 Ἀλλὰ
533 3747 662 3816 περὶ
703 3746 802 3814 μὲν
825 3744 1030 3797 τούτων
1060 3746 1201 3807 ἃλις.
1222 3743 1530 3812 Βουλομένη
1556 3742 1612 3795 δὲ
1642 3742 1802 3793 δεινο-

1984 3738 2089 3793 Sed
2131 3740 2197 3793 de
2236 3742 2319 3794 his
2343 3742 2561 3808 quidem
2612 3744 2767 3798 satis.
2813 3744 2953 3797 Hinc
2983 3746 3096 3813 jam
3129 3762 3271 3803 novo
3307 3751 3471 3805 initio

244 3836 410 3906 τέραν
438 3837 529 3889 καὶ
563 3835 785 3905 μείζονα
816 3835 913 3900 τῆς
962 3832 1343 3903 προλαϐούσης
1402 3834 1541 3885 κατὰ
1574 3832 1671 3900 τῆς
1701 3830 1810 3882 τῶν

257 3927 552 3997 Ῥωμαίων
609 3926 783 3996 ἀρχῆς
838 3925 1025 3993 ἔφοδον
1071 3923 1457 3994 διηγήσασθαι,
1509 3924 1588 3984 είς
1640 3921 1813 3989 ἀρχὴν

246 4014 406 4081 αὖθις
430 4018 672 4071 καθιστῶ
700 4018 791 4069 τὸν
813 4016 989 4084 λόγον·
1011 4014 1145 4069 ἄλλα
1177 4018 1285 4085 γὰρ
1306 4013 1393 4066 ἐπ’
1421 4012 1603 4074 ἄλλοις
1630 4012 1815 4065 διεκυ-

255 4110 562 4179 μάνθησαν.
601 4109 761 4169 Γένος
794 4126 845 4160 τι
873 4108 1134 4161 Σκυθικὸν
1158 4106 1269 4176 (Ἠ)
1299 4104 1448 4173 παρά
1473 4103 1581 4155 τῶν
1612 4104 1820 4171 Σαυρο-

258 4200 447 4266 ματῶν
489 4201 614 4253 καθ’
647 4199 886 4267 ἑκάστην
928 4198 1311 4267 σκυλευόμενοι
1356 4196 1666 4264 ἀπάραντες
1709 4194 1816 4246 τῶν

252 4290 393 4343 οἴκοι
414 4291 684 4360 κατῆλθον
704 4289 838 4354 πρὸς
866 4289 955 4343 τὸν
982 4289 1266 4341 Δάνουόιν.
1306 4286 1395 4348 Ὠς
1418 4286 1472 4338 δὲ
1493 4286 1628 4354 πρὸς
1650 4285 1817 4348 ἀνάγ·

256 4396 360 4450 κης
412 4379 481 4452 ἦν
528 4385 710 4445 αὐτοῖς
736 4382 873 4452 μετὰ
896 4382 1002 4434 τῶν
1026 4381 1165 4433 κατὰ
1195 4378 1285 4430 τὸν
1319 4379 1573 4431 Δάνουδιν
1605 4377 1817 4430 οίκούν-

259 4490 367 4525 των
405 4476 757 4538 σπείσασθαι,
791 4475 983 4527 τούτου
1019 4473 1369 4538 συνδόξαντος
1402 4474 1569 4525 πᾶσιν
1591 4476 1670 4534 είς
1696 4474 1817 4541 ὁμι-

262 4561 382 4618 λίαν
403 4564 565 4638 ἦλθον
601 4567 740 4638 μετὰ
768 4566 877 4620 τῶν
929 4565 1224 4636 ἐκκρίτων,
1254 4563 1347 4617 τοῦ
1381 4581 1440 4617 τε
1477 4564 1654 4618 Τοιτοῦ
1680 4562 1818 4634 (72),

1912 3830 2255 3898 accingenda
2309 3828 2550 3885 Historia
2584 3842 2671 3886 est
2704 3834 2769 3887 ad
2803 3838 3178 3892 narrationem
3214 3839 3478 3898 formido-

1912 3923 2134 3975 losioris
2170 3923 2356 3991 priore
2401 3922 2551 3978 belli.
2585 3924 2760 3995 Major
2808 3941 2993 3981 rerum
3027 3932 3473 3988 turhulentarum

1914 4012 2048 4067 mihi
2080 4012 2254 4068 moles
2298 4015 2547 4069 nascitur
2582 4032 2596 4070 :
2627 4024 2680 4071 et
2718 4016 2773 4071 in
2820 4018 2961 4073 alios
3005 4035 3072 4074 ex
3127 4022 3249 4079 aliis
3297 4028 3476 4079 oratio

1916 4116 2032 4156 mea
2069 4102 2230 4157 simul
2268 4118 2395 4158 cum
2448 4106 2736 4176 republica
2794 4107 2992 4165 fluctus
3034 4112 3293 4167 trahitur.
3332 4113 3479 4170 Gens

1924 4196 2167 4263 quaedam
2184 4194 2439 4266 Scythica
2456 4212 2627 4266 genus
2660 4200 2869 4257 ducens
2904 4217 2933 4254 a
2962 4201 3324 4273 Sauromatis,
3355 4222 3481 4277 pro-

1926 4285 2060 4353 priis
2092 4285 2314 4340 sedibus
2343 4288 2549 4342 relictis
2574 4289 2636 4343 ad
2669 4289 2976 4345 Danubium
3006 4294 3305 4349 descendit.
3335 4296 3481 4363 Quo-

1926 4377 2071 4429 niam
2124 4391 2254 4430 vero
2313 4379 2684 4433 necessarium
2737 4381 2871 4450 ipsis
2929 4391 3048 4438 erat
3103 4388 3397 4443 convenire
3428 4390 3480 4443 in

1926 4476 2108 4520 certas
2159 4466 2508 4523 conditiones
2576 4471 2729 4538 pacis
2791 4486 2914 4525 cum
2972 4475 3174 4531 accolis
3228 4476 3482 4545 Danubii,

1920 4556 2218 4611 mittuntur
2261 4559 2535 4630 utrimque
2560 4562 2653 4631 qui
2693 4564 3063 4619 communiter
3108 4570 3482 4632 consulerent,

264 4658 361 4711 καὶ
387 4661 537 4729 Χαλῆ
594 4658 1025 4729 ὀνομαζομένου,
1067 4657 1163 4709 καὶ
1217 4654 1311 4708 τοῦ
1355 4654 1681 4716 Σεσθλάσου,
1731 4658 1802 4707 κα

1921 4663 1988 4702 ex
2017 4649 2181 4705 novis
2207 4651 2428 4720 quidem
2466 4652 2680 4708 colonis
2712 4655 2969 4725 praecipui
2995 4659 3222 4741 quique,
3262 4676 3325 4713 ex
3361 4661 3485 4716 aliis

265 4745 361 4798 τοῦ
393 4749 570 4812 Σατζᾶ
605 4748 648 4779 ³⁸
687 4747 817 4818 (χρὴ
850 4747 960 4816 γὰρ
990 4745 1083 4800 καὶ
1113 4746 1214 4815 τῆς
1244 4743 1560 4814 ἐπωνυμίας
1611 4745 1802 4814 μεμνῆι

1923 4741 2112 4807 Tatus,
2148 4749 2201 4798 et
2226 4743 2320 4813 qui
2357 4742 2529 4798 Chale
2585 4745 2937 4812 nominatur,
2962 4757 3018 4803 et
3083 4750 3406 4807 Sesthlabus
3433 4762 3486 4805 et

268 4836 391 4891 σθαι
418 4838 525 4893 τῶν
578 4838 700 4894 κατ’
756 4837 957 4900 αὐτοὺς
988 4836 1226 4907 ἀρίστων
1268 4834 1499 4906 ἀνδρῶν,
1552 4836 1718 4888 εἰκαὶ
1761 4835 1823 4888 τὸ

1930 4831 2093 4888 Satza
2126 4833 2277 4904 (nam
2305 4844 2362 4890 et
2407 4836 2652 4892 virorum
2692 4838 2837 4893 inter
2880 4840 2981 4893 hos
3022 4839 3296 4899 Barbaros
3361 4842 3487 4897 illn-

1307 4967 1504 5028 Variaa
1544 4966 1848 5029 lectiones
1884 4987 1962 5031 ex
2016 4972 2153 5032 eod.
2195 4970 2459 5033 Coislin.

342 5073 387 5105 ³⁷
412 5074 807 5147 βαπτίσματος.
884 5074 931 5106 ³⁸
965 5068 1294 5141 Σκαλιάρτις·

1371 5070 1416 5102 “
1470 5069 1528 5122 δὲ
1579 5070 1696 5123 καί.
1772 5072 1816 5102 ³ο
1849 5072 2229 5141 ίμειρομένων.
2307 5074 2351 5104 ³¹
2386 5072 2609 5137 Σατζοῦ.

1325 5187 1466 5248 Car.
1510 5186 1840 5248 Dufresnii
1870 5188 1964 5247 Du
1993 5186 2212 5264 Cangii
2246 5194 2438 5248 noue.

343 5314 451 5381 (70)
484 5308 889 5383 Ποιμανηνοῦ.
916 5304 1836 5383 Urbs_V_i_llhardu_int_).Pumenienor
1865 5310 1913 5367 ι)
1939 5316 1993 5383 et
2026 5307 2308 5383 Scylitses,
2338 5323 2460 5383 pag.
2493 5308 2615 5383 ηδ.
2654 5308 2725 5383 D_e
2757 5308 2825 5361 iis
2866 5310 3034 5383 multa
3072 5311 3272 5383 passim
3326 5310 3486 5365 hauet

276 5372 603 5452 nuncupata:
630 5387 684 5436 in
713 5372 1000 5450 provincia
1038 5377 1392 5447 Hellesponti.
1429 5372 1644 5430 Notitiae
1675 5388 1818 5429 vete-

276 5463 361 5503 res
391 5455 605 5519 passim.

345 5516 450 5592 (7|)
480 5524 664 5588 Γένος
695 5520 1009 5592 Σκυθικόν.
1040 5516 1448 5592 Patzinacarum
1479 5518 1673 5592 bellum
1696 5528 1821 5566 cum

278 5585 460 5646 Alexio
489 5585 671 5647 narrat
700 5594 862 5643 etiam
894 5587 1159 5642 Zonaras.
1189 5588 1327 5641 Sunt
1357 5603 1486 5641 vero
1516 5585 1819 5639 Patzinacze

281 5675 408 5728 gens
450 5663 719 5734 Scythica,
753 5669 812 5711 ut
859 5662 999 5713 idem
1041 5667 1271 5712 testatur
1299 5657 1351 5710 in
1385 5658 1588 5712 lsaacio
1620 5655 1816 5710 Count.

583 5761 855 5819 Ρηιιοι..
895 5758 1012 5816 Gn.
1046 5752 1301 5816 CXXXI.

1938 5377 2355 5451 Constantinus.
2383 5378 2456 5429 De
2492 5378 2636 5429 adm.
2672 5377 2802 5442 imp.
2832 5391 2954 5445 cap.
2988 5381 3035 5441 l,
3071 5379 3127 5442 2,
3154 5378 3208 5443 '5,
3237 5378 3268 5431 4
3294 5390 3348 5433 et
3372 5397 3487 5451 seq.

1926 5446 2114 5586 $577.5)
2162 5515 2367 5568 Τιὶτυυ.
2411 5514 2554 5577 Tati,
2602 5529 2697 5569 seu
2734 5515 3349 5586 Tatairl’atzinacarum
3385 5521 3490 5574 du-

1927 5588 2014 5707 f'is
2083 5588 2329 5640 meminit
2393 5599 2656 5658 praeterea
2710 5587 2851 5641 idem
2906 5585 3149 5644 Zonaras
3205 5589 3260 5642 ιιι
3321 5588 3485 5647 Mich.

1955 5672 2093 5707 ‘llf‘il.

1952 5662 2093 5710 ’ura.

2993 5749 3056 5811 17
