4022 6270
315 351 406 415 5'25
1561 343 1973 406 ALEXIADIS
2015 344 2160 405 LIB.
2205 345 2304 406 VI.

3438 348 3539 412 F26

315 477 539 533 ncrctnr,
575 467 814 538 perculsi
871 467 1128 522 nimirum
1162 482 1351 523 omnes
1385 474 1604 536 aspectu
1649 473 1796 527 sunt,
1821 471 1875 517 et
1914 461 2059 516 fmd-o
2090 463 2264 518 cladis
2330 463 2561 534 augurio
2603 465 2941 519 conturbati.
2989 465 3285 536 Congressi
3357 477 3538 522 tamen

312 576 418 614 cum
473 561 718 633 Scythis,
769 564 924 619 multi
959 562 1181 633 quidem
1215 563 1267 614 in
1302 575 1477 629 pugna
1564 559 1689 612 caesi
1771 565 1936 620 sunt;
1976 555 2093 624 ipse
2127 565 2310 611 autem
2349 555 2558 612 Branas
2609 557 2794 613 lcthali
2823 558 3049 614 vulnere
3085 561 3312 616 cecidit.
3339 563 3409 616 At
3447 565 3544 616 do-

313 650 566 704 mesticus
609 650 914 705 fortissime
947 650 1239 714 dimicans,
1295 649 1601 717 saepiusque
1630 645 1862 699 collecto
1907 646 2114 714 impetu
2149 646 2387 703 infestus
2412 649 2668 718 equitans
2704 649 2758 703 in
2802 650 3064 707 cohortes
3139 652 3390 719 hostiles,
3452 659 3542 710 de-

318 743 468 810 nique
502 745 571 797 ad
618 743 803 811 fagum
872 758 1038 797 cursu
1113 741 1401 798 offendens
1443 741 1792 795 examinatus
1841 744 1944 790 est.
1988 736 2253 808 Reliquus
2292 741 2568 795 exercitus
2600 757 2710 812 quo
2764 757 3036 813 quemque
3065 759 3189 800 sors
3227 747 3356 801 tulit
3397 749 3546 800 varie

323 831 587 901 dispersus
615 835 1028 906 dissipatusque
1057 845 1160 891 est.

293 911 313 1007 θ
385 926 548 978 Ταῦτ’
582 927 676 979 οὖν
707 929 1045 998 μεμαθηκὼς
1072 930 1099 981 ὁ
1126 927 1484 998 αὐτοκράτωρ
1513 928 1727 981 ἐπένθει
1769 925 1868 994 μὲν

2044 921 2273 976 Gravetu
2309 923 2514 977 luctum
2567 925 2687 993 ejus
2736 925 2908 980 cladis
2950 929 3177 983 nuntius
3227 928 3542 1000 imperatori

312 1021 424 1082 τοὺς
456 1021 819 1082 πεπτωκότας
846 1019 1116 1084 ἅπαντας,
1160 1022 1288 1091 ἰδίᾳ,
1323 1022 1418 1074 καὶ
1447 1018 1572 1072 καθ’
1611 1019 1864 1078 ἕκαστον,

295 1091 576 1178 "111641.05.
624 1111 747 1163 Ἐπὶ
790 1111 845 1162 δὲ
879 1113 956 1178 τῷ
994 1111 1085 1164 τοῦ
1138 1111 1457 1178 δομεστίκου
1503 1109 1739 1177 θανάτῳ,
1775 1109 1869 1161 καὶ

309 1203 441 1271 μάλα
477 1203 521 1233 ³⁸
563 1202 863 1265 στενάζων,
886 1205 1149 1273 κρουνοὺς
1173 1204 1323 1272 ἠφίει
1359 1204 1631 1274 δακρύων.
1665 1202 1868 1268 Ἐφῑλει

303 1297 403 1363 γὰρ
458 1294 663 1362 ἐξόχως
717 1293 809 1346 τὸν
841 1294 1032 1363 ἄνδρα,
1066 1298 1156 1347 καὶ
1189 1295 1293 1363 πρὸ
1345 1295 1445 1364 τῆς
1487 1294 1866 1364 ἀναρρήσεως.

310 1388 377 1439 Οὐ
432 1387 620 1454 μέντοι
693 1385 782 1438 διὰ
837 1386 1008 1437 ταῦτα
1062 1387 1477 1448 ἁναπέπτωκεν,
1521 1386 1655 1438 ἀλλὰ
1705 1403 1870 1454 μετα-

306 1478 660 1547 πεμψάμενος
686 1479 777 1529 τὸν
805 1478 1094 1531 Ταττὶκιον
1121 1479 1187 1543 ³⁵,
1234 1484 1370 1548 μετὰ
1405 1477 1706 1549 χρημάτων
1747 1478 1865 1529 ἱκα-

303 1570 404 1622 νῶν
453 1571 731 1638 ἐκπέμπει
793 1569 928 1640 πρὸς
996 1569 1462 1640 Ἀδριανούπολιν,
1518 1571 1607 1638 ἐφ’
1663 1564 1706 1636 ᾦ
1756 1569 1869 1630 τοῖς

310 1661 403 1730 μὲν
459 1661 823 1731 στρατιώταις
870 1661 998 1724 τοὺς
1039 1663 1319 1724 ἐπετείους
1366 1662 1570 1714 διδόναι
1620 1661 1864 1731 μισθοὺς,

309 1752 583 1818 συλλέγειν
625 1751 683 1804 δὲ
718 1751 1064 1821 ἁπανταχόσε
1107 1751 1390 1820 δυνάμεις,
1429 1751 1515 1804 ἵνα
1550 1752 1867 1820 στράτευμα

312 1845 599 1914 ἀξιόμαχον
628 1844 786 1907 αὖθις
819 1847 1178 1916 συστήσηται.
1213 1846 1317 1898 Τδν
1348 1847 1401 1898 δὲ
1436 1845 1866 1914 υύμπερτόπου-

314 1938 393 1990 λον
440 1941 518 2000 εἰς
560 1936 798 2000 Κύζικον
843 1938 1087 2007 φρουράν
1130 1938 1425 2008 ἀξιόμαχον
1469 1937 1862 1997 καταλιπόντα.

319 2030 444 2096 μετὰ
479 2029 634 2096 μόνον
685 2029 794 2082 τῶν
836 2030 1079 2094 Κελτῶν,
1115 2031 1194 2092 εἰς
1231 2031 1320 2082 τὸν
1351 2030 1705 2082 Ταττῐκιον⁸⁰
1736 2047 1867 2098 γορ-

321 2118 421 2186 γῶς
448 2119 742 2186 ἐφθακέναι
769 2120 1228 2191 παρεκελεύσατο.
1263 2116 1432 2183 Οὗτος
1456 2120 1511 2172 δὲ
1537 2123 1665 2182 τοὺς
1702 2121 1868 2178 Λατίο

322 2227 436 2275 νιος
489 2213 582 2265 καὶ
656 2214 745 2265 τὸν
806 2214 1300 2284 υύμπερτόπουλον
1369 2214 1722 2282 θεασάμενος,
1777 2217 1869 2264 καὶ

322 2302 662 2372 τεθαρρηκὼς
717 2303 860 2372 (ἐπεὶ
893 2281 1016 2356 γκαὶγ
1059 2304 1247 2356 ἱκανὸν
1297 2281 1636 2375 προεφθάκει
1688 2302 1876 2356 συλλέ-
1913 2281 1948 2334 ⁸⁸

324 2393 503 2457 ξαςθαι
547 2395 888 2465 στράτευμα)
934 2397 1170 2450 κατευθὺ
1203 2395 1426 2449 Σκυθῶν
1475 2395 1725 2466 ἐχώρησε
1772 2413 1878 2449 πα-

323 2487 594 2556 ραχρῆμα,
616 2485 954 2540 Καταλαὸὼν
987 2487 1043 2539 δὲ
1076 2489 1141 2539 τὰ
1170 2490 1298 2558 περὶ
1329 2488 1424 2558 τὴν
1449 2487 1878 2540 Φιλιππούπολιν

324 2579 461 2646 παρὰ
505 2578 580 2646 τῷ
627 2579 796 2647 χείλει
850 2579 892 2610 ⁸⁸
934 2578 1029 2632 τοῦ
1081 2581 1225 2633 κατὰ
1277 2580 1369 2631 τὸν
1431 2580 1656 2632 Σαλίνον
1687 2580 1730 2611 ⁸⁸
1764 2580 1878 2650 (76)

328 2673 526 2738 ῥέοντος
559 2671 826 2739 ποταμοῦ,
860 2674 1082 2743 χάρακα
1125 2675 1421 2744 πήγνυται.
1463 2675 1632 2728 Ἐπὰν
1662 2675 1716 2726 δὲ
1748 2676 1873 2737 τοὺς

326 2760 522 2822 Σκύθας
589 2762 653 2814 ἐκ
714 2762 996 2831 προνομῆς
1052 2763 1525 2834 ὲπανερχομένους
1587 2763 1873 2828 ἐθεάσατο,

328 2851 466 2903 λείαν
517 2854 718 2922 πολλὴν
782 2856 878 2907 καὶ
949 2853 1325 2923 δορυαλώτους
1397 2857 1876 2926 συνεπαγομένους

328 2947 480 3010 μήπω
505 2946 690 3014 σχεδὸν
722 2948 821 3008 τὰς
862 2947 1064 3009 σκευὰς
1107 2946 1238 3000 εῐσω
1271 2947 1363 3000 τοῦ
1412 2947 1653 3018 χάρακος
1704 2966 1876 3001 καταο

325 3035 532 3098 θέμενος
582 3037 802 3098 ἱκανοὺς
853 3038 1268 3108 ἀποτεμόμενος
1299 3039 1418 3092 κατ’
1461 3039 1640 3094 αὐτῶν
1671 3041 1880 3109 ἐκπέμ-

324 3139 426 3175 πει.
455 3124 621 3188 Αὐτὸς
650 3125 708 3178 δὲ
738 3127 1124 3196 ὁπλισάμενος,
1153 3130 1245 3181 καὶ
1277 3130 1486 3192 πάντας
1517 3130 1873 3200 θωρήξασθαι

323 3214 589 3279 κελεύσας,
621 3217 721 3280 τάς
756 3219 1044 3288 φάλαγγας
1083 3222 1569 3291 καταστησάμενος
1600 3224 1712 3283 τοῖς
1745 3238 1876 3290 προ-

323 3308 603 3375 πεμφθεῖσι
656 3310 961 3379 παρεέπετο
1011 3310 1396 3379 στρατιώταις.
1427 3311 1778 3378 Θεασάμενος
1818 3312 1874 3364 δὲ

322 3399 440 3454 τοὺς
466 3397 676 3462 Σκύθας
718 3403 858 3470 μετὰ
890 3401 997 3454 τῶν
1039 3402 1304 3471 λαφύρων
1351 3403 1446 3455 καὶ
1493 3402 1874 3472 δορυαλώτων,

324 3489 397 3554 τῷ
431 3492 692 3562 ἐπιλοίπῳ
739 3491 1114 3562 στρατεύματι
1161 3493 1273 3546 τῶν
1316 3493 1538 3546 Σκυθῶν
1579 3494 1878 3558 ἑνωθέντας

1979 1014 2180 1076 attulit,
2207 1031 2351 1068 nunc
2379 1018 2743 1070 communiter
2769 1018 3056 1074 universos
3088 1021 3176 1090 qui
3213 1022 3544 1086 ceciderant,

1979 1122 2124 1160 nunc
2157 1108 2437 1175 sigillatim
2473 1125 2916 1178 unumquemque
2949 1113 3307 1180 lamentanti;
3347 1119 3543 1170 acriori

1979 1205 2158 1250 tamen
2194 1198 2344 1250 illum
2389 1198 2578 1252 urebat
2605 1198 2809 1255 doloris
2837 1216 3000 1256 sensu
3036 1217 3182 1257 mors
3221 1205 3399 1274 magni
3439 1203 3548 1258 Do-

1979 1285 2190 1341 mestici
2229 1302 2387 1354 quem
2418 1297 2469 1341 et
2501 1289 2773 1359 praecipue
2818 1292 3035 1358 amabat
3073 1300 3126 1347 et
3154 1294 3381 1358 dudum,
3433 1295 3545 1364 jam

1981 1389 2090 1431 tum
2117 1395 2180 1432 ex
2213 1394 2276 1432 eo
2309 1379 2517 1435 scilicet
2547 1397 2656 1450 quo
2704 1390 2830 1437 ante
2865 1395 3150 1453 susceptas
3201 1387 3416 1453 imperii
3452 1389 3550 1440 ha-

1977 1472 2146 1528 benas
2208 1474 2303 1528 viri
2367 1477 2486 1545 ejus
2541 1477 2768 1532 virtutes
2830 1482 3226 1536 consuetudine
3283 1482 3546 1537 familiari

1980 1564 2184 1619 militiae
2221 1575 2273 1618 et
2302 1566 2423 1620 vitae
2457 1568 2634 1623 civilis
2682 1584 2782 1623 usu
2834 1584 3205 1640 perspexerat.
3252 1573 3393 1645 Ergo
3438 1591 3547 1629 non

1977 1671 2033 1709 se
2058 1655 2328 1710 continuit
2356 1658 2486 1726 quin
2513 1658 2579 1711 ad
2600 1659 2726 1713 talis
2753 1661 2914 1714 amici
2933 1662 3202 1730 jacturatn
3236 1675 3288 1718 et
3315 1667 3548 1734 suspiria

1977 1747 2175 1801 eximo
2208 1748 2436 1804 duceret
2488 1762 2729 1820 pectore,
2787 1763 2841 1808 et
2893 1754 3038 1808 rivos
3076 1756 3442 1826 lacrymarutn
3483 1776 3548 1814 ex

1979 1839 2154 1894 oculis
2217 1840 2488 1896 f'un'deret.
2524 1843 2634 1897 Nec
2681 1854 2858 1898 tamen
2910 1847 3093 1900 animo
3142 1850 3400 1914 concidit,
3455 1862 3549 1906 aut

1981 1930 2033 1982 in
2066 1929 2172 1984 isto
2220 1931 2486 1987 dedecore
2512 1948 2574 1988 ac
2603 1935 2843 2004 periculo
2898 1938 2977 1991 rei
3031 1939 3287 1994 Romana:
3341 1944 3551 2012 ignavis

1979 2017 2196 2089 defungi
2228 2021 2512 2088 questibus
2541 2025 2677 2077 satis
2715 2025 2926 2088 habuit.
2967 2043 3156 2082 verum
3217 2035 3548 2087 accersitum

1978 2099 2254 2165 curriculo
2284 2111 2552 2168 Taticium
2581 2132 2706 2170 cum
2741 2121 2973 2187 pecunia
3000 2122 3170 2176 multa
3202 2123 3549 2190 Adrianopo-

1979 2204 2076 2257 lim
2109 2206 2281 2272 misit,
2317 2221 2496 2261 annua
2539 2209 2649 2263 illic
2681 2212 2953 2280 stipendia
2991 2224 3406 2272 numeraturum
3438 2219 3550 2292 jam

1983 2297 2312 2366 conscriptis
2360 2299 2653 2367 militibus,
2682 2317 2966 2374 novosque
3018 2317 3281 2376 prmterea
3343 2311 3550 2364 circqu

1985 2386 2222 2456 umlique
2248 2387 2492 2443 delectus
2526 2391 2840 2446 habiturum
2886 2397 3065 2463 quoad
3101 2397 3374 2453 conﬂatus
3405 2410 3555 2454 esset

1983 2479 2258 2534 exercitus
2286 2479 2406 2549 ejus
2439 2481 2716 2540 firmitatis
2750 2500 2812 2539 ac
2844 2489 3057 2544 roboris
3092 2498 3150 2543 ut
3176 2501 3294 2545 tuto
3331 2491 3553 2562 Scythis

1982 2569 2179 2638 opponi
2207 2579 2406 2639 posset.
2463 2570 2635 2627 Jussit
2663 2575 2826 2628 etiam
2864 2573 3334 2648 Umpertopulum,
3369 2584 3556 2650 praesi-

1982 2661 2096 2723 dLo,
2132 2670 2395 2731 quantum
2441 2665 2730 2731 sufﬁceret,
2779 2667 2965 2738 Cyzici
3015 2670 3227 2735 relicto,
3273 2686 3394 2724 cum
3423 2675 3553 2729 solis

1982 2753 2152 2810 Gallis
2201 2756 2269 2809 ad
2325 2755 2601 2810 Taticium
2639 2768 2861 2813 strenue
2913 2774 3181 2830 pergere:
3215 2761 3312 2832 qui
3349 2765 3554 2832 paratis

1979 2847 2089 2916 jam
2122 2847 2334 2904 idoneis
2366 2851 2540 2919 copiis
2584 2850 2966 2922 Utnpertopuli
3017 2854 3410 2927 Gallorumque
3458 2858 3554 2912 ad-

1983 2949 2146 2993 ventu
2179 2950 2510 3013 aspectuque
2562 2959 2670 2998 non
2730 2961 2920 3014 parum
2982 2946 3361 3014 conﬁrmatus,
3408 2951 3554 3005 nulla

1979 3026 2091 3095 jatn
2124 3031 2357 3098 amplius
2396 3031 2766 3099 expeditionis
2800 3037 3154 3104 capessendae
3210 3053 3358 3092 mora
3413 3037 3556 3094 facta

1983 3120 2137 3190 signa
2171 3120 2367 3176 infesta
2401 3123 2456 3177 in
2500 3122 2733 3195 Scythas
2768 3136 2972 3181 movet.
3033 3129 3106 3181 Eo
3157 3129 3354 3185 itinere
3409 3131 3556 3184 circa

1984 3209 2401 3279 Philippopolim
2438 3213 2711 3280 perlatus,
2757 3213 2887 3266 dum
2923 3223 3107 3268 castra
3155 3217 3333 3268 munit
3389 3231 3556 3285 prope

1987 3301 2129 3367 ripas
2161 3299 2400 3356 iiutuinis
2423 3301 2642 3357 ﬂuentis
2670 3303 2916 3357 Salinum
2954 3321 3170 3368 versus,
3194 3307 3341 3363 videt
3371 3323 3554 3380 rever-

1986 3399 2162 3444 tentes
2187 3408 2216 3445 e
2241 3392 2578 3460 prtedatione
2632 3393 2863 3466 Scythas
2889 3411 3014 3450 eum
3048 3413 3248 3468 magno
3286 3415 3466 3456 rerum
3500 3413 3554 3456 et

1986 3497 2348 3550 personarum
2406 3486 2746 3554 captivarum
2830 3488 3241 3558 impedimento.
3301 3491 3554 3546 Nondum

327 3582 456 3633 κατὰ
483 3583 571 3635 τὸν
602 3584 828 3654 σπιορὸν
855 3583 901 3615 ⁸³
926 3583 1108 3653 ὄχθον,
1155 3585 1279 3654 διχῆ
1312 3586 1370 3638 τὸ
1403 3586 1722 3658 στράτευμα
1771 3587 1874 3639 διε-

1987 3585 2115 3623 vasa
2138 3570 2280 3624 intra
2313 3573 2510 3626 vallum
2541 3575 2906 3644 deposuerat;
2941 3584 3121 3630 tamen
3153 3589 3556 3632 rnonicntorum

322 3671 442 3737 λῶν,
469 3676 559 3726 καὶ
591 3675 652 3728 τὸ
680 3674 930 3728 ἐνυάλιον
961 3675 1306 3747 ἑκατέρωθεν
1352 3678 1558 3748 ἡχῆσαι
1585 3679 1874 3743 κελεύσας,

325 3761 414 3812 σὺν
444 3764 740 3834 ἀλαλαγμῷ
772 3764 869 3816 καὶ
891 3765 988 3836 βοῇ
1022 3765 1184 3836 πολλῇ
1219 3769 1547 3836 προσϐάλλει
1577 3774 1690 3832 τοῖς
1736 3771 1874 3840 Βαρ-

324 3853 520 3922 ϐάροις.
583 3857 691 3908 Καὶ
738 3859 1018 3926 καρτεράς
1055 3859 1152 3926 τῆς
1201 3860 1379 3930 μάχης
1443 3864 1742 3932 γενομένης
1787 3864 1875 3915 πίε

325 3959 504 3999 πτουσι
536 3948 644 4001 τῶν
693 3946 917 4000 Σκυθῶν
951 3949 1002 4000 oi
1047 3949 1311 4012 πλείονες,
1345 3951 1529 4004 πολλοὶ
1555 3953 1610 4004 δὲ
1642 3955 1736 4006 καὶ
1762 3954 1875 4006 δια-

327 4037 616 4104 σπαρέντες
676 4037 980 4108 ὲσώθησαν.
1051 4038 1109 4090 ⁸0
1183 4039 1240 4092 δὲ
1303 4039 1400 4110 τὴν
1475 4041 1626 4093 λείαν
1694 4045 1879 4096 πᾶσαν

328 4123 743 4199 ἀναλαϐόμενος,
809 4128 1038 4199 νικητὴς
1091 4131 1188 4199 τὴν
1247 4130 1676 4185 Φιλιππούπολιν
1720 4153 1878 4190 κατα-

334 4214 601 4288 λαμϐάνει.
631 4220 792 4274 Κεῖθι
849 4221 907 4274 δὲ
951 4221 1012 4273 τὸ
1044 4222 1266 4276 όπλικὸν
1297 4221 1343 4254 ⁸⁸
1389 4223 1537 4277 ἂπαν
1571 4227 1879 4296 καταθέμε-

339 4320 426 4373 νος,
453 4313 672 4365 ἐσκόπει
719 4313 846 4365 ὅθεν
897 4312 1004 4382 χρὴ
1050 4313 1143 4365 καὶ
1200 4314 1348 4377 ὅπως
1406 4318 1519 4378 τοῖς
1566 4317 1876 4390 Βαρϐάροις

342 4397 468 4464 αὖθις
517 4403 869 4474 προσδαλιῖν.
935 4403 1388 4474 Ἀπειροπληθεῖς
1434 4405 1489 4459 δὲ
1545 4408 1644 4472 τὰς
1698 4412 1874 4466 αὐτῶν

343 4490 589 4550 γινώσκων
633 4493 920 4561 δυνάμεις,
962 4493 1198 4554 σκοποὺς
1252 4495 1601 4566 ἁπανταχόσε
1651 4500 1877 4570 ἐξέπεμ-

344 4585 440 4646 πεν,
474 4581 538 4634 ἵν’
581 4583 797 4636 ἐκεῖθεν
828 4581 942 4652 ιχοι
978 4583 1047 4634 τά
1082 4582 1225 4635 κατὰ
1260 4587 1385 4648 τοὺς
1428 4587 1645 4653 Σκύθας
1677 4593 1874 4662 συχνά.-

346 4678 412 4731 κις
443 4673 744 4742 μανθάνειν.
789 4672 1406 4744 Ἐπαναδεδραμηκότες
1454 4677 1512 4731 δὲ
1558 4682 1607 4735 οἱ
1651 4686 1870 4750 σκοποὶ,

344 4763 512 4832 πλῆθος
539 4767 838 4838 Βαρϐάρων
871 4766 1057 4834 ελεγον
1087 4768 1221 4820 πολὺ
1254 4771 1382 4839 περὶ
1415 4771 1512 4842 τὴν
1547 4775 1872 4832 Βελιάτοῧαν

337 4848 683 4929 ἐνδατρίσειν,
736 4861 831 4912 καί⁵
882 4859 952 4912 τὰ
1003 4859 1162 4929 πέριξ
1205 4861 1507 4932 ληῖζεσθαι.
1541 4868 1652 4922 Καὶ
1677 4873 1704 4923 ό
1735 4873 1870 4924 Τατο

1984 3665 2039 3715 in
2081 3665 2370 3719 occasione
2394 3665 2631 3734 pretium
2661 3667 2962 3730 aestimans,
3014 3668 3255 3722 immittit
3283 3669 3466 3722 statim
3502 3669 3555 3722 in

1984 3755 2220 3826 Scythas
2251 3758 2400 3811 viros
2435 3757 2606 3810 fortes
2640 3770 2668 3808 a
2701 3767 2898 3811 ctetero
2934 3758 3217 3813 abscissos
3270 3761 3554 3830 copiarum

1981 3862 2231 3914 corpore,
2267 3845 2468 3898 idoneo
2498 3861 2749 3900 numero.
2779 3847 3042 3902 Armatur
3095 3849 3210 3918 ipse
3255 3851 3475 3905 interim
3505 3863 3559 3908 et

1981 3938 2238 3992 omnibus
2281 3948 2340 3990 ut
2386 3947 2671 3991 armentur
2705 3937 2872 3992 edicit
2903 3941 3240 4010 structisque
3269 3942 3556 4014 phalangi-

1984 4029 2087 4084 bus
2113 4041 2167 4084 et
2195 4031 2311 4083 acie
2347 4029 2646 4098 descripta,
2681 4039 2906 4098 paratus
2959 4031 3028 4084 ad
3077 4033 3324 4100 praelium
3365 4048 3560 4104 seque—

1983 4123 2144 4175 batur
2198 4121 2385 4176 velites
2418 4121 2751 4189 praemissos.
2810 4121 2915 4175 Sed
2949 4137 3072 4176 cum
3104 4125 3332 4181 vidisset
3371 4126 3559 4184 hostes

1981 4229 2106 4268 cum
2157 4213 2338 4284 praeda
2393 4223 2448 4268 et
2495 4214 2727 4282 captivis
2785 4228 2907 4268 sese
2957 4215 3278 4284 adjunxisse
3334 4219 3559 4288 reliquis

1984 4307 2312 4377 Scytharum
2347 4307 2520 4376 copiis
2571 4307 2638 4359 ad
2697 4308 2986 4363 humentes
3043 4310 3192 4379 ripas
3248 4315 3560 4381 stagnantis

1984 4403 2188 4461 amnis,
2247 4397 2364 4467 ipse
2404 4397 2656 4453 bifariam
2712 4399 2902 4454 divisis
2953 4401 3092 4466 suis,
3155 4401 3274 4457 dari
3325 4405 3561 4462 classico

1976 4493 2189 4563 signum
2217 4495 2473 4558 utrinque
2489 4493 2675 4562 jussit,
2701 4493 2972 4563 simulque
2995 4509 3116 4550 cum
3138 4497 3374 4555 clamore
3393 4501 3563 4556 alacri

1974 4597 2029 4644 et
2052 4602 2296 4643 consono
2345 4586 2554 4642 invadit
2587 4584 2752 4657 184
2790 4585 3083 4645 Barbaros.
3121 4589 3307 4662 Pugna
3367 4609 3564 4652 conse-

1974 4683 2115 4736 ritur
2144 4679 2310 4742 acris,
2339 4693 2448 4748 qua
2473 4677 2800 4748 Scytharum
2831 4681 3052 4751 plurimi
3085 4686 3354 4754 cecidere,
3400 4692 3564 4751 multi

1973 4772 2207 4842 dispersi
2258 4769 2384 4840 fuga
2411 4771 2608 4825 servati
2657 4779 2808 4827 sunt.
2862 4771 3126 4844 Taticius,
3176 4782 3358 4848 praeda
3407 4789 3562 4841 omni

1976 4876 2219 4936 recepta,
2259 4863 2434 4917 victor
2467 4860 2882 4932 Philippopolim
2933 4868 3145 4936 tenuit;
3177 4873 3360 4942 ibique
3404 4894 3575 4936 exer-

327 4941 484 5012 τίκιος
541 4950 904 5020 προσδόκιμον
942 4949 989 4982 ⁸⁸
1037 4951 1136 5022 τὴν
1170 4952 1278 5008 τῶν
1323 4955 1546 5009 Σκυθῶν
1582 4959 1867 5016 ἐπέλευσιν

1980 4959 2089 5013 citu
2132 4958 2280 5011 omni
2308 4957 2559 5020 collecto,
2588 4973 2746 5025 quasi
2793 4977 2855 5016 ex
2888 4967 3108 5033 specula
3143 4941 3465 5026 imminebat
3503 4975 3557 5027 in

328 5025 480 5121 ἔχων,
529 5045 621 5094 καὶ
666 5042 805 5113 πρὸς
853 5039 1146 5105 τοσούτους
1197 5042 1274 5110 μὴ
1331 5045 1666 5116 ἀποχρώσας
1728 5050 1872 5121 ἔχων

316 5116 564 5198 δυνάμεις
611 5135 672 5186 τὸ
723 5135 859 5196 πᾶν,
893 5131 1141 5186 ἀναλύων
1191 5132 1236 5164 ⁸⁸
1285 5135 1401 5199 τοῖς
1452 5116 1873 5210 λογισμοῖς-ὲν

313 5213 592 5296 ἀμηχανίᾳ
624 5226 1001 5290 καθειστήκει.
1040 5225 1180 5278 Ἀλλ’
1215 5225 1368 5296 ὅμως
1406 5231 1501 5281 καὶ
1532 5236 1594 5284 τὸ
1633 5237 1872 5309 σιδήριον

1983 5053 2330 5108 occasionem
2389 5068 2610 5109 rursum
2651 5055 3037 5125 congrediendi
3096 5073 3222 5112 cum
3276 5059 3557 5119 Barbarie.

1982 5145 2118 5200 Cum
2189 5155 2369 5199 autem
2419 5147 2814 5204 innumerabile
2886 5149 3126 5216 ipsorum
3205 5155 3561 5208 circumstare

1989 5240 2231 5307 undique
2284 5239 2472 5305 c0pias
2517 5240 2706 5305 sciret,
2739 5243 2920 5295 minus
2952 5257 3065 5297 sua:
3097 5246 3261 5301 unius
3307 5248 3556 5315 specula-

1361 5347 1560 5410 Variae
1605 5350 1914 5420 lectiones
1957 5375 2036 5422 ex
2065 5354 2205 5418 cod.
2239 5351 2504 5415 Coislin.

381 5432 437 5470 δ.

472 5443 628 5532 Pal-t3.
704 5446 1043 5532 ".Ta'rixtov.
1069 5446 1414 5532 Sio‘sernper
1435 5461 1657 5532 postea:
1690 5458 1762 5532 ,ιο
1799 5459 1874 5512 Ta

1980 5477 2075 5512 ιον.
2149 5452 2194 5486 ⁸⁸
2235 5453 2304 5508 τὰ
2332 5455 2506 5528 χειλη.
2582 5459 2627 5491 ⁸¹
2651 5425 2920 5512 Βλῐσνονξ
2968 5465 3015 5490 ⁸⁸
3037 5463 3255 5532 πιῤῥόν.
3334 5463 3559 5520 “erat.

272 5510 485 5572 τοῖόν,
555 5515 597 5546 ⁸⁸
615 5516 1072 5585 προσδοκὴσιμον.
1148 5519 1194 5548 ⁸⁸
1227 5522 1287 5570 τὸ
1317 5510 1579 5588 παράπαν
1607 5525 1806 5590 ἀλύων,
1839 5510 2064 5598 (ἶριίιιιήοέ

1378 5611 1519 5675 Car.
1550 5615 1880 5680 Dufresnii
1921 5623 2016 5682 Du
2042 5619 2260 5698 Cangii
2297 5629 2485 5681 noue.

347 5697 497 5777 (76)
547 5710 824 5765 Σάλινον.
887 5709 1132 5766 Rectius
1169 5711 1336 5768 editio
1404 5713 1677 5774 llwschel.
1745 5723 1874 5776 Βλίσ

2005 5697 2198 5779 habet;
2227 5719 2356 5777 Vide
2383 5721 2509 5778 Not.
2542 5725 2604 5778 ad
2643 5725 2909 5779 \tillhard.
2939 5741 2991 5778 η.
3034 5725 3160 5783 232,
