4022 6270
545 349 552 356 ι
572 322 672 384 ἱιὲἹ

1865 307 2088 368 ANN/E
2129 303 2513 364 CUMNENJ‘I
3662 303 3749 367 598

565 431 759 488 latioui
793 427 982 489 lidens,
1021 421 1160 476 alios
1182 433 1400 474 omnem
1431 417 1487 470 in
1513 423 1724 487 partem
1757 413 2129 482 speculatores

2239 411 2394 480 ἔθηγε
2442 411 2538 462 καὶ
2587 409 2722 478 προς
2785 409 2964 477 μάχας
3029 406 3298 477 ἐθάρρυνε
3349 408 3405 458 τὸ
3451 409 3748 482 στράτευμα.

565 523 714 575 misit
741 537 752 570 :
786 517 878 585 qui
911 515 985 580 ei,
1016 527 1137 581 quae
1169 511 1404 580 quisque
1433 505 1952 562 observaratstatim
1981 517 2124 554 nun-

566 615 791 673 timtes,
827 615 1089 676 quautam
1121 601 1416 654 maximam
1447 598 1708 666 consequi
1733 603 1916 664 posset
1943 607 2126 645 rerum

566 719 736 770 quaen
769 698 992 769 Scythis
1039 701 1330 765 agerentur
1389 697 1808 758 pararenturve,
1864 683 2130 752 cognitio-

565 815 686 852 nem
719 789 1078 860 impertirent.
1107 787 1314 837 Horum
1348 783 1753 850 speculatorum
1779 790 2016 830 concors
2047 775 2130 826 in-

565 888 763 938 dirium
804 883 927 946 fuit,
980 875 1379 931 multitudinem
1439 873 1712 940 ingentem
1753 869 2128 922 Barbarorutn

567 985 795 1028 tlteltttas
833 972 1030 1024 habere
1083 967 1240 1021 sedes
1299 964 1444 1017 circa
1498 960 1855 1022 Beliatobam,
1901 956 2130 1023 indeque

565 1061 1008 1138 populationibus
1029 1055 1334 1125 obiacentia
1361 1061 1596 1108 vastare.
1625 1049 1704 1104 Ad
1735 1063 1855 1102 eum
1888 1045 2131 1098 Taticius

569 1135 840 1218 nuntium,
872 1163 1182 1220 quanquam
1224 1139 1485 1198 audiebat
1512 1143 1676 1194 alium
1709 1139 1925 1192 aliunde
1975 1135 2130 1187 insn—

565 1263 659 1316 per
685 1247 982 1298 adventare
1008 1236 1312 1291 exercitum
1363 1231 1714 1300 Scytharum,
1750 1235 1804 1280 et
1837 1224 1999 1278 facile
2054 1223 2130 1276 vi-

565 1336 726 1388 debat
759 1329 863 1384 sibi
897 1337 1238 1395 nequaquam
1276 1336 1433 1388 pares
1472 1320 1664 1373 adesse
1689 1318 1954 1370 adversus
2006 1325 2132 1366 tan-

571 1439 680 1477 tum
715 1421 948 1475 hostium
1004 1429 1297 1470 numerum
1359 1412 1569 1477 cupias,
1607 1407 1811 1476 quibus
1843 1404 1911 1458 de
1942 1404 2130 1457 causis

569 1513 713 1568 haud
744 1513 880 1564 bene
920 1510 984 1560 de
1023 1517 1234 1558 summa
1265 1515 1450 1554 rerum
1504 1513 1752 1567 sperans,
1806 1501 2132 1547 consterna-

569 1613 657 1656 tus
696 1596 1007 1667 aliqttandiu
1037 1604 1088 1648 et
1118 1605 1356 1644 maerens
1387 1589 1660 1650 haeserat;
1696 1583 1763 1638 ad
1817 1591 2128 1638 extremum

569 1705 749 1747 tamen
821 1689 1017 1740 inuata:
1077 1681 1456 1752 generositatis
1519 1678 1779 1732 memoria
1851 1687 2129 1744 resumpta

2238 499 2577 554 Καταλαϐὼν
2619 501 2677 552 δέ
2726 517 2810 562 τις
2851 500 2948 570 τὴν
2977 497 3088 552 τῶν
3116 498 3418 568 Βαρϐάρων
3466 501 3573 553 κατ’
3603 505 3744 557 αὑτοῦ

2235 589 2445 641 ἕλευσιν
2466 590 2717 657 διεμήνυε
2748 589 2841 640 καὶ
2869 587 3094 656 φθάνειν
3123 589 3221 658 ἥδη
3243 587 3427 649 δεινῶς
3457 589 3750 660 ἰσχυρίζετο.

2247 681 2306 732 '0
2335 680 2392 732 δὲ
2427 679 2588 740 εὐθὺς
2626 680 2682 730 ὲν
2711 681 2825 742 τοῖς
2860 678 3050 740 ὅπλοις
3081 673 3170 747 ἦν.
3199 677 3308 730 Καὶ
3353 679 3492 732 ἅπαν
3531 682 3586 732 τὸ
3613 685 3754 752 στρά-

2235 787 2413 840 τευμα
2461 769 2772 834 ἐξοπλίσας,
2808 770 2900 823 τὸν
2935 765 3108 838 Εὗρον
3141 769 3479 838 παραχρῆμα
3522 771 3758 842 διαπερά-

2185 894 2190 900 -
2239 879 2358 926 σας,
2392 862 2488 923 τὰς
2533 861 2818 930 φάλαγγας
2871 860 3048 912 ἰλαδὸν
3107 860 3478 928 καταστήσας.
3524 861 3756 930 εἱστήκει,

2239 953 2480 1022 πολέμου
2539 951 2723 1020 σχῆμα
2775 947 3146 1012 διατυπώσας.
3201 947 3372 1008 Αὐτὸς
3415 947 3566 1000 δὲτὸ
3623 958 3762 1018 μέσον

2239 1041 2348 1114 εἶχε
2395 1045 2496 1110 τῆς
2561 1041 2955 1110 παρατάξεως,
3011 1040 3104 1092 καὶ
3161 1042 3210 1091 oi
3271 1038 3534 1108 Βάρϐαροι
3589 1041 3760 1094 Σκυθι-

2239 1137 2350 1198 κῶς
2404 1135 2876 1206 παραταξάμενοι,
2921 1135 3017 1186 καὶ
3079 1134 3176 1194 τὰς
3229 1132 3390 1184 αὑτὸν
3447 1132 3490 1164 δ’
3533 1134 3760 1200 δυνάμεις

2239 1229 2374 1297 πρὶς
2413 1228 2592 1296 μάχην
2622 1225 3124 1294 καταστησάμενοι,
3157 1224 3404 1294 ἐῴκεσαν
3437 1226 3528 1294 μὲν
3557 1227 3762 1295 πόλεμον

2238 1319 2544 1386 ἀναζητεῖν,
2581 1321 2675 1370 καὶ
2701 1317 2826 1378 τοὺς
2859 1317 3188 1382 ἀντιπάλους
3222 1317 3484 1386 ἐρεθίζειν
3513 1313 3618 1370 οἷον
3645 1321 3759 1384 πρὶς

2242 1411 2440 1481 μάχην.
2487 1409 2792 1462 Ἐδεδίεσαν
2822 1408 2878 1460 δὲ
2903 1408 3054 1477 ὅμως
3087 1409 3179 1460 καὶ
3209 1409 3378 1476 ἄμφω
3412 1410 3478 1461 τὰ
3525 1410 3760 1477 στρατεύ-

2239 1515 2410 1568 ματα,
2439 1498 2531 1550 καί
2558 1497 2657 1566 τὴν
2687 1497 3006 1566 συμπλοκὴν
3049 1498 3424 1559 ἀνεϐάλλοντο,
3444 1498 3501 1550 τὸ
3531 1499 3622 1566 μὲν
3653 1499 3766 1551 Ῥωι

2240 1589 2468 1662 μαῖκδν,
2517 1593 2577 1642 τὸ
2615 1590 2960 1660 ὑπερπληθὲς
3001 1590 3110 1641 τῶν
3159 1589 3383 1642 Σκυθῶν
3428 1589 3763 1660 ὑποπτῆσσον,

2244 1681 2307 1734 τὸ
2351 1682 2408 1734 δὲ
2465 1681 2731 1734 Σκυθικὸν
2788 1682 3298 1752 τεθωρακισμένους
3353 1685 3588 1746 ἅπαντας
3625 1685 3766 1755 ὁρῶν.

567 1785 772 1839 ferrum
797 1779 959 1834 simul
988 1785 1037 1831 et
1071 1774 1312 1828 animum
1347 1771 1584 1832 exacuit,
1617 1769 2032 1836 exercitumque
2065 1768 2130 1818 ad

2239 1774 2333 1836 τάς
2368 1789 2425 1826 τε
2473 1774 2738 1840 σημαίας,
2773 1775 2868 1826 καὶ
2900 1773 2959 1824 τὸ
3006 1773 3259 1842 λαμπρὸν
3289 1774 3402 1826 τῶν
3433 1777 3659 1844 ἀμφίων,
3688 1777 3767 1828 καὶ

567 1872 919 1947 pugnandum
966 1865 1247 1921 animavit.
1279 1863 1336 1916 Id
1365 1862 1453 1916 ille
1488 1862 1708 1930 agebat,
1740 1874 1863 1913 cum
1895 1872 2132 1928 procur—

568 1981 696 2019 rens
723 1963 1022 2032 quispiam,
1056 1955 1305 2016 nuntius,
1337 1963 1390 2005 ut
1429 1949 1747 2019 apparebat,
1780 1963 1990 2018 magna:
2029 1947 2132 2012 rei,

571 2057 778 2125 trepide
811 2051 1017 2105 indicat
1051 2046 1268 2102 infestis
1323 2045 1377 2098 in
1429 2040 1707 2096 Roiuanos
1739 2041 1911 2110 signis
1945 2041 2134 2094 venire

569 2148 864 2206 Barbaros,
899 2142 1143 2208 adeoque
1173 2137 1284 2206 jam
1315 2149 1434 2189 esse
1463 2135 1515 2186 in
1549 2132 1796 2202 proximo
1822 2131 2132 2185 confirmat.
2173 2133 2176 2138 '

569 2235 954 2294 Perturbasset
995 2232 1292 2300 imparatos
1329 2225 1375 2279 is
1402 2238 1634 2288 rumor;
1687 2231 1739 2274 at
1774 2221 1947 2276 nostri
1985 2221 2132 2290 quod

569 2346 728 2402 agere
754 2337 910 2381 antea
944 2331 1227 2393 ceperant,
1255 2319 1498 2372 alacrius
1535 2331 1670 2370 nova
1698 2315 1807 2384 jam
1841 2331 1904 2368 ex
1939 2329 2129 2380 causa,

567 2420 792 2492 exsequi
875 2423 1162 2490 pergentes
1240 2409 1435 2465 armati
1517 2409 1753 2462 universi
1823 2408 2133 2477 prodeunt,

567 2515 882 2581 Ebrumque
911 2510 1172 2562 audacter
1205 2502 1508 2572 trajiciunt.
1535 2497 1778 2554 Taticius
1814 2503 1953 2552 ultra
1991 2499 2136 2552 hunc

572 2613 784 2652 amnem
821 2596 1062 2664 legiones
1094 2590 1350 2658 t-Xplicat,
1393 2587 1680 2655 aciemque
1719 2597 1842 2654 apte
1869 2603 1931 2640 ac
1961 2587 2135 2656 perite

570 2688 854 2749 describit,
887 2685 1120 2740 medium
1159 2683 1214 2734 in
1245 2697 1308 2734 ea
1337 2679 1438 2733 sibi
1496 2679 1671 2732 locum
1720 2693 1964 2731 sumens.
1999 2676 2134 2730 Bar-

573 2780 692 2836 bari
727 2785 915 2833 contra
951 2789 1053 2830 suo
1099 2781 1152 2826 et
1212 2771 1312 2840 ipsi
1376 2768 1537 2823 modo
1598 2769 1769 2822 acicm
1833 2770 2134 2832 instruunt,

569 2872 868 2940 copiasque
907 2867 971 2920 ad
1007 2864 1252 2934 prazlium
1279 2860 1556 2914 ordinant.
1587 2857 1832 2927 Uterque
1860 2859 2136 2912 exercitus

569 2979 666 3018 eas
699 2961 874 3014 minas
897 2959 1048 3012 vultu
1104 2973 1167 3010 ac
1221 2962 1372 3007 motu
1409 2951 1734 3020 praeferebat
1769 2961 1826 3005 ut
1863 2951 2137 3006 lacessere

2235 1861 2334 1929 τὴν
2404 1863 2611 1914 ἐκεῖθεν
2688 1863 3147 1934 ἀπυπαλλομένην
3217 1864 3452 1934 αἴγλην,
3511 1866 3637 1933 πρὸς
3687 1867 3768 1933 τὴν

2236 1949 2486 2020 ἀστρῴαν
2524 1951 2685 2024 βολὴν
2729 1953 3196 2008 ἀντιστξλὸουσαν.
3234 1956 3404 2009 Μόνοι
3450 1958 3686 2011 ἁπάντων
3721 1957 3768 2009 δὲ

2234 2043 2284 2095 oi
2351 2045 2640 2112 τολμητίαι
2703 2047 2924 2098 Λατῖνοι
2994 2047 3088 2126 καὶ
3157 2047 3406 2114 θρασεῖς,
3467 2049 3564 2118 τὴν
3619 2048 3773 2116 μάχην

2237 2135 2615 2203 προαρπάζειν
2671 2135 2884 2206 ἤθελον,
2943 2135 3200 2206 θήγοντες
3251 2139 3472 2200 ὀδόντας
3533 2141 3660 2208 ὁμοῦ
3697 2138 3774 2190 καὶ

2239 2225 2476 2296 σιδήρια.
2520 2226 2829 2280 Ἀνέστελλε
2875 2227 2931 2278 δὲ
2979 2229 3175 2290 αὐτοὺς
3210 2231 3238 2280 ὁ
3283 2230 3587 2292 Ταττίκιος,
3627 2229 3772 2297 Ἀνὴρ

2236 2315 2343 2384 γὰρ
2396 2309 2548 2378 οὗτος
2607 2315 2910 2386 εὐσταθὴς,
2973 2318 3068 2370 καὶ
3130 2318 3224 2370 τοῦ
3277 2320 3566 2389 μέλλοντος
3621 2321 3771 2388 ῥᾷστα

2243 2405 2755 2476 καταστοχάσασθαι
2805 2409 3046 2473 δυνατός.
3102 2410 3438 2481 Ἰσταμένων
3491 2407 3580 2463 οὖν
3621 2412 3775 2478 ἀμφοο

2236 2498 2414 2566 τέρων
2471 2499 2579 2551 τῶν
2628 2500 3052 2568 στρατευμάτων
3085 2501 3129 2533 ⁸⁸
3163 2503 3276 2554 ’καὶ
3329 2497 3442 2555 οἷον
3475 2501 3653 2571 ἑτέρου
3696 2503 3779 2567 τὴν

2237 2587 2296 2652 ἐξ
2346 2589 2534 2660 ἑτέρου
2582 2591 2799 2660 κίνησιν
2851 2591 3320 2662 ἀπεκδεχομένου,
3358 2595 3450 2648 καὶ
3499 2593 3624 2663 μηδέ
3652 2609 3776 2653 τινος

2237 2677 2328 2731 οὖν
2385 2677 2532 2750 [μηδ’
2573 2681 2918 2754 οὑτινοσοῦν]
2978 2683 3084 2734 τῶν
3150 2686 3506 2754 στρατιωτῶν
3559 2683 3688 2737 κατὰ
3731 2682 3780 2734 τὸ

2241 2773 2570 2842 μεσαίχμιον
2616 2773 2675 2837 ἐξ
2709 2775 2992 2846 οὐδετέρου
3027 2777 3134 2830 τῶν
3178 2779 3604 2848 στρατευμάτων
3635 2777 3778 2828 ἱππά-

2239 2863 2436 2915 σασθαι
2467 2864 2946 2936 κατατολμῶντος,
2981 2869 3105 2922 ἐπεὶ
3131 2870 3184 2920 ὲν
3207 2869 3444 2938 δυσμαῖς
3476 2870 3573 2940 ἤδη
3599 2868 3776 2937 ὁῆλιος

2237 2949 2329 3022 ἦν,
2367 2953 2600 3017 ἕκαστος
2640 2956 2749 3008 τῶν
2781 2957 3102 3028 στρατηγῶν
3152 2959 3246 3012 ἐπὶ
3275 2960 3376 3030 τὴν
3425 2959 3558 3014 ἰδίαν
3592 2974 3780 3026 παρεμ-

572 3057 783 3111 hostem
810 3053 966 3116 velle,
1000 3062 1349 3120 pugnamque
1385 3047 1593 3101 ambire
1619 3047 1931 3112 videretur;
1971 3063 2027 3100 re
2055 3055 2136 3099 ta—

2240 3043 2401 3116 ϐολὴν
2427 3047 2692 3100 ἐπάνεισι.
2734 3047 2906 3102 Τοῦτο
2939 3051 3030 3102 ἐπὶ
3073 3050 3225 3103 δυσὶν
3277 3053 3516 3122 ἡμέραις
3563 3051 3776 3117 ἐγένετο.

573 3161 696 3201 men
732 3159 858 3200 vera
893 3143 1143 3196 timorem
1176 3140 1431 3206 utrinque
1460 3146 1706 3191 mutuum
1736 3137 1859 3192 istis
1895 3137 2138 3192 audacia:

571 3233 1066 3307 significationibus
1100 3231 1376 3285 celabant.
1405 3227 1540 3283 Nam
1575 3239 1628 3282 et
1653 3227 1915 3281 Romanis
1939 3223 2140 3288 anceps

571 3329 884 3387 videbatur,
917 3337 1121 3394 paucos
1147 3322 1295 3391 ipsos
1317 3335 1442 3375 cum
1475 3317 1696 3390 Scythis
1720 3318 2138 3372 innumerabili-
2177 3344 2180 3348 -

573 3419 676 3474 bus
707 3417 986 3488 congredi,
1015 3423 1068 3468 et
1100 3413 1332 3483 Scythas
1367 3411 1702 3481 percellebat
1747 3410 1982 3466 terribili
2014 3425 2140 3480 spe-

569 3512 653 3567 cie
680 3507 909 3562 ltomani
939 3504 1086 3559 acies
1111 3503 1389 3558 exercitus
1415 3509 1604 3571 aperto
1629 3501 1899 3571 explicata
1924 3517 2138 3571 campo,

571 3599 941 3659 emicantibus
971 3604 1054 3652 tot
1087 3594 1261 3663 signis
1289 3593 1639 3662 vexillisque,
1700 3601 1812 3646 tum
1873 3593 2042 3646 armis
2087 3601 2140 3647 et

573 3692 818 3749 vestibus
842 3688 1186 3758 splendorem
1217 3685 1332 3740 sole
1363 3684 1594 3738 adverso
1629 3683 1996 3740 vibrantibus.
2029 3684 2140 3739 Soli

571 3799 639 3839 ex
673 3781 928 3838 omnibus
979 3780 1240 3834 thasones
1287 3785 1341 3830 et
1377 3775 1659 3831 temerarii
1691 3773 1876 3830 Latini
1905 3791 2140 3846 pugnam

575 3877 719 3930 ultro
745 3871 1135 3942 deposcebant,
1158 3875 1212 3924 et
1237 3867 1512 3923 lacessere
1542 3867 1730 3936 utique
1771 3881 1834 3922 ac
1873 3876 2141 3922 cunctan-

574 3974 686 4020 tem
745 3962 1089 4033 praecipitare
1145 3959 1494 4013 conabantur
1537 3969 1820 4026 :quorum
1879 3955 2140 4012 ferociam

576 4055 850 4109 mulcebat
901 4053 1122 4122 vimque
1159 4049 1458 4104 cohibebat
1519 4047 1782 4112 Taticius,
1829 4049 2004 4102 sedati
2064 4048 2144 4102 tir

571 4145 762 4208 animi,
810 4153 862 4199 et
908 4141 1297 4213 sagacissimus
1351 4151 1494 4192 unus
1532 4138 1780 4191 omnium
1833 4138 1903 4191 ad
1957 4137 2146 4206 conje-

572 4245 784 4290 cturam
809 4235 919 4289 cito
949 4241 1001 4287 et
1023 4239 1176 4284 certo
1204 4225 1554 4282 statuendam
1603 4226 1670 4281 de
1705 4225 1909 4283 futuris
1939 4232 2142 4285 eventi-

573 4329 679 4382 bus
707 4327 1039 4380 incertorum
1073 4334 1322 4375 casuum.
1357 4317 1416 4372 In
1461 4333 1528 4372 eo
1553 4327 1700 4372 statu
1742 4327 1797 4373 et
1847 4330 2140 4391 conspectu

2241 3137 2336 3188 καὶ
2379 3138 2516 3205 πρὸς
2551 3138 2730 3208 μάχην
2760 3139 3237 3210 εὐτρεπιζομένων
3277 3143 3388 3196 τῶν
3437 3139 3776 3210 δημαγωγῶν.

2240 3225 2332 3278 καὶ
2373 3226 2608 3296 πολέμου
2667 3233 2854 3300 σχῆμα
2905 3232 3028 3285 καθ’
3079 3231 3323 3304 ἑκάστην
3382 3231 3777 3286 διατυπούντων.

2251 3316 2405 3369 Ἐπεὶ
2436 3318 2624 3388 μηδεὶς
2656 3321 2752 3390 τὴν
2786 3322 2923 3390 πρὸς
2972 3323 3162 3392 ἕτερον
3193 3325 3554 3396 άπεθάρῤησε
3597 3321 3774 3392 μάχην.

2240 3411 2382 3464 κατὰ
2439 3411 2499 3463 τὸ
2553 3414 2650 3482 τῆς
2705 3414 2892 3483 τρίτης
2949 3416 3278 3487 περίορθρον
3329 3415 3690 3488 ἀναχωροῦσιν
3737 3412 3778 3462 oi

2241 3499 2467 3556 Σκύθαι.
2511 3503 2845 3574 Αἰσθὸμενος
2875 3505 2933 3558 δὲ
2973 3509 3000 3558 ὁ
3050 3507 3340 3572 Ταττίκιος
3383 3508 3596 3570 τούτου,
3625 3519 3782 3570 παρα·

2241 3595 2427 3664 χρῆμα
2458 3593 2682 3646 κατόπιν
2711 3595 2891 3648 αὐτῶν
2931 3597 3180 3666 ἤλαυνεν.
3203 3599 3368 3652 Ἀλλὰ
3397 3599 3556 3662 πεζὸς
3581 3597 3620 3628 ⁵⁸
3649 3595 3743 3666 (77)
3769 3629 3784 3654 ο

2242 3688 2428 3752 φασιν,
2477 3685 2631 3755 παρὰ
2657 3685 2847 3741 Λύδιον
2896 3687 3074 3756 ἅρμα.
3130 3689 3562 3762 Προφθάσαντες
3609 3688 3704 3754 γὰρ
3737 3682 3778 3733 σί

2243 3773 2468 3839 Σκύθαι,
2497 3775 2711 3845 διῆλθον
2745 3777 2842 3848 τὴν
2883 3777 3114 3848 Σιδηράν
3159 3779 3282 3850 (78)
3315 3781 3333 3851 (
3359 3781 3546 3850 τέμπη
3567 3777 3608 3830 δ’
3635 3774 3784 3832 οὕτως

2243 3865 2349 3918 εἰσὶ
2381 3866 2860 3938 κατονομαζόμενα
2875 3871 2916 3941 ),
2943 3869 3168 3923 κάκεῐσε
3194 3872 3252 3926 δὲ
3283 3871 3515 3934 τούτους
3539 3871 3612 3940 μὴ
3637 3881 3786 3922 nata-

2241 3955 2456 4023 λαϐὼν,
2509 3959 2912 4030 ἀναλαϐόμενος
2966 3961 3068 4025 τὰς
3141 3963 3270 4027 ὅλας
3327 3963 3613 4032 δυνάμεις.
3669 3957 3784 4022 ﬁt)”;

2260 4051 2696 4122 Ἄδριανούπολιν
2745 4054 3205 4124 ἑπαναζεύγνυσι.
3239 4058 3354 4112 Καὶ
3385 4058 3512 4119 τοὺς
3539 4055 3634 4126 μὲν
3661 4049 3787 4104 Κελ-

2243 4143 2370 4204 τοὺς
2419 4141 2587 4196 αὑτοῦ
2643 4160 2746 4196 που
2785 4144 3106 4200 καταλιπὼν
3139 4186 3156 4214 ,
3191 4146 3304 4200 τῶν
3365 4147 3426 4201 δὲ
3475 4135 3788 4215 στρατιωτῶν

2244 4233 2384 4286 οἴκοι
2434 4235 2764 4305 πορευθῆναι
2816 4235 3048 4290 1ἑκαστον
3099 4238 3410 4305 κελεύσας,
3471 4237 3608 4309 μετά
3663 4245 3788 4290 τινος

2261 4325 2482 4395 μερίδος
2527 4323 2627 4394 τῆς
2676 4329 2960 4396 στρατιᾶς,
3001 4329 3165 4395 αὐτὸς
3198 4329 3635 4398 ὲπαναζεὺγνυσι
3675 4321 3788 4393 πρὸς

573 4421 994 4488 perseverarunt
1015 4412 1178 4466 ambo
1203 4413 1478 4465 exercitus
1509 4409 1652 4464 diem
1685 4419 1894 4478 totum;
1927 4413 2136 4467 nemine

2246 4415 2344 4488 τὴν
2377 4415 2444 4486 βα
2453 4415 2789 4474 σιλεύουσαν.

576 4524 688 4562 ιιιιο
719 4506 926 4560 utravis
953 4521 1016 4559 ex
1045 4510 1200 4573 parte
1241 4501 1490 4571 progredi
1527 4511 1620 4554 aut
1649 4499 1892 4570 equita‘re
1923 4501 1978 4554 in
2016 4503 2250 4558 medium
2323 4521 2480 4560 auso.
2549 4507 2773 4561 Deniqu
2843 4509 3124 4568 occidente
3193 4515 3314 4568 sole
3385 4521 3611 4580 uterque
3653 4508 3790 4572 impe-

573 4608 721 4656 rator
774 4595 1013 4666 receptui
1068 4595 1184 4648 suis
1225 4594 1446 4656 cecinit,
1514 4607 1794 4646 recessum
1881 4593 1936 4646 in
1993 4605 2172 4649 castra
2241 4597 2503 4666 utrinque
2559 4613 2624 4652 ac
2676 4599 2890 4656 duobus
2939 4603 3203 4656 continuo
3273 4604 3477 4658 diebus
3515 4603 3624 4656 lucc
3653 4595 3788 4666 quasi

573 4705 782 4760 pompae
829 4687 1126 4742 ostentatio
1179 4687 1411 4754 repetita
1485 4687 1858 4755 pro-ductaque
1922 4695 2027 4750 est,
2067 4688 2382 4744 ductoribus
2413 4691 2569 4761 185
2641 4709 2998 4764 utrorumque
3064 4695 3198 4750 nihil
3272 4694 3644 4752 eminentibus
3699 4697 3788 4756 quo

572 4785 758 4837 minus
799 4795 923 4833 tuo:
949 4779 1292 4832 couunissuri
1341 4787 1620 4831 certamen
1689 4777 2029 4832 viderentur.
2094 4779 2295 4834 Verum
2332 4801 2452 4836 cum
2523 4788 2704 4838 neutri
2759 4787 2898 4840 ultra
2951 4787 3129 4843 minas
3195 4791 3616 4856 processissent,
3669 4781 3787 4836 eirea

573 4876 680 4931 diei
731 4872 906 4926 tertia:
951 4869 1251 4924 diluculum
1329 4869 1548 4940 Scytha:
1607 4869 1982 4923 rctrocedunt.
2041 4869 2151 4924 Nec
2193 4873 2752 4942 'l'aticiumfefellerc,
2784 4878 3077 4947 quistat'uu
3107 4889 3221 4934 toto
3297 4882 3504 4948 impetu
3565 4878 3788 4928 abeuntes

573 4968 851 5020 insecutus
877 4967 978 5014 est.
1023 4959 1126 5012 Sed
1163 4960 1350 5028 pedes,
1413 4959 1558 5027 quod
1629 4959 1805 5022 aiunt,
1864 4959 1929 5012 ad
1985 4958 2213 5030 Lydium
2256 4979 2506 5020 currum.
2543 4967 2822 5037 Siquidem
2850 4969 2926 5022 illi
2955 4969 3202 5024 Sideram
3233 4973 3352 5025 sive
3379 4971 3790 5024 Ferreamlrmw.

573 5054 744 5122 gressi
784 5055 1012 5124 (uenient
1049 5053 1098 5105 id
1150 5051 1252 5106 loci
1304 5061 1389 5105 est
1444 5053 1496 5105 iu
1549 5051 1808 5105 concavis
1865 5055 2130 5120 angustiis
2171 5056 2424 5128 vallium)
2457 5059 2546 5112 ubi
2581 5062 2786 5129 recepti
2811 5062 2924 5130 jam
2965 5064 3019 5116 in
3051 5073 3224 5118 tutum
3300 5065 3475 5130 fuere,
3535 5076 3647 5113 cum
3703 5053 3785 5104 “0'

1644 5168 1839 5228 Variae
1865 5167 2176 5230 lectiones
2206 5187 2279 5232 ex
2315 5175 2453 5234 cod.
2497 5174 2761 5238 Coislin.

639 5293 682 5326 ’⁵⁷
705 5291 901 5346 αὐτῶν.
977 5291 1022 5324 ⁸⁸
1051 5293 1251 5346 Desunt
1275 5307 1434 5346 voces
1462 5292 1567 5342 τῶν
1599 5293 2062 5360 στρατευμάτων.

2143 5293 2188 5324 "9
2219 5294 2444 5358 πεζούς.

1626 5414 1767 5474 (lar.
1807 5413 2136 5476 Dufresnii
2167 5417 2262 5476 Du
2297 5416 2518 5496 Cangii
2554 5429 2742 5482 notae.

669 5535 759 5602 T7)
796 5535 974 5590 Ἀλλὰ
1016 5535 1208 5601 πεζός.
1267 5538 1622 5591 Prorerbium
1663 5538 2036 5598 Pindaricum,
2069 5540 2136 5592 de

575 5621 696 5675 quo
756 5606 1072 5668 Diogenian.
1129 5619 1342 5658 cuntur.
1381 5608 1435 5672 6,
1475 5627 1527 5659 ιι.
1579 5608 1689 5670 ‘28;
1739 5609 1988 5675 Apostol.
2027 5611 2135 5660 Eu-

574 5674 741 5728 st.ttlt.
780 5678 840 5726 ad
867 5675 1021 5730 D.un.
1069 5675 1449 5744 MUSCilﬂptlills
1487 5679 1617 5746 Περὶ
1652 5674 1876 5747 σχεδῶν,
1914 5689 2022 5732 etc.

2270 5610 2279 5619 _
2312 5542 2420 5608 (78;
2451 5544 2614 5612 328
2647 5550 2927 5619 Σιθηριὶιῂ.
2966 5548 3196 5602 Clusura
3221 5554 3287 5603 ad
3313 5550 3550 5602 Haemum
3577 5552 3776 5619 moment

2240 5616 2700 5684 sionem-epulis;
2737 5619 2855 5682 ejus
2887 5617 3081 5684 iterum
3136 5621 3384 5674 meminit
3425 5619 3594 5680 Anna,
3624 5616 3704 5665 lib.
3737 5629 3776 5671 ι,

2238 5695 2289 5748 p.
2329 5682 2452 5747 23f,
2489 5695 2538 5736 ct
2579 5686 2867 5754 Scylitzes,
2917 5683 3038 5755 p'ag.
3075 5687 3200 5740 784.
