4022 6270
1735 273 1764 292 ι

257 339 358 403 5'33

1520 355 1932 414 ALEXIADIS
1964 358 2108 416 LIB.
2139 359 2275 418 VII.

3402 366 3506 431 534

261 455 520 524 πόλεμον.
565 457 807 521 Ἐκεῖνος
840 458 896 510 δὲ
951 461 1093 512 κατὰ
1146 461 1235 514 τὶν
1288 465 1682 534 ὑπερκεί;.ι.ενον
1734 471 1832 538 τῆς

1944 472 2032 526 Die
2075 473 2423 528 illucescente
2454 475 2599 528 sistit
2643 491 2770 530 suos
2811 475 3033 547 Tzclgu,
3070 491 3121 534 et
3157 483 3222 534 ad
3271 498 3506 550 pugnant

264 549 503 612 π;διά3ος
543 551 751 620 αὐχένα
790 553 985 622 ἀνῆλθε
1023 556 1160 622 μετά
1187 574 1347 609 τινων
1390 558 1652 623 λογάδων,
1705 580 1832 615 σκο-

266 645 448 706 πήσων
477 642 526 673 ⁸³
555 643 657 704 τὰς
705 643 1048 715 βαρϐαρικὰς
1086 647 1366 718 δυνάμεις.
1437 652 1612 722 Ὁρῶν
1667 655 1720 706 δὲ
1771 656 1832 708 τὸ

271 730 465 800 πλῆθος
496 732 606 785 τῶν
636 736 883 800 Σκυθῶν,
918 740 1186 805 ἐσφάδαζε
1229 742 1327 812 μὲν
1377 744 1474 812 τὴν
1509 747 1829 816 συμπλοκὴν

269 821 355 872 τοῦ
388 824 657 892 πολέμου,
692 826 1016 882 ἀνεϐάλλετο
1055 831 1130 895 δὲ,
1165 834 1260 900 τὴν
1302 835 1618 904 Ῥωμαῖκίήν
1670 855 1832 908 στρα-

270 914 385 963 τιὰν
430 916 716 968 κατανοῶν
777 919 914 988 μηδὲ
964 922 1022 972 τὸ
1080 925 1368 976 ποῖιλοστὸν
1410 927 1688 990 σώζουσαν
1733 933 1831 998 τῆς

269 1003 372 1053 τῶν
411 1005 716 1074 Βαρϐάρων
759 1008 1058 1078 δυνάμεως.
1111 1015 1446 1069 Ἐπανελθὼν
1469 1019 1522 1071 δὲ
1563 1022 1698 1089 μετὰ
1722 1022 1830 1073 τῶν

271 1095 526 1160 λογάδων,
589 1098 684 1150 τοῦ
733 1100 1014 1154 ὁπλιτικοῦ
1074 1107 1316 1170 παντὸς,
1364 1111 1458 1162 καὶ
1511 1111 1676 1164 αὐτοῦ
1733 1114 1830 1166 τοῦ

281 1187 597 1258 Ἰωαννιάκη
629 1190 675 1220 ⁸⁸
701 1190 1060 1258 διεσκοπεῖτο,
1111 1200 1158 1248 εἰ
1203 1201 1308 1269 χρὴ
1348 1202 1679 1270 προσϐαλεῖν
1719 1207 1830 1268 τοῖς

270 1278 524 1339 Σκύθαις.
575 1281 697 1332 Τῶν
754 1283 810 1335 δὲ
846 1285 979 1354 πρὸς
1028 1288 1187 1340 τοῦτο
1233 1292 1661 1360 ὲποτρυνόντων,
1708 1298 1830 1348 ἐπεὶ

271 1373 358 1423 καὶ
386 1373 548 1434 αὐτὸς
589 1376 791 1443 μᾶλλον
812 1378 946 1446 πρὸς
979 1381 1136 1434 τοῦτο
1167 1383 1510 1456 κατάρῤοπος
1544 1382 1632 1457 ἦν,
1667 1388 1830 1458 τριχῆ

269 1463 453 1514 διελὼν
481 1465 577 1526 τὰς
603 1466 886 1536 δυνάμεις,
921 1472 1013 1524 καὶ
1038 1473 1098 1525 τὸ
1129 1475 1372 1527 ἐνυάλιον
1396 1477 1600 1547 ἠχῆσαι
1638 1481 1828 1534 κελεύ-

274 1574 388 1621 σας,
420 1557 794 1626 ξυμμίγνυται
851 1566 963 1627 τοῖς
1011 1566 1338 1636 Βαρϐἀροις.
1379 1570 1570 1624 Πολλοὶ
1600 1573 1696 1640 μὲν
1737 1570 1830 1627 οὗν

269 1654 565 1717 τηνικαῦτα
627 1655 926 1722 τρωθέντες
974 1658 1252 1724 πίπτουσι,
1309 1661 1609 1714 κτείνονται
1653 1663 1708 1716 δὲ
1735 1665 1830 1734 οὐχ

268 1743 482 1809 ἥττους.
519 1745 629 1795 Καὶ
655 1747 817 1808 αὐτὸς
839 1749 866 1800 ὁ
899 1749 1138 1814 Τζελγοὺ
1182 1753 1448 1818 γενναίως
1500 1754 1826 1823 μαχόμενος,

1942 579 2061 615 cum
2112 565 2613 620 Maurocatacalune
2654 584 2774 622 mox
2831 569 3199 626 lacessendam
3264 574 3506 630 instruit.

1939 656 2033 710 Ille
2060 673 2178 710 cum
2211 659 2348 712 lecto
2389 659 2648 712 comitatu
2707 660 3045 715 tribunorum
3093 664 3508 719 eminentiorem

1941 760 2134 802 ca'tera
2185 748 2407 818 planitie
2442 749 2615 805 locum
2649 761 2887 822 superat,
2923 752 3232 807 barbaricas
3262 755 3384 808 imle
3411 770 3507 809 co-

1940 841 2056 910 pias
2114 843 2491 910 Speculaturus
2535 861 2550 902 :
2597 861 2823 912 quarum
2883 845 3070 914 ingens
3133 848 3507 901 animadversa

1943 938 2226 991 IlltllllllldO
2255 952 2502 1007 magnam
2529 938 2576 991 ei
2611 937 3000 991 dubitationem
3036 938 3232 1007 objrcit
3269 956 3282 990 :
3316 939 3508 1008 ecquid

1939 1042 1969 1078 e
2007 1044 2062 1078 re
2088 1026 2224 1080 foret
2257 1025 2532 1083 Romanas
2567 1043 2687 1098 quae
2716 1028 2789 1082 ibi
2837 1039 2962 1083 tunc
2991 1039 3144 1081 erant
3175 1029 3418 1098 legiones
3442 1045 3510 1082 ne

1939 1136 2059 1170 cum
2087 1128 2240 1184 parte
2278 1119 2494 1187 quidem
2541 1136 2646 1174 una
2689 1119 2753 1174 de
2813 1121 2998 1174 multis
3052 1119 3156 1189 Scy
3189 1120 3297 1174 hici
3349 1135 3508 1180 quem

1939 1211 2217 1275 Specmbat
2251 1212 2522 1265 exercitus
2571 1226 2794 1278 nmuero
2819 1211 3234 1278 comparabilis,
3268 1213 3356 1264 tali
3385 1213 3510 1266 loco

1940 1303 2282 1356 cuinmittere
2317 1318 2439 1356 eum
2473 1303 2774 1356 Barbaris?
2820 1303 2982 1357 Multa
3033 1304 3228 1356 dehinc
3276 1303 3510 1359 reversis

1940 1410 1966 1445 a
2003 1393 2332 1461 speculando
2360 1395 2678 1449 deliberatio
2706 1393 2804 1447 fuit
2836 1394 2961 1463 quid
3000 1395 3140 1446 laeto
3163 1407 3304 1448 esset
3334 1410 3507 1463 opus;

1941 1486 2165 1540 adlnbiti
2202 1503 2264 1541 su
2313 1497 2331 1539 t
2366 1488 2546 1540 czrteri
2575 1488 2881 1541 cohortium
2921 1488 3196 1550 ductores,
3233 1487 3282 1540 in
3315 1487 3511 1554 quibus

1936 1572 2260 1629 Joannaces.
2293 1573 2542 1642 Plerique
2566 1591 2754 1629 omnes
2779 1586 2964 1628 contra
2989 1574 3513 1629 Maurocatacalouis

1939 1667 2288 1728 sententiam,
2325 1681 2428 1720 non
2462 1667 2875 1720 detremaudum
2911 1667 3154 1734 przelium
3187 1667 3508 1729 censebant,

1943 1757 2360 1826 frequentesque
2417 1758 2796 1811 incumbebant
2849 1758 2915 1809 ad
2972 1757 3364 1809 adhortandum
3410 1757 3511 1808 du-

269 1835 358 1885 κὶι
393 1836 522 1898 ὅλας
562 1839 950 1907 συνταράσσων
980 1841 1289 1909 φάλαγγας,
1321 1845 1540 1914 καιρίαν
1579 1847 1830 1916 πληγεὶς,

1944 1865 2081 1912 cem,
2142 1850 2444 1917 prudentia).
2493 1849 2722 1913 ratione,
2780 1865 2885 1902 non
2944 1849 3142 1917 frigore
3193 1847 3359 1900 annui
3418 1856 3511 1900 aut

268 1927 544 1995 ἀέῄρηται
594 1929 689 1996 τὴν
722 1931 924 1999 ψυχήν.
977 1932 1039 1984 Οἱ
1074 1934 1290 1998 πλείους
1318 1935 1372 1987 δὲ
1407 1939 1465 1988 ὲν
1505 1937 1580 2005 τῷ
1606 1941 1832 2006 φεύγειν

269 2017 581 2082 πίπτοντες,
607 2023 686 2083 εἰς
716 2022 805 2073 τὸν
844 2024 1156 2091 ἀναμεταξὺ
1203 2027 1295 2079 τοῦ
1329 2029 1663 2096 καλουμένου
1696 2033 1830 2085 Σκε-

265 2107 466 2171 τεινοῦ,
526 2112 620 2163 καὶ
675 2112 767 2165 τοῦ
810 2114 990 2185 Κούλη
1045 2116 1264 2185 ῥύακα,
1323 2121 1690 2189 ἀπεπνίγοντο
1740 2125 1830 2178 ὑπ’

267 2200 510 2268 ἀλλήλων
544 2205 1013 2274 συμπατούμενοι.
1045 2210 1318 2280 Δαμπρὰν
1350 2213 1532 2265 τοίνυν
1562 2215 1663 2284 τὴν
1691 2216 1833 2269 κατὰ

268 2286 373 2338 τῶν
433 2289 658 2342 Σκυθῶν
707 2293 864 2360 νίκην
925 2297 1188 2365 ἀράμενοι
1231 2300 1280 2351 οἱ
1322 2300 1416 2354 τοῦ
1457 2303 1722 2373 βασιλέως
1766 2307 1832 2371 ⁸⁵,

268 2378 515 2446 εἰσῆλθον
551 2385 630 2446 είς
663 2384 762 2454 τὴν
783 2387 1181 2454 Μεγαλόπολιν.
1218 2393 1438 2459 Δωρεὰς
1467 2395 1638 2448 δὲκαὶ
1671 2399 1836 2466 τιμὰς

270 2467 374 2520 ἀπὸ
429 2470 524 2522 τοῦ
573 2471 841 2542 βασιλέως
899 2478 1189 2549 δεξάμενοι
1244 2483 1386 2536 κατὰ
1429 2486 1489 2538 τὸ
1532 2487 1835 2556 ἀνάλογον,

271 2565 618 2636 ὑπέστρεψαν
670 2575 808 2640 μετὰ
861 2573 952 2626 τοῦ
1009 2576 1313 2646 τηνικαῦτα
1358 2584 1836 2652 προχειρισθέντος

275 2659 510 2726 μεγάλου
535 2662 860 2731 δομεστίκου
893 2668 991 2736 τῆς
1030 2669 1248 2732 Δύσεως
1295 2673 1573 2744 Ἀδριανοῦ
1612 2678 1833 2747 Κομνη-

276 2751 362 2803 νοῦ
398 2755 491 2806 καὶ
535 2758 873 2825 αὐταδέλφου
923 2761 1014 2814 τοῦ
1066 2763 1496 2836 αὐτοκράτορος.
1561 2767 1718 2820 Οὕτω
1778 2768 1834 2822 δὲ

271 2845 375 2896 τῶν
433 2847 575 2898 κατὰ
624 2850 986 2917 Μακεδονίαν,
1041 2853 1136 2906 καὶ
1181 2857 1610 2911 Φιλιππούπολιν
1651 2859 1834 2929 μερῶν

269 2936 657 3006 ἀπελαθέντες,
694 2942 844 3010 παρὰ
876 2943 1054 3015 [περὶ]
1080 2945 1170 2998 τὸν
1201 2949 1412 3019 Ἵστρον
1437 2948 1592 3011 αὖθις
1624 2951 1831 3004 ἐπανα-

271 3027 600 3096 στρέψαντες
635 3033 939 3100 ηὐλίζοντο.

1941 1946 2165 2014 ignavia:
2203 1945 2331 1998 vitio
2356 1955 2720 2006 cunctantem,
2752 1952 2806 1996 ut
2837 1943 3019 1995 virtuti
3047 1957 3156 1996 sum.
3181 1956 3514 2008 suorumque

1943 2035 2152 2088 lideret.
2190 2034 2326 2100 Quid
2367 2032 2574 2086 multa?
2615 2033 2981 2100 pervicerunt.
3036 2033 3261 2100 Ipseque
3296 2031 3511 2084 Mauro-

1941 2126 2184 2180 catacalo
2223 2127 2452 2196 proprize
2473 2125 2848 2196 generositatis
2884 2127 3140 2193 impetum
3185 2123 3512 2178 commilito-

1941 2235 2070 2272 num
2106 2218 2373 2286 suﬂ'ragiis
2397 2219 2680 2287 probatum
2718 2227 2906 2272 contra
2937 2231 3048 2272 smn
3075 2218 3251 2286 ipsius
3276 2216 3512 2270 interdi-

1945 2317 2032 2363 cta
2061 2309 2335 2377 sapientiae
2364 2317 2603 2373 secutus,
2639 2307 2902 2362 trifariam
2933 2309 3136 2363 divisas
3154 2309 3339 2376 copias
3364 2307 3510 2362 ducit

1946 2399 1998 2454 in
2029 2401 2320 2464 Barbaros,
2355 2415 2589 2470 aereque
2626 2416 2748 2454 cum
2795 2400 2926 2468 ipsis
2961 2401 3202 2454 conserit
3244 2399 3510 2468 prmlium,

1946 2508 2054 2560 quo
2086 2493 2294 2546 illorum
2318 2492 2472 2546 multi
2505 2492 2816 2547 vulneribus
2840 2491 3120 2560 prostrati,
3147 2490 3299 2545 multi
3323 2489 3512 2556 occisi,

1946 2584 2148 2654 Tzelgu
2187 2585 2299 2654 ipse
2350 2584 2454 2638 dux
2517 2584 2728 2638 fortiter
2782 2597 3051 2651 pugnans,
3111 2580 3514 2649 phalangesquc

1943 2677 2274 2733 conturbatis
2303 2684 2444 2730 totas
2477 2675 2791 2730 interfecfus
2847 2683 2948 2728 est.
3008 2673 3268 2742 Plerique
3303 2686 3398 2741 per
3431 2670 3515 2724 fu-

1943 2782 2062 2836 gam
2092 2767 2354 2836 trepidam
2388 2765 2591 2822 temei'e
2622 2782 2678 2820 se
2710 2777 2896 2819 mutuo
2922 2767 3262 2821 incurrentes
3288 2762 3513 2817 concul-

1942 2870 2234 2928 eantesque
2264 2859 2495 2928 indeque
2533 2859 2584 2913 in
2618 2859 2929 2928 voraginem
2968 2859 3146 2912 medio
3171 2857 3313 2910 inter
3340 2853 3517 2910 Scoti-

1942 2966 2068 3002 uum
2107 2961 2163 3004 et
2199 2951 2366 3004 Culen
2398 2951 2591 3005 itinere
2637 2952 2872 3004 hiantem
2926 2951 3221 3005 acervatim
3252 2946 3513 3018 prolapsi,
3545 2975 3557 2983 -

1937 3042 2180 3095 suli'oeati
2205 3052 2349 3096 sunt.
2370 3041 2622 3108 Romani,
2647 3044 3226 3114 splemlidaacompotes
3255 3038 3512 3102 victoriae.

268 3122 510 3192 Magnam
547 3127 778 3197 ingressi
821 3132 1116 3195 civitatem,
1165 3145 1446 3203 postquam
1478 3136 1634 3191 donis
1669 3136 1740 3192 ibi
1774 3145 1825 3192 et
1867 3137 2163 3192 honoribus
2207 3152 2304 3205 pro
2337 3136 2602 3206 cujusque
2668 3140 2861 3192 merito
2907 3136 3168 3192 cumulati
3238 3143 3384 3197 sunt,
3431 3146 3518 3185 re-

267 3222 411 3276 diere
440 3238 565 3276 cum
601 3240 771 3292 nuper
802 3235 985 3280 creato
1027 3242 1222 3296 magno
1249 3229 1550 3284 domestico
1611 3230 1922 3286 Occidentis
1983 3229 2224 3284 Adriano
2287 3231 2568 3284 Comneno
2617 3229 2849 3299 Augusti
2893 3230 3079 3282 fratre.
3119 3227 3376 3293 Purgavit
3451 3239 3516 3281 ea

266 3319 489 3374 victoria
528 3320 896 3376 Macedoniam
924 3323 1163 3393 Scythis,
1195 3333 1248 3379 et
1281 3326 1530 3395 regiones
1574 3325 1934 3393 PhilippOpuli
1966 3325 2196 3380 vicinas.
2263 3325 2340 3378 Ex
2403 3325 2600 3393 quibus
2659 3331 2806 3378 retro
2869 3324 3006 3394 pulsi
3060 3325 3202 3378 unde
3260 3328 3518 3378 venerant

267 3409 514 3478 Barbari,
553 3417 762 3470 haesere
794 3426 972 3470 tamen
1035 3421 1118 3474 eis
1173 3417 1371 3473 Istrum
1399 3458 1415 3484 ,
1472 3433 1869 3489 perrexereque
1942 3418 2101 3472 solita
2141 3417 2360 3471 licentia
2385 3418 2625 3488 undique
2647 3416 2986 3486 obiacentem
3013 3414 3386 3471 Romanorum
3418 3415 3516 3469 in-

265 3523 486 3562 cursare
523 3524 587 3562 ac
619 3511 914 3591 deprzedari
939 3513 1218 3566 ditionem.

331 3603 522 3656 Ταῦτα
563 3603 608 3635 ⁸⁸
640 3606 667 3656 ὁ
713 3603 966 3672 βασιλεὺς
1015 3607 1254 3669 ἀκούσας
1286 3609 1384 3662 οὐκ
1413 3610 1694 3679 ἠνέσχετο,
1723 3608 1832 3660 τῶν
1863 3609 1907 3668 C

277 3692 606 3760 Ῥωμαϊκῶν
635 3696 798 3764 ὁρίων
819 3699 948 3749 εἴσω
978 3702 1102 3762 τοὺς
1136 3701 1348 3764 Σκύθας
1386 3706 1692 3770 παροικεῖν,
1726 3703 1843 3770 ἅμα

264 3785 313 3838 δὲ
342 3790 439 3837 καὶ
457 3786 646 3848 δεδιὼς
673 3789 747 3857 μὴ
779 3788 865 3842 διὰ
886 3789 996 3842 τῶν
1025 3794 1314 3845 στενωπῶν
1338 3793 1657 3855 διελθόντες,
1686 3793 1842 3854 αὖθις

263 3879 482 3945 χείρονα
535 3877 643 3930 τῶν
690 3879 970 3948 προτέρων
1024 3882 1468 3949 ἁπεργάσωνται.
1529 3885 1720 3936 Ἔνθεν
1759 3900 1842 3935 τοι

264 3969 812 4038 παρεσκευασμένος.
865 3969 958 4023 καὶ
1015 3972 1192 4032 καλῶς
1245 3971 1533 4034 ὲξοπλίσας
1568 3972 1628 4024 τὸ
1676 3971 1842 4041 στράο

260 4074 466 4128 τευμα,
501 4059 918 4128 καταλαμϐάνει
953 4061 1048 4128 τὴν
1091 4061 1529 4131 Ἀδριανούπολιν
1579 4063 1672 4116 καὶ
1702 4064 1846 4114 ὲκεῖ-

261 4150 353 4202 θεν
379 4152 522 4220 πρὸς
546 4150 638 4202 τὸν
697 4151 946 4219 Λαρδὲαν
997 4152 1108 4221 (83)
1160 4155 1382 4206 ἄπεισιν
1419 4155 1474 4206 ἐν
1527 4153 1844 4224 μεταιχμίῳ

256 4247 360 4312 τῆς
421 4243 762 4310 Δαμπόλεως
791 4243 900 4312 (84)
945 4245 1039 4297 καὶ
1091 4245 1290 4314 Γολὸης
1324 4245 1434 4315 (35)
1473 4244 1842 4314 διακείμενον.

259 4332 512 4388 Κάκεῖσε
565 4338 1065 4404 προχειρισάμενος
1127 4337 1370 4404 ἡγεμόνα
1427 4336 1698 4406 Γεώργιον
1755 4337 1844 4389 τὸν

262 4424 628 4494 Εὑφορϐηνδν
657 4425 705 4455 ⁸⁷
746 4426 888 4478 κατὰ
939 4426 1038 4495 τῆς
1093 4426 1361 4496 Δρίστρας
1401 4428 1706 4480 διαπόντιον
1762 4427 1848 4492 ἐξ·

267 4516 542 4583 ἐπεμψεν.
582 4514 640 4568 '0
670 4515 726 4566 δὲ
760 4516 1114 4586 αὐτοκράτωρ
1144 4517 1236 4568 ἐπὶ
1258 4519 1666 4586 τεσσαράκοντα
1706 4519 1846 4588 ἡμέ-

284 4621 395 4670 ραις
431 4604 600 4658 αὑτοῦ
652 4624 756 4658 που
807 4608 1158 4675 ἐγκαρτερῶν
1212 4609 1276 4672 ⁸⁵,
1330 4610 1429 4670 τὰς
1471 4609 1848 4678 ἁπανταχόθεν

283 4696 528 4767 δυνάμεις
566 4700 979 4768 μετεπέμπετο.
1016 4700 1218 4752 Ἱκανὸν
1249 4701 1305 4752 δὲ
1333 4700 1654 4770 συνειλοχὼς
1687 4702 1848 4772 στρά-

282 4801 448 4855 τευμα
479 4790 826 4850 ἐϐουλεύετο,
861 4793 909 4842 εί
942 4791 1068 4860 χρὴ,
1111 4792 1568 4862 τὰςοκλειοούρας
1599 4792 1848 4860 διεληλυ-

284 4876 418 4943 θότα,
471 4883 568 4951 τὴν
607 4882 750 4950 μετᾶ
813 4882 919 4933 τῶν
979 4882 1202 4934 Σκυθῶν
1245 4883 1608 4946 ἀναδέξασθαι
1642 4883 1842 4953 μάχην,

2009 3605 2065 3659 Id
2124 3607 2420 3669 imperator
2467 3603 2714 3667 audiens,
2759 3611 2812 3656 et
2853 3619 2964 3657 rem
3023 3603 3299 3671 indignam
3365 3613 3518 3659 ratus

1944 3701 2084 3754 intra
2121 3699 2396 3752 Romanos
2435 3698 2568 3750 lines
2614 3697 2816 3762 iujussu
2860 3695 3107 3749 habitare
3141 3694 3406 3764 Scythas;
3441 3695 3516 3747 si-

1945 3793 2054 3846 nml
2087 3801 2328 3845 metuens
2362 3804 2428 3842 ne
2454 3789 2751 3856 penetralis
2782 3789 2976 3840 iterum
3012 3789 3274 3855 angustiis
3321 3802 3516 3841 novam

1943 3882 2112 3953 priori
2147 3878 2598 3948 periculosiorem
2645 3877 3204 3945 perniciosioremque
3257 3877 3519 3944 irruptio-

1945 3989 2063 4026 uem
2097 3971 2435 4031 molirentur,
2468 3967 2769 4022 exercitum
2793 3968 3161 4033 cepiosiesime
3196 3969 3517 4020 instructum

1945 4063 2308 4132 pra-clareque
2339 4068 2604 4114 armatum
2641 4059 2754 4128 ipse
2785 4058 2838 4111 in
2879 4073 2976 4113 eos
3007 4058 3208 4112 ducens
3241 4059 3518 4119 Andriuo-

1945 4157 2109 4226 pulim
2137 4153 2401 4223 processit
2433 4168 2447 4205 :
2483 4152 2714 4221 iudcque
2761 4165 2955 4204 versus
3012 4150 3275 4204 Lardeam
3329 4151 3515 4214 movit,

1944 4249 2124 4303 locum
2163 4248 2302 4300 inter
2332 4242 2630 4311 Dampolim
2661 4252 2714 4296 et
2748 4239 2953 4295 Goloen
2988 4242 3174 4296 situm.
3229 4241 3379 4296 Illinc
3428 4258 3518 4296 se~

1945 4347 2220 4409 grcgatam
2288 4344 2496 4406 partem
2564 4333 2839 4388 exercitus
2909 4333 3045 4387 duce
3110 4333 3210 4400 ipsi
3261 4333 3520 4402 prmfecto

1945 4429 2178 4498 Georgio
2200 4425 2576 4494 Euphorbeuo,
2601 4423 2732 4476 tnari
2757 4424 2979 4480 tendere
2996 4426 3046 4478 iu
3064 4424 3320 4479 Dristram
3336 4426 3517 4496 jussit.

1947 4523 2068 4588 Ipse
2107 4533 2257 4573 mora
2294 4515 2654 4588 quadraginta
2691 4514 2899 4570 dierum
2935 4517 3132 4572 ibidem
3185 4528 3357 4572 tracta
3388 4533 3522 4573 con-

1950 4613 2156 4668 vocatis
2184 4611 2561 4680 undecumque
2594 4612 2787 4681 cepiis,
2841 4626 2964 4664 cum
2991 4610 3106 4679 jam
3140 4611 3393 4665 idoneum
3419 4626 3520 4664 ex-

1948 4708 2178 4759 ercitum
2207 4713 2609 4774 congregasset,
2637 4703 2998 4764 deliberabat,
3027 4704 3220 4773 ecquid
3244 4703 3523 4773 expediret

1949 4797 2202 4851 claustris
2233 4797 2602 4866 transgressis
2649 4795 2849 4850 adoriri
2889 4793 3139 4866 Scythas,
3175 4796 3298 4849 belli
3348 4797 3522 4848 fortu-

1951 4906 2073 4942 nam
2109 4890 2344 4957 experiri
2372 4888 2578 4958 praelio,
2615 4886 2668 4940 In
2701 4887 2860 4957 190
2881 4895 3087 4955 partem
3113 4887 3346 4941 aientem
3375 4885 3529 4939 haud

281 4967 357 5020 (ιύ
389 4972 507 5044 χρὴ,
539 4973 742 5042 λέγων,
775 4972 1085 5042 ἐκεχειρίαν
1118 4975 1255 5034 ὅλως
1306 4977 1418 5037 τοῖς
1449 4976 1685 5040 Σκύθαις
1713 4977 1838 5029 δίδο-

1954 4983 2188 5035 obseura
2221 4991 2341 5034 erat
2373 4979 2652 5033 inclinatio
2692 4979 2945 5049 Augusti,
2979 4979 3276 5032 dietitantis
3313 4981 3535 5030 iustae--

1340 5117 1538 5176 Variae
1571 5117 1885 5179 lectiones
1912 5136 1994 5179 ex
2027 5119 2163 5179 cod.
2204 5115 2474 5178 Coislin.

345 5238 382 5269 ⁸³
403 5248 734 5304 κατασκοπῇ
747 5253 878 5288 σων.
954 5237 1000 5268 ⁵⁵
1029 5235 1396 5293 Ἰωαννακῖου.

627 5517 651 5542 ο

267 5659 279 5670 ο
341 5597 439 5670 (85)
472 5597 780 5666 Λαρδέιιν.
821 5593 1074 5670 occurrit
1107 5595 1261 5653 locus
1289 5601 1390 5652 iste
1434 5599 1573 5668 apud
1609 5597 1853 5652 Nicctam

261 5665 322 5712 Ῑη
352 5665 520 5724 lsaac.
553 5665 654 5722 lib.
683 5683 740 5725 ll,
782 5682 836 5716 ιι.
879 5665 931 5717 1.

334 5738 376 5798 (8
391 5742 435 5810 ι)
468 5735 865 5808 Δαμπόλεως,
899 5735 1196 5806 Dantpolis,
1227 5737 1486 5809 φρ·;ύριον
1540 5739 1680 5792 haud
1715 5753 1844 5808 pro-

1472 5241 1517 5271 ⁸⁸
1563 5242 1768 5294 Desunt
1835 5255 1996 5292 voces
2031 5237 2198 5288 οξ.τοῦ

273 5305 671 5378 τὴνήμεδαπὴν
722 5308 929 5368 ἀνέτως
983 5306 1160 5369 πάντη
1191 5308 1579 5374 παροικοῦντες
1615 5311 1910 5381 ἐληΐζοντο.
1968 5306 2174 5360 Ταῦτα.

2233 5237 2519 5308 βασιλέως.
2574 5238 2645 5308 A"
2677 5237 2986 5308 ηὐλίζοντο,
3012 5242 3106 5308 καὶ
3130 5237 3320 5308 ὥσπερ
3361 5238 3504 5293 ἰδίαν

2252 5307 2297 5337 ⁸⁷
2339 5306 2635 5378 Φορΰηνόν.
2698 5306 2758 5338 ⁷⁸⁸
2792 5306 3098 5375 καρτερῶν.

1315 5451 1452 5512 Car.
1496 5450 1821 5512 Dufresnii
1871 5450 1964 5510 Du
1996 5444 2224 5523 Cangii
2253 5451 2442 5507 notua.

1964 5597 2055 5652 cul
2089 5595 2157 5648 ab
2186 5591 2569 5663 Adrianopoli,
2599 5589 3002 5663 Scylitzaagpag.
3037 5590 3166 5663 783.

1955 5738 1987 5791 Γ
2034 5666 2144 5734 (85)
2197 5659 2454 5787 Γεὲέηςζ
2499 5659 2830 5720 Memoratur
2857 5660 3027 5716 Goloe
3055 5662 3123 5718 ab
3152 5660 3344 5718 eodem
3394 5659 3524 5734 Scy-

1976 5749 2081 5792 itze
2102 5749 2222 5805 pag.
2257 5749 2273 5785 ι
2329 5747 2369 5787 ι.
