4022 6270
560 298 668 358 535

1869 288 2080 354 ΑΝΝᾸΞ

2225 294 2500 354 ΜΝΕΝιΈ
3648 299 3748 362 536.

561 409 688 461 dum
717 405 898 466 victis,
937 419 1034 459 nec
1059 404 1443 474 indulgendum
1467 415 1524 461 ut
1558 407 1675 462 loco
1706 407 1814 460 ullo
1852 409 2118 461 consiste-

2225 407 2368 468 σθαι,
2405 406 2628 467 εἰκότως
2652 406 2808 460 τοῦτο
2838 403 2968 472 περὶ
2997 399 3228 456 τουτωνὶ
3259 400 3306 433 ⁵⁵
3336 399 3612 472 Βαρϐάρων
3639 423 3745 461 σκο.

560 505 702 552 rent.
727 495 869 550 Sane
901 496 1360 561 importunissima
1409 497 1601 551 horum
1635 499 1944 566 praedonum
1993 497 2125 550 vici-

563 589 650 642 nia
683 597 837 655 erat;
868 605 1045 662 neque
1095 592 1239 642 enim
1277 604 1437 642 unam
1489 590 1722 659 aliquam
1773 606 1834 644 ex
1895 599 2124 656 quatuor

557 679 686 735 anni
719 681 1128 748 tempestatibus
1167 679 1416 735 feriatam
1455 680 1730 736 habebant
1781 681 1992 746 saltem,
2032 689 2126 735 aut

559 785 681 824 cum
713 786 812 840 per
836 781 1080 827 aestatem
1109 783 1272 841 atque
1301 783 1620 828 autumnum
1661 773 1840 827 omnia
1895 773 2002 826 late
2042 774 2125 825 in-

560 862 905 918 cursionibus
964 873 1293 930 vastassent,
1364 879 1460 932 per
1521 865 1754 919 hiemem
1816 864 2121 919 cessabant.

561 951 764 1007 Verum
797 953 1130 1008 continuatis
1183 969 1290 1008 uno
1347 964 1533 1009 tenore
1589 954 1792 1009 furoris
1835 955 2124 1011 duodecim

561 1045 690 1100 totis
714 1047 1000 1102 mensibus.
1045 1061 1216 1107 annos
1248 1048 1472 1118 insuper
1505 1048 1692 1118 plures
1729 1064 1830 1103 una
1863 1058 2123 1119 perpetua

559 1137 883 1194 calamitatis
911 1139 1266 1196 intolerabilis
1289 1141 1584 1196 acerbitate
1603 1141 1939 1210 conjunxere
1963 1143 2126 1198 tantis

560 1223 926 1281 Romanorum
979 1227 1131 1282 malis
1167 1245 1229 1284 ac
1254 1229 1465 1288 damnis
1495 1241 1754 1286 uteorum
1789 1232 1875 1286 vix
1915 1241 2122 1298 partem

559 1330 590 1369 e
620 1315 806 1370 multis
835 1331 996 1370 unam
1028 1321 1243 1386 assequi
1294 1321 1574 1385 memoria,
1609 1329 1663 1374 et
1689 1321 1972 1391 complecti
2003 1337 2126 1376 nar-

563 1407 728 1460 rando
754 1407 1052 1464 valeamus.
1087 1411 1388 1465 Accedebat
1423 1411 1608 1467 horum
1644 1414 2001 1469 intractabilis
2033 1431 2127 1470 ua-

563 1505 680 1548 tura
721 1495 1080 1554 Barbarorum
1114 1508 1165 1554 et
1192 1501 1387 1554 eximia
1425 1517 1533 1571 prae
1563 1505 1774 1560 caeteris
1801 1505 2124 1572 pertinacia,

559 1589 800 1656 atquein
831 1589 954 1643 odio
988 1591 1222 1646 nominis
1269 1591 1500 1651 Romani
1547 1593 1843 1649 obstinatio
1903 1611 2126 1664 prorsus

557 1681 944 1736 irrevocabilis.
975 1682 1179 1738 Nullius
1207 1701 1441 1754 unquam
1477 1702 1658 1740 eorum
1695 1687 1745 1740 in
1771 1688 1873 1742 ﬁde
1903 1703 2121 1742 suarum

556 1773 787 1833 partium
834 1773 1083 1829 titubavit
1127 1785 1220 1829 aut
1278 1778 1579 1832 alternasse
1605 1780 1751 1834 visus
1789 1789 1872 1836 est
1903 1791 2123 1835 senten-

557 1863 707 1914 tiam.
755 1859 924 1918 Nemo
958 1872 1035 1918 tot
1069 1881 1333 1920 annorum
1391 1869 1567 1936 spatio
1611 1871 1807 1938 quibus
1865 1873 2120 1928 bellatum

553 1961 660 2015 est,
689 1967 792 2006 non
824 1953 942 2008 dico
969 1965 1182 2024 sponte,
1223 1960 1320 2011 sed
1343 1974 1412 2011 ne
1443 1961 1789 2028 amplissimis
1815 1963 2028 2032 quidem
2057 1967 2122 2018 ab

557 2043 888 2111 imperatore
934 2045 1196 2103 invitatus
1235 2051 1474 2117 praemiis
1532 2051 1614 2105 vel
1658 2053 1960 2108 clanculum
2011 2056 2122 2111 iur-

554 2137 721 2192 timve
747 2137 811 2191 ad
843 2151 942 2190 nos
975 2139 1282 2209 transfugit.
1317 2139 1442 2196 Haec
1470 2142 1707 2213 taliaque
1735 2145 2008 2216 Augustus
2037 2164 2125 2204 re-

557 2237 749 2296 putans
795 2230 1100 2285 audendum
1135 2249 1323 2300 manu,
1354 2243 1408 2290 et
1443 2251 1616 2306 genus
1650 2236 1752 2292 alio
1785 2239 1944 2294 modo
1971 2242 2123 2296 indo-

556 2319 744 2372 mitum
788 2319 935 2375 ferro
997 2323 1355 2379 excidendum
1417 2329 1672 2382 censebat
1729 2332 2120 2406 suadebatque.

553 2409 852 2466 Obstabaut
903 2411 1238 2484 Nicephorus
1269 2417 1532 2487 Bryenius
1579 2429 1632 2474 et
1692 2419 2122 2483 Maurocatacalo

551 2499 863 2566 Gregorius,
893 2517 1049 2572 quem
1080 2505 1372 2574 imperator
1401 2519 1616 2579 captum
1647 2527 1676 2565 a
1707 2511 1922 2585 Scythis
1950 2523 2123 2588 pretio

551 2590 908 2657 quadraginta
944 2591 1166 2646 millium
1198 2599 1522 2650 redemerat.
1547 2598 1642 2654 llis
1667 2605 1982 2672 neutiquam
2008 2609 2122 2676 pla-

552 2678 710 2730 celat
739 2694 905 2746 prope
932 2680 1131 2734 lstrum
1164 2697 1284 2737 cum
1339 2685 1554 2753 Scythis
1608 2690 1724 2743 acie
1761 2693 1997 2748 decerni.
2054 2696 2123 2748 At

550 2765 885 2837 Palteologus
928 2769 1193 2841 Georgius
1232 2783 1286 2828 et
1317 2773 1571 2832 Nicolaus
1608 2777 2040 2840 Maurocatacalo
2071 2796 2124 2842 et

553 2863 600 2916 si
636 2864 726 2933 qui
769 2865 861 2918 alii
892 2875 1055 2920 aetate
1104 2883 1166 2923 ac
1218 2867 1418 2924 ferocia
1465 2871 1693 2940 juvenes
1744 2877 2124 2936 incumbebant

555 2955 869 3025 frequentes
898 2957 952 3012 in
987 2959 1313 3016 sententiam
1360 2965 1606 3034 Augusti,
1661 2969 1906 3040 ultroque
1954 2973 2124 3028 insta-

2225 499 2424 564 πήσας.
2467 495 2600 548 Οὐδὲ
2641 495 2750 566 γὰρ
2802 495 2910 548 ἀπό
2943 511 3086 556 τινος
3126 493 3318 560 καιροῦ
3355 493 3462 546 τῶν
3497 497 3744 564 τεσσάρων

2225 589 2636 660 καταρξάμεναι
2658 589 2714 640 αἱ
2739 587 2847 640 τῶν
2874 584 3099 638 Σκυθῶν
3129 583 3399 654 προνομαλ⁵
3421 584 3495 646 είς
3523 585 3607 637 τὸν
3634 588 3746 654 ἑφε.

2226 681 2324 750 ξῆς
2375 679 2697 748 κατέληγον,
2749 679 2940 747 θέρους
2975 676 3136 746 τυχὸν
3197 676 3277 737 είς
3316 673 3406 727 τδν
3457 677 3630 746 καιρὸν
3664 679 3750 748 τῆς

2223 771 2467 842 ὀπώρας.
2493 771 2524 838 ἢ
2551 771 2642 823 καὶ
2670 768 2939 840 χειμῶνος
2965 768 3022 820 ὲν
3053 764 3380 836 φθινοπώρῳ
3410 767 3746 834 παυσάμεναι.

2227 861 2360 915 Οιίδὲ
2399 859 2594 922 κύκλος
2619 854 2700 922 εἷς
2723 857 2996 920 ἐνιαύσιος
3027 857 3180 908 τουτὶ
3208 855 3269 907 τὺ
3294 855 3460 908 κακδν
3489 857 3752 927 περιέγρα-

2223 953 2345 1022 ψεν.
2377 951 2520 1005 Ἀλλ’
2553 952 2637 1019 ἐφ’
2678 950 2884 1011 ἱκανοῖς
2928 948 3074 1000 ἔτεσι
3107 945 3177 1000 τά
3219 945 3501 1015 Ῥωμαίων
3545 945 3754 1016 ὲκυμαί-

2226 1062 2366 1104 νετο,
2405 1041 2508 1098 κᾶν
2545 1043 2608 1096 ὲκ
2663 1041 2873 1095 πολλῶν
2921 1039 3116 1108 ὀλίγων
3156 1039 3318 1092 τινῶν
3356 1037 3504 1090 αὐτοὶ
3546 1038 3757 1107 ἐπεμνή-

2229 1135 2457 1206 σθημεν.
2487 1133 2623 1188 Οὐδὲ
2659 1131 2870 1194 διπλοῖς
2928 1129 3302 1200 ἐμερίσθησαν
3350 1129 3755 1206 λογισμοῖς,κῖιν

2225 1229 2252 1282 ὁ
2283 1226 2638 1296 αὐτοκράτωρ
2666 1223 2925 1284 πολλάκις
2943 1219 3032 1274 διὰ
3057 1219 3327 1272 παντοίων
3347 1217 3566 1280 τούτους
3599 1218 3756 1286 ἐφείλ-

2226 1334 2372 1372 κετο.
2417 1315 2559 1370 Ἀλλ’
2591 1314 2714 1367 οὐδέ
2737 1332 2820 1376 τις
2845 1312 3036 1369 λαθὼν,
3059 1311 3195 1382 πρὸς
3223 1312 3318 1364 τδν
3354 1309 3572 1379 βασιλέα
3605 1312 3758 1380 ἀπην-

2225 1409 2524 1479 τομόλησεν
2569 1407 2652 1471 ⁸⁸,
2713 1405 2793 1458 ἔτι
2842 1403 3174 1473 ἀμετάθετον
3216 1401 3354 1464 τέως
3409 1401 3506 1470 τὴν
3552 1400 3758 1470 γνώμην

2227 1503 2466 1570 ἔχοντες.
2509 1501 2571 1552 '0
2601 1499 2698 1568 μὲν
2737 1496 2830 1550 οὖν
2863 1496 3177 1564 Νικηφόρος
3203 1495 3231 1546 ὁ
3269 1491 3520 1563 Βρυένιος
3544 1493 3606 1554 ⁸¹,
3637 1494 3760 1546 καὶὸ

2225 1590 2749 1663 Μαυροκατακαλὼν
2777 1587 3079 1660 Γρηγόριος
3095 1587 3154 1640 δν
3187 1585 3356 1656 τιμῆς
3381 1583 3764 1653 τεσσαράκοντα

2226 1685 2483 1754 χιλιάδων
2549 1685 2576 1737 ό
2633 1681 2884 1750 βασιλεὺς
2916 1678 3068 1747 παρὰ
3101 1677 3210 1732 τῶν
3259 1675 3482 1728 Σκυθῶν
3507 1674 3768 1728 ἑαλωκότα

2227 1777 2473 1847 ἐπρίατο,
2526 1773 2778 1842 οὐδαμῶς
2839 1770 2930 1823 τδν
2989 1769 3128 1838 μετὰ
3157 1769 3262 1822 τῶν
3298 1767 3521 1821 Σκυθῶν
3565 1765 3767 1821 κατὰτὸ

2228 1869 2541 1938 περίστριον
2569 1865 2910 1932 συνεχώρουν
2957 1859 3216 1929 πόλεμον.
3261 1857 3324 1911 '0
3363 1858 3421 1911 δέ
3468 1875 3530 1924 γε
3559 1857 3767 1908 Παλαισ-

2225 1960 2381 2027 λόγος
2407 1957 2698 2027 Γεώργιος,
2730 1953 2826 2007 καὶ¹
2867 1951 3132 2013 Νικόλαος
3177 1951 3204 2002 ό
3247 1945 3767 2020 Μαυροκατακαλὼν,

2226 2051 2320 2104 καὶ
2347 2050 2532 2102 ὁπόσοι
2559 2047 2709 2100 ἄλλοι
2737 2045 2846 2098 νέοι
2876 2043 2968 2096 καὶ
2994 2041 3360 2111 ἀκμάζοντες,
3393 2040 3470 2110 τῷ
3507 2039 3595 2092 τοῦ
3631 2038 3766 2104 βασι-

2224 2145 2361 2206 λέως
2393 2140 2795 2212 προσκείμενοι
2813 2136 3080 2205 θελήματι
3127 2133 3436 2200 ἐπέτρεπον
3487 2129 3554 2183 τὰ
3605 2129 3771 2196 τέμπη

2225 2235 2317 2290 τοῦ
2350 2211 2523 2302 Αἴμου
2554 2231 2663 2304 (86)
2700 2211 2950 2289 διελθεῖν,
2983 2225 3078 2278 καὶ
3103 2223 3242 2277 κατὰ
3261 2224 3322 2275 τὸ
3346 2221 3660 2292 παρίστριον
3685 2219 3773 2285 τὴν

2229 2327 2367 2396 μετὰ
2403 2324 2511 2378 τῶν
2541 2321 2764 2376 Σκυθῶν
2811 2316 3172 2381 ἀναδέξασθαι
3223 2317 3426 2386 μάχην.
3463 2313 3566 2366 Σὺν
3595 2307 3670 2372 οἷς
3692 2309 3776 2362 καὶ

2225 2421 2276 2472 oi
2305 2418 2398 2471 δύο
2423 2417 2557 2479 υἱεῖς
2589 2412 2869 2481 Διογένους
2893 2408 2988 2462 τοῦ
3035 2405 3442 2476 αὐτοκράτορος
3483 2403 3778 2470 Νικηφόρος

2225 2524 2282 2560 τε
2312 2505 2406 2559 καὶ
2429 2504 2604 2564 Λέων,
2632 2501 2684 2553 οἳ
2715 2499 2852 2568 μετά
2891 2498 2952 2550 τὸ
2985 2493 3345 2565 ἀνενεχθῆναι
3389 2493 3555 2546 αὐτὸν
3591 2490 3666 2551 είς
3691 2489 3781 2556 τὴν

2224 2597 2323 2667 τῆς
2349 2593 2626 2664 βασιλείας
2677 2588 2965 2660 περιωπὴν
3012 2589 3069 2641 ὲν
3120 2589 3186 2658 τῇ
3223 2585 3490 2655 πορφύρᾳ
3533 2582 3592 2646 ἐξ
3629 2575 3776 2667 αὑτοῦ

2224 2665 2522 2759 ἐτέχθησαν
2545 2687 2611 2739 θ’.
2649 2683 2716 2738 Ἢ
2737 2683 2792 2736 δὲ
2827 2679 3085 2751 πορφύρα
3115 2677 3326 2746 οἴκημά
3376 2675 3436 2728 τί
3469 2677 3586 2727 ἐστι
3651 2665 3779 2723 κατὰ

2223 2782 2292 2836 τὰ
2321 2781 2601 2850 ἀνάκτορα
2629 2775 2688 2842 ἐξ
2715 2773 2884 2843 αὐτῆς
2911 2773 3008 2842 τῆς
3035 2769 3244 2840 βάσεως
3275 2767 3442 2840 μέχρι
3471 2765 3572 2834 τῆς
3599 2762 3778 2834 ὀρόφου

2223 2865 2592 2943 κινήσεωςδιὰ
2649 2865 2992 2937 τετραγώνου
3046 2859 3550 2930 συμπληρούμενον
3585 2855 3780 2943 σχῆμα·

2224 2942 2342 3031 τος,
2368 2964 2578 3018 ἐκεῖθεν
2618 2961 2675 3015 δὲ
2711 2962 2791 3022 εἰς
2817 2955 3097 3027 πυραμίδα
3120 2950 3508 3006 ἀποτελευτῶν
3536 2988 3551 3012 ,
3581 2942 3782 3013 ἀφορῶν

556 3048 687 3099 bant
715 3055 772 3099 ut
803 3045 955 3102 trans
994 3047 1160 3103 Haemi
1193 3057 1372 3122 tempe
1401 3031 1646 3122 duceret,
1676 3031 1898 3129 acieque
1925 3061 1978 3114 in
2007 3063 2122 3132 pla-

2225 3060 2320 3128 μὲν
2368 3057 2444 3119 ὡς
2495 3055 2632 3125 πρὸς
2693 3052 2961 3106 θάλατταν
3011 3045 3150 3116 πρὸς
3197 3043 3297 3097 τὸν
3339 3031 3780 3138 ).ιμένα,.οὗπε.ρ

555 3136 686 3190 nitie
714 3137 852 3194 Istro
881 3139 1057 3194 vicina
1098 3149 1298 3196 structa
1325 3145 1565 3212 praelium
1599 3125 1963 3208 commit-teret
1994 3125 2116 3210 cum

2225 3125 2270 3202 οί
2317 3147 2558 3216 πέτρινοι
2585 3143 2706 3212 βόες
2763 3142 2858 3195 καὶ
2902 3142 2950 3192 oi
2995 3138 3226 3200 λέοντες,
3268 3135 3362 3188 διὰ
3412 3129 3712 3204 μαρμάρων
3735 3125 3784 3176 δὲ

555 3228 794 3296 Scythis.
845 3231 1174 3300 Magnopere
1217 3234 1357 3290 idem
1391 3239 1691 3297 suadebant
1723 3241 1817 3298 lilii
1859 3246 1964 3301 duo
1995 3247 2122 3304 Dio-

2225 3241 2280 3294 τό
2329 3256 2390 3292 τε
2454 3238 2647 3304 ἔδαφος
2711 3233 3079 3302 κατέστρωτο,
3137 3229 3232 3280 καὶ
3296 3229 3346 3280 οἱ
3405 3227 3574 3293 τοῖχοι
3615 3231 3784 3286 περιε-

555 3319 706 3388 genis
732 3319 956 3391 Augusti
990 3323 1321 3394 Nicephorus
1350 3336 1406 3381 et
1439 3328 1568 3396 Leo,
1599 3333 1690 3401 qui
1725 3344 1844 3401 post
1873 3346 2116 3392 evectum

2225 3330 2525 3393 στέλλοντο,
2554 3326 2615 3378 οὗ
2638 3325 2748 3378 τῶν
2771 3321 3066 3392 τυχόντων,
3099 3317 3222 3371 οὐδὲ
3263 3319 3382 3370 τῶν
3411 3315 3589 3414 ἄλλων
3617 3309 3784 3414 mdia:

555 3410 730 3478 ipsum
761 3412 813 3465 in
861 3411 1073 3483 imperii
1137 3417 1344 3484 apicem
1383 3433 1448 3474 ex
1495 3435 1559 3476 eo
1611 3423 1664 3478 in
1705 3423 1952 3494 Purpura
2006 3433 2117 3485 nati

2225 3419 2659 3491 εὐποριστότεροι
2713 3413 2822 3468 τῶν
2865 3413 3210 3481 τιμιωτέρων
3237 3407 3422 3460 λίθων
3457 3404 3620 3502 εἰσιν,
3678 3395 3770 3502 ἀλλ

551 3510 727 3556 erant.
760 3501 854 3558 Est
888 3515 1066 3560 autem
1093 3506 1338 3576 Purpura
1364 3511 1650 3567 aedilicium
1676 3516 1944 3582 quoddam
1975 3519 2116 3576 intra

2225 3517 2280 3582 ἐξ
2320 3508 2393 3567 ὧν
2457 3512 2564 3564 ἀπὸ
2625 3508 2846 3576 Ῥώμης
2889 3505 2939 3558 οἱ
2991 3499 3286 3567 ἀνέκαθενς
3323 3497 3572 3568 βασιλεῖς
3605 3495 3787 3544 ἐπεσύ-

552 3603 707 3661 εοριε
757 3595 1049 3665 imperialis
1095 3599 1278 3668 palatii
1309 3603 1377 3656 ab
1411 3602 1522 3670 ipsa
1555 3604 1671 3660 basi
1703 3622 1873 3678 usque
1900 3611 1966 3664 ad
1997 3613 2120 3666 terti

2229 3623 2389 3678 ραντο
2417 3605 2480 3656 ⁸³.
2521 3603 2678 3654 Ἐστι
2699 3599 2754 3652 δὲ
2786 3589 2940 3657 οὗτος
2964 3596 2993 3648 ὁ
3026 3593 3176 3656 λίθος
3196 3591 3342 3654 ὅλως
3374 3588 3422 3622 ⁸⁸
3447 3586 3640 3648 είπεῖν,
3667 3593 3786 3678 stop:

553 3685 877 3754 suggrundia
911 3689 1171 3757 quadrata
1200 3702 1568 3750 constructum
1629 3696 1804 3753 forma
1851 3717 1865 3752 :
1903 3700 2027 3756 hinc
2067 3702 2118 3758 in

2226 3667 2431 3768 φυροῦς
2459 3695 2528 3747 δι’
2556 3692 2702 3752 ὅλου,
2728 3687 2824 3744 καὶ
2855 3681 2970 3740 οἷον
3001 3683 3286 3752 στίγματὰ
3311 3698 3441 3735 τινα
3487 3667 3784 3768 ψαμμοειδῆ

551 3776 892 3840 pyramidem
940 3777 1210 3836 desinens.
1245 3779 1596 3852 Prospectum
1629 3789 1790 3843 habet
1820 3803 1968 3843 mare
1999 3805 2122 3845 ver-

2225 3761 2396 3842 λευκά
2427 3784 2576 3856 αὐτῷ
2605 3781 3040 3852 περιτρέχουσιν.
3084 3777 3184 3828 Ἐκ
3222 3769 3467 3828 τουτωνὶ
3493 3769 3601 3821 τῶν
3641 3761 3786 3856 λίθων

553 3877 668 3930 sus,
699 3865 752 3918 in
779 3881 899 3921 eum
933 3879 1141 3937 portum
1175 3873 1232 3926 in
1283 3889 1392 3943 quo
1423 3875 1632 3944 lapidea
1669 3879 1920 3934 visuntur
1955 3883 2115 3937 boum

2227 3875 2382 3949 οἶμαι
2437 3854 2728 3945 πορφύραν
2775 3873 2836 3924 τδ
2890 3871 3120 3939 οῐκημα,
3178 3867 3232 3920 οι
3275 3862 3560 3920 ἀνέκαθεν
3597 3854 3788 3922 ὠνόμα-

553 3963 608 4008 et
651 3956 864 4011 leonum
898 3963 1210 4019 simulacra.
1253 3964 1378 4020 Sola
1432 3969 1789 4024 exbedrarum
1848 3983 2121 4028 constrata

2229 3990 2349 4028 σαν.
2387 3972 2526 4026 Ἀλλ’
2555 3972 2690 4040 ὅπερ
2713 3968 2922 4034 ἔλεγον.

558 4062 833 4105 marmore
866 4069 881 4107 :
909 4053 1143 4122 parietes
1201 4067 1511 4112 crustarum
1573 4075 1639 4114 ex
1699 4053 1886 4117 eodem
1943 4065 2121 4134 lapide
2160 4065 2386 4120 tectorio
2421 4064 2694 4120 renident.
2743 4059 2979 4113 Marmor
3001 4069 3164 4126 porro
3193 4053 3349 4109 istud
3421 4064 3531 4106 non
3565 4046 3630 4144 de
3683 4033 3790 4144 lfu"

553 4140 668 4210 gari
713 4155 932 4208 genere,
997 4154 1091 4196 aut
1149 4145 1379 4199 modicis
1445 4149 1688 4213 parabile
1753 4153 2310 4222 sumptibus,verum
2378 4153 2643 4222 ejusmodi
2670 4151 2812 4220 quod
2848 4155 3070 4217 propter
3101 4143 3369 4200 eximiam
3430 4137 3785 4194 επεθί¹θ¹¹¹ί²¹¹¹

552 4235 764 4303 priores
795 4235 1156 4301 imperatores
1183 4239 1402 4306 quando
1433 4241 1619 4294 sedem
1667 4242 1880 4312 imperii
1951 4245 2273 4315 Byzantium
2323 4245 2721 4302 transtulerunt
2775 4243 3061 4308 deportare
3109 4237 3216 4292 huc
3297 4249 3484 4304 usque
3546 4247 3578 4287 a
3634 4229 3786 4283 Roma

533 4333 736 4378 vet-ere
761 4325 896 4376 tanti
922 4323 1196 4378 duxerint.
1230 4324 1324 4379 Est
1363 4327 1409 4380 is
1445 4327 1586 4398 lapis
1644 4345 1948 4401 purpureus
1996 4335 2112 4390 fere
2152 4343 2296 4393 totus
2330 4353 2343 4389 :
2373 4335 2476 4390 nisi
2539 4327 2681 4402 quod
2729 4327 3002 4400 punctulis
3077 4339 3314 4380 arenosa
3355 4325 3620 4379 tenuitate
3679 4333 3787 4388 pas-

551 4416 652 4469 sim
687 4417 949 4484 i-uspersis
991 4416 1280 4472 candicat:
1309 4435 1533 4491 meaque
1561 4427 1832 4482 sententia
1863 4435 1965 4497 est,
1999 4444 2029 4484 a
2056 4429 2237 4486 colore
2293 4433 2482 4486 borum
2508 4428 2746 4497 lapidum
2789 4423 2966 4479 aulam
3017 4422 3178 4477 istam
3199 4417 3521 4488 Purpuram
3563 4433 3590 4470 a
3615 4411 3788 4486 priscis

549 4509 771 4562 dictam.
804 4509 986 4563 Redeo
1013 4509 1080 4562 ad
1111 4525 1244 4564 rem.

619 4599 754 4654 Cum
791 4601 983 4654 victrix
1016 4599 1250 4654 audendi
1287 4605 1552 4659 sententia
1615 4607 1862 4666 tubarum
1887 4615 2121 4683 undique

2309 4613 2396 4674 Ὠς
2447 4606 2542 4663 οὗν
2593 4611 2626 4679 ἡ
2681 4605 2915 4671 σάλπιγξ
2981 4602 3124 4673 μέγα
3173 4601 3449 4672 ἠχήσατα
3487 4599 3656 4654 ἅπασι
3699 4596 3786 4660 τὴν

552 4690 903 4760 clangoribus
949 4693 1052 4746 iter
1083 4691 1150 4746 ad
1185 4691 1424 4750 Haemum
1463 4695 1722 4754 adversus
1762 4701 1992 4773 Scythas
2029 4707 2115 4759 in-

2228 4704 2363 4774 πρὸς
2389 4702 2480 4754 τὸν
2514 4695 2685 4768 Αἷμον
2713 4699 2830 4751 ὁδὸν
2855 4694 3016 4748 οἱονεὶ
3045 4691 3184 4746 κατὰ
3230 4693 3350 4744 τῶν
3383 4691 3608 4744 Σκυθῶν
3639 4687 3786 4758 προύο

1595 4813 1792 4876 Variae
1830 4805 2137 4879 lectiones
2186 4835 2262 4878 ex
2295 4817 2434 4878 cod.
2472 4813 2740 4874 Coislin.

619 4911 663 4941 ⁸³
716 4907 928 4960 τουτονὶ
954 4907 1079 4960 τῶν.
1159 4907 1225 4990 ‘1
1255 4907 1712 4990 ἀπηυτομόλησεν
1803 4917 1845 4948 ⁸³
1881 4919 2199 4990 Βρυέννιος.
2226 4919 2317 4990 Sic
2335 4931 2563 4990 semper
2587 4923 2729 4986 post.
2753 4915 2796 4945 “
2825 4907 3474 4980 ἐτέχθησαν.κὰντεῦθεν
3535 4923 3784 4978 πορφυρο-

550 4979 798 5050 γέννητοι
855 4976 1389 5049 προσηγορεύθησαν.
1427 4976 1480 5052 ή’
1513 4976 1605 5038 δέ.’
1669 4985 1720 5018 ⁸³
1744 4976 2087 5057 ἐπεσύροντο.
2144 4976 2210 5020 ⁷⁸⁸
2241 4987 2300 5041 τδ
2329 4988 2467 5041 ὅλον.

1607 5137 1746 5199 Car.
1777 5137 2098 5201 Dufresnii
2128 5143 2220 5201 Du
2263 5139 2490 5218 Cangii
2535 5149 2724 5201 notae.

626 5239 738 5309 (86)
775 5241 850 5294 Τὰ
877 5239 1070 5311 τέμπη
1095 5239 1198 5296 τοῦ
1229 5239 1440 5316 ᾼῗμου.
1473 5237 1674 5310 Tempe
1671 5241 1898 5316 __n_tonti_s
1925 5239 2116 5316 litrmi,

2225 5241 2360 5316 aiter
2408 5241 2477 5294 ad
2517 5257 2736 5316 partium
2763 5251 2838 5294 est
2874 5257 3105 5316 amnem,
3143 5227 3786 5316 (ίκειη--διοτιξίεπιη

555 5307 830 5380 clusuras,
881 5307 974 5364 seu
1011 5307 1342 5372 στενωποὺς,
1375 5315 1435 5363 ut
1467 5307 1626 5380 vocat
1671 5309 2117 5380 TheOpbylactus
2221 5313 2344 5376 gari
2372 5307 2579 5364 vocant.
2618 5311 2748 5365 Vide
2782 5311 3029 5380 eumdem
3071 5327 3124 5364 ιι.
3150 5307 3258 5380 29.
3299 5309 3464 5364 Viam
3497 5307 3706 5380 Traiani
3733 5307 3780 5348 in

555 5377 894 5450 Symocattai
945 5380 1042 5432 lib.
1077 5395 1136 5442 ιι,
1165 5395 1287 5450 cap.
1335 5379 1722 5450 ii,_describit
1755 5376 2114 5450 Lennelavius
2221 5381 2404 5434 Haemo
2442 5393 2622 5434 monte
2671 5379 2919 5450 agnascit
2976 5381 3141 5450 etiam
3177 5379 3524 5450 Simocatta,
3550 5376 3648 5450 lib.
3678 5382 3778 5426 vttt.

554 5435 614 5498 ἱιῖ
641 5449 817 5516 Band.
848 5435 1007 5500 Turc.
1045 5463 1098 5501 n.
1124 5435 1251 5502 ’107³
1283 5468 1295 5502 ;
1334 5435 1714 5501 ΙηὝΙιιγιεῑαιη
1749 5465 1813 5500 ea:
1855 5447 2111 5516 Bulgaria
2216 5465 2337 5516 cap.
2369 5451 2437 5514 4;
2473 5459 2680 5512 portas.
2707 5435 2809 5504 seu
2851 5449 3089 5502 claustra
3119 5449 3176 5501 S.
3216 5449 3418 5516 Basilii
3451 5435 3645 5500 ibidem
3663 5452 3778 5516 tne-

556 5515 867 5588 profecmris
890 5518 1085 5588 duplex
1109 5519 1216 5588 iter
1250 5519 1416 5571 estad
1438 5519 1793 5585 superandum
1820 5513 2070 5588 Haemum?
2092 5533 2111 5570 :
2215 5513 2430 5572 merant
2469 5517 2777 5572 Willelmus
2825 5517 3040 5587 Tyrius,
3061 5518 3193 5588 libs
3219 5533 3286 5588 tt,
3317 5515 3445 5588 cap.
3480 5517 3514 5571 4
3535 5513 3778 5588 ;_et_An0'

558 5599 689 5657 mitts
716 5585 969 5657 aditusa'
993 5587 1224 5654 Trojano
1246 5588 1504 5656 plerisque
1537 5599 1754 5653 putatur
1783 5587 1979 5656 factus,
2015 5587 2106 5638 ubi
2213 5605 2430 5657 uymus,
2465 5589 2536 5641 De
2572 5588 2812 5654 Expedit.
2845 5585 3020 5644 Ᾱεὶιιι.
3048 5585 3220 5643 Fred.
3259 5587 3314 5643 Ι.
3347 5585 3504 5643 Adde
3531 5585 3776 5648 Busbecq-

555 5653 726 5708 adhuc
772 5656 1034 5722 quadrato
1087 5653 1258 5724 mpm
1314 5653 1466 5725 porta
1525 5659 1757 5712 maxima
1783 5653 2053 5726 Spectatur
2082 5674 2102 5712 :
2211 5653 2268 5712 in
2303 5656 2488 5718 llincr.
2519 5657 2630 5712 CP.
2654 5653 2784 5732 pag.
2809 5658 2896 5713 9.6.
