4022 6270
258 361 355 423 5η

1510 362 1921 423 ALEXIADIS
1962 363 2108 422 LIB.
2150 362 2283 425 VII.

3372 366 3478 428 538

255 473 497 539 τρέπετο,
528 470 556 522 6
577 468 833 539 Βρυένὶος
863 470 1032 523 πολλὰ
1060 468 1283 523 κωλύων
1312 469 1400 523 τὸν
1431 472 1811 542 αὐτοκράτορα

1924 472 2213 526 licentibus
2248 469 2702 540 promulgaretur,
2737 453 2999 541 Bryenlus
3036 469 3219 527 multis
3250 484 3478 530 conatus

255 563 338 614 τοῦ
366 561 793 631 ἐγχειρήματος,
821 561 893 624 ὡς
925 562 1022 614 οὐκ
1054 561 1288 627 ἔπειθεν,
1315 563 1813 632 ἐπιφωνηματικῶς

254 654 347 723 ἔφη
380 652 448 684 ⁶⁵ο
482 644 749 715 Ἰσθιμῖ)
772 652 1057 716 βασιλεῦ,
1090 654 1143 706 εί
1190 654 1294 706 τὸν
1310 648 1498 722 ,Αἷμον
1522 653 1810 719 διέλθητε,

254 743 386 807 τοὺς
404 741 873 811 δρομικωτέρους
896 743 1013 794 τῶν
1035 743 1233 795 ἵππων
1247 743 1611 810 δοκιμάσεις.
1646 744 1816 810 Ἐρω-

253 835 506 902 τήσαντος
538 832 594 886 δέ
622 850 767 896 τινος
802 835 852 885 τί
879 834 907 886 ό
925 834 1078 902 λόγος
1107 834 1286 886 οὑτοσὶ
1316 833 1585 902 βούλεται,
1615 832 1719 887 Ἐν
1737 834 1815 899 τῷ

252 926 510 995 φεύγειν,
543 924 730 993 φησὶν,
761 925 1047 990 ἅπαντας.
1080 921 1247 989 Οὗτος
1272 928 1380 996 γάρ
1406 930 1433 980 ὁ
1464 928 1622 997 ἀνὴρ,
1653 929 1699 980 εἰ
1722 927 1815 980 καὶ

252 1016 371 1078 τοὺς
427 1014 743 1084 ὀφθαλμοὺς
792 1015 860 1068 δι’
909 1017 1247 1069 ἀποστασίαν
1296 1018 1643 1083 ἐξεκέκοπτο,
1679 1018 1814 1070 ἀλλά

253 1109 306 1161 τό
341 1125 404 1171 γε
448 1110 529 1169 είς
564 1108 1085 1176 στρατηγικωτάτην
1133 1108 1331 1179 βουλὴν
1384 1111 1478 1164 καὶ
1511 1109 1815 1179 παράταξιν

254 1198 547 1260 δεινότατος
571 1198 682 1251 τῶν
703 1196 913 1251 πολλῶν
936 1200 1032 1252 καὶ
1053 1199 1443 1263 ποικιλώτατος
1464 1202 1811 1271 ἐγνωρίζετο.

258 1288 437 1350 Ὅπως
464 1288 522 1340 δὲ
556 1286 665 1340 τῶν
694 1289 960 1357 ὀμμάτων
989 1289 1016 1340 6
1048 1290 1545 1360 πριμνημονευθεὶς
1570 1291 1615 1323 ⁸⁸
1643 1291 1815 1360 Βρυέ-

257 1396 356 1441 νιος
409 1379 757 1450 ἀπεστέρητο
806 1381 873 1434 δι’
926 1383 1267 1435 ἀποστασίαν
1346 1383 1379 1454 ἢ
1446 1384 1815 1437 ἐπανάστασιν

260 1470 387 1523 κατά
416 1470 509 1523 τοῦ
532 1471 932 1541 αὐτοκράτορος
964 1473 1342 1538 Βοτανειάτου,
1377 1475 1471 1526 καὶ
1505 1474 1608 1540 ὅτι,
1664 1475 1815 1543 παρὰ

261 1562 343 1614 τοῦ
393 1562 683 1632 Κομνηνοῢ
729 1564 968 1629 Ἀλεξίου
1021 1566 1141 1617 τότε
1196 1566 1437 1634 μεγάλου
1491 1566 1813 1633 δομεστίκου

264 1653 603 1721 τυγχάνοντος
630 1654 737 1707 τῶν
764 1654 996 1709 δυτικῶν
1042 1673 1101 1708 τε
1155 1656 1249 1708 καί⁵
1284 1656 1616 1710 ἀνατολικῶν
1648 1674 1814 1727 στρα-

268 1744 535 1813 τευμάτων
588 1747 972 1816 κατασχεθεὶς,
1006 1747 1081 1816 τῷ
1130 1747 1370 1819 Βορίλλῳ
1403 1747 1673 1819 παρεδόθη
1716 1748 1814 1811 τὰς

266 1834 399 1903 Wst;
432 1836 689 1900 ἀϐλαϐεῖς
718 1838 878 1908 ἔχων,
910 1840 1036 1903 τοὺς
1069 1839 1353 1904 ἐθέλοντας
1380 1840 1807 1913 λεπτομερέστεο

270 1944 350 1995 ρον
404 1928 616 1997 μαθεῖν,
652 1931 1101 1998 παραπέμπομεν
1139 1933 1218 1993 είς
1252 1932 1343 1985 τὸν
1381 1933 1640 2002 μέγιστον
1674 1934 1811 1985 Καί-

270 2035 417 2087 σαρι.
466 2020 520 2072 '0
548 2020 657 2091 γάρ
706 2023 921 2091 Καῖσαρ
950 2016 1103 2085 οὗτος
1153 2022 1247 2077 τοῦ
1286 2024 1383 2093 μέν
1430 2024 1666 2088 Ἀλεξίου
1711 2025 1810 2094 ἤδη

267 2111 326 2164 τὰ
365 2113 647 2181 Ῥωμαίων
673 2114 947 2176 διέποντος
971 2116 1247 2184 σκῆπτρα,
1275 2116 1525 2185 γαμϐρὸς
1550 2116 1811 2183 ἐγεγόνει,

268 2202 351 2254 τοῦ
380 2203 431 2255 δὲ
460 2205 713 2273 Βρυενίου
748 2206 955 2257 ἐκείνου
987 2207 1255 2273 ἀπόγονος
1285 2205 1417 2275 (87).
1458 2206 1600 2259 Ἀλλ’
1628 2207 1813 2258 ἐνταυ-

271 2292 344 2344 θοῖ
370 2295 626 2363 γενομένη
660 2298 956 2365 συνέχομαι
991 2300 1088 2367 τὴν
1117 2296 1318 2367 ψυχὴν,
1344 2296 1441 2350 τοῦ
1490 2297 1585 2351 καὶ
1612 2297 1815 2358 πάθους

270 2384 647 2455 ἐμπίμπλαμαι
675 2387 742 2439 ⁸⁷.
774 2388 943 2455 Σοφὺς
975 2388 1072 2456 μὲν
1095 2390 1204 2459 γάρ
1235 2388 1333 2459 τὴν
1369 2389 1597 2457 γνώμην
1631 2382 1697 2456 ἦν
1726 2381 1815 2437 οὖ-

272 2491 351 2535 τος
399 2478 425 2530 6
470 2477 631 2549 ἀνὴρ,
668 2478 761 2530 καὶ
791 2479 880 2530 τὸν
934 2480 1092 2549 λόγον
1127 2480 1456 2548 σοφώτατος.
1490 2478 1671 2532 Πάντα
1707 2480 1817 2547 γὰρ

273 2569 357 2619 καὶ
410 2569 586 2638 ῥώμη,
646 2570 738 2622 καὶ
797 2570 977 2641 τάχος,
1014 2570 1109 2624 καὶ
1171 2570 1365 2632 κάλλος
1399 2570 1670 2639 σώματος,
1724 2571 1819 2623 καὶ

277 2658 445 2720 ἁπλῶς
473 2662 527 2721 ἐς
558 2661 752 2712 ταυτὸν
778 2660 822 2692 ⁸⁸
858 2661 1176 2715 συνελθόντα
1208 2663 1307 2716 ὅσα
1357 2661 1539 2731 ψυχῆς
1583 2661 1676 2714 καὶ
1711 2660 1817 2714 ecb-

278 2767 430 2816 ματος
452 2752 627 2819 ἀγαθά
654 2752 744 2805 τὸν
756 2738 937 2824 ’ἄνδρα
963 2756 1169 2809 ἐκεῖνον
1196 2756 1521 2823 ἐκόσμησεν.
1551 2755 1686 2807 Ἕνα
1708 2754 1819 2826 γάρ

277 2841 423 2893 αὑτὸν
457 2844 511 2897 ἐν
563 2846 677 2909 τοῖς
711 2845 913 2898 ἅπασιν
940 2845 1267 2914 ἐξοχώτατον
1298 2845 1392 2898 κα)⁸
1419 2847 1451 2911 ή
1503 2843 1665 2912 φύσις
1695 2848 1820 2899 ἀνε-

279 2930 548 3003 ϐλάστησε,
583 2937 677 2987 καὶ
709 2936 737 2987 6
770 2936 901 2999 Θεὸς
954 2936 1377 3007 ἐδημιούργησε.
1434 2936 1543 2988 Καὶ
1574 2932 1683 2989 οἷον
1729 2936 1821 2989 τὸν

294 3022 516 3089 Ἀχιλλέα
570 3023 810 3092 ὕμνησεν
836 3026 984 3093 Ὄμη
995 3042 1084 3092 ρος
1115 3026 1172 3078 ἐν
1201 3027 1311 3089 τοῖς
1337 3025 1607 3096 ἀρχαίοις,
1647 3023 1824 3078 τοιοῦ-

1918 565 2296 631 imperatorem
2334 562 2401 615 ab
2441 564 2653 631 incepto
2707 576 2980 625 revocare,
3012 563 3165 632 191
3208 573 3266 618 ut
3308 568 3480 621 sensit

1916 670 1974 710 se
2000 657 2158 709 verba
2202 656 2448 723 perdere,
2476 654 2543 708 ad
2572 663 2872 709 extremum
2915 671 2929 708 :
2967 653 3055 708 Sic
3088 656 3239 719 habe,
3279 657 3475 725 inquit,

1914 746 2162 815 Auguste,
2192 747 2238 798 si
2276 745 2511 799 "remum
2556 744 2695 797 ultra
2720 746 3096 811 processerim,
3138 747 3477 812 explorabilis

1913 848 2162 907 quantum
2187 853 2433 906 equorum
2464 838 2678 907 quisque
2705 837 2873 890 valeat
2903 854 3078 892 cursu.
3104 838 3329 891 Cuidam
3354 855 3482 892 vero

1916 931 2252 997 percontanti
2287 948 2301 983 :
2339 932 2465 999 quid
2512 931 2613 983 sibi
2650 932 2751 983 hoc
2782 929 2975 983 vellet?
3034 931 3299 983 Nimirum
3355 932 3479 984 dum

1916 1037 2091 1074 omnes
2125 1021 2346 1090 fugient,
2385 1019 2676 1087 respondit.
2714 1018 2840 1072 Erat
2865 1020 2910 1071 is
2940 1019 3040 1079 vir,
3075 1034 3379 1088 quanquam
3410 1020 3481 1074 ob

1915 1110 2257 1164 rebellionem
2311 1109 2566 1164 multatus
2610 1109 2802 1173 oculis,
2836 1109 3267 1165 consultissimus
3299 1120 3477 1164 tamen

1915 1203 2091 1256 adhuc
2129 1202 2441 1255 bellicarum
2480 1216 2659 1255 rerum
2698 1217 2712 1254 :
2753 1200 2825 1254 ita
2861 1210 2919 1253 ut
2948 1216 3013 1253 eo
3044 1216 3204 1255 nemo
3244 1202 3481 1256 circum-

1917 1294 2176 1359 spectius,
2218 1307 2375 1346 nemo
2411 1292 2616 1345 certius
2644 1293 2709 1344 de
2740 1289 3026 1344 momentis
3054 1290 3382 1357 praeliorum.
3415 1292 3482 1346 de

1916 1383 2048 1439 aciei
2085 1382 2278 1447 forma,
2329 1385 2395 1436 de
2444 1391 2553 1436 tota
2608 1381 2819 1436 ratione
2878 1380 3155 1447 multiplici
3223 1395 3286 1434 ac
3331 1380 3480 1433 varia

1919 1475 2163 1528 trahendi
2207 1474 2559 1542 patrandique
2593 1472 2717 1527 belli
2748 1474 3070 1525 sententiam
3104 1470 3327 1524 diceret.
3363 1471 3481 1536 Quo

1918 1567 2004 1620 ille
2033 1581 2161 1620 casu
2192 1565 2453 1631 cujusque
2477 1565 2626 1633 jussu
2666 1578 2729 1616 ac
2760 1577 2919 1614 manu
2972 1560 3339 1614 calamitatem
3373 1575 3481 1613 cae-

1918 1658 2104 1713 citatis
2130 1656 2380 1709 inciderit
2406 1696 2420 1719 ,
2458 1663 2623 1723 utque
2669 1655 2841 1723 ipsum
2864 1652 3119 1707 adversus
3148 1652 3481 1705 Botonlatem

1920 1751 2219 1819 Augustum
2244 1748 2368 1802 forti
2403 1764 2525 1802 cum
2551 1749 2791 1802 exercitu
2821 1761 2929 1798 rem
2960 1753 3232 1813 gerentem
3262 1742 3481 1796 Alexius

1925 1850 2049 1895 tunc
2075 1853 2301 1908 magnus
2325 1839 2646 1892 domesticus
2673 1843 2726 1890 et
2755 1834 2923 1904 copiis
2947 1832 3223 1887 orientalis
3245 1830 3486 1901 occidui-

1922 1950 2023 2000 que
2048 1933 2235 1986 limitis
2269 1930 2589 2000 praepositus
2618 1929 2750 1987 ,acie
2784 1926 2983 1980 victum
3035 1934 3359 1993 captumque
3382 1922 3486 1974 Bo-

1921 2027 2020 2080 rilo
2059 2025 2362 2087 tradiderit,
2417 2022 2549 2076 nihil
2598 2022 2773 2075 adhuc
2810 2019 2861 2072 in
2908 2017 3079 2071 oculis
3139 2017 3348 2079 lzesum,
3390 2015 3481 2081 qui

1922 2132 2084 2172 nosse
2108 2116 2415 2170 distinctius
2444 2113 2733 2182 cupierint.
2772 2126 2865 2163 eos
2888 2109 2952 2161 ad
2980 2107 3271 2161 maximum
3296 2105 3482 2159 remit-

1922 2209 2083 2260 timus
2111 2205 2405 2269 Cresarem,
2439 2204 2526 2272 qui
2550 2203 2726 2256 Alexii
2749 2200 2993 2269 ejusdem
3030 2197 3221 2251 deinde
3256 2194 3485 2264 Augusti

1922 2313 2087 2365 gener
2126 2297 2244 2362 fuit,
2290 2296 2541 2363 idemque
2582 2291 2795 2363 Bryenii
2851 2290 3009 2344 istius
3044 2303 3233 2357 nepos.
3286 2286 3484 2341 Verum

1924 2391 2039 2445 hzec
2086 2387 2412 2442 memoranti
2442 2384 2750 2453 scriptionis
2783 2380 3118 2450 prepositum
3146 2379 3341 2431 excidit
3365 2416 3380 2440 ,
3432 2384 3490 2431 et

1924 2480 2083 2534 unius
2109 2476 2397 2532 mentiouis
2427 2475 2702 2528 admonitu
2746 2471 3037 2525 revolvitur
3070 2470 3122 2521 in
3165 2467 3486 2520 familiarem

1925 2570 2127 2625 luctum
2160 2568 2310 2639 gravi
2344 2566 2613 2623 desiderio
2645 2566 2750 2619 icta
2782 2579 2953 2619 mens.
3003 2562 3116 2615 Heu
3151 2558 3308 2628 quale
3342 2558 3491 2610 colu-

1926 2678 2045 2718 men
2077 2670 2450 2732 quantumque
2498 2658 2653 2713 nobis
2705 2659 2869 2711 decus
2922 2656 2975 2709 in
3033 2654 3248 2709 Caesare
3302 2658 3492 2705 nostro

1926 2756 2256 2810 subtractum
2291 2761 2392 2817 est,
2432 2752 2547 2805 viro
2591 2752 2642 2802 in
2670 2764 2828 2818 quem
2860 2745 3120 2814 sapientia
3150 2754 3204 2799 et
3237 2742 3494 2810 eloquen—

1929 2849 2022 2913 tia,
2056 2847 2242 2910 robur,
2278 2844 2508 2915 agilitas,
2556 2841 2748 2905 forma,
2796 2844 2935 2896 bona
2986 2837 3225 2907 corporis
3290 2834 3495 2902 pariter

1928 2942 2184 2996 universa
2232 2953 2352 2991 cum
2389 2935 2640 2989 omnibus
2689 2949 2795 2988 una
2829 2931 2987 2986 simul
3022 2930 3241 2985 dotibus
3302 2924 3493 2990 animi,

1929 3032 2115 3105 quales
2142 3030 2362 3100 singula;
2392 3028 2631 3097 singulos
2661 3025 2871 3080 abunde
2891 3022 3333 3077 commendarent
3368 3030 3495 3070 rara

278 3128 359 3163 τον
384 3114 443 3166 ἄν
469 3132 554 3177 τις
609 3112 733 3168 εἷπε
763 3116 856 3171 τὸν
884 3117 1015 3186 ἐμὸν
1050 3117 1299 3187 Καίσαρα
1347 3118 1404 3169 ἐν
1433 3120 1545 3180 τοῖς
1599 3118 1705 3171 ὑπὸ
1733 3118 1819 3171 τὸν

1930 3124 2291 3181 consensione
2320 3128 2707 3176 convenerant.
2740 3117 2890 3173 Unus
2922 3115 3081 3185 plane
3116 3116 3163 3167 is
3201 3123 3314 3168 erat
3346 3118 3398 3163 in
3441 3111 3492 3161 id

278 3203 410 3272 ἥλιον
455 3206 660 3261 ἀπασιν
691 3208 1097 3279 ἀναπεφηνότα.
1130 3203 1298 3270 Οὗτος
1322 3208 1505 3262 τοίνυν
1535 3211 1562 3262 6
1610 3210 1824 3278 Καῖσαρ

278 3298 360 3349 καί
390 3299 453 3351 τά
490 3299 854 3370 στρατιωτικά
910 3298 1151 3368 γεγονὼς
1207 3301 1427 3370 ἄριστος
1491 3301 1591 3353 οὐκ
1630 3300 1828 3369 ἀμελε-

275 3388 435 3456 τήτως
461 3392 586 3460 ἔσχε
622 3392 758 3461 πρὸς
800 3391 1010 3459 λόγους.
1059 3391 1222 3445 Ἀλλά
1268 3393 1447 3444 πᾶσαν
1483 3391 1664 3461 βίϐλον
1693 3395 1824 3446 ἀναο

275 3481 626 3552 πτυξάμενος,
674 3483 771 3535 καὶ
802 3485 881 3545 είς
911 3484 1092 3535 πᾶσαν
1141 3484 1455 3553 ἐπιστήμην
1497 3484 1828 3552 ἐγκεκυφὼς

273 3574 457 3643 πολλὴν
515 3574 735 3643 σοςιςίαιί
755 3575 963 3627 ἐκεῖθεν
1000 3574 1262 3644 ἠρύσατο,
1308 3576 1409 3645 ὅση
1446 3592 1504 3627 τε
1559 3575 1825 3645 ἡμετέρα.

275 3664 360 3715 καὶ
408 3664 504 3732 ὅση
570 3664 699 3718 ποτὲ
735 3663 832 3732 οὐχ
868 3664 1133 3734 ἡμετέρα.
1176 3664 1443 3735 ’Υστερον
1472 3664 1527 3717 δὲ
1572 3666 1664 3718 καὶ
1694 3665 1830 3735 πρδς

272 3758 586 3825 συγγραφάς
623 3755 886 3820 ἐξέδωκεν
916 3756 1127 3818 ἐαυτὸν,
1154 3756 1249 3810 καὶ
1278 3756 1343 3825 δὴ
1369 3756 1461 3809 καὶ
1488 3756 1830 3825 σύγγραμμα

268 3847 321 3911 ἐξ
364 3850 628 3917 ἐπιταγῆς
661 3847 758 3916 τῆς
803 3846 941 3915 ἐμῆς
978 3847 1286 3910 δεσπότιδος
1346 3849 1440 3900 καὶ
1468 3848 1693 3917 μητρὸς,
1732 3848 1832 3914 τῆς

270 3936 551 4005 βασιλίδος,
592 3937 759 4007 φημὶ,
802 3937 1060 4007 Εἰρήνης,
1110 3937 1419 4008 ἐσχεδίασεν
1471 3939 1620 4003 ἀξιον
1671 3937 1829 4004 λόγου

271 4034 359 4082 καὶ
415 4030 821 4098 ἀναγνώσεως,
873 4032 1114 4098 ἱστορίαν
1173 4029 1515 4098 σνντεταχὼς
1569 4029 1677 4082 τῶν
1728 4029 1832 4097 πρδ

272 4124 357 4188 τοῦ
387 4124 755 4191 ἀναδήσασθαι
785 4123 884 4185 τὰς
924 4124 1021 4192 τῆς
1050 4120 1328 4190 βασιλείας
1375 4121 1530 4190 ἡνίας
1578 4120 1833 4191 πράξεων

274 4210 461 4278 τούμοῦ
496 4212 727 4280 πατρὸς,
762 4211 818 4262 ἐν
925 4210 991 4263 τά
1038 4210 1178 4263 κατά
1206 4208 1297 4262 τὸν
1331 4208 1581 4279 Βρυένιον
1611 4209 1835 4278 ἀκριϐέ-

279 4317 453 4370 στερον
478 4302 855 4371 ἐπεξέρχεται.
904 4302 1017 4355 Καὶ
1062 4298 1196 4368 ὁμοῦ
1226 4300 1324 4362 τάς
1353 4315 1413 4351 τε
1437 4297 1532 4351 τοῦ
1566 4298 1834 4367 προγόνου

1930 3232 1958 3269 a
1992 3224 2183 3268 natura
2216 3214 2414 3275 editus,
2448 3226 2478 3264 a
2516 3210 2622 3263 Deo
2665 3209 2842 3270 (lctus,
2876 3219 2935 3261 ut
2980 3208 3218 3260 omnium
3265 3203 3318 3254 in
3348 3198 3494 3255 omni

1930 3322 2125 3377 genere
2190 3302 2693 3373 praestantissimus,
2753 3301 2954 3352 variam
2991 3300 3097 3350 vim
3152 3310 3214 3349 ac
3268 3292 3494 3346 formam

1930 3398 2262 3452 diversarum
2294 3394 2510 3447 laudum
2538 3391 2767 3460 exempli
2802 3390 2963 3444 unius
3013 3388 3147 3441 miro
3176 3381 3496 3453 compendio

1932 3488 2245 3557 colligeret,
2278 3499 2376 3538 nec
2406 3484 2587 3537 dicere
2604 3480 2961 3536 dubitaverim
2986 3479 3199 3549 qualem
3232 3492 3296 3530 ac
3327 3489 3500 3543 quan-

1934 3587 2047 3631 tum
2082 3575 2348 3630 "OIIICI'IIS
2392 3573 2686 3630 celebravit
2732 3571 2991 3626 Achillem
3051 3571 3191 3622 inter
3239 3566 3496 3628 Graecos,

1933 3667 2091 3721 talem
2119 3680 2331 3730 revera,
2372 3664 2645 3733 nihiloque
2677 3661 2984 3716 inferiorem
3027 3658 3299 3713 Cmsarem
3327 3656 3501 3710 exsti-

1936 3760 2066 3813 tisse
2100 3773 2277 3811 meum
2311 3758 2454 3811 inter
2484 3770 2672 3810 omnes
2704 3755 2794 3821 qui
2840 3755 2938 3807 sub
2962 3751 3077 3806 sole
3107 3751 3316 3804 vivunt.
3353 3746 3499 3799 Idem

1935 3848 2140 3904 bellicis
2164 3856 2346 3915 aptus,
2372 3848 2513 3900 idem
2558 3844 2861 3912 tranquillis
2920 3843 3149 3895 artibus.
3214 3838 3502 3893 Dubitares

1935 3940 2175 4008 magisne
2236 3938 2303 3991 ad
2344 3947 2518 4006 togam
2552 3950 2620 3990 an
2655 3936 2720 3990 ad
2745 3933 2990 3989 militiam
3020 3941 3177 3985 natus
3204 3930 3500 3982 videretur.

1936 4029 2041 4083 Par
2071 4029 2341 4098 ingenium
2376 4028 2553 4082 robori
2590 4045 2605 4081 :
2638 4042 2737 4082 nec
2766 4024 3045 4079 contentio
3067 4032 3160 4075 aut
3190 4019 3501 4075 constantia

1936 4120 2119 4188 dispar
2142 4119 2193 4172 in
2222 4118 2483 4173 utriusvis
2515 4118 2861 4173 meditatione
2917 4115 3152 4167 virtutis.
3189 4111 3357 4165 Nemo
3411 4110 3504 4162 illo

1940 4210 2138 4271 tritior,
2193 4224 2350 4263 nemo
2382 4209 2656 4264 subaetior
2692 4208 2745 4262 iu
2775 4207 2921 4262 omni
2953 4206 3326 4274 experimento
3360 4200 3505 4253 mili-

1941 4301 2075 4355 taris
2109 4299 2420 4363 functionis,
2447 4302 2513 4354 ad
2539 4315 2700 4368 quam
2728 4310 2781 4352 et
2810 4297 2965 4351 unice
3008 4296 3184 4349 factus
3212 4291 3505 4355 audiebat;

281 4395 553 4464 συμφορὰς
602 4393 676 4456 ὡς
709 4393 922 4461 ἀληθῶς
951 4392 1295 4460 ἀφηγήσατο,
1320 4391 1409 4442 καὶ
1458 4390 1555 4452 ea;
1584 4389 1679 4443 τοῦ
1705 4406 1819 4442 πεν-

1944 4406 2104 4447 nemo
2129 4406 2317 4447 rursus
2344 4394 2534 4447 eodem
2566 4391 2619 4444 in
2642 4389 2939 4458 disciplinis
2961 4386 3329 4448 exercitatior,
3351 4398 3509 4437 nemo

284 4484 425 4552 θεροῦ
456 4462 763 4554 ἀριστείας
808 4481 1139 4551 συνέγραψε,
1179 4482 1277 4534 καὶ
1300 4482 1401 4534 οὐκ
1447 4481 1515 4534 ἂν
1545 4481 1819 4549 ἐψεύσατο

1940 4486 2007 4539 ab
2037 4484 2341 4552 eloquentia
2384 4482 2646 4552 paratior.
2686 4482 2853 4548 Quem
2880 4478 2968 4533 ille
2999 4478 3195 4532 librum
3229 4490 3332 4529 non
3364 4473 3510 4528 evol-

287 4576 470 4645 καίπερ
494 4579 537 4611 ⁶⁹
568 4577 772 4645 ἀμφοῖν
800 4575 874 4639 ὠς
899 4573 993 4628 τοῦ
1027 4575 1127 4644 μὲν
1159 4574 1471 4641 ἀγχιστεὺς,
1500 4570 1592 4625 τοῦ
1620 4573 1677 4625 δέ
1710 4572 1812 4625 καθ

1939 4578 2133 4630 verat?
2168 4574 2222 4628 in
2256 4590 2417 4644 quam
2451 4573 2712 4628 doctrina:
2756 4579 2963 4642 partem
3022 4585 3127 4623 non
3187 4583 3246 4624 se
3297 4566 3509 4636 penitus

288 4661 409 4732 αἷμα
438 4670 754 4739 προσήκων.
778 4668 888 4720 Καὶ
915 4668 1188 4735 μέμνηται
1220 4662 1599 4736 [μεμνήμεθα]
1629 4663 1819 4717 τούτωι

1944 4666 2575 4736 immiserat‘lquantam
2619 4680 2745 4719 vero
2798 4663 2922 4717 inde
2978 4659 3257 4729 sapientiae
3313 4665 3513 4710 nostrze

290 4759 379 4809 κάν
405 4764 509 4822 τοῖς
548 4758 835 4826 προτέροις
863 4758 1041 4824 λόγοις
1070 4757 1233 4825 τῆσδε
1285 4755 1569 4825 Ἱστορίας.
1646 4776 1662 4792 ο

1962 4757 2170 4827 pariter
2196 4767 2250 4811 et
2284 4766 2519 4812 externze
2550 4756 2739 4809 hausta
2767 4754 2818 4807 in
2860 4768 2919 4807 se
2963 4752 3180 4805 ﬂumina
3208 4749 3515 4800 corrivave-

294 4850 405 4902 rat?
432 4851 651 4907 Exstant
677 4851 999 4903 documenta
1033 4847 1355 4902 eruditionis
1384 4845 1539 4913 ejus;
1574 4846 1877 4901 contulerat
1914 4852 2057 4902 enim
2089 4848 2483 4918 posterioribus
2505 4847 2833 4914 temporibus
2863 4859 2984 4899 sese
3045 4845 3111 4897 ad
3144 4837 3511 4895 scribendum,

294 4938 513 5010 interque
561 4944 665 4996 alia
699 4942 912 4994 hortatu
963 4940 1189 4993 domina:
1220 4953 1281 4993 ac
1310 4939 1498 4991 matris
1531 4953 1661 4991 mea:
1694 4938 2053 5007 imperatrieis
2085 4940 2266 4994 [renes
2291 4955 2427 5009 Opus
2461 4939 2602 4993 lectu
2684 4953 2747 4992 ac
2796 4937 2957 4990 laude
3041 4936 3262 5004 dignum
3325 4930 3516 4983 elucu-

1325 5053 1523 5113 Variae
1564 5053 1868 5117 lectiones
1911 5072 1988 5116 ex
2021 5057 2159 5118 cod.
2192 5056 2459 5117 Coisliu.

375 5163 612 5233 "357135"-
689 5163 736 5193 ⁸⁸
772 5157 1297 5231 προμνημονευθεῖς.
1374 5156 1419 5188 ⁸⁷
1445 5156 1541 5210 καὶ
1580 5158 1807 5224 πένθους
1848 5160 2225 5229 ἐμπίπλαμαι.
2303 5160 2347 5191 ⁸⁸
2374 5157 2564 5211 ταυτό.
2638 5157 2683 5189 ‘9
2715 5154 2809 5207 καὶ
2838 5152 2990 5220 περί.

1326 5273 1469 5335 Car.
1512 5272 1845 5336 Dufresnii
1878 5276 1979 5337 Du
2010 5274 2232 5352 Cangii
2278 5280 2468 5335 notae.

356 5380 460 5446 (87)
511 5383 860 5449 Ἀπόγονος.
915 5379 1200 5448 Nicephori
1244 5376 1485 5447 Bryenii,
1531 5378 1621 5449 qui
1657 5387 1845 5449 tyran-
1954 5378 2178 5447 perinde
2238 5377 2534 5449 privantia
2568 5371 3099 5449 fuisse._Nicep_bort,
3131 5366 3345 5447 tyranni
3380 5367 3515 5449 lilii,

295 5438 458 5521 uideni
517 5438 1119 5521 aﬂectavit'Botania'ta
1165 5438 1513 5521 imperantet
1548 5438 1697 5521 Tum;
1740 5448 1845 5503 fuit
1955 5438 2061 5521 non
2088 5438 2264 5521 semel
2316 5445 2564 5521 meminit
2603 5442 2864 5521 Bryenius
2918 5440 3125 5521 Caesar,
3158 5438 3268 5506 qui
3304 5438 3519 5521 patricii

292 5513 618 5587 Nieephorus
669 5520 875 5579 Caesar,
934 5522 1105 5573 Annae
1175 5507 1429 5576 maritus,
1470 5507 1516 5568 si
1546 5516 1841 5587 rZonaratn
1951 5517 2272 5579 dignitatem
2331 5516 2407 5587 e_i_
2446 5507 2995 5587 videturassignare,
3031 5508 3123 5587 lib.
3162 5522 3241 5587 ut.
3290 5521 3411 5587 cap.
3442 5507 3513 5571 9;

288 5576 555 5650 audimus,
586 5592 655 5641 At
690 5576 1030 5657 secus'Anna
1066 5588 1215 5657 ipsa,
1250 5586 1442 5657 scribit
1469 5586 1613 5657 enim
1657 5588 1752 5640 lib.
1788 5602 1841 5657 κ,
1952 5576 2048 5639 lib.
2086 5602 2157 5647 tv,
2197 5599 2316 5651 cap.
2350 5583 2437 5657 1‘2,
2476 5582 2539 5634 15
2570 5589 2645 5657 ent”
2684 5580 2771 5632 Η.
2814 5576 2945 5631 Fuit
2976 5578 3141 5657 igitur
3170 5576 3513 5657 Nicephorus

290 5664 405 5725 ing.
479 5647 617 5717 ‘27",
710 5647 1100 5726 Nicephorum'
1142 5647 1433 5727 Br'yenium
1464 5694 1477 5716 ,
1545 5653 1841 5725 Nicephori
1954 5647 2429 5727 (.‘zesaristft'attui
2461 5666 2526 5707 ex
2575 5647 2686 5705 lilio
2742 5663 2933 5717 nepos,
2981 5648 3128 5717 quod
3179 5647 3378 5701 evincit
3413 5659 3529 5705 vox,-

287 5727 497 5789 lsranni
566 5727 755 5791 ﬁlium,
818 5725 919 5783 una
968 5743 1092 5783 cum
1154 5725 1305 5796 patre
1361 5735 1602 5793 captum,
1669 5728 1844 5780 oculis
1948 5725 2233 5794 ἀπόγονος.
