4022 6270
322 303 404 366 ιιι
1555 308 1964 369 ALEXIADIS
2004 310 2149 374 LIB.
2192 306 2328 373 VII.

3438 317 3542 381 546

323 419 379 481 ὡς
407 418 442 448 ⁸⁸
477 418 903 489 ἡττηθήσονται,
940 419 1034 473 καὶ
1065 420 1228 490 ἡμεῖς
1258 421 1351 475 τοῦ
1390 420 1579 475 λοιποῦ
1612 424 1861 495 ὀχύρωμα

1982 440 2080 481 nos
2137 426 2425 491 lacessant,
2479 435 2688 480 certum
2735 435 2824 481 est
2877 428 3234 485 temeritatem
3285 446 3379 486 eos
3418 449 3581 495 mox,

324 510 665 578 ἐρυμνότατον
726 513 826 580 τὴν
895 512 1137 582 μεγάλην
1209 513 1405 582 ἕξομεν
1465 515 1867 583 Περισθλάόαν.

326 603 451 664 Πόλις
503 603 561 656 δὲ
612 601 749 672 αὕτη
813 606 1121 675 περιφανὴς
1156 607 1285 676 περὶ⁵
1335 607 1428 660 τὸν
1488 606 1701 675 Ἵστρον
1756 607 1869 659 δια-

327 693 522 764 κειμένη
584 697 713 748 ποτὲ
780 697 879 765 μὲν
933 697 1045 750 οὔτ’
1104 699 1277 767 ὄνομα
1326 698 1485 753 τοῦτο
1547 699 1746 769 ἔχουσα
1805 698 1866 751 τὸ

328 782 655 852 βαρὸαρικδν,
715 786 833 838 ἀλλ’
892 786 1277 856 Ἐλληνίζουσα
1334 791 1463 858 περὶ
1512 789 1609 860 τὴν
1658 806 1867 859 προση-

326 875 481 942 γορίαν
513 877 742 946 Μεγάλη
776 878 927 942 πόλις
964 879 1057 933 καὶ
1103 878 1238 933 οὖσα
1283 882 1377 933 καὶ
1418 880 1689 951 λεγομένη
1724 898 1737 911 ·
1773 879 1872 949 ἀφ’

327 963 370 1020 οὗ
410 967 456 1019 δὲ
511 969 732 1037 Μόκρος
762 970 874 1040 (97)
900 974 926 1023 ό
956 974 1060 1023 τῶν
1087 970 1413 1041 Βουλγάρων
1470 972 1723 1042 βασιλεὺς
1775 974 1869 1026 καὶ

328 1058 434 1121 οίὲξ
460 1059 672 1112 ἐκείνου
725 1063 1032 1133 γενόμενοι,
1092 1064 1185 1118 καὶ
1242 1066 1469 1136 προσέτι
1514 1081 1579 1133 γε
1608 1064 1866 1134 Σαμουὴλ

328 1149 657 1212 ὁτελευταῖος
690 1152 787 1215 τῆς
821 1151 1193 1223 Βουλγαρικῆς
1224 1153 1563 1217 δυναστείας,
1583 1153 1864 1229 καθάπερ·

327 1242 347 1293 6
388 1241 626 1304 Σεδεκίας
669 1243 780 1295 τῶν
825 1243 1113 1311 Ἰουδαίων,
1153 1246 1250 1314 τῆς
1300 1245 1537 1316 ἑσπέρας
1598 1246 1867 1314 κατέδρα-

330 1352 403 1403 μον
430 1335 490 1396 ⁸¹,
521 1333 777 1388 σύνθετον
807 1339 1080 1406 ἐκτήσατο
1129 1337 1228 1401 τὴν
1269 1339 1643 1407 προσηγορίαν
1671 1337 1778 1389 ἀπό
1803 1352 1865 1388 τε

324 1426 398 1493 τῆς
428 1427 745 1497 Ἑλληνικῆς
782 1428 1080 1498 σημασίας,
1113 1428 1340 1497 Μεγάλη
1389 1428 1863 1498 ἐπονομαζομένη,

326 1520 394 1570 καὶ
420 1520 509 1586 τὴν
528 1519 639 1571 ἀπὸ
667 1520 777 1572 τῶν
802 1520 1188 1588 Σθλαὸογενῶν
1212 1525 1374 1574 ὲπισυ
1386 1520 1589 1591 ρομένη
1621 1518 1767 1583 λέξιν
1792 1520 1862 1585 θ’,

323 1609 504 1679 μεγάλη
562 1611 909 1680 Περισθλάὸα
968 1612 1308 1681 πανταχόθεν
1358 1610 1570 1672 τούτοις
1627 1608 1867 1679 φημιζο-

321 1701 452 1770 μένη.
483 1700 700 1770 Ταύτην
728 1703 907 1755 τοίνυν
946 1702 1327 1773 κρησφύγετον
1358 1702 1598 1771 ἔχοντες,
1638 1702 1685 1753 oi
1719 1699 1863 1770 ἀμφὶ

1977 517 2230 583 prensanti
2262 517 2411 569 clade
2432 516 2682 570 luiturus.
2715 517 2823 571 Nos
2858 528 3061 583 autem,
3094 522 3363 576 tutissimo
3393 524 3544 577 dein-
3573 506 3589 551 ⁸

1976 618 2102 672 ceps
2134 604 2272 667 loco,
2305 621 2500 675 magna
2552 607 2706 676 potiti
2754 606 3111 673 Pcristldaha,
3152 610 3368 665 civitate
3419 628 3543 665 mtt-
3577 602 3590 675 ἐ

1978 694 2267 760 nitissima,
2298 712 2385 750 res
2421 710 2653 765 spesque
2689 706 2901 752 nostras
2935 699 3273 754 habebimus.
3308 702 3397 755 Est
3431 704 3543 758 hzec
3581 684 3589 729 ἶ

1976 784 2107 836 urbs
2155 783 2297 838 inter
2346 786 2483 839 lstro
2528 787 2941 853 circumpositas
2981 788 3172 843 nobilis
3224 790 3276 842 in
3334 793 3540 859 paucis,

1978 868 2132 924 Tunc
2179 875 2393 940 quidem
2427 875 2529 927 isto
2564 874 2801 929 Barbaro
2840 878 2982 944 quod
3022 878 3331 944 retulimus,
3360 880 3540 934 defor-

1980 972 2124 1015 mata
2160 947 2445 1030 voeabulo,
2498 964 2738 1019 Graecam
2783 976 2963 1023 tamen
3018 985 3081 1021 ex
3130 984 3255 1022 vero
3304 972 3537 1039 appella-

1974 1054 2175 1109 tienetn
2228 1057 2479 1111 obtinens
2535 1057 2904 1128 Megalopolis,
2964 1076 3083 1127 qua:
3150 1062 3386 1117 civitatis
3441 1064 3539 1133 ipsi

1977 1162 2184 1214 magna:
2222 1147 2434 1201 titulum
2487 1151 2680 1202 merito
2716 1151 2971 1212 vindieat,
3024 1160 3109 1204 est
3156 1153 3299 1206 enim
3355 1168 3539 1207 revera

1976 1241 2119 1292 talis.
2154 1240 2228 1293 Ex
2278 1256 2385 1309 quo
2424 1254 2603 1295 autem
2658 1244 2871 1297 Mor-rus
2922 1245 3273 1314 Bulgarorum
3322 1262 3435 1311 rex,
3488 1258 3540 1302 et

1973 1330 2066 1399 qui
2097 1346 2159 1385 ex
2192 1330 2281 1386 illo
2316 1332 2486 1397 fuere,
2525 1344 2749 1402 postque
2789 1336 2883 1389 hos
2911 1335 3151 1399 Samuel,
3188 1338 3276 1404 qui
3320 1338 3541 1392 ultimus

1974 1422 2218 1490 Bulgaris
2244 1426 2511 1494 regnavit,
2546 1434 2600 1479 ιιι
2633 1427 2885 1481 Sedecias
2917 1426 3136 1492 Judwis,
3187 1428 3344 1497 195
3393 1432 3529 1484 occi-

1974 1512 2138 1568 duum
2167 1516 2516 1570 incursavere
2552 1516 2772 1570 limitem
2802 1533 2817 1569 :
2847 1533 3039 1572 nomen
3069 1517 3154 1570 isti
3192 1520 3312 1573 urbi
3340 1520 3537 1574 factum

1974 1615 2054 1660 est
2080 1608 2273 1674 partim
2307 1622 2372 1661 ex
2407 1607 2593 1661 Graeco
2625 1608 2794 1663 veteri
2821 1611 3203 1677 compesitum,
3242 1613 3435 1679 partim
3472 1627 3538 1665 ex

1972 1698 2284 1752 colonorum
2315 1698 2608 1752 recentium
2646 1715 2674 1753 a
2715 1700 2951 1754 Stlilavis
2983 1717 3151 1769 genus
3184 1704 3534 1767 trahentium,

318 1790 392 1842 τὸν
447 1791 969 1862 Μαυροκατακαλὼν
1030 1792 1240 1861 ἔλεγον,
1310 1791 1402 1843 καὶ
1461 1789 1735 1859 ὁσημέραι
1797 1786 1861 1839 δι’

1968 1790 2153 1859 gentili
2189 1793 2429 1855 nomine,
2476 1802 2533 1845 ut
2563 1790 2750 1862 Magna
2791 1792 3127 1847 Peristblaba
3170 1795 3366 1862 passim
3398 1795 3541 1863 apud

317 1883 705 1954 ἀκροϐολισμῶν
729 1886 840 1947 τοῖς
876 1883 1113 1946 Σκύθαις
1146 1881 1602 1953 προσϐάλλοντες,
1628 1879 1688 1933 ού
1720 1888 1866 1932 παυ-

314 1972 498 2038 σόμεθα
547 1974 874 2043 ζημιοῦντες
920 1974 1143 2038 αὐτοὺς,
1190 1973 1436 2044 μηδόλως
1483 1971 1711 2034 τούτους
1763 1971 1864 2040 τῆς

312 2064 497 2125 οἰκείας
565 2064 925 2133 παρεμϐολῆς
979 2064 1365 2134 χορταγωγίας
1426 2060 1591 2131 χάριν
1661 2060 1694 2130 ἢ
1761 2059 1862 2128 τῆς

306 2154 398 2205 τῶν
454 2155 732 2225 χρειωδῶν
797 2155 1135 2226 συγκομιδῆς
1190 2153 1606 2224 συγχωροῦντες
1668 2151 1862 2222 ἐξεληο-

304 2242 522 2299 λυθέναι.

1964 1891 2155 1951 gentes
2188 1884 2605 1953 circumpositas
2632 1885 2743 1953 jam
2789 1885 2994 1939 audiat.
3039 1886 3115 1939 Ex
3168 1887 3269 1942 hac
3319 1888 3539 1942 civitate

1968 1980 2224 2042 tanquam
2257 1988 2324 2027 ex
2366 1983 2481 2030 tuto
2531 1976 2871 2045 receptaculo
2914 1977 3213 2046 (inquiebat
3254 1977 3537 2033 Mauroca.

1966 2062 2141 2116 tacalo
2163 2072 2218 2118 et
2240 2064 2331 2133 qui
2360 2078 2483 2119 cum
2507 2078 2570 2119 eo
2592 2065 2919 2137 sentiebant)
2945 2067 3185 2136 quotidie
3211 2066 3537 2136 prodeuntes

1969 2153 2322 2209 velitabimur
2374 2171 2494 2211 cum
2550 2156 2790 2227 Scythis,
2844 2171 3234 2228 carpemusque
3278 2160 3423 2228 ipsos
3473 2174 3537 2214 ae

1970 2244 2311 2312 tatigabimns
2336 2248 2574 2313 assidue,
2605 2248 2807 2302 nullum
2833 2249 2940 2302 illis
2966 2265 3119 2303 usuin
3151 2249 3535 2317 pahnlationis,

308 2336 601 2407 lignationis
667 2350 760 2395 aut
834 2338 1060 2394 alterius
1118 2353 1347 2393 annona:
1409 2333 1863 2406 comportationis
1900 2331 2129 2389 liberum
2162 2338 2448 2393 sinentes:
2487 2339 2611 2393 dum
2647 2354 2740 2394 eos
2806 2342 2896 2410 qui
2936 2340 3126 2394 harum
3191 2355 3371 2396 rerum
3410 2356 3536 2409 gra-

309 2429 370 2481 tia
418 2430 689 2497 paululum
748 2431 947 2485 castris
994 2432 1235 2499 ipsorum
1287 2429 1655 2500 processerint
1714 2425 1856 2481 haud
1898 2425 2056 2481 dubie
2086 2427 2554 2485 obtruncabimus.

367 2521 578 2573 Τούτων
607 2520 700 2574 οῦν
730 2521 840 2573 τῶν
888 2520 1063 2583 λόγων
1119 2520 1483 2589 τριῦομένων,
1554 2516 1859 2577 ἀποὸὁωτες

308 2616 348 2665 οἱ
378 2614 461 2666 τοῦ
496 2614 785 2681 Διογένους
810 2615 916 2666 υἱοὶ
942 2614 1052 2668 τῶν
1082 2611 1367 2682 σφετέρων
1396 2611 1582 2664 ἵππων
1604 2603 1691 2663 οἷα
1720 2609 1856 2673 νέοι,

312 2706 392 2757 καὶ
418 2705 514 2773 τῆς
540 2706 647 2759 τῶν
672 2704 855 2775 μόθων
886 2708 1189 2773 κακότητος
1227 2705 1484 2771 ἄγευστοι
1534 2702 1562 2755 ὅ
1599 2717 1659 2753 τε
1686 2700 1860 2769 Νικη-

308 2800 459 2868 φόρος
496 2800 589 2852 καὶ
627 2800 655 2850 ό
697 2798 850 2853 Λέων
888 2798 1014 2859 τοῦς
1048 2797 1301 2868 χαλινοὺς
1356 2795 1861 2865 ἁφελόμενοι,πλή-

309 2889 482 2954 ξαντές
520 2907 579 2943 τε
620 2892 818 2953 αὐτοὺς
878 2892 1021 2944 κατὰ
1080 2891 1189 2943 τῶν
1250 2890 1500 2957 κέγχρων
1566 2886 1858 2957 ἐξήλασαν,

305 2985 629 3048 ἑπειπόντες,
656 2982 746 3051 Μὴ
775 2981 979 3044 δέδιθι,
1017 2980 1285 3045 βασιλεῦ
1314 2996 1328 3009 ·
1360 2978 1530 3033 αὐτοὶ
1564 2978 1675 3046 γὰρ
1716 2976 1859 3042 τοὺς

304 3073 589 3139 ἀκινάκας
652 3074 1031 3140 σπασάμενοι
1108 3071 1533 3140 διαμελίσομεν
1613 3068 1854 3133 αὐτούς.

312 3165 365 3217 '0
389 3167 441 3218 δὲ
474 3166 731 3235 βασιλεὺς
778 3163 1282 3233 φιλοκινδυνότατος
1322 3162 1398 3216 ὣν
1435 3162 1529 3216 καὶ
1574 3163 1859 3233 προαρπά-
1885 3198 1928 3255 C

302 3256 405 3319 ζειν
441 3257 701 3326 πεφυκὼς
736 3258 832 3319 τὰς
870 3257 1073 3326 μάχας,
1103 3256 1214 3309 οὐδ’
1247 3257 1329 3319 είς
1390 3254 1517 3309 νοῦν
1559 3256 1696 3317 ὅλως
1752 3254 1860 3307 τῶν

297 3348 664 3419 ὰπειργόντων
698 3348 862 3401 αὐτὸν
896 3351 1027 3411 τοὺς
1058 3347 1249 3416 λόγους
1285 3346 1562 3412 ἐϐάλλετο,
1596 3346 1733 3401 ἀλλὰ
1762 3345 1862 3415 τὴν

297 3440 574 3511 βασιλικὴν
598 3440 826 3510 σκηνὴν,
852 3440 945 3492 καὶ
977 3440 1075 3502 τὰς
1113 3438 1313 3502 σκευὰς
1342 3439 1563 3501 ἁπάσας
1589 3436 1861 3506 ἀναθέμε-

294 3546 376 3593 νος
410 3533 486 3601 τῷ
509 3531 855 3600 Κουτζομίτη
887 3531 931 3562 ⁸³
984 3530 1243 3600 Γεωργίῳ
1320 3530 1457 3597 πρὸς
1508 3530 1569 3581 τὸ
1607 3529 1861 3599 Βέτρινον

294 3624 583 3696 ἐξέπεμψε.
615 3626 689 3679 Τὸ
740 3625 797 3677 δὲ
851 3625 1165 3694 στράτευμα
1222 3622 1450 3689 ἐπέταξε
1521 3622 1595 3695 μὴ
1642 3622 1854 3692 λύχνον,

295 3717 427 3786 μηδὲ
477 3717 590 3789 πῦρ
643 3715 849 3785 ἀνάψαι
878 3716 938 3769 τὸ
970 3716 1237 3786 παράπαν
1279 3715 1420 3770 κατά
1459 3717 1556 3786 τὴν
1617 3716 1858 3783 ἑσπέραν

289 3810 523 3883 ὲκείνην,
556 3811 695 3865 ἀλλὰ
747 3811 871 3874 τοὺς
927 3810 1131 3874 ἵππους
1176 3809 1504 3879 κατέχοντας
1558 3805 1862 3876 ὲγρηγορέυ

289 3920 375 3956 ναι
452 3905 649 3974 μέχρις
696 3902 850 3973 ἡλίου
906 3901 1196 3972 ἀνατολῆς.
1256 3900 1431 3965 Δὺτὺς
1487 3900 1546 3953 δὲ
1598 3900 1742 3953 κατὰ
1797 3897 1858 3951 τὸ

284 3994 610 4065 περίορθρον
656 3993 825 4058 ἐξεισι
881 3994 980 4063 τῆς
1044 3990 1400 4062 παρεμϐολῆς
1462 3991 1558 4042 καὶ
1620 3989 1717 4052 τὰς
1764 3988 1860 4041 δυ-

286 4087 483 4154 νάμεις
532 4084 767 4149 διελὼν,
823 4084 920 4137 καὶ
974 4082 1074 4148 τὰς
1127 4084 1416 4152 φάλαγγας
1466 4084 1544 4146 είς
1616 4080 1856 4150 πολέμου

284 4179 779 4250 καταστησάμενος
810 4177 1003 4247 σχῆμα
1033 4176 1327 4245 παραθέων
1357 4175 1548 4229 ἐθεᾶτο
1595 4174 1657 4228 τὸ
1686 4175 1857 4241 στράν

283 4285 481 4339 τευμα.
518 4269 649 4324 Εἶτα
670 4270 770 4341 τὴν
806 4268 1050 4340 μεγάλην
1081 4265 1303 4340 [μέσην]
1359 4266 1463 4337 τῆς
1492 4267 1856 4338 παρατάξεως

288 4356 471 4426 χώραν
498 4357 642 4429 εἶχεν
665 4359 830 4421 αὐτὸς
854 4356 1358 4427 συμπληρουμένην
1388 4357 1497 4409 ἀπό
1525 4374 1583 4410 τε
1626 4358 1734 4409 τῶν
1794 4356 1854 4421 ἐξ

287 4448 515 4516 αἵματος
545 4452 639 4505 καὶ
656 4449 978 4520 ἀγχιστείας
1036 4447 1422 4518 προσηκόντων
1465 4447 1612 4518 αὑτῷ
1652 4465 1852 4516 συγγε-

2039 2516 2132 2570 His
2191 2517 2491 2586 talibusque
2551 2519 2894 2576 sermonibus
2950 2522 3221 2589 pendente
3271 2524 3537 2579 delibera-

1966 2609 2135 2675 tione,
2173 2609 2422 2678 Diogenis
2446 2610 2541 2664 ﬁlii
2572 2611 2785 2667 feroces
2830 2613 3059 2679 juvenes
3111 2615 3375 2686 inexperti
3421 2633 3538 2672 ma-

1967 2697 2183 2762 lorum,
2247 2698 2568 2771 fervoreque
2625 2704 2804 2757 aetatis
2862 2703 3036 2769 elati,
3091 2707 3246 2776 equis
3317 2721 3538 2778 repente

1968 2793 2304 2859 desilientes,
2357 2794 2542 2851 [ramis
2592 2810 2687 2851 eos
2741 2806 2937 2852 exutos
2990 2800 3042 2853 in
3100 2801 3235 2855 milii
3297 2815 3533 2871 segetem

1966 2895 2181 2952 pastum
2235 2886 2550 2952 admittunt,
2611 2888 2770 2941 simul
2844 2890 3223 2957 imperatorem
3272 2894 3349 2946 sic
3404 2894 3539 2947 alto—

1966 2983 2193 3042 quentes
2230 2992 2246 3030 :
2276 2974 2358 3029 Ne
2380 2976 2605 3041 dubites,
2637 2978 2893 3045 Auguste,
2940 2996 3031 3031 nos
3061 2983 3195 3032 enim
3235 2982 3533 3034 acia/uibus

1965 3066 2164 3119 strictis
2185 3068 2513 3121 concidemus
2536 3068 2627 3121 Iros
2649 3066 2938 3122 Barbaros.
2970 3069 3098 3123 Erat
3118 3072 3169 3123 in
3194 3070 3534 3140 imperatoris

1966 3170 2183 3226 pectore
2229 3157 2421 3225 ipsius,
2473 3157 2566 3226 qui
2603 3158 2821 3213 ferociae
2852 3159 3253 3213 adulescentum
3299 3163 3532 3224 faveret,

1965 3246 2160 3301 similis
2196 3246 2429 3312 impetus
2458 3248 2855 3301 consuetudine
2902 3247 3132 3302 audendi
3166 3252 3424 3318 nutritus,
3466 3251 3535 3305 ad

1965 3338 2274 3405 ot-cupanda
2323 3337 2631 3406 praeliorum
2679 3337 2922 3407 pericula
2968 3349 3160 3408 sponte
3194 3340 3531 3410 prominens.

1963 3428 2091 3482 lude
2122 3428 2266 3482 haud
2301 3429 2437 3484 adeo
2467 3429 2893 3485 dissuadentium
2922 3432 3191 3486 rationum
3230 3433 3369 3501 apud
3399 3449 3536 3500 pra:-

1957 3518 2200 3587 judicato
2236 3521 2551 3576 inclinatum
2582 3522 2760 3578 studio
2812 3534 3086 3577 momenta
3124 3523 3358 3579 valuere.
3392 3524 3534 3593 Ergo

1960 3613 2255 3681 Augustale
2290 3628 2353 3667 ac
2383 3613 2499 3681 ejus
2530 3614 2948 3668 instrumentum
2978 3629 3160 3677 omne,
3196 3629 3440 3681 vasaque
3468 3632 3532 3668 ac

1961 3705 2207 3758 sarcinas
2239 3706 2514 3759 exercitus
2546 3706 2733 3769 totius,
2765 3704 3086 3759 Cutzomitae
3118 3706 3351 3775 Georgio
3378 3722 3531 3761 com-

1962 3798 2213 3851 tuendata
2240 3798 2518 3852 Betrinum
2552 3806 2669 3852 tuto
2697 3796 3020 3865 perferenda
3050 3807 3222 3852 curat.
3255 3799 3528 3854 Exercitui

1963 3890 2130 3945 edicit
2160 3904 2226 3943 ne
2258 3890 2460 3958 ignem,
2494 3902 2629 3942 neve
2662 3885 2967 3955 lampadem
3009 3886 3097 3941 illa
3127 3888 3333 3955 uspiam
3372 3898 3532 3944 nocte

1964 3979 2346 4044 accenderent,
2382 3979 2477 4033 sed
2512 3978 2715 4045 paratis
2740 3978 2807 4032 ad
2835 3991 3050 4031 manum
3081 3977 3238 4046 equis
3262 3992 3432 4047 usque
3453 3978 3524 4033 ad

1960 4071 2093 4125 solis
2147 4077 2324 4123 ortum
2374 4068 2645 4123 excubare
2689 4068 2879 4139 vigiles
2936 4076 3370 4137 perseverarent.
3408 4067 3530 4137 ipse

1957 4164 2100 4219 circa
2127 4162 2419 4217 diluculum
2450 4164 2648 4217 castris
2684 4162 2887 4231 prodit,
2923 4162 3222 4230 divisisque
3264 4161 3440 4230 copiis
3469 4170 3526 4215 et

1958 4258 2309 4327 phalangibus
2332 4256 2384 4308 in
2411 4255 2542 4308 aciei
2568 4254 2792 4308 formam
2812 4252 3057 4323 digestis,
3084 4253 3278 4308 obiens
3304 4253 3527 4308 ordines

1957 4349 2253 4403 exercitum
2316 4346 2627 4401 lustrabat:
2678 4344 2765 4398 ubi
2821 4344 2956 4398 satis
3015 4343 3271 4412 placuere
3323 4344 3526 4406 omnia,

1957 4439 2135 4493 media
2175 4437 2230 4492 in
2263 4437 2384 4493 acie
2416 4435 2517 4490 sibi
2571 4434 2772 4502 delegit
2822 4432 3025 4499 locum,
3071 4434 3276 4487 circum
3330 4433 3525 4487 ibidem

290 4540 418 4605 νῶν,
453 4543 543 4594 καὶ
580 4538 850 4609 τάδελφοῦ
885 4536 1167 4610 Ἀδριανοῦ
1194 4538 1303 4591 τῶν
1334 4537 1583 4609 Λατίνων
1624 4539 1704 4609 τῷ
1730 4543 1852 4592 τότε

1966 4528 2233 4598 dispositis
2262 4524 2586 4582 necessariis
2635 4524 2772 4590 suis,
2822 4522 2916 4592 qui
2964 4522 3208 4592 proxime
3242 4522 3390 4576 illum
3444 4522 3525 4576 vel

292 4629 716 4699 ἡγεμονεύοντος
740 4632 838 4684 καὶ
874 4630 1080 4698 ἐτέρων
1139 4629 1406 4697 γενναίων
1453 4630 1686 4700 ἀνδρῶν,
1756 4632 1869 4704 τοῦ⁴

288 4719 343 4772 δέ
371 4739 431 4790 γε
462 4724 754 4796 ἀριστεροῦ
784 4724 968 4790 κέρως
1000 4724 1243 4795 κατῆρχε
1288 4720 1603 4794 Νικηφόρος
1633 4726 1853 4795 Καῖσαρ

287 4814 313 4861 ό
344 4814 678 4887 Μελισσηνδς
711 4816 738 4867 ό
769 4814 861 4866 ἐπ’
889 4813 1088 4882 ἀδελφῇ
1135 4812 1384 4884 γαμϐρὸς
1424 4813 1612 4868 αὐτοῦ.
1697 4815 1855 4868 Κατὰ

286 4902 340 4954 δὲ
364 4906 422 4957 τί)
445 4907 613 4973 δεξιὸν
639 4907 913 4977 ἡγεμόνες
946 4906 1164 4957 ἵσταντο
1208 4906 1235 4957 ὅ
1258 4922 1315 4956 τε
1348 4907 1850 4975 Κασταμμωνίτης,

286 4998 755 5062 καὶόΤαττίκιος.
790 5000 912 5051 Τῶν
942 4997 998 5048 δὲ
1040 4997 1266 5049 ἐθνικῶν
1318 4998 1343 5049 ὃ
1396 5016 1454 5048 τε
1517 4998 1718 5061 Ούζᾶς,
1763 5000 1853 5051 καὶ

285 5088 314 5136 ὁ
340 5088 629 5159 Καρατζᾶς
653 5096 704 5145 οἱ
750 5089 1120 5159 Σαυρομάται.
1157 5089 1251 5153 Ἓξ
1275 5088 1331 5139 δὲ
1360 5088 1450 5139 τὸν
1476 5089 1707 5158 ἀριθμὸν
1740 5090 1816 5141 διε

1959 4618 2455 4689 consanguinitate,
2494 4614 2580 4671 vel
2611 4612 2869 4669 aﬂinitate
2902 4614 3285 4683 contingebant
3313 4630 3328 4667 :
3359 4611 3528 4666 fratre

1958 4709 2216 4763 nimirum
2257 4708 2501 4761 Adriano
2552 4705 2777 4762 Latinos
2831 4713 2942 4758 tum
2989 4705 3263 4766 ductante,
3316 4711 3368 4755 et
3403 4702 3526 4757 aliis

1954 4803 2084 4855 viris
2114 4802 2262 4868 juxta
2296 4797 2593 4852 illustribus
2637 4808 2692 4851 et
2740 4795 2990 4850 fortibus.
3043 4795 3276 4849 Sinistro
3323 4793 3514 4847 cornui

1957 4893 2172 4962 praefuit
2202 4891 2541 4959 Nicephorns
2569 4888 2752 4943 Caesar
2784 4898 3137 4955 cognomento
3184 4885 3521 4945 Mclissenus,

1958 4988 2047 5055 qui
2098 5000 2340 5038 sororem
2396 4983 2739 5051 imperatoris
2775 4983 2825 5033 in
2879 4980 3221 5033 matrimonio
3269 4976 3521 5029 habebat.

1962 5077 2220 5128 Dextrum
2254 5087 2421 5126 cornu
2456 5072 2706 5125 ductores
2734 5066 2921 5123 habuit
2946 5065 3421 5120 Castatnmonitem
3469 5072 3524 5115 et

1348 5205 1544 5266 Variae
1577 5206 1883 5268 lectiones
1928 5226 2004 5268 ex
2033 5206 2175 5266 cod.
2205 5203 2465 5265 Coislin.

356 5312 405 5341 “
446 5312 600 5369 Deest
636 5314 830 5368 vocula
854 5312 950 5368 ὡς.

1029 5309 1071 5340 ⁸¹
1098 5310 1461 5381 κατέδραμεν.
1539 5310 1584 5340 ⁸⁸
1618 5310 1792 5374 τάξιν.
1871 5312 1916 5342 ⁸³
1948 5310 2332 5377 Κουτξομύτῃ.

1348 5446 1487 5510 Car.
1528 5447 1853 5509 Dul’resnii
1887 5449 1980 5508 Du
2016 5444 2233 5523 Cangii
2270 5450 2457 5505 notre.

352 5574 471 5638 (97)
502 5581 754 5647 Μόκρος.
791 5577 894 5641 Qui
932 5584 985 5629 et
1022 5572 1234 5647 Sirmi»th
1266 5574 1466 5647 dictus.
1509 5573 1641 5628 Vide
1670 5572 1832 5633 infra,

1966 5611 1967 5617 η
2008 5586 2105 5634 xn,
2180 5583 2303 5638 pag.
2337 5566 2463 5632 571,
2513 5571 2567 5621 et
2616 5568 2811 5620 seriem
2872 5575 3057 5628 regum

333 5649 533 5703 Cutiliis
567 5644 908 5702 Sclavom'cis.
945 5661 1037 5699 seu
1072 5644 1403 5697 Dalmaticis.

3141 5554 3430 5634 Bulgaria:
3486 5552 3541 5606 in
