4024 6270
308 315 419 372 5m

1538 331 1961 394 ALEXIADIS
1998 339 2147 398 LIB.
2173 340 2308 400 VII.

3433 325 3538 413 570

305 431 401 480 τοῦ
463 431 731 497 βασιλέως
791 435 1044 501 σπονδὰς,
1099 439 1436 504 ἐξαιτοῦνται
1488 446 1716 498 διελθεῖν
1780 447 1877 511 τὰς

1982 453 2238 510 claustris
2268 461 2565 525 penetralis
2599 476 2837 531 pugnare
2859 478 2978 520 cum
3010 444 3261 537 Scythis.
3293 467 3410 523 Non
3451 486 3552 539 po-

306 518 651 589 κλεισούρας,
711 523 804 575 καὶ
862 527 1188 596 προσϐαλεῖν
1244 536 1357 596 τοῖς
1409 535 1666 600 Σκύθαις.
1717 540 1776 590 Ὀ
1823 539 1879 592 δὲ

304 609 443 679 πρὸς
493 611 649 666 τοῦτο
685 617 934 671 ἀνένευσε
974 624 1336 694 προεφθακὼς
1373 629 1701 683 σπείσασθαι
1741 632 1880 700 μετὰ

301 701 411 753 τῶν
442 703 687 768 Σκυθῶν,
709 709 898 776 εἰπὼν,
935 713 1038 776 dig“
1062 716 1132 766 Οὐ
1165 718 1322 784 χρεία
1348 718 1406 770 τὸ
1432 720 1602 788 παρὸν
1632 721 1879 792 βοηθείας

303 795 455 860 ἡμῖν,
515 793 774 860 λαϐόντες
825 801 983 855 ἱκανὰ
1040 806 1514 876 ἐπαναστρέψατε.
1569 813 1675 863 Καὶ
1733 815 1880 880 φιλο-

302 887 713 955 φρονησάμενος
797 893 922 955 τοὺς
986 897 1282 964 πρέτϐεις⁹,
1355 900 1508 969 δῶρά
1569 920 1626 954 τε
1715 905 1879 958 ἱκανὰ

300 975 522 1038 ἐπιδοὺς
574 973 695 1044 μετ’
770 983 989 1053 εἰρήνης
1050 987 1359 1044 ἀπέστειλε.
1424 991 1594 1044 Τοῦτο
1677 993 1877 1062 θάρσος

301 1069 408 1128 τοῖς
492 1070 728 1135 Σκύθαις
821 1077 1072 1138 ἐνέϐαλε,
1139 1081 1234 1132 καὶ
1311 1085 1870 1155 πχρασπονδήσαντες

300 1158 395 1223 τῆς
481 1166 754 1234 προτέρας
820 1169 1214 1239 ἀπανθρωπίας
1285 1175 1492 1244 εἴχοντο
1563 1179 1875 1249 ληϊζόμενοι

300 1251 395 1310 τὰς
457 1259 884 1326 παρακειμένας
957 1261 1139 1324 πόλεις
1203 1266 1298 1317 καὶ
1352 1266 1556 1336 χώρας.
1618 1269 1876 1323 Ἀστατεῖ

302 1343 406 1414 γὰρ
455 1345 534 1407 ὡς
606 1347 811 1402 ἐπίπαν
879 1355 1025 1407 ἅπαν
1087 1358 1146 1408 τὸ
1209 1357 1502 1428 βάρϐαρον,
1558 1362 1651 1414 καὶ
1715 1380 1875 1416 σπον-

301 1435 392 1496 δὶς
424 1438 717 1504 φυλάττειν
755 1443 815 1494 οὐ
839 1444 1066 1512 πέφυκε.
1101 1447 1268 1500 Τοῦτο
1309 1448 1638 1518 θεασάμενος
1677 1456 1704 1506 ὁ
1735 1454 1874 1507 Συν-

301 1527 443 1591 Esto;
484 1532 854 1602 ἐπανέρχεται
896 1537 1031 1606 προς
1076 1540 1168 1591 τὸν
1247 1540 1472 1610 βασιλέα
1501 1545 1875 1614 αὐτεπάγγελ-

302 1637 386 1682 τος
416 1620 827 1696 [αὐτάγγελοςῇ
857 1630 1104 1701 μηνυτὴς
1129 1633 1366 1699 γεγονὼς
1397 1634 1494 1701 τῆς
1518 1636 1624 1690 τῶν
1655 1639 1875 1690 Σκυθῶν

301 1713 693 1784 ἀγνωμοσύνης
727 1721 819 1771 καὶ
855 1722 1241 1789 παραϐάσεως.
1274 1725 1384 1792 Τὴν
1446 1727 1872 1783 Φιλιππούπολιν

1987 543 2088 595 ιιιὶι
2111 544 2161 596 id
2192 559 2431 601 annuere
2466 548 2758 616 Augustus,
2799 551 3004 607 findere
3037 555 3198 622 paulo
3247 567 3371 611 ante
3419 558 3554 628 Scy-

1986 633 2127 685 thico
2157 635 2430 692 concluso.
2461 637 2689 707 Legatos
2734 652 2910 696 tamen
2959 642 3328 700 Comanorum
3385 650 3550 704 bene-

1981 723 2098 775 vole
2125 740 2186 777 ac
2228 728 2477 782 muniﬁce
2505 733 2735 801 accepit,
2775 735 3040 801 donisque
3077 748 3331 790 oneratos
3366 743 3541 793 dimit-

1984 821 2122 878 tens,
2173 820 2447 872 mandavit
2480 831 2534 873 ut
2567 837 2666 874 suo
2691 826 2909 877 nomine
2938 827 3193 879 Comanis
3237 831 3504 883 referrent
3537 849 3550 884 :

1982 904 2361 970 imperatorem
2398 909 2448 962 in
2505 927 2742 978 prmseus
2771 915 2984 981 quidem
3023 917 3224 970 habere
3259 918 3390 984 ipsis
3425 937 3551 984 gra—

1983 996 2105 1056 tias.
2152 1012 2253 1052 nec
2300 1001 2443 1053 enim
2497 1005 2696 1057 auxilio
2743 1022 2952 1072 egere:
3016 1023 3216 1076 cupere
3264 1022 3441 1062 autem
3498 1025 3551 1063 ιιι

1981 1088 2079 1154 ipsi
2116 1091 2428 1146 muneribus
2459 1109 2561 1146 non
2616 1098 2793 1162 parvis
2833 1114 2950 1165 qua)
2992 1102 3056 1152 ad
3101 1115 3248 1167 Ipsos
3289 1104 3553 1157 titisntrtts

1978 1189 2140 1241 esset,
2182 1183 2445 1249 acceptis.
2483 1186 2722 1239 redirent
2765 1189 2816 1240 in
2849 1190 3039 1244 domos
3071 1207 3217 1245 suas.
3255 1193 3329 1244 Eo
3372 1193 3550 1254 facto,

1980 1266 2190 1323 liberati
2235 1285 2380 1326 metu
2429 1275 2662 1346 Scythae,
2697 1279 2845 1332 nullo
2887 1281 2996 1349 jam
3043 1281 3264 1336 hederis
3300 1295 3552 1351 respectu

1981 1358 2260 1414 audaciam
2296 1365 2719 1432 continuerunt,
2752 1370 2849 1424 sed
2891 1371 2944 1424 in
2988 1371 3274 1427 latrocinia
3315 1386 3374 1428 nt
3402 1378 3552 1444 prius

1978 1451 2131 1506 eﬂ'nsi
2175 1454 2384 1508 vicinas
2428 1457 2532 1512 late
2565 1459 2733 1514 urbes
2775 1470 2828 1515 et
2860 1465 3111 1529 regiones
3157 1465 3551 1521 crudelissimis

1981 1545 2408 1612 grassationibus
2458 1547 2682 1606 infestas
2722 1561 2776 1605 et
2820 1553 3316 1619 denuntiationibus
3381 1558 3552 1611 habe-

1981 1634 2130 1686 bant.
2168 1634 2565 1703 lnquietissima
2601 1642 2798 1708 quippe
2841 1653 3033 1697 natura
3066 1647 3426 1700 Barbarorutn
3448 1658 3550 1712 est,

1982 1725 2332 1796 indocilisque
2363 1731 2596 1786 maxime
2617 1733 2775 1804 203
2803 1736 3007 1790 indoles
3027 1739 3091 1790 ad
3119 1742 3403 1807 pactorum
3425 1752 3557 1794 con-

300 1802 351 1855 δέ
400 1805 608 1859 τούτων
642 1811 1170 1879 καταλαμϐανόντων
1201 1817 1220 1848 ⁸
1245 1855 1259 1879 ,
1296 1816 1452 1870 τοῦτο
1483 1819 1818 1890 μεμαθηκὼς
1851 1824 1876 1874 ὁ

1985 1828 2260 1872 ventorum
2294 1823 2748 1878 observationem.
2795 1827 2951 1879 Redit
2983 1843 3113 1896 ergo
3149 1832 3213 1882 ad
3263 1831 3558 1896 imperato-

306 1893 587 1962 βασιλεὺς,
627 1899 684 1949 ἐν
715 1900 993 1972 ἀμηχανία
1030 1905 1344 1970 καθίστατο,
1373 1909 1699 1978 ἀποχρὼσας
1732 1913 1862 1980 πρὸς

302 1984 538 2040 τοσαῦτα
575 1988 750 2060 πλήθη
792 1995 863 2060 μὴ
905 1994 1043 2062 ἔχων
1088 1996 1366 2066 δυνάμεις,
1419 2000 1556 2053 ὥστε
1591 2003 1726 2065 ὅλως
1773 2007 1873 2074 τὴν

305 2074 418 2141 μετ’
444 2077 633 2131 αὐτῶν
665 2082 845 2150 μάχην
895 2085 1273 2150 ἀναδέξασθαι.
1351 2090 1564 2156 Ὀποῖος
1623 2093 1679 2146 δὲ
1727 2096 1876 2146 ἐκεῖ-

301 2182 384 2228 νος
416 2169 476 2220 ἐν
509 2171 816 2241 ἀμηχάνοις
846 2176 1040 2246 πόρους
1070 2179 1360 2248 εὑρίσκων,
1396 2183 1489 2235 καὶ
1521 2185 1878 2254 μηδοπωσοῦν

309 2261 682 2314 καταπίπτειν
709 2265 766 2315 ἐν
811 2269 1200 2335 περιστάσεσιν
1230 2272 1460 2336 εἰωθὼς,
1503 2274 1611 2328 δεῖν
1646 2275 1788 2344 ἔγνω
1810 2277 1879 2330 δι’

303 2348 720 2418 ἀκροϐολισμῶν
750 2355 840 2406 καὶ
862 2353 1032 2424 λόχων
1059 2358 1158 2427 τὴν
1184 2360 1386 2412 τούτων
1417 2361 1713 2430 μελετῆσαι
1739 2364 1875 2416 καθ-

303 2439 537 2510 αίρεσιν.
618 2444 726 2496 Καὶ
757 2444 898 2498 οὕτω
933 2452 1338 2518 στοχασάμενος
1377 2451 1484 2504 τῶν
1518 2455 1721 2510 τόπων.
1777 2457 1873 2508 καὶ

299 2532 405 2584 τῶν
445 2534 684 2598 πόλεων,
733 2537 860 2590 ἔνθα
919 2542 1364 2610 καταλαμϐάνειν
1421 2545 1619 2598 ἐκεῖνοι
1661 2546 1871 2616 πρωϊας

302 2624 554 2692 ἔμελλον,
603 2628 765 2691 αὐτὸς
792 2631 1030 2700 ἑσπέρας
1059 2631 1157 2701 τὴν
1190 2634 1396 2687 τούτων
1425 2638 1878 2707 προκατελάμϐα-

300 2732 389 2767 νεν
421 2716 664 2780 ἐλευσιν,
711 2719 759 2770 εἰ
805 2719 861 2772 δὲ
891 2721 1130 2789 ἐσπέρας
1157 2722 1381 2786 τούτους
1413 2726 1758 2794 ἐμεμαθήκει
1788 2728 1879 2780 τό-

301 2823 402 2860 πον
433 2807 559 2860 τινὰ
593 2809 949 2875 καταλαϐεῖν,
1006 2813 1213 2877 ἐκεῖνος
1248 2815 1335 2867 τὸν
1384 2815 1629 2869 τοιοῦτον
1663 2820 1878 2886 πρωῖας

301 2898 715 2968 κατελάμϐανε.
757 2904 863 2955 Καὶ
885 2903 958 2966 ὡς
989 2905 1217 2974 δύναμις
1247 2907 1312 2960 δι’
1346 2909 1762 2978 ἀκροϐολισμῶν
1787 2914 1879 2964 καὶ

302 2990 474 3062 λόχων
519 2995 808 3064 πόρρωθεν
859 2997 995 3066 πρὸς
1047 2999 1244 3060 αὐτοὺς
1298 3002 1635 3070 ἀπεμάχετο.
1691 3002 1766 3065 ὼς
1804 3005 1878 3073 μὴ

299 3083 594 3154 ἐγκρατεῖς
645 3086 845 3147 αὐτοὺς
893 3088 1138 3155 γίνεσθαι
1187 3091 1294 3143 τῶν
1341 3095 1638 3162 φρουρίων.
1691 3095 1878 3149 Κατα-

293 3177 673 3249 λαμϐάνουσιν
713 3178 768 3231 δὲ
809 3180 977 3249 ἄμφω
1005 3181 1058 3234 οῖ
1079 3201 1136 3235 τε
1170 3184 1372 3238 Σκύθαι
1408 3188 1500 3238 καὶ
1551 3189 1580 3239 ὀ
1615 3189 1883 3258 αὐτοκρά-

291 3283 405 3334 τωρ
453 3268 526 3321 τὰ
575 3267 830 3336 Κύψελλα
869 3271 967 3340 (7).
1020 3272 1174 3326 Ἐπεὶ
1203 3274 1258 3326 δὲ
1302 3275 1364 3327 τὸ
1394 3276 1746 3345 ἐλπιζόμενον
1789 3296 1878 3347 μι-

289 3358 631 3428 σθοφορικὸν
658 3358 811 3414 ούπω
839 3361 1126 3426 κατέλαϐε,
1153 3363 1438 3432 γινώσκων
1469 3367 1496 3418 ὁ
1525 3367 1880 3437 αὐτοκράτωρ

284 3449 351 3503 τὸ
401 3450 734 3519 ὀξυκίνητον
770 3451 877 3502 τῶν
931 3453 1174 3530 Σκυθῶν,
1242 3455 1334 3506 καὶ
1368 3455 1511 3524 ὁρῶν
1551 3457 1748 3519 αὐτοὺς
1778 3459 1880 3530 ἤδη

282 3546 384 3596 καὶ
414 3541 598 3610 αὐτὴν
629 3543 730 3613 τὴν
771 3543 1022 3612 βασιλίδα
1062 3545 1586 3614 καταλαμϐάνοντας
1633 3549 1742 3600 τῶν
1779 3552 1878 3603 πό-

276 3635 430 3688 λεων
465 3634 566 3699 ξὺν
619 3634 776 3704 τάχει
830 3635 1013 3705 πολλῷ
1064 3637 1120 3688 ἐν
1165 3637 1447 3707 ἀμηχανία
1497 3633 1584 3709 ἦν.
1641 3641 1752 3694 Καὶ
1806 3642 1880 3711 μὴ

273 3725 637 3798 ἁποχρώσας
672 3726 930 3792 δυνάμεις
967 3727 1102 3797 πρὸς
1137 3728 1372 3782 τοσαῦτα
1407 3730 1586 3800 πλήθη
1621 3732 1783 3799 ἔχων.
1820 3733 1881 3786 τὸ

274 3821 360 3890 μὴ
381 3821 603 3889 χεῖρον,
635 3817 662 3869 ὃ
685 3833 868 3884 φασιν,
896 3817 1105 3887 βέλτιον
1122 3819 1500 3900 λογισάμενος,
1526 3823 1880 3893 πρὺςεῑρηνι-

270 3913 389 3975 κάς
425 3906 595 3971 αὖθις
617 3908 809 3961 ἀπεῖδε
833 3908 874 3940 ¹⁰
901 3910 1154 3972 σπονδάς.
1197 3911 1412 3980 Ἐρωτᾷ
1435 3911 1587 3978 γοῦν,
1623 3914 1882 3982 πρέσϐεις

266 3999 628 4062 ἀποστείλας
663 3999 799 4064 πρὸς
832 3999 1026 4061 αὐτοὺς
1049 3999 1116 4052 τὰ
1150 4001 1278 4068 περὶ
1318 4002 1566 4070 εἰρήνης.
1622 4003 1684 4054 Οἱ
1714 4003 1759 4054 δ’
1782 3999 1880 4056 αὖ·

272 4097 365 4161 θις
394 4095 477 4162 τῷ
501 4093 597 4146 τοῦ
626 4093 891 4161 βασιλέως
922 4091 1148 4156 ὗττειξαν
1174 4092 1460 4161 θελήματι.
1494 4095 1816 4165 Προέφθακε
1838 4097 1878 4127 “

287 4186 337 4240 δὲ
372 4188 491 4254 πρ),
516 4184 631 4237 τῶν
667 4183 960 4252 εἰρηνικῶν
982 4183 1222 4236 σπονδῶν
1246 4184 1542 4254 αὐτόμολος
1569 4190 1876 4256 παραγενέ-

286 4281 413 4329 citat
440 4279 468 4327 ό
495 4274 802 4342 Νεαντξης.
834 4273 1311 4341 Πέμπεταιτοίνυν
1338 4277 1366 4328 ὁ
1396 4276 1710 4343 Μιγιδηνὺς,
1739 4278 1878 4331 ὥστε

285 4368 644 4438 πανηγύρεις
665 4366 880 4434 ἐξάγειν
909 4369 970 4419 ἐκ
995 4368 1098 4419 τῶν
1124 4370 1548 4437 παρακειμένων
1580 4369 1794 4438 χωρῶν,
1821 4364 1881 4420 οὐ

1981 1924 2093 1961 rem
2156 1909 2415 1979 Syuesius
2464 1913 2708 1967 oculatus
2759 1915 2916 1971 index
2982 1929 3201 1973 mutatze
3258 1921 3557 1976 voluntatis

1980 2009 2143 2068 atque
2211 2001 2610 2071 ingratissima;
2666 2005 2908 2073 pcrﬁdim
2957 2007 3345 2064 Barbarorum.
3401 2012 3554 2066 Brevi

1981 2101 2163 2158 postea
2209 2095 2486 2148 nuntiatur
2538 2097 2846 2163 pervenisse
2895 2099 3006 2167 jam
3057 2115 3152 2154 eos
3213 2099 3559 2170 Philippopo-

1981 2183 2110 2247 lim;
2157 2200 2275 2250 quae
2329 2201 2415 2242 res
2467 2203 2652 2240 curam
2703 2189 2973 2256 ingentem
3037 2193 3273 2246 incussit
3322 2193 3556 2261 impera-

1983 2275 2081 2326 tori
2112 2277 2177 2327 ad
2210 2278 2450 2344 praelium
2481 2292 2670 2332 contra
2706 2290 2908 2333 tantam
2947 2283 3348 2337 multitudinem
3388 2285 3558 2337 hand-

1981 2380 2250 2433 quaquam
2319 2368 2526 2421 idoneis
2599 2369 2865 2424 instructo
2931 2375 3124 2440 copiis.
3197 2373 3443 2436 Tannn,
3501 2385 3553 2429 n‘l

1980 2455 2159 2507 animo
2188 2466 2305 2508 erat.
2361 2468 2543 2511 erecto
2580 2474 2795 2528 semper
2836 2477 2900 2515 ac
2941 2466 3218 2531 praesenti,
3249 2482 3418 2530 quem
3458 2484 3556 2520 nec

1981 2549 2202 2601 adversa
2232 2550 2541 2616 dejicerent.
2564 2567 2658 2604 nec
2687 2555 3092 2620 contnrbarent,
3123 2558 3281 2610 dubia
3307 2573 3556 2622 casuum,

1979 2653 2086 2707 quo
2131 2640 2311 2694 minus
2368 2654 2575 2694 certum
2635 2644 2688 2694 in
2754 2643 2916 2698 rebus
2964 2647 3262 2712 quamlibet
3335 2650 3558 2703 incirrtis

1980 2730 2265 2784 consilium
2294 2733 2595 2798 expediret,
2633 2734 2875 2789 decrevit
2921 2738 3010 2790 tali
3059 2749 3303 2804 tempore
3349 2741 3558 2794 insidiis

1981 2827 2188 2878 tantum
2222 2837 2285 2874 ac
2316 2820 2476 2875 furtis
2508 2824 2653 2886 belli,
2677 2826 2982 2894 subitisque
3007 2829 3414 2881 velitationibus
3447 2846 3556 2882 rem

1981 2913 2291 2980 gerendam.
2331 2913 2438 2966 Isto
2473 2915 2607 2968 adeo
2635 2918 2862 2969 consilio
2888 2919 3182 2986 procedere
3220 2921 3383 2974 audet
3431 2937 3556 2974 cum

1982 3003 2168 3070 paucis
2223 3003 2274 3056 in
2308 3003 2778 3059 innumerabilium
2825 3025 3144 3069 occursum,
3184 3013 3400 3063 obstare
3438 3028 3558 3065 cer-

1908 3103 2074 3191 Ctua
2149 3098 2527 3162 progressibus
2607 3100 2901 3152 ruentium.
2967 3100 3372 3153 lnterclndebat
3458 3102 3560 3154 iter

1989 3184 2224 3238 hostium
2272 3187 2460 3252 positis
2515 3198 2702 3240 contra
2749 3205 2966 3241 suorum
3019 3193 3216 3244 castris
3260 3209 3275 3245 :
3331 3207 3448 3257 qua:
3501 3201 3561 3246 ut

1986 3274 2146 3326 ﬁdam
2181 3285 2228 3326 ct
2268 3276 2562 3330 hostilibus
2592 3279 2909 3345 imperviain
2943 3280 3236 3333 assultibus
3262 3283 3556 3335 stationem

1986 3366 2270 3430 haberent,
2321 3367 2421 3420 loci
2473 3369 2681 3421 delectu
2711 3380 2765 3423 et
2825 3371 2950 3424 valli
3009 3373 3311 3428 nnmitione
3369 3389 3560 3427 εοιιειι-

1986 3461 2274 3528 quebatur.
2312 3461 2451 3513 Hinc
2482 3462 2920 3529 exploratoribus
2962 3481 3400 3534 quoquoversum
3435 3468 3560 3520 inis-

1984 3552 2058 3604 sis
2117 3552 2379 3614 intentus.
2433 3561 2485 3606 et
2539 3569 2632 3620 pro
2667 3569 2724 3608 se
2788 3555 2900 3622 ipse
2936 3558 3047 3609 acri
3080 3558 3262 3621 vigilia
3304 3561 3354 3610 in
3397 3573 3562 3612 omne

1987 3653 2314 3696 momentum
2385 3647 2730 3704 occasionis,
2801 3659 3008 3701 motum
3102 3665 3561 3717 progressumque

1984 3738 2256 3790 exercitus
2309 3741 2373 3789 ad
2428 3740 2551 3793 belli
2591 3757 2743 3792 usum
2783 3742 3191 3794 accuratissima
3229 3744 3438 3795 ratione
3472 3760 3563 3810 gu-

1985 3828 2266 3880 bernabat.
2313 3829 2658 3883 Odorabatnr
2688 3834 2928 3887 videlicet
2961 3837 3256 3903 sagacitate
3289 3840 3422 3891 mira
3455 3856 3558 3906 qno

1986 3917 2326 3983 potissimum
2389 3920 2689 3986 cogitarent
2767 3921 3019 3991 Scythte;
3105 3941 3168 3978 eo
3238 3940 3556 3997 comperto,

1980 4022 2144 4073 quam
2180 4007 2361 4060 nrbe.n
2405 4025 2632 4074 quemve
2667 4011 2846 4064 lacum
2883 4013 3032 4068 adire
3067 4015 3138 4067 illi
3165 4019 3424 4083 postridie
3461 4023 3552 4071 de-

1986 4096 2304 4160 stinassent,
2355 4115 2415 4152 ea
2463 4101 2547 4153 ille
2596 4106 3007 4172 prae-occupabat
3051 4107 3162 4174 jam
3223 4112 3559 4176 praecedente

1985 4206 2206 4258 vespera
2238 4209 2251 4245 :
2289 4209 2477 4244 rursus
2503 4209 2610 4259 qno
2632 4195 2793 4249 iidem
2827 4210 3078 4252 venturos
3114 4217 3172 4252 se
3203 4216 3430 4270 vespere
3461 4218 3556 4267 pn-

1988 4291 2186 4347 tarant,
2217 4299 2282 4335 eo
2311 4283 2607 4351 imperator
2646 4303 2857 4342 summo
2888 4305 3046 4342 mane
3078 4301 3450 4358 prmcesserat.
3481 4294 3558 4347 Ad

1989 4375 2101 4426 lucc
2126 4375 2551 4444 jarulationibus
2576 4381 2760 4445 procul
2792 4386 2944 4445 tutis,
2973 4384 3282 4451 subitisque
3308 4385 3565 4439 coorien-

280 4468 308 4517 ό
347 4467 481 4525 υἱὸς
549 4463 635 4522 είς
703 4461 793 4511 τὸν
851 4462 1116 4527 γεγονότα
1167 4460 1392 4528 ὕστερον
1448 4461 1684 4528 πόλεμον
1740 4461 1877 4514 κατὰ

1989 4467 2118 4518 tium
2174 4482 2238 4518 ex
2283 4469 2497 4518 occulto
2549 4471 2996 4538 impressionibus
3040 4489 3260 4527 suorum
3308 4478 3564 4542 carpebat

285 4563 374 4610 τ’,ν
412 4559 426 4576 ⁸
466 4560 481 4575 ⁹
507 4558 522 4573 ⁶
551 4559 565 4572 “
592 4557 606 4571 ’
658 4553 824 4605 τόπον
856 4552 1022 4616 ὀξέως
1069 4551 1212 4604 κατὰ
1239 4552 1348 4626 τῶν
1400 4553 1758 4616 Πατζινάκων
1787 4556 1880 4622 ὀρ-

289 4655 508 4722 μήσας,
569 4646 664 4698 καὶ
705 4646 1046 4714 παρασυρεὶς
1101 4644 1252 4711 παρὰ
1301 4645 1560 4711 γυναικὸς
1619 4644 1879 4707 Σκυθίδος

287 4743 437 4795 ἑάλω
479 4739 573 4791 διὰ
611 4738 838 4806 σιδηρᾶς
891 4739 1074 4805 ἃρπης
1134 4735 1264 4787 εἴσω
1308 4735 1417 4787 τῶν
1451 4735 1675 4804 ἁμαξῶν
1723 4738 1881 4789 ἑλκυ-

289 4835 468 4894 σθείς.
512 4826 588 4882 Οὐ
643 4831 744 4896 τὴν
799 4828 1044 4895 κεφαλὴν
1099 4829 1510 4897 ἀποτμηθεῖσαν
1569 4827 1802 4896 ἐπρίατο
1850 4833 1878 4881 ὁ

291 4924 561 4992 βασιλεὺς
608 4920 668 4984 ἐξ
717 4922 988 4988 αἰτήσεως
1031 4919 1125 4970 τοῦ
1163 4921 1365 4988 πατρὸς
1406 4918 1594 4972 αὐτοῦ.
1649 4919 1787 4972 Ὑπὸ
1830 4920 1885 4972 δέ

292 5019 388 5083 τῆς
441 5014 729 5079 ἀφορήτου
767 5011 1004 5078 θλίᾲεως
1039 5009 1132 5060 ἐπὶ
1171 5013 1319 5079 τρισὶ
1350 5011 1715 5081 νυλθημέροες
1761 5015 1882 5064 δια-

288 5105 575 5174 γερςιάδας
607 5105 651 5135 ¹²
684 5103 835 5154 λίθου
871 5101 1074 5153 τύπτον
1104 5104 1145 5135 ¹³
1173 5103 1232 5154 τὸ
1267 5103 1487 5172 στέρνον
1511 5105 1536 5153 ὁ
1574 5104 1756 5172 πατὴρ
1793 5121 1884 5155 τε-

294 5197 483 5264 lauti.

1981 4557 2194 4608 assidue
2233 4555 2521 4623 Barbaros,
2557 4563 2903 4615 successibus
2953 4565 3032 4615 vel
3077 4580 3138 4616 ea
3183 4581 3240 4618 re
3286 4582 3388 4618 non
3437 4581 3565 4619 cou-

1984 4649 2318 4713 teinnendis,
2345 4649 2484 4716 quod
2523 4651 2662 4703 nulla
2693 4652 2927 4721 jactura,
2959 4670 3024 4708 ne
3060 4657 3295 4721 periculo
3323 4656 3564 4725 quidem,

1985 4741 2173 4807 empti,
2215 4751 2392 4794 tamen
2438 4742 2503 4796 ad
2541 4747 2856 4796 morandum
2894 4748 3159 4799 victorum
3197 4763 3417 4800 cursum
3457 4749 3562 4797 im-

1984 4833 2421 4901 pedienduinqne
2463 4850 2530 4886 ne
2589 4836 2804 4890 arcibus
2855 4837 3081 4904 aliisque
3123 4839 3352 4891 subinde
3415 4838 3566 4888 inva-

1994 4923 2187 4976 dendis
2223 4922 2478 4975 ditionem
2523 4921 2818 4974 Romanam
2853 4933 3156 4987 arctareut,
3192 4939 3341 4977 suam
3373 4931 3569 4973 exten—

1996 5019 2203 5076 derent,
2239 5015 2591 5067 conferebant
2622 5016 2932 5081 plurimum.
2984 5014 3096 5066 Non
3131 5023 3339 5080 poterat
3385 5020 3566 5063 tamen

1994 5106 2151 5172 plane
2192 5106 2310 5156 sisti
2360 5114 2591 5167 torrens,
2621 5106 2748 5171 quin
2781 5105 3010 5156 evolutis
3042 5103 3288 5156 obicibus
3324 5100 3569 5168 quantis-

1995 5209 2208 5261 cunque
2249 5198 2347 5244 iret
2401 5210 2614 5261 semper
2644 5204 2697 5246 et
2728 5194 2959 5246 ferretur
2984 5209 3089 5260 quo
3119 5194 3384 5260 pendebat
3427 5207 3562 5257 prm-

293 5308 441 5359 ceps.
485 5291 672 5356 itaque
696 5286 810 5355 jam
848 5300 1018 5353 usque
1049 5289 1116 5338 ad
1144 5285 1388 5355 (Zyspclla
1413 5284 1627 5355 Scythae
1657 5295 2065 5354 prozuovterant.
2119 5284 2228 5336 Nec
2273 5283 2442 5335 defuit
2489 5285 2785 5350 imperator
2846 5284 2972 5351 quin
3047 5284 3241 5336 castris
3310 5282 3417 5334 illic
3500 5285 3570 5337 de

1339 5400 1538 5461 Varie:
1572 5399 1874 5459 lectiones
1915 5414 1990 5458 ex
2025 5396 2166 5458 cod.
2200 5395 2471 5454 Coisiin.

361 5503 384 5536 ⁸
415 5504 583 5557 Deest
601 5499 796 5553 Vocula
818 5497 916 5560 ὡς.
996 5495 1017 5526 ⁹
1047 5497 1484 5554 καταλαϐόντων.
1566 5501 1608 5530 ¹⁰
1627 5501 1825 5551 ἐπεῖδε.

1909 5498 1950 5528 ιι
1981 5495 2314 5566 προέιρθκσε.

2398 5496 2441 5524 ¹¹
2479 5492 2565 5542 διὰ
2595 5492 2888 5561 χερμάδος.
2972 5493 3014 5523 ³³
3045 5492 3289 5547 τύπτων.

1371 5617 1511 5680 Car.
1545 5617 1875 5680 Dufrcsnii
1915 5616 2006 5676 Du
2040 5614 2262 5691 ρεηδῙὶ
2308 5623 2493 5674 notis.

365 5748 448 5816 {7)
488 5744 807 5810 Κύψελλα.
852 5739 1096 5794 Thracia:
1129 5741 1256 5795 urbs
1292 5743 1356 5795 ad
1391 5740 1652 5809 Hebrum,
1683 5742 1747 5795 de
1774 5755 1878 5809 qua
1920 5738 2208 5810 geographi
2241 5737 2463 5806 passim.
