4024 6270
338 356 445 415 573
494 378 522 407 ι

344 462 586 526 Ἀλεξὲου
673 462 900 532 πρώτως
994 460 1284 532 ἱφεύρητο.

325 553 563 621 ἐχούσης
618 553 717 622 τῆς
772 555 881 604 τῶν
924 552 1213 620 Ῥωμαίων
1265 551 1440 623 ἀρχῆς
1484 552 1572 605 διὰ
1623 551 1899 622 ρᾳθυμίαν

322 645 657 700 ἀνέκαθενη
689 644 1144 714 αὐτοκρατόρων,
1205 643 1601 713 συλλεξάμενος
1656 646 1903 696 ἅπαντα·

323 738 484 808 χόθεν
511 738 711 799 αὐτοὺς
740 736 849 789 τῶν
880 736 1363 790 ἁποπεπτωκότων
1388 737 1739 807 στρατιωτῶν
1770 736 1905 798 υἱεῖς

328 827 615 896 ὲγύμνασέ
653 845 712 879 τε
761 827 895 897 πρὸς
951 825 1091 879 ὅπλα
1133 826 1226 879 καὶ
1279 826 1539 895 πόλεμον,
1572 826 1667 879 καὶ¹
1700 829 1899 894 ἄρχον-

320 921 610 982 τοπώλους
655 919 938 986 ὠνόμασεν
976 919 1175 971 ὡαανεὶ
1219 918 1277 984 ἐξ
1317 919 1593 988 ἀρχόντων
1623 920 1771 980 υἱοὺς
1811 933 1904 982 γε·

321 1015 555 1083 γονότας
590 1013 678 1065 ἵνα
710 1012 799 1065 διὰ
834 1010 930 1065 τοῦ
965 1011 1231 1079 ὀνόματος
1275 1015 1358 1074 εἰς
1404 1012 1503 1081 τὴν
1558 1012 1664 1065 τῶν
1697 1013 1904 1079 γονέων

321 1105 609 1171 εὐγένειάν
656 1119 715 1155 τε
768 1103 863 1156 καὶ
915 1102 1140 1171 ἀνδρίαν
1176 1102 1577 1171 ἀναφερόμενοι
1609 1104 1698 1154 καί
1732 1095 1900 1165 οὗτοι,

323 1196 572 1265 θούριδος
612 1195 791 1264 ἀλκῆς
828 1194 1127 1263 μνήσαιντό
1160 1211 1217 1246 τε
1259 1196 1351 1247 καὶ
1398 1195 1770 1263 ἀνδρειότεροι
1804 1194 1899 1261 γέ-

322 1306 521 1352 νοιντο,
557 1286 654 1340 τοῦ
691 1286 884 1355 καιροῦ
911 1286 1121 1348 τούτοις
1155 1285 1359 1356 τόλμαν
1406 1288 1498 1340 καὶ
1533 1286 1721 1356 ῥώμην
1760 1286 1903 1339 ὐπα-

323 1378 668 1449 γορεύοντος.
716 1376 969 1430 Τοιοῦτον
1022 1377 1085 1447 δὴ
1171 1378 1232 1430 τὺ
1303 1377 1413 1429 τῶν
1472 1376 1903 1447 ἀρχοντοπὼλων

323 1473 533 1541 τάγμα,
566 1470 641 1533 ὡς
676 1471 734 1522 ὲν
759 1469 925 1539 ὀλίγῳ
954 1470 1156 1533 εἰπεῖν,
1179 1469 1258 1532 είς
1286 1467 1379 1520 δύο
1412 1466 1652 1536 χιλιάδας
1690 1483 1902 1531 συμπο-

326 1562 612 1631 σούμενον.
652 1559 844 1630 ὥσπερ
876 1560 1014 1612 ποτὲ
1052 1560 1148 1612 καὶ
1178 1561 1293 1619 τοῖς
1323 1559 1579 1611 Λάκωσιν
1632 1556 1904 1625 ὲφεύρητο

324 1653 353 1703 ό
388 1652 535 1722 ἱερὸς
586 1651 883 1720 λεγόμενος
921 1649 1098 1720 λόχος.
1136 1642 1298 1702 Οὗτοι
1333 1649 1514 1702 τοίνυν
1551 1651 1599 1701 οἱ
1631 1650 1903 1702 νεόλεκτοι

323 1744 731 1814 ἁρχοντόπωλοι
776 1742 1095 1808 ἐσταλμένοι
1144 1742 1458 1805 πολεμικῶς
1522 1743 1708 1813 ᾔεσαν.
1745 1743 1809 1795 Οί
1842 1742 1897 1794 δὲ

325 1836 576 1889 κάτωθεν
607 1835 703 1888 τοῦ
744 1835 969 1905 αὐχένος
1024 1834 1439 1905 προλοχίζοντες
1493 1835 1699 1887 Σκύθαι
1725 1835 1765 1865 ¹⁴¹
1802 1836 1895 1897 τὰς

326 1928 533 1981 τούτων
563 1928 787 1996 ἐφόδους
818 1928 1125 1999 ἐπετήρουν
1148 1944 1161 1958 ·
1196 1928 1289 1980 καὶ
1320 1927 1642 1996 θεασάμενοι
1670 1929 1897 1990 τούτους

328 2022 468 2074 κατὰ
523 2022 633 2072 τῶν
698 2020 922 2087 ἁμαξῶν
975 2021 1409 2091 ἀφωρμηκότας,
1481 2021 1693 2091 ἀσχὲτῳ
1752 2020 1901 2092 ῥύμῃ

328 2114 446 2165 κατ’
488 2112 671 2164 αὐτῶν
701 2111 891 2166 ἵενται.
932 2111 1043 2164 Καὶ
1078 2111 1397 2180 ἀγχεμάχου
1434 2111 1532 2180 τῆς
1576 2111 1901 2181 συμπλοκῆς

328 2205 700 2273 καταστάσης,
728 2204 984 2258 πίπτουσι
1013 2203 1119 2257 τῶν
1143 2203 1570 2274 ἀρχοντοπὼλων
1594 2204 1724 2255 ὡσεὶ
1748 2222 1906 2275 τρια-

330 2297 501 2350 κόσιοι
530 2297 785 2365 ἐκθύμως
822 2296 1144 2366 μαχόμενοι.
1179 2298 1313 2365 Περὶ
1335 2290 1411 2350 ὧν
1442 2297 1610 2349 πολὺν
1636 2295 1680 2328 ⁸⁸
1712 2298 1904 2367 χρόνον

338 2387 523 2457 βύθιον
555 2388 771 2439 ἔστενεν
804 2389 831 2439 ό
864 2386 1143 2456 βασιλεὺς,
1166 2387 1375 2457 δάκρυα
1440 2387 1619 2456 θερμὰ
1675 2389 1902 2456 ὲκχέων,

339 2480 431 2532 καὶ⁵
463 2480 728 2548 ὀνομαστὶ
766 2476 1000 2530 ἕκαστον
1039 2478 1291 2547 καθάπερ
1325 2477 1368 2508 "
1393 2477 1676 2547 ἀπόδημον
1706 2480 1907 2530 ἀνακα-

332 2572 620 2641 λούμενος.
690 2571 1058 2639 Ἱίττήσαντες
1093 2568 1186 2622 οὖν
1214 2571 1263 2621 οἱ
1294 2570 1631 2633 Πατζινάκοι
1659 2570 1784 2628 τοὺς
1810 2572 1907 2624 ἀνα

329 2663 777 2732 τιτεταγμένους,
823 2662 912 2715 διὰ
962 2662 1062 2731 τῆς
1115 2660 1537 2732 Χαριουπόλεως
1582 2660 1907 2725 διελθόντες,

328 2754 735 2810 ἄπονενεύκασι
768 2754 902 2824 πρὸς
928 2754 1017 2807 τὸν
1045 2753 1279 2823 Ἀπρον,
1317 2755 1533 2806 ᾶπαντα
1558 2750 1907 2821 ληϊζόμενοι.

328 2850 408 2921 Τῇ
446 2848 580 2915 γοῦν
632 2847 880 2916 προτέρᾳ
935 2845 1145 2916 μεθόδῳ
1184 2845 1531 2915 χρησάμενος
1572 2842 1728 2906 αὖθις
1756 2845 1784 2896 ό
1812 2844 1911 2914 βα-

335 2941 529 3004 σιλεὺς
570 2938 1095 3008 προκαταλαμϐάνει
1147 2936 1396 3000 τούτους,
1443 2938 1534 2990 καὶ
1564 2935 1799 2989 εἴσεισιν
1831 2939 1910 2999 είς

327 3036 418 3087 τὸν
488 3034 698 3097 Ἀπρον
752 3030 863 3101 (10)
898 3046 912 3060 ⁶
946 3030 1008 3083 οὐ
1066 3029 1176 3098 γὰρ
1234 3029 1514 3097 προσῆσαν
1573 3027 1723 3098 αύτῷ
1770 3028 1909 3080 ἀπο·-

1548 352 1963 412 ALEXIADIS
2004 349 2152 411 LlB.
2204 351 2336 410 VII.

1382 461 1703 531 Ἀστρατίαν
1789 462 1897 529 γαρ

2012 462 2269 515 :ttmdtteti
2322 477 2351 514 a
2405 471 2554 531 tergo
2608 461 2839 533 Scythas
2893 462 3232 517 adorirentur
3282 482 3375 521 eos
3423 472 3513 538 qui
3555 490 3584 525 θ

3477 355 3583 421 574

2011 554 2239 607 summis
2275 552 2557 606 exstabant
2592 554 2865 622 plaustris.
2900 551 3024 607 Haec
3068 556 3579 626 archont0pnlornm

2010 648 2205 701 cohors
2238 646 2514 699 inventum
2549 644 2723 699 Alexii
2760 651 2862 706 est,
2916 644 3115 698 nullum
3165 662 3271 699 non
3324 654 3587 705 moventis

2008 737 2238 806 lapidem
2275 747 2329 789 ιιι
2363 735 2736 789 labefactatam
2769 752 2832 789 ac
2887 736 3128 790 funditus
3181 740 3440 805 perditam
3491 756 3585 792 su-

2009 831 2281 896 periorum
2312 830 2515 883 desidia
2552 830 2939 896 imperatorum
2992 828 3289 882 Romanam
3337 830 3582 883 militiam

2007 925 2336 982 restitueret,
2371 923 2414 974 si
2446 938 2549 990 qua
2597 924 2805 975 ratione
2852 931 3056 991 posset.
3113 922 3243 974 Illud
3295 924 3362 975 ad
3422 924 3581 975 istum

2006 1016 2166 1067 linem
2217 1014 2507 1066 utileinter
2530 1013 2631 1066 alia
2679 1014 2726 1065 ei
2781 1014 3063 1066 occurrit:
3099 1014 3328 1067 militum
3396 1013 3584 1067 delun-

2004 1116 2217 1160 ctorum
2253 1105 2392 1159 ﬁlios
2420 1109 2769 1175 congregavit
2797 1106 3033 1173 undique
3061 1145 3075 1167 ,
3138 1105 3584 1173 conscriptosque

2007 1198 2058 1251 in
2094 1212 2288 1250 novum
2320 1210 2510 1262 agmen
2555 1195 2804 1255 armavit,
2843 1196 3195 1262 exercuitque
3217 1193 3582 1262 diligenterad

2007 1304 2264 1359 pugnam,
2308 1288 2477 1340 indito
2501 1286 3017 1354 archontopolorum
3075 1286 3295 1339 nomine
3355 1287 3448 1339 toti
3498 1286 3586 1340 isti

2008 1390 2198 1433 turma:
2230 1380 2470 1449 proprio,
2500 1393 2562 1431 ex
2591 1378 2803 1445 origine
2836 1378 3106 1431 indicante
3158 1393 3279 1431 csse
3326 1377 3470 1444 ipsos
3528 1377 3588 1429 li-

2008 1475 2109 1528 lios
2154 1474 2494 1526 tribunorum
2528 1470 3018 1539 centurionumque
3067 1482 3157 1523 aut
3208 1470 3462 1523 similium
3499 1469 3587 1537 qui

2005 1567 2265 1619 ducendis
2296 1565 2576 1617 ordinibus
2625 1578 2841 1631 operam
2902 1563 3040 1617 bello
3107 1574 3441 1616 navassent:
3482 1575 3591 1630 quo

2006 1655 2250 1709 vocabuli
2283 1655 2559 1707 admonitu
2596 1655 2887 1706 verisimile
2937 1664 3053 1707 erat
3106 1666 3463 1722 concepturos
3496 1668 3590 1706 eos

2005 1763 2327 1817 generosum
2362 1747 2694 1813 propositum
2730 1763 2830 1797 non
2871 1747 3230 1814 degenerandi
3288 1762 3317 1797 a
3367 1754 3589 1813 paterna

2005 1842 2224 1902 virtute,
2266 1848 2319 1891 et
2363 1838 2596 1893 heroicis
2642 1842 2691 1888 tu
2750 1838 3039 1889 occasione
3090 1836 3422 1889 facinoribus
3468 1851 3592 1887 san-

2004 1932 2186 2002 guinis
2238 1930 2393 1984 lidem
2442 1945 2505 1982 ac
2558 1929 2896 1982 nobilitatem
2958 1927 3289 1980 aﬂirmandi.
3342 1927 3593 1980 Excrevit

2005 2024 2150 2079 brevi
2176 2038 2235 2075 ea
2266 2022 2457 2074 cohors
2487 2036 2654 2088 usque
2682 2020 2746 2073 ad
2781 2034 3063 2071 numerum
3109 2019 3271 2070 duum
3305 2016 3527 2068 millium
3569 2030 3585 2066 :

2004 2116 2288 2183 simileque
2327 2114 2524 2167 habere
2552 2113 2826 2182 quippiam
2870 2112 2982 2164 visa
3035 2120 3117 2163 est.
3172 2110 3249 2162 illi
3295 2124 3451 2161 sacro
3502 2123 3594 2175 ag-

2008 2207 2136 2262 mini
2171 2222 2199 2258 a
2230 2205 2533 2259 Laconibus
2563 2204 2689 2255 olim
2734 2204 3039 2269 excogitato
3086 2202 3491 2266 nominatoqne.
3528 2198 3589 2252 lli

2008 2314 2138 2366 ergo
2174 2313 2361 2352 recens
2389 2296 2510 2351 lecti
2537 2294 2910 2361 archontopoli
2936 2293 3155 2359 juvenes
3186 2293 3237 2345 in
3283 2292 3513 2363 Scythas
3535 2300 3591 2344 ttt

2006 2389 2337 2459 jubebantur
2388 2389 2584 2442 armati
2634 2388 2853 2441 vadunt.
2907 2386 2977 2439 At.
3048 2383 3271 2437 Barbari
3343 2384 3459 2436 loco
3493 2383 3589 2434 de-

2009 2496 2198 2550 presso
2226 2494 2390 2548 prope
2414 2478 2604 2547 iugum
2633 2495 2700 2534 ex
2728 2493 2836 2546 quo
2874 2477 3224 2541 eminebant,
3252 2475 3465 2529 insidiis
3492 2489 3588 2541 po.

2011 2570 2132 2626 sitis
2160 2571 2383 2624 exitium
2412 2568 2642 2624 incautis
2670 2568 3125 2621 machinabantur
3157 2583 3171 2619 :
3213 2566 3453 2631 adeoque
3478 2563 3587 2629 jam

2013 2662 2309 2717 commisso
2334 2676 2457 2716 cum
2514 2659 2877 2714 insessoribus
2938 2659 3297 2727 plaustrorum
3351 2656 3588 2709 intentos

2014 2754 2321 2819 certamini,
2354 2768 2381 2805 a
2411 2764 2557 2822 tergo
2593 2767 2807 2805 summo
2831 2751 3033 2818 impetu
3068 2749 3266 2811 adorti,
3308 2758 3592 2801 conserto-

2014 2861 2118 2916 que
2144 2847 2252 2899 acri
2290 2846 2496 2916 proelio,
2538 2856 2811 2900 trecentos
2858 2860 2925 2899 ex
2983 2840 3119 2914 ipsis
3165 2856 3431 2912 generose
3490 2856 3588 2907 pu-

2016 2950 2243 3009 gnantes
2276 2948 2469 2994 necant
2504 2958 2517 2994 :
2553 2953 2689 3008 quos
2720 2940 2878 3007 longo
2912 2948 3156 3003 tempore
3185 2935 3311 2988 altis
3339 2932 3594 3000 suspiriis

2016 3031 2317 3100 calidisque
2344 3030 2596 3101 lacrymis
2622 3037 2939 3094 prosecutus
2960 3029 3254 3093 imperator
3277 3032 3377 3082 est,
3411 3022 3591 3073 nomi-

330 3124 549 3198 χρῶσαι
631 3121 939 3192 δυνάμεις,
998 3118 1254 3189 καθάπερ
1330 3118 1595 3180 πολλάκις
1667 3119 1906 3188 εἴρηται,

2016 3122 2184 3175 natim
2213 3135 2655 3189 unumquemque
2687 3118 3007 3181 inclamans,
3034 3125 3286 3179 tanquam
3317 3127 3420 3163 non
3448 3125 3594 3162 mor-

326 3217 467 3288 πρὸς
533 3215 717 3285 μάχην
772 3214 884 3275 τοϊς
946 3210 1522 3279 ἀντικαθισταμένοις.
1600 3210 1908 3279 Τοιγαροῦν

325 3307 620 3378 γινώσκων
656 3306 855 3367 αὐτοὺς
897 3301 1042 3356 κατὰ
1070 3303 1167 3363 τὰς
1194 3301 1369 3369 αὐγὰς
1405 3301 1561 3372 ἡλίου
1594 3303 1674 3364 είς
1713 3317 1912 3369 προνοο

331 3402 441 3472 μὴν
483 3397 900 3467 ὲξερχομένους,
934 3394 1448 3463 μετακαλεσάμενος
1473 3394 1564 3445 τὴν
1596 3393 1907 3455 Ταττίκιον,

330 3489 390 3547 οὗ
416 3496 444 3547 ό
475 3491 637 3557 λόγος
664 3490 724 3540 ὲν
764 3487 977 3549 πολλοῖς
1013 3487 1312 3556 ἐμέμνητο,
1353 3484 1657 3538 ἐνετείλατο
1690 3501 1913 3552 συμπα-

329 3582 593 3659 ραλαὸεῑν
629 3578 749 3649 μεθ’
781 3577 978 3631 ἑαυτοῦ
1005 3577 1134 3638 τούς
1162 3592 1221 3628 τε
1250 3575 1621 3643 καλουμένους
1651 3574 1913 3643 ὴνδρειω-

329 3677 530 3747 μένους
562 3672 667 3727 τῶν
682 3670 933 3740 ἁγούρων
958 3670 1068 3742 (Η)
1088 3671 1181 3723 καὶ
1210 3669 1317 3722 τῶν
1342 3670 1472 3735 περὶ
1490 3669 1584 3737 τὴν
1618 3667 1912 3737 θεραπείαν

328 3764 502 3821 αὐτοῦ
548 3763 900 3832 οίκειοτέρων
929 3762 1052 3823 τοὺς
1093 3759 1324 3826 λογάδας
1357 3759 1450 3813 καὶ
1476 3759 1602 3821 τοὺς
1648 3758 1909 3819 Λατίνους

334 3862 593 3921 ἅπαντας
636 3856 894 3909 καὶκατὰ
919 3854 980 3906 τὸ
1012 3852 1337 3924 περίορθρον
1369 3854 1463 3914 τὰς
1502 3851 1773 3913 Σκυθικὰς
1822 3852 1915 3902 ὲκ-

328 3951 543 4022 ίρομάς
586 3946 1005 4008 διυπνισθέντας
1052 3945 1265 4013 τηρεῖν,
1330 3941 1461 3994 ὥσθ’
1509 3943 1747 4008 ὁπηνίκα
1787 3940 1913 4002 τοὺς

330 4044 550 4105 Σκύθας
601 4042 682 4104 είς
739 4038 1020 4110 προνομὴν
1082 4038 1322 4101 ἐξιόντας
1371 4034 1468 4102 τῆς
1533 4030 1667 4093 ἰδίας
1724 4033 1912 4104 πόρῤω

328 4136 589 4205 γενέσθαι
614 4130 968 4203 παρεμϐολῆς
994 4129 1361 4199 στοχάζοινῖο,
1390 4126 1510 4177 κατ’
1544 4125 1722 4176 αὐτῶν
1750 4141 1903 4191 τηνι-

329 4229 509 4281 καῦτα
539 4224 696 4284 ὅλους
744 4222 987 4293 ῥυτῆρας
1014 4219 1282 4273 ἐνδοῦναι.
1326 4218 1383 4269 Ὀ
1424 4216 1479 4269 δὲ
1516 4215 1656 4267 κατὰ
1683 4214 1742 4266 τὸ
1766 4216 1912 4266 ἐντει-

331 4320 603 4386 ταλμένον
663 4312 1002 4384 πεποιηκὼς,
1067 4311 1265 4364 κτείνει
1343 4310 1442 4379 μὲν
1500 4306 1908 4377 τετρακοσίους,

331 4414 552 4476 ἱκανοὺς
587 4410 643 4463 δὲ
684 4408 780 4463 καὶ¹
823 4406 1064 4474 ζωγρίαν
1118 4407 1162 4436 ¹⁰
1211 4405 1358 4471 ἄγει.
1391 4403 1455 4454 Τί
1506 4402 1568 4453 τὸ
1614 4399 1906 4465 ὲντεῦθεν;

334 4502 873 4572 Καταλαμϐάνουσιν
916 4500 966 4551 οἱ
998 4499 1090 4551 τοῦ

334 4600 520 4662 ἱππεῖς
563 4598 812 4666 ἔκκριτοι
848 4593 983 4646 ὡσεὶ
1022 4592 1388 4654 πεντακόσιοι,
1456 4591 1700 4660 χάρισμα
1753 4588 1911 4656 κομί-

332 4694 513 4754 ζοντες
547 4689 726 4756 τούτῳ
762 4688 963 4749 ἵππους
996 4686 1283 4755 ἐκκρίτους
1324 4684 1413 4737 τὸν
1450 4683 1681 4753 άριθμδν
1717 4680 1912 4733 ἑκατὸν

339 4781 473 4850 πρὸς
496 4782 615 4842 τοῖς
650 4780 997 4845 πεντήκοντα
1020 4792 1033 4807 ⁸
1069 4777 1206 4829 ἀλλὰ
1241 4779 1335 4828 καὶ
1365 4777 1521 4838 ὅσους
1555 4775 1650 4842 τῆς
1687 4790 1914 4842 προκει-

338 4879 502 4947 μένης
550 4877 733 4938 αύτοίς
759 4873 947 4946 χρείας
1000 4871 1145 4943 εἶχον
1204 4875 1481 4935 ἐπέκεινα,
1540 4869 1915 4922 ἀποδεδώκασι

334 4970 507 5041 τούτῳ
524 4968 715 5039 τιμῆς.
758 4970 823 5021 ’0
856 4967 913 5021 δὲ
950 4966 1204 5037 βασιλεὺς
1247 4963 1485 5028 Ἀλέξιος
1515 4964 1911 5027 δεξιωσάμενος

2018 3224 2160 3279 tuos,
2186 3214 2278 3266 sed
2306 3228 2531 3281 peregre
2574 3210 2848 3278 proiectos
2875 3224 2997 3262 cum
3047 3221 3143 3274 spe
3193 3204 3399 3257 reditus
3450 3202 3595 3255 arhio

2016 3312 2273 3358 traretur.
2318 3302 2562 3356 Victores
2594 3299 2869 3353 Patzinaci
2904 3296 3132 3352 transita
3181 3292 3489 3360 Chariopoli
3526 3294 3593 3346 ad

2013 3398 2218 3466 Aprum
2257 3395 2481 3449 tendunt
2500 3403 2693 3447 cuncta
2712 3391 2889 3445 obiter
2915 3397 3209 3442 vastantes.
3234 3386 3371 3452 Quid
3391 3386 3595 3439 laceret

2015 3488 2311 3557 imperator
2352 3500 2487 3539 nova
2527 3485 2679 3538 clade
2734 3483 2992 3542 domitus,
3042 3481 3147 3534 nisi
3208 3479 3431 3531 audacia
3487 3492 3596 3531 non

2016 3578 2339 3632 succedente
2369 3578 2433 3629 ad
2490 3573 2761 3628 Fabianas
2813 3583 2958 3625 artes
3004 3580 3056 3624 et
3108 3580 3387 3635 expertam
3438 3572 3599 3634 paulo

2016 3682 2140 3726 ante
2170 3672 2367 3724 rediret
2402 3667 2739 3723 sustentandi
2786 3665 2910 3719 belli
2961 3661 3314 3716 methodum?
3361 3662 3597 3725 Occupat

2015 3779 2144 3833 ergo
2179 3762 2600 3816 destinationem
2654 3758 3016 3810 Barbarorum
3048 3765 3101 3807 et
3131 3770 3251 3804 cum
3288 3753 3400 3805 suis
3425 3753 3596 3817 copiis

2015 3857 2080 3908 ad
2138 3861 2321 3923 aperte
2382 3848 2747 3918 pugnandum,
2806 3858 2861 3898 ut
2905 3845 3332 3912 sa'pedisinius,
3368 3844 3593 3896 nimium

2015 3947 2228 4015 paucis,
2258 3947 2321 3994 ad
2355 3942 2673 3996 tardandum
2708 3938 2867 4008 205
2919 3938 3187 3990 victorum
3236 3952 3455 3989 cursum
3508 3943 3592 3986 ut-

2015 4049 2229 4101 cmique
2264 4030 2609 4093 sull‘ectttris,
2666 4032 2868 4098 Aprum
2931 4026 3231 4093 ingreditur
3281 4027 3594 4093 priusquam

2014 4147 2079 4185 eo
2109 4130 2321 4199 Scythae
2351 4124 2747 4195 pervenissent.
2776 4121 2971 4174 Eodem
3029 4119 3260 4171 admotis
3330 4117 3597 4169 Barbaro-

2016 4241 2133 4278 rum
2185 4221 2381 4275 castris
2424 4233 2545 4271 cum
2597 4216 2942 4283 cngnovisset
2993 4212 3291 4280 imperator
3338 4208 3599 4277 postridie

2013 4319 2111 4371 th
2135 4314 2263 4368 solis
2296 4321 2470 4364 ortum
2501 4310 2808 4377 prodituros
2841 4308 2965 4360 inde
2998 4306 3347 4373 pranlatores,
3383 4317 3577 4355 accer-

2015 4410 2139 4473 sito,
2166 4406 2317 4471 cujus
2346 4417 2485 4470 swpe
2516 4401 2885 4463 meminimus,
2915 4398 3149 4451 Tatticio
3174 4396 3481 4459 mandavit,
3538 4403 3595 4449 ut

1139 4498 1181 4528 ²¹
1213 4498 1387 4551 Φλάντ
1397 4513 1462 4565 ρα
1512 4493 1906 4555 ἀποσταλέντες

2020 4500 2245 4570 sumptis
2310 4512 2493 4551 secum
2554 4509 2584 4547 e
2639 4492 2947 4563 ptedagogio
2999 4490 3133 4544 aulas
3200 4490 3362 4558 regiis
3417 4488 3599 4555 pueris

2026 4594 2164 4647 bello
2195 4592 2307 4660 jam
2342 4587 2566 4642 maturis
2597 4587 2825 4653 (cohors
2858 4595 2975 4637 erat
3026 4598 3055 4635 e
3102 4600 3158 4637 re
3187 4598 3379 4636 nomen
3418 4589 3596 4642 nacta,

2024 4698 2081 4739 ιιι
2109 4684 2439 4750 epheborum
2476 4681 2528 4733 in
2557 4678 2710 4733 virile
2744 4677 2907 4731 robur
2942 4678 3250 4729 adulterum
3296 4672 3593 4741 diceretur)

2026 4775 2299 4830 ﬁdissimis
2353 4788 2567 4841 quoque
2620 4787 2756 4839 quos
2823 4772 3047 4823 haberet
3109 4767 3425 4821 domesticis
3483 4766 3602 4818 suis

2026 4870 2191 4938 ipsius
2217 4883 2278 4919 ac
2314 4866 2549 4927 famulis,
2580 4873 2835 4931 prasterea
2882 4861 3084 4914 Latinis
3110 4860 3400 4922 universis,
3423 4858 3596 4924 primo

2020 4960 2258 5015 diluculo
2330 4956 2623 5010 excubaret
2682 4955 2747 5007 ad
2820 4952 3183 5006 observandas
3250 4948 3598 5003 excursiones

1377 5120 1575 5180 Varia;
1625 5120 1935 5181 lectiones
1973 5133 2050 5177 ex
2091 5116 2229 5177 cod.
2259 5114 2530 5177 Coislin.

412 5232 454 5263 ¹⁶
510 5230 624 5283 τῶν
665 5226 955 5282 ἀνέκαθεν.
1029 5227 1070 5258 ⁸⁷
1112 5227 1271 5281 Deest
1312 5240 1411 5278 vox
1445 5225 1668 5278 Σκύθαι.

1788 5221 1831 5257 ⁸⁸
1856 5223 1947 5274 ἐπὶ
1982 5221 2167 5272 πολύν.

2299 5220 2341 5250 ¹⁹
2370 5216 2698 5286 καθαπερεί.
2772 5217 2818 5248 ὀ
2846 5214 3155 5280 ζωγρήσας.
3234 5211 3275 5240 ⁸⁸
3306 5210 3455 5276 παρᾶ
3482 5208 3595 5278 τοῦ,

1414 5340 1551 5402 Car.
1605 5337 1922 5400 Dufresnii
1958 5337 2054 5395 Du
2088 5332 2309 5407 Cangii
2345 5340 2538 5393 noue.

410 5452 518 5513 (10)
550 5452 794 5516 Ἄκρον.
856 5450 1046 5513 Apros,
1073 5444 1321 5516 Thracia!
1360 5440 1509 5516 urbs,
1536 5442 1909 5516 archiepisz'o-

343 5511 441 5589 pali
499 5511 553 5574 ct
605 5511 1023 5589 tuetropolitaua
1076 5511 1626 5589 dignitate.iit-signis,
1691 5512 1755 5563 de
1803 5524 1907 5576 qua

344 5581 796 5649 Cantacuzcnus,
819 5587 911 5639 lib.
939 5600 975 5642 ι.
999 5596 1053 5637 et
1076 5584 1298 5638 Veteres
1325 5581 1556 5633 Notium.

412 5661 523 5731 (ll)
567 5644 912 5725 Ἀγούρους.
954 5653 1065 5708 Hoc
1097 5652 1376 5731 _vocaln_tl_o
1417 5652 1655 5731 ephebos
1685 5644 1914 5731 a'Tltraf

348 5717 518 5785 cibus,
562 5717 903 5793 nuncupatos
968 5738 1031 5777 ex
1097 5721 1383 5777 Eustathio
1454 5717 1659 5788 pridem
1728 5717 1912 5768 docuit

2023 5434 2092 5492 Η.
2141 5432 2469 5496 Stephanus,
2520 5446 2621 5497 qua
2667 5428 2856 5489 etiam,
2900 5424 3129 5497 _notio_ne
3177 5421 3387 5478 ροηδε-ιη,
3439 5434 3597 5497 usum

2020 5489 2264 5557 Nil-ctam
2297 5489 2555 5553 oltser'vat'
2582 5498 2869 5549 Meursius.
2900 5491 3008 5543 Leo
3035 5492 3336 5544 Gratntnat.
3361 5505 3411 5555 p.
3444 5489 3553 5541 In»)
3580 5505 3595 5543 :

2019 5571 2364 5636 Θεασάμενός
2418 5568 2511 5621 οὖν
2556 5568 2718 5619 αὐτὸν
2781 5566 3113 5636 ἐπιάγουρον
3183 5560 3279 5613 καὶ
3340 5560 3597 5629 μεγάλην

2020 5629 2263 5711 κεφαλῆν
2303 5629 2516 5708 ἔχοντα,
2554 5635 2824 5705 ἐπέθηκεν
2852 5629 3135 5698 Κεφαλᾶν.
