4024 6270
533 383 636 448 579

1831 370 2052 432 ANN/E
2087 367 2465 428 COMNENE
3627 361 3714 423 ε)εο

534 495 716 548 vacuis
747 493 918 546 milite
950 489 1174 558 navigiis
1194 489 1519 544 Turcornm.
1548 488 1610 541 At
1635 484 1880 539 Tzacbas
1903 492 2102 536 terram

2219 481 2326 532 κατ’
2367 479 2528 532 αὑτοῦ
2574 477 2841 547 συμμίξαι
2889 473 3024 544 πρὸς
3080 472 3329 538 πόλεμον.
3374 469 3428 522 '0
3459 469 3509 522 δὲ
3534 470 3720 540 Τζαχᾶς

538 595 756 652 repente
811 586 1068 637 deserens
1121 582 1348 636 classem
1407 579 1724 634 conscendit
1775 587 2106 641 cursumque

538 676 766 728 infestus
797 673 978 741 dirigit
1012 683 1159 725 recta
1185 674 1234 724 itt
1266 675 1543 724 obsessam
1601 671 1811 722 urbem.
1855 664 2107 720 Occurrit

541 766 611 818 illi
642 763 790 833 Opus
817 764 965 818 circa
1001 774 1213 817 unt-lem
1241 763 1509 825 mediam,
1542 775 1786 828 novoque
1837 774 1898 812 ac
1936 757 2109 826 inopi-

542 863 670 910 nato
706 857 935 909 classem
963 856 1199 908 hostiutn
1230 855 1494 906 instructu
1517 852 1829 919 dispositam
1857 853 2103 902 miratur.

538 948 729 1013 Magno
775 947 1044 1013 siquidem
1099 947 1323 998 rudente
1373 955 1462 996 aut
1517 954 1704 997 catena
1765 940 2009 994 Tant-has
2043 941 2106 992 ad

540 1040 615 1091 id'
642 1049 826 1106 parata
870 1039 1041 1106 ipsum
1097 1051 1263 1090 naves
1300 1052 1428 1088 suas
1474 1035 1757 1087 universas
1798 1031 2110 1098 complexus

540 1130 884 1188 astrinxerat,
926 1133 981 1178 ut
1013 1140 1112 1178 nec
1138 1134 1282 1178 retro
1307 1124 1409 1177 ulla
1442 1126 1633 1176 cedere
1654 1163 1670 1186 ,
1720 1137 1821 1176 nec
1858 1133 2106 1188 prorsum

541 1219 678 1268 ultra
709 1226 1026 1268 caeterarum
1053 1217 1296 1269 ordinem
1329 1223 1507 1280 posset
1531 1226 1839 1274 excurrere,
1864 1209 2109 1276 acit-iqne

543 1308 746 1361 navalis
774 1309 852 1361 sic
878 1307 1102 1360 formam
1138 1321 1507 1372 corrmnpere.
1540 1304 1655 1357 Tali
1691 1303 1870 1371 specie
1896 1301 2112 1368 percul-

540 1415 635 1454 sus
660 1400 829 1467 Opus,
865 1414 929 1451 ne
957 1397 1212 1451 accedere
1233 1397 1446 1464 quidem
1481 1409 1644 1448 ausus
1674 1397 1912 1461 propius.
1941 1392 2110 1446 versis

543 1493 724 1545 statim
755 1491 1135 1560 gubernaculis
1173 1490 1365 1543 Chium
1389 1488 1623 1554 repetiit.
1669 1487 1912 1538 'l‘zaeltas
1957 1499 2108 1537 rece-

542 1584 758 1636 dentem
788 1592 944 1634 caute
973 1596 1035 1633 ac
1057 1581 1175 1632 sine
1207 1579 1440 1632 tumultu
1470 1586 1726 1630 contenta
1753 1575 2112 1641 rem'gatione

542 1677 895 1740 sequebatur,
928 1671 1212 1724 intervallo
1251 1687 1354 1722 non
1408 1683 1622 1738 magno.
1677 1668 1766 1720 Sic
1819 1667 2109 1734 appropin-

541 1764 780 1832 quabant
835 1764 992 1814 ambo
1043 1761 1268 1812 civitati.
1327 1761 1544 1812 Primus
1611 1757 1758 1825 Opus
1813 1757 1864 1809 in
1899 1767 2107 1824 portum

545 1854 716 1914 urbis,
743 1867 902 1920 quem
938 1860 1098 1904 antea
1133 1848 1462 1902 Dalassmtus
1502 1856 1892 1916 occupaverat,
1947 1859 2108 1897 naves

544 1945 777 1999 induxit.
811 1939 1060 1995 Tzacbas
1103 1939 1472 1994 circumducta
1516 1938 1691 1991 classe
1737 1936 1877 1989 ultra
1927 1945 2111 2002 portus

467 2067 476 2076 -
545 2037 828 2096 ambitum,
871 2033 1138 2088 manibus
1183 2033 1416 2085 obsessae
1458 2031 1598 2083 areis
1648 2045 1811 2083 naves
1853 2030 2110 2082 admovit.

547 2129 749 2195 Quarta
784 2127 900 2179 dies
934 2123 1286 2177 hebdomadis
1342 2131 1484 2177 erat.
1536 2121 1804 2177 Postridie
1833 2121 2056 2172 eductos
2084 2134 2115 2172 e

549 2220 776 2273 navibus
809 2215 1113 2271 numeravit
1133 2215 1526 2282 descripsitque
1552 2227 1761 2266 omnes.
1795 2212 2115 2264 Dalassenns

545 2307 858 2377 oppidulum
885 2305 1155 2375 quoddam
1178 2305 1352 2373 portui
1375 2302 1728 2372 prapinquum
1749 2300 2113 2368 conspicatus,

548 2401 735 2454 avulso
763 2408 1151 2466 coa-qttatoque
1183 2395 1349 2463 priori
1380 2394 1538 2456 vallo,
1567 2408 1698 2445 nova
1725 2392 1789 2445 ad
1839 2390 1966 2444 illud
2001 2405 2116 2444 me-

549 2500 692 2544 tatus
710 2501 767 2544 et
797 2488 1012 2542 molitus
1047 2496 1224 2540 castra
1277 2492 1395 2546 est,
1456 2485 1506 2535 in
1539 2497 1707 2549 eaque
1751 2496 1847 2549 pro
1879 2490 2118 2547 tempore

552 2599 616 2636 ac
646 2583 884 2650 periculo
907 2581 1040 2633 satis
1063 2577 1260 2630 munita
1289 2591 1413 2628 suas
1437 2574 1916 2642 mpiasuniversas
1941 2583 2120 2626 trans-

553 2677 693 2727 tulit.
747 2672 1003 2739 Sequenti
1041 2671 1129 2722 die
1169 2669 1326 2720 ambo
1378 2668 1649 2720 exercitus
1695 2665 1880 2717 armati
1929 2665 2120 2732 prode-

555 2777 710 2819 untes
739 2764 1148 2817 instruebantur
1175 2760 1238 2810 ad
1272 2774 1524 2827 pugnam.
1553 2758 1812 2809 Cancrum
1849 2754 2120 2810 Romanus

553 2859 810 2910 immotus
836 2857 890 2908 in
930 2856 1045 2906 loco
1075 2851 1344 2914 manebat,
1379 2849 1661 2917 sicjussus
1707 2864 1733 2900 a
1787 2847 2119 2909 Dalasseno,

555 2948 645 3015 qui
698 2946 872 3013 rumpi
931 2943 1212 3012 phalangis
1249 2951 1450 2993 textum
1502 2938 2121 3004 eoutesserationetnque

552 3038 936 3094 cohaerentium
991 3047 1289 3095 scutorum,
1325 3033 1562 3086 tlisressu
1610 3046 1719 3085 ase
1759 3030 1988 3083 invicem
2015 3029 2123 3082 dis-

2208 574 2304 639 τὴν
2335 573 2567 640 ἤπειρον
2596 568 2914 623 καταλιπὼν
2944 565 3180 620 κατευθὺ
3215 561 3344 616 Χίου
3373 562 3456 614 τὸν
3485 563 3722 615 ἀπόπλουν

2207 667 2461 720 ἐποιεῖτο.
2496 665 2605 716 Καὶ
2629 664 2960 726 συναντῆσας
2993 658 3140 727 αύτῷ
3173 659 3296 724 περὶ
3327 656 3480 724 μέσας
3505 656 3721 716 νύκταςὸ

2208 750 2401 818 Ὦπος,
2423 755 2497 816 ὡς
2518 751 2625 805 εἶδε
2651 754 2841 819 καινήν
2863 769 2986 802 τινα
3014 751 3111 816 τὴν
3137 747 3418 815 ναυλοχίαν
3446 745 3725 812 ποιούμενον

2209 847 2334 910 (καὶ
2355 844 2462 913 γὰρ
2485 844 2671 896 άλυσιν
2703 841 3120 900 κατασκευάσας
3147 834 3468 906 παμμεγέθη
3492 835 3725 888 amna"

2206 939 2270 988 τὰ
2307 936 2472 988 αὐτοῦ
2505 935 2770 1002 ὲδέσμησε
2823 933 3004 994 πλοῖα,
3053 931 3126 992 ὡς
3175 929 3311 998 μήτε
3346 928 3463 989 τοὺς
3499 928 3732 995 τρεπομέ-

2207 1045 2330 1088 νους
2381 1026 2797 1096 ἀποδιδράσκειν
2843 1022 3140 1085 δύνασθαι,
3178 1021 3304 1088 μήτ’
3343 1015 3406 1070 αὖ
3443 1016 3592 1071 πάλιν
3628 1019 3735 1079 τοὺς

2212 1121 2601 1190 προεκτρέχειν
2667 1117 2946 1177 ἐθέλοντας
2999 1116 3095 1184 τῆς
3155 1111 3415 1179 ναυτικῆς
3469 1110 3735 1174 συνάξεως

2207 1209 2641 1280 διακόπτεσθαι),
2664 1209 3080 1278 ὲκδειματωθεὶς
3112 1208 3203 1260 καὶ
3238 1206 3372 1274 μηδὲ
3401 1203 3738 1270 προσπελάσαι

2209 1304 2430 1364 τούτους
2470 1303 2754 1373 θαρρήσας
2805 1301 2958 1361 ὅλως,
2996 1298 3230 1367 στρέψας
3277 1297 3402 1356 τοὺς
3437 1296 3631 1358 οἴακας,
3657 1294 3738 1358 τὴν

2211 1399 2338 1451 Χῖον
2378 1393 2537 1456 αὖθις
2567 1392 2837 1462 ἀνεζήτει.
2869 1392 2928 1444 '0
2959 1392 3015 1443 δέ
3032 1407 3094 1457 γε
3127 1389 3344 1456 Τζαχᾶς
3382 1388 3473 1439 oin
3502 1384 3742 1450 ἐπιστήμῃ

2210 1491 2519 1545 ἀκολουθῶν
2552 1486 2698 1555 αὐτῷ
2740 1487 2839 1538 οὐκ
2883 1484 3113 1535 ὲνείίδου
3157 1481 3258 1548 τῆς
3303 1479 3536 1548 εἰρεσάς
3599 1473 3743 1526 Ἑτεὰν

2210 1581 2267 1634 δὲ
2300 1583 2383 1650 τῇ
2409 1579 2525 1648 Χίῳ
2561 1575 2960 1645 προσπελάζειν
3003 1572 3260 1642 ἔμελλον·
3289 1571 3318 1620 ὁ
3372 1569 3465 1638 μὲν
3495 1563 3650 1627 Ὦπος
3681 1565 3748 1635 τῷ

2211 1673 2388 1740 λιμένι
2449 1670 2668 1740 πρῶτος
2714 1667 2812 1728 τὰς
2865 1664 2996 1726 ναῦς
3055 1661 3408 1733 προσὼρμισε
3462 1658 3558 1726 τῆς
3613 1656 3742 1708 Χίου·

2216 1761 2546 1833 προεφθάκει
2601 1761 2711 1826 γὰρ
2759 1755 2946 1808 τοῦτον
2977 1752 3318 1820 κατασχείνὸ
3349 1747 3704 1809 Δαλασσηνὸς·
3727 1747 3752 1797 ὁ

2211 1856 2267 1908 δὲ
2321 1853 2538 1920 Τζαχᾶς
2583 1848 2953 1919 περιπλεύσας
2999 1845 3210 1898 τουτονὶ
3261 1843 3356 1895 τὸν
3409 1842 3505 1911 ἤδη
3546 1840 3749 1909 ρηθέντα

2211 1946 2310 2014 τῆς
2341 1943 2475 1995 Χίου
2509 1942 2700 2010 ὅρμον,
2745 1937 2822 2008 τῷ
2873 1937 3044 2005 τείχει
3076 1934 3171 1986 τοῦ
3224 1933 3469 2000 κάστρου
3509 1929 3600 1990 τὰς
3638 1927 3754 1988 ἰδίας

2214 2035 2590 2106 προσεπέλασε
2617 2031 2772 2092 ναῦς.
2797 2029 3007 2099 Τετρὰς
3042 2027 3100 2080 δὲ
3128 2028 3225 2094 τῆς
3251 2022 3546 2090 ἑϐδομάδος
3584 2016 3664 2090 ἦν.
3687 2019 3752 2086 Τῇ

2213 2129 2268 2182 δὲ
2301 2125 2420 2196 μετ’
2461 2125 2629 2192 αὐτὴν
2672 2121 2926 2186 ἐξελάσας
2963 2117 3073 2171 τῶν
3114 2117 3257 2185 νηῶν
3295 2119 3536 2176 ἳπαντας
3561 2111 3760 2184 ὴρὶθμει

2213 2236 2270 2272 τε
2299 2218 2392 2271 καὶ
2433 2215 2803 2284 ἀπεγράφετο.
2840 2213 2898 2266 '0
2942 2212 2999 2264 δέ
3027 2228 3089 2278 γε
3136 2208 3486 2277 Δαλασσηνδς
3515 2205 3760 2274 πολῑχνιόν

2213 2329 2266 2365 τι
2314 2308 2483 2380 ἀγχοῦ
2536 2308 2629 2361 τοῦ
2675 2307 2896 2376 λιμένος
2947 2301 3227 2373 εὑρηκὼς,
3281 2301 3519 2368 ἠφάνισε
3569 2297 3659 2366 μὲν
3687 2295 3763 2347 τὴν

2215 2405 2434 2475 χάρακα
2468 2401 2528 2454 ὃν
2574 2398 2893 2468 προφθάσας
2924 2393 3183 2465 διώρυξε,
3215 2391 3361 2446 κεῖθι
3409 2391 3467 2445 δὲ
3516 2384 3766 2441 κατελθὼν

2215 2496 2310 2549 καὶ
2337 2494 2505 2563 ἄλλην
2553 2489 2791 2559 διώρυχα
2841 2488 3072 2556 ποιήσας
3120 2486 3196 2546 εἰς
3225 2481 3561 2552 ἀποχρῶντα
3585 2478 3768 2546 support

2216 2585 2384 2640 αὑτοῦ
2417 2601 2519 2638 που
2560 2583 2619 2636 τὸ
2652 2579 2929 2633 ὁπλιτικὸν
2956 2574 3233 2630 κατέθετο.
3269 2575 3352 2644 Τῇ
3389 2573 3447 2626 δὲ
3479 2571 3595 2639 μετ’
3621 2569 3771 2636 αὐτὴν

2217 2679 2384 2748 ἄμφω
2411 2677 2480 2729 τὰ
2529 2671 2911 2742 στρατεύματα
2942 2667 3369 2736 ὲξοπλισάμενα,
3408 2663 3528 2716 κατ’
3551 2659 3772 2730 άίλήλων

2219 2765 2714 2840 παρεσκευάζοντο.
2786 2761 2944 2815 Ἀλλὰ
2993 2762 3052 2813 τὸ
3113 2762 3210 2826 μὲν
3275 2754 3592 2822 Ῥωμαϊκὸν
3629 2751 3770 2815 ἀτρε-

2222 2861 2358 2931 μοῦν
2397 2861 2579 2911 ἵστατο
2628 2853 2721 2908 τοῦ
2767 2849 3114 2921 Δαλασσηνοῦ
3157 2847 3547 2907 κελεύσαντος,
3595 2839 3774 2912 μηδένα.

2217 2956 2308 3007 τὸν
2342 2953 2721 3020 συνασπισμὸν
2747 2947 2919 3000 λύειν.
2938 2944 2996 2996 '0
3023 2943 3080 2996 δέ
3109 2959 3172 3009 γε
3203 2939 3429 3010 Τζαχᾶς
3461 2937 3524 2990 τὸ
3554 2935 3776 2989 πλεῖστον

2219 3048 2315 3116 τῆς
2371 3042 2712 3115 βαρόαρικῆς
2759 3036 3116 3109 παρατάξεως
3163 3033 3313 3085 κατὰ
3359 3032 3470 3082 τῶν
3512 3028 3777 3094 Ῥωμαίων

555 3143 824 3196 cursuque
855 3127 1082 3179 militum
1120 3133 1384 3178 vetuerat.
1418 3122 1702 3176 Contraria
1749 3123 1957 3175 ratiune
1984 3120 2117 3174 Τια-

2225 3140 2364 3192 ἰέναι
2396 3133 2725 3207 παρέθηξεν,
2772 3128 3083 3196 ὀλιγοστοὺς
3131 3123 3188 3175 δὲ
3237 3124 3338 3175 καὶ
3396 3116 3784 3184 ἱππαζομὲνους

552 3223 681 3275 cbas
713 3231 878 3273 totum
913 3220 1089 3286 ipsum
1119 3231 1315 3283 corpus
1351 3213 1482 3267 aciei
1517 3213 1815 3267 barbarica:
1863 3212 2118 3267 infestum

556 3313 609 3366 itt
645 3311 916 3365 Romanos
952 3307 1296 3367 imminebat,
1324 3305 1514 3376 paucis
1544 3305 1819 3357 turmatim
1851 3304 2126 3373 equitibus

558 3419 698 3474 pone
750 3403 918 3472 jussis
972 3402 1148 3469 sequi.
1203 3397 1410 3453 Turcos
1467 3398 1546 3451 sic
1607 3408 1797 3451 contra
1848 3397 2125 3452 venientes

557 3501 735 3554 intuiti
775 3497 950 3551 Latini
989 3506 1210 3565 repente
1235 3494 1408 3562 longis
1444 3492 1710 3560 protensis
1743 3491 1910 3544 hastis
1939 3491 1995 3545 in
2027 3504 2121 3545 eos

556 3589 767 3643 adversi
796 3597 1139 3656 prnuturruut.
1182 3582 1407 3636 Barbari
1439 3583 1665 3634 telorum
1720 3581 1904 3647 procul
1948 3595 2009 3633 ac
2035 3581 2122 3650 ja-

556 3685 798 3736 cnlorttnt
835 3679 1059 3742 nimbis,
1104 3694 1210 3730 nou
1251 3677 1301 3729 itt
1337 3675 1518 3729 Gallos
1549 3675 1885 3727 collimantes
1936 3673 2080 3740 ipsos
2105 3713 2120 3738 ,

556 3780 646 3826 sed
684 3774 732 3825 in
766 3787 935 3840 equos
965 3785 1175 3831 eorum,
1229 3768 1426 3820 multos
1472 3774 1783 3819 Stravcrunt
1831 3765 1882 3817 in
1930 3765 2124 3818 itinere

558 3871 692 3935 ipso,
722 3867 853 3918 alios
882 3878 1103 3918 emenso
1138 3862 1306 3928 spatio
1355 3860 1621 3922 admotos,
1648 3858 1813 3909 hastis
1829 3868 1883 3910 et
1913 3857 2123 3926 ipsﬁusi

559 3960 938 4014 confoderunt.
999 3955 1072 4009 Ita
1132 3956 1399 4024 pleri~que
1459 3953 1614 4005 caesis
1675 3962 1898 4006 ca'teros
1951 3951 2120 4004 effusa

561 4054 862 4106 concitatos
895 4051 1015 4118 iuga
1050 4050 1188 4100 intra
1232 4047 1427 4098 vallum
1459 4044 1765 4110 compulere
1801 4060 1814 4096 :
1848 4053 1901 4096 at
1955 4043 2026 4096 illi
2059 4058 2124 4097 ne

564 4148 649 4199 hic
681 4145 896 4211 quidem
927 4156 986 4196 se
1018 4150 1162 4194 tutos
1212 4140 1312 4191 rati
1347 4137 1606 4204 praecipiti
1655 4137 1718 4187 ad
1767 4150 1930 4189 naves
1959 4150 2121 4189 cursu

560 4237 896 4292 ferebantur.
954 4229 1185 4283 Romani
1247 4227 1556 4296 Spectacqu
1615 4226 1813 4294 passim
1865 4241 1930 4279 ac
1983 4227 2123 4278 [cede

561 4322 1180 4396 fugientiumGallorum
1227 4317 1459 4387 perculsi
1517 4318 1957 4386 consternatique
2005 4316 2124 4370 loco

561 4419 829 4487 paulisper
860 4414 987 4466 moti
1014 4420 1138 4464 sunt
1172 4427 1185 4462 :
1215 4421 1268 4462 et
1299 4413 1362 4461 ad
1391 4425 1569 4461 muros
1587 4407 1860 4475 ejusqnod
1889 4408 2122 4460 diximus

2226 3228 2552 3284 συνέπεσθαι
2585 3223 2819 3285 τούτοις.
2860 3219 3061 3272 Τοῦτον
3106 3216 3156 3270 oi
3191 3218 3422 3268 Λατῖνοι
3453 3209 3782 3275 θεασάμενοι,

2221 3324 2422 3394 δόρατα
2458 3320 2631 3389 μικρά
2657 3312 3145 3382 ὲναγκαλισάμενοι
3176 3307 3326 3360 κατά
3363 3307 3478 3358 τῶν
3507 3298 3787 3394 Βαρϐάρων

2222 3382 2614 3478 ὲξίππάσναντο.
2645 3408 2706 3459 οι
2733 3405 2789 3458 δὲ
2809 3403 2868 3454 ού
2900 3401 3044 3455 κατὰ
3072 3399 3178 3451 τῶν
3208 3395 3468 3454 Κελτῶν,
3503 3391 3637 3446 ἀλλὰ
3661 3382 3784 3478 κατά

2225 3474 2332 3560 τύόν
2376 3505 2559 3557 ἵππων
2597 3501 2696 3560 τὰς
2732 3495 2890 3565 βολάς
2928 3491 3269 3562 πέμποντες,
3303 3487 3408 3541 καὶ
3436 3486 3529 3538 διά
3563 3481 3668 3534 τῶν
3715 3474 3790 3527 δο-

2226 3599 2402 3670 ράτων
2440 3595 2500 3648 δέ
2529 3606 2680 3654 τινας
2723 3587 3028 3658 πλήξαντες
3073 3581 3374 3643 πλείστους
3435 3577 3667 3632 ἀνεῖλον,
3709 3565 3790 3620 καὶ

2225 3654 2359 3745 εἴσω
2389 3687 2481 3741 τοῦ
2509 3687 2746 3756 χάρακος
2771 3654 3179 3750 τετραμμένους
3203 3674 3360 3726 οὕτω
3387 3669 3715 3739 συνήλασαν.
3738 3654 3795 3756 (ii

2223 3784 2268 3836 δ’
2316 3751 2543 3835 ὲκεῖθεύν
2572 3751 2861 3829 ἐνέπιπτον
2905 3772 2984 3832 είς
3014 3768 3113 3831 τὰς
3149 3765 3285 3827 ναῦς
3330 3763 3614 3828 ἀλογίστῳ
3645 3751 3792 3822 φορᾷ.

2224 3871 2360 3933 Τοὺς
2382 3869 2437 3923 δὲ
2459 3866 2693 3927 Κελτοὺς
2723 3859 3104 3931 προτροπάδην
3128 3854 3450 3925 φεύγοντας
3474 3851 3526 3904 οἱ
3557 3844 3798 3912 Ῥωμαῖοι

2224 3965 2548 4032 θεασάμενοι
2571 3957 2665 4011 καὶ
2689 3950 3202 4021 ὲκδειματωθέντες,
3239 3946 3455 4016 μικρόν
3499 3960 3553 3995 τι
3605 3941 3797 3992 ἀναπο-

2221 4059 2467 4115 δίσαντες
2494 4051 2642 4113 παρὰ
2680 4047 2739 4100 τὸ
2776 4047 2951 4114 τεῖχος
2980 4040 3072 4094 τοῦ
3111 4038 3384 4110 ῥηθέντος
3433 4035 3672 4101 ἔστησαν
3712 4043 3798 4078 πο·

2222 4147 2447 4218 λιχνίου.
2491 4139 2628 4213 Κᾷθ⁹
2657 4139 2827 4199 οὕτως
2863 4137 2912 4189 οἱ
2933 4132 3202 4204 Βάρὸαροι
3237 4133 3326 4194 εὶς
3359 4129 3464 4198 τὴν
3495 4126 3652 4218 ὴῖόνα
3679 4133 3801 4218 ius:

2224 4203 2742 4304 el'qloedteq'swi;
2786 4229 2896 4280 τῶν
2965 4203 3110 4294 νηῶν
3162 4221 3492 4290 ἀφείλοντο.
3551 4203 3801 4304 ΤοῦτοΔοι

2223 4331 2468 4385 ναυτικοὶ
2512 4324 2858 4392 θεασάμενοι,
2881 4317 3140 4376 λύσαντες
3167 4313 3238 4366 τὰ
3283 4310 3622 4382 πρυμνήσια
3650 4299 3806 4367 ἀπέρσ

2227 4425 2393 4495 ραξαν
2447 4421 2544 4482 τῆς
2591 4418 2816 4488 χέρσου,
2853 4413 2946 4465 καὶ
3001 4409 3098 4471 τὰς
3155 4405 3426 4475 ἀγκύρας
3490 4399 3804 4495 χαλάσαντες

558 4483 793 4576 oppiduli
819 4505 1200 4558 constiterunt.
1234 4499 1391 4553 Turci
1427 4500 1591 4570 208
1609 4499 1854 4552 obstante
1886 4499 2032 4552 nullo
2054 4500 2117 4550 ad

2226 4483 2463 4578 ίσταντο,
2490 4483 2914 4582 καραδοκοῦντες
2945 4501 3005 4554 τὺ
3040 4499 3258 4570 μέλλον.
3309 4496 3377 4548 '0
3409 4496 3597 4564 μέντοι
3620 4483 3809 4582 ualca-

561 4603 711 4653 Iittus
766 4610 936 4663 usque
975 4595 1211 4663 provecti
1257 4607 1421 4645 naves
1463 4593 1722 4658 quasdam
1773 4601 2122 4657 occuparunt.

562 4690 614 4742 ld
646 4685 939 4754 conspicati
979 4684 1174 4737 nautici
1215 4683 1369 4735 funes
1401 4682 1755 4744 abscindunt,
1789 4679 2068 4747 avulsiqtte
2095 4696 2122 4733 a

562 4783 672 4848 ripa
697 4776 948 4830 anchoris
971 4774 1130 4842 jactis
1155 4775 1206 4826 in
1236 4783 1526 4840 conspectu
1553 4773 1751 4826 sistunt
1771 4770 1849 4825 rei
1875 4781 2124 4825 eventum

559 4870 925 4942 speculantes.
963 4866 1124 4921 Jubet
1182 4879 1275 4918 eos
1319 4865 1644 4917 Dalassenus
1702 4862 1882 4930 legere
1938 4859 2128 4913 insulae

559 4980 707 5020 oram
738 4962 807 5016 ab
832 4959 1057 5015 occiduo
1087 4958 1252 5010 latere
1277 4996 1293 5020 ,
1329 4963 1384 5009 et
1417 4955 1814 5007 circumvectos
1862 4965 2131 5018 occupare

562 5057 867 5118 Boiissum,
913 5053 1095 5120 ibique
1137 5065 1293 5103 suum
1323 5049 1612 5100 adventum
1666 5041 1985 5112 praestolari.
2038 5041 2132 5096 Est

561 5149 803 5202 Bolissus
832 5144 1082 5213 exiguum
1137 5141 1392 5208 oppidum
1442 5139 1495 5190 itt
1545 5134 1916 5205 promontorio
1967 5133 2129 5186 situm

565 5241 722 5308 ltujus
744 5238 953 5291 insulae.
985 5235 1142 5288 Venit
1172 5234 1224 5286 id
1252 5231 1535 5284 consilium
1573 5227 1849 5280 Dalasseni
1900 5224 2129 5295 St-ytlta-

563 5347 680 5387 rum
711 5330 1061 5398 quorumdam
1097 5327 1148 5378 in
1181 5326 1449 5385 notitiam,
1489 5318 1580 5388 qui
1622 5320 1805 5372 statim
1852 5319 2121 5371 Tzachatn

569 5423 852 5484 adeuntes,
883 5418 1192 5471 indicarunt
1227 5414 1274 5466 ei
1301 5430 1316 5477 ;
1350 5422 1402 5464 at
1437 5413 1479 5465 is
1504 5409 1891 5478 quinquaginta
1921 5419 2126 5461 extem-

568 5512 654 5582 plo
710 5508 1075 5579 speculatores
1128 5504 1460 5574 exploratum
1518 5501 1710 5565 misit,
1779 5499 2118 5568 quandonaut

2227 4609 2388 4676 σηνδς
2437 4577 2958 4673 παραπεπλευκέναι
3007 4593 3106 4652 τὰς
3156 4588 3296 4657 περὶ
3342 4587 3410 4640 τὸ
3463 4577 3806 4676 δυτικὼτερον

2228 4663 2390 4770 μέρος
2421 4663 2589 4754 ἀκτάς
2621 4690 2718 4758 τῆς
2749 4688 2937 4756 νήσου,
2984 4682 3075 4734 καὶ
3122 4677 3220 4745 τὴν
3272 4676 3552 4729 Βολισσδν
3593 4663 3810 4770 acamis-

2226 4752 2341 4844 δεξν
2378 4781 2852 4854 παρεκελεύσατο,
2891 4772 2985 4827 καὶ
3030 4772 3128 4841 τὴν
3183 4767 3371 4820 αὐτοῦ
3423 4752 3808 4828 ἀπεκδέχεσθαι

2229 4844 2474 4934 ἔλευσινί
2511 4877 2545 4942 ἡ
2585 4873 2642 4925 δὲ
2675 4867 2924 4929 Βολισσὸς
2965 4863 3246 4931 πολίχνιον
3301 4858 3462 4911 κατὰ
3489 4855 3552 4907 τὺ
3584 4844 3815 4916 exponi:

2231 4991 2346 5043 ptov
2369 4941 2598 5036 ταυτησὶ
2625 4963 2724 5032 τῆς
2750 4964 2913 5028 νήσου
2936 4955 3316 5023 διακείμενον.
3353 4949 3574 5003 Σκύθαι
3601 4941 3656 4996 δέ
3685 4947 3811 5033 τινες

2231 5037 2697 5133 προσεληλυθότες
2765 5051 2842 5121 τῷ
2899 5047 3090 5117 Τζαχᾷ
3137 5043 3243 5113 τὴν
3315 5041 3442 5133 τοῦ
3482 5037 3812 5126 Δαλασσηνου

2231 5129 2422 5226 βουλὴν
2454 5145 2954 5220 προκατήγγειλαν.
3003 5141 3062 5190 ’0
3096 5137 3150 5188 δὲ
3180 5133 3354 5186 ἐνθεν
3387 5132 3496 5201 μὲν
3529 5129 3814 5196 τηνικαῦτα

2229 5246 2567 5316 πεντήκοντα
2615 5236 2852 5298 σκοποὺς
2893 5231 3143 5300 ἐπαφῆκε
3177 5225 3399 5278 θᾶττον
3449 5220 3605 5288 αὑτῷ
3635 5217 3816 5306 διαμηι·

2233 5337 2518 5399 νύσασθαι,
2553 5330 2789 5398 ὁπηνίκα
2831 5326 2891 5378 τὸ
2933 5321 3184 5375 ναυτικὸν
3219 5317 3327 5394 τοῦ
3375 5310 3728 5376 Δαλασσηνου
3758 5310 3815 5346 τα

2237 5430 2556 5500 πρυμνήσια
2579 5423 2726 5473 λύειν
2765 5417 3062 5483 ἐπείγεται.
3104 5409 3369 5461 Ἰεὶκεῖθεν
3414 5407 3474 5460 δὲ
3511 5405 3607 5456 τὸν
3635 5394 3818 5500 Aula:-

2246 5477 2307 5500 "r
2322 5477 2339 5482 '
2356 5477 2387 5496 Γ⁷
2406 5477 2412 5479 ⁷
2434 5477 2458 5498 ⁷1
2899 5477 2908 5483 -
3738 5480 3748 5490 ‘

2246 5520 2406 5586 σῃνδν
2435 5511 2834 5586 μετεπέμπετο,
2857 5505 2930 5567 ὡς
2962 5504 3102 5570 τάχα
3130 5514 3196 5549 πε
3211 5499 3276 5563 pl.
3303 5497 3352 5528 ³⁸
3388 5497 3621 5566 εἰρήνης
3649 5477 3814 5555 poeta.

1572 5659 1775 5719 Voriee
1809 5657 2120 5718 lectiones
2166 5672 2240 5712 ex
2293 5647 2724 5712 cod.Coislin.

669 5790 714 5822 ¹⁹
749 5790 904 5842 Deest
930 5803 1025 5842 vox
1056 5786 1290 5840 ἅπαντα.
1373 5783 1417 5814 ⁸⁸
1455 5782 1522 5836 τὰ
1556 5782 1702 5852 περί.
