4024 6270
233 405 334 466 585

1484 397 1898 459 ALEXIADIS
1948 399 2092 460 LlB.
2121 399 2254 461 VII.

3349 401 3454 463 586

225 516 316 568 τοῦ
348 513 539 582 Τςαχά
563 511 662 582 τὴν
691 510 945 582 Σμύρνην
973 509 1052 564 ἔτι
1085 510 1552 580 περινοστοῦντος.
1591 509 1798 562 Κάκεῖ-

1921 521 2224 580 utmptaque
2251 508 2430 565 acrius
2461 526 2620 580 quam
2657 527 2890 582 unquam
2935 513 3330 583 oppugnatione
3366 531 3458 569 ur-

227 606 315 659 θεν
336 607 670 672 λειοκύμονα
700 603 802 674 τὴν
833 603 1108 655 Θάλασσαν
1137 599 1389 671 εὑρηκὼς
1412 640 1426 661 ,
1463 600 1790 670 εὐθυπλοιή⁸

227 714 320 757 σας
351 696 400 728 ⁸⁵
433 695 573 766 μετὰ
607 694 699 747 τοῦ
735 694 924 746 στόλου
955 693 1153 754 παντὸς
1186 691 1459 745 κατέλαϐε
1489 691 1588 760 τὴν
1615 691 1788 743 Μιτυ-

225 788 412 858 λήνην.

1903 601 1986 655 bis
2018 603 2159 668 Chii,
2196 605 2474 670 murisque
2506 605 2701 658 iterum
2754 606 3013 668 subrutis,
3071 621 3189 660 eam
3239 607 3456 661 tandem

1901 691 2002 744 sibi
2040 693 2289 760 subjecit,
2345 695 2549 749 lruslra
2597 696 2808 749 Tzacha
2862 706 3173 751 ostentante
3224 698 3456 752 reditum

1898 786 1954 833 et
1983 781 2189 834 auxilia
2233 781 2343 850 jam
2381 798 2502 837 sera
2550 783 2794 854 Smyrna:
2843 785 3020 840 adhuc
3065 797 3310 856 parante.
3358 788 3460 854 Qui

226 884 442 938 tandem
485 883 786 936 instructus
823 880 980 945 satis,
1034 889 1087 935 et
1119 894 1267 933 mare
1317 876 1648 946 navigationi
1706 881 2066 942 opportunum
2098 884 2290 930 nactus
2339 877 2482 930 felici
2550 879 2892 948 navigatione
2956 881 3181 934 classem
3250 881 3462 935 univer-

226 992 336 1033 sam
373 992 528 1030 suam
561 975 626 1029 ad
663 974 969 1045 Milylenem
1002 974 1226 1042 appulit.

291 1070 454 1124 Οὕτω
514 1069 572 1121 δὲ
635 1071 663 1122 6
725 1069 1081 1138 αὐτοκράτωρ
1134 1067 1203 1122 τά
1251 1066 1392 1121 κατὰ
1433 1064 1523 1118 τὸν
1577 1063 1794 1131 Τζαχᾶν

227 1165 572 1234 διαθέμενος,
607 1164 728 1215 ἐπεὶ
761 1163 887 1224 τοὺς
909 1164 1118 1223 Σκύθας
1139 1161 1296 1224 αὖθις
1320 1160 1380 1214 τὸ
1418 1159 1657 1212 Ῥούσιον
1684 1157 1794 1226 (‘22)

228 1254 678 1324 καταλαμϐάνειν
709 1253 1053 1323 ἐμεμαθήκει
1075 1293 1088 1316 ,
1121 1252 1216 1306 καὶ
1255 1251 1396 1304 κατὰ
1431 1251 1520 1304 τὸν
1550 1250 1593 1282 ⁸⁵
1629 1247 1768 1301 Πολύ

228 1349 381 1400 ϐοτον
425 1347 541 1416 (25)
575 1345 668 1398 τὸν
717 1346 936 1415 χάρακα
988 1345 1282 1414 πήξασθαι,
1332 1341 1664 1411 ἐξεληλυθὼς
1721 1339 1796 1401 ὠς

227 1443 339 1512 εἶχε
367 1441 473 1510 τῆς
500 1437 918 1491 Κωνσταντίνου
946 1437 1006 1490 τὸ
1050 1437 1294 1489 Ῥούσιον
1342 1433 1634 1487 κατέλαϐε.
1663 1433 1797 1484 Συν-

229 1535 412 1585 εἰττετο
441 1532 499 1584 δὲ
549 1531 725 1600 τούτῳ
749 1532 777 1581 6
810 1529 1105 1598 αὐτόμολος
1127 1528 1430 1596 Νεάντζης,
1463 1525 1644 1592 δεινὴν
1675 1541 1797 1577 τινα

229 1624 322 1677 καὶ⁵
354 1623 544 1693 βύθιον
579 1621 812 1691 μελέτην
835 1619 957 1673 κατ’
991 1619 1155 1672 αὐτοῦ
1189 1617 1631 1686 τεκταινόμενος.
1659 1619 1800 1687 Συμ-

234 1715 418 1783 παρῆν
450 1712 510 1766 δὲ
540 1717 636 1764 καὶ
661 1714 689 1762 6
722 1708 1003 1774 Καντζοῦς
1053 1709 1146 1761 καὶ
1192 1711 1219 1762 6
1268 1710 1566 1777 Κατράνης
1607 1702 1803 1778 ἄνδρες

233 1806 492 1873 πολέμων
523 1804 572 1836 ⁸⁵
597 1803 940 1872 μεμνημένοι
972 1802 1067 1854 καὶ
1093 1801 1285 1865 ζέοντα
1322 1800 1460 1870 πρὸς
1503 1799 1593 1853 τὸν
1635 1801 1800 1852 αὐτο-

1981 1058 2076 1113 llis
2108 1059 2179 1112 ita
2212 1071 2402 1114 contra
2437 1057 2709 1114 Tzacham
2741 1063 2976 1130 provisis
3011 1064 3309 1134 Augustus,
3343 1085 3463 1126 cum

1907 1147 2139 1220 Scythas
2169 1151 2448 1206 didicisset
2478 1154 2672 1206 iterum
2712 1155 2932 1209 tendere
2963 1155 3221 1210 lihusium
3259 1175 3465 1228 versus,

1899 1243 2120 1311 jamque
2153 1246 2218 1297 ad
2249 1244 2566 1312 Polybotum
2597 1254 2770 1298 castra
2820 1248 3087 1315 posuisse,
3124 1262 3325 1318 quanta
3356 1268 3468 1306 ma-

1910 1336 2049 1389 xima
2107 1336 2385 1390 celeritate
2455 1336 2629 1406 potuit
2687 1335 3148 1409 Constantinopoli
3197 1343 3470 1411 profectus

1908 1431 2304 1496 praeoccupavit
2332 1427 2619 1482 Rhusium.
2656 1429 3000 1498 Sequebatur
3031 1449 3153 1486 eum
3189 1436 3466 1506 transfuga

1907 1519 2196 1584 Neaulzes,
2269 1519 2424 1574 ﬁdem
2477 1520 2622 1573 vultu
2671 1523 2956 1585 simulans,
3006 1525 3364 1592 proditionem
3418 1527 3470 1580 in

1909 1610 2293 1679 imperatorem
2333 1612 2755 1677 ingratissimaut
2791 1615 3016 1670 occultis
3053 1618 3474 1672 machinationi-

1911 1701 2011 1755 bus
2040 1700 2288 1755 moliens.
2323 1701 2562 1754 Aderaut
2592 1713 2648 1756 et
2697 1702 2935 1758 Cautzus
2964 1715 3016 1758 et
3053 1706 3316 1764 Catranes
3369 1711 3472 1763 viri

1910 1791 2151 1846 bellicosi
2187 1792 2452 1862 longeque
2482 1794 2639 1848 aliter
2689 1794 2904 1862 aﬂ‘erti;
2937 1797 3136 1866 quippe
3163 1813 3390 1867 quorum
3420 1801 3473 1854 in

233 1896 481 1965 κράτορα
510 1894 674 1946 πόθον
722 1891 962 1962 ἔχοντες.
991 1889 1326 1960 Ἀπόμοιραν
1355 1889 1413 1941 δὲ
1447 1889 1642 1958 ἱκανὴν
1696 1888 1804 1941 τῶν

1921 1883 2208 1952 Augustum
2244 1886 2442 1939 ardens
2485 1885 2720 1939 studium
2750 1888 2894 1941 veris
2938 1889 3190 1942 exstabat
3238 1890 3473 1946 indiciis.

233 1987 458 2039 Σκυθῶν
491 1987 682 2055 πόρρω
714 1984 1077 2053 θεασάμενος,
1118 1984 1216 2052 τὴν
1248 1981 1366 2050 μετ’
1395 1981 1573 2033 αὐτῶν
1604 1983 1804 2034 ἐναπο-

236 2080 426 2132 δύεται
479 2079 683 2147 μάχην.
737 2075 929 2128 Πολλοὶ
977 2075 1076 2144 μὲν
1117 2071 1209 2126 οὖν
1256 2072 1368 2124 τῶν
1427 2071 1712 2140 Ῥωμαίων
1749 2074 1806 2124 ὲν

233 2169 310 2238 τῷ
352 2168 634 2237 μάχεσθαι
687 2165 970 2229 πίπτουσι,
1027 2166 1173 2227 τινὲς
1201 2163 1384 2217 δὲκαὶ
1431 2163 1808 2233 ζωγρηθέντες

230 2265 396 2332 παρὰ
426 2262 538 2313 τὼν
565 2260 788 2312 Σκυθῶν
821 2259 1128 2312 κτείνονται
1153 2299 1169 2324 ,
1203 2260 1380 2310 ἱκανοὶ
1409 2257 1464 2310 δὲ
1489 2259 1581 2310 καὶ
1615 2260 1809 2326 μέχρις

228 2352 408 2407 αὐτοῦ
468 2352 722 2404 Ῥουσίου
772 2351 1118 2420 κομίζονται.
1183 2348 1342 2401 Ἀλλὰ
1393 2347 1568 2400 ταῦτα
1607 2347 1704 2416 μὲν
1743 2347 1810 2399 τὰ

228 2448 382 2501 κατὰ
425 2445 554 2505 τοὺς
586 2446 882 2514 προνομεῖς
923 2441 1031 2494 τῶν
1070 2440 1315 2493 Σκυθῶν.
1349 2439 1408 2490 Ὁ
1451 2438 1506 2490 δὲ
1559 2437 1810 2507 βασιλεὺς

223 2540 342 2594 τῶν
389 2537 746 2606 καλουμένων
774 2534 1144 2588 Μανιακάτων
1186 2531 1301 2602 (⁸24)
1347 2531 1593 2584 Λατίνων
1647 2548 1814 2583 κατα-

223 2633 540 2694 λαϐόντων,
577 2629 883 2700 θαρσήσας,
923 2626 1240 2679 ἐϐουλεύετο
1268 2628 1332 2694 τῇ
1363 2623 1480 2693 μετ’
1511 2624 1684 2692 αὐτὴν
1723 2623 1814 2677 τὸν

227 2725 385 2795 μετὰ
416 2723 531 2775 τῶν
563 2720 784 2773 Σκυθῶν
807 2718 967 2785 ⁵κατά
1017 2717 1285 2786 συστάδην
1319 2714 1678 2778 ἀναδέξασθαι
1720 2717 1816 2766 πτῖ-

222 2819 429 2888 λεμον.
497 2813 656 2866 Ἐπεὶ
709 2813 758 2866 δ’
808 2812 869 2864 οὐ
927 2809 1061 2863 πολύ
1111 2808 1170 2861 τὸ
1229 2808 1555 2878 μεταίχμιον
1610 2809 1815 2877 ἀμφοῖν

221 2913 343 2963 τοῖν
411 2904 853 2974 στρατευμάτοιν
899 2902 1094 2971 ἔτυχεν
1147 2900 1228 2967 ὃν,
1269 2902 1367 2970 τὴν
1420 2899 1667 2952 ἐνυάλιον
1715 2901 1817 2952 οὐκ

224 3001 646 3068 άπεθάρῤησεν
685 2997 892 3065 ὴχῆσαι
928 2995 1228 3060 σάλπιγγα,
1269 2993 1436 3045 θέλων
1462 2993 1816 3061 προαρπάσαι

220 3096 326 3165 τὴν
355 3093 569 3162 μάχην·
608 3086 1108 3158 μεταπεμψάμενος
1137 3083 1231 3138 οὖν
1252 3084 1348 3137 τὸν
1375 3085 1503 3154 περὶ
1522 3085 1569 3116 ⁸⁷
1591 3085 1700 3136 τῶν
1723 3084 1816 3153 βα-

223 3185 471 3240 σιλικῶν
506 3182 744 3251 ἱεράκων
776 3179 887 3249 (25)
909 3177 1330 3247 διαπονούμενον
1349 3176 1646 3247 θεραπείαν
1669 3179 1821 3228 Κωνσ

224 3280 530 3334 σταντῖνον
555 3274 881 3343 προστάττει
905 3271 1189 3341 τύμπανον
1214 3272 1452 3341 ἑσπέρας
1483 3269 1819 3338 ἀναλαϐόμε-

223 3391 316 3425 νον
349 3370 597 3424 τύπτειν
623 3365 689 3417 δι’
719 3366 847 3434 ὅλης
873 3364 1068 3426 νυκτὸς
1110 3361 1538 3432 περινοστοῦντα
1562 3361 1624 3413 τὸ
1655 3362 1822 3430 στρά-

220 3480 439 3532 τευμα,
464 3460 565 3512 καὶ
579 3456 1004 3526 διακηρυκεύειν
1029 3454 1438 3525 ἑτοιμάζεσθαι,
1486 3455 1565 3506 ὅτι
1590 3470 1822 3524 περιαυ-

219 3553 522 3625 ταζούσης
549 3551 648 3618 τῆς
665 3547 854 3619 αὔριον
882 3547 1367 3615 άπερισαλπίστως
1386 3544 1495 3615 Ita.
1519 3545 1821 3614 ἀπερισαλ-

224 3643 521 3716 πίγκτως]
553 3644 644 3694 τύν
670 3642 808 3710 μετὰ
828 3640 935 3693 τῶν
957 3638 1180 3691 Σκυθῶν
1206 3641 1234 3690 6
1259 3638 1617 3709 αὐτοκράτωρ
1642 3637 1826 3706 βούλε-

220 3760 316 3795 ται
354 3737 616 3805 συνάψαι
641 3733 986 3804 πό>.εμον.Οῐ
1036 3733 1094 3785 δὲ
1138 3732 1342 3784 Σκύθαι
1382 3731 1476 3783 τοῦ
1521 3730 1822 3783 Πολυϐότου

221 3835 570 3903 ἀπάραντες
609 3823 1206 3896 προκαταλαμϐάνουσι
1239 3821 1402 3875 τόπον
1434 3821 1524 3874 τὸν
1553 3819 1827 3888 καλούμε-

219 3945 314 3978 νον
354 3921 590 3991 ’ᾼδην,
631 3917 848 3969 κάκεῖθι
883 3918 974 3968 τὸν
1031 3915 1249 3985 χάρακα
1310 3916 1641 3983 πήγνυνται.
1673 3912 1826 3966 Οὕτω

221 4020 332 4088 μὲν
366 4010 474 4066 οὖν
523 4012 552 4062 6
619 4008 980 4079 αὐτοκράτωρ
1044 4007 1104 4072 ἐξ
1157 4006 1401 4077 ἑσπέρας
1463 4005 1634 4072 αὐτῆς
1685 4020 1829 4073 παρ-

216 4102 601 4165 εσκευάζετο.
631 4097 986 4166 Αὐγαζούσης
1011 4098 1066 4150 δὲ
1097 4097 1311 4168 ἡμέρας
1349 4094 1540 4149 διελὼν
1571 4096 1629 4148 τὸ
1661 4095 1830 4164 στρά-

218 4214 452 4268 τευμα,
497 4195 594 4246 καὶ
635 4194 715 4254 εἰς
765 4191 1050 4259 φάλαγγας
1090 4193 1465 4258 καταστήσας,
1501 4189 1646 4240 ἵεται
1707 4189 1828 4240 κατ’

218 4289 414 4345 αὐτοῦ
455 4287 524 4339 ⁸⁸.
561 4284 730 4337 Οὔπω
751 4284 807 4335 δὲ
839 4283 939 4350 τῆς
973 4282 1250 4353 συμϐολῆς
1277 4284 1372 4335 τοῦ
1401 4282 1643 4352 πολέμου
1673 4299 1826 4349 γενο-

221 4386 446 4453 μένης,
478 4378 596 4432 ἀλλ’
631 4377 870 4429 ἑκάστου
895 4374 1004 4426 τῶν
1031 4375 1331 4442 ταγμάτων
1367 4374 1469 4444 ἤδη
1494 4372 1833 4441 καθισταμέ-

217 4493 350 4538 νου,
393 4474 425 4523 ὁ
460 4469 774 4536 Νεάντξης,
813 4465 957 4518 κατά
991 4483 1112 4519 τινα
1150 4467 1568 4535 παρακειμένην
1604 4465 1832 4536 ἀκρολο-

1911 1974 2012 2030 llic
2037 1975 2391 2042 conspicatus
2424 1976 2723 2045 imperator
2749 1977 2991 2032 avulsam
3027 1995 3054 2032 a
3082 1991 3283 2035 caetero
3319 1998 3477 2036 exer-

1910 2069 2020 2122 citu
2086 2084 2304 2121 manum
2363 2069 2654 2138 quamdam
2716 2074 3068 2138 praedantium
3129 2075 3475 2146 Scytharum,

1913 2159 2092 2214 missis
2117 2171 2307 2213 contra
2336 2160 2596 2216 Romanis
2631 2178 2861 2234 pugnam
2906 2169 3182 2221 conseruit
3214 2184 3318 2222 non
3355 2168 3478 2223 fau-

1911 2259 2049 2304 stam
2080 2267 2094 2303 :
2129 2251 2254 2306 caesi
2284 2264 2591 2308 nostrorum
2625 2255 2677 2308 iu
2709 2271 3002 2326 congressu
3037 2259 3210 2327 multi,
3241 2262 3478 2314 nonnulli

1913 2344 2017 2396 vivi
2043 2344 2184 2413 capti
2212 2362 2241 2398 a
2284 2344 2531 2400 barbaris
2554 2347 2750 2402 deinde
2768 2350 3022 2404 trucidati
3048 2362 3194 2419 sunt,
3219 2353 3481 2422 plurimos

1917 2439 2180 2494 Rhusium
2243 2441 2364 2511 fuga
2429 2443 2613 2496 retulit
2664 2443 2982 2499 incolumes.
3059 2443 3171 2497 Nec
3223 2446 3484 2500 deterruit

1916 2533 2162 2587 Alexium
2221 2534 2398 2602 prima
2432 2549 2495 2588 ea
2555 2534 2678 2589 belli
2740 2534 2989 2601 oll‘eusio,
3051 2538 3339 2606 quominus
3392 2539 3482 2607 qui

1915 2627 2232 2680 velitatione
2288 2641 2410 2680 cum
2463 2627 2858 2696 praedatoribus
2920 2628 3148 2681 inferior
3182 2638 3485 2682 recesserat

1920 2719 2277 2772 decretorium
2311 2733 2435 2773 cum
2476 2729 2584 2772 tota
2619 2728 2778 2788 gente
2809 2719 3048 2788 praelium
3101 2731 3338 2789 pararet.
3371 2721 3484 2774 Cu-

1920 2810 2147 2862 mulavit
2196 2809 2446 2863 ﬁduciam
2506 2821 2610 2864 tam
2673 2811 2893 2865 audacis
2947 2813 3102 2877 caepti
3148 2824 3486 2882 opportunus

1919 2903 2184 2956 adventus
2263 2902 2578 2956 Latinorum
2634 2905 2724 2971 qui
2782 2902 3097 2958 Manincatm
3146 2904 3484 2959 dicebautur.

1921 2993 2191 3048 Promotis
2218 3009 2346 3062 ergo
2369 2995 2422 3049 in
2453 3010 2570 3048 eam
2601 2995 2792 3064 copiis,
2829 2996 3108 3064 spatioque
3142 2997 3317 3050 medio
3345 2998 3488 3050 inter

1921 3085 2059 3140 duos
2085 3087 2363 3141 exercitus
2394 3095 2624 3152 arctato,
2665 3097 2807 3140 metu
2863 3087 3223 3141 multitudinis
3276 3088 3488 3142 hostilis

1924 3181 2052 3233 dare
2102 3180 2314 3248 signum
2369 3193 2557 3248 pugna:
2612 3190 2869 3233 consueto
2918 3179 3143 3233 classico
3196 3181 3490 3247 imperator

1923 3271 2117 3334 noluit,
2153 3271 2444 3337 imparatos
2480 3270 2766 3331 barbaros,
2791 3271 2834 3323 si
2865 3269 2978 3322 ﬁeri
3013 3270 3113 3324 hac
3141 3281 3256 3325 arte
3283 3280 3488 3339 posset,

1924 3363 1991 3416 ab
2023 3362 2333 3430 improvisis
2361 3363 2472 3415 suis
2506 3362 2736 3428 opprimi
2773 3363 3014 3431 cupiens.
3045 3361 3283 3430 Vespere
3307 3376 3488 3420 autem

1925 3453 2250 3521 praecedenti
2301 3455 2470 3508 misso
2515 3455 2719 3508 circum
2789 3456 3086 3510 exercitum
3134 3456 3491 3514 Constantino

1926 3547 2199 3616 regiorum
2259 3547 2582 3615 accipitrum
2630 3557 2882 3601 curatore
2933 3559 2987 3601 et
3037 3559 3344 3618 tympanum
3395 3567 3493 3619 per

1928 3647 2095 3691 totam
2126 3647 2337 3692 noctem
2372 3637 2782 3706 pulsarejusso,
2815 3638 2948 3690 satis
2983 3653 3172 3692 omnes
3198 3639 3492 3692 admonue-

1930 3739 2038 3794 rat,
2092 3730 2446 3784 constituisse
2503 3729 2888 3796 imperatorem
2937 3729 3093 3798 211
3148 3730 3320 3798 prima
3374 3730 3492 3785 luce

1926 3823 2042 3876 sine
2077 3821 2182 3875 ullo
2212 3822 2351 3875 tubae
2408 3830 2570 3875 cantu
2611 3821 2840 3892 Scythas
2873 3822 3108 3875 adoriti:
3157 3823 3398 3890 velleque
3429 3837 3496 3876 ac

1923 3913 2115 3982 jubere
2162 3913 2444 3968 universos
2479 3913 2544 3966 ad
2599 3913 2650 3966 id
2704 3913 2866 3966 duces
2911 3926 2976 3966 ac
3023 3913 3222 3968 milites
3267 3929 3496 3982 pransos

1930 4014 2150 4072 paratos
2181 4017 2240 4057 se
2278 4007 2534 4072 praebere.
2583 4005 2652 4057 At
2687 4004 2897 4074 Scythae
2927 4003 3180 4072 Polyboto
3217 4015 3496 4058 moventes

1931 4105 2315 4164 pra-occupant
2373 4094 2546 4148 locum
2601 4093 2785 4146 Uoden
2846 4093 2959 4147 sive
3009 4093 3206 4146 Orcum
3270 4094 3493 4160 dictum,

1932 4189 2114 4255 ibique
2145 4186 2345 4239 vallum
2403 4186 2592 4255 ﬁgunt.
2650 4185 2820 4240 Porro
2871 4185 3219 4240 illucescente
3259 4187 3362 4250 die,
3418 4189 3498 4240 sic

1925 4282 2037 4350 jam
2094 4294 2122 4332 a
2161 4278 2406 4347 pridiana
2461 4292 2686 4344 vespera
2739 4279 2944 4346 paratis
2992 4277 3289 4347 imperator
3341 4279 3500 4332 rebus

1932 4372 2192 4428 describit
2243 4371 2632 4440 distribuitque
2677 4372 2922 4437 ordines,
2968 4372 3190 4441 acieque
3235 4373 3496 4426 instructa

1933 4463 2164 4518 infestus
2193 4464 2246 4516 in
2282 4463 2495 4517 hostem
2529 4465 2700 4522 ducit.
2735 4461 2936 4520 Verum
2970 4477 3098 4520 ante
3144 4480 3498 4536 congressum

215 4570 368 4635 φέαν
402 4561 674 4622 ἀνελθὼν,
706 4560 794 4629 ἐφ’
909 4558 1330 4626 κατασκοπῆσαι
1362 4559 1461 4627 μὲν
1489 4558 1589 4621 τὰς
1630 4559 1816 4611 Σκυθι·

1939 4557 2276 4611 exercituum
2305 4555 2572 4610 Neamch
2599 4557 2810 4626 specula
2839 4573 3135 4614 conscensa
3167 4562 3318 4614 collis
3353 4560 3502 4625 adja—

217 4658 339 4714 κάς
416 4649 788 4720 παρατάξεις,
864 4647 940 4709 ὡς
1016 4648 1226 4715 ἔλεγεν,
1286 4649 1553 4715 ἀγγελίαν
1633 4649 1691 4701 δὲ
1747 4648 1827 4719 τῷ

214 4744 619 4813 αὐτοκράτορι
661 4742 764 4809 τῆς
809 4739 988 4792 αὐτῶν
1047 4739 1434 4804 καταστάσεως
1470 4741 1825 4810 συγκομίσαι,

1935 4651 2131 4716 centis,
2181 4649 2360 4718 specie
2420 4653 2634 4717 quidem
2701 4661 2755 4706 et
2813 4654 3056 4709 mendaci
3143 4655 3500 4711 aﬂirmatione

1937 4744 2154 4812 perfidi,
2209 4751 2266 4796 ut
2297 4743 2428 4798 aciei
2466 4743 2733 4808 Scythicae
2763 4743 2993 4800 formam
3021 4748 3356 4814 observaret,
3409 4765 3496 4802 re-

1283 4835 1806 4897 Variaelectiones
1849 4853 1925 4897 ex
1975 4839 2116 4899 cod.
2154 4837 2421 4901 Coislin.

296 4951 354 4982 ⁵⁸
393 4943 814 5010 εὐθυπλοήσας.
889 4937 933 4968 ⁸⁵
967 4938 1107 4991 κατὰ
1138 4938 1220 4989 τό.
1295 4938 1341 4970 ⁸⁵
1391 4937 1686 5006 πολέμους.

1763 4938 1807 4968 ⁴τ
1858 4939 1958 5008 τὴν
1991 4939 2118 4993 τῶν.

2196 4940 2242 4972 ⁸⁸
2282 4941 2485 4997 αὐτῶν.

1327 5033 1468 5094 Car.
1495 5033 1823 5094 Dufresnii
1855 5036 1953 5095 Du
1991 5036 2210 5114 Cangii
2243 5045 2430 5101 noue.

298 5145 434 5216 (22)
499 5140 817 5216 :Podo'tor.
873 5134 1015 5188 Busa
1071 5132 1308 5188 Roberlo
1358 5136 1638 5190 monacho.
1703 5133 1835 5189 Vide

207 5210 350 5274 not.
391 5210 463 5267 at]
499 5210 771 5263 thlltartl,

297 5287 434 5355 (25)
469 5281 848 5355 Uo.1_1560297_‘.
885 5274 1455 5355 PolybotusATln-acire
1482 5275 1610 5329 urbs
1637 5273 1836 5355 Canta-

204 5344 461 5414 ceticn'o
497 5353 723 5410 dicitur,
760 5347 854 5399 lib.
899 5362 958 5406 tl,
985 5344 1120 5411 cap.
1153 5345 1238 5408 12,
1267 5357 1319 5399 et
1351 5348 1442 5400 lib.
1481 5359 1560 5407 III,
1594 5360 1720 5414 cap.
1745 5344 1830 5400 76.

205 5431 506 5496 Ejusdem
555 5418 804 5496 notuinis.
836 5418 887 5468 iu
932 5415 1164 5485 Phrygia
1196 5416 1447 5485 oppidum
1479 5417 1666 5470 statuit
1701 5413 1831 5467 Pro-

201 5487 462 5562 cr'wius,
495 5494 549 5542 in
592 5487 840 5562 Historia
872 5500 1092 5562 arcana.

291 5554 894 5633 lZ‘pMGVICAI‘ﬂdt‘wr.
940 5554 1186 5633 batinos,
1221 5572 1328 5633 seu
1373 5556 1708 5633 Normanuos
1751 5556 1831 5608 in-

202 5624 466 5704 telligit.
503 5634 596 5704 qui
638 5627 899 5704 Mattiacas
931 5626 1058 5677 olim
1105 5630 1157 5679 itt
1203 5628 1366 5704 _l_tali‘a
1421 5635 1474 5680 et
1505 5624 1684 5679 Sicilia
1719 5642 1830 5679 nic-

201 5697 494 5764 ruer'a-nt,
528 5702 596 5750 de
623 5699 836 5766 quibus
853 5709 1012 5761 supra
1039 5711 1158 5766 pag.
1197 5697 1280 5750 11.
1311 5697 1512 5766 Auctor
1537 5708 1620 5766 est
1645 5709 1826 5748 autem

204 5763 578 5831 Lautbertns
616 5763 982 5830 Scafuaburg.
1025 5767 1091 5819 ad
1113 5763 1330 5820 vannum
1373 5765 1532 5832 4971,
1563 5764 1827 5820 Norntan-

575 5864 857 5922 ΡΛτιιοι..
890 5862 1006 5922 Gn.
1045 5862 1305 5927 CXXXI.

1940 5153 2038 5191 nos
2091 5140 2532 5211 imperatoribus
2572 5139 3184 5211 Constantinopolitanis
3242 5144 3502 5200 militasse
3550 5207 3555 5211 _

1938 5217 2061 5260 ante
2113 5210 2441 5280 exstinctum
2506 5210 2830 5280 Robertum.
2889 5210 3008 5279 post
3059 5215 3215 5280 cujus
3278 5225 3500 5266 mortem

1939 5285 2150 5350 constat
2189 5277 2543 5350 ex‘Orderico
2587 5278 2764 5340 Vitali,
2807 5277 2901 5334 lib.
2947 5297 3040 5345 vn,
3090 5277 3267 5350 plures
3291 5301 3352 5336 cx
3385 5283 3504 5350 cjus

1939 5346 2198 5417 comitatu
2267 5346 2318 5398 iu
2377 5345 2642 5402 Graeciam
2708 5351 3008 5417 trausiisse,
3065 5345 3119 5404 εἰ
3164 5353 3266 5407 sub
3327 5345 3502 5408 Alexii

1937 5413 2223 5481 Stipendiis
2256 5417 2536 5470 meruisse.
2993 5413 3002 5417 ⁷
3074 5465 3077 5468 .

2011 5483 2124 5553 (25)
2167 5484 2287 5556 Τῶν
2310 5485 2654 5547 βασιλικῶν
2675 5488 2947 5556 ἱεράκων.
2981 5489 3105 5544 Fuit
3133 5492 3261 5544 olim
3297 5491 3348 5544 itt
3380 5490 3504 5544 aula

1940 5554 2525 5631 portstantinopolitaua
2560 5554 2789 5631 dignitas
2817 5561 2908 5611 τοῦ
2943 5561 3374 5631 πρωτοῖερακοῦ,
3407 5577 3507 5613 Cll-

1934 5623 2304 5698 jusmodi_esl.
2348 5624 2417 5678 Μ.
2488 5623 2788 5683 Falconarii
2845 5623 2998 5698 apud
3045 5623 3385 5685 nom-Verum
3422 5633 3508 5683 hic

1939 5693 2127 5814 agiturl
2164 5692 2232 5746 de
2283 5708 2347 5748 eo
2402 5711 2567 5765 penes
2617 5714 2774 5768 quem
2832 5692 2964 5755 cura
3025 5712 3142 5758 erat
3193 5703 3506 5757 alendorum

1939 5777 2102 5814 aecum
2137 5778 2275 5814 rum.

1936 5777 2275 5831 aCCIPIU‘UIII.
