4024 6270
471 362 576 425 587

1745 357 1971 420 ΑΝΝ.¹Ε
2000 356 2382 420 ΟΟΜΝΕΝ.Ε
3587 353 3676 419 588

473 482 744 550 ferretque
791 477 1104 547 imperatori
1140 477 1286 547 quod
1319 477 1373 530 in
1407 490 1556 545 spem
1615 476 1855 531 victoria:
1905 474 2038 528 utile

2156 478 2291 527 ἰιπαν
2348 470 2658 525 τούναντίον
2692 469 2886 522 ἐποίει.
2920 467 3030 521 Καὶ
3054 469 3117 537 τῇ
3161 465 3264 536 ἰδίᾳ
3305 464 3553 538 διαλέκτῳ
3583 474 3679 534 τοῖς

473 581 706 643 putaret.
761 585 945 624 revera
999 580 1057 623 ut
1097 569 1367 624 contraria
1416 569 1596 622 omnia
1645 567 1872 632 faceret,
1923 566 2036 619 suis

474 665 689 734 Scythis
717 663 934 732 propria
988 662 1226 731 ipsorum
1254 662 1436 730 lingua
1485 676 1549 715 ex
1587 660 1678 715 illo
1713 660 1861 714 edito
1905 659 2038 728 jugo

474 760 697 828 loquens
723 764 909 810 auctor
933 753 1037 808 fuit
1063 764 1118 807 ut
1144 755 1383 820 plaustra
1416 752 1726 807 continuam
1757 751 1809 804 in
1837 752 2036 804 seriem

474 849 732 918 disposita
792 845 1048 898 Romanis
1105 845 1441 912 objicerent.
1495 857 1594 895 nec
1650 842 2036 910 imperatorem

476 954 800 1009 magnopere
835 948 1136 991 metuerent
1166 937 1338 990 adhuc
1364 951 1425 989 ex
1457 950 1659 1004 nupera
1689 933 1842 987 clade
1877 935 2042 1000 trepi-

473 1034 598 1086 dum
635 1031 927 1100 fugamque
962 1031 1336 1092 meditantem,
1368 1026 1458 1096 qui
1514 1042 1613 1080 nec
1660 1040 1788 1081 suos
1843 1025 2040 1078 idoneo

473 1139 699 1179 numero
755 1138 851 1176 nec
896 1122 1190 1175 auxiliares
1245 1137 1274 1173 a
1325 1117 1576 1187 gentibus
1619 1119 1780 1170 sociis
1840 1117 2044 1170 milites

477 1219 718 1273 haberet.
755 1215 848 1271 llis
875 1216 1032 1268 dictis
1060 1214 1301 1267 attritam
1337 1212 1566 1266 frontem
1599 1212 1677 1265 sic
1703 1211 1769 1264 ad
1804 1210 2043 1277 impera-

475 1320 646 1364 torem
679 1307 1011 1361 descendens
1044 1304 1245 1367 retulit,
1271 1304 1424 1372 quasi
1449 1317 1662 1356 summa
1698 1302 1800 1354 fide
1827 1299 2045 1352 functus

473 1401 848 1471 estploratione
893 1397 1055 1452 foret.
1108 1397 1380 1450 Cmterum
1442 1396 1589 1448 misti
1652 1394 1872 1463 quidam
1903 1393 2047 1445 inter

475 1493 719 1548 Grzecum
766 1502 816 1544 et
857 1489 1144 1544 barbarum
1178 1487 1415 1556 generis,
1446 1500 1509 1540 ac
1545 1501 1640 1554 per
1687 1485 1787 1538 hoc
1833 1499 1934 1536 non
1967 1482 2047 1536 in-

475 1585 622 1639 scius
655 1583 926 1652 Scythicae
972 1580 1186 1648 linguae,
1216 1594 1340 1632 cum
1393 1577 1695 1630 orationem
1753 1573 2048 1641 transfugae

474 1677 694 1728 auribus
740 1673 1029 1734 hausisset,
1065 1671 1360 1723 indicatum
1409 1669 1474 1722 de
1523 1666 1743 1736 perﬁdia
1797 1664 2048 1734 bilinguis

475 1769 620 1821 ultro
670 1763 735 1818 ad
789 1764 1167 1831 imperatorem
1226 1762 1395 1814 venit.
1445 1756 1626 1812 Sensit
1675 1756 1942 1810 Neantzes
1990 1769 2050 1808 se

2140 563 2375 624 Σκύθαις
2428 560 2733 630 τηνικαῦτα
2789 557 3147 611 συνεϐούλευε
3189 558 3289 618 τὰς
3350 557 3554 625 ἀμάξας
3595 566 3681 629 μὲν

2143 653 2422 724 στοιχηδὸν
2473 651 2838 721 καταστῆσαι,
2890 649 3092 710 αὐτοὺς
3119 649 3175 700 δὲ
3228 647 3304 718 μὴ
3353 649 3571 704 δεδιέναι
3605 652 3683 705 τὸν

2141 745 2545 814 αὐτοκράτορα,
2577 742 2959 812 τετραμμένον
2984 758 3041 792 τε
3071 740 3199 792 ὄντα
3228 739 3327 810 ήδη
3360 742 3420 792 ἐκ
3443 743 3530 811 τῆς
3555 744 3686 813 πρώ-

2141 856 2240 910 της
2269 839 2439 908 ἥττης
2490 839 2584 889 καὶ
2648 837 2784 905 πρὸς
2823 834 3002 903 φυγὴν
3062 832 3307 901 ἕτοιμον,
3358 835 3546 886 σπάνιν
3593 835 3686 886 τῶν

2145 930 2576 1002 στρατευμάτων
2609 927 2844 981 καὶτῶν
2901 926 3214 994 συμμάχων
3255 923 3465 993 ἔχοντα.
3518 924 3688 978 Ταῦτα

2145 1024 2315 1078 εἰπὼν
2340 1025 2556 1077 κάτεισι
2593 1021 2731 1090 πρὸς
2761 1021 2852 1072 τὸν
2904 1018 3316 1088 αὐτοκράτορα.
3363 1016 3692 1087 Μιξοΰάρϐα-

2146 1135 2238 1188 ρος
2269 1117 2326 1170 δέ
2354 1134 2433 1179 τις
2463 1117 2577 1183 είδή
2589 1133 2706 1184 μων
2741 1112 2842 1184 τῆς
2890 1111 3166 1179 Σκυθικῆς
3198 1110 3502 1175 διαλέκτου,
3529 1111 3692 1172 συνεὶς

2145 1208 2214 1262 τὰ
2253 1209 2393 1278 πρὸς
2425 1207 2555 1268 τοὺς
2579 1204 2795 1266 Σκύθας
2836 1206 2990 1272 παρὰ
3019 1203 3114 1255 τοῦ
3143 1203 3398 1271 Νεάντζη
3431 1202 3694 1271 λεχθέντα,

2147 1300 2487 1370 ἀπαγγέλλει
2533 1299 2716 1352 πάντα
2769 1297 2815 1328 δ’
2852 1296 2930 1366 τῷ
2961 1295 3196 1364 βασιλεῖ.
3237 1293 3322 1346 Ἑν
3367 1294 3612 1364 αἰσθήσει
3647 1293 3697 1345 δὲ

2146 1392 2337 1445 τούτου
2378 1391 2668 1460 γενόμενος
2697 1391 2723 1441 ό
2755 1389 3060 1457 Νεάντζης,
3089 1386 3344 1456 ἀνεζήτει
3367 1387 3454 1440 τὸν
3475 1387 3701 1456 ἐλεγχονο

2147 1482 2524 1553 ἀναισχύντως
2569 1481 2612 1533 δ’
2662 1481 2690 1532 ὁ
2730 1481 3142 1550 μιξοόἀρόαρος
3196 1482 3276 1542 είς
3327 1480 3491 1550 μέσον
3549 1479 3700 1530 ἐλθὼν

2149 1576 2399 1647 ἤλεγχεν.
2448 1573 2690 1635 Ἐκεῖνος
2717 1571 2795 1637 δὲ,
2824 1571 2887 1624 τὸ
2927 1572 3085 1640 ξίφος
3125 1569 3325 1639 ἀθρόον
3354 1569 3703 1637 σπασάμενος,

2150 1667 2395 1735 ἀπέκοψε
2451 1664 2776 1734 τάνθρώπου
2813 1666 2912 1734 τὴν
2971 1664 3240 1733 κεφαλὴν,
3301 1661 3470 1716 αὐτοῦ
3510 1678 3567 1713 τε
3621 1661 3704 1712 τοῦ

2155 1759 2423 1830 βασιλέως
2469 1757 2710 1828 δρῶντος
2745 1758 2837 1812 καὶ
2863 1755 3208 1826 ἑκατέρωθεν
3260 1755 3374 1809 τῶν
3431 1754 3710 1824 φαλάγγων

476 1862 766 1919 detectum,
803 1871 902 1908 nec
932 1851 1311 1908 dissimulandi
1345 1861 1524 1905 tamen
1565 1864 1713 1916 spem
1752 1848 1930 1901 adhuc
1957 1856 2049 1900 aut

2156 1853 2482 1922 ἱσταμένων·
2507 1851 2625 1917 καὶ,
2643 1845 2822 1918 οἶμαι,
2845 1849 2944 1918 τὴν
2967 1848 3208 1918 ὑποψίαν
3226 1849 3329 1918 τῆς
3358 1845 3710 1914 συκοφαντίας

475 1949 764 2004 Consilium
784 1946 1012 2013 abjccit;
1041 1943 1232 1997 falsum
1263 1942 1484 2011 impingi
1513 1941 1615 1994 sibi
1639 1939 1844 1993 crimen
1866 1937 2051 2006 queri-

477 2053 586 2104 tur,
622 2039 853 2092 indicem
904 2035 1136 2103 proferri
1171 2047 1395 2100 remque
1430 2030 1638 2097 judicio
1665 2029 1866 2083 discuti
1900 2025 2051 2095 ﬂagi-

479 2143 574 2188 tat.
618 2128 875 2185 Procedit
931 2129 1188 2180 audacter
1234 2123 1643 2178 mixobarbarus
1678 2120 1730 2174 in
1785 2117 2049 2180 medium,

479 2226 838 2291 Neantzasque
902 2221 955 2274 in
989 2235 1050 2272 os
1081 2232 1261 2272 coram
1303 2214 1560 2269 omnibus
1609 2219 1926 2282 perseverat
1953 2226 2052 2265 au-

479 2319 620 2372 ritus
651 2316 803 2370 testis
828 2328 947 2381 qua:
975 2319 1245 2379 comperta
1296 2305 1546 2376 prtesenti
1599 2319 1762 2358 sensu
1812 2304 1878 2358 de
1930 2302 2050 2372 ejus

476 2410 680 2466 scelere
736 2407 991 2460 habebat.
1053 2406 1122 2456 At
1184 2405 1447 2460 barbarus
1507 2401 1700 2456 strito
1761 2397 2050 2452 confestim

479 2501 622 2556 ferro
676 2510 839 2570 caput
890 2498 1192 2567 amputavit
1241 2497 1466 2561 homini,
1509 2495 1752 2564 Augusto
1791 2500 2052 2546 cernente

479 2593 618 2664 ipso,
647 2605 700 2646 et
738 2591 1092 2661 pbalangibus
1118 2589 1388 2657 utrimque
1437 2587 1745 2641 astantibus
1779 2604 1793 2638 :
1825 2598 1959 2637 nova
1997 2590 2051 2636 et

482 2686 768 2738 barbarica
802 2682 1136 2738 defensionis
1185 2682 1364 2750 gladio
1395 2689 1665 2749 perorata:
1710 2677 1869 2731 ratio.
1919 2675 2051 2742 Quae

480 2795 656 2844 reum,
693 2791 812 2830 meo
862 2774 1076 2844 quidem
1125 2772 1352 2840 judicio,
1389 2785 1523 2825 nece
1554 2770 1889 2824 accusatoris
1916 2782 2049 2821 con-

481 2869 732 2923 victinnis
789 2867 1171 2921 necessitatem
1235 2872 1564 2932 praevertere
1621 2877 1838 2925 ausum,
1882 2860 2052 2915 multo

483 2963 654 3031 magis
687 2959 895 3014 aﬂinem
930 2955 1228 3027 suspicioni
1276 2955 1456 3012 reddit
1506 2955 1734 3008 sceleris
1763 2969 1890 3008 vere
1933 2968 2052 3008 sus-

481 3054 646 3122 cepti.
709 3050 818 3106 Cur
847 3050 1014 3112 enim,
1049 3048 1095 3103 si
1123 3047 1465 3102 conscientia
1491 3047 1760 3100 niteretur
1791 3045 2052 3099 innocen-

2150 1947 2178 1998 ὁ
2209 1943 2493 2012 Νεάντξης
2526 1941 2817 2004 ἐκκλίνων,
2847 1941 2912 1994 ἐκ
2946 1941 3046 2009 τῆς
3082 1940 3302 2008 σφαγῆς
3328 1937 3426 1990 τοῦ
3453 1951 3714 2003 συκοφανο

2149 2037 2372 2098 τοῦντος
2438 2036 2684 2088 ὕποπτον
2738 2031 2942 2101 μᾶλλον
2982 2031 3177 2084 ἑαυτὸν
3207 2029 3472 2099 καθιστᾷ.
3523 2028 3585 2080 Τί
3615 2025 3713 2094 γὰρ

2154 2132 2229 2203 μὴ
2262 2131 2354 2183 τὸν
2385 2128 2612 2198 ἔλεγχον
2661 2127 3029 2197 περιέμενεν;
3076 2124 3221 2179 Ἀλλ’
3251 2127 3331 2189 ὡς
3385 2126 3532 2178 ἔοικε
3560 2121 3717 2188 γλῶτ-

2150 2241 2250 2279 ταν
2292 2221 2492 2276 ἐθέλων
2565 2222 2923 2290 προαναιρεῖν
2970 2219 3387 2290 ἐξορχουμένην
3442 2218 3544 2280 τὰς
3609 2215 3718 2271 κατ’

2151 2315 2314 2372 αὐτὸν
2363 2314 2702 2384 δολιότητας,
2766 2313 2942 2383 τολμᾷ
2983 2330 3036 2366 τι
3086 2313 3181 2366 καὶ¹
3235 2311 3712 2382 παραϐολώτερον,

2153 2408 2388 2474 πρᾶγμα
2419 2406 2656 2474 ποιήσας
2696 2402 3044 2474 βαρϐαρικῆς
3070 2402 3172 2472 μέν
3197 2401 3386 2471 ψυχῆς
3409 2400 3578 2461 ἄξιον,
3605 2398 3724 2450 bno-

2151 2517 2285 2552 πτον
2314 2499 2372 2552 δὲ
2427 2496 2704 2560 τοσοῦτον,
2765 2497 2891 2548 ὅσον
2928 2494 3025 2548 καὶ
3072 2495 3284 2564 τόλμης
3325 2495 3577 2561 ἐφίκετο.
3653 2487 3724 2542 Οὺ

2155 2593 2263 2662 μὴν
2288 2592 2316 2644 6
2347 2590 2604 2660 βασιλεὺς
2629 2589 2795 2650 εὐθὺς
2823 2590 3216 2658 ἐτιμωρήσατο
3244 2589 3294 2620 ⁸⁸
3316 2588 3412 2640 τὸν
3440 2582 3725 2655 βάρϐαρον.

2153 2683 2274 2736 οὐδὲ
2303 2681 2574 2752 ὑπεξῆλθε
2604 2683 2672 2743 ⁸¹,
2714 2683 2834 2734 δέον
2887 2681 2976 2736 δν.
3009 2681 3174 2734 Ἀλλὰ
3225 2685 3334 2750 τὴν
3378 2679 3479 2750 μὲν
3510 2676 3726 2745 καρδίαν

2153 2775 2506 2844 παλλομένην
2537 2777 2618 2838 εἰς
2653 2772 2828 2843 θυμὸν
2860 2774 2956 2827 καὶ
3006 2773 3182 2845 ὀργὴν
3213 2773 3464 2840 ἐπέσχεν
3516 2768 3726 2824 αὐτίκα.

2154 2869 2241 2922 ἵνα
2277 2867 2351 2938 μὴ
2386 2867 2711 2938 προσοϐήσῃ
2741 2867 2840 2936 τὴν
2875 2864 3048 2936 θήραν
3101 2868 3196 2918 καὶ
3249 2864 3476 2936 ταράξῃ
3509 2861 3605 2924 τὰς
3631 2858 3729 2928 φά-

2153 2961 2370 3029 λαγγας
2397 2977 2411 2991 ⁸
2448 2960 2771 3029 ἐταμιεύετο
2820 2961 2864 2991 ⁸⁸
2896 2959 2952 3011 δὲ
2986 2962 3080 3010 καὶ
3114 2957 3418 3027 ὑπώρυττε
3445 2959 3548 3025 τὴν
3573 2951 3734 3022 ὀργὴν

2153 3053 2230 3118 τῷ
2258 3053 2509 3126 Νεάντζῃ
2557 3052 2747 3105 τούτου
2795 3051 3085 3120 προδοσίαν
3129 3049 3225 3102 τοῦ
3257 3049 3489 3128 ’-ἀνδρὶς
3528 3045 3621 3100 καὶ
3643 3041 3733 3111 τὴν

483 3147 593 3209 list,
659 3157 766 3196 non
835 3143 1190 3208 exspectabat
1257 3136 1698 3206 dijudicationcm
1761 3135 2051 3188 criminis?

2156 3147 2494 3198 ἀποστασίαν
2535 3144 2631 3197 καὶ
2674 3145 2782 3196 ἀπὸ
2825 3145 2932 3195 τῶν
2986 3142 3497 3214 προειργασμένων
3541 3139 3633 3191 καὶ
3683 3133 3734 3196 ἐξ

483 3232 684 3301 Nempe
731 3229 884 3300 prius
964 3227 1208 3284 exscindi
1266 3227 1506 3297 linguam
1558 3227 1848 3294 Oportebat
1898 3228 2054 3291 cujus

485 3326 768 3381 refutando
825 3321 1138 3377 testimonio
1175 3320 1318 3374 nulla
1354 3335 1449 3388 par
1480 3319 1705 3374 audacia
1740 3317 2055 3374 dissimula-

485 3416 650 3472 tionis
698 3414 950 3482 quamvis
1005 3412 1336 3482 impudentis
1389 3426 1510 3466 esse
1543 3422 1763 3479 posset:
1809 3413 2054 3479 satisque

486 3506 779 3578 apparebat
831 3505 1090 3559 indicium
1151 3513 1206 3558 et
1263 3503 1674 3572 coargutioncm
1727 3518 2052 3557 arcanarum

485 3603 732 3658 fraudum
763 3600 1017 3655 inusitata
1048 3599 1374 3660 temeritate,
1407 3597 1642 3650 immane
1671 3613 1830 3664 quam
1869 3606 2055 3649 trucuo

486 3696 615 3750 lenti
647 3694 960 3761 atrocisque
993 3691 1252 3745 facinoris
1298 3690 1580 3745 ell'eratum
1639 3687 1931 3744 barbarum
1981 3689 2057 3740 lu-

487 3788 747 3843 crifacere
792 3797 1072 3840 conatum.
1126 3783 1388 3852 Equidem
1443 3785 1611 3836 miror
1659 3781 1940 3836 continere
1997 3793 2056 3833 se

487 3885 776 3952 Augustqu
807 3879 1068 3948 potuisse,
1094 3877 1402 3946 quominus,
1435 3884 1491 3929 ut
1519 3891 1616 3944 par
1644 3885 1784 3938 erat,
1821 3873 2057 3928 ulcisce-

488 3984 638 4027 retur
663 3971 871 4037 statiua,
903 3977 957 4024 et
987 3969 1218 4037 discerpi
1253 3968 1469 4038 juberet
1501 3968 1774 4023 crudelem
1825 3967 2059 4021 homici—

496 4063 842 4118 'latn.Vernm
869 4062 940 4122 is,
966 4075 1065 4130 pro
1090 4070 1352 4113 consueta
1378 4059 1668 4126 sapientia,
1695 4057 2056 4113 t-ﬂ‘ervescen-

489 4165 595 4211 'em
650 4157 702 4208 in
759 4154 958 4225 justam
1013 4153 1145 4204 iram
1201 4151 1440 4204 animum
1496 4151 1720 4204 consilio
1776 4150 2056 4218 repressit,

491 4259 702 4316 tempus
751 4243 1179 4313 exspectandum
1240 4251 1522 4310 reputans,
1576 4257 1674 4294 nec
1710 4251 1766 4293 ut
1822 4251 1934 4294 tmn
1973 4257 2060 4296 res

491 4347 666 4400 erant,
691 4348 1052 4404 Opportunum
1091 4347 1320 4386 censetis
1356 4333 1406 4386 id
1440 4347 1602 4400 agere
1629 4347 1736 4400 quo
1768 4335 2060 4400 procinctze

2155 3237 2329 3291 ἄλλων
2360 3236 2906 3306 προμαντευόμενος·
2963 3236 3057 3288 ἐπὶ
3107 3235 3278 3305 ξυροῦ
3305 3235 3422 3304 γὰρ
3454 3229 3638 3300 ἀκμῆς
3662 3227 3732 3276 εί·

2159 3332 2354 3400 στήκει
2386 3331 2454 3382 τὰ
2485 3329 2580 3382 τοῦ
2619 3329 2861 3397 πολέμου
2895 3346 2908 3358 ο
2944 3330 3038 3381 καὶ
3069 3327 3156 3381 διὰ
3210 3327 3386 3379 τοῦτο
3478 3320 3736 3392 περιυλαο

2162 3421 2401 3474 κτοῦντα
2433 3421 2524 3474 τὸν
2553 3421 2728 3490 θυμὸν
2755 3422 2782 3473 ὁ
2815 3419 3224 3489 βασιλεῦξτέως
3253 3420 3508 3487 ἐπεῖχεν,
3527 3408 3736 3481 ἀπορῶν

2155 3514 2216 3565 τὸ
2245 3513 2546 3581 τηνικαῦτα
2571 3514 2598 3566 ὅ
2623 3531 2670 3564 τι
2701 3514 2794 3566 καὶ
2817 3513 3089 3581 δράσειεν.
3133 3510 3192 3564 ’0
3213 3513 3415 3581 μέντοι
3447 3502 3738 3568 Νεάντζηςο

2159 3605 2297 3672 μετὰ
2331 3604 2528 3674 μικρὸν
2556 3603 2898 3674 προσελθὼν,
2936 3605 3033 3657 καὶ
3081 3602 3178 3656 τοῦ
3212 3603 3502 3672 σφετέρου
3535 3593 3736 3653 ἁποὸἀς

2158 3698 2350 3758 ἵππου,
2383 3697 2542 3751 ἄλλον
2566 3699 2748 3768 ᾐτεῖτο
2768 3698 2857 3749 τὸν
2879 3695 3128 3766 βασιλέα.
3175 3696 3297 3748 Καὶ
3333 3695 3566 3747 δίδωσιν
3605 3683 3744 3751 αὐτῷ

2158 3792 2508 3860 παργχρῆμα
2558 3790 2726 3842 ἵππον
2765 3789 2872 3840 τῶν
2908 3789 3184 3857 ἐκκρίτων
3253 3789 3405 3859 μετὰ
3468 3779 3742 3855 βασιλικῆς

2161 3883 2507 3952 ἐφεστρίδος,
2557 3883 2635 3944 εἰς
2667 3881 2725 3933 ὃν
2756 3879 2982 3942 ἀναϐὰς,
3019 3879 3144 3931 ἐπεὶ
3195 3881 3272 3932 τὰ
3330 3879 3596 3946 τάγματα
3634 3868 3744 3926 κατ’

2159 3975 2400 4045 ἀλλήλων
2422 3974 2508 4026 διὰ
2530 3975 2626 4027 τοῦ
2657 3971 2985 4043 μεσαιχμίου
3018 3971 3118 4042 ἤδη
3146 3971 3356 4042 ᾔεσαν,
3391 3971 3582 4041 σχῆμα
3615 3965 3746 4018 κατὰ

2159 4068 2265 4122 τῶν
2307 4067 2532 4120 Σκυθῶν
2595 4066 2865 4126 ἱππασίας
2915 4064 3328 4133 ποιησάμενος,
3389 4063 3496 4132 τὴν
3535 4057 3751 4124 ἁκωκὴν

2158 4156 2253 4210 τοῦ
2281 4156 2504 4227 δόρατος
2550 4155 2774 4208 ὄπισθεν
2807 4153 3074 4223 στρέψας,
3102 4153 3246 4220 πρὸς
3305 4154 3442 4214 τοὺς
3478 4147 3747 4219 ὁμογενεῖς

2162 4250 2343 4319 φοιτᾷ,
2368 4247 2540 4300 πολλὰ
2568 4247 2712 4300 κατὰ
2743 4247 2842 4312 τῆς
2883 4244 3178 4314 βασιλικῆς
3227 4244 3620 4313 παρατάξεως
3651 4237 3742 4290 αὑ-

2160 4343 2274 4405 τοῖς
2315 4339 2621 4411 παραινῶν.
2661 4341 2724 4391 Oi
2769 4338 2827 4390 δὲ
2884 4340 3004 4399 ταῖς
3051 4336 3527 4405 ύποθημοσύναις
3591 4327 3751 4384 αὐτοῦ

492 4432 558 4484 ad
609 4428 854 4498 praelium
912 4426 1118 4480 turbari
1178 4426 1472 4495 phalanges
1520 4436 1758 4494 possent,
1795 4435 1850 4478 et
1880 4426 2053 4494 praeda

2162 4434 2456 4504 χρώμενοι,
2496 4431 2767 4502 καρτερὸν
2799 4429 2938 4500 μετὰ
2957 4431 3003 4464 ⁵³
3032 4429 3130 4482 τοῦ
3166 4430 3604 4498 αὐτοκράτορος
3632 4438 3751 4475 συν·

2180 4529 2190 4537 .
2217 4528 2227 4537 .
2511 4525 2543 4537 η
2861 4525 2872 4537 ι
3365 4523 3377 4537 ο
3595 4517 3651 4537 ιιι
3698 4509 3751 4537 τι

493 4538 616 4578 .nox
646 4520 917 4574 induenda
943 4518 1188 4573 cassibus
1225 4528 1553 4586 praematuro
1582 4519 1817 4585 strepitu
1839 4519 2056 4571 terreri.

495 4613 636 4684 Ergo
659 4614 727 4668 de
759 4610 1058 4680 proditione
1092 4611 1306 4680 quidem
1337 4610 1614 4674 Neantzae,
1645 4610 1808 4678 212
1829 4619 2058 4679 eruptuv

497 4723 664 4776 raque
697 4705 845 4758 brevi
879 4713 1062 4772 aperta
1099 4702 1420 4767 defectione,
1462 4711 1573 4756 tum
1625 4706 1708 4757 bis
1755 4704 2064 4758 recentibus

499 4815 608 4852 tum
643 4797 909 4868 prioribus
943 4796 1099 4863 plane
1121 4809 1411 4864 persuasus
1445 4795 1678 4861 indiciis,
1712 4810 1816 4848 non
1845 4797 2062 4850 dubita-

497 4892 570 4944 vit
603 4893 896 4958 imperator
931 4887 1200 4957 amplius;
1239 4887 1331 4940 sed
1373 4887 1422 4940 in
1453 4888 1570 4941 acie
1601 4887 1825 4954 periculi
1861 4889 2066 4956 positas

497 4997 584 5036 res
613 4991 666 5034 et
696 4989 1027 5032 momentum
1061 4978 1330 5030 lubricum
1363 4977 1618 5046 ancipitis
1655 4979 1705 5030 iu
1736 4993 1842 5046 quo
1874 4993 2064 5032 versa-

498 5076 654 5129 batur
681 5073 940 5142 temporis
971 5081 1251 5140 reputans,
1283 5072 1720 5140 sententiamque
1767 5085 1873 5124 non
1904 5085 2067 5139 expc-

497 5171 670 5229 diens,
702 5180 918 5221 cessare
942 5164 1121 5234 potius
1155 5162 1364 5230 habuit,
1399 5163 1772 5232 integramque
1807 5179 1916 5215 rem
1951 5178 2066 5216 scr-

501 5274 648 5324 vare,
707 5257 1080 5326 indignatione
1122 5254 1446 5318 cohibenda,
1497 5269 1659 5321 quam
1719 5253 1948 5306 multum
2015 5253 2066 5306 in

501 5362 722 5420 pectore
751 5351 1063 5412 latrantem,
1096 5347 1354 5401 exaudire
1409 5361 1475 5400 ne
1511 5346 1634 5416 quis
1685 5357 1888 5415 posset,
1922 5346 2069 5401 dedit

499 5457 758 5514 operam;
807 5440 956 5494 vultu
991 5439 1056 5494 ad
1093 5438 1579 5494 dissintulatioiiem
1616 5439 1936 5503 prudentem
1969 5439 2066 5492 do-

501 5535 587 5590 cili
629 5535 710 5590 sic
737 5533 802 5588 ad
830 5532 1104 5588 Neautzeu
1135 5546 1290 5596 usus,
1323 5541 1379 5585 ut
1415 5531 1683 5586 barbarus
1715 5531 1912 5587 lidueia
1943 5532 2067 5586 inde

2165 4528 2400 4595 ἅψαντες
2455 4525 2720 4593 πόλεμον,
2781 4525 3042 4593 τρέπουσι
3105 4523 3507 4592 κατακρατος.
3595 4517 3652 4567 ὐ
3698 4509 3753 4562 δὲ

2167 4617 2422 4688 βασιλεὺς
2489 4615 2916 4679 διασπασθείσας
2970 4615 3068 4676 τὰς
3122 4614 3439 4680 φάλαγγας
3495 4609 3638 4681 ὁρῶν
3670 4604 3755 4656 καὶ

2170 4708 2475 4774 φεύγοντας
2505 4707 2780 4770 ἅπαντας,
2815 4709 2872 4759 ἐν
2901 4705 3187 4774 ἀμηχανίᾳ
3216 4703 3554 4772 γενόμενος,
3593 4711 3755 4764 παρα·

2167 4799 2500 4853 κινδυνεύειν
2529 4799 2742 4866 ἀλόγως
2774 4799 2874 4850 οὐκ
2914 4796 3128 4866 ἢθελεν.
3155 4795 3374 4847 Ἔνθεν
3411 4811 3499 4847 τοι
3551 4789 3644 4843 καὶ
3668 4784 3755 4843 τὰς

2170 4890 2328 4962 ἡνίας
2362 4889 2596 4961 στρέψας
2625 4889 2790 4959 μέχρι
2813 4887 2908 4941 τοῦ
2932 4888 3147 4958 ῥέοντος
3183 4884 3460 4955 ποταμοῦ
3486 4883 3652 4947 ἐγγὺς
3673 4872 3755 4927 τοῦ

2181 4983 2425 5037 Ἰὀυσίου
2464 4981 2900 5051 καταλαμϐάνει,
2925 4980 3190 5032 κάκεῖθεν
3228 4978 3334 5030 τὸν
3368 4974 3597 5046 χαλινὸν
3633 4970 3753 5023 ἀλα·

2171 5077 2434 5148 σειρὰσας
2474 5075 2616 5146 μετά
2639 5091 2803 5127 τινων
2836 5072 3079 5140 λογάδων
3115 5070 3192 5132 ὡς
3227 5071 3361 5123 ἐνὸν
3386 5071 3438 5102 ⁸⁸
3484 5067 3619 5137 πρὸς
3646 5060 3760 5118 τοὺς

2173 5170 2474 5232 διώκοντας
2506 5167 2880 5237 ἀπεμάχοντο,
2909 5165 3182 5226 ἱππασίας
3204 5165 3342 5216 κατ’
3379 5160 3568 5216 αὐτῶν
3593 5149 3761 5210 natati-

2177 5279 2355 5333 μενος,
2387 5260 2618 5322 πολλοὺς
2642 5259 2698 5311 δὲ
2727 5257 2776 5290 ⁸⁵
2803 5257 2899 5310 καὶ
2925 5255 3178 5318 κτείνων,
3215 5253 3380 5307 ἔστιν
3406 5246 3472 5306 οὗ
3492 5251 3588 5305 καὶ
3615 5244 3761 5302 αὐτὸς

2176 5330 2570 5424 πληττόμενος.
2635 5349 2855 5420 Ἐπειδὴ
2909 5346 2966 5400 δὲ
3012 5345 3071 5412 ἐξ
3123 5344 3342 5416 ἐτέρου
3407 5344 3612 5422 μέρους
3678 5330 3762 5386 καὶ

2141 5446 2450 5518 ,Γεώργιος
2479 5447 2506 5498 ό
2545 5445 2764 5516 Πύρρος
2797 5438 3132 5510 καλούμενος
3184 5438 3433 5506 φεύγων
3479 5434 3572 5488 τὸν
3610 5442 3761 5518 ποτα·

2181 5539 2280 5608 μὸν
2298 5512 2753 5606 κατελάμϐανεν,
2781 5527 3295 5602 ἐμϐριμησάμενος
3319 5525 3529 5582 τοῦτον
3554 5521 3599 5555 ⁸⁸
3627 5520 3653 5573 ὁ
3676 5512 3760 5568 αὖε

1533 5648 1731 5710 Varie;
1762 5647 2068 5712 lectiones
2114 5669 2193 5713 ex
2233 5649 2668 5714 cod.Coislin.

576 5755 621 5785 δ’
658 5753 824 5828 Deest
851 5766 956 5806 vox
986 5750 1186 5806 πάντα.
1265 5752 1310 5784 ⁸ο
1336 5751 1768 5825 ἐπεπορεύσατο.
1843 5755 1885 5789 ⁸¹
1915 5754 2205 5828 ἐπεξῆλθε.
2280 5757 2326 5789 ⁸¹
2351 5753 2730 5826 ἐταμιεύσατο.
2805 5750 2851 5786 ⁸³
2883 5746 2973 5802 τὸν
3008 5743 3173 5817 μετά.

508 5824 555 5859 ⁸⁸
581 5824 777 5889 τούτῳ.

3260 5747 3314 5781 ἰ
3346 5745 3491 5802 ἐνόν.
3569 5738 3616 5774 ⁸⁵
3654 5731 3760 5810 μέν·
