4024 6270
419 347 520 416 5Ἶ1
1711 338 1932 399 ᾹΝΝίΕ
1968 335 2352 399 ΕΟΜΝΕΝᾸΞ
3554 314 3660 380 592

408 467 649 536 possent,
685 471 1040 526 cotrgressum
1094 452 1332 521 experiri
1398 465 1504 507 non
1562 460 1690 505 sunt
1757 449 1877 504 ausi
1943 455 2323 515 steteruntque
2389 443 2442 498 in
2515 441 2650 497 loco.
2721 438 2830 493 Nec
2889 448 2983 490 eos
3049 428 3389 487 lacessendos
3454 426 3663 496 putavit

407 523 707 628 imperator
738 523 931 624 pa—rtim
962 551 1032 606 ob
1068 548 1120 603 id
1150 563 1281 619 quo,
1314 563 1372 601 ιιι
1406 546 1539 611 disi,
1590 547 1731 600 male
1760 544 2131 616 quatiebatur,
2167 540 2360 595 febrile
2420 538 2612 607 frigus,
2678 535 2897 606 partim,
2974 531 3134 600 idque
3196 527 3484 600 praecipue,
3521 523 3662 593 quod

410 654 647 711 nondum
701 663 891 703 omnes
949 661 1079 700 suos
1125 661 1190 699 ex
1252 643 1375 714 fuga
1433 642 1689 698 collectos
1742 642 1987 695 haberet.
2029 636 2323 692 Simulavit
2354 644 2530 690 tamen
2566 629 3001 704 pugnaturientis
3058 625 3340 682 audaciam
3401 635 3665 693 generoso

408 754 574 807 statu,
610 742 942 811 modicisque
972 738 1321 808 procursibus
1350 734 1660 790 crebrarum
1688 732 2108 801 equitationum.
2138 726 2214 782 Eo
2278 726 2449 781 ferme
2474 725 2631 780 modo
2658 731 2927 778 transacta
2990 719 3108 775 dies
3168 726 3273 783 est,
3333 712 3664 770 exercitibus

411 837 673 892 ambobus
716 848 835 888 sese
869 833 1090 885 innoxie
1121 844 1290 898 usque
1325 829 1391 881 ad
1425 840 1704 895 vesperam
1773 833 2023 892 spectare
2098 820 2590 891 perseverantibus,
2664 819 2949 887 primaque
3018 824 3176 868 nocte
3243 825 3302 865 se
3365 810 3419 863 in
3487 817 3665 862 castra

411 937 687 1003 utrimque
721 928 1149 1000 recipientibus;
1205 932 1389 977 mutuo
1419 921 1557 977 alter
1584 920 1808 974 alterius
1840 928 1985 972 metu
2056 935 2083 971 ιι
2133 919 2319 987 praelio
2373 915 2681 971 invadentlo
2753 912 3050 968 retardati:
3110 908 3265 976 cuius
3314 919 3446 960 sane
3500 918 3666 959 causa

406 1033 605 1105 justior
636 1029 891 1084 Romanis
922 1034 1038 1079 erat
1080 1023 1256 1076 adhuc
1290 1037 1318 1074 a
1349 1019 1551 1074 recenti
1586 1016 1740 1071 clade
1772 1015 2049 1084 dispersis,
2079 1029 2309 1084 quorum
2376 1014 2577 1069 sensim
2657 1010 2901 1080 p.erique
2965 1004 3310 1062 conﬂuebant
3376 1000 3666 1064 Rhusium,

415 1127 678 1197 multiqtte
743 1124 796 1177 in
863 1121 929 1176 iis
974 1133 1204 1188 pugnam
1257 1129 1363 1169 non
1417 1113 1649 1182 experti.
1716 1111 1920 1165 Eadem
1996 1119 2239 1177 tempore
2295 1108 2618 1174 Monastt‘as,
2673 1106 2815 1162 Uzas
2872 1113 2925 1158 et
2981 1101 3262 1174 Synesius,
3324 1099 3424 1154 viri
3480 1113 3669 1153 omnes

415 1195 602 1274 fortes
634 1226 688 1272 et
733 1211 1049 1286 pt-ritiSs-imi
1096 1209 1169 1261 rei
1208 1207 1438 1269 bellica,
1492 1219 1563 1257 ne
1614 1202 1717 1271 ipsi
1768 1201 1986 1269 quidem

2114 1200 2284 1254 stremi
2316 1199 2485 1269 pra'lii
2523 1198 2836 1268 participes,
2870 1195 3135 1249 Rhosium
3166 1208 3384 1249 venere.

489 1311 585 1366 llic
617 1311 884 1375 Augustus
918 1309 1142 1370 urgente
1171 1312 1328 1366 quem
1369 1295 1479 1350 dixi
1536 1295 1716 1360 rigore
1758 1302 1986 1346 com-tus
2019 1297 2064 1350 Α

416 1403 670 1461 decubuit
705 1395 1017 1469 paululum,
1058 1403 1115 1474 ut
1142 1390 1294 1444 brevi
1336 1388 1517 1457 quiete
1547 1400 1669 1441 sese
1714 1385 1985 1438 reﬁceret.

417 1499 529 1554 Nec
558 1507 733 1547 tamen
767 1504 825 1542 se
847 1487 989 1542 omni
1021 1481 1142 1537 belli
1169 1494 1299 1535 cura
1332 1478 1414 1532 vel
1452 1477 1500 1530 in
1538 1474 1807 1529 tantillum
1852 1481 1986 1525 tem-

419 1604 520 1658 pus
550 1587 708 1657 plane
735 1578 1033 1640 relaxavit,
1072 1574 1198 1643 quin
1233 1570 1527 1639 respiceret
1557 1565 1991 1633 disquireretque

420 1652 604 1738 secum
641 1675 879 1734 interim,
912 1668 1041 1738 quid
1088 1679 1211 1720 cras
1251 1669 1398 1717 esset
1444 1654 1792 1713 faciendum?
1838 1652 1988 1707 Talia

423 1773 765 1828 meditantem
799 1760 1050 1818 convenit
1077 1756 1363 1811 Tatranes.
1396 1749 1491 1803 Vir
1515 1749 1602 1803 hic
1624 1755 1741 1802 erat
1767 1744 1990 1815 Scytha,

423 1866 512 1937 qui
558 1861 751 1928 sa‘pius
797 1854 1006 1910 iteratis
1051 1850 1116 1902 ad
1157 1849 1457 1915 Augustum
1492 1838 1841 1907 transfugiis,
1885 1850 1988 1888 non

423 1925 678 2030 pauciora
717 1949 927 2004 violatae
958 1942 1077 1998 ﬁdei
1123 1939 1319 2009 ﬂagitia
1367 1934 1695 2005 snhjecerat,
1730 1928 1890 1983 toties
1926 1925 1991 1978 ad

424 2019 550 2107 suos
592 2043 880 2117 perﬁdiose
933 2037 1055 2105 fuga
1092 2043 1363 2085 reversus.
1400 2027 1452 2080 Is
1478 2023 1701 2095 quodin
1738 2028 1816 2074 tot
1850 2019 1988 2073 reei-

426 2113 609 2216 procis
631 2134 960 2209 pmuitentiae
979 2143 1042 2183 ac
1064 2125 1286 2182 sceleris
1306 2120 1519 2175 vicibus
1539 2131 1753 2186 semper
1782 2113 1991 2168 facilem

424 2203 477 2291 et
510 2203 680 2289 tntum
709 2228 760 2281 in
806 2219 978 2278 Klexii
1012 2216 1235 2289 patienti
1268 2211 1555 2268 clementia
1589 2217 1864 2277 receptura
1898 2203 1994 2258 ha-

427 2327 652 2389 buisset,
689 2318 892 2389 pudore
921 2311 1151 2385 quodam
1172 2308 1347 2362 victus
1376 2316 1561 2357 amare
1592 2300 1734 2357 serio
1762 2307 1997 2364 ccherat

426 2421 679 2472 virtutem
719 2421 826 2466 tam
851 2409 1077 2464 licenter
1100 2408 1355 2471 spretam,
1382 2407 1434 2451 et
1453 2395 1564 2463 jam
1583 2401 1820 2462 expertae
1847 2390 2000 2444 boni-

431 2511 557 2565 tatis
590 2505 813 2561 tlomino
847 2509 958 2555 toto
993 2507 1213 2566 pectore
1245 2490 1519 2551 studebat,
1549 2487 1790 2553 adeoque
1813 2499 1838 2536 a
1873 2496 1998 2535 vera

431 2597 737 2668 imperatori
765 2588 1070 2648 consulendi
1094 2582 1497 2648 voluntatclhmc
1516 2578 1654 2645 ejus,
1673 2589 1830 2644 quam
1850 2572 1913 2625 ad
1935 2571 2000 2624 il-

2177 1292 2238 1344 Ὀ
2262 1292 2316 1345 δὲ
2352 1290 2719 1360 αὐτοκράτωρ
2742 1287 2846 1341 ὐπὸ
2878 1287 2968 1340 τοῦ
3012 1286 3328 1355 συνέχοντος
3379 1282 3563 1349 αὐτὸν,
3595 1282 3669 1347 ὥς

2092 1385 2248 1454 ἔφην,
2275 1385 2463 1454 ῥίγους
2519 1381 2840 1452 βιαζόμενος
2877 1379 3193 1446 κατεκλίθη,
3246 1376 3446 1445 μικρὸν
3479 1377 3669 1429 ἑαυτὸν

2093 1478 2557 1547 ἀνακτησόμενος.
2631 1474 2773 1526 Ἀλλ’
2836 1475 2983 1542 ὅμως
3047 1469 3155 1522 οὐδ’
3223 1468 3396 1532 οὕτως
3453 1469 3671 1539 ἠρέμει,

2096 1565 2465 1635 σκεπτόμενος
2492 1564 2541 1617 τί
2576 1562 2643 1617 ἂν
2669 1563 2775 1634 χρὴ
2811 1561 2899 1615 τὸν
2929 1562 2975 1593 ⁸⁸
3000 1558 3190 1629 αὔριον
3218 1559 3464 1628 ποιῆσαι.
3494 1560 3671 1628 Προσ-

2098 1656 2271 1710 ελθὼν
2307 1656 2364 1709 δ’
2403 1658 2431 1709 ὀ
2474 1655 2764 1725 Τατράνης
2823 1649 3160 1724 [Τραγάνης]
3212 1648 3448 1721 (Σκύθης
3486 1647 3542 1700 δὲ
3578 1642 3670 1700 οὗ·

2092 1767 2183 1815 τος
2212 1752 2239 1804 ὁ
2260 1750 2400 1821 ἀνὴρ
2424 1749 2682 1810 πολλάκις
2713 1746 3093 1816 αὐτομολήσας
3121 1743 3256 1811 πρὸς
3283 1741 3373 1794 τὸν
3400 1741 3671 1809 αὐτοκρὰο

2094 1860 2229 1913 τορα
2251 1842 2343 1897 καὶ
2367 1840 2814 1910 παλινδρομήσας
2843 1835 2998 1898 αὖθις
3021 1835 3228 1899 οἴκαδε,
3264 1833 3359 1887 καὶ
3405 1833 3642 1886 τοσαυτά

2096 1952 2182 1995 xi;
2207 1933 2252 1965 ⁸³
2270 1936 2398 2004 παρ’
2416 1931 2578 1985 αὐτοῦ
2609 1929 2949 1999 συμπαθείας
2972 1926 3240 1992 ἀξιωθεὶς,
3269 1930 3360 1979 καὶ
3390 1926 3558 1979 πολὺν
3585 1926 3676 1977 τὶν

2096 2025 2262 2078 πόθον
2291 2027 2368 2086 εἰς
2393 2022 2554 2076 αὐτὸν
2593 2022 2680 2075 διὰ
2712 2022 2809 2090 τὴν
2839 2019 3107 2089 τοσαύτην
3134 2018 3484 2084 ἀνεξικακίαν
3512 2018 3672 2086 ἐσχη-

2081 2114 2350 2184 .κὼς),τὰ
2406 2114 2546 2186 ὑπὲρ
2606 2111 2773 2166 αὐτοῦ
2827 2110 2923 2181 ὅλῃ
2978 2109 3128 2180 ψυχῇ
3190 2110 3283 2162 καὶ
3317 2108 3530 2179 φρονῶν
3582 2107 3676 2160 καὶ

2099 2207 2643 2280 πραγματευόμενος,
2675 2204 2779 2274 ἔφη
2805 2218 2819 2233 ⁸
2860 2202 3063 2268 Ἐλπίς
3093 2201 3230 2255 ἐστι’
3238 2216 3361 2270 μοι,
3386 2196 3674 2263 βασιλεῖ’,

2100 2302 2252 2356 κατὰ
2272 2299 2388 2368 τὴν
2426 2298 2637 2367 αὔριον
2671 2297 2808 2362 τοὺς
2852 2297 3089 2360 Σκύθας
3142 2291 3463 2347 κυκλῶσαι
3500 2289 3678 2360 ἡμᾶς.

2102 2394 2198 2446 καί
2243 2392 2396 2445 οὕτω
2427 2391 2536 2443 τὸν
2570 2389 2701 2457 μεθ’
2731 2387 2900 2456 ἡμῶν
2961 2382 3331 2451 ἀναζητῆσαι
3384 2383 3675 2450 πόλεμον.

2101 2485 2223 2554 Χρὴ
2252 2486 2464 2538 τοίνυν
2499 2483 2913 2550 προλαϐόντας
2946 2479 3062 2542 ἔξω
3090 2475 3206 2529 τῶν
3233 2474 3447 2544 τειχῶν
3485 2477 3675 2543 αὐγα-

2103 2578 2324 2643 ζούσης
2412 2576 2638 2644 ἡμέρας
2703 2572 3177 2641 παρατάξασθαι.
3246 2567 3569 2630 Ἐπαινέσας
3625 2566 3678 2619 δὲ

431 2643 737 2668 ...Ὗ--.-πη
771 2643 789 2648 -
1371 2643 1383 2648 _
1548 2643 1558 2645 ἡ

430 2696 537 2746 lunt
555 2700 665 2742 tum
680 2684 886 2746 habttit,
903 2679 1342 2750 prolicisceluttur
1362 2672 1533 2723 oratio
1552 2686 1565 2721 :
1586 2667 1704 2720 Non
1719 2682 1855 2718 vana
1875 2663 2002 2715 mihi

2114 2673 2293 2725 τοῦτον
2321 2668 2364 2701 ⁸⁸
2389 2671 2415 2722 ὁ
2449 2643 2701 2738 βασιλεὺς
2741 2667 2834 2720 καί⁵
2882 2664 3289 2734 ἀποδεξάμενος
3325 2662 3425 2731 τῆς
3460 2660 3677 2731 βουλῆς,

435 2782 611 2851 opinio
655 2785 767 2839 est,
798 2774 1054 2840 Anguste,
1092 2766 1314 2834 Scythas
1358 2762 1413 2813 in
1438 2760 1613 2812 animo
1652 2755 1844 2809 habere
1886 2769 2005 2807 cras

433 2848 843 2928 circumcludere
874 2880 962 2915 nos
998 2871 1041 2913 et
1071 2861 1142 2912 sic
1174 2855 1441 2909 nobiscum
1474 2851 1614 2904 omni
1640 2866 1701 2902 ex
1723 2857 1874 2916 parte
1904 2848 2005 2899 cir-

435 2957 717 3017 cumventis
748 2953 991 3025 pra'lium
1014 2961 1301 3014 capessere.
1334 2943 1478 3013 Opus
1508 2942 1669 3011 igitur
1698 2949 1772 2993 est
1796 2937 2006 3007 prodire

434 3070 526 3108 nos
549 3048 796 3105 mwnibus
817 3043 1144 3098 illucescente
1166 3039 1270 3101 die,
1292 3048 1336 3091 et
1360 3037 1525 3088 aciem
1550 3035 1603 3087 in
1626 3049 1806 3099 campo
1832 3041 2005 3084 struc-

436 3159 542 3207 tam
565 3143 750 3211 σθέντα
776 3135 1034 3198 hostibus,
1054 3135 1121 3185 ad
1145 3130 1287 3184 istud
1313 3128 1659 3195 perniciosum
1689 3124 1835 3176 nobis
1869 3123 2006 3191 quod

436 3237 548 3290 dixi
576 3231 847 3286 ronsilium
877 3212 1285 3296 prmuertendiun
1319 3218 1843 3286 disturbandumque.
1867 3212 2009 3269 Lan-

437 3328 585 3385 davit
626 3324 798 3377 virum
848 3308 1522 3385 imperator,prohatoque
1566 3319 1728 3376 atque
1783 3313 2009 3373 accepto

438 3418 666 3476 consilio
713 3398 946 3485 ejusfse
971 3411 1041 3463 ita
1092 3422 1150 3461 ut
1181 3403 1442 3461 suadebat
1495 3400 1754 3471 postridie
1799 3399 2009 3451 oriente

440 3513 555 3568 Sole
576 3509 842 3564 facturum
871 3501 1096 3568 recepit.
1121 3498 1385 3554 Tatranes
1414 3495 1497 3547 his
1520 3493 1677 3546 dictis
1698 3489 2009 3559 auditisque

444 3606 607 3656 duces
629 3596 952 3668 Scytharum
989 3591 1178 3643 adiens
1208 3586 1472 3638 allocutus
1508 3584 1559 3636 in
1617 3584 1757 3635 hunc
1793 3579 2010 3633 modum

445 3708 526 3749 est
557 3711 569 3747 :
608 3700 687 3744 Ne
718 3684 1012 3757 e/feramini
1038 3691 1244 3752 promer
1269 3679 1513 3732 victorias
1535 3691 1667 3746 quas
1697 3676 1759 3727 de
1787 3675 2013 3741 impera-

448 3799 559 3841 tore
588 3782 916 3850 reportastis,
948 3792 1109 3847 neque
1142 3773 1279 3842 quod
1304 3787 1497 3834 paucos
1530 3786 1620 3822 nos
1656 3784 1764 3820 esse
1797 3765 2015 3819 ridea:is

445 3890 712 3950 propterea
745 3886 970 3942 pugnant
1005 3867 1278 3921 nobiscum
1310 3861 1447 3917 vbbis
1483 3863 1550 3915 ad
1582 3860 1854 3914 victoriam
1892 3873 2016 3927 pro-

446 3986 709 4028 cessuram
761 3976 899 4020 cerlu
930 3964 1125 4033 ﬁducia
1154 3952 1485 4028 'pra'sumile.
1525 3952 1653 4010 Cum
1701 3955 2017 4016 imperatore

448 4062 627 4115 invicti
669 4057 868 4111 roboris
931 4066 1085 4123 atque
1127 4051 1290 4104 animi
1329 4049 1471 4101 vobis
1518 4062 1599 4099 res
1630 4055 1731 4112 est;
1772 4060 1860 4096 nec
1892 4043 2015 4095 duci

449 4152 594 4205 ntit'es
629 4148 816 4202 deerit.
862 4143 1060 4199 Scitote
1089 4140 1226 4194 enim
1270 4140 1498 4208 ingentes
1541 4135 1785 4188 conducti
1834 4134 2018 4186 militis

448 4246 624 4314 copias
657 4243 710 4294 in
736 4239 918 4293 itinere
949 4250 1082 4299 esse,
1115 4232 1258 4286 nobis
1279 4228 1921 4300 propediemjnngendas.
1952 4224 2016 4278 Id

449 4346 494 4390 et
527 4348 666 4389 certo
712 4332 810 4387 erit
845 4342 863 4382 :
898 4339 943 4381 et
981 4324 1140 4379 simul
1178 4323 1358 4391 fuerit,
1392 4337 1466 4375 va:
1492 4322 1664 4384 vobis;
1713 4320 1816 4372 nisi
1873 4319 2019 4383 prius

451 4443 578 4496 pace
625 4423 913 4485 composita
964 4420 1114 4472 rebus
1160 4415 1340 4469 vestris
1386 4411 1736 4482 provideritis,
1789 4411 2021 4479 profecto

455 4525 626 4572 vestra
658 4514 911 4566 cadavera
962 4506 1253 4563 vulturibus
1285 4503 1465 4573 epulas
1496 4503 1719 4556 dabunt.
1764 4502 1889 4556 Hcce
1917 4499 2024 4554 Ta—

458 4620 642 4662 traues
668 4604 732 4657 ad
765 4601 1015 4672 Scythas.
1042 4599 1109 4651 At
1143 4597 1435 4665 imperator
1459 4592 1812 4646 licentissimc
1840 4592 2025 4660 palan-

424 4744 428 4749 .
457 4715 536 4755 tes
568 4707 677 4752 tota
711 4690 873 4764 214
907 4690 1100 4760 passim
1148 4686 1366 4755 planitie
1402 4681 1825 4738 innumerabiles
1857 4696 2026 4750 equos

459 4788 805 4843 barbarorum
855 4782 942 4834 diu
974 4784 1244 4844 noctuque
1272 4773 1389 4827 sine
1411 4769 1717 4825 cessatione
1752 4767 1856 4820 ulla
1889 4781 2026 4836 prae-

455 4877 703 4935 dantium
733 4872 947 4940 abigere
980 4869 1261 4929 meditans,
1294 4864 1590 4919 accersitos
1624 4858 1789 4916 Uzom
1825 4868 1878 4913 et
1908 4858 2026 4911 Μο-

459 4981 696 5028 nastram
717 4964 879 5036 jussit
902 4977 1023 5016 cum
1045 4959 1198 5014 lectis
1222 4957 1498 5027 equitibus
1517 4968 1611 5024 per
1630 4961 1844 5008 noctem
1869 4964 2028 5018 capto

460 5063 687 5120 circuitu
747 5055 976 5127 Scythas
1037 5067 1067 5107 a
1115 5058 1269 5118 tergo
1312 5047 1517 5103 adoriri
1564 5045 1666 5100 sub
1709 5043 2026 5103 diluculum,

462 5151 821 5227 progrcdiqne
856 5148 908 5201 in
946 5144 1248 5214 planitiem,
1277 5140 1431 5208 equis
1458 5147 1513 5191 et
1536 5136 1796 5206 iumentis
1822 5148 1942 5204 qua:
1978 5134 2027 5185 in

464 5264 525 5301 ea
584 5244 875 5314 pascebant
934 5235 1183 5291 omnibus
1237 5247 1341 5285 una
1393 5246 1513 5284 cum
1569 5228 1877 5298 pastoribus
1923 5240 2033 5296 pne

2109 2763 2361 2816 συνέθετο
2393 2761 2545 2832 ἡλίου
2571 2762 2891 2829 ἀνίσχοντος
2930 2758 3108 2827 πέρας
3134 2754 3339 2824 ταύτην
3367 2752 3583 2805 λαὸεῖν.
3622 2752 3682 2803 '0

2106 2855 2161 2909 δὲ
2191 2854 2342 2909 ταῦτ’
2373 2853 2564 2918 εἰπὼν,
2596 2852 2846 2905 ἀπελθὼν
2870 2848 3095 2902 τοιαῦτα
3129 2846 3264 2913 πρὸς
3293 2845 3421 2907 τοὺς
3471 2842 3680 2914 ἡγεμό-

3207 2939 3304 3004 Μὴ
3360 2936 3684 3006 ἐπαίρεσθε

2109 3040 2206 3094 διὰ
2227 3041 2330 3105 τὰς
2345 3037 2867 3110 προγεγενημένας
2892 3036 3071 3101 ἥττας
3094 3033 3200 3088 τοῦ
3216 3030 3681 3101 αὐτοκράτορος,

2105 3132 2260 3204 μηδὲ
2290 3131 2648 3202 ὀλιγοστοὺς
2684 3128 2939 3197 ὁρῶντες
2982 3126 3140 3195 ἡμᾶς
3202 3124 3317 3192 τὴν
3355 3124 3486 3194 μεθ’
3521 3122 3687 3192 ἡμῶν

2109 3223 2361 3291 ἀγαθαῖς
2434 3223 2643 3276 ἐλπίσι
2684 3219 2951 3289 θαρρεῖτε
2973 3217 3203 3288 μάχην.
3248 3216 3515 3284 Ἀμαχος
3573 3213 3689 3279 τὴν·

2114 3316 2297 3383 ίσχύν
2324 3316 2494 3369 ἐστιν
2512 3317 2544 3368 ό
2561 3313 2790 3381 κρατῶν
2807 3313 2899 3365 καὶ
2919 3310 3077 3364 πολὺ
3091 3308 3525 3379 μισθοφορικόν
3537 3307 3691 3360 ὅσον

2112 3408 2228 3477 ἤδη
2262 3405 2558 3467 ἐλπίζεται
2588 3404 2965 3459 καταλαϐεῖν.
3026 3403 3131 3457 Kal
3163 3404 3214 3455 εί
3242 3401 3329 3470 μὴ
3391 3398 3509 3467 τὴν
3559 3399 3690 3468 μετ’

2113 3499 2302 3554 αὐτοῦ
2374 3499 2628 3567 είρήνην
2686 3497 3036 3562 σπείσησθε,
3090 3493 3160 3547 τὰ
3210 3492 3455 3560 σώματα
3523 3487 3692 3559 ὑμῶν

2113 3591 2309 3645 οίωνοὶ
2340 3590 2597 3644 ἔδονται.
2629 3587 2864 3641 Τοιαῦτα
2902 3589 3000 3657 μὲν
3026 3586 3095 3638 τὰ
3129 3584 3224 3637 τοῦ
3254 3584 3511 3655 Ταρτάνη
3553 3582 3694 3652 πρὸς

2114 3685 2239 3747 τοὺς
2271 3683 2504 3746 Σκύθας.
2550 3684 2608 3735 Ὀ
2630 3681 2686 3734 δέ
2712 3698 2775 3749 γε
2811 3678 3173 3750 αὐτοκράτωρ
3210 3676 3516 3746 μελετήσας
3561 3676 3690 3735 τοὺς

2119 3774 2258 3828 κατά
2288 3774 2510 3826 πεδιάδα
2530 3774 2863 3844 νεμομένους
2886 3771 3089 3833 ἵππους
3117 3769 3297 3844 αὐτῶν
3322 3766 3692 3821 ἀναλαϐέσθαι

2119 3862 2285 3937 (ἦσαν
2310 3865 2367 3918 δὲ
2401 3862 2770 3936 παμπληθεῖς)
2812 3862 3151 3934 ληϊζομένων
3177 3859 3445 3930 ὁσημέραι
3476 3857 3577 3920 τὰς
3601 3859 3696 3911 v9-

2122 3976 2259 4018 κτας
2286 3957 2382 4028 τὴν
2419 3957 2705 4027 ἡμεδαπὴν
2738 3956 2942 4026 χώραν,
2984 3952 3480 4024 μεταπεμψάμενος
3498 3951 3595 4005 τόν
3632 3968 3697 4003 τε.

2121 4051 2298 4114 Οὐζᾶν
2321 4049 2414 4102 καὶ
2431 4049 2520 4101 τὸν
2541 4049 2889 4116 Μοναστρᾶν,
2910 4045 3188 4115 ἐπέσκηψε
3210 4044 3328 4113 μεθ’
3363 4044 3579 4096 ἱππέων
3601 4043 3711 4095 ὲκ-’

2121 4142 2323 4211 κρίτων
2359 4140 2419 4204 ἐξ
2445 4139 2711 4193 ὀπισθίων
2766 4139 2876 4190 τῶν
2910 4137 3132 4191 Σκυθῶν
3181 4136 3492 4198 διελθόντας
3552 4140 3705 4189 κατὰ

2122 4235 2183 4286 τὸ
2213 4231 2560 4304 περίορθρον,
2613 4231 2710 4293 τὰς
2736 4229 2989 4292 πεδιάδας
3019 4227 3362 4294 καταλαϐεῖν,
3418 4226 3515 4280 καὶ
3567 4229 3706 4288 τοὺς

2125 4327 2325 4389 ἵππους
2358 4326 2603 4385 ἅπαντας
2635 4322 2727 4375 καὶ
2754 4320 2824 4373 τὰ
2846 4318 2981 4375 ἄλλοι
3012 4322 3185 4390 κτήνη
3213 4319 3310 4371 σὺν
3360 4317 3545 4380 αὐτοῖς
3614 4334 3710 4371 νο-

2128 4414 2316 4484 μεῦσιν
2341 4411 2704 4467 ἀναλαὸἐσθαι
2730 4410 2824 4465 καὶ
2843 4409 2918 4480 μὴ
2947 4408 3174 4463 δεδιέναι
3204 4406 3609 4477 παρεκελεύετο
3633 4408 3709 4460 ⁸⁸.

2137 4503 2335 4573 Ἦμῶν
2367 4504 2475 4572 γὰρ
2506 4504 2656 4556 κατὰ
2709 4501 3033 4567 πρόσωπον
3077 4498 3281 4565 αὐτοῖς
3315 4499 3707 4568 μαχομένων,

2126 4594 2297 4664 ὑμεῖς
2313 4593 2536 4661 ῥᾳδίως
2558 4590 2625 4645 τὸ
2655 4588 2989 4644 κελευσθὲν
3021 4588 3461 4655 ἑκπληρώσετε.
3526 4588 3711 4641 Οὐδαο

2131 4687 2247 4755 μῶς
2279 4684 2333 4737 δὲ
2358 4683 2452 4738 τοῦ
2475 4682 2679 4737 σκοποῦ
2736 4681 3134 4753 διημάρτηκεν.
3181 4680 3240 4734 ’0
3274 4681 3383 4751 γὰρ
3413 4679 3572 4750 λόγος
3613 4679 3713 4751 ερ-

2128 4792 2223 4843 γον
2251 4775 2412 4839 εὐθὺς
2442 4773 2907 4844 ὲγεγόνει.Αὐτὸς
2937 4773 2995 4825 δὲ
3046 4773 3147 4845 τὴν
3197 4773 3317 4826 κατ’
3373 4771 3542 4826 αὐτοῦ
3594 4772 3716 4825 τῶν

2131 4867 2354 4920 Σκυθῶν
2404 4865 2689 4918 ὲπέλευσιν
2761 4863 3124 4935 προσδόκιμον
3168 4862 3329 4933 ἔχων,
3379 4863 3482 4916 οὐκ
3532 4861 3713 4915 ἐδίδου

2133 4961 2303 5012 ὕπνον
2329 4961 2438 5021 τοῖς
2466 4957 2791 5027 ὀφθαλμοῖς,
2829 4955 2937 5009 οὐδ’
2981 4956 3357 5018 ὲπινυστὰζων
3415 4955 3555 5018 ὅλως
3616 4949 3715 5025 ἦν.

2145 5051 2305 5105 Ἀλλὰ
2329 5049 2826 5120 μεταπεμπόμενος
2854 5047 2922 5101 δι’
2949 5046 3078 5115 ὅλης
3113 5047 3307 5110 νυκτὸς
3357 5046 3485 5109 τοὺς
3538 5061 3719 5113 στρα-

2131 5142 2354 5208 τιώτας,
2397 5141 2491 5195 καὶ
2543 5139 2744 5210 μᾶλλον
2800 5139 2929 5202 τοὺς
2984 5138 3085 5207 τῆς
3111 5136 3331 5202 τοξείας
3389 5137 3718 5207 εἰδήμονας,

2135 5232 2306 5287 πολλὰ
2332 5234 2459 5304 περὶ
2511 5232 2621 5286 τῶν
2683 5230 2906 5284 Σκυθῶν
2952 5229 3171 5299 ὡμίλει,
3231 5228 3547 5297 ὲπαλείφων
3599 5225 3723 5283 οἷον

2107 2964 2204 3009 νας
2250 2946 2653 3015 ἀπεστομάτισε
2680 2964 2693 2971 ι
2715 2943 2820 2995 τῶν
2873 2940 3093 2993 Σκυθῶν
3117 2955 3130 2969 ·

465 5355 524 5394 se
551 5335 777 5390 abactis.
821 5329 933 5384 Nec
984 5330 1047 5382 de
1086 5340 1326 5379 successu
1365 5322 1758 5385 dubitaveritis,
1819 5319 1997 5373 aiebat

2142 5327 2360 5391 αὐτοὺς,
2382 5333 2477 5379 καὶ
2507 5328 2576 5379 τὰ
2607 5323 2931 5378 συνοίσαντα
2954 5322 3090 5392 πρὸς
3113 5321 3214 5391 τὴν
3239 5320 3614 5391 ἐλπιζομένην
3663 5322 3722 5381 ἐς

466 5430 610 5483 nobis
641 5429 773 5481 enim
799 5440 863 5478 ea:
887 5421 1101 5477 adverso
1130 5429 1370 5472 conserta
1387 5432 1563 5486 pugna
1591 5412 1814 5484 Scythas
1838 5430 1868 5465 a
1896 5411 2030 5478 facie

467 5519 831 5574 distineatibus
856 5556 871 5583 ,
922 5531 1023 5568 non
1052 5512 1238 5582 poterit
1281 5526 1384 5563 non
1418 5517 1562 5562 tutus
1615 5521 1724 5560 esse
1750 5522 1811 5558 ac
1850 5504 2028 5572 facilis

2143 5419 2320 5475 νέωτα
2352 5418 2533 5488 μάχην
2567 5414 2978 5487 ξυμϐουλεύων,
3010 5415 3157 5477 ὅπως
3176 5412 3259 5466 δεῖ
3296 5411 3449 5479 τόξον
3488 5412 3723 5476 τείνειν,

2143 5510 2237 5565 καὶ
2268 5509 2397 5582 βέλη
2422 5514 2687 5580 πέμπειν,
2731 5506 2876 5560 ἐστιν
2902 5499 2965 5560 οὐ
2999 5505 3091 5559 καὶ
3124 5506 3254 5568 τοὺς
3320 5503 3523 5568 ἵππους
3583 5503 3726 5557 ἁνα-

1498 5646 1704 5708 Variee
1741 5644 2049 5709 lectiones
2083 5662 2161 5706 ex
2194 5644 2334 5708 cod.
2367 5643 2637 5708 Coislin.

540 5782 586 5815 "
617 5783 739 5841 τήν.
815 5783 859 5816 ⁸⁸
889 5782 1178 5851 τοσαύτης.
1257 5778 1303 5811 ⁸⁸
1331 5776 1513 5836 τοῦτο.
1569 5777 1639 5853 κ⁶⁸
1670 5772 2135 5846 παρεκελεύσατο.
