4024 6270
342 428 450 490 593

1569 429 1982 491 ALEXIADIS
2014 429 2160 490 LiB.
2187 431 2256 489 Vl
2277 433 2322 491 ῐ.

3470 429 3572 490 ﬁgi

332 540 632 609 σειράζειν,
695 539 791 592 καὶ
845 536 1001 600 αὖθις
1045 539 1306 593 ἐνδιδόναι
1364 539 1452 591 τὸν
1507 539 1745 608 χαλινὸν,
1805 536 1899 588 καὶ

2004 537 2142 592 vobis
2176 539 2398 606 impetus
2434 541 2486 592 in
2522 540 2729 593 eosdem
2763 557 2792 593 a
2839 549 2979 609 (ergo
3024 539 3218 608 factus,
3260 540 3572 608 improvisus

329 629 646 682 ἀποϐαίνειν
688 628 796 680 τῶν
857 628 1062 694 ἵππων,
1122 629 1169 680 εί
1224 631 1317 682 καὶ
1368 628 1526 682 τοῦτο
1556 628 1686 698 χρή.
1739 627 1902 680 Ἀλλά

327 719 503 772 ταῦτα
536 720 637 788 μὲν
670 722 737 774 τά
766 723 863 788 τῆς
889 721 1079 784 νυκτὸς
1108 720 1265 791 ἔργα.
1296 722 1510 793 Μικρὸν
1539 723 1596 775 δὲ
1624 721 1902 787 ὑπνώσας,

329 813 450 865 ἐπεὶ
489 813 591 881 τῆς
621 813 835 882 ἡμέρας
882 813 981 884 ήδη
1043 813 1447 884 ὲπιφωσκώσης
1481 816 1526 845 ⁶⁶
1576 816 1624 867 oi
1683 814 1902 881 λογάδες

329 903 568 965 ἅπαντες
601 903 710 956 τῶν
771 904 994 957 Σκυθῶν
1041 905 1531 973 διαπεραιωθέντες
1582 905 1674 958 τὸν
1731 921 1901 957 ποταο

331 996 432 1063 μὸν
461 997 526 1050 ⁸⁷.
565 1035 580 1050 .
621 1037 635 1051 .
670 997 762 1050 τὸν
796 999 1030 1069 πόλεμον
1053 999 1342 1068 ἀναζητεῖν
1373 997 1642 1067 ἐῴκεσαν,
1675 998 1769 1050 καὶ
1800 997 1899 1068 ἤδη

327 1087 503 1157 πέρας
555 1087 583 1139 ὁ
639 1087 734 1140 τοῦ
794 1089 1200 1158 αὐτοκράτορος
1259 1087 1531 1158 ἐλάμϐανε
1598 1088 1902 1157 στοχασμὸς

329 1179 524 1249 (δεινὸς
572 1181 682 1252 γὰρ
727 1177 796 1249 ἦν
854 1182 1173 1252 προϊδέσθαι
1217 1182 1276 1235 τὸ
1339 1183 1553 1252 μέλλον,
1610 1180 1902 1251 ἐμπειρίαν

327 1272 530 1340 πολλὴν
571 1275 637 1342 τῇ
701 1279 996 1342 πυκνότητι
1053 1274 1163 1326 τῶν
1222 1276 1491 1343 ὁσημέραι
1549 1275 1669 1327 κατ’
1734 1272 1900 1327 αὑτοῦ

326 1362 778 1432 ἐπανισταμένων
807 1363 1054 1432 πολέμων
1081 1363 1283 1424 λαϐὼν)
1316 1365 1510 1427 ἐπιϐὰς
1555 1366 1902 1435 παραχρῆμα

325 1453 419 1506 τοῦ
453 1455 648 1518 ἵππου,
670 1456 770 1524 τὴν
831 1455 1079 1509 ἐνυάλιον
1118 1457 1327 1528 ὴχῆσαι
1376 1455 1712 1524 προσέταττε
1777 1456 1904 1507 σάλ-

325 1563 522 1614 πιγγα,
553 1547 648 1600 κα)⁸
701 1547 800 1610 τὰς
847 1549 1134 1617 φάλαγγας
1189 1550 1676 1618 καταστησάμενος
1738 1549 1902 1612 αὐτὸς

324 1639 418 1690 ἐπὶ
449 1639 542 1690 τοῦ
579 1639 834 1708 μετώπου
864 1641 1129 1708 εἱστήκει.
1170 1639 1344 1710 Ὁρῶν
1397 1639 1452 1691 δὲ
1513 1640 1637 1702 τοὺς
1691 1639 1902 1702 Σκύθας

328 1728 668 1798 ἰταμώτερον
709 1729 740 1797 ἢ
789 1729 1058 1799 πρότερον
1119 1729 1760 1798 ἐπικαταλαμϐάνοντας,
1806 1747 1902 1781 παρ

326 1821 588 1889 ραχρῆμα
618 1820 741 1882 τοὺς
772 1821 872 1888 τῆς
904 1819 1116 1883 τοξείας
1140 1821 1434 1888 είδήμονας
1471 1821 1747 1886 ἅττ-,ϐῆναι
1791 1821 1902 1871 τῶν

325 1914 511 1965 ἵππων
541 1913 636 1964 καὶ
673 1911 844 1982 βάδην
879 1914 1000 1966 κατ’
1026 1913 1209 1965 αὐτῶν
1241 1913 1384 1966 ἰέναι
1422 1913 1758 1981 ἐπέσκηψεν,
1803 1913 1898 1964 καὶ

327 2006 525 2073 συνεχῆ
549 2005 618 2057 τὰ
652 2005 781 2068 τόξα
805 2005 1002 2057 τείνειν
1021 2022 1034 2036 ·
1064 2006 1122 2056 τὸ
1145 2005 1201 2058 δέ
1231 2023 1292 2072 γε
1325 2005 1511 2058 λοιπὸν
1543 2003 1902 2071 παρατάξεως

324 2095 553 2148 κατόπιν
576 2094 778 2148 τούτων
805 2096 913 2148 ἵέτο
941 2097 1033 2148 καὶ
1069 2096 1229 2158 αὐτὸς
1253 2097 1280 2148 ὁ
1313 2095 1672 2165 αὐτοκράτωρ
1704 2095 1764 2146 τὸ
1801 2095 1903 2162 μέ-

325 2204 416 2239 σον
438 2187 642 2240 διέπων
667 2186 764 2240 τοῦ
801 2187 1236 2256 στρατεύματος.
1294 2190 1354 2239 ΟΞ
1383 2187 1440 2238 δὲ
1489 2188 1601 2246 τοῖς
1659 2185 1900 2248 Σκύθαις

328 2277 468 2347 μετᾶ
501 2277 706 2346 τόλμης
737 2277 1092 2346 προσέϐαλον.
1153 2279 1440 2347 Καρτερᾶς
1475 2277 1531 2329 δὲ
1563 2278 1658 2345 τῆς
1723 2279 1900 2346 μάχης

324 2373 634 2440 γεγονυίας,
669 2373 730 2424 τὸ
754 2373 852 2438 μὲν
884 2373 982 2442 τὴν
1016 2373 1330 2441 πυκνότητα
1377 2373 1486 2424 τῶν
1525 2371 1720 2440 βελῶν,
1761 2371 1818 2422 τὸ
1845 2371 1900 2423 δὲ

325 2464 544 2516 καὶτὸν
595 2463 690 2516 τοῦ
742 2462 1058 2532 Ῥωμαῖκοῦ
1079 2466 1460 2530 συντάγματος
1517 2463 1898 2530 συνασπισμδν

324 2557 582 2626 ἐρῶντες,
620 2557 716 2610 καὶ
753 2557 917 2610 αὑτὸν
959 2556 1022 2626 δὴ
1083 2555 1174 2607 τὸν
1217 2555 1596 2624 αὐτοκράτορα
1640 2553 1899 2623 ἐκθύμως

331 2650 671 2720 μαχόμενον,
707 2649 1205 2720 ἐκδειματωθέντες
1271 2649 1707 2718 παλιμπὸρευτοι
1743 2649 1900 2714 γεγό-

325 2761 444 2796 νασι
476 2744 566 2796 τον
593 2744 857 2812 ποταμὸν,
905 2745 983 2805 είς
1021 2743 1270 2795 τούπίσω
1330 2741 1655 2803 σπεύδοντες
1705 2741 1898 2793 διαπε-

327 2838 422 2906 ρᾷν
455 2836 592 2906 πρὸς
617 2835 715 2897 τὰς
748 2835 896 2904 σφῶν
929 2834 1263 2904 ἁρμαμάξας
1309 2833 1408 2901 τὴν
1469 2835 1647 2904 φυγὴν
1714 2832 1900 2885 ποιού-

327 2943 497 2992 μενοι.
546 2927 802 2980 Ἐδέωκον
844 2927 951 2996 γὰρ
999 2926 1154 2988 ὅλους
1219 2925 1457 2997 ροτῆρας
1518 2926 1560 2955 ⁸⁸
1595 2925 1825 2993 ἀφέντες
1851 2925 1899 2976 οἱ

321 3020 413 3088 τῆς
495 3020 813 3090 Ῥωμαῖκῆς
859 3020 904 3052 ⁵⁸
965 3018 1263 3086 φάλαγγος,
1320 3019 1369 3068 οἱ
1423 3018 1522 3088 μὲν
1555 3020 1666 3080 τοῖς
1713 3018 1900 3086 δόρασι

324 3112 465 3164 κατά
493 3111 606 3164 τῶν
635 3111 992 3183 μεταφρένων
1020 3111 1297 3172 παίοντες,
1333 3110 1382 3160 οἱ
1437 3109 1494 3161 δὲ
1545 3113 1656 3172 τοῖς
1716 3109 1898 3178 βέλεσι

2005 632 2122 684 item
2155 641 2201 684 et
2239 635 2524 685 vehemens.
2568 631 2782 686 Dictum
2805 672 2818 694 ,
2869 631 3090 686 factum.
3123 631 3232 686 Nec
3298 632 3576 686 exseCutio

2007 737 2301 793 praecepto,
2331 742 2432 780 nec
2467 730 2680 796 incepto
2704 727 3007 781 destinatus
3037 726 3212 779 exitus
3245 725 3438 779 deluit.
3475 726 3579 779 Ev-

2008 820 2207 888 Iemplo
2239 819 2512 888 Augustus
2543 819 2594 871 in
2642 829 2851 887 partem
2878 817 3060 886 operis
3085 818 3186 871 sibi
3237 818 3574 886 desumptam

2005 911 2245 964 intentus
2277 912 2340 962 ad
2377 910 2588 962 fortiter
2608 909 2957 977 excipiendos
2987 923 3125 978 quos
3153 907 3206 962 in
3240 923 3298 961 se
3330 915 3576 962 avertere

2005 1017 2125 1057 cras
2153 1003 2377 1073 parabat
2399 1001 2629 1073 Scythas
2654 1017 2836 1055 curam
2855 1015 3068 1055 omnem
3094 1017 3155 1055 ac
3171 1001 3572 1054 contentionem

2003 1097 2188 1150 vertit.
2224 1096 2480 1151 Somnum
2532 1096 2618 1150 illa
2652 1105 2806 1150 nocte
2837 1111 2939 1149 non
2977 1096 3147 1158 vidit,
3198 1107 3260 1148 ac
3290 1109 3354 1148 ne
3380 1095 3572 1148 conni-

2005 1203 2130 1244 vere
2159 1188 2372 1256 quidem
2414 1188 2720 1255 palpebram
2749 1203 2938 1260 passus
2969 1197 3086 1251 est,
3120 1194 3264 1240 totus
3308 1185 3362 1239 in
3393 1200 3577 1238 accer-

2006 1281 2188 1334 sendis
2213 1318 2228 1342 ,
2266 1278 2654 1333 conﬁrmandis
2673 1319 2688 1340 ,
2733 1277 3250 1346 commonendisque
3277 1277 3539 1330 militibus
3559 1315 3575 1335 .

1998 1371 2389 1443 jaeulatoribus
2407 1372 2706 1440 praesertim
2732 1371 2927 1440 quibus
2948 1369 3295 1438 praecipiebat
3320 1369 3483 1422 multa
3510 1368 3577 1421 ad

2005 1479 2158 1516 usum
2193 1479 2385 1530 pugnae
2417 1464 2668 1516 crastinze
2691 1503 2707 1528 ,
2737 1463 2801 1516 de
2832 1465 2991 1516 modo
3025 1476 3184 1529 quam
3219 1461 3452 1513 maxime
3479 1473 3578 1512 no-

2004 1554 2161 1607 cendi
2207 1553 2466 1616 barbaris,
2498 1554 2669 1621 deque
2705 1552 2904 1621 optima
2944 1553 3152 1605 ratione
3186 1551 3436 1604 tondendi
3494 1565 3580 1602 ar-

2005 1659 2100 1697 cus
2131 1643 2405 1713 jaculique
2435 1643 2774 1696 collimeandi
2806 1658 2823 1696 :
2854 1659 2953 1697 nec
2975 1642 3195 1696 erudire
3223 1642 3386 1696 verbo
3416 1642 3481 1694 ad
3516 1656 3577 1694 ea

2005 1741 2292 1784 contentus
2350 1729 2508 1784 etiam
2573 1729 2903 1792 exercebat,
2963 1729 3338 1796 formabatque
3393 1744 3576 1792 manu,

2006 1832 2313 1875 monstrans
2345 1822 2506 1874 etiam
2541 1821 2616 1874 uti
2649 1833 2992 1888 compescere
3029 1821 3300 1873 interdum
3335 1821 3579 1884 angustis

2007 1914 2232 1968 habenis
2259 1928 2320 1966 ac
2347 1913 2622 1966 reﬂectere
2653 1922 2926 1980 oporteret
2960 1927 3178 1981 equum,
3211 1921 3262 1964 ut
3293 1913 3579 1964 admittere

2007 2020 2192 2059 rursus
2237 2004 2432 2057 laxatis
2458 2002 2657 2066 frenis,
2685 2013 2742 2055 ut
2771 2003 2942 2072 perite
2974 2005 3328 2072 expediteque
3363 2002 3412 2054 in
3443 2012 3578 2055 tem-

2003 2112 2136 2168 pore
2177 2097 2412 2151 desilire.
2451 2095 2575 2150 llaec
2612 2096 2755 2148 illam
2793 2105 3004 2148 noctem
3038 2095 3379 2162 imperatoris
3415 2110 3576 2162 Opera

2005 2188 2242 2252 fuerunt,
2290 2188 2390 2240 nisi
2438 2188 2576 2254 quod
2611 2185 2711 2240 sub
2767 2185 3001 2254 vigiliam
3036 2197 3332 2239 extremam
3367 2185 3575 2238 modica

2004 2283 2182 2350 quiete
2207 2291 2437 2347 smnpta,
2470 2279 2558 2334 die
2585 2279 2958 2333 illuscescente
2985 2280 3187 2332 audivit
3211 2293 3441 2346 moxque
3467 2278 3579 2343 ipse

2003 2375 2138 2426 vidit
2163 2375 2323 2426 duces
2347 2372 2669 2442 Scytharum
2697 2387 2815 2425 cum
2845 2371 3147 2438 instructis,
3181 2381 3235 2425 ut
3260 2372 3574 2440 apparebat,

2004 2467 2069 2519 ad
2101 2466 2345 2535 prmlium
2377 2465 2548 2533 COpiiS
2581 2464 2776 2518 vadere
2808 2464 2858 2517 in
2887 2464 3182 2527 Romanos,
3212 2464 3432 2533 jamque
3465 2473 3576 2517 tra-

1998 2560 2197 2630 jecisse
2225 2557 2464 2610 ﬂuvium.
2500 2556 2591 2611 Sic
2619 2555 2760 2625 quod
2795 2557 3090 2626 imperator
3119 2556 3580 2624 UzzelMonastrm-

2003 2667 2108 2720 que
2132 2650 2369 2703 futurum
2410 2647 2734 2716 praadixerat
2761 2647 2966 2700 evenit.
3010 2646 3073 2699 Et
3104 2662 3298 2701 novum
3327 2645 3376 2698 id
3411 2662 3574 2699 unum

2003 2741 2068 2794 de
2095 2738 2343 2807 plurimis
2373 2739 2802 2806 experimentum
2840 2735 2939 2789 fuit
2971 2737 3185 2790 eximia:
3211 2737 3416 2805 peritia:
3450 2753 3579 2792 con-

2002 2831 2243 2900 jectandi
2286 2838 2539 2894 certoque
2581 2827 2970 2895 pronuntiandi
2997 2829 3060 2880 de
3105 2827 3300 2881 futuris
3332 2826 3454 2880 belli
3487 2843 3578 2880 ea.

2003 2924 2153 2978 sibus
2178 2961 2192 2983 ,
2225 2935 2329 2988 qua
2369 2934 2582 2986 semper
2614 2918 2828 2972 Alexius
2861 2918 3112 2970 cxcelluit
3134 2959 3145 2975 .
3183 2933 3304 2972 eum
3338 2916 3571 2971 fructum

2005 3032 2070 3071 ex
2120 3027 2313 3082 magno
2350 3028 2445 3065 usu
2503 3013 2765 3080 longaque
2816 3021 2869 3066 et
2919 3011 3186 3065 laboriosa
3241 3011 3575 3079 experientia

2009 3122 2185 3159 rerum
2225 3104 2426 3156 militia:
2462 3103 2806 3154 toleratarum
2835 3109 3245 3168 gestarumque,
3283 3102 3423 3154 inter
3446 3101 3577 3156 alios

322 3201 548 3264 τούτους
589 3203 903 3272 βάλλοντες.
934 3202 1130 3255 11ολλοὶ
1162 3203 1260 3270 μὲν
1294 3200 1384 3253 οὖν
1416 3202 1525 3272 πρὸ
1591 3200 1687 3254 τοῦ
1744 3201 1897 3270 παρὰ

2005 3199 2256 3266 adeptus.
2317 3195 2614 3261 reputando
2672 3191 2923 3245 videlicet
2974 3193 3477 3259 comparandoque,
3527 3201 3581 3246 et

321 3296 377 3344 τὶ
407 3296 586 3363 χεῖλος
617 3294 919 3360 ἐφθακέναι
948 3294 1042 3346 τοῦ
1072 3293 1320 3361 ποταμοῦ
1371 3292 1757 3362 ἀναιρεθέντες
1801 3295 1891 3344 πί-

321 3402 535 3451 πτουσι,
570 3385 757 3438 πολλοὶ
812 3386 867 3438 δὲ
902 3387 995 3438 καὶ
1035 3385 1138 3438 ἁνά
1178 3386 1379 3457 κράτος
1435 3385 1728 3452 φεύγοντες
1776 3388 1894 3448 ταῖς

320 3476 490 3539 δίναις
549 3477 925 3544 ἐμπίπτοντες
971 3477 1066 3528 τοῦ
1125 3476 1378 3543 ποταμοῦ
1452 3476 1896 3546 παρασυρόμενοι

321 3571 688 3637 ἀπεπνίγοντο
717 3571 779 3625 ⁷⁰,
833 3569 1230 3638 Ἑκθυμότερον
1256 3569 1311 3621 δὲ
1341 3567 1597 3620 ἁπάντων
1630 3568 1770 3620 κατά
1798 3570 1896 3638 τὴν

319 3663 534 3730 ἡμέραν
581 3661 797 3730 ἐκείνην
855 3662 907 3712 ot
962 3661 1086 3728 περὶ
1138 3661 1227 3712 τὸν
1286 3660 1660 3730 αὐτοκράτορα
1711 3658 1898 3711 διαπο-

320 3753 572 3823 νούμενοι
599 3754 935 3822 θεράποντες
972 3753 1328 3820 ἠγωνίσαντο.
1366 3747 1547 3804 Ἦπαν
1577 3751 1684 3819 γὰρ
1715 3750 1898 3819 ἀκμῇ·

319 3864 408 3910 τες
439 3848 705 3908 ἅπαντες.
726 3849 782 3899 '0
809 3847 864 3898 δέ
894 3863 957 3912 γε
991 3846 1350 3915 αὐτοκράτωρ
1384 3844 1606 3912 ἔκδηλος
1640 3842 1898 3910 ἀριστεὺς

319 3939 457 3988 κατὰ
510 3937 743 4005 ταυτηνὶ
811 3937 910 4006 τὴν
965 3936 1180 4005 ἡμέραν
1235 3934 1600 4000 ἀναδειχθεὶς,
1663 3932 1894 4002 νικητὴς

318 4029 449 4097 πρὸς
481 4029 583 4096 τὴν
609 4027 746 4080 ἰδίαν
768 4027 1117 4098 παρεμϐολὴν
1146 4025 1506 4094 ὑπέστρεψεν.

1995 3289 2311 3344 memoriam
2344 3283 2980 3350 animadversionemque
3027 3281 3240 3336 eunetis
3288 3283 3572 3336 eventibus

1999 3376 2323 3433 adhibendo.
2362 3375 2511 3428 Tune
2543 3390 2672 3444 ergo
2700 3375 2879 3428 statim
2907 3390 3045 3445 equo
3075 3389 3374 3430 conscenso
3417 3375 3577 3428 simul

2001 3472 2296 3542 phalanges
2335 3469 2567 3531 ordinat,
2609 3466 2832 3534 acieque
2867 3466 3134 3532 descripta
3175 3466 3290 3534 ipse
3325 3467 3377 3520 itt
3404 3468 3579 3519 fronte

2008 3563 2181 3616 lorum
2215 3562 2401 3616 sumit.
2437 3560 2564 3614 Inde
2596 3558 3031 3613 animadvertens
3063 3558 3296 3612 ferocius
3330 3558 3572 3609 concita-

2005 3661 2222 3723 tinsque
2252 3655 2413 3710 solito
2474 3653 2656 3706 venire
2709 3650 3330 3720 Scythas,jaeulatores
3381 3649 3577 3717 raptim

2004 3750 2338 3804 exscendere
2360 3763 2423 3800 ex
2461 3745 2804 3814 equisjubet,
2847 3743 3030 3809 sicque
3061 3739 3352 3810 procedere
3386 3741 3579 3792 adver-

2008 3858 2098 3896 sos
2142 3839 2413 3902 barbaris,
2466 3849 2681 3890 maturo
2713 3835 2903 3901 gradu,
2939 3849 3206 3902 nusquam
3243 3833 3466 3886 remissa
3495 3831 3578 3900 ja-

2009 3933 2314 3995 culatione;
2366 3939 2484 3996 post
2519 3944 2612 3983 eos
2645 3929 2954 3980 universum
2994 3926 3108 3994 ipse
3140 3924 3349 3976 medius
3385 3939 3573 3993 agmen

2010 4023 2258 4074 animans
2284 4018 2489 4071 ductat.
2517 4017 2782 4069 Audacter
2802 4015 3060 4076 imperata
3086 4014 3290 4066 faciunt
3315 4012 3578 4081 pranuissi

317 4125 507 4180 velites
537 4133 593 4178 et
624 4123 740 4178 acri
767 4125 973 4177 eminus
999 4123 1288 4176 caminisso
1317 4124 1617 4175 cet-tantine
1653 4117 1954 4172 incredibili
1979 4116 2187 4186 ingesta
2210 4112 2552 4166 multitudine
2617 4111 2846 4164 telorum
2916 4109 3162 4163 hostilem
3220 4109 3358 4162 haud
3419 4107 3578 4160 dubie

316 4221 599 4276 retardant
639 4219 924 4288 impetum.
962 4218 1140 4271 Semel
1171 4217 1454 4272 concussis
1494 4226 1796 4271 extremum
1829 4221 1893 4269 ad
1936 4223 2200 4269 terrorem
2254 4211 2501 4279 fugmque
2586 4207 2874 4263 consilium
2924 4215 3257 4260 ammentum
3347 4205 3578 4258 accessit

317 4305 668 4364 formidolosa
723 4311 932 4380 species
993 4311 1252 4365 Romana:
1332 4311 1489 4374 aciei,
1549 4319 1920 4378 consertaeque
1962 4323 2131 4362 nexus
2185 4306 2515 4375 phalangis:
2553 4318 2714 4372 super
2743 4303 2922 4354 omnia
2971 4299 3278 4368 faciesipsa
3310 4297 3578 4364 minzeque

315 4403 578 4467 spirantis
615 4417 878 4468 martem,
913 4405 1226 4473 ruentisque
1256 4405 1308 4457 in
1339 4404 1636 4474 perniciem
1675 4405 1916 4473 ipsorum
1959 4419 2063 4458 non
2118 4403 2333 4456 dubiam
2390 4397 2750 4468 imperatoris.
2786 4395 2946 4465 215
2998 4395 3138 4466 Ergo
3205 4394 3371 4463 tergis
3438 4394 3577 4446 haud

317 4494 722 4549 dissimulanter
752 4499 923 4549 versis
953 4494 1168 4548 ﬂuvium
1206 4497 1432 4564 impigre
1456 4505 1742 4564 repetunt,
1779 4497 2086 4564 iterumque
2128 4495 2432 4561 trajiciunt,
2498 4493 2562 4544 ad
2625 4505 2721 4544 sua
2800 4491 3044 4557 plaustra
3092 4499 3379 4556 Castraque
3452 4501 3578 4555 pro-

318 4593 589 4650 perantes.
650 4585 824 4639 Instat
878 4585 1158 4655 fugacibus
1213 4596 1324 4641 l0t0
1378 4585 1576 4654 impetu
1621 4586 1861 4640 Ronaua
1907 4586 2139 4656 phalanx
2203 4595 2256 4638 et
2309 4585 2503 4655 partim
2577 4583 2748 4636 hastis
2801 4581 3045 4634 cominus
3095 4579 3341 4634 fodiendo
3411 4589 3574 4648 terga.

319 4678 515 4742 partim
573 4676 789 4730 eminus
854 4680 1067 4748 sagittis
1123 4678 1353 4748 ﬁgendo,
1425 4681 1623 4736 multos
1674 4691 1963 4750 antequam
2009 4682 2074 4733 ad
2129 4694 2340 4732 amnem
2396 4677 2768 4745 pervenissent
2817 4686 3109 4730 Sternunt:
3158 4675 3304 4729 multi
3354 4671 3578 4726 ulterius

319 4766 438 4838 fuga
469 4772 642 4825 evecti
678 4770 976 4825 verticibus
1007 4770 1243 4825 ﬂaminis
1278 4773 1457 4826 hausti
1501 4774 1888 4842 prmfocatiquc
1930 4774 2162 4840 periere.
2215 4771 2662 4824 Animadversum
2706 4775 2788 4822 est
2853 4767 3170 4821 inclaruisse
3237 4765 3575 4835 potissimum

319 4865 474 4919 tactis
496 4865 728 4920 fortibus
793 4879 859 4919 eo
925 4865 1012 4920 die
1083 4868 1336 4921 virtutem
1406 4869 1823 4923 domesticorum
1858 4867 2180 4922 famulorum
2213 4866 2579 4935 imperatoris,
2630 4879 2768 4934 quos
2801 4864 2865 4917 ad
2917 4864 3288 4933 quotidianum
3332 4860 3580 4916 tniuiste-

319 4960 452 5012 rium
478 4958 771 5013 adhibebat
795 4959 1037 5025 intimos,
1069 4961 1238 5017 lectos
1267 4979 1477 5030 omnes,
1512 4966 1747 5034 et;pleno
1779 4965 1876 5018 εει-ί
1909 4965 2102 5018 robore
2123 4964 2368 5033 juvenes.
2399 4963 2519 5030 Ipse
2560 4962 2830 5030 Augustus
2889 4962 3104 5015 heroica
3167 4960 3362 5011 virtute
3417 4966 3578 5024 atque

318 5055 543 5108 consilio
588 5053 1038 5122 splendidissima?
1072 5055 1308 5112 victoria:
1358 5073 1577 5126 compos
1624 5060 1721 5112 ista
1768 5059 1882 5112 luce
1923 5058 2098 5112 factus
2130 5059 2179 5111 in
2211 5065 2390 5110 castra
2421 5071 2477 5109 se
2518 5055 2722 5123 recepit
2753 5069 2872 5109 sua.

383 5153 505 5205 Ἐπῖ
535 5152 681 5221 τρισὶ
711 5149 842 5218 γοῦν
871 5153 1106 5221 ἡμέραις
1127 5153 1288 5205 αὑτοῦ
1313 5171 1414 5206 που
1462 5154 1899 5222 διαναπαυσάμε-

2077 5153 2264 5207 Trium
2315 5154 2385 5206 ibi
2442 5153 2652 5206 dierum
2707 5152 2885 5219 quiete
2939 5158 3116 5218 capta,
3173 5149 3460 5201 Tznrulum
3521 5162 3578 5200 se

321 5259 404 5302 νος
441 5241 650 5294 ἐκεῖθεν
695 5239 915 5309 ἀπάρας
945 5241 1350 5310 καταλαμϐάνει
1397 5242 1492 5312 τὴν
1540 5242 1896 5312 Τξουρουλὸν.

2008 5244 2285 5296 transtulit
2328 5261 2340 5296 :
2370 5243 2510 5296 unde
2538 5259 2641 5296 non
2669 5244 2777 5297 cito
2807 5242 2906 5294 sibi
2947 5241 3286 5309 migrandum
3321 5254 3440 5290 cum
3464 5248 3580 5290 sta-

321 5334 607 5400 Σκοπήσας
631 5332 687 5383 δὲ
731 5331 805 5392 ῶς
831 5330 938 5401 χρὴ
973 5331 1045 5400 μὴ
1077 5332 1283 5400 ταχέως
1310 5334 1514 5384 ἐκεῖθεν
1547 5335 1898 5402 μεταστῆναι,

320 5425 525 5492 τάφρον
573 5421 901 5490 ἀποχρῶσαν
949 5422 1082 5490 πρὸς
1128 5423 1189 5474 τὸ
1232 5423 1690 5493 ἁνατολικώτερον
1737 5426 1899 5493 μέρος

320 5512 411 5563 τοῦ
445 5510 717 5580 πολιχνίου
766 5511 880 5571 ταῖς
924 5509 1251 5578 προσούσαις
1293 5512 1441 5580 αὐτῷ
1485 5513 1742 5582 δυνάμεσι
1793 5514 1899 5565 διο-

327 5601 524 5668 ρύξας,
576 5603 675 5672 τήν
722 5617 784 5653 τε
836 5600 1118 5671 βασιλικὴν
1178 5602 1382 5672 σκηνὴν
1418 5605 1508 5655 καὶ
1557 5605 1653 5667 τὰς
1705 5603 1902 5666 σκευὰς

2010 5332 2220 5394 luisset.
2254 5343 2430 5386 castra
2459 5335 2594 5396 suis,
2629 5349 2748 5402 quae
2785 5343 2898 5385 tum
2933 5330 3384 5396 erant,_.omnibus
3410 5329 3580 5394 copiis

2007 5419 2139 5474 satis
2163 5422 2336 5488 ampla
2369 5423 2644 5492 capiendis
2675 5424 2741 5476 ad
2777 5422 3095 5476 orientalem
3128 5421 3306 5490 oppidi
3345 5429 3580 5474 metatus

2008 5522 2236 5580 partem,
2265 5511 2404 5564 vallo
2448 5529 2509 5565 ea
2562 5515 2818 5580 fossaque
2855 5513 3114 5575 munivit,
3147 5511 3322 5579 quoad
3361 5508 3578 5563 abunde

2008 5610 2120 5655 tuta
2144 5602 2392 5668 credidit,
2419 5612 2475 5655 ιιι
2501 5603 2586 5666 iis,
2607 5603 2749 5672 quod
2782 5619 2900 5657 mox
2925 5603 3073 5667 fecit,
3093 5600 3383 5674 Augustalc
3401 5615 3579 5696 suum,

1364 5715 1567 5777 Variis
1598 5716 1902 5778 lectiones
1945 5733 2020 5776 ex
2054 5715 2194 5776 cod.
2229 5714 2502 5776 Coislin.

399 5838 442 5868 “
481 5839 924 5910 ἐπιφωσκούσης.
1003 5842 1045 5874 ⁸⁷
1080 5845 1323 5914 ποταμὸν
1377 5844 1468 5897 τὸν
1519 5844 1772 5912 πόλεμον.

1852 5845 1894 5874 ⁸⁸
1929 5843 2191 5912 ῥυτῆρας.

2271 5843 2318 5874 ⁸³
2355 5842 2667 5912 Ῥωμαίων.
2745 5844 2790 5874 τ⁰
2848 5843 3293 5910 ἒναπεπνίγοντο.
