4024 6270
360 321 466 387 597

1591 316 2005 379 ALEXIADIS
2035 318 2184 379 LIB.
2208 318 2340 380 VII.

3515 312 3620 376 598

359 426 590 496 τροχοὺς
625 427 764 497 μετὰ
801 427 909 481 τῶν
957 426 1162 495 ἀξόνων
1216 423 1427 480 ἄνωθεν
1473 424 1622 478 κάτω
1667 441 1940 494 κατακρη-

2054 444 2142 484 ros
2169 441 2368 494 pronos
2403 428 2458 482 in
2511 427 2768 498 impetum
2799 436 2989 484 contra
3023 441 3083 484 se
3111 425 3302 483 ruendi
3334 439 3621 482 cernerent

362 518 672 588 μνιξεσθαι.
723 519 970 588 Ἐγένετο
1009 519 1180 573 ταῦτα
1230 516 1372 572 κατὰ
1413 515 1475 570 τὸ
1531 515 1626 570 τοῦ
1684 516 1950 586 βασιλέως

361 609 757 679 παράγγελμα.
801 612 912 666 Καὶ
960 610 1149 681 ἀθρόοι
1234 609 1335 679 μὲν
1383 607 1760 678 ἐπαράξαντες
1809 602 1950 676 ἦσαν

357 701 412 754 οἱ
441 701 647 756 Σκύθαι
678 703 777 756 σὺν
817 702 1120 772 ἀλαλαγμῷ
1173 701 1494 772 βαρϐαρικῷ
1523 701 1751 754 ἱππόται
1808 698 1950 750 κατὰ

358 793 464 862 τῆς
509 795 802 864 ἡμεδαπῆς
853 795 1234 864 παρατάξεως,
1287 795 1425 866 πεζῇ
1470 796 1562 847 καὶ
1618 794 1787 863 βάδην
1822 791 1946 844 κατ’

360 883 544 937 αὐτῶν
578 884 807 953 ἱεμένων
839 885 1080 948 πάντων,
1138 886 1298 954 μόνου
1329 887 1383 938 δὲ
1416 886 1510 938 τοῦ
1541 885 1948 956 αὐτοκράτορος

361 974 561 1043 ὲπόχου
614 974 999 1041 συγκατιόντος
1043 975 1250 1038 αὐτοῖς.
1306 976 1366 1028 Οἱ
1423 975 1480 1028 δὲ
1524 974 1664 1028 κατᾶ
1714 974 1812 1043 τὴν
1851 971 1946 1025 τοῦ

359 1067 768 1136 αὐτοκράτορος
789 1067 985 1136 τέχνην
1016 1066 1193 1134 ὀλίγον
1223 1066 1348 1133 γόνυ
1381 1064 1570 1133 γουνὸς
1618 1064 1948 1133 ἀμείψαντες

361 1159 458 1213 καὶ
509 1152 620 1211 οἷον
653 1157 1079 1220 ἀναποδίσαντες
1121 1156 1503 1227 διεσχίσθησαν
1545 1157 1638 1208 ἀπ’
1675 1156 1944 1225 ἀλλήλων,

361 1251 440 1311 ὡς
476 1249 578 1302 οὐκ
608 1247 673 1302 ἄν
707 1265 792 1310 τις
847 1249 1096 1319 ἤλπισεν,
1133 1248 1320 1318 ὥσπερ
1371 1248 1540 1317 θύραν
1565 1249 1674 1310 τοῖς
1728 1246 1949 1316 Βαρΰὰ-

364 1359 482 1410 ροις
543 1340 890 1409 πλατυτάτην
955 1344 1036 1404 είς
1083 1339 1180 1411 τὴν
1254 1342 1457 1393 εἴσοδον
1503 1338 1838 1409 ἁνεῴξαντες
1874 1338 1946 1393 δ’.

363 1434 472 1486 Καὶ
516 1433 633 1503 ἅμα
678 1435 727 1486 oi
777 1435 876 1502 μὲν
911 1434 1118 1488 Σκύθαι
1165 1433 1295 1486 εἱσω
1337 1431 1432 1485 τοῦ
1475 1432 1520 1464 ⁸³
1575 1430 1796 1500 στομίου
1847 1429 1946 1499 τῆς

363 1522 710 1592 ἑκατέρωθεν
745 1523 1025 1591 φάλαγγος
1070 1522 1116 1553 ⁸⁸
1146 1522 1515 1590 ἐγεγόνεισαν,
1549 1521 1599 1573 οἱ
1646 1519 1704 1573 δὲ
1757 1518 1946 1589 τροχοὶ

367 1614 509 1683 μετά
543 1631 686 1676 τινος
733 1614 914 1685 ῥοίζου
956 1615 1050 1666 καὶ
1101 1615 1416 1683 καταφορᾶς
1455 1611 1768 1682 ἐνεχθέντες
1805 1611 1946 1681 ὑπὲρ

367 1707 570 1775 πῆχυν,
609 1706 714 1758 ἀπὸ
761 1705 854 1758 τοῦ
885 1704 1098 1774 τείχους
1147 1705 1382 1767 ἕκαστος
1433 1703 1793 1771 ἐφαλλόμενοι
1843 1701 1889 1733 ⁸⁵
1928 1742 1942 1766 υ

367 1797 463 1850 ἇτε
518 1797 625 1850 τῶν
653 1799 998 1868 κυρτοτήτων
1055 1797 1290 1850 ἑκάστου
1336 1794 1534 1866 τροχοῦ
1581 1795 1629 1826 ⁸⁸
1671 1795 1946 1863 ἀποκρου-

369 1888 597 1941 σθεισῶν
632 1890 697 1942 ὲκ
742 1887 837 1942 τοῦ
887 1888 1122 1958 τείχους,
1164 1889 1258 1942 καὶ
1308 1885 1419 1940 οἷον
1455 1884 1944 1956 άποσφενδονηθει-

369 1982 512 2047 σῶν,
569 1983 649 2044 είς
708 1981 906 2052 μέσους
966 1981 1092 2044 τοὺς
1149 1980 1382 2044 ἱππότας
1453 1979 1563 2031 τῶν
1641 1977 1942 2048 Βαρϐάρων

367 2073 826 2144 ὲξεκυλίσθησαν,
888 2071 1068 2142 ῥύμην
1120 2071 1377 2134 λαϐόντες
1443 2069 1812 2138 σφοδροτέραν
1873 2069 1940 2131 ⁸⁷,

365 2169 425 2217 τὸ
466 2167 564 2236 μὲν
595 2165 690 2220 καὶ
733 2163 841 2218 ἀπὸ
867 2167 964 2234 τῆς
1013 2163 1214 2233 ἀθρόας
1263 2162 1578 2231 καταφορᾶς
1623 2159 1699 2230 τῷ
1731 2159 1942 2230 φυσικῷ

368 2260 677 2326 πειθόμενοι
736 2257 889 2328 βάζει
944 2257 1012 2320 ⁸⁸,
1079 2255 1138 2308 τὸ
1185 2255 1242 2309 δὲ
1303 2254 1398 2308 καὶ
1452 2255 1625 2323 ῥοπὴν
1685 2251 1941 2313 λαϐόντες

365 2351 666 2405 ἀκάθεκτον
693 2350 800 2402 ἀπὸ
823 2349 914 2402 τοῦ
948 2351 1247 2411 κατάντους
1274 2346 1367 2400 τοῦ
1411 2346 1576 2399 τόπου
1619 2345 1664 2378 ⁸⁸
1699 2343 1942 2413 σφοδρῶς

366 2461 425 2496 τε
479 2445 593 2504 τοῖς
648 2441 952 2511 Βαρδάροις
998 2440 1288 2492 ἐνέπιπτον
1332 2439 1414 2500 ⁹⁰,
1465 2436 1559 2490 καὶ
1608 2435 1943 2505 πανταχόθεν

368 2534 565 2598 αὐτοὺς
620 2532 964 2606 περιέθλιϐον
1016 2533 1086 2584 τὰ
1137 2531 1303 2599 σκέλη
1351 2529 1462 2582 τῶν
1517 2529 1700 2582 ἵππων
1754 2525 1942 2597 ὥσπερ

369 2627 675 2696 θερίζοντες
738 2624 831 2678 καὶ
863 2621 1148 2692 ἀμφότερα
1195 2618 1536 2689 ἑκατέρωθεν
1582 2618 1690 2671 ἀπό
1727 2634 1784 2670 τε
1832 2617 1942 2670 τῶν

367 2718 718 2788 έμπροσθῖων
782 2716 876 2770 καὶ
941 2715 1204 2768 ὀπισθίων
1267 2711 1448 2784 μερῶν
1504 2711 1938 2780 διατεμνόμενοι.

365 2810 592 2862 ὀκλάσαι
641 2808 768 2869 τοὺς
803 2807 1003 2870 ἵππους
1045 2804 1188 2874 ὲφ⁹ᾱ
1240 2804 1382 2874 μέρη
1429 2802 1528 2875 τὴν
1589 2802 1804 2874 πληγὴν
1854 2804 1942 2856 ἀν⁸

366 2901 615 2968 εδέξαντο
639 2900 683 2931 ⁸⁸
712 2900 1168 2969 κατηνάγκασαν,
1204 2897 1300 2952 καὶ
1349 2896 1476 2960 τοὺς
1526 2897 1757 2960 ἱππότας
1805 2911 1938 2964 συγ-

363 2991 712 3054 καταϐαλεῖν,
741 2983 817 3044 ὧν
847 2991 934 3042 ἐπ’
961 2989 1206 3057 ἀλλήλων
1233 2991 1326 3041 καὶ
1355 2989 1565 3059 συχνῶν
1609 2988 1935 3051 πιπτόντων,

2047 515 2270 585 jamque
2321 518 2386 571 ad
2416 517 2663 572 cominus
2714 519 3076 573 accedendum
3115 518 3394 572 exhortari
3450 531 3622 586 equus

2053 609 2336 670 audirent,
2371 616 2516 678 terga
2548 624 2613 664 ex
2640 609 2940 678 composito
2981 617 3291 676 verterent;
3324 609 3405 664 sie
3435 617 3618 662 tamen

2052 697 2291 753 fueosam
2338 700 2514 769 fugam
2550 702 2979 762 moderarentur,
3011 711 3069 754 ιιι
3099 701 3151 756 ἰιι
3182 702 3342 756 aliam
3371 703 3459 755 alii
3494 717 3620 771 par-

2051 801 2156 842 tem
2205 805 2233 842 a
2293 805 2349 844 se
2405 791 2629 844 iuvit-em
2665 791 3028 857 discedentes,
3079 793 3283 846 hiatum
3336 792 3388 845 in
3443 792 3619 846 medio

2049 891 2322 951 patentem
2381 885 2532 950 quasi
2581 883 2864 953 phalangis
2914 894 3178 954 perrupta:
3226 884 3616 953 relinquerent,

2049 989 2145 1040 per
2177 989 2336 1044 quem
2367 983 2714 1043 penetrantes
2739 977 2920 1030 hostes
2951 974 3375 1030 admovercntse
3407 975 3620 1042 propius

2051 1065 2216 1118 nutris
2251 1065 2453 1134 oppidi.
2491 1065 2556 1119 Et
2607 1077 2762 1121 erant
2785 1082 2947 1138 supra
2986 1082 3194 1119 murum
3236 1065 3482 1136 dispositi
3527 1066 3616 1134 qui

2052 1157 2102 1208 in
2135 1157 2185 1209 id
2208 1172 2369 1209 unum
2398 1157 2741 1226 invigilarcnt
2778 1173 2792 1210 :
2819 1159 3132 1227 quibusque
3157 1160 3466 1211 mandatum
3499 1167 3617 1211 erat

2049 1256 2104 1300 ut
2145 1245 2230 1300 ubi
2265 1249 2489 1302 scissam
2533 1249 2584 1301 in
2624 1257 2805 1317 partes
2836 1250 2966 1304 duas
2999 1248 3293 1302 Romanam
3335 1249 3504 1303 aciem
3536 1248 3617 1302 in-

2047 1354 2368 1408 gressusque
2429 1355 2522 1408 per
2551 1355 2668 1394 eam
2721 1341 3015 1395 scissuram
3069 1351 3346 1409 provectos
3379 1343 3446 1396 ad
3477 1341 3615 1395 muri

2049 1431 2299 1484 viciniam
2329 1432 2563 1503 Scythas
2588 1444 2898 1497 cernerent,
2931 1434 3121 1503 gladiis
3159 1447 3378 1503 repente
3411 1435 3618 1489 strictis

2051 1521 2203 1575 funes
2235 1522 2431 1588 quibus
2463 1531 2593 1576 robe
2624 1523 2993 1592 religabantur
3037 1539 3067 1580 e
3097 1525 3273 1594 pinnis
3309 1534 3621 1594 rumperent

2045 1625 2246 1681 easque
2273 1612 2591 1682 conjngatas
2611 1629 2728 1666 cum
2766 1617 2958 1670 axibus
2985 1632 3090 1672 una
3126 1618 3424 1686 praecipites
3457 1618 3619 1671 dcor-

2054 1720 2169 1758 sum
2206 1705 2416 1761 darent.
2455 1705 2783 1761 Successere
2813 1710 2989 1761 omnia
3035 1723 3064 1763 e
3096 1713 3364 1764 sententia
3391 1719 3620 1777 votoque

2056 1796 2418 1864 imperatoris.
2472 1797 2604 1850 Itum
2659 1797 2709 1849 itt
2759 1797 2989 1867 Scythas
3042 1798 3183 1850 lento
3219 1800 3471 1862 incessu,
3504 1799 3620 1852 solo

2051 1889 2189 1942 inter
2247 1886 2519 1944 Romanos
2580 1891 2818 1958 Augusto
2868 1891 3140 1959 equitante
3199 1900 3621 1958 prarscntemque

2047 1981 2205 2034 dante
2251 1994 2472 2047 operam
2526 1989 2579 2032 ut
2612 1992 2805 2032 cuncta
2847 1996 2909 2033 ex
2947 1995 3045 2034 usu
3088 1981 3302 2049 cogitati
3355 1990 3621 2049 stratage-

2046 2072 2204 2124 matis
2237 2081 2358 2141 apte
2390 2072 2602 2127 ﬁerent.
2631 2071 2837 2126 Furunt
2865 2082 3051 2127 contra
3083 2073 3315 2144 Scythae,
3353 2072 3620 2141 minisque

2044 2175 2166 2216 eum
2202 2161 2280 2215 ira
2324 2163 2693 2218 crescentibus
2733 2164 3024 2234 expediunt
3068 2164 3301 2220 ferocem
3357 2165 3614 2234 impetum

2045 2267 2139 2319 spe
2173 2269 2295 2308 mox
2329 2254 2646 2310 invadendze
2686 2258 2934 2312 cominus
2986 2272 3174 2326 pugnre
3207 2273 3327 2312 cum
3375 2258 3442 2312 iis
3479 2273 3617 2328 quo-

2047 2359 2162 2398 rum
2191 2343 2520 2414 iaculatione
2555 2347 2738 2411 procul
2778 2358 2891 2402 tuta
2936 2349 3282 2416 petebantur.
3321 2350 3615 2404 liuentibus

2045 2434 2195 2488 addit
2237 2435 2415 2491 calcar
2447 2436 2567 2506 fuga
2622 2438 2876 2493 simulata
2911 2437 3304 2505 Romanorum,
3329 2440 3617 2494 discessio-

2045 2540 2149 2594 que
2189 2528 2475 2596 phalangis
2526 2528 2821 2610 obliquatis
2865 2542 3158 2601 mutuoque
3190 2532 3394 2587 aversis
3443 2533 3620 2586 artiﬁ-

2043 2620 2189 2673 ciose
2213 2621 2576 2674 recedentium
2601 2623 2850 2688 genibus,
2883 2623 2985 2677 iter
3014 2625 3186 2692 aperit
3207 2622 3396 2678 blande
3418 2624 3612 2690 pellax,

2041 2712 2231 2764 etsine
2259 2711 2923 2780 suspicioneinsidiosum,
2957 2716 3072 2782 pari
3102 2715 3270 2769 nostri
3307 2724 3613 2783 contemptu

2041 2802 2233 2871 suique
2284 2803 2476 2858 fiducia
2520 2821 2638 2860 sese
2691 2806 3053 2864 intercutibus
3091 2808 3356 2864 barbaris.
3413 2807 3514 2864 Per
3563 2809 3613 2862 id

2044 2893 2194 2963 quasi
2234 2891 2554 2949 latissimum
2580 2895 2802 2960 ostium,
2835 2909 2890 2950 ut
2912 2914 3032 2952 cum
3058 2914 3254 2967 magno
3281 2899 3518 2953 clamore
3550 2913 3613 2951 ac

2042 2985 2286 3040 convicio
2316 2999 2592 3055 coeperant
2626 2989 2824 3054 invehi,
2854 2999 3206 3055 perreverunt
3237 2989 3444 3059 equites
3473 2987 3610 3058 Scy-

365 3082 424 3148 ὲξ
483 3082 748 3152 ἑκατέρου
794 3081 850 3134 δὲ
901 3079 1129 3133 καὶτῶν
1190 3078 1540 3150 στρατιωτῶν
1595 3080 1718 3132 κατ’
1758 3079 1940 3133 αὐτῶν

2047 3079 2150 3132 tbae
2182 3096 2196 3132 :
2231 3079 2401 3134 donec
2431 3081 2480 3132 in
2511 3093 2605 3134 eos
2649 3081 2836 3135 divisae
2865 3082 3146 3150 phalangis
3184 3082 3332 3136 velut
3371 3081 3614 3138 faucibus

370 3176 618 3244 ἱεμένων,
652 3176 745 3226 κοιλ⁵
777 3173 959 3241 δεινῆς
984 3171 1082 3242 τῆς
1116 3172 1296 3241 μάχης
1325 3173 1436 3234 τοῖς
1463 3170 1696 3234 Σκύθαις
1731 3188 1936 3224 παντα-

366 3271 520 3340 χόθεν
566 3267 958 3338 ὲφισταμένης,
990 3267 1037 3318 οἱ
1095 3265 1194 3335 μὲν
1252 3267 1362 3326 τοῖς
1427 3265 1800 3335 πεμπομένοις
1847 3266 1936 3318 άνι

366 3361 592 3434 προῦντο
622 3359 850 3430 βέλεσιν,
880 3358 929 3409 οἱ
953 3356 1009 3409 δὲ
1037 3357 1123 3409 διά
1161 3355 1269 3408 τῶν
1312 3355 1556 3425 δοράτων
1587 3356 1936 3425 έπλὴττοντο,

365 3454 468 3506 τῶν
495 3454 551 3506 δὲ
601 3452 802 3505 λοιπῶν
831 3453 879 3504 oi
908 3451 1124 3513 πλείους
1157 3449 1261 3501 ὑπὸ
1310 3447 1414 3500 τῶν
1445 3448 1653 3517 τροχῶν
1684 3449 1936 3518 σφοδρῶς

366 3546 828 3616 καταφερομένων
866 3542 1264 3611 συνωθούμενοι
1321 3540 1456 3610 πρὸς
1497 3537 1557 3592 τδ
1617 3541 1795 3612 ῥεῦμα
1843 3539 1937 3593 τοῦ

368 3638 608 3709 ποταμοῦ
643 3638 1049 3708 ἀπεπνίγησαν.
1085 3635 1163 3705 Τῇ
1193 3633 1249 3687 δὲ
1276 3635 1394 3704 μετ’
1427 3633 1597 3703 αὐτὴν
1626 3635 1752 3687 ἐπεὶ
1776 3633 1937 3687 πάλιν

366 3732 484 3794 τοὺς
511 3730 972 3799 καταλειφθέντας
1020 3729 1230 3790 Σκύθας
1271 3727 1408 3797 πρὸς
1458 3729 1696 3797 πόλεμον
1725 3727 1940 3797 ὁρμῶν-

366 3839 460 3884 τας
511 3821 660 3884 ἐώρα
720 3823 845 3880 τοὺς
900 3820 1006 3873 ὑπ’
1049 3819 1212 3874 αὑτὸν
1241 3819 1487 3881 ἅπαντας
1530 3818 1939 3888 τεθαρρηκότας

366 3918 726 3985 κατανοήσας,
763 3913 1089 3966 ὁπλίσασθαι
1126 3911 1589 3982 παρεκελεύσατο.
1643 3911 1937 3980 Σιδηροφοι

367 4009 535 4078 ρῖσας
558 4007 614 4058 δὲ
653 4008 746 4059 καὶ
779 4005 938 4068 αὐτὸς
965 4006 1058 4059 καὶ
1094 4004 1332 4072 πολέμου
1366 4001 1554 4070 σχῆμα
1591 4000 1937 4066 διατυπώσας

364 4103 496 4169 πρὸς
548 4100 608 4152 τὸ
653 4099 856 4169 πρανὲς
904 4099 1168 4152 κάτεισιν.
1217 4094 1349 4150 Εἶτα
1393 4097 1457 4167 δὴ
1510 4095 1608 4156 τὰς
1652 4095 1938 4165 φάλαγγας

365 4191 698 4263 ἐπιτρέψας
749 4190 889 4243 κατὰ
939 4192 1227 4259 πρόσωπον
1280 4192 1390 4254 τοῖς
1433 4190 1668 4255 Σκύθαις
1717 4193 1936 4256 ἵστατο,

365 4283 446 4350 ἐφ’
568 4283 662 4334 τὸν
703 4283 820 4352 μετ’
842 4279 1041 4340 αὐτῶν,
1087 4280 1163 4344 ὡς
1201 4281 1338 4346 ἐνὸν,
1392 4282 1628 4352 συνάψαι
1679 4281 1931 4350 πόλεμον.

363 4374 531 4438 Αὐτὸς
583 4375 683 4444 μὲν
727 4369 819 4426 οὖν
862 4372 954 4425 τὸν
1004 4375 1050 4404 ν’
1100 4375 1269 4443 μέσην
1315 4374 1424 4426 τῶν
1475 4374 1772 4444 ταγμάτων
1821 4369 1932 4443 εἶχε
1965 4413 2016 4474 D

364 4466 547 4536 χώραν
566 4482 582 4497 ο
637 4465 818 4535 μάχης
849 4463 903 4516 δὲ
945 4465 1218 4533 καρτερᾶς
1246 4464 1543 4534 γενομένης
1572 4463 1669 4533 τὴν
1696 4462 1934 4516 νικῶσαν

364 4558 663 4630 τηνικαῦτα
712 4555 842 4625 παρ’
876 4555 1095 4616 ἐλπίδας
1151 4556 1205 4608 αἱ
1267 4555 1577 4624 Ῥωμαϊκαὶ
1635 4549 1782 4623 εἶχον
1825 4553 1932 4623 φάο
1973 4619 1976 4621 _

365 4662 555 4720 λαγγες
587 4649 681 4702 καὶ
703 4649 926 4700 ἐδίωκον
945 4647 1161 4709 τούτους
1191 4648 1464 4717 ἀκρατῶς.
1505 4647 1653 4698 Ἐπεὶ
1675 4645 1718 4697 δ’
1751 4645 1934 4699 ἱκανὸν

365 4746 632 4814 διάστημα
679 4741 900 4802 τούτους
953 4741 1099 4809 έ;ἶ›ρα
1143 4740 1436 4800 διώκοντας
1468 4743 1495 4793 ὁ
1525 4739 1894 4810 αὐτοκράτωρ
1917 4778 1930 4802 ,

365 4835 540 4895 δεδιὼς
575 4835 652 4903 μὴ
679 4829 946 4901 λοχῶντές
991 4847 1132 4892 τινες
1178 4830 1459 4898 αἰφνιδίως
1509 4829 1933 4892 ἐπεισπεσόντες

366 4932 468 4991 τοῖς
513 4925 811 4995 Ῥωμαίοις
833 4922 1195 4991 παλίντροπον
1234 4923 1332 4992 τὴν
1353 4921 1466 4974 τῶν
1498 4921 1722 4973 Σκυθῶν
1751 4923 1930 4991 φυγὴν

366 5021 820 5090 άπεργάσωνται,
874 5012 971 5066 καὶ
1028 5012 1416 5081 προστεθέντες
1468 5011 1680 5074 τούτοις
1739 5012 1832 5065 καὶ
1881 5012 1931 5064 οἱ

364 5113 687 5180 φεύγοντες,
744 5107 888 5176 μέγα
934 5104 996 5156 τὸ
1043 5102 1214 5156 δεινὸν
1263 5106 1328 5173 τῇ
1377 5102 1654 5174 Ῥωμαϊκῇ
1704 5105 1932 5174 στρατιᾷ

365 5200 662 5264 ὲπάξωσιν,
723 5192 986 5254 ἱππασίας
1041 5190 1250 5254 πυκνὰς
1305 5190 1652 5259 ποιούμενος,
1711 5193 1934 5244 ἀνασει-

361 5291 539 5361 ράζειν
583 5290 716 5349 τοὺς
757 5283 1009 5355 χαλινοὺς
1053 5283 1148 5335 καὶ
1198 5283 1323 5344 τοὺς
1358 5283 1558 5342 ἵππους
1595 5282 1930 5351 ἀναψύχειν,

361 5387 462 5448 τοῖς
517 5377 892 5451 στρατιώταις
943 5373 1212 5427 ἐκέλευεν.
1253 5372 1408 5425 Οὕτω
1458 5372 1588 5441 γοῦν
1643 5374 1785 5425 κατὰ
1832 5373 1931 5442 τὴν

2043 3172 2315 3241 utrimque
2345 3172 2557 3227 clausos
2592 3187 2824 3242 superne
2856 3173 3118 3228 devolutze
3155 3181 3395 3228 rotarum
3424 3174 3612 3230 orbita:

2041 3263 2280 3318 subitum
2324 3263 2602 3334 olujeccere
2657 3274 2939 3318 terrorem.
2982 3264 3102 3317 Alta
3153 3265 3305 3318 ruina
3338 3265 3390 3318 in
3418 3267 3610 3319 durum

2042 3353 2180 3406 altisi
2241 3353 2414 3408 solum
2476 3357 2637 3408 orbes
2706 3352 2866 3421 lignei
2935 3350 3348 3408 reﬂectebantur
3407 3353 3609 3407 resultu

2040 3447 2322 3515 plusquam
2353 3445 2598 3511 cubitali;
2646 3455 2754 3498 tum
2786 3445 2838 3499 in
2873 3459 3103 3515 pronum
3135 3456 3440 3514 vergentem
3469 3447 3610 3498 nacti

2039 3540 2430 3605 declivitatem,
2458 3549 2580 3606 apte
2610 3538 2788 3594 librati
2820 3540 3144 3594 transversis
3167 3540 3380 3600 axibus,
3411 3539 3608 3606 impetu

2035 3632 2184 3701 juxta
2221 3632 2382 3702 217
2405 3633 2741 3700 strepituque
2770 3646 2832 3683 ac
2866 3631 3073 3698 fragore
3101 3632 3367 3695 maximis,
3407 3631 3456 3683 itt
3491 3630 3615 3684 baro

2039 3723 2202 3778 barus
2232 3723 2414 3777 intuiti
2468 3723 2878 3786 evolvebantur,
2921 3721 3088 3777 nihilo
3137 3722 3310 3777 lenius
3344 3736 3505 3792 quam
3566 3723 3610 3776 si

2042 3815 2333 3869 muralibus
2357 3815 2617 3869 machinis
2639 3829 2865 3870 excussa
2895 3816 3128 3884 pondera
3153 3815 3404 3870 fulminea
3427 3816 3612 3885 perni-

2039 3916 2201 3959 cntate
2231 3917 2408 3960 ruant.
2427 3905 2937 3960 Circumveniuntur
2955 3923 3102 3961 nova:
3127 3907 3361 3976 undique
3387 3907 3610 3976 appulsu

2041 4000 2204 4066 pestis
2233 3999 2465 4069 Scytlnc,
2499 4014 2658 4052 crura
2677 4015 2937 4067 equorum
2964 4000 3158 4070 quibus
3178 4000 3445 4053 vehebant
3465 4000 3613 4054 varie

2041 4089 2350 4142 demetente
2376 4089 2740 4156 plaustrorum
2769 4088 3000 4158 procella
3032 4107 3045 4143 :
3075 4088 3198 4144 aliis
3233 4089 3298 4142 ab
3343 4089 3613 4143 anteriore

2041 4191 2194 4250 parte
2231 4181 2474 4235 incidens
2511 4180 2709 4235 malum
2766 4179 3000 4235 volubile
3049 4181 3212 4248 pedes
3262 4179 3472 4250 priores
3527 4195 3613 4232 ar-

2042 4289 2227 4328 mosve
2255 4275 2603 4339 contuderat;
2633 4273 2768 4328 alios
2793 4271 2932 4327 forte
2952 4288 3171 4328 aversos
3193 4282 3346 4327 nacta
3373 4281 3611 4326 rotarum

2043 4379 2280 4434 pra-ceps
2330 4366 2407 4419 vis
2443 4365 2492 4417 in
2545 4364 2934 4434 posterioribus
2984 4365 3195 4419 Izeserat
3250 4364 3511 4420 calcibus.
3546 4362 3613 4417 At

2043 4472 2365 4525 quacunque
2421 4470 2572 4525 parte
2611 4457 2803 4511 vulnus
2844 4472 3016 4526 equus
3053 4467 3356 4526 acceperat,
3394 4456 3446 4508 in
3491 4471 3610 4509 eam

2044 4548 2348 4603 necessario
2378 4548 2684 4602 claudicans
2730 4548 3056 4602 exsccndere
3092 4551 3318 4619 cogebat
3348 4549 3608 4616 equitem,

2043 4639 2146 4694 nisi
2207 4654 2393 4694 secum
2428 4639 2690 4693 afﬂictum
2748 4639 2996 4693 trahebat
3051 4639 3335 4694 incasnm.
3395 4638 3612 4708 Strages

2043 4749 2170 4801 ergo
2205 4733 2362 4786 fiebat
2386 4732 2626 4786 virorum
2668 4746 3062 4802 equorumque,
3101 4731 3154 4786 in
3183 4747 3406 4787 acervos
3432 4746 3489 4786 se
3519 4747 3598 4783 eu-

2044 4827 2256 4881 mnlans
2282 4838 2564 4896 grassante
2588 4825 2800 4881 assidue
2827 4826 3086 4895 pernicie,
3117 4842 3220 4881 non
3246 4827 3408 4880 modo
3434 4828 3607 4880 incur-

2041 4933 2104 4972 su
2149 4917 2601 4986 praecipitautium
2637 4926 2909 4984 rotarum,
2941 4917 3038 4971 sed
3065 4916 3177 4983 jam
3217 4919 3378 4970 etiam
3427 4929 3610 4970 mutuo

2043 5011 2198 5062 allisu
2233 5008 2593 5077 impulsaque,
2651 5008 2778 5060 dum
2819 5009 2909 5076 qui
2968 5019 3098 5060 rota:
3143 5008 3610 5074 ruentisincursu,

2042 5102 2318 5164 sternitur,
2345 5101 2593 5154 comitem
2620 5109 2673 5152 et
2698 5100 3120 5154 commilitonem
3147 5114 3302 5152 suum
3341 5100 3482 5152 mole
3510 5115 3608 5153 sua

2043 5192 2094 5244 in
2125 5206 2312 5244 casum
2353 5205 2694 5243 communem
2741 5189 2940 5258 abripit
2973 5202 2988 5241 :
3018 5203 3080 5242 ac
3109 5204 3177 5244 ne
3211 5189 3262 5242 in
3309 5190 3410 5243 hoc
3456 5191 3609 5244 ruina

2040 5284 2202 5346 sistit,
2229 5282 2322 5336 sed
2357 5284 2424 5337 ab
2456 5298 2561 5336 uno
2589 5295 2844 5349 percusso
2875 5283 2966 5334 toti
2994 5283 3211 5335 ordines
3233 5296 3449 5351 pessum
3495 5295 3598 5338 tru-

2043 5376 2270 5438 duntur,
2300 5381 2355 5426 et
2381 5371 2642 5426 Romanis
2674 5385 2810 5427 nova
2843 5370 3102 5427 felicitate
3141 5373 3252 5442 ipsa
3280 5370 3604 5442 Scytharum

1398 5529 1611 5592 Variae
1648 5531 1961 5591 lectiones
2008 5547 2083 5591 ex
2113 5529 2258 5592 cod.
2291 5528 2562 5589 Coislin.

415 5674 462 5705 δ’
509 5670 855 5732 ἀνοίξαντες.
935 5663 1174 5732 7⁸³ίτῶν.
1239 5731 1242 5732 ν
1287 5669 1333 5696 ’⁸
1383 5660 1698 5732 φαλάγγων.

351 5747 386 5777 ⁶⁹
418 5743 613 5797 τόπου.
651 5729 665 5732 ⁷
693 5735 740 5772 ³⁸
780 5733 848 5786 τὰ
885 5731 1134 5799 βάρὸαρα
1155 5731 1468 5785 άνὲπιπτον.
1546 5731 1586 5762 ⁹¹
1618 5729 1879 5795 ἐδέξαντο.

1802 5661 1848 5694 ⁸⁸
1882 5661 2226 5730 ἀφελόμενοι.

1958 5733 2004 5764 ..
2033 5732 2146 5801 τὴν,

2335 5659 2380 5691 ⁸⁸
2418 5653 2648 5730 τροχῶν.

2760 5657 2805 5692 ⁸⁷
2857 5659 3248 5733 σφοδροτάτην.
3347 5657 3394 5691 ³³
3427 5660 3603 5732 βάρει.
