4024 6270
481 285 587 349 599
1777 290 2002 351 ANN/E
2043 293 2111 352 Ct

2164 291 2420 353 dNEN/E
3605 277 3718 348 ’6υο

478 413 708 468 corpora
735 398 788 453 in
830 397 1060 467 Scythas
1089 397 1261 452 vicem
1294 397 1520 453 telorum
1553 398 1852 469 iungentia,
1897 402 2039 455 mili-
2073 427 2111 478 Α

2164 401 2356 472 ἱμέραν
2393 400 2610 470 ἐκείνην
2660 400 2827 469 ἄμφω
2862 381 3156 470 διαστήτην
3202 399 3268 453 τὰ
3309 399 3718 468 στρατεύματα.

474 500 614 544 tant.
639 491 966 546 Cooriuntur
993 491 1134 544 inter
1167 491 1282 544 baac
1311 491 1376 544 ab
1405 499 1636 557 utroque
1673 491 1838 548 latere
1871 493 2038 547 nosrri

2164 496 2212 548 Ἡ.
2245 493 2344 564 μὲν
2392 493 2497 564 γὰρ
2531 492 2789 560 φυγάδες,
2821 492 2848 543 ὀ
2879 491 2935 545 δὲ
2967 490 3222 560 βασιλεὺς
3253 490 3462 560 χαίρων
3497 492 3724 559 νεκητὴς

478 580 842 649 barbarosque
909 581 1196 649 impeditos
1239 591 1294 636 ct
1349 583 1654 651 perculsos,
1698 599 1801 651 qua
1855 586 2045 653 procul

2164 585 2401 654 λαμπρὸς
2453 583 2590 653 πρὸς
2617 584 2715 650 τὴν
2750 581 2886 634 ἰδίαν
2922 581 3276 651 παρεμϐολὴν
3309 583 3618 636 ἐπάνεισιν.
3661 582 3724 634 Οἱ

481 671 814 738 ejaculandis
855 672 1084 741 sagittis,
1112 688 1217 741 qua
1249 674 1496 727 cominus
1529 672 1783 728 fodiendo
1821 689 1915 728 eos
1963 675 2045 727 in-

2164 677 2203 727 Ξὲ
2277 674 2483 726 Σκύθαι
2548 673 2896 743 κατακράτος
2951 672 3280 742 ἡττηθέντες
3353 671 3563 741 μεταξὺ
3632 671 3724 723 τοῦ

479 763 630 816 lcstis
673 762 841 815 hastis
893 765 1064 817 otiose
1121 763 1434 818 concidunt.
1486 764 1596 818 Nec
1643 765 1755 817 sola
1807 774 2042 819 rotarum

2164 764 2601 835 Βουλγαροφύγου
2633 763 2848 833 καὶτῆς
2887 763 3092 834 μικρᾶς
3119 762 3355 826 Νικαίας
3386 763 3487 825 τὰς
3518 764 3724 835 σκηνὰς

478 853 984 922 impellentiomque
1018 869 1305 923 corporum
1333 853 1615 908 calamitas
1650 853 1750 906 fuit
1776 871 1791 919 ;
1816 856 2046 908 accessit
2149 857 2475 926 ἐπήγνυντο.

479 946 532 999 in
562 959 768 1016 partem
809 947 979 1002 cladis
1018 955 1233 1002 torrens
1264 947 1401 999 unda
1432 946 1718 1015 propinqui
1759 947 1954 1013 amnis,
1987 949 2040 1000 in
2082 963 2239 1017 quem
2265 949 2416 1002 multi
2450 956 2748 1004 rotatormn
2775 962 3006 1018 superne
3028 949 3209 1002 axium
3265 949 3405 1002 mole
3456 957 3720 1018 motuque

479 1039 713 1106 correpti
760 1040 976 1093 barbari
1019 1041 1287 1095 submersi
1333 1049 1476 1093 sunt.
1542 1037 1810 1093 Postridie
1880 1040 2126 1094 residuos
2167 1040 2392 1111 Scythas
2433 1052 2678 1110 repetere
2711 1042 2953 1112 praelium
2999 1041 3134 1095 velle
3169 1042 3514 1110 conspicatus
3555 1044 3730 1112 impc-

492 1144 659 1198 rator,
691 1149 818 1188 suos
852 1144 905 1189 et
940 1135 1051 1203 ipse
1081 1135 1284 1189 recenti
1320 1149 1572 1189 successu
1598 1133 1830 1188 audaces
1857 1135 2057 1188 armari
2097 1149 2159 1189 ac
2197 1147 2379 1188 contra
2419 1136 2634 1204 prodire
2655 1135 2826 1204 jubet;
2863 1145 2918 1189 et
2958 1135 3010 1187 in
3061 1134 3176 1203 ipsa
3211 1133 3523 1189 declivitate
3591 1132 3723 1189 aciei

480 1225 707 1279 [oratam
745 1230 831 1282 ubi
865 1243 928 1281 ex
959 1235 1074 1279 arte
1109 1224 1413 1292 deseripsit,
1445 1226 1654 1295 sibique
1687 1227 1738 1279 in
1772 1242 1831 1280 ea
1871 1229 2044 1282 media
2085 1226 2258 1282 locum
2285 1237 2587 1298 pugnaturo
2610 1227 2857 1294 sumpsit,
2895 1234 3110 1279 vertant
3143 1226 3196 1278 in
3258 1226 3471 1280 hostem
3524 1227 3725 1291 vultus,

479 1335 820 1391 pugnamque
838 1337 962 1375 cum
990 1321 1233 1376 adversis
1259 1330 1565 1388 capessant,
1595 1320 1754 1374 edicit
1775 1322 1909 1375 suis.
1932 1321 2042 1375 Nec
2082 1337 2245 1390 penes
2282 1324 2511 1394 Scythas
2542 1338 2691 1376 mora
2719 1321 2846 1388 fuit;
2891 1319 3150 1377 miscetur
3225 1319 3475 1387 proelium
3548 1328 3725 1375 atrox.

483 1417 718 1470 Vincunt
748 1425 941 1486 praeter
1016 1429 1164 1483 spem
1201 1415 1457 1469 Romanae
1505 1413 1828 1481 phalanges,
1880 1414 2250 1486 barbarosque
2316 1417 2367 1468 in
2432 1416 2610 1486 fugam
2645 1417 3015 1470 incumbentes
3055 1415 3214 1481 longo
3273 1413 3448 1482 spatio
3514 1414 3722 1481 magnis

481 1510 678 1562 animis
726 1515 1041 1576 sequuntur.
1073 1505 1331 1572 Suspecta
1375 1520 1460 1558 res
1525 1507 1943 1573 prudentissimo
2007 1506 2317 1576 imperatori
2378 1509 2496 1574 fuit,
2564 1509 2769 1563 verenti
2796 1524 2858 1562 ne
2912 1523 3021 1577 quo
3069 1507 3210 1563 forte
3260 1509 3313 1561 in
3383 1508 3502 1561 loco
3555 1509 3730 1562 subsi-

483 1601 723 1655 dentimn
778 1598 1090 1653 insidiarum
1139 1597 1352 1666 Scythae
1406 1598 1606 1651 conscii
1668 1598 1718 1650 in
1779 1613 1872 1651 eas
1923 1607 2038 1654 astu
2083 1597 2354 1655 Romanos
2393 1600 2671 1670 abreptmn
2709 1601 2866 1667 irent;
2937 1602 3124 1671 sicque
3192 1601 3390 1656 nostris
3437 1609 3533 1653 aut
3579 1600 3730 1655 carsis

485 1703 575 1747 aut
606 1692 837 1747 vicissim
877 1690 1203 1759 fugientibus
1236 1690 1574 1744 insidiatores
1615 1705 1736 1744 cum
1773 1690 1919 1759 prius
1967 1689 2248 1760 fugacibus
2273 1708 2504 1762 pugnam
2574 1692 2837 1747 acriorem
2894 1693 3262 1746 instaurareut
3315 1706 3508 1759 magna
3579 1690 3731 1746 clade

493 1787 647 1839 modo
705 1785 1059 1839 vincentium.
1125 1783 1416 1836 Conventis
1473 1797 1598 1852 ergo
1652 1783 1918 1837 laboriose
1969 1799 2065 1853 per
2135 1786 2496 1855 equitaliones
2562 1789 2779 1840 crebras
2816 1785 3264 1854 commonitisque
3297 1783 3569 1852 plerisque
3606 1798 3730 1837 suo-

488 1893 625 1939 rum,
655 1887 707 1928 ut
735 1876 915 1931 frenos
937 1874 1558 1942 reﬂectereutequisque
1577 1876 1813 1941 requiem
1835 1877 2046 1938 darent,
2086 1877 2383 1932 incolumes
2413 1880 2626 1933 reluxit
2662 1879 2959 1932 universos.
3004 1866 3095 1932 Sic
3126 1894 3186 1929 ea
3218 1877 3301 1930 die
3339 1877 3500 1931 ambo
3571 1892 3601 1929 a
3672 1891 3730 1930 se

482 1970 710 2024 invicem
743 1968 1016 2024 exercitus
1046 1967 1296 2038 disjuncti
1322 1977 1467 2029 sunt,
1500 1965 1757 2034 Scythico
1813 1968 1864 2019 iu
1934 1967 2110 2036 fugam
2151 1985 2331 2034 verso,
2369 1972 2609 2025 Romano
2638 1988 2760 2026 eum
2793 1987 2892 2028 suo
2952 1974 3280 2041 imperatore
3311 1968 3615 2024 manifesta:
3643 1971 3722 2022 vi-

483 2063 672 2116 etoria:
711 2071 959 2130 compote
1014 2059 1065 2112 in
1121 2057 1334 2127 propria
1378 2069 1556 2112 castra
1613 2057 1891 2113 redeunte.
1953 2060 2086 2115 Victi
2117 2060 2330 2133 Scytha:
2370 2074 2424 2118 et
2458 2065 2628 2120 victos
2663 2065 2894 2120 cuufessi
2932 2064 3406 2134 Bulgarophygum
3449 2064 3595 2117 inter
3667 2077 3726 2116 ac

484 2170 702 2224 parvam
737 2152 970 2206 Nicaeam
1005 2151 1354 2205 tabernacula
1387 2151 1574 2204 lixcre.

555 2249 748 2303 Adulta
781 2262 941 2317 porro
971 2246 1080 2315 jam
1111 2244 1314 2309 hieme,
1363 2245 1575 2313 putavit
1605 2247 1898 2314 imperator
1929 2261 1959 2301 e
1993 2261 2049 2299 re
2089 2253 2111 2308 ι

2229 2247 2508 2316 Χειμῶνος
2569 2247 2622 2300 δὲ
2674 2247 2776 2317 ἤδη
2820 2247 3336 2308 ἐπικαταλαὸὁντος,
3367 2246 3477 2298 δεῖν
3531 2245 3674 2313 ἔγνω
3711 2247 3738 2297 ὁ

488 2344 627 2406 l'ore,
653 2340 698 2394 si
733 2335 1267 2403 Constantinopolim
1300 2335 1524 2400 rediret,
1548 2350 1653 2404 quo
1678 2346 1732 2390 et
1762 2351 1820 2390 se
1845 2337 2048 2405 ipsum,

489 2444 544 2486 et
575 2429 831 2498 majorem
866 2439 1076 2498 partem
1115 2427 1415 2489 exercitus,
1450 2441 1480 2481 e
1509 2425 1666 2493 longa
1701 2435 1755 2480 et
1785 2428 1930 2480 varia
1982 2437 2057 2480 tot

493 2526 850 2580 certaminum
882 2523 1197 2591 fatigatione
1234 2521 1498 2575 reticeret.
1541 2518 1737 2574 Divisis
1765 2534 1893 2586 ergo
1917 2517 2056 2573 bifa-

494 2618 631 2672 riam
661 2617 854 2682 copiis,
891 2615 1030 2682 quod
1059 2626 1241 2666 earum
1273 2611 1441 2677 magis
1479 2619 1722 2678 vegetum
1757 2608 2056 2676 integrum-

489 2722 599 2778 que
631 2706 754 2770 fuit,
790 2705 841 2759 id
887 2703 1266 2771 opponendum
1323 2701 1573 2755 hostibus
1609 2701 1785 2754 adlmc
1836 2699 2058 2754 armatis

489 2793 712 2868 reliquit
762 2797 960 2852 ibidem
1005 2795 1104 2848 sub
1153 2809 1284 2847 cura
1353 2793 1545 2846 ducum
1592 2793 1842 2855 duorum,
1894 2792 2060 2862 218

492 2891 716 2948 Joannis
775 2903 971 2958 nempe
1019 2897 1075 2942 et
1124 2885 1652 2940 Maurocatacalonis
1712 2881 1945 2948 Nicolai,
1995 2887 2062 2938 de

494 3001 722 3055 quorum
771 2991 1001 3050 utroque
1057 2996 1200 3049 saepe
1246 2979 1495 3048 superius
1556 2978 1879 3031 mentionem
1925 2975 2058 3030 feci-

497 3095 638 3142 mus,
674 3080 799 3130 dato
834 3074 966 3143 ipsis
1015 3075 1288 3138 mandato,
1324 3071 1742 3142 prteoccupandi
1798 3069 2061 3139 praesidiis

495 3169 708 3225 idoneis
725 3168 922 3238 Oppida
942 3165 1175 3235 singula,
1213 3180 1278 3219 ne
1302 3166 1352 3217 in
1383 3162 1708 3233 Scytharum
1733 3170 2060 3230 potestatem

495 3261 688 3317 venire
747 3266 1074 3329 cogerentur
1121 3273 1136 3311 :

502 3352 770 3422 cendique
791 3366 854 3405 ex
905 3351 1122 3420 regione
1152 3348 1405 3402 universa
1446 3345 1654 3415 pedites
1687 3343 1924 3398 rusticos
1958 3358 2062 3396 una

500 3461 624 3500 cum
653 3444 912 3512 plaustris
944 3453 998 3496 et
1028 3442 1202 3496 bobus
1239 3440 1355 3507 ipsa
1402 3438 1766 3492 trahentibus.
1800 3434 1918 3490 Jam
1952 3443 2063 3487 tum

500 3537 643 3590 enim
668 3534 954 3604 providens
978 3531 1204 3602 parabat
1225 3545 1344 3600 quae
1378 3530 1440 3581 ad
1475 3528 1871 3596 expeditionem
1923 3525 2065 3578 veris

502 3623 860 3694 insequentis,
885 3638 988 3691 qua
1017 3629 1269 3676 conatum
1318 3633 1534 3672 onmem
1564 3616 1850 3670 intendere
1881 3614 2064 3669 decre-

502 3726 652 3772 verat
686 3726 745 3768 ut
792 3715 1028 3786 Scythas
1055 3711 1366 3775 debellaret,
1412 3709 1512 3764 sibi
1561 3705 1842 3776 profutura
1878 3705 2066 3774 Opina-

1191 3267 1451 3325 practerea
1503 3251 1832 3308 corradendi
1892 3250 2085 3316 abdu-,

2159 2341 2510 2412 αὐτοκράτωρ
2550 2341 2628 2400 εἰς
2658 2341 2756 2409 τὴν
2779 2338 3164 2408 βασιλεύουσαν
3189 2336 3528 2402 ἐπανελθεῖν,
3572 2336 3661 2405 ἐφ’

2158 2431 2347 2484 ἑαυτόν
2376 2448 2432 2482 τε
2457 2429 2551 2482 καὶ
2575 2429 2634 2481 τὸ
2662 2429 2824 2482 πλέον
2851 2428 2941 2480 τοῦ
2984 2429 3345 2498 στρατοπέδου
3379 2428 3488 2479 τῶν
3524 2427 3738 2480 πολλῶν

2159 2522 2382 2592 ἀγώνων
2419 2521 2926 2592 ὲπανακτήσασθαι.
2979 2520 3295 2590 Διελόμενος
3331 2520 3422 2573 οὖν
3447 2519 3543 2582 τὰς
3584 2521 3739 2572 δυνά-

2161 2633 2302 2684 μεις,
2345 2617 2438 2668 καὶ
2479 2619 2558 2676 εἰς
2615 2613 2905 2668 ἀντίπαλον
2965 2617 3159 2684 μοῖραν
3201 2615 3505 2682 ἀποκρίνας
3551 2613 3738 2664 ὁπόσοι

2161 2705 2510 2774 εὐψυχότεροι
2539 2703 2631 2757 τοῦ
2667 2704 2866 2765 παντὸς
2893 2699 3032 2770 ἦσαν
3070 2701 3475 2772 στρατεύματος
3539 2702 3740 2770 ἡγεμό-

2162 2815 2258 2862 νας
2291 2798 2496 2851 τούτων
2522 2799 2613 2851 τόν
2635 2814 2693 2850 τε
2731 2797 2984 2865 Ἰωάννην
3020 2794 3113 2847 καὶ
3167 2794 3258 2847 τὸν
3293 2795 3739 2863 Μαυροκατακα-

2162 2890 2270 2944 λὼν
2295 2890 2561 2942 Νικόλαον
2587 2887 2964 2958 προεϐάλλετο,
2987 2888 3112 2956 περὶ
3133 2880 3206 2938 ὧν
3239 2886 3497 2946 πολλάκις
3524 2885 3738 2952 φθάσας

2163 2985 2190 3036 ὀ
2225 2983 2382 3049 λόγος
2439 2980 2729 3049 ἐδήλωσεν,
2766 2978 3143 3046 ἐντειλάμενος
3193 2979 3375 3039 αὐτοῖς
3418 2980 3477 3029 ὲν
3521 2977 3737 3043 ἑκάστῳ
3781 2969 3786 2973 ’

2167 3077 2266 3146 μὲν
2299 3074 2406 3127 τῶν
2434 3072 2724 3142 πολιχνίων
2775 3069 3131 3140 ἀποχρῶντας
3166 3070 3482 3134 εἰσαγαγεῖν
3520 3083 3740 3134 στρατι-

2166 3171 2309 3232 ώτας
2339 3172 2415 3230 εἰς
2448 3167 2547 3237 τὴν
2587 3165 2764 3218 αὐτῶν
2798 3163 3058 3233 φρουρὰν,
3093 3160 3289 3225 πεζοὺς
3347 3160 3403 3212 δὲ
3427 3158 3486 3223 ὲξ
3519 3160 3738 3225 ἁπάσης

2166 3264 2262 3326 τῆς
2290 3261 2473 3332 χώρας
2504 3261 2638 3330 μετὰ
2673 3255 2892 3327 ἁμαξῶν
2921 3257 3014 3307 καὶ
3048 3253 3154 3307 τῶν
3213 3252 3416 3313 ταύτας
3477 3252 3740 3303 ἑλκόντων

2171 3354 2308 3424 βοῶν
2341 3351 2612 3415 ἐξελάσαις
2640 3349 2972 3417 Βουλόμενος
3003 3345 3110 3415 γὰρ
3167 3344 3325 3414 ἔαρος
3375 3341 3738 3410 ἐφισταμένου

2169 3447 2266 3513 τῆς
2312 3443 2451 3496 κατὰ
2505 3431 2634 3492 τῶν
2668 3438 2889 3490 Σκυθῶν
2960 3435 3370 3504 καρτερώτερον
3425 3430 3740 3496 ἀνθέξεσθαι

2174 3534 2350 3600 μάχης
2379 3528 2719 3598 προεμελέτα
2753 3544 2811 3578 τε
2859 3527 2952 3578 καὶ
2983 3523 3278 3594 ηὐτρέπιζε
3305 3523 3372 3573 τὰ
3407 3521 3740 3572 συνοίσοντα.

2173 3625 2329 3676 Οὕτω
2364 3621 2492 3687 γοῦν
2525 3619 2741 3674 ἅπαντα
2769 3617 3083 3686 διαθέμενος
3138 3614 3500 3686 ἐπανέρχεται
3529 3608 3655 3680 πρὸς
3682 3609 3741 3659 τὸ

2174 3711 2483 3775 Βυζάντιον.

505 3811 683 3862 batur.
721 3805 873 3860 Hunc
899 3807 951 3859 in
988 3803 1205 3859 modum
1238 3801 1516 3873 dispositis
1549 3801 1821 3865 omnibus,
1859 3797 2068 3868 Byzan-

505 3898 638 3951 tium
669 3897 975 3952 revertitur.

519 4117 682 4147 ξπ

1315 4106 1854 4116 ______._____

1123 4279 1681 4410 ΑΝΝΗΣ
1757 4271 2096 4402 ΤΗΣ
2171 4255 3130 4396 ΚΟΜΝΗΝΗΣ

1514 4504 2139 4603 ΑΛΕΞΙΑΔΟΣ
2213 4503 2577 4594 ΛΟΓΟΣ
2617 4499 2734 4587 Η’.

1333 4877 1872 5004 ΑΝΝᾸΕ
2016 4861 2929 5000 COMNENZE

1410 5128 2058 5223 ALEXIADIS
2134 5121 2481 5212 LIBER
2570 5117 2799 5209 VIII

1826 5486 1991 5559 219
2035 5482 2608 5547 ARGUMENTUM.

601 5622 993 5760 Debeélaturcrii
1029 5637 1174 5680 cum
1203 5619 1452 5698 Scythis
1483 5615 1727 5698 ingenti
1760 5611 2002 5694 pralio,
2043 5627 2168 5690 quo
2207 5623 2360 5687 gens
2388 5605 2680 5667 universa
2713 5617 2839 5664 uno
2874 5600 2973 5663 die
3008 5596 3212 5660 deleta
3251 5594 3366 5653 est.
3410 5583 3749 5665 Conspira-

601 5717 733 5760 mes
814 5715 908 5760 uae
987 5707 1225 5759 etectaa.

526 5703 733 5770 tiones
769 5703 908 5760 dum
944 5703 1225 5759 detectas.
