4024 6270
173 329 267 390 589
1351 321 1765 383 ALEXHDIS
1799 324 1945 385 LIB.
1984 324 2154 386 VIII.

3275 321 3385 386 610

176 441 226 503 ἐξ
255 438 428 491 ἰκανοῦ
471 441 854 509 οιαστῆματός,
901 440 1206 511 Ῥωμαϊκαὶ
1248 441 1592 508 ἀνεφάνησαν
1625 457 1713 506 ση-

1823 448 2116 492 reeurrunt
2170 438 2605 509 coniirmantque
2663 439 2852 494 adesse
2910 436 3183 509 Scythas;
3239 456 3388 495 arma

178 530 338 596 μαῖαι,
365 529 453 581 καὶ
486 532 811 594 στρατιῶται
849 532 1077 586 κατόπιν
1119 531 1350 588 θέοντες.
1395 530 1454 585 Ol
1493 531 1590 601 μὲν
1625 525 1716 581 οὖν

175 621 327 673 ταῦτα
383 622 812 689 ἀπαγγέλλοντες
867 625 926 677 τὸ
978 625 1160 694 μέντοι
1222 625 1578 692 ἐστοχάζοντο
1621 624 1717 688 τῆς

176 711 432 778 ἀληθείας,
460 715 516 764 16
548 714 603 766 δὲ
640 715 733 767 καὶ
764 717 1252 786 παρεστοχάζοντο.
1294 717 1365 769 Τὸ
1399 717 1494 786 μὲν
1533 717 1575 746 ¹⁰
1622 733 1718 767 καο

175 804 313 855 τόπιν
336 805 552 857 ἐλαῦνον
586 813 919 878 στράτευμα,
949 811 1025 873 ὡς
1052 809 1264 878 ἀληθῶς
1299 809 1602 879 Ῥωμαϊκὸν
1625 805 1714 877 ἦν,

179 896 258 948 καὶ
287 897 392 958 τοῖς
427 899 685 968 σχήμασι,
721 901 816 952 καὶ
866 903 976 962 τοῖς
1023 902 1334 970 πράγμασι,
1377 903 1471 954 καὶ
1506 902 1533 953 6
1565 900 1718 971 βασι-

175 986 279 1048 λεὺς
303 988 476 1042 αὐτῶν
509 991 831 1060 ἡγεμόνευε,
886 993 948 1045 τὸ
1008 993 1064 1045 δὲ
1099 994 1576 1064 προπορευόμενον
1624 993 1717 1045 καὶ

176 1080 423 1144 Σκυθικῶς
479 1084 805 1153 ἐσταλμένον
880 1085 980 1156 τῆς
1051 1087 1364 1156 Ῥωμαῖκῆς
1416 1086 1516 1156 μὲν
1576 1082 1716 1155 ἦσαν

176 1171 382 1236 ἅπαντες
411 1178 691 1243 στρατιᾶς,
720 1178 986 1240 Σκυθικάς
1022 1179 1077 1231 δὲ
1105 1178 1294 1242 στόλας
1327 1179 1714 1249 ἠμφιέννυντο,

173 1262 307 1314 τοῦτο
333 1265 428 1332 μὲν
456 1266 551 1318 καὶ¹
585 1266 756 1330 οὕτως
790 1270 1085 1338 ἐσχηκότες
1117 1269 1306 1339 ὥσπερ
1332 1265 1471 1342 ἦσαν
1505 1272 1716 1340 ἀμφια-

171 1349 366 1418 σάμενοι
389 1357 600 1420 ταύτας
630 1359 770 1411 κατὰ
799 1359 858 1412 16
895 1360 984 1412 τοῦ
1041 1362 1438 1432 αὐτοκράτορος
1498 1365 1715 1432 παράγ-

169 1441 338 1509 γελμα,
393 1447 598 1499 ὁπόταν
653 1448 727 1512 ὠς
760 1450 1075 1520 φαινόμενοι
1124 1453 1328 1505 Σκύθαι
1383 1456 1509 1516 τοὺς
1545 1455 1715 1520 ὅντως

166 1533 348 1596 Σκύθας
370 1539 806 1608 ἐξηπατήκασιν,
845 1543 920 1604 ὡς
952 1542 1164 1610 φθάσας
1188 1547 1214 1596 ὁ
1242 1545 1398 1612 λόγος
1433 1546 1670 1614 ἐδήλωσε
1698 1565 1710 1578 ·

164 1624 297 1675 τοῦτο
331 1626 385 1678 δὲ
436 1630 534 1681 καὶ
566 1631 920 1701 ἀπεχρήσατο
972 1634 1272 1702 τηνικαῦτα
1302 1638 1328 1687 6
1359 1635 1613 1704 βασ.λεὺς
1648 1641 1714 1709 τῇ

161 1715 305 1783 σκευῇ
335 1717 449 1768 τῶν
479 1717 700 1771 Σκυθῶν
738 1721 874 1790 πρὸς
896 1723 995 1791 τὴν
1039 1724 1146 1777 τῶν
1181 1725 1476 1794 ἡμεδαπῶν
1502 1726 1711 1791 ἐξαπά-

159 1819 242 1868 την
268 1823 318 1858 τε
343 1809 442 1860 καὶ
481 1811 742 1880 φενάκην,
781 1813 865 1865 ἵνα
892 1816 939 1866 οἱ
973 1818 1497 1887 προεντυγχάνοντες
1528 1822 1710 1884 αὐτοῖς

157 1899 440 1968 όρῤωδοίεν,
502 1902 690 1973 ὥσπερ
739 1905 972 1968 Σκύθαις
1005 1910 1117 1970 τοῖς
1172 1910 1527 1979 στρατιώταις
1557 1912 1711 1982 ἡμῶν

158 1991 535 2058 ἐμπίπτοντες,
587 1995 680 2047 καὶ
712 1995 826 2063 ἅμα
860 1999 1090 2067 παρέχοι
1121 2003 1484 2070 στρατηγικὸν
1523 2020 1582 2055 τε
1620 2007 1713 2057 καὶ

157 2079 322 2134 ὕπτιον
365 2088 403 2117 ¹¹
452 2088 660 2153 γέλωτα
695 2089 843 2157 φόϐῳ
882 2088 1358 2160 ξυμμεμιγμένον,
1409 2094 1576 2166 πρινὴ
1606 2097 1711 2167 γὰρ

155 2174 439 2245 ᾳοεηθῆναι
486 2182 691 2248 σαφῶς,
747 2182 1035 2252 ἐθάρρουν,
1095 2183 1184 2236 τὸν
1225 2184 1450 2253 βασιλέα
1486 2190 1712 2240 κατόπιν

154 2265 420 2335 θεώμενοι.
462 2273 651 2335 Οὕτως
690 2274 908 2341 ἀφόϐως
939 2277 965 2328 6
995 2278 1349 2351 αὐτοκράτωρ
1380 2282 1504 2345 τοὺς
1541 2283 1712 2334 ὑπανο

149 2361 331 2424 τῶντας
363 2367 832 2436 ὲμορμολύττετο.
875 2370 1037 2423 Ἀλλὰ
1069 2372 1203 2439 πρὸς
1239 2373 1340 2440 μὲν
1369 2374 1495 2437 τοὺς
1523 2375 1713 2439 ἄλλους

151 2451 344 2519 ὁφόϐος
373 2454 454 2528 ἦν
494 2463 558 2510 ἐκ
589 2459 694 2511 τῶν
727 2462 1092 2530 φαινομένων,
1123 2463 1150 2514 6
1175 2464 1228 2515 δέ
1257 2481 1320 2531 γε
1350 2467 1713 2537 Παλαιολόγος

150 2546 470 2620 πολυπειρία
536 2553 660 2612 τοῦς
714 2553 961 2615 ἅπαντας
1016 2553 1393 2623 ὑπερϐάλλων,
1433 2558 1525 2609 καὶ
1560 2560 1712 2623 εἰδὼς

149 2637 321 2702 ὁποίως
347 2642 508 2693 ἐστὶν
557 2637 789 2707 ’Ᾱλὲξιος
819 2645 945 2715 περὶ
984 2644 1081 2706 ’τὰς
1103 2647 1347 2714 μηχανὰς
1395 2653 1712 2719 ποριμώτα-

148 2747 219 2792 τος
250 2735 559 2804 ἐγνώρισεν
594 2736 818 2802 αὐτίκα,
873 2739 954 2790 ὅτι
990 2738 1227 2802 ’Λλεξίου
1259 2740 1417 2793 τοῦτο
1451 2745 1492 2773 ¹²
1532 2744 1708 2813 μηχά-

149 2841 294 2893 νημα.
344 2831 448 2880 καὶ
484 2829 678 2881 ἑαυτόν
731 2847 785 2882 τε
845 2831 1065 2902 θαρῤεἶν
1116 2834 1392 2899 ἀνέπειθε,
1450 2837 1542 2888 καὶ
1585 2839 1711 2902 τοὺς

149 2918 314 2984 ἄλλους
345 2923 634 2976 ἐκέλευεν.
694 2925 831 2992 Ἤδη
890 2925 945 2976 δὲ
983 2927 1074 2978 καὶ
1105 2926 1164 2981 16
1216 2927 1418 2991 πλῆθος
1455 2928 1600 2981 ἅπαν
1649 2932 1709 2983 16

148 3014 354 3067 κατόπιν
384 3017 741 3085 συνέρρωγεν
773 3015 1136 3088 [συνέῤῥεεν],
1183 3020 1244 3072 ἐκ
1274 3019 1379 3071 τῶν
1405 3021 1707 3088 συγγενῶν,

1819 531 2144 598 expediente
2169 530 2472 600 Palavologo
2504 531 2643 587 alius
2669 547 2797 587 ecce
2825 533 3048 589 nuntius
3086 533 3244 588 aii‘ert
3269 544 3393 604 post

1821 623 2051 693 Scythas
2085 624 2274 678 eadem
2310 625 2415 687 via,
2449 623 2738 677 intervallo
2765 625 3000 694 quodam
3035 625 3233 692 medio,
3267 641 3394 680 eort-

1819 715 1955 781 spici
2003 716 2245 768 Romana
2275 717 2428 784 signa
2463 725 2519 768 et
2549 716 2749 769 milites
2799 731 2961 770 cursu
3018 715 3387 785 insequentes.

1820 807 1916 861 liis
1940 809 2098 862 dictis
2126 816 2176 862 et
2211 810 2454 873 creditis,
2495 809 2785 862 tralmntur
2815 811 3148 877 conjecturis
3185 811 3240 864 in
3272 813 3390 879 epi-

1822 901 2079 953 naliones
2127 901 2308 954 varias
2347 901 2475 953 hinc
2519 900 2644 954 inde
2693 901 2884 962 animi,
2926 901 3242 969 quibusdam
3281 902 3387 955 alia

1819 991 2005 1044 omnia
2042 992 2392 1059 ﬁngentibus,
2429 992 2704 1045 nonnullis
2746 1007 2856 1044 rem
2886 1007 2986 1045 aeu
3023 994 3388 1060 tangentibus.

1819 1081 1976 1148 Nam,
2007 1092 2062 1136 ut
2098 1084 2538 1152 suspicabantur,
2575 1083 2866 1152 insequens
2892 1099 3082 1152 agmen
3120 1095 3177 1136 ut
3206 1085 3388 1136 habitu

1819 1185 1871 1227 et
1899 1176 2101 1243 specie,
2136 1176 2210 1229 ita
2249 1192 2305 1230 re
2341 1189 2558 1244 quoque
2591 1177 2706 1242 ipsa
2741 1175 3040 1230 Romanum
3081 1183 3219 1228 erat.
3279 1173 3390 1227 Du-

1820 1267 2113 1335 ctabatque
2147 1268 2279 1322 illud
2313 1269 2611 1338 imperator
2646 1270 2763 1337 ipse
2794 1283 3070 1338 praesens;
3108 1282 3224 1335 quae
3254 1282 3389 1321 vero

1819 1359 2049 1427 praeibat
2082 1360 2302 1426 cohors,
2332 1367 2610 1429 utcunque
2651 1361 2926 1431 Scythicis
2956 1360 3190 1430 insignis
3219 1360 3389 1414 vexil-

1819 1449 1908 1515 iis,
1939 1461 2243 1520 ornataque
2298 1452 2562 1517 vestibus,
2619 1451 2875 1506 Romanae
2931 1465 3112 1505 tamen
3169 1461 3223 1505 et
3276 1452 3388 1520 ipsa

1820 1544 2030 1597 militia
2065 1559 2190 1612 pars
2224 1555 2362 1610 erat,
2402 1549 2497 1600 sed
2532 1545 2600 1599 iis
2639 1555 2777 1599 tecta
2809 1546 2976 1599 armis
3016 1561 3079 1599 ac
3105 1545 3251 1599 cultu
3281 1559 3390 1614 quo

1820 1633 2056 1688 feliciter
2089 1651 2182 1688 usa
2209 1637 2362 1705 jussu
2389 1636 2738 1706 imperatoris
2771 1639 2836 1690 ad
2874 1638 3144 1693 fallendos
3173 1640 3368 1694 vincen

1819 1726 2025 1797 desque
2061 1729 2291 1799 Scythas
2319 1729 2519 1793 fuerat,
2555 1741 2714 1800 prout
2741 1731 3110 1787 narravimus.
3145 1733 3272 1799 Quae
3297 1749 3390 1786 ea-

1819 1819 1938 1872 dem
1980 1821 2142 1874 hilari
2200 1822 2462 1876 comitate
2520 1823 2696 1876 Victor
2737 1808 3014 1890 Augustus
3053 1824 3117 1876 ad
3150 1826 3387 1879 amicum

1817 1925 1961 1963 nunc
1992 1923 2316 1982 gratumque
2350 1929 2572 1967 suorum
2600 1913 2892 1968 ludibrium
2916 1912 3243 1981 adhibebat;
3271 1916 3392 1970 ubi-

1817 2018 1921 2071 que
1955 2005 2264 2059 amabiliter
2295 2006 2640 2076 ingeniosus,
2674 2008 2790 2061 sive
2818 2021 2941 2060 cum
2980 2007 3159 2060 iiiudit
3212 2007 3390 2062 hosti-

1819 2096 1938 2158 bus,
1982 2095 2096 2150 sive
2129 2112 2252 2150 cum
2291 2098 2462 2151 risum
2492 2098 2607 2152 suis
2635 2107 2689 2152 et
2720 2097 2974 2168 gaudium
3008 2098 3146 2152 miro
3178 2109 3393 2168 specta-

1818 2186 1944 2240 culo
1998 2187 2206 2242 delusis
2257 2197 2453 2255 parat,
2509 2189 2851 2257 jucunditate
2914 2205 2979 2244 eo
3028 2188 3106 2267 ad
3166 2205 3388 2244 sensum

1819 2280 2104 2342 blandiori,
2123 2284 2264 2350 quod
2288 2283 2336 2336 ei
2365 2283 2650 2350 prcciverat
2673 2281 2854 2336 brevis
2880 2297 2979 2336 nec
3003 2297 3161 2336 verus
3193 2293 3388 2337 terror.

1819 2371 1961 2426 Sane
2000 2375 2238 2427 nomium
2277 2391 2371 2428 eos
2428 2376 2571 2428 tristi
2625 2374 2858 2428 hostium
2910 2379 3090 2444 specie
3137 2375 3389 2430 incussus

1819 2464 1981 2532 plene
2044 2467 2293 2519 turbarat
2347 2475 2692 2532 metus,cum
2753 2476 2966 2520 mature
3016 2467 3288 2522 succurrit
3321 2481 3388 2520 ex

1817 2555 2046 2623 Augusti
2084 2566 2375 2624 conspectu
2422 2573 2561 2626 pone
2611 2559 2890 2627 sequentis
2925 2561 3100 2613 audax
3137 2558 3330 2613 ﬁducia
3371 2578 3386 2614 :

1817 2647 1892 2701 ita
1928 2657 2285 2718 temperatam
2313 2661 2366 2704 et
2393 2653 2549 2719 quasi
2588 2651 2864 2705 conditam
2896 2653 3090 2705 timore
3120 2652 3390 2707 securita-

1821 2748 1927 2794 tem
1977 2741 2190 2796 insueto
2220 2743 2409 2812 procul
2437 2745 2752 2811 spectaculo
2783 2743 3004 2797 larvatae
3039 2759 3247 2814 pompae
3275 2744 3390 2798 suis

1816 2832 2040 2888 Alexius
2071 2837 2420 2904 propinabat.
2457 2834 2656 2890 Verum
2686 2838 2828 2890 inter
2855 2836 3244 2891 alternantium
3275 2851 3392 2889 mo-

1819 2935 1904 2980 tus
1947 2935 1998 2979 et
2032 2927 2241 2996 primos
2270 2927 2630 2996 quorumdam
2661 2929 2919 2983 horrores
2943 2939 3151 2984 mature
3181 2928 3390 2983 Palam-

1820 3019 1969 3088 Iogus
2001 3035 2098 3087 pro
2145 3034 2210 3072 eo
2258 3036 2363 3087 quo
2419 3021 2671 3074 vincebat
2717 3035 2908 3074 omnes
2961 3036 3060 3074 usu
3097 3035 3302 3085 rerum,
3335 3029 3390 3072 et

147 3106 222 3154 καὶ
287 3108 404 3158 τῶν
477 3106 604 3159 καθ’
671 3104 810 3175 αἷμα
877 3111 1266 3179 προσηκόντων
1330 3111 1707 3184 ξυγκείμενον.

1819 3112 2095 3167 Alexiana:
2146 3115 2345 3167 indolis
2409 3115 2718 3182 ingeniique
2769 3113 2982 3177 notitia,
3037 3127 3097 3166 se
3146 3112 3387 3179 aliosque

149 3196 440 3252 Ἐσπευὸον
472 3201 582 3268 γὰρ
613 3199 686 3262 ὼς
744 3199 912 3270 ᾤοντο
955 3203 1156 3269 φθάσαι
1185 3205 1277 3255 τὸν
1327 3206 1710 3278 αὐτοκράτορα

143 3288 264 3340 κατὰ
299 3292 381 3342 τὰ
413 3290 519 3356 πρὸ
544 3290 733 3341 τούτου
766 3293 1119 3360 συγκείμενα.
1153 3293 1361 3350 Φθίσαι
1397 3297 1501 3368 γὰρ
1523 3298 1712 3353 τοῦτον

147 3379 421 3432 συνέθεντο
443 3382 585 3448 μετὰ
609 3379 707 3448 τὴν
738 3379 1040 3450 ’Λπόκρεω,
1067 3383 1314 3455 καθάπερ
1337 3388 1550 3456 εἴρηται
1581 3393 1715 3458 πρὸ·

143 3483 281 3537 τερον
325 3473 395 3522 ὲν
434 3474 503 3540 τῇ
545 3471 872 3541 Τυροφάγῳ.
925 3474 997 3525 Οὐ
1056 3475 1162 3544 μὴν
1219 3475 1462 3546 ἔφθησαν
1517 3481 1712 3535 ἐκεῖνοι

145 3561 520 3632 ἐξεληλυθότες
554 3564 652 3631 τῆς
698 3565 925 3627 πόλεως,
956 3566 1049 3618 καὶ
1083 3567 1109 3616 6
1137 3566 1393 3634 βασιλεὺς
1416 3573 1714 3638 τροπαιοῦι

146 3659 518 3722 χοςὲπάνεισι,
554 3660 646 3710 καὶ
669 3662 807 3712 κατά
831 3660 990 3716 τοῦτο
1011 3659 1381 3730 συμμίξαντες
1408 3664 1580 3733 αὐτῷ,
1614 3666 1713 3718 οὐκ

143 3746 198 3796 ἂι
229 3751 574 3820 ἐπείσθησαν
597 3753 678 3804 ὅτι
709 3753 736 3802 ό
771 3753 1026 3822 βασιλεὺς
1047 3755 1208 3817 αὐτός
1233 3757 1351 3808 ἐστι
1381 3773 1714 3828 τροπαιοφο-

142 3839 242 3906 ρῶν
267 3845 417 3897 οὕτω
451 3845 550 3916 τὴν
577 3847 733 3915 νίκην
758 3846 921 3910 ὀξέως
941 3846 1398 3916 ἐξεργασάμενος,
1437 3852 1483 3902 εί
1518 3851 1592 3919 μὴ
1616 3851 1714 3913 τὰς

145 3939 378 4002 κεφαλὰς
425 3939 534 3992 τῶν
599 3938 822 3992 Σκυθῶν
877 3941 1316 4009 ἐμπεπηγμένας
1379 3939 1565 4008 ἑώρων
1626 3942 1709 3993 ἐπ’

145 4029 318 4098 ἄκρων
347 4032 613 4102 δοράτων,
673 4033 766 4085 καὶ
799 4032 925 4094 τοὺς
974 4031 1290 4093 ἐπιλοίπους
1343 4029 1434 4093 οὓς
1470 4031 1530 4083 τὸ
1564 4031 1712 4100 ξίφος

144 4119 286 4176 οὔπω
343 4122 567 4193 ἐξέτεμε
605 4123 891 4192 δεσμώτας
939 4125 1217 4192 ἠγμένους
1265 4123 1359 4174 καὶ
1418 4123 1715 4193 ἑξηγκωνι-

149 4213 390 4281 σμένους,
447 4216 543 4268 καὶ
608 4214 768 4268 ἄλλον
823 4215 908 4268 ἐπ’
966 4215 1111 4284 ἄλλῳ
1157 4215 1444 4283 ἀγόμενον,
1491 4217 1584 4267 καὶ
1618 4232 1715 4266 συ-

148 4308 386 4374 ρόμενον.
446 4309 518 4360 Τὸ
554 4310 664 4377 γὰρ
716 4310 879 4377 τάχος
929 4307 1026 4376 τῆς
1081 4308 1414 4376 στρατηγίας
1469 4308 1530 4361 16
1579 4308 1710 4361 θαῦ-

150 4414 219 4462 z-u
268 4402 476 4452 ὲποίει’
539 4399 680 4471 πλὴν
731 4401 985 4453 τοσοῦτον
1036 4400 1294 4469 μανθάνω
1354 4404 1481 4472 περὶ
1534 4402 1714 4471 Γεωρ-

147 4488 261 4551 rio-1
316 4491 405 4542 τοῦ
442 4490 814 4559 Παλαιολόγου
880 4491 951 4560 (οἱ
1001 4491 1110 4559 γάρ
1161 4492 1538 4560 συμπαρόντες
1580 4495 1713 4560 ἡμῖν

150 4578 461 4654 διηγοῦντο),
488 4584 563 4645 ὼς
597 4582 912 4652 ὲσχετλίαζέ
950 4598 1005 4634 τε
1056 4582 1150 4634 καὶ
1181 4581 1273 4633 τοῦ
1303 4581 1712 4654 καθυστερῆσαι

148 4673 238 4725 τοῦ
260 4677 488 4746 πολέμου
512 4675 705 4729 ἑαυτὸν
734 4677 830 4743 ὲμέ
843 4691 1038 4744 μφετο,
1069 4677 1160 4726 καὶ
1192 4675 1272 4727 ὅτι
1302 4676 1375 4746 μὴ
1413 4678 1711 4748 συμπαρῆν

152 4764 226 4832 τῷ
273 4770 629 4839 αὐτοκράτορι
689 4767 844 4828 κλέος
903 4766 1157 4819 τοσοῦτον
1210 4767 1472 4838 ἀραμένῳ
1507 4769 1603 4821 ἐπὶ
1645 4771 1711 4840 τῇ

150 4857 527 4932 ἀπροσδοκήτῳ
559 4861 685 4930 νίκῃ
733 4860 840 4912 τῶν
887 4858 1185 4928 Βαρϐάρων
1220 4858 1443 4914 τούτων,
1495 4861 1716 4931 Σύμμε-

153 4952 362 5016 τασχείν
407 4954 516 5021 γὰρ
549 4953 800 5013 κάκεῖνος
858 4949 1111 5011 εὐκλείας
1141 4949 1413 5020 τοσαύτης
1449 4953 1542 5005 καὶ
1571 4954 1714 5007 πάνυ

151 5037 406 5098 ἐϐούλετο.
440 5046 513 5096 [Ιε
525 5044 580 5114 pi
604 5044 659 5095 δὲ
693 5043 786 5096 τοῦ
812 5041 1211 5112 αὐτοκράτορος
1239 5043 1415 5094 ἐκεῖνο
1437 5042 1502 5094 ἄν
1530 5061 1613 5105 τις
1638 5044 1717 5097 εί-

155 5147 248 5182 ποι
272 5135 324 5187 16
351 5133 499 5208 ᾆσμα
532 5137 630 5188 τοῦ
661 5133 1084 5206 Δευτερονομίου
1114 5138 1236 5187 τότε
1262 5134 1357 5188 καὶ
1391 5135 1716 5205 τελούμενον

145 5225 243 5274 καὶ
271 5228 559 5298 ὁρώμενον·
596 5227 725 5294 Πῶς
762 5227 1036 5291 διώξεται
1064 5221 1153 5292 εἷς
1177 5229 1436 5294 χιλίους,
1472 5230 1571 5282 καὶ
1605 5229 1716 5284 δύο

146 5323 613 5389 ιστακινήσουσι
675 5321 1016 5390 μ·υριιὶδας;
1074 5321 1374 5389 Μονονουχὶ
1429 5321 1540 5390 γὰρ
1589 5322 1713 5374 κατ’

147 5407 318 5464 ἐκεῖνο
349 5414 540 5485 καιροῦ
597 5415 625 5468 ό
689 5415 942 5484 βασιλεὺς
987 5411 1220 5478 Ἀλέξιος
1277 5411 1414 5482 πρὸς
1457 5413 1714 5466 τοσοῦτον

223 5543 240 5572 ¹
276 5547 436 5605 Exod.
465 5564 643 5616 xxxii,
678 5547 766 5602 50.

1820 3208 2126 3261 inclamans
2157 3208 2501 3263 coniinnavit
2534 3224 2546 3259 :
2581 3206 2839 3274 Agnosco,
2871 3203 3144 3272 inquiens,
3182 3200 3385 3264 dolum,

1817 3302 1927 3354 Ιιίεε
1965 3318 2073 3363 ars,
2094 3302 2191 3353 hoc
2224 3300 2556 3367 imperatoris
2602 3299 2769 3350 nostri
2796 3305 3118 3365 strategema
3148 3303 3263 3356 est;
3293 3310 3390 3346 au-

1819 3394 1974 3446 dendi
2025 3393 2385 3462 gaurlendique
2434 3408 2674 3453 causam,
2713 3406 2815 3442 non
2858 3389 3096 3454 timendi,
3148 3388 3387 3440 cernitis.

1816 3487 1984 3540 Porro
2013 3485 2122 3553 jam
2161 3485 2312 3538 turba
2338 3493 2533 3536 caetera
2563 3482 3089 3550 consanguineorum
3125 3479 3390 3532 aii‘tnium-

1817 3595 1921 3648 que
1948 3578 2209 3650 Byzantio
2254 3588 2373 3645 post
2404 3576 2763 3643 Palat-alogum
2827 3574 3058 3635 exierat,
3109 3569 3387 3637 suppetias

1817 3674 2062 3740 Augusto
2093 3670 2246 3738 juxta
2286 3669 2602 3723 condictum
2628 3667 2827 3719 latura.
2866 3663 2960 3716 Vix
2995 3661 3166 3730 portis
3198 3674 3388 3712 exces-

1818 3772 2026 3828 serant,
2060 3778 2181 3816 cum
2214 3776 2340 3815 ecce
2367 3760 2556 3813 vident
2588 3757 2802 3825 trepaeis
2843 3755 3033 3822 positis
3058 3769 3120 3805 ac
3149 3749 3389 3818 praelatis

1815 3859 2116 3924 Augustum
2147 3853 2344 3907 reverti
2371 3851 2653 3904 victorem.
2695 3848 2807 3902 Nec
2843 3856 3055 3913 tempus
3086 3844 3389 3911 reputanti-

1820 3949 1919 4001 bus
1949 3943 2264 4014 persuaderi
2298 3950 2508 4011 poterat
2567 3955 2686 3994 esse
2731 3946 3050 4006 pugnatum,
3092 3933 3197 3988 nisi
3240 3933 3384 3988 elata

1817 4036 1995 4089 contis
2026 4035 2197 4102 capita
2227 4035 2552 4101 Scytharum
2587 4031 2825 4083 volucris
2853 4026 3094 4080 victoriae
3133 4025 3237 4078 ﬁxa
3269 4037 3390 4076 tno—

1822 4135 2081 4181 numenta
2116 4127 2497 4193 loquerentur,
2533 4135 2768 4188 cumque
2797 4120 2864 4172 iis
2888 4117 3227 4187 captivorum
3256 4127 3388 4184 grex

1816 4221 2067 4285 abactus,
2089 4219 2395 4271 vinctorum
2429 4230 2622 4270 manus
2647 4213 2806 4283 225
2841 4223 2896 4267 et
2927 4211 3086 4275 colla,
3119 4208 3389 4278 longaque

1818 4313 1964 4367 serie
2024 4309 2404 4378 triumphalem
2471 4322 2722 4377 pompam
2789 4303 3200 4374 explicantium.
3278 4299 3388 4353 Nec

1819 4405 2101 4460 omiserim
2149 4404 2291 4473 quod
2326 4403 2500 4456 habeo
2534 4409 2873 4468 compertum
2909 4397 2977 4452 de
3009 4395 3244 4465 Georgio
3281 4393 3387 4446 Pa-

1819 4497 2044 4566 laeologo
2093 4511 2158 4550 ex
2217 4495 2534 4549 narratione
2592 4502 2720 4546 tunc
2772 4490 3161 4561 prtesentium:
3204 4484 3388 4539 multis

1817 4604 1941 4642 eum
1996 4596 2051 4642 et
2102 4587 2248 4642 veris
2301 4593 2616 4640 exsecutum
2681 4583 2960 4652 queStibus
3014 4578 3384 4634 infelicitatem

1818 4695 1993 4746 suam,
2026 4682 2168 4750 quod
2205 4693 2354 4733 nunc
2385 4679 2602 4732 demum
2629 4688 2785 4730 serus
2817 4675 2990 4728 exiret
3016 4671 3231 4741 negotio
3258 4684 3388 4722 con-

1819 4773 1982 4838 fecto,
2017 4787 2116 4828 nec
2161 4783 2268 4826 tam
2304 4770 2525 4840 gloriosi
2563 4768 2824 4823 facinoris
2879 4769 3124 4836 Augusto
3152 4763 3386 4833 primum

1823 4865 2187 4935 proﬁciscenti
2227 4879 2284 4918 se
2340 4864 2660 4933 participem
2715 4861 2956 4915 futurum
3024 4857 3384 4924 adjunxisset.

1819 4957 2024 5013 Urebat
2060 4955 2458 5011 incredibiliter
2493 4955 2668 5008 laudis
2713 4953 3066 5020 percupidum
3107 4950 3384 5002 hominem

1817 5050 2132 5106 occasionis
2163 5059 2326 5103 tantae
2352 5049 2591 5117 jactura.
2643 5046 2711 5099 At
2741 5047 2880 5100 bene
2913 5043 3074 5096 habet
3111 5042 3257 5109 quod
3292 5054 3384 5092 so-

1819 5142 1987 5196 lidum
2016 5139 2134 5208 ejus
2160 5139 2289 5193 facti
2318 5141 2481 5192 decus
2507 5151 2648 5191 unus
2683 5135 2927 5196 Alexius,
2961 5131 3036 5183 uti
3072 5139 3126 5182 et
3167 5129 3386 5197 pericu-

1819 5233 1954 5294 lum,
2003 5229 2278 5282 tulitzcui
2326 5243 2462 5296 pene
2522 5225 2653 5279 illud
2693 5225 2813 5291 jure
2862 5221 3034 5290 aptari
3064 5234 3094 5271 e
3125 5217 3387 5270 Dentero-

1818 5319 2003 5374 nomio
2030 5317 2206 5386 potuit
2237 5332 2251 5368 :
2287 5314 2563 5380 Quomodo
2595 5321 2938 5380 persequatur
2975 5325 3109 5361 unus
3139 5307 3304 5371 mille,
3335 5313 3385 5358 et

1815 5411 1920 5466 duo
1951 5409 2127 5480 fugent
2151 5409 2328 5462 decem
2349 5408 2518 5461 millia
2549 5407 2593 5459 ’ἵ
2626 5407 2822 5482 Parum
2851 5404 2994 5458 enim
3050 5401 3222 5456 abfuit
3253 5400 3386 5469 quin

1183 5635 1379 5698 Variae
1409 5636 1716 5700 lectiones
1757 5651 1836 5704 ex
1861 5633 2002 5698 cod.
2049 5631 2318 5695 Coislin.

237 5740 270 5770 η
296 5744 387 5808 μὲν
424 5742 553 5812 γάρ,
636 5741 676 5772 η
711 5741 896 5811 ήπιον.
975 5736 1189 5791 ¹²τοῦτο
1214 5738 1295 5792 τό.
