4024 6270
210 343 313 404 6i3
1449 344 1868 406 ALEXIADIS
1910 343 2056 405 LIB.
2103 345 2271 405 VIII.
3364 343 3470 408 634

211 456 294 506 vel
329 453 382 505 iu
424 453 719 518 vestibulo,
754 454 838 509 vel
873 455 920 508 in
951 454 1158 524 postica
1196 454 1377 525 templi
1415 468 1565 524 parte
1599 457 1855 510 continua
1894 455 2156 524 religione
2225 467 2579 523 perseverare
2645 458 3088 523 consuevissent,
3156 474 3328 530 usque
3399 470 3466 520 ait

212 546 358 599 bunc
396 548 688 602 tumultum
719 547 1033 616 Scytbicum
1059 563 1072 600 :
1099 551 1316 617 quando
1373 551 1556 603 audita
1619 551 1857 616 undique
1895 550 2137 620 exempla
2171 551 2516 620 gliscentium
2546 553 2788 621 quOIidie
2819 553 3072 609 licentius
3097 563 3149 608 et
3179 570 3470 622 quoscum-

213 650 317 701 que
361 637 475 704 jam
527 639 714 694 obices
748 640 1160 695 transilieutium
1206 642 1627 710 grassationum,
1662 649 1786 706 nam
1827 655 1994 709 prope
2024 649 2289 698 terrorem
2317 647 2697 708 admoverunt,
2744 655 2799 698 ut
2864 661 3000 716 quos
3030 657 3300 702 cousnela
3378 664 3469 702 re-

213 724 341 792 ligio
371 729 622 783 trahebat
651 730 715 784 ad
748 731 1148 786 venerationem
1185 734 1351 789 vicini
1388 734 1661 802 martyris,
1715 745 1782 786 ne
1859 742 2042 801 portas
2091 735 2307 803 quidem
2361 737 2574 805 aperire
2624 737 2867 808 Byzantii
2916 750 3062 793 metu
3139 741 3466 807 Scytharum

211 820 500 876 auderent.

294 909 459 965 Ἀλλὰ
483 913 656 966 ταῦτα
684 915 781 984 μὲν
801 918 870 970 τὰ
897 915 1199 984 ὲξῆπείρου
1231 921 1328 988 τῆς
1358 920 1596 988 ἑσπέρας
1623 933 1789 987 προσ-
1818 920 1863 979 Α

212 1005 453 1056 πεσόντα
480 1006 557 1075 τῷ
588 1007 950 1077 αὐτοκράτορι
975 1010 1144 1066 δεινά.
1169 1013 1244 1063 Ού
1277 1013 1460 1079 μέντοι
1493 1029 1556 1078 γε
1580 1009 1696 1062 οὐδὲ
1723 1009 1790 1060 τά

211 1099 352 1149 κατὰ
374 1098 649 1151 θάλατταν
677 1100 885 1162 ἀνέτως
916 1095 1079 1171 εἶχεν,
1114 1102 1248 1155 ἀλλὰ
1293 1101 1386 1154 καὶ
1415 1101 1536 1153 λίαν
1572 1103 1790 1153 ἐπικιν-

209 1189 402 1254 δύνως,
434 1193 529 1242 τοῦ
557 1190 746 1260 Τζαχᾶ
767 1189 922 1256 αὖθις
946 1194 1127 1246 στόλον
1156 1194 1501 1263 κτησαμένου
1525 1193 1588 1255 ³⁵,
1616 1192 1705 1244 καὶ
1723 1190 1788 1243 τὰ

212 1282 361 1350 παρὰ
386 1280 660 1335 θάλατταν
690 1284 901 1337 ἅπαντα
946 1285 1393 1354 κατατρέχοντος.
1425 1283 1549 1337 ’E‘tti.
1579 1283 1790 1346 τούτοις

209 1370 302 1426 οὖν
353 1375 380 1426 ὁ
417 1375 676 1443 βασιλεὺς
723 1377 910 1445 ἠνιᾶτο
953 1380 1049 1429 καὶ
1100 1375 1369 1446 ἤσχαλλεν
1413 1376 1791 1446 ἁπανταχόθεν

213 1466 541 1536 βαλλόμενος
559 1470 676 1530 ταῖς
695 1470 992 1539 φροντίσιν.
1031 1469 1280 1522 Ἐπειδὰν
1297 1469 1341 1522 δ’
1365 1469 1570 1539 ἠγγέλη
1593 1468 1786 1538 τούτῳ,

209 1559 284 1620 ὠς
313 1557 416 1628 ἤδη
450 1559 548 1610 καὶ
573 1559 796 1612 πλείονα
823 1558 1012 1611 στόλον
1048 1559 1111 1612 ὲκ
1133 1558 1243 1611 τῶν
1267 1559 1442 1630 παρα)
1459 1559 1552 1610 ίων
1585 1559 1792 1627 κτησά-

213 1666 397 1719 μενος,
430 1653 459 1703 ὁ
487 1649 729 1720 Τζαχᾶς,
777 1652 873 1704 καὶ
904 1649 998 1714 τὰς
1031 1651 1370 1714 ἐπιλοίπους,
1426 1645 1502 1704 ὧν
1534 1648 1789 1721 προφθά-

210 1758 310 1803 σας
337 1741 572 1811 κατέσχε
598 1744 797 1813 νήσων,
834 1743 1139 1813 πορθήσας,
1192 1745 1282 1796 καὶ
1315 1743 1459 1796 κατὰ
1489 1743 1599 1794 τῶν
1627 1743 1792 1795 έσπε-

213 1833 344 1900 ρίων
368 1833 568 1903 χωρῶν
589 1832 918 1886 διανοεῖσθαι
945 1836 1354 1904 ἐπικεχείρηκε,
1385 1835 1478 1887 καὶ
1504 1837 1637 1904 πρὸς
1656 1835 1778 1897 τοὺς

209 1923 422 1988 Σκύθας
464 1925 934 1994 διαπεμπόμενος,
990 1927 1345 1978 συνεϐούλευε
1377 1926 1476 1992 τὴν
1510 1926 1792 1997 Χερῤόνηυ

211 2033 302 2068 σον
328 2017 659 2070 καταλαϐεῖν
679 2036 690 2048 ·
723 2018 784 2071 οὐ
822 2019 928 2089 μὴν
981 2018 1103 2071 οὐδὲ
1131 2019 1190 2070 τὸ
1221 2021 1284 2070 ὲκ
1313 2017 1412 2087 τῆς
1441 2017 1580 2087 ἑῴας
1616 2032 1785 2087 προσ·

210 2107 470 2176 εληλυθδς
503 2109 578 2177 τῷ
607 2109 973 2180 αὐτοκράτορι
1005 2109 1424 2178 μισθοφορικὸν,
1471 2109 1576 2163 τῶν
1608 2108 1788 2180 Τούρ-

211 2215 320 2250 κων
345 2199 514 2268 φημὶ,
577 2199 875 2271 συνεχώρει
905 2200 1004 2264 τὰς
1035 2201 1172 2270 πρὸς
1203 2200 1368 2253 αὑτὸν
1415 2201 1650 2264 σπονδὰς
1687 2202 1788 2272 ἀρ-

213 2293 399 2360 ραγεῖς
425 2293 640 2362 τηρεῖν,
691 2291 1021 2361 ὑποσχέσεσι
1067 2295 1334 2362 χρησταῖς
1367 2292 1701 2358 ὑποσαίνων,
1738 2295 1786 2347 εί

211 2383 298 2434 sitv
345 2382 732 2452 αὐτοκράτορα
785 2383 1185 2446 καταλιπόντες
1241 2383 1393 2452 αὐτῷ
1461 2387 1792 2454 προσχωρή-

213 2490 362 2527 σαιεν
396 2475 442 2506 ³⁸
467 2488 483 2504 ⁸
535 2472 708 2527 ταῦτα
737 2475 899 2543 γνοὺς
925 2477 953 2528 ὁ
987 2474 1263 2544 βασιλεὺς,
1296 2475 1419 2527 ἐπεὶ
1453 2475 1524 2528 τά
1553 2493 1614 2528 τε
1649 2477 1791 2530 κατὰ

212 2565 485 2618 θάλατταν
512 2568 581 2618 τά
609 2583 666 2618 τε
700 2566 838 2619 κατὰ
866 2567 964 2635 τὴν
993 2567 1219 2637 ἤπειρον
1242 2566 1360 2618 λίαν
1403 2567 1592 2633 κακῶς
1639 2567 1792 2638 αὐτῷ

212 2641 496 2720 διέτίθετο,
525 2657 620 2709 καὶ
654 2659 680 2710 ὁ
704 2658 911 2727 χειμὼν
946 2657 1193 2726 σφοδρῶς
1233 2659 1277 2690 ³¹
1307 2659 1658 2728 ἐπικείμενος
1689 2663 1790 2724 τὰς

213 2745 422 2808 ἐξόδους
453 2746 804 2800 παντάπασιν
857 2746 1086 2811 ἔκλειεν,
1139 2746 1281 2800 ὥστε
1318 2749 1452 2818 μηδὲ
1486 2749 1791 2818 ἀποζυγοῦ-

213 2837 334 2889 σθαι
380 2835 484 2898 τὰς
515 2835 625 2888 τῶν
659 2836 978 2906 οἰκημάτων
1033 2835 1205 2907 θύρας
1237 2837 1327 2890 διὰ
1374 2839 1436 2892 τὺ
1466 2842 1565 2910 τῆς
1611 2841 1790 2911 χιόνος

214 2925 498 2996 ἐπιϐριθὲς
531 2926 754 2996 (συνέϐη
786 2927 897 2998 γὰρ
947 2927 1068 2980 τότε
1118 2927 1319 2998 πολλὴν
1357 2930 1785 3001 ὲπιφορηθῆναι,

213 3021 305 3072 καὶ
332 3021 474 3087 ὅσην
519 3019 693 3082 οὐδείς
725 3037 813 3073 πω
843 3021 1109 3089 πρότερον
1145 3021 1431 3090 ἔγνωκεν),
1458 3023 1533 3085 ὡς
1563 3024 1680 3077 ὲνδν
1699 3025 1789 3079 διὰ

213 3111 560 3181 γραμμάτιον
587 3111 960 3182 ἁπανταχόθεν
1007 3111 1231 3166 ἔσπευδε
1271 3113 1664 3185 μισθοφορικὸν
1697 3135 1789 3187 με·

211 3206 649 3262 τακαλέσασθαι.
706 3206 814 3260 Τοῦ
873 3207 1025 3277 ἡλίου
1059 3208 1116 3260 δὲ
1175 3208 1274 3278 τὴν
1327 3210 1550 3279 ἐαρινὴν
1579 3210 1788 3283 τροπὴν

195 3301 414 3371 ’ἀπάρτι
479 3299 1001 3370 καταλαμϐάνοντος
1066 3299 1214 3370 (ἐπεὶ
1271 3303 1366 3356 καὶ
1398 3303 1427 3356 ὁ
1463 3303 1528 3356 ὲκ
1567 3304 1675 3356 τῶν
1701 3321 1789 3356 νε-

214 3392 325 3458 φῶν
393 3391 796 3461 ἀπειλούμενος
853 3392 1092 3462 πόλεμος
1146 3392 1323 3464 ᾤχετο
1352 3433 1367 3460 ,
1435 3393 1529 3447 καὶ
1597 3396 1630 3464 ἡ
1699 3394 1788 3448 θά⁶

213 3482 376 3537 λαττα
448 3483 547 3538 τοῦ
614 3482 788 3554 θυμοῦ
856 3484 1220 3554 μετεϐέϐλητο
1269 3485 1374 3555 ³⁸),
1442 3486 1553 3539 δεῖν
1614 3485 1789 3555 ἐλογί-

1965 916 2088 973 Haec
2135 919 2251 974 fere
2296 935 2392 988 per
2435 921 2803 974 continentem
2837 921 3117 974 occiduam
3154 913 3468 989 itnpetatoti

1893 1011 2120 1065 adversa
2149 1013 2452 1080 contigere.
2488 1010 2598 1065 Nec
2644 1026 2774 1064 Vero
2807 1028 2894 1066 res
2947 1013 3217 1066 maritima
3273 1017 3467 1068 remis-

1892 1101 2006 1155 sius
2039 1100 2270 1155 habebat
2303 1120 2316 1155 :
2355 1103 2484 1170 quin
2519 1102 2702 1171 potius
2737 1101 2790 1155 in
2833 1103 3001 1155 mttlto
3033 1105 3274 1156 maximo
3317 1106 3466 1171 peri-

1892 1191 2016 1244 culo
2052 1194 2394 1255 versabatur,
2427 1193 2643 1247 Tzaeha
2673 1209 2795 1247 cum
2845 1208 3035 1247 rursus
3069 1196 3334 1248 aedificata
3374 1211 3465 1247 ar-

1892 1291 2142 1352 mataque
2163 1285 2339 1339 classe
2363 1287 2582 1354 impune
2602 1289 2779 1339 omnia
2803 1287 3180 1355 pervolitante,
3203 1303 3466 1354 oramque

1893 1375 2000 1428 late
2024 1391 2237 1430 omnem
2265 1376 2586 1445 insulasque
2611 1392 2673 1431 ac
2702 1388 2894 1446 portus
2927 1378 3172 1446 piraticis
3199 1380 3466 1433 incursio-

1892 1467 2050 1521 nibus
2112 1467 2425 1523 infestante.
2487 1468 2893 1522 Vulnerabatur
2961 1470 3046 1522 his
3102 1474 3466 1539 undecunque

1891 1555 2238 1610 alllueutibus
2269 1559 2480 1611 nuntiis
2519 1558 2870 1626 imperatoris
2905 1559 3152 1623 animus;
3207 1571 3261 1612 et
3309 1562 3464 1629 quasi

1892 1648 2111 1701 assidua
2146 1651 2291 1701 omni
2326 1665 2388 1703 ex
2425 1659 2578 1718 parte
2604 1647 2941 1718 jaeulatioue
2981 1651 3190 1718 petitus
3219 1653 3461 1720 gravium

1891 1749 1943 1792 ct
1968 1755 2184 1808 semper
2216 1742 2512 1794 recentium
2551 1755 2828 1806 curarum,
2852 1741 3038 1795 dolere
3074 1749 3248 1811 magis
3282 1753 3334 1797 ct
3380 1745 3461 1796 la-

1892 1832 2119 1884 mentari
2159 1831 2426 1899 publicam
2463 1840 2688 1896 sortem,
2717 1847 2878 1900 quam
2909 1834 3236 1903 excogitare,
3265 1836 3457 1889 nedum

1893 1921 2108 1980 aﬂ‘erre.
2152 1922 2450 1975 remedium
2481 1931 2558 1974 tot
2593 1922 2776 1985 malis,
2819 1932 2910 1974 aut
2955 1923 3006 1975 iu
3044 1934 3149 1976 tam
3204 1924 3461 1991 impedita

1895 2015 2245 2084 perplexitate
2270 2029 2453 2068 rerqu
2495 2015 2874 2086 qualecunque.
2900 2016 3182 2069 consilium
3205 2018 3464 2084 exped're

1889 2116 2137 2176 poterat:
2174 2107 2454 2175 multoque
2502 2107 2682 2160 minus
2729 2119 3014 2178 postquam
3056 2106 3274 2160 allatum
3327 2121 3463 2173 pra:-

1893 2207 2038 2253 tcrea
2074 2209 2180 2259 est,
2218 2205 2433 2251 auctam
2497 2197 2844 2252 vehementer
2887 2214 2917 2251 a
2971 2197 3182 2250 'l'zacha
3235 2197 3460 2250 classem

1892 2289 2232 2356 congregatis
2265 2302 2328 2340 ex
2365 2301 2461 2340 ora
2493 2287 2745 2341 universa
2796 2287 3068 2341 maritima
3107 2288 3309 2353 ingenti
3357 2304 3463 2340 nu-
3527 2311 3530 2314 -

1891 2395 2042 2433 mero
2095 2379 2252 2432 novis
2308 2377 2578 2444 navibus;
2637 2394 2759 2430 cum
2822 2379 2923 2432 hoc
2975 2379 3349 2446 supplemento
3406 2380 3459 2432 in

1890 2470 2072 2523 animo
2102 2470 2302 2523 habere
2367 2469 2658 2522 barbarum
2717 2471 2966 2538 reliquis,
3018 2485 3155 2538 quas
3219 2471 3461 2522 nomium

1890 2563 1989 2616 sibi
2017 2563 2343 2628 subiecerat,
2371 2562 2564 2616 insulis
2594 2563 2838 2626 vastatis,
2862 2561 3119 2616 occiduas
3153 2561 3461 2629 irruptione

1889 2655 2061 2709 valida
2111 2665 2318 2708 tentare
2363 2655 2652 2724 regiones:
2693 2655 2934 2722 adeoque
2966 2652 3074 2720 jam
3121 2653 3300 2722 egisse
3351 2668 3446 2721 per

1890 2749 2249 2808 internuntios
2277 2764 2398 2801 eum
2438 2746 2656 2817 Scythis
2698 2746 3177 2800 utChersonesum
3225 2760 3460 2812 occupa-

1887 2852 2028 2895 rent.
2093 2839 2456 2894 Nuntiabatur
2511 2851 2565 2911 ent
2619 2838 2747 2892 illud
2791 2855 2806 2892 :
2865 2839 3220 2893 intervertere
3273 2837 3460 2892 conari

1887 2933 2156 2988 Tzacbam
2223 2933 2471 2986 eumdem
2550 2931 2752 2984 auxilia
2830 2945 2949 2998 quae
3016 2931 3312 3000 imperator
3391 2930 3460 2982 ab

1889 3026 2110 3080 Oriente
2170 3023 2272 3078 sibi
2345 3024 2613 3090 promissa
2673 3021 2978 3075 Turcorum
3036 3022 3385 3088 exspectabat
3441 3035 3458 3073 :

1887 3121 2357 3184 congregatasque
2386 3111 2496 3178 jam
2531 3111 2850 3165 mercenarii
2887 3110 3074 3165 militis
3106 3113 3294 3179 copias
3319 3109 3460 3162 Tur-

1890 3208 2042 3264 cicas
2092 3207 2382 3277 promissis
2439 3213 2493 3260 ct
2539 3205 2742 3271 spe-bus
2796 3204 3002 3272 magnis
3055 3205 3123 3256 ab
3159 3204 3460 3257 emissariis

1888 3299 2119 3352 Tzachaz
2154 3305 2392 3349 tentatas
2434 3303 2490 3347 ut
2522 3308 2550 3346 a
2585 3293 2788 3347 foedere
2818 3309 2941 3344 cum
2994 3291 3254 3346 Romanis
3299 3303 3458 3360 pacto

1889 3389 2178 3450 resilirent.
2212 3387 2277 3440 ad
2306 3400 2474 3454 seque
2507 3385 2686 3452 potius
2734 3397 2996 3450 suamque
3044 3382 3319 3444 militiam,
3373 3395 3456 3435 re-

1892 3483 2021 3537 licto
2081 3482 2440 3550 imperatore,
2493 3491 2554 3531 se
2605 3473 2938 3540 conferrent,
2994 3475 3321 3544 simulatque
3365 3489 3459 3527 co-

216 3593 386 3640 σατο,
455 3574 802 3645 ἑκατέρωθεν
868 3574 975 3627 τῶν
1051 3575 1314 3627 ἐναντίων
1382 3574 1785 3645 ἐπικειμένων,

1892 3576 2031 3645 piam
2061 3573 2242 3644 pabuli
2273 3573 2337 3625 ad
2379 3568 2633 3624 alendum
2673 3568 2969 3636 equitatum
3019 3569 3267 3620 idoneam
3302 3568 3455 3620 insu-

210 3667 278 3719 τὰ
307 3667 452 3720 κατὰ
485 3667 756 3720 θάλατταν
792 3666 994 3736 μᾶλλον
1027 3667 1380 3734 καταλαϐεῖν,
1413 3668 1500 3722 ἵνα
1527 3669 1664 3738 ὁμοῦ
1688 3668 1785 3722 καὶ

214 3761 320 3823 τοῖς
370 3760 726 3830 ναυσιπόροις
765 3759 978 3828 ἐχθροῖς
1027 3761 1228 3829 ῥᾳδίως
1284 3761 1385 3832 ἔχῃ
1415 3759 1461 3790 ³³
1528 3759 1785 3812 ἀντικαθο

217 3849 488 3912 ίστασθαι,
505 3853 596 3903 καὶ
611 3849 884 3919 πρὺςεοὺς
901 3849 959 3914 ἐξ
977 3851 1206 3919 ⁴ίγπείρου
1229 3849 1466 3920 εὐχερῶς
1493 3849 1782 3920 μάχεσθαι.

213 3941 567 4012 Παραχρῆμα
623 3941 802 3995 τοίνυν
855 3942 946 3994 τὸν
1013 3942 1267 4010 Καίσαρα
1332 3940 1646 4010 Νικηφόρον
1695 3940 1786 3993 τὸν

212 4031 556 4103 Μελισσηνδν
590 4031 917 4096 ἀποστείλας
967 4031 1321 4103 μετεκαλεῖτο
1354 4031 1545 4084 θᾶττον
1571 4031 1602 4101 ἢ
1631 4032 1785 4100 λόγος

210 4127 308 4197 τὴν
338 4123 506 4178 Λίνον
542 4125 656 4196 (59)
684 4123 1036 4178 καταλαϐεῖν.
1078 4122 1322 4192 Ἕφθασε
1349 4123 1454 4194 γὰρ
1485 4123 1572 4176 διὰ
1603 4140 1786 4192 γραμ-

216 4217 404 4286 μάτων
450 4215 701 4284 δηλώσας
751 4215 1110 4281 συλλέξασθαι
1149 4215 1379 4277 ὁπόσους
1415 4214 1480 4268 ἂν
1530 4214 1782 4285 δυνηθείη

212 4308 309 4359 οὐκ
359 4308 473 4360 άπὸ
520 4304 630 4358 τῶν
689 4306 792 4376 ήδη
853 4307 1301 4377 ἐστρατευμένων
1342 4306 1608 4376 (ἐκείνους
1675 4307 1784 4377 γὰρ

214 4397 425 4464 φθάσας
453 4397 533 4458 είς
569 4394 666 4456 τὰς
699 4397 883 4458 πόλεις
916 4396 1202 4465 ἅπανταχῆ
1254 4396 1350 4466 τῆς
1389 4396 1657 4466 Ἐσπέρας
1704 4396 1786 4450 δι-

214 4489 490 4558 έσπειρεν,
521 4480 675 4555 ὲφ’ᾦ
705 4489 963 4558 φρουρεῖν
1002 4486 1071 4540 τὰ
1120 4486 1430 4556 κυριώτερα
1475 4487 1585 4540 τῶν
1631 4489 1785 4540 πολι-

216 4582 420 4649 χνίων),
443 4580 580 4632 ἀλλὰ
614 4580 756 4632 κατὰ
790 4579 957 4651 μέρος
986 4579 1299 4642 νεολέκτους
1324 4579 1637 4646 καταλέγων
1657 4581 1788 4633 ὁπό-

220 4687 296 4722 σοι
328 4688 385 4724 τε
425 4671 490 4722 ὲκ
513 4669 859 4740 Βουλγόφων,
901 4671 996 4722 καὶ
1049 4669 1237 4722 ὀπόσοι
1269 4667 1360 4721 τὸν
1415 4670 1622 4738 νομάδα
1670 4670 1786 4740 βίον

218 4761 418 4814 εἵλοντο
447 4761 712 4833 (Βλάχους
761 4762 984 4822 τούτους
1018 4762 1050 4830 ή
1093 4760 1248 4829 κοινὴ
1303 4759 1491 4814 καλεῖν
1525 4756 1633 4814 οῐδε
1661 4761 1782 4814 διά-

217 4855 424 4927 λεκτος)
473 4856 570 4910 καὶ
629 4859 756 4919 τοὺς
802 4853 1027 4910 ἄλλοθεν
1061 4855 1117 4921 ἐξ
1165 4855 1389 4908 ἁπασῶν
1435 4853 1544 4908 τῶν
1590 4856 1783 4926 χωρῶν

1888 3669 2081 3732 larum,
2133 3680 2294 3735 quam
2344 3663 2743 3722 meditabatur,
2795 3659 3192 3725 tle-praedatione
3241 3671 3458 3723 compa-

1887 3770 2084 3815 rasset.
2113 3758 2193 3811 Ad
2235 3758 2380 3810 hunc
2412 3763 2522 3808 tam
2559 3753 2816 3806 miserum
2871 3750 3126 3802 Romana:
3178 3747 3255 3799 rei
3313 3757 3456 3801 terra

1885 3849 2047 3904 situul
2098 3847 2344 3914 ruarique
2379 3860 2441 3897 ac
2498 3842 2863 3913 periculosum
2916 3847 3116 3892 statum
3166 3837 3457 3892 accedebat

1887 3941 2284 3997 incentmodum
2322 3935 2569 3990 adversa:
2625 3931 3012 4001 tempestatis:
3065 3929 3454 3982 commercium

1890 4047 2027 4102 pene
2071 4045 2232 4082 omne
2260 4029 2466 4080 viarum
2505 4036 2559 4078 et
2607 4024 3053 4078 commeationem
3098 4022 3240 4075 ultro
3286 4025 3457 4073 citro-

1886 4139 1992 4194 que
2035 4122 2344 4176 nuntiorum
2377 4118 2678 4174 [mitissima
2704 4125 2816 4168 tum
2852 4115 3028 4168 hieme
3046 4112 3456 4168 vehementibus

1886 4213 2138 4286 procellis
2171 4209 2589 4264 intercludeute.
2619 4207 2860 4261 Tradnnt
2895 4220 2998 4258 nou
3032 4203 3164 4256 alias
3190 4202 3459 4256 Constan-

1888 4305 2111 4374 tiuopoli
2145 4303 2264 4372 plus
2299 4301 2440 4356 nivis
2471 4299 2633 4355 simul
2673 4298 2870 4357 visum,
2902 4297 2977 4349 ita
3011 4305 3068 4347 ut
3118 4294 3234 4363 ejus
3283 4293 3456 4346 inusi-

1887 4406 2001 4453 tato
2057 4396 2297 4463 pondere
2348 4390 2696 4462 praegravatis
2741 4389 2898 4445 tectis
2956 4385 3178 4447 aedium,
3221 4385 3455 4451 hincque

1888 4499 2164 4558 portarum
2227 4481 2738 4553 superliminaribus
2779 4477 3072 4547 depressis,
3126 4476 3292 4527 valva:
3345 4489 3455 4527 non

1887 4583 2119 4651 amplius
2150 4581 2294 4649 jngis
2325 4579 2593 4632 ostiorum
2623 4572 2886 4627 committi
2934 4568 3290 4638 ceaptariqne
3333 4583 3457 4635 pos-

1887 4686 2029 4732 seut.
2059 4676 2258 4728 Tamen
2296 4687 2362 4725 ne
2393 4683 2524 4726 tunc
2555 4668 2774 4738 quidem
2824 4663 3063 4717 cessavit
3106 4676 3134 4712 a
3179 4658 3453 4712 mittendis

1888 4780 2102 4819 omnem
2135 4765 2184 4816 iu
2215 4771 2421 4832 partem
2454 4757 2663 4814 nuntiis
2696 4771 2758 4809 ac
2787 4752 3006 4817 litteris,
3050 4750 3248 4819 quibus
3279 4755 3459 4799 matuo

1889 4858 1994 4910 rari
2026 4853 2342 4910 conductitii
2371 4851 2559 4905 militis
2587 4849 2826 4902 delectus
2854 4855 3175 4912 magnOpere
3208 4837 3450 4907 urgebat.

221 4925 544 5017 ἐρχομένους
591 4947 790 5009 ἱππέας
820 4963 881 5000 τε
916 4945 1011 4999 καὶ
1053 4943 1274 5008 πεζούς.
1329 4945 1501 5008 Αὐτὸς
1547 4945 1603 4998 δὲ
1656 4925 1781 5010 τοὺς

1889 4945 2077 5001 Postea
2111 4961 2242 4999 vero
2264 4959 2426 5012 quam
2458 4941 2571 4995 sole
2605 4941 2671 4992 ad
2714 4935 2867 4990 verni
2919 4930 3227 4998 aequinoctii
3273 4925 3453 4980 cardi—

220 5040 307 5091 τοῦ
363 5040 612 5109 Φλάντρα
676 5037 1061 5101 πεντακοσίους
1126 5036 1362 5099 Κελτοὺς
1418 5036 1484 5090 ὲκ
1531 5036 1781 5106 Νικομη-

220 5128 358 5192 δείας
408 5129 522 5201 (40)
579 5129 1080 5198 μεταπεμψάμενος
1140 5125 1280 5197 μετὰ
1334 5124 1445 5178 τῶν
1500 5126 1779 5194 συγγενῶν

1888 5051 2009 5092 netu
2061 5049 2345 5105 progreSso
2392 5048 2496 5100 pax
2554 5033 2620 5085 ab
2653 5029 2856 5083 aethere
2902 5025 3038 5088 fuit,
3082 5021 3304 5074 nubium
3352 5015 3454 5105 tui-

1886 5128 2008 5192 nis,
2064 5104 2464 5194 seniorumque
2520 5137 2583 5176 ac
2671 5119 2930 5172 ﬂuctuum
3008 5124 3128 5166 sese
3211 5104 3451 5161 tumulti-

1244 5241 1441 5302 νοτία)
1476 5240 1778 5303 lectiones
1820 5259 1898 5303 ex
1949 5245 2091 5304 cod.
2140 5240 2410 5300 Coislin.

289 5341 331 5374 "
385 5341 742 5411 κτισαμλνου.
817 5341 866 5373 ὀ
904 5338 1390 5411 προσχωρήσαιεν,
1429 5336 1670 5406 ὁπηνίκα
1709 5336 1805 5401 τὰς
1831 5339 2026 5409 κριθὰς
2055 5337 2355 5392 καταλάϐοι
2381 5353 2395 5369 ο
2421 5335 2616 5391 ταῦτα.

222 5407 357 5465 λετο.
431 5410 480 5442 ³³
527 5407 672 5480 εχοι.

2713 5331 2757 5363 ³³
2788 5324 3037 5398 σφοδρός.
3140 5321 3189 5352 ⁸⁸
3218 5315 3451 5391 μετεϐά-

1281 5546 1419 5608 Car.
1454 5543 1782 5606 Dufresnii
1807 5545 1911 5606 Du
1938 5541 2151 5622 Cangii
2187 5547 2380 5602 notio.

289 5678 398 5745 (39)
422 5672 627 5742 Αῖνον.
660 5673 800 5730 Urbs
821 5669 1504 5745 fl‘hracige,_Villhardui_uo
1535 5670 1688 5745 Aine.

422 5726 959 5812 "iiiv'iihﬁnaiag.
986 5726 994 5728 ⁷
1017 5726 1114 5798 Ubi
1158 5743 1360 5796 milites
1413 5738 1776 5795 Flandrenses
1811 5734 2105 5794 collocarat
2131 5737 2288 5785 antea
2324 5726 2567 5784 Alexius.
