4024 6270
405 257 512 320 6'23

1715 246 1935 306 ANNE
1973 245 2354 306 COMNENJE

3565 235 3668 303 θεν.

406 387 496 432 aut
536 391 656 445 agni
711 370 1057 426 mandemus.
1119 365 1394 421 Intellecta
1460 365 1510 417 in
1561 364 1704 416 [tunc
1763 365 1978 416 modum

2111 362 2170 414 tit
2193 365 2393 424 παντὸς
2413 359 2507 414 τοῦ
2533 357 2804 428 ιροσσάτου
2821 355 2932 430 (46)
2953 353 3414 428 διακηρυκτεῦσαι
3439 353 3485 385 ⁸⁷
3507 356 3599 408 τδν
3621 355 3676 409 ἐς

407 470 684 534 Augustus
717 457 978 529 prazcipili
1015 457 1281 510 sententia
1337 455 1700 507 Comanorum
1723 492 1735 515 ,
1775 452 1980 505 nullum

402 559 516 628 jam
569 561 774 607 restare
829 549 1000 602 sensit
1058 547 1391 602 cunctationi
1435 546 1640 599 locum.
1716 543 1983 613 Expcdilo

401 651 573 718 igitur
597 641 780 698 statim
821 639 1142 708 postridiani
1185 637 1352 707 praelii
1399 636 1630 690 consilio
1673 636 1740 688 de
1770 649 1980 689 summa

411 751 592 790 rerum
641 731 930 786 decretorii
987 727 1371 790 futtiri,alaeri
1430 727 1494 778 ad
1557 725 1830 777 Comanos
1899 738 1987 776 re-

413 843 609 897 sponso
656 839 846 896 pugna:
897 823 1229 891 procinctum
1279 819 1518 872 condixit
1581 817 1631 868 in
1683 816 1986 884 proximam

413 934 704 982 auroram;
753 931 851 969 nec
887 931 1092 967 moram
1127 913 1348 982 parandi
1387 911 1528 964 fecit.
1577 908 1711 962 Nam
1755 907 1991 962 tribunis

415 1010 742 1076 ueterisque
791 1020 964 1073 usque
1012 1005 1078 1057 ad
1127 1001 1626 1071 quinquagenarias
1675 997 1992 1051 ductoribus

417 1097 694 1155 curriculo
725 1093 933 1149 vocatis
967 1091 1238 1162 negotium
1271 1090 1418 1144 dedit
1465 1087 1738 1142 indicendi
1770 1101 1867 1156 per
1896 1101 1992 1139 ca-

417 1205 530 1248 SIra
585 1189 838 1242 universa
904 1187 956 1238 in
1018 1183 1158 1238 diem
1213 1193 1489 1251 posti-runt
1539 1179 1732 1250 praelii.
1793 1177 1992 1232 Verum

416 1283 696 1338 enimvero
767 1287 1042 1346 utcunque
1093 1276 1195 1330 ista
1249 1276 1567 1328 decreverat
1627 1271 1994 1342 gerebatque,

419 1376 601 1446 gravis
657 1381 838 1425 tamen
901 1385 1022 1425 cum
1083 1369 1226 1421 intus
1285 1382 1413 1420 cura
1466 1366 1746 1419 mordebat
1811 1363 1996 1431 copias

423 1460 718 1519 immensas
773 1461 1134 1514 Barbarormn
1198 1467 1385 1509 utroru
1413 1470 1553 1523 nque
1609 1461 1996 1522 reputantem,

424 1571 652 1626 quorum
685 1554 828 1606 inter
859 1561 1044 1605 notam
1101 1547 1370 1602 feritatem
1414 1557 1463 1598 et
1504 1546 1660 1599 fidem
1707 1559 1812 1599 non
1866 1544 1999 1596 satis

426 1658 594 1700 tutam
638 1653 745 1700 tota
801 1643 1053 1712 maiestas
1092 1639 1317 1692 Romani
1379 1637 1612 1691 nominis
1672 1649 1904 1705 spesque
1939 1651 2001 1688 ac

2085 450 2183 520 τὴν
2213 449 2402 520 αὔριον
2431 449 2795 518 ταμιευθέντα
2827 449 3086 518 πόλεμον.
3125 447 3284 500 Ἀλλά
3317 447 3420 500 κᾶν
3450 445 3676 498 τοιαῦτα

2088 543 2403 608 ἐσκέπτετο,
2435 543 2622 595 ἐδεδίει
2657 543 2808 612 ὅμως
2832 541 2900 594 τὰ
2927 541 3129 611 ἄπειρα
3151 538 3350 610 ,πλήθη
3387 538 3494 590 τῶν
3533 538 3678 589 Πατ-

2089 632 2323 697 ζινὰκων
2375 634 2468 686 καὶ
2527 635 2817 704 Κομάνων,
2859 631 3182 686 ὑποπτεύων
3220 631 3318 700 τὴν
3355 630 3683 700 ἀμφοτέρων

2093 726 2382 792 σύμϐασιν.
2438 725 2622 781 Ταῦτα
2677 727 2809 795 γοῦν
2860 723 3323 794 διασκοπουμένου
3375 723 3470 776 τοῦ
3529 723 3680 792 βασ.-

2091 818 2247 885 λέως,
2279 819 2576 872 κατέλαϐον
2607 820 2742 888 πρὸς
2775 819 2937 872 αὐτὸν
2964 817 3074 874 τῶν
3104 817 3458 888 ὀρεινοτέρων
3495 815 3680 886 μερῶν

2091 911 2280 980 ἄνδρες
2308 909 2595 980 τολματίαι
2615 907 2660 940 ⁵⁸
2696 911 2789 962 καὶ
2818 910 3162 980 ἁρειμάνιοι,
3191 907 3482 976 αὐτόμολοι
3501 948 3516 971 ,
3548 906 3682 974 πρὸς

2097 1003 2476 1074 συνασπισμὸν
2515 1002 2678 1056 αὑτοῦ
2721 1005 2800 1067 είς
2839 1003 3082 1074 χιλιάδας
3123 1001 3449 1070 ποσούμενοι
3491 1001 3678 1053 πέντε.

2109 1099 2262 1152 ἰσῖπεὶ
2297 1096 2342 1149 δ’
2368 1095 2637 1168 ἀναϐολὴν
2671 1095 2751 1148 ἔτι
2783 1094 2852 1148 τὰ
2883 1095 2979 1164 τῆς
3019 1095 3199 1164 μάχης
3233 1094 3332 1146 οὐκ
3367 1087 3480 1161 εἶχε
3501 1132 3516 1156 ,
3552 1091 3682 1144 Θεὶν

2097 1187 2312 1258 ἀρωγὸν
2355 1187 2695 1240 ἐπεκαλεῖτο.
2739 1183 2998 1246 Δύνοντος
3041 1184 3096 1236 δὲ
3134 1185 3228 1236 τοῦ
3274 1183 3426 1252 ἡλίου
3471 1180 3686 1251 πρῶτος

2099 1276 2260 1339 αὐτὸς
2305 1276 2545 1346 κατῆρχε
2591 1275 2688 1342 τῆς
2729 1275 2864 1346 πρὸς
2907 1273 3041 1327 Θεὸν
3085 1271 3508 1342 παρακλήσεως,
3549 1268 3686 1334 λαμ-

2100 1367 2246 1434 πράν
2269 1385 2328 1420 τε
2365 1366 2654 1436 δᾳδουχίαν
2701 1366 3043 1437 ποιούμενος,
3070 1367 3164 1417 καὶ
3207 1364 3584 1432 προσήκοντας
3632 1357 3688 1410 "uv-

2105 1477 2269 1531 μνους
2293 1459 2434 1530 ᾄδων
2457 1459 2602 1530 αὐτῷ
2622 1477 2634 1490 ·
2659 1459 2718 1512 οὒ
2759 1459 2864 1530 μὴν
2885 1459 3003 1511 οὐδὲ
3025 1457 3084 1510 τὸ
3105 1457 3251 1511 ἅπαν
3273 1453 3539 1524 φοσσάτον
3564 1453 3690 1522 ἡρε-

2107 1554 2227 1622 μεῖν
2283 1551 2612 1624 συνεχώρει,
2665 1551 2802 1604 ἀλλὰ
2852 1553 2916 1606 τὰ
2971 1552 3110 1605 αὐτὰ
3165 1550 3382 1618 ἑκάστῳ
3433 1547 3533 1616 μὲν
3581 1545 3690 1598 τῶν

2107 1644 2491 1712 συνετωτέρων
2520 1643 2779 1714 πράττειν
2812 1641 3188 1706 συνεϐούλευε,
3215 1644 3326 1703 τοῖς
3356 1640 3412 1693 δε
3441 1640 3692 1708 ἀγροικο-

423 1740 576 1792 salns
605 1738 944 1806 deprehensa
981 1744 1148 1798 esset,
1205 1741 1352 1786 certa
1402 1731 1713 1783 conditione
1755 1728 1999 1796 supremi

2111 1735 2284 1804 τέροις
2317 1735 2653 1804 ἐπέσκηπτε.
2689 1733 3004 1804 Τηνικαῦτα
3035 1733 3164 1802 γοῦν
3192 1733 3284 1786 τὸν
3317 1732 3414 1802 μὲν
3445 1731 3597 1800 ἥλιον
3625 1723 3692 1800 ἧν

424 1831 601 1893 exitii,
633 1831 678 1884 si
718 1831 859 1898 quod
892 1835 1012 1881 erat
1041 1825 1328 1879 momentis
1355 1827 1608 1876 ontnibus
1643 1821 1964 1874 facillimum
1987 1858 2002 1883 ,

425 1922 598 1976 amba:
625 1930 811 1991 gentes
845 1919 1097 1972 Barbarie
1131 1920 1508 1971 tractationem
1555 1913 1862 1969 concordia:
1889 1914 2002 1982 jam

428 2025 664 2084 emptam
691 2010 1223 2072 αιιεοιγοτοιιιητυιὶςι
1253 2023 1446 2078 magno
1469 2007 2004 2079 sollicitudinisltestu

429 2121 615 2160 secum
653 2106 898 2174 Augusto
943 2101 1163 2171 agitanti
1199 2102 1402 2153 sistunt
1445 2113 1504 2153 se
1548 2101 1892 2153 commodum
1942 2115 2008 2154 ex

429 2195 746 2266 regionibus
778 2194 1052 2247 montanis
1083 2194 1197 2246 duri
1247 2191 1491 2246 homines
1517 2199 1569 2244 et
1596 2192 1838 2246 bellicosi
1865 2191 2002 2245 haud

429 2289 721 2358 pauciores
751 2286 992 2356 quinque
1017 2285 1273 2350 millibus,
1297 2285 1387 2353 qui
1417 2300 1637 2352 operam
1673 2284 1812 2338 ultro
1853 2301 2006 2339 suam

429 2381 496 2434 ad
527 2381 770 2450 prteliunt
805 2378 1098 2444 oﬂ'errent,
1151 2377 1440 2445 locumque
1482 2377 1534 2428 in
1581 2377 1696 2430 acie
1749 2375 2008 2444 deposce-

430 2480 574 2528 rent.
625 2470 912 2525 Inclinavit
951 2469 1218 2523 adventus
1251 2475 1361 2521 tam
1405 2480 1746 2537 opportunus
1779 2466 2008 2522 snbsidii

433 2577 539 2617 non
569 2562 718 2630 parvi
775 2561 1096 2630 pendentem
1133 2562 1500 2624 sententiam,
1556 2561 1626 2613 ita
1674 2570 1732 2613 ut
1778 2575 2010 2628 pugnam

431 2666 596 2722 quam
653 2651 860 2706 diﬂ‘erri
913 2651 1148 2720 amplius
1200 2664 1304 2702 non
1361 2665 1523 2718 posse
1571 2649 1808 2716 videbat,
1855 2651 2012 2720 plane

427 2745 542 2813 jam
598 2746 648 2798 in
726 2744 1023 2796 crastinum
1075 2743 1372 2810 imperator
1419 2744 1756 2808 decerneret,
1813 2741 2014 2812 Deique

434 2843 757 2906 praesentem
801 2846 958 2904 opem
993 2835 1059 2886 ad
1107 2833 1350 2886 victoria:
1397 2849 1711 2888 successum
1753 2835 2012 2904 implora-

437 2935 540 2981 ret.
591 2925 700 2979 Nec
729 2940 847 2978 eam
889 2925 1203 2993 religionem
1244 2925 1396 2978 obire
1433 2927 1584 2980 solus
1626 2938 1718 2981 aut
1757 2929 2011 2996 privatim

435 3021 573 3074 satis
608 3017 799 3073 habuit
837 3035 850 3070 :
905 3016 998 3072 sed
1041 3031 1166 3069 cum
1208 3017 1322 3086 ipse
1365 3019 1514 3085 prior
1545 3019 1826 3073 occidente
1875 3021 2010 3082 sole.

2109 1829 2240 1899 ὀρᾷν
2267 1825 2362 1880 τοῦ
2394 1827 2666 1894 ὁρίζοντος
2692 1827 2938 1894 δύνοντα,
2965 1829 3058 1881 τὶν
3084 1826 3140 1880 δὲ
3167 1827 3307 1896 ἀέρα
3341 1821 3689 1892 πεφωτισμέ-

2109 1933 2220 1980 νον,
2247 1918 2347 1988 οὐχ
2374 1917 2492 1980 ἑνὸς
2519 1917 2707 1987 ὥσπερ
2735 1917 2887 1988 ἡλίου
2920 1917 3247 1986 λάμποντος,
3275 1915 3411 1969 ἀλλὰ
3442 1914 3534 1966 καὶ
3563 1911 3692 1963 πολ-

2110 2010 2217 2064 λῶν
2251 2011 2423 2064 ἄλλων
2455 2012 2702 2084 ἀστέρων
2732 2009 2991 2079 λαμπρὰν
3022 2007 3120 2079 τὴν
3153 2007 3351 2076 φαῦσιν
3383 2002 3693 2075 παρεχομέ-

2111 2121 2236 2156 νων.
2265 2103 2541 2166 ’Ἅπαντες
2577 2103 2686 2174 γὰρ
2719 2106 2828 2165 τοίς
2869 2102 3021 2164 ἰδίοις
3054 2101 3243 2170 δόρασι
3278 2097 3568 2168 λαμπάδας
3603 2095 3696 2148 καὶ

2112 2194 2336 2265 κηροῦς,
2363 2194 2434 2257 ὡς
2463 2193 2694 2257 ’ἕκαστος
2719 2193 3012 2262 δυνάμενος
3041 2187 3178 2262 εἶχε,
3207 2189 3431 2260 ἀνῆψεν.
3455 2188 3523 2241 Al
3549 2187 3604 2239 δέ
3630 2201 3692 2254 γε

2062 2317 2066 2320 -
2113 2285 2264 2353 παρά
2296 2284 2390 2336 τοῦ
2430 2284 2837 2354 στρατεύματος
2880 2282 3338 2353 ἀναπεμπόμεναι
3380 2279 3559 2348 φωναὶ
3601 2279 3694 2346 μέ-

2112 2393 2254 2446 χρις,
2285 2372 2460 2445 οἶμαι,
2493 2376 2599 2427 τῶν
2630 2374 2894 2446 οὐρανίων
2929 2373 3174 2440 ἀντύγων
3201 2371 3465 2441 ἔφθανον·
3500 2369 3698 2440 μᾶλλον

2111 2467 2190 2532 δὲ,
2233 2469 2280 2518 εί
2321 2469 2426 2538 χρὴ
2465 2467 2698 2536 τάληθὲς
2740 2469 2938 2531 εἰπεῖν,
2981 2467 3062 2530 είς
3101 2465 3264 2518 αὑτὸν
3298 2463 3388 2516 τὸν
3421 2462 3700 2530 Δεσπότην

2113 2559 2244 2611 Θεὸν
2272 2560 2620 2628 ἀνεφέροντο.
2655 2560 2752 2612 Ἐκ
2781 2557 2968 2611 τούτου
3000 2558 3064 2620 δ’,
3093 2553 3268 2626 οἶμαι,
3297 2551 3702 2626 τεκμαίρεσθαι

2114 2654 2220 2724 χρὴ
2253 2652 2352 2723 τὴν
2385 2651 2475 2706 τοῦ
2519 2652 2783 2720 βασιλέως
2819 2652 3133 2716 εὑσέἕειαν,
3166 2651 3242 2714 ὡς
3281 2651 3387 2720 ἄρα
3423 2648 3522 2711 τὰς
3565 2645 3706 2716 πρὺς

2115 2743 2345 2813 ἐχθροὺς
2382 2743 2685 2816 προσϐολὰς
2718 2747 2818 2797 οὐκ
2857 2745 3029 2798 ἐδόκει
3065 2746 3239 2796 ποιεῖν
3266 2743 3394 2796 ἄνευ
3421 2739 3521 2810 τῆς
3555 2739 3708 2792 ἐκεί-

2115 2833 2206 2886 Οεν
2249 2838 2566 2904 ὲπαρωγῆς.
2611 2837 2686 2889 Οὐ
2729 2836 2839 2905 γὰρ
2879 2837 2935 2887 ἐν
2979 2834 3204 2905 ἀνδράσι
3243 2833 3338 2886 καὶ
3379 2833 3569 2892 ἵπποις
3608 2829 3709 2881 καὶ

2119 2931 2516 2998 στρατηγικαῖς
2553 2932 2823 3000 μηχαναῖς
2859 2929 2956 3002 και)
2991 2924 3144 2992 οὗτος
3182 2927 3440 2998 mappa,
3477 2923 3613 2978 ἀλλά
3647 2921 3712 2973 τδ

2117 3023 2226 3073 πᾶν
2252 3023 2317 3091 τῇ
2349 3023 2628 3092 ἀνωροπῇ
2661 3022 2856 3076 ἐδίδου.

435 3128 544 3166 non
573 3114 690 3167 sine
724 3111 998 3165 luculenta
1035 3109 1348 3179 pra-latione
1381 3113 1688 3164 ardentium
1755 3114 1936 3167 facutn
2005 3117 2182 3169 sacris
2232 3117 2447 3185 hymnis
2502 3117 2856 3171 concinendis
2895 3115 3135 3172 caelestis
3211 3112 3398 3169 auxilii
3480 3111 3718 3164 advoca-

435 3213 636 3264 tionem
691 3208 1022 3268 ineltoasset,
1067 3220 1286 3274 operam
1333 3207 1478 3259 dedit
1528 3217 1584 3260 ut
1637 3211 1763 3261 totis
1812 3209 2008 3262 castris
2049 3211 2190 3264 idem
2229 3209 2424 3277 ﬁeret;
2467 3211 2914 3280 prudentioribus
2975 3211 3312 3275 consilium,
3383 3205 3714 3274 agrestiori-

437 3305 538 3358 bus
584 3312 911 3370 praereptura
961 3301 1096 3354 dans
1129 3299 1284 3354 istius
1337 3301 1418 3352 sui
1493 3301 1724 3371 exempli
1779 3301 2050 3358 imitandi.
2129 3303 2368 3358 Paruere
2424 3307 2603 3360 cuncti
2659 3323 2670 3360 :
2725 3307 3034 3374 mirumque
3081 3303 3264 3360 statim
3341 3299 3718 3372 spectaculum

435 3397 645 3452 exstitit
685 3393 1155 3448 innumerabilium
1204 3393 1490 3460 luminum,
1539 3397 1694 3463 quasi
1749 3397 1976 3453 totidem
2020 3409 2313 3468 astrorum,
2367 3417 2462 3470 pro
2506 3416 2610 3456 uno
2639 3410 2752 3456 tum
2801 3401 3162 3456 occumbente
3221 3398 3388 3454 solari
3465 3396 3570 3450 late
3616 3409 3723 3448 ae-

451 3505 566 3544 rem
647 3487 1120 3542 collnstrantinm.
1201 3484 1428 3538 Miliittnt
1516 3489 1782 3556 siquidem
1841 3490 2259 3560 supplicantium
2328 3493 2774 3562 singulisunimis
2804 3495 3053 3562 praehan
3079 3492 3380 3547 hasdssive
3413 3488 3719 3557 lampadas.

441 3591 558 3641 sive
599 3583 866 3638 candelas
904 3595 1126 3644 cereas,
1178 3589 1336 3649 prout
1377 3583 1604 3650 quisque
1635 3595 1888 3652 poterat,
1921 3597 2014 3641 aut
2055 3589 2121 3643 ad
2171 3603 2392 3642 manum
2436 3587 2692 3654 habebat,
2728 3589 2837 3644 alte
2913 3587 3175 3642 tollebant
3247 3597 3510 3640 accensas
3547 3600 3565 3636 :
3627 3596 3718 3636 eo-

441 3695 547 3748 que
609 3676 796 3730 babitu
873 3674 1274 3754 ingemiuabaat
1337 3675 1618 3744 reiigiosas
1677 3693 1837 3731 voces
1883 3695 2016 3748 quas
2087 3681 2340 3748 equidem
2391 3695 2562 3748 usque
2609 3681 2676 3735 ad
2751 3682 3010 3734 caelorum
3063 3679 3317 3734 verticem
3371 3674 3700 3744 pervenisse

442 3771 713 3830 arbitror;
771 3775 949 3829 certe,
989 3777 1056 3814 ἰιι
1094 3765 1226 3816 nihil
1277 3765 1520 3820 dicamus
1586 3767 1689 3821 nisi
1729 3778 1894 3822 certa:
1946 3781 2262 3839 testatzeque
2295 3772 2564 3836 veritatis,
2605 3771 2670 3826 ad
2735 3769 2906 3825 Deum
2975 3771 3152 3840 ipsum
3221 3769 3512 3822 Dominum
3593 3779 3720 3820 surc-

445 3878 560 3919 sum
603 3859 936 3914 ferebantur.
987 3855 1172 3924 Neque
1224 3857 1274 3910 id
1331 3859 1484 3922 leve,
1545 3859 1759 3928 opinor,
1820 3861 2311 3932 doemnentnmzest
2347 3863 2623 3932 religionis
2677 3863 2948 3933 Augusti,
3018 3861 3110 3930 qui
3177 3871 3292 3914 tam
3332 3857 3536 3928 palam,
3609 3865 3722 3910 tam

447 3961 674 4016 libenter
720 3955 1060 4015 declararet,
1141 3969 1482 4022 nequaquam
1526 3970 1584 4008 se
1628 3970 1810 4024 parem
1851 3974 1972 4012 esse
2049 3973 2207 4025 posse
2281 3959 2563 4013 vincendis
2611 3959 2727 4013 acie
2794 3959 3046 4014 hostibus
3097 3956 3302 4026 absque
3343 3961 3552 4016 auxilio
3607 3973 3722 4016 etn-

447 4051 589 4105 lesti.
616 4049 878 4102 Nimirum
914 4058 1017 4095 non
1063 4041 1148 4095 ille
1187 4045 1236 4095 in
1275 4044 1426 4106 viris,
1465 4059 1566 4096 non
1605 4045 1654 4097 in
1681 4045 1858 4112 equis,
1897 4061 2000 4100 non
2041 4046 2096 4100 in
2149 4047 2416 4100 machinis
2449 4045 2654 4101 bellicis
2684 4046 2934 4100 ﬁduciam
2996 4044 3382 4112 collocaverat,
3419 4047 3514 4102 sed
3597 4063 3720 4104 on:-

449 4159 544 4200 nes
575 4159 636 4197 ex
677 4143 767 4195 Dei
813 4156 919 4192 tino
951 4151 1080 4191 nutu
1123 4137 1452 4202 nunrineque
1503 4151 1801 4203 suspensas
1851 4139 2084 4192 habebat
2122 4141 2236 4207 Spei
2277 4140 2544 4194 rationes.

519 4238 622 4291 Per
673 4237 819 4289 hunc
871 4235 1086 4287 modum
1135 4227 1527 4296 Supplicatioae
1564 4229 1628 4281 ad
1672 4231 1898 4282 mediam
1931 4249 2005 4285 ex-

2201 4236 2310 4287 Kat
2343 4235 2514 4288 ταῦτα
2551 4233 2649 4302 μὲν
2685 4234 2847 4302 μέχρι
2885 4234 3057 4304 μέσης
3091 4235 3326 4288 ἐτελεῖτο
3357 4235 3590 4302 νυκτὸς,
3631 4255 3722 4304 μι-

451 4337 620 4383 tracta
659 4333 868 4378 noctein
892 4362 904 4386 ,
943 4321 1202 4387 brevique
1247 4319 1501 4386 deinceps
1553 4327 1772 4389 gustato
1809 4336 2022 4391 sumito,

447 4433 747 4487 exsurgens
790 4416 1024 4469 diluculo
1058 4415 1200 4466 dedit
1233 4429 1450 4478 operam
1503 4426 1558 4465 ut
1604 4413 1794 4468 leviter
1825 4417 2024 4468 armati

453 4511 673 4573 milites,
707 4515 969 4575 quantum
1003 4503 1114 4556 fieri
1151 4516 1366 4572 posset,
1407 4503 1589 4556 loricis
1631 4516 1938 4573 cmteraquc
1976 4507 2025 4559 id

453 4613 624 4669 genus
655 4605 930 4648 armatura
982 4603 1336 4660 tegerentur;
1379 4607 1441 4644 ac
1476 4607 1596 4645 cum
1635 4594 1806 4662 galeis
1843 4597 2024 4648 omni-

451 4691 556 4745 bus
589 4685 926 4752 consumptis
955 4697 1075 4751 quie
1113 4683 1164 4734 in
1207 4684 1628 4737 armamentario
1660 4687 1886 4754 reperiri
1929 4703 2024 4750 po-

455 4785 696 4841 tuerunt,
725 4773 886 4845 232
919 4781 1274 4840 superessent
1306 4772 1483 4825 adhuc
1510 4777 1753 4827 armandi
1788 4777 1983 4830 milites
2009 4819 2023 4842 ,

453 4874 520 4927 iis
559 4871 674 4940 ipse
707 4868 916 4921 liberali
957 4863 1250 4918 collatione
1282 4865 1580 4918 sericorum
1622 4866 1864 4920 velorum
1905 4865 2016 4921 fer-

454 4962 666 5034 ruginei
701 4959 920 5024 coleris,
965 4956 1252 5012 simulacra
1287 4956 1522 5010 confecit
1557 4960 1800 5025 qumdam
1837 4961 2019 5014 thora-

2135 4325 2264 4394 κρὺν
2307 4326 2362 4376 δὲ
2404 4325 2495 4377 τοῦ
2537 4326 2722 4378 λοιποῦ
2765 4325 2824 4378 τὸ
2871 4325 3029 4394 σῶμα
3069 4325 3442 4388 διαναπαύσας
3489 4329 3722 4396 ἁνέθορε

2135 4415 2228 4465 τοῦ
2265 4415 2459 4482 ὒπνου,
2492 4415 2584 4468 καὶ
2611 4417 2734 4478 τοὺς
2766 4415 2955 4484 ψιλοὺς
2987 4415 3094 4468 τῶν
3125 4415 3480 4483 στρατιωτῶν
3513 4415 3722 4479 ὥπλιζε

2135 4507 2417 4577 καρτερῶς
2439 4551 2452 4574 ,
2487 4511 2630 4561 ἔστιν
2660 4503 2720 4562 οὗ
2757 4512 2850 4562 καί
2881 4528 3035 4572 τινας
3069 4509 3247 4579 ἄμφια
3279 4511 3373 4562 καὶ
3407 4526 3721 4580 περικεφα-

2135 4597 2291 4660 λαίας
2329 4599 2392 4651 ἐκ
2433 4601 2672 4670 σηρικῶν
2711 4602 2934 4654 πέπλων
2971 4599 3252 4670 ὁμοχρόων
3294 4603 3722 4663 κατασκευάσας

2138 4692 2480 4761 περιέϐαλεν,
2519 4697 2642 4746 ἐπεὶ
2685 4693 2760 4764 μὴ
2797 4696 3010 4763 ἀπέχρη
3051 4692 3228 4762 τούτῳ
3269 4692 3407 4763 πρὸς
3444 4693 3659 4754 πάντας
3697 4697 3722 4744 ὁ

2131 4784 2368 4853 σίδηρος.
2408 4786 2650 4856 Ἡμέρας
2676 4787 2732 4838 δὲ
2758 4788 2966 4855 ἀπαρτι
3012 4784 3372 4854 διαγελώσης,
3426 4783 3722 4855 καρτερῶς

2126 4875 2490 4945 ὀπλι;ἁμενος
2519 4879 2617 4945 τῆς
2651 4877 2928 4946 φάλαγγος
2953 4875 3061 4947 [ῐσ.
3087 4874 3398 4946 φάραγγος]
3433 4875 3633 4940 ἔξεισι,
3665 4876 3722 4926 τὸ

2129 4967 2374 5020 ἐνυάλιον
2401 4968 2604 5037 ἡχῆσαι
2633 4967 2913 5030 κελεύσας.
2945 4969 3052 5020 Καὶ
3083 4967 3325 5022 κάτωθεν
3359 4965 3452 5018 τοῦ
3485 4964 3722 5034 λεγομέ-

1475 5097 1680 5156 Variae
1719 5097 2027 5162 lectiones
2071 5122 2150 5164 ex
2185 5108 2325 5168 cod.
2365 5108 2640 5172 Coislin.

527 5201 570 5233 "
603 5196 1051 5270 διακηρυκεῦσαι.
1129 5197 1174 5227 ⁸⁸
1202 5195 1511 5264 solun-Jan

1534 5343 1672 5400 Car.
1723 5341 2052 5406 Dul'resnii
2076 5350 2170 5408 Du
2197 5351 2416 5430 Cangii
2448 5361 2635 5413 noue.

540 5463 652 5535 (46)
700 5463 1046 5536 ,Φοσσὰτρω
1115 5462 1369 5536 Occurrit
1430 5463 1541 5516 haec
1591 5481 1690 5519 rex
1769 5483 2027 5536 rursum,

465 5531 588 5607 pag,
613 5531 740 5598 231,
769 5534 894 5608 5-12.
943 5533 1038 5608 [ist
1066 5545 1242 5608 autem
1274 5531 1556 5608 fossatum,
1591 5538 1862 5608 exercitus
1885 5531 2024 5608 ipse,

458 5601 562 5658 iet
583 5613 760 5676 castra
791 5603 1130 5676 ipsa._Gloss.
1161 5601 1325 5676 B_.t_sil.
1377 5604 1632 5676 κάπρον,
1656 5605 1787 5676 ,ἦτοι
1816 5601 2022 5675 φοᾱσάᾴ

459 5693 573 5730 τον.
625 5671 821 5726 Chron.
877 5673 1026 5727 Alex.
1071 5687 1160 5726 an.
1199 5671 1410 5727 Hera‘cl.
1471 5671 1574 5728 l8:
1619 5671 1853 5745 Πλησίον
1911 5680 2020 5746 γὰρ

2139 5475 2308 5546 αὐτῆς
2336 5477 2435 5546 τῆς
2473 5477 2679 5540 πόλεώς
2714 5479 2834 5531 ἐστι
2867 5475 2928 5530 τὸ
2963 5478 3232 5544 φοσσάτον
3277 5475 3462 5546 ἡμῶν.
3509 5473 3712 5528 Idalias

2139 5545 2189 5598 itt
2224 5545 2417 5612 Fastis,
2461 5549 2573 5614 ipso
2618 5565 2758 5601 anno
2806 5548 3070 5616 profectus
3108 5559 3180 5600 est
3223 5545 3406 5600 Valens
3441 5547 3720 5616 Augustis

2135 5631 2197 5668 ea:
2229 5619 2350 5670 urbe
2383 5619 2451 5670 ad
2483 5619 2760 5687 fossatum.
2799 5619 3032 5674 Consule
3055 5617 3347 5674 Glossaria.
