4024 6270
249 340 352 401 633

1483 366 1902 428 ALEXIADIS
1938 372 2087 432 LIB.
2114 373 2283 431 VIII.

3389 369 3494 437 634

251 453 304 503 οὐ
365 456 574 523 μικράν
611 459 733 523 ταῖς
781 461 931 530 παρὰ
975 464 1022 497 ⁸³
1072 466 1171 538 τὴν
1217 469 1338 524 ὁδὸν
1393 477 1808 546 παρακειμέναι.

1935 496 2122 534 verum
2155 480 2320 534 etiam
2367 478 2419 533 in
2469 480 2899 551 qualemcunque
2939 489 3102 535 tantae
3145 479 3285 537 labis
3326 482 3508 551 suspi-

256 548 600 614 κωμοπόλεσι
630 552 730 620 τὴν
762 552 967 624 βλάϐην
1003 558 1298 628 ἐπάξωσιν,
1338 565 1584 636 ὁμήρους
1610 569 1666 635 ἐξ
1720 571 1824 626 αὖ·

250 635 351 685 τῶν
401 635 695 706 λαμϐάνει.
737 643 1132 716 Ᾱίτησαμένων
1161 652 1214 704 δὲ
1251 659 1344 706 καὶ
1371 635 1553 709 αὐτῶν
1580 660 1647 712 τὰ
1679 660 1824 713 κατὰ

249 726 341 794 τὴν
371 728 491 780 ὁδὸν
527 732 712 795 αὐτοῖς
742 737 1172 808 ἀσφαλίσασθαι,
1229 745 1444 799 δίδωσιν
1503 750 1686 812 αὐτοῖς
1733 751 1823 804 τὸν

260 819 590 893 Ἰωαννάκην
613 827 659 858 ⁸³
711 829 867 899 (ἀνὴρ
906 831 958 883 δὲ
1014 829 1166 896 οὗτος
1201 839 1393 910 ἀνδρίᾳ
1435 845 1530 893 καὶ
1563 845 1821 914 φρονήσει

244 910 562 982 διαφέρων),
584 917 681 986 τὴν
710 921 821 972 τῶν
854 924 1107 976 ἁπάντων
1130 929 1448 999 οἰκονομίαν
1480 910 1626 985 διαθέ
1638 910 1818 1005 μενος,

243 1002 336 1053 καὶ
363 1004 464 1074 τὴν
503 1007 699 1078 μέχρις
729 1014 893 1066 αὑτοῦ
937 1017 1030 1068 τοῦ
1059 1017 1224 1086 ζυγοῦ
1259 1022 1366 1074 τῶν
1421 1025 1689 1094 Κομάνων
1734 1029 1821 1079 εὐ-

239 1095 483 1161 θέτησιν.
520 1102 754 1155 Τοιαῦτα
784 1109 884 1174 μὲν
915 1105 1005 1162 οὖν
1028 1112 1094 1163 τά
1125 1113 1218 1165 τοῦ
1247 1115 1652 1185 αὐτοκράτορος
1699 1119 1819 1190 θείᾳ

238 1185 461 1251 πάντως
495 1194 722 1262 προνοίᾳ
744 1211 759 1225 '
812 1198 987 1252 πάντα
1013 1203 1142 1268 γοῦν
1178 1205 1317 1258 κατὰ
1341 1209 1399 1258 τὸ
1431 1207 1638 1278 πλῆρες
1666 1209 1818 1263 τελέ-

239 1293 360 1340 σας.
394 1286 799 1356 τροπαιοφόρος
822 1289 985 1353 αὐτὸς
1021 1295 1248 1366 νικητὴς
1284 1297 1418 1367 πρὸς
1443 1298 1503 1349 τὸ
1526 1299 1817 1361 Βυζάντιον

234 1369 601 1440 ἐπανέρχεται
637 1377 813 1430 Μαΐου
842 1388 1279 1451 παριππεύοντος
1311 1388 1500 1455 μηνός.
1542 1388 1703 1440 Ἀλλὰ
1749 1390 1817 1442 τὰ

235 1462 341 1531 μὲν
369 1465 479 1515 τῶν
508 1467 732 1522 Σκυθῶν
759 1465 863 1525 ὧδέ
906 1491 982 1543 πη
1020 1477 1192 1548 πέρας
1221 1482 1413 1548 ἐχέτω,
1461 1485 1564 1535 κᾶν
1595 1485 1658 1536 ἐκ
1687 1485 1817 1537 πολ-

229 1551 344 1603 λῶν
374 1554 532 1621 ὀλίγα
565 1571 653 1625 μοι
687 1559 925 1630 εἴρηται,
958 1563 1114 1634 ἄκρῳ
1162 1565 1412 1638 δακτύλῳ
1455 1571 1548 1622 τοῦ
1596 1571 1814 1641 Ἀδρια-

225 1642 386 1695 τικοῦ
443 1645 698 1717 ἁψαμένη
753 1649 1045 1719 πελάγους.
1101 1656 1212 1720 Τὰς
1242 1658 1353 1727 γὰρ
1402 1659 1665 1730 λαμπρὰς
1721 1660 1814 1714 τοῦ

224 1732 639 1805 αὐτοκράτορος
705 1739 884 1806 νίκας,
926 1745 1023 1808 τὰς
1083 1750 1316 1816 μερικὰς
1373 1752 1480 1805 τῶν
1539 1753 1814 1823 πολεμίων

1933 569 2141 622 cionem
2199 569 2457 623 incidere.
2523 567 2705 638 Itaque
2752 570 2854 623 hac
2890 571 3051 622 etiam
3087 571 3371 624 occasione
3424 581 3509 626 sat

1935 661 2087 729 longa
2133 662 2198 712 ad
2231 674 2422 712 oumes
2463 662 2708 713 oratione
2740 661 2804 713 de
2845 661 3108 714 mendacii
3169 663 3506 730 turpitudine

1931 752 2245 821 disputavit.
2271 751 2392 806 "rec
2415 766 2539 819 erga
2569 751 2785 822 fugaces
2802 753 3071 807 Cumanos
3093 753 3164 806 ita
3187 757 3463 807 constituit
3491 774 3505 820 ;

1931 847 2068 900 alios
2102 861 2167 899 ex
2196 859 2258 899 ea
2291 857 2452 914 gente
2485 848 2572 915 qui
2617 858 3012 906 remanserant.
3047 858 3098 899 et
3131 849 3300 900 secuti
3329 859 3505 900 castra

1930 947 2226 992 mutantem
2279 937 2656 1005 imperatorem
2696 948 2849 990 erant
2886 937 3034 1005 regio
3087 952 3181 1004 per
3207 937 3350 989 diem
3387 937 3481 988 reli

1929 1043 2093 1098 quum
2132 1031 2379 1083 convivio
2407 1029 2638 1098 excepit.
2671 1027 2783 1081 Nec
2810 1038 3202 1096 repraesentare
3241 1025 3503 1096 promissa

1929 1122 2145 1188 praemia
2197 1131 2307 1174 tum
2361 1121 2673 1176 temulentis
2736 1120 2934 1185 voluit;
2981 1130 3036 1172 at
3094 1120 3354 1188 postridie
3414 1118 3505 1172 ubi

1927 1211 2198 1278 crapulam
2231 1211 2600 1266 edormierant
2622 1252 2636 1274 ,
2672 1222 2727 1264 et
2762 1213 2866 1264 vini
2901 1227 3098 1276 vapore
3126 1211 3301 1264 somni
3343 1211 3506 1264 bene-

1930 1303 2052 1356 licio
2097 1304 2342 1358 discusso
2367 1344 2382 1364 ,
2440 1319 2503 1355 eo
2547 1303 2657 1371 jam
2691 1312 2833 1357 statu
2889 1315 3045 1355 erant
3079 1312 3131 1354 ut
3168 1302 3506 1356 liberalitatis

1927 1408 2145 1448 sensum
2187 1409 2380 1461 capere
2411 1403 2665 1461 possent,
2707 1393 3022 1447 convocatis
3049 1393 3114 1444 ad
3150 1407 3208 1446 se
3253 1393 3505 1445 omnibus

1927 1500 2032 1537 non
2069 1499 2129 1538 ea
2166 1484 2336 1537 solum
2388 1499 2505 1552 qum
2562 1485 2835 1550 pollicitus
2867 1483 2999 1550 ipsis
3041 1491 3180 1547 erat,
3235 1498 3354 1534 cum
3403 1482 3506 1534 title

1929 1575 2112 1628 omnia
2163 1576 2442 1643 persolvit,
2476 1578 2568 1628 sed
2602 1575 2752 1642 plura
2804 1586 3063 1642 praeterea
3103 1574 3357 1626 munilice
3408 1572 3504 1624 ad-

1925 1684 2142 1723 mensus
2183 1678 2286 1732 est,
2337 1685 2501 1722 unum
2539 1668 2604 1719 ab
2639 1670 2718 1721 eis
2749 1668 2986 1720 vicissim
3017 1668 3258 1736 exigens.
3312 1680 3504 1732 nempe

1923 1776 1992 1815 ne
2017 1761 2067 1813 in
2095 1761 2265 1813 reditu
2307 1761 2372 1812 ad
2403 1775 2560 1827 quem
2591 1775 2646 1813 se
2678 1760 3030 1827 accingebant
3082 1759 3227 1812 vicos
3273 1759 3502 1812 nrbesve

220 1824 422 1892 ἥττας,
458 1830 557 1891 τὰς
599 1831 724 1884 καθ’
755 1833 851 1887 ἕνα
895 1836 1088 1890 τούτου
1120 1840 1513 1913 ἀνδραγαθίας,
1542 1846 1611 1898 τὰ
1649 1849 1706 1898 ὲν
1738 1845 1808 1916 τῷ

1922 1855 2176 1907 Romana:
2202 1852 2422 1905 ditionis
2452 1851 2748 1920 diriperent
2780 1851 2956 1903 obiter
2991 1858 3082 1902 aut
3111 1853 3499 1917 quoquomodo

226 1921 442 1987 μεταξὺ
485 1928 869 1993 συμπίπτοντα
929 1935 1043 1996 τοῖς
1101 1936 1223 1989 τότε
1260 1942 1493 2010 καιροῖς,
1543 1943 1637 1994 καὶ
1661 1943 1811 2006 ὅπως

219 2013 365 2102 προς
396 2011 645 2078 ἅπαντας
675 2019 1016 2076 ὲποικίλλετό
1045 2043 1103 2078 τε
1135 2027 1241 2079 κοιλ.⁸
1275 2029 1361 2083 διὰ
1402 2033 1665 2095 παντοίας
1709 2048 1804 2102 με·

215 2101 381 2197 aeson
423 2105 596 2160 διέλυε
643 2109 710 2162 τὰ
743 2116 1124 2182 συμπίπτοντα
1163 2119 1334 2186 δεινὰ,
1381 2123 1490 2177 οὐδ’
1523 2123 1588 2178 ἂν
1630 2132 1814 2197 Δημο-

214 2194 426 2291 σδξνης
467 2200 644 2264 ἄλλος,
675 2203 708 2272 ἢ
741 2203 835 2257 καί
889 2207 916 2258 6
958 2208 1103 2272 am;
1160 2214 1270 2265 τῶν
1320 2215 1565 2285 ῥητόρων
1623 2194 1810 2291 χορὸς,

211 2286 337 2339 οὐδ’
367 2287 494 2359 an;
537 2292 845 2365 Ἀκαδημία
903 2302 1053 2353 πᾶσα
1111 2302 1270 2374 καὶὴ
1322 2306 1460 2358 Στοὰ
1505 2309 1588 2369 εἰς
1621 2286 1817 2365 ταυτὸν

209 2380 679 2454 ωνεληλυθέτην,
719 2389 810 2439 καὶ
868 2390 1146 2462 προῦργου
1197 2396 1396 2460 παντὸς
1429 2397 1526 2461 τὰς
1571 2399 1812 2466 Ἀλεξίου

1920 1945 2259 1999 infestarent.
2291 1943 2480 2008 tQuam
2514 1944 2578 1994 ad
2617 1958 2730 1996 rem
2778 1958 2884 1994 non
2921 1951 3210 1996 contentus
3250 1946 3500 2010 praesenti

1919 2053 2151 2094 assensu
2218 2035 2381 2089 etiam
2444 2036 2667 2101 pignora
2718 2033 2770 2086 iu
2823 2033 2990 2088 futuri
3044 2033 3201 2086 ﬁdem
3247 2050 3309 2088 ex
3370 2036 3501 2104 ipsis

1919 2130 2137 2184 obsides
2163 2127 2394 2196 accepit.
2428 2126 2636 2192 Quibus
2663 2135 2717 2179 et
2765 2127 3002 2180 vicissim
3030 2127 3376 2180 securitatem
3409 2126 3503 2180 iti-

1923 2221 2074 2274 neris
2124 2221 2430 2288 petentibus
2477 2221 2648 2272 virum
2717 2219 3034 2272 fortitudine
3097 2236 3160 2273 ac
3217 2221 3502 2288 prudentia

1915 2321 2262 2378 praestantem
2310 2309 2636 2363 Joannacem
2670 2309 2967 2377 assignavit
3016 2311 3114 2362 vite
3165 2310 3416 2362 comitem
3448 2317 3504 2362 et

1913 2403 2356 2456 necessariorum
2410 2400 2540 2468 ipsis
2589 2415 2651 2454 ac
2703 2402 3116 2454 commodorum
3165 2401 3498 2468 provisorem

1909 2495 2444 2563 dispensatoremque
2513 2492 2752 2544 onmium
2790 2533 2805 2554 ,

2873 2493 3048 2560 quoad
3132 2492 3497 2545 Comanorum

203 2561 434 2666 iugum,
464 2579 687 2666 lmetam
727 2572 956 2638 itineris,
997 2576 1292 2633 incolumes
1342 2583 1671 2650 attigissent.
1716 2587 1807 2644 Sic
1844 2561 2101 2644 omnibus
2149 2590 2215 2640 ad
2246 2587 2464 2656 plenum
2510 2586 2771 2640 exsolutis
2803 2585 2965 2656 236
3003 2585 3165 2641 officii
3249 2587 3492 2652 partibus

401 2658 600 2750 ῌνὶθιοι·
659 2677 724 2717 ac
817 2669 1034 2733 Iropzeis
1089 2668 1300 2738 fulgens
1351 2676 1452 2728 sub
1513 2677 1854 2734 desinentem
1897 2681 2098 2735 Maium
2157 2679 2476 2750 Byzantium
2529 2679 2709 2731 rediit.
2747 2676 2923 2745 Atque
2973 2678 3086 2730 hzec
3117 2679 3381 2731 hactenus
3429 2680 3497 2732 de

206 2746 361 2801 bello
395 2746 675 2818 Scythico;
709 2755 862 2823 cujus
911 2756 1051 2811 haud
1089 2776 1356 2830 quaquam
1389 2779 1568 2822 tamen
1613 2783 1794 2837 partes
1831 2787 2022 2827 omnes
2071 2780 2163 2825 attt.
2195 2746 2358 2825 casus
2410 2769 2650 2837 singulos
2730 2769 2980 2821 retulisse
3047 2782 3132 2820 me
3215 2766 3495 2833 profiteor.

205 2843 316 2909 Ουί
380 2847 678 2912 Ροιιιῖδεεηι
714 2848 1040 2918 Mquidem?
1105 2871 1229 2910 cum
1289 2868 1343 2912 et
1401 2861 1579 2931 ipsum
1652 2866 1882 2918 multmn
1924 2865 2090 2920 fuerit
2151 2865 2348 2919 libasse
2391 2879 2558 2932 pauca
2610 2863 2676 2916 de
2723 2861 3123 2916 multiszvelnt
3174 2859 3217 2912 si
3276 2859 3498 2926 pelagus

204 2935 562 2990 Adriaticum
596 2957 810 2996 summo
843 2944 1010 3012 digito
1061 2951 1407 3018 stringerent.
1439 2954 1568 3009 Nam
1609 2966 1799 3010 cuncta
1840 2959 2036 3025 quibus
2070 2973 2128 3013 se
2169 2973 2266 3027 per
2301 2957 2352 3010 id
2387 2969 2596 3023 tempus
2637 2955 2939 3007 nobilitavit
3009 2951 3262 3012 Alexim,
3358 2947 3493 3002 faci-

207 3043 352 3082 nora
414 3029 691 3100 sigillatim
739 3037 1000 3104 exsequi;
1089 3041 1384 3108 explicare,
1455 3044 1712 3115 inquam,
1769 3062 1867 3115 pro
1903 3049 2186 3115 dignitate,
2210 3048 2421 3115 quoties
2453 3046 2499 3098 is
2530 3045 2807 3097 victoriam
2834 3043 2898 3094 de
2953 3042 3197 3109 pluribus
3241 3047 3496 3105 reporta-

205 3121 276 3174 τῇ
304 3161 323 3184 ι
377 3123 593 3192 (11³0ῑῖ65
634 3141 697 3180 ex
739 3127 900 3180 rebus
950 3130 1175 3196 perditis
1205 3133 1426 3186 consilio
1470 3137 1748 3189 emerserit
1774 3175 1790 3200 ,
1833 3147 2034 3206 quanta
2061 3139 2320 3192 varietate
2351 3135 2662 3202 multiplicis
2691 3134 2909 3186 virtutis
2941 3132 3004 3183 ad
3075 3144 3264 3183 omnes
3355 3144 3497 3184 unus

203 3217 718 3270 diversissimarum
779 3229 1075 3286 temporum
1169 3223 1482 3293 iniquitates
1540 3230 1869 3295 occurrerit,
1913 3246 2084 3298 neque
2112 3230 2246 3282 alter
2281 3229 2670 3281 Demosthenes
2718 3235 2918 3294 queat.
2952 3239 3014 3276 ac.
3045 3238 3169 3276 cum
3235 3236 3303 3275 eo
3333 3222 3492 3275 simul

202 3308 418 3362 chorus
445 3310 733 3364 universus
763 3311 1063 3366 rhetorum.
1099 3314 1212 3368 [mo
1239 3332 1411 3385 neque
1457 3320 1499 3372 si
1545 3320 1849 3374 Academia:
1889 3323 2090 3389 pariter
2121 3338 2182 3375 ac
2249 3321 2391 3374 Stoa:
2447 3318 2657 3388 ingenia
2687 3315 3141 3384 .conspiraverint
3205 3313 3495 3381 adscriptis

203 3401 572 3456 celebrandas
594 3403 768 3456 Alexii
807 3421 891 3459 res
912 3415 1112 3473 gestas.
1134 3411 1461 3474 speraverint
1513 3425 1820 3482 teqnaturos
1859 3413 2196 3483 splendorem
2251 3411 2516 3467 orationis
2596 3424 2721 3464 cum
2779 3407 3075 3478 argumenti
3119 3406 3348 3470 merito,
3433 3412 3493 3458 ut.

205 3503 360 3547 totos
383 3493 729 3547 intenderent
764 3495 1038 3551 facultatis
1065 3513 1282 3552 nervos.

281 3586 362 3637 Οὔ
413 3585 611 3638 πολλαὶ
651 3586 865 3655 διῆλθον
895 3591 1101 3658 ἡμέραι
1149 3592 1250 3658 τῆς
1287 3591 1380 3644 τοῦ
1424 3592 1695 3663 βασιλέως
1729 3595 1808 3658 είς

1988 3591 2101 3647 Non
2141 3591 2295 3645 multi
2330 3591 2445 3646 dies
2477 3591 2744 3646 tinxerant
2779 3589 2846 3642 ab
2878 3586 3221 3655 imperatoris
3253 3585 3304 3636 in
3341 3584 3492 3649 pala-

201 3676 279 3732 τὰ
303 3677 585 3750 ἀνάκτορα
606 3679 981 3750 είσελεύσεως,
1005 3683 1098 3735 καὶ
1121 3684 1148 3736 ὁ
1184 3684 1434 3757 ’Λριέὸης
1463 3685 1574 3757 (50)
1611 3688 1805 3756 Ἀρμέ-

205 3787 352 3833 νιος,
401 3771 498 3822 καὶ
527 3773 554 3822 ὁ
595 3771 800 3834 Κελτδς
833 3774 1338 3842 Οὐμπερτόπουλος
1370 3777 1618 3846 (λογάδες
1651 3773 1803 3832 οὗτοι

209 3861 413 3932 ἄνδρες
454 3861 562 3913 τῶν
598 3847 878 3928 ἐπιφανῶν
941 3865 1276 3935 ἀρειμάνιοι)
1315 3869 1458 3920 κατὰ.
1505 3870 1601 3921 τοῦ
1643 3871 1805 3924 αὐτο·

208 3953 491 4022 κράτορος
527 3954 929 4022 μελετήσαντες
990 3955 1379 4025 ἐφωράθησαν,
1434 3957 1641 4023 πλῆθος
1703 3960 1803 4012 οὐκ

210 4047 448 4114 ἀγεννὲς
483 4049 624 4116 πρὸς
656 4049 885 4116 ταυτηνὶ
903 4047 1001 4117 τὴν
1033 4047 1228 4117 βουλὴν
1259 4048 1668 4119 ἐπισυρόμενοι.
1693 4052 1804 4104 Καὶ

212 4141 262 4191 οἱ
297 4138 516 4208 ἔλεγχοι
560 4139 838 4208 παρῆσαν,
865 4139 961 4190 καὶ
996 4141 1028 4208 η
1063 4138 1295 4206 ἀλήθεια
1335 4141 1799 4212 ἐπαρρησιάζετο.

213 4226 566 4295 Κατάκριτοι
615 4227 673 4279 δὲ
726 4227 826 4297 ἠδη
861 4231 1236 4292 καταστάντες
1283 4232 1332 4284 οἱ
1367 4231 1666 4298 ἐπίϐουλοι,
1709 4234 1804 4303 δή-

215 4334 419 4385 μευσιν
461 4317 556 4369 καὶ
592 4317 894 4388 ὑπερορίαν
925 4320 1230 4388 τηνικαῦτα
1281 4323 1698 4394 κατεκρίοησαν
1733 4325 1800 4386 ⁸⁵,

210 4409 322 4461 τῶν
360 4411 425 4460 ἐκ
455 4410 569 4461 τῶν
609 4410 792 4479 νόμων
842 4413 1045 4464 ποινῶν
1093 4413 1187 4465 τοῦ
1233 4414 1638 4486 αὐτοκράτορος
1674 4435 1800 4489 σχοο

208 4501 310 4571 λῆν
353 4501 597 4567 παντελῆ
648 4501 1201 4572 καταψηφισαμένου,
1258 4506 1485 4574 μηδενὸς
1541 4509 1602 4560 τὸ
1638 4509 1801 4578 σῶμα

212 4589 583 4660 ὶωϐηθέντος.
644 4593 1124 4666 Λογοποιουμὲνην
1177 4597 1233 4650 δὲ
1289 4598 1561 4667 Κομάνων
1612 4599 1800 4668 ἔφοδον

214 4685 516 4756 μανθάνων
544 4688 574 4740 ὁ
599 4686 982 4758 αὐτοκράτωρ,
1010 4687 1219 4741 ἐκεῖθεν
1250 4687 1305 4741 δὲ
1337 4689 1430 4740 καὶ
1455 4690 1549 4741 τὸν
1584 4691 1800 4743 Βοδίνον

209 4779 311 4831 καὶ
346 4779 548 4840 αὐτοὺς
577 4778 874 4847 Δαλμάτας
907 4780 1362 4850 παρασπονδῆσαί
1401 4797 1462 4833 τε
1512 4783 1608 4833 καὶ
1658 4782 1802 4835 κατὰ

209 4869 310 4938 τῆς
339 4867 633 4937 ἡμεδαπῆς
675 4869 928 4940 χωρῆσαι
963 4869 1345 4939 βουλομένους,
1376 4871 1666 4940 ἐμερίζετο
1686 4875 1800 4937 τοῖς

1912 3686 2049 3739 tium
2108 3684 2280 3739 reditu
2333 3699 2454 3739 cum
2506 3683 2838 3748 deprehensa
2873 3679 3180 3745 conjuratio
3233 3675 3494 3728 adversus

1911 3791 2032 3830 eum
2064 3785 2151 3830 est
2187 3774 2398 3828 Ariebis
2421 3771 2660 3824 Armenii
2702 3780 2754 3822 et
2786 3767 2919 3823 Galli
2955 3763 3354 3832 Umpertopuli,
3393 3762 3486 3830 qui

1915 3865 2319 3921 multitudinem
2355 3878 2463 3916 non
2497 3863 2949 3915 contemnendam
2996 3858 3047 3909 in
3081 3872 3230 3909 suam
3268 3863 3492 3908 senten-

1915 3958 2042 4010 tiam
2084 3962 2388 4008 traxerant.
2423 3953 2664 4007 Aderant
2699 3957 2886 4016 testes,
2920 3950 3140 4007 indit-ia,
3172 3954 3490 4015 argumenta

1911 4048 2092 4102 Omnia
2148 4062 2163 4099 :
2214 4045 2437 4115 ipsaque
2490 4043 2626 4097 adeo
2683 4042 2748 4094 ad
2802 4040 3198 4094 convictionem
3243 4036 3492 4091 criminis

1913 4137 2193 4194 manifesta
2225 4136 2432 4191 veritas
2459 4135 2818 4204 loquebatur:
2849 4148 2948 4187 nec
2977 4131 3212 4201 fugiendi
3251 4129 3487 4198 spatium

1912 4232 1993 4286 rei
2046 4232 2381 4292 habuerant,
2418 4228 2510 4282 sed
2549 4229 2803 4281 astabant
2848 4225 3192 4278 insidiatores
3221 4221 3491 4290 conjurati

1910 4325 2124 4396 propria
2183 4325 2330 4392 ipsos
2362 4321 2697 4378 conscientia
2731 4329 2783 4374 et
2834 4319 3176 4373 confessione
3219 4315 3490 4384 prmdam-

1912 4421 2185 4474 nantibus.
2231 4417 2378 4471 Satis
2450 4425 2628 4470 tamen
2690 4413 2989 4478 imperator
3056 4409 3246 4463 habuit
3295 4405 3491 4460 exsilio

1909 4527 2006 4566 eos
2065 4519 2119 4565 et
2163 4510 2428 4564 bonorum
2486 4505 2850 4578 publicatione
2899 4503 3152 4565 multare.
3206 4513 3489 4572 poenarum

1910 4605 2181 4657 acriornm
2239 4601 2684 4672 prtescriptarum
2749 4597 2978 4667 legibus,
3045 4608 3243 4662 corpus
3305 4591 3493 4659 utique

1911 4697 2085 4766 ipsum
2123 4710 2188 4750 ac
2217 4697 2384 4748 vitam
2419 4693 2739 4762 petentium,
2769 4690 2998 4760 gratiam
3035 4686 3305 4742 convictis
3347 4683 3492 4737 inte-

1909 4803 2058 4858 gram
2087 4785 2310 4840 faciens.
2332 4783 2773 4854 Exindezduplex,
2795 4792 2982 4835 neuter
3003 4778 3180 4842 laetus,
3215 4771 3492 4829 increbre-

1909 4893 2069 4932 scens
2095 4892 2313 4945 rumor“
2332 4877 2468 4929 alter
2491 4872 2853 4943 expeditionis
2879 4872 3086 4924 infesta:
3101 4867 3487 4924 Cumanorum;

211 4963 525 5033 λογισμοῖς,
568 4963 704 5033 πρὸς
735 4963 997 5034 ὁπότερον
1052 4962 1118 5016 ἂν
1176 4962 1494 5018 ἁπονεύσειε
1547 4965 1656 5020 τῶν
1713 4969 1803 5036 ὲχο

1919 4969 2174 5024 Bodiuum
2220 4967 2354 5022 alter
2406 4975 2460 5019 et
2494 4965 2771 5018 Dalmatas
2813 4961 2964 5015 novis
2994 4959 3215 5012 studere
3250 4952 3412 5004 rebus
3437 4959 3492 5002 et

213 5054 389 5123 θρῶν.
446 5053 578 5109 Δέον
627 5053 722 5110 οὖν
777 5055 925 5122 αὐτῷ
951 5054 1125 5107 ἐδόκει
1183 5054 1325 5108 κατὰ
1355 5055 1462 5108 τῶν
1501 5057 1801 5124 Δαλματῶν

214 5147 457 5217 πρώτως
487 5148 904 5214 ἐξοπλίσασθαι,
935 5146 1032 5200 καὶ
1063 5147 1508 5216 προκαταλαϐεῖν
1551 5148 1619 5201 τὰ
1667 5151 1798 5204 ἀναο

219 5239 432 5308 μεταξὺ
469 5243 568 5311 τῆς
597 5240 895 5311 ἡμεδαπῆς
923 5237 1018 5290 καὶ
1041 5237 1222 5290 αὐτῶν
1246 5237 1569 5306 διακείμενα
1595 5239 1802 5310 τέμπη,

1911 5059 2264 5128 irruptionem
2313 5057 2364 5111 in
2397 5069 2612 5111 nostros
2669 5056 2804 5108 ﬁnes
2863 5049 3112 5106 meditari
3168 5045 3384 5101 ferens.
3432 5037 3487 5089 in

1905 5151 2196 5218 ancipitem
2217 5149 2470 5202 distraxit
2504 5163 2689 5201 curam
2713 5141 3060 5210 imperatoris
3091 5138 3353 5194 animum,
3382 5142 3488 5182 non

1915 5243 2052 5298 satis
2104 5241 2482 5310 expedientem
2541 5239 2648 5293 utri
2695 5235 2846 5307 prius
2909 5231 3151 5304 pericul’o
3211 5224 3490 5276 videretur

1303 5350 1500 5412 Variae
1533 5353 1836 5417 lectiones
1881 5373 1958 5419 ex
1989 5356 2132 5417 cod.
2166 5353 2414 5416 Coislin

291 5460 338 5490 ⁶¹
374 5460 534 5513 κατά.
613 5459 659 5492 ⁸³
703 5456 1027 5523 ’Ῑωανάκην.
1103 5454 1148 5487 ⁸⁵
1180 5453 1507 5523 ἐκρίθησαν.

1298 5567 1435 5628 Car.
1464 5565 1796 5628 Dufresnii
1847 5569 1942 5630 Du
1970 5566 2190 5645 Cangii
2221 5571 2410 5628 notae.

298 5699 404 5768 (50)
451 5699 732 5765 Ἁριέσης.
787 5693 999 5749 Ariebis
1043 5692 1307 5768 Armenii,
1367 5691 1517 5759 cuius
1573 5692 1775 5768 iterum
1816 5693 2060 5753 meminit
2123 5696 2301 5760 Anna,
2375 5691 2467 5748 lib.
2503 5707 2550 5757 ν,
2585 5701 2636 5746 et
2670 5689 3008 5747 Constantini
3096 5685 3480 5753 Ilermenopult

233 5761 947 5836 conju'ratiouem’enarrant
977 5765 1180 5832 pariter
1213 5761 1452 5817 Zonaras
1483 5773 1534 5817 et
1565 5763 1779 5830 Glycas.
