4024 6270
555 383 664 446 639

1859 388 1899 443 Α
1912 386 2011 443 NN
2021 383 2082 441 ΑΕ
2119 381 2505 442 ΕΟΜΝΕΝᾸΞ

3708 372 3820 436 610-

553 503 706 551 sunt.
738 493 874 548 Tum
907 504 1128 563 rogante
1159 495 1487 564 imperatore
1522 511 1639 566 qua:
1671 511 1829 552 causa
1869 493 2131 565 inopinati

2252 494 2698 561 ςεὸαστοκρατωρ
2731 491 2867 552 τέως
2915 489 3014 541 οὐκ
3049 486 3468 556 ἀντεφθέγξατο,
3520 483 3640 539 ἀλλ’
3684 486 3818 540 ὀνει-

556 590 820 642 advcntus
849 587 1028 640 esset?
1057 587 1324 643 lsaacius:
1359 587 1495 653 Tua,
1529 589 1702 658 inquit
1729 629 1743 651 .
1785 604 1950 643 causa
1993 587 2134 642 veni.

554 676 744 731 Alexio
766 691 892 729 vero
914 675 1013 730 sibi
1054 679 1334 731 molestum
1359 694 1479 732 esse
1510 678 1748 734 olliciose
1774 679 2136 747 significante,

556 769 698 835 quod
733 766 902 820 frater
933 769 1107 821 inutili
1141 771 1223 823 sui
1271 785 1398 824 Cura
1438 778 1646 823 tantum
1704 770 1905 824 laboris
1947 779 2137 824 exant-

552 857 742 921 lasset,
780 858 910 912 nihil
957 861 1359 914 sebastocrator
1395 861 1640 929 reposuit
1673 877 1686 914 :
1725 863 1961 917 nondum
2017 878 2138 915 ma-

559 957 736 1002 turum
800 958 1048 1005 statuens
1108 953 1173 1003 de
1225 952 1318 1007 lilii
1379 955 1590 1023 negotio
1655 955 1833 1023 loqui,
1874 956 2052 1024 quoad
2105 971 2134 1008 a

559 1040 896 1111 Dyrrhachio
950 1059 1088 1111 quos
1137 1047 1486 1113 exspectabat
1538 1046 1812 1114 acciperet
1877 1049 2136 1113 nuntios,

556 1132 675 1199 ejus
710 1132 986 1202 diligentia
1027 1150 1185 1202 quem
1217 1151 1284 1190 eo
1314 1138 1670 1206 prauniserat.
1724 1137 1857 1192 Nam
1901 1139 1967 1192 ad
2025 1141 2139 1207 pri-

557 1239 698 1277 mam
729 1239 917 1278 auram
973 1227 1179 1281 sinistri
1213 1229 1278 1282 de
1329 1229 1436 1283 lilio
1471 1231 1707 1285 rumoris
1737 1232 2140 1285 sebastocrator

556 1317 903 1372 brevissiinas
931 1319 1140 1374 litteras
1173 1336 1269 1388 per
1295 1328 1575 1375 strenuum
1608 1337 1886 1378 cursorem
1923 1323 1991 1377 ad
2011 1338 2136 1378 eum

556 1406 879 1470 destinarat,
923 1409 1120 1476 quibus
1146 1411 1371 1482 iubebat
1405 1412 1686 1467 confestim
1716 1428 1838 1468 eum
1875 1415 1942 1468 ad
1973 1417 2140 1484 impe-

557 1507 791 1552 ratorem
813 1501 1069 1554 accedere
1112 1520 1126 1556 :
1165 1503 1228 1556 ad
1255 1519 1415 1571 quem
1441 1515 1493 1558 et
1514 1503 1628 1573 ipse
1652 1507 2137 1574 praeoccupandum

557 1592 907 1661 parandaque
963 1597 1146 1648 omnia
1202 1597 1482 1665 purgando
1538 1597 1752 1652 crimini
1805 1597 1920 1665 jam
1996 1615 2141 1655 nunc

558 1683 840 1738 festinaret
876 1686 1291 1756 Philippopolim
1329 1707 1342 1739 :
1376 1689 1445 1741 ibi
1482 1691 1890 1756 pra‘stolaturus
1941 1692 2140 1746 adven-

556 1781 669 1826 tum
704 1773 819 1835 ﬁlii.
855 1775 1157 1836 celerrime,
1187 1785 1243 1828 ut
1277 1779 1528 1842 sperabat
1560 1820 1573 1842 ,
1621 1789 1675 1832 et
1702 1788 1950 1834 'ncccsse
1978 1790 2094 1835 crat
2121 1824 2138 1848 ,

556 1877 622 1916 eo
649 1867 954 1919 accursuri.
993 1865 1066 1918 Ea
1099 1867 1502 1922 sebastocrator
1536 1869 1822 1937 opperiens
1875 1882 1984 1923 tum
2019 1875 2141 1938 qui-

557 1955 679 2009 dem
727 1957 861 2010 nihil
916 1957 1060 2011 aliud
1113 1959 1216 2013 nisi
1255 1959 1402 2011 vultu
1455 1973 1508 2013 et
1543 1961 1916 2016 familiaritate
1969 1965 2144 2020 solitis

556 2050 729 2106 fratre
763 2056 1001 2108 salutato
1029 2093 1045 2118 ,
1081 2055 1133 2107 in
1186 2052 1517 2124 assignatum
1570 2058 1670 2124 ipsi
1730 2059 2140 2113 tabernaculum

557 2145 846 2198 concessit.
879 2143 1077 2200 Verum
1122 2147 1281 2216 paulo
1330 2159 1449 2217 post
1505 2152 1705 2204 missus
1761 2152 1826 2204 ad
1877 2150 2140 2206 Joannem

561 2235 873 2290 tabellarius
906 2254 1098 2308 magno
1131 2256 1292 2293 cursu
1318 2239 1581 2295 lsaacium
1625 2246 1873 2297 convenit
1902 2283 1916 2305 .
1956 2247 2143 2310 proxi-

560 2341 709 2380 mum
739 2325 966 2384 J0annis
999 2331 1171 2399 ipsius
1197 2333 1486 2387 adventum
1525 2337 1799 2391 nuntians.
1832 2335 1968 2389 Tum
2015 2354 2144 2393 vero

558 2418 605 2472 is
644 2417 785 2472 velut
817 2435 874 2474 se
905 2423 1050 2475 onmi
1083 2423 1412 2490 suspicionis
1440 2424 1808 2492 periculojam
1830 2428 2141 2482 defunctum

556 2511 912 2578 existimans,
952 2515 1146 2570 ﬁducia
1179 2531 1440 2585 concepta
1488 2518 1872 2589 spiritibusque
1921 2521 2147 2589 majori-

556 2601 659 2654 bus
685 2643 699 2667 ,
747 2605 1130 2668 imperatorem
1165 2608 1279 2661 adit
1311 2609 1666 2678 iniplaridus,
1710 2613 1960 2679 iramque
2001 2615 2144 2668 haud

558 2693 777 2746 dubiam
809 2697 1069 2748 anhelans
1121 2699 1172 2750 in
1226 2714 1319 2751 eos
1350 2699 1514 2770 239
1555 2702 1644 2769 qui
1695 2702 1921 2769 primam
1973 2707 2147 2773 suspi-

561 2784 735 2837 cionis
785 2783 850 2837 de
903 2784 1112 2841 Joanne
1175 2791 1507 2842 mentionem
1565 2792 1706 2860 apud
1763 2794 2142 2861 imperatorem

559 2875 846 2930 fecissent.
901 2875 1056 2930 llunc
1087 2881 1157 2931 ita
1209 2881 1423 2934 turbide
1467 2884 1814 2938 accedentem
1869 2885 2146 2954 Angustus

557 2976 748 3019 contra
799 2968 1044 3032 intuitus,
1079 2985 1388 3038 quanquam
1455 2973 1719 3028 intellexit
1763 2975 1946 3028 statim
1997 2991 2147 3030 eum.

559 3056 817 3112 motionis
847 3075 1087 3122 causam.
1134 3074 1478 3130 percontatus
1527 3076 1704 3120 tamen
1752 3066 1990 3123 officiose
2024 3080 2141 3133 est,

2240 581 2556 655 ρώττωνῆν
2578 585 2644 638 τὰ
2695 582 2806 636 ἀπὸ
2868 579 2962 633 τοῦ
3013 579 3320 651 Δυρραχίου
3371 579 3510 647 μετά
3554 577 3649 632 τοῦ
3694 593 3820 648 προ-

2240 678 2582 748 πεμφθέντος
2627 675 2758 744 παρ’
2797 673 2966 727 αὑτοῦ
3000 672 3450 742 κομισθησόμενα
3500 671 3815 742 μηνύματα.

2240 770 2352 821 Καὶ
2377 769 2486 838 γὰρ
2516 768 2633 837 ἅμα
2681 768 2759 835 τῷ
2791 767 3148 836 ὲνωτισθῆναι
3178 767 3246 818 τά
3282 765 3665 836 θρυλλούμενα
3693 767 3820 836 περὶ

2241 861 2335 914 τοῦ
2360 863 2478 914 υίοῦ
2516 860 2703 925 αὑτοῦ,
2752 859 3073 913 δισύλλαϐον
3104 859 3415 928 ἐγχαράξας
3470 859 3608 930 πρὸς
3662 860 3822 913 αὑτὸν

2240 955 2496 1024 γράμμα.
2516 952 2959 1021 παρεκελεύσατο
2982 953 3172 1006 θᾶττον
3195 953 3329 1023 πρὸς
3342 952 3827 1022 τδνξαύτοκράτορα

2242 1045 2500 1114 φοιτῆσαι
2533 1061 2550 1077 ⁸
2604 1045 2680 1106 ὡς
2727 1045 2819 1099 καὶ
2874 1045 3037 1097 αὐτὸν
3067 1045 3154 1096 ἐπ’
3185 1043 3330 1114 αύτῷ
3376 1045 3550 1113 τούτῳ
3583 1043 3681 1098 τοῦ
3724 1046 3832 1098 Βυο.

2245 1137 2463 1200 ζαντίου
2495 1136 2855 1206 ἐξεληλυθότα
2879 1137 3014 1203 πρὸς
3028 1136 3456 1189 Φιλιππούπολιν
3479 1136 3824 1204 ἐπείγεσθαι,

2241 1226 2326 1291 ἐφ’
2357 1218 2401 1292 ᾧ
2433 1225 2500 1278 τά
2530 1226 2648 1277 κατ’
2683 1224 2850 1278 αὑτοῦ
2880 1225 3014 1293 πρὸς
3038 1227 3127 1278 τὸν
3159 1225 3538 1294 αὐτοκράτορα
3591 1227 3824 1296 εἰσηγη-

2242 1317 2403 1369 θέντα
2428 1320 2772 1380 κατασεῖσαι,
2815 1319 2884 1370 τά
2937 1319 3123 1370 είκὸτα
3165 1318 3301 1387 πρὸς
3351 1318 3442 1370 τὸν
3475 1317 3708 1387 ἀδελφὸν
3733 1319 3834 1372 καὶ

2243 1409 2470 1478 βασιλέα
2516 1411 2876 1479 ὁμιλήσαντα·
2931 1411 3046 1478 ἅμα
3087 1409 3142 1462 δὲ
3198 1410 3292 1462 καὶ
3339 1410 3437 1480 τὴν
3478 1409 3645 1462 αὐτοῦ
3691 1409 3828 1480 πρὸς

2245 1501 2404 1555 αὑτὸν
2424 1503 2825 1572 ἐγκαρτερῆσαι
2861 1502 3062 1571 ἄφιξιν.
3110 1502 3502 1572 Ὑποχωρήσας
3524 1502 3580 1554 δὲ
3608 1502 3716 1554 ἀπὸ
3731 1503 3825 1556 τοῦ

2245 1593 2510 1660 βασιλέως
2543 1595 2620 1658 εἰς
2651 1593 2749 1662 τὴν
2777 1594 3228 1662 ἀποτεταγμένην
3257 1593 3406 1661 αύτῷ
3441 1595 3649 1664 σκηνὴν
3671 1594 3824 1647 ἀπει-

2243 1703 2348 1740 σιν.
2372 1687 2722 1756 Παραχρῆμα
2747 1685 2802 1737 δὲ
2823 1686 2916 1738 καὶ
2947 1687 2976 1737 δ
2999 1687 3132 1755 πρὸς
3157 1685 3250 1738 τὸν
3289 1685 3548 1754 Ἰωάννην
3586 1688 3818 1739 ἀποσται

2242 1778 2358 1840 λεὶς
2401 1777 2967 1846 γραμματοκομιστὴς
3020 1779 3279 1847 δρομαῖος
3339 1777 3566 1830 εἴσεισιν
3618 1779 3829 1830 ἐκεῖθεν

2246 1865 2580 1927 ἐπανελθὼν,
2629 1865 2725 1936 τὴν
2758 1865 2853 1918 τοῦ
2900 1866 3145 1919 Ἰωάννου
3178 1865 3539 1932 ἀπαγγέλλων
3590 1867 3824 1920 ἔλευσιν.

2248 1960 2359 2023 Τῆς
2387 1958 2624 2026 ὑποψίας
2657 1958 2751 2010 οὖν
2777 1957 3081 2026 τηνικαῦτα
3111 1961 3138 2011 ὁ
3168 1958 3627 2029 σεϐαστοκράτωρ
3652 1960 3830 2012 ἀπαλ-

2248 2049 2438 2116 λαγεὶς
2465 2052 2558 2102 καὶ
2593 2053 2896 2120 κρείττοσιν
2923 2054 3248 2122 ἀναρῥώσας
3291 2053 3481 2106 ἑαυτὸν
3521 2055 3828 2122 λογισμοῖς,

2247 2145 2423 2212 Θυμοῦ
2473 2144 2736 2210 πλησθεὶς
2791 2146 2934 2197 κατά
2972 2145 3076 2197 τῶν
3107 2146 3335 2213 πρώτως
3370 2145 3720 2214 εἰσηγησαμέ
3738 2165 3848 2199 nov.

2245 2237 2313 2286 τὰ
2341 2236 2477 2288 κατᾶ
2529 2236 2624 2289 τοῦ
2671 2237 2790 2289 υἱοῦ
2851 2237 3039 2304 αὑτοῦ,
3089 2239 3496 2305 τεταραγμένος
3545 2239 3684 2306 πρὸς
3744 2238 3838 2292 τὸν

2247 2327 2470 2396 βασιλέα
2522 2328 2715 2397 εἰσῄειο
2768 2328 2870 2379 eos
2921 2327 3196 2396 βασιλεὺς,
3227 2328 3413 2380 τοῦτον
3462 2328 3832 2394 θεασάμενος,

2247 2418 2476 2485 ἐγνώκει
2539 2420 2636 2488 μὲν
2691 2419 2938 2482 παρευθὺ
2997 2419 3094 2486 τὴν
3123 2421 3325 2481 αἰτίαν,
3357 2418 3542 2487 ἠρώτα
3566 2420 3611 2472 δ’
3659 2420 3836 2488 ὅμως,

2247 2512 2395 2570 ὅπως
2464 2509 2600 2578 ἔχοι.
2649 2511 2707 2562 Ὀ
2757 2511 2845 2570 δὲ,
2916 2509 3142 2576 Καλῶς,
3185 2510 3310 2577 ἔφη,
3343 2512 3412 2572 ἐξ
3464 2513 3657 2576 αἰτίας
3691 2510 3848 2578 σῆς,

2247 2600 2382 2652 Οὐδὲ
2423 2599 2530 2668 γάρ
2568 2599 2704 2662 ὅλως
2758 2600 2849 2652 τὸν
2900 2599 3070 2668 θυμὸν
3131 2600 3598 2668 περιυλακτοῦντα
3656 2601 3844 2668 χαλιν-

2247 2695 2482 2760 αγωγείν
2512 2693 2810 2760 ἠπίστατο·
2846 2692 3185 2760 παρεςρέρετο
3217 2691 3271 2744 δὲ
3325 2693 3421 2744 καὶ
3451 2692 3557 2743 ὑπὸ
3591 2691 3750 2760 ψιλοῦ
3789 2696 3839 2745 εἰ

2248 2785 2404 2855 ἔτυχε
2440 2785 2707 2854 ῥήματος.
2752 2783 2874 2834 Ἐπὶ
2910 2783 3120 2846 τούτοις
3156 2784 3211 2835 δὲ
3266 2785 3356 2835 καὶ
3396 2785 3522 2837 ἄλλο
3571 2803 3623 2837 τι
3665 2803 3843 2855 προσ-

2247 2877 2400 2930 έθετο
2422 2876 2615 2942 λέγων·
2649 2877 2731 2928 Οὐ
2757 2875 3050 2928 τοσοῦτον
3067 2873 3216 2929 κατὰ
3235 2875 3342 2940 τῆς
3364 2871 3844 2944 σῆςλελύπημαι

2241 2969 2570 3032 ⁸βασιλείας
2607 2967 2758 3020 ὅσον
2819 2967 2970 3020 κατὰ
3000 2969 3236 3020 τουτουὶ
3276 2969 3386 3037 (τὴν
3431 2968 3714 3035 Ἀδριανδν
3767 2970 3847 3039 τῷ

2249 3060 2496 3130 δακτύλῳ
2521 3057 2826 3127 ὑποδείξας)
2847 3058 3400 3126 καταψευδομένςν.
3426 3061 3565 3129 Πρὸς
3589 3060 3774 3113 ταῦτα
3793 3061 3847 3113 δὲ

556 3149 716 3200 σαιὶη*
741 3149 941 3204 salvat?
971 3163 1060 3215 et,
1097 3165 1150 3206 ut
1187 3171 1240 3207 se
1281 3155 1538 3209 haberet?
1565 3157 1647 3209 cui
1700 3157 1806 3220 ille,
1857 3157 2016 3226 Male,
2061 3163 2140 3213 in-

2252 3153 2298 3184 ⁷³
2316 3156 2344 3206 ὁ
2369 3151 2546 3222 πραῢς
2571 3152 2776 3211 ἐκεῖνος
2805 3149 2897 3203 καὶ
2914 3151 3045 3218 ἡδὺς
3071 3149 3323 3218 βασιλεὺς
3344 3150 3616 3204 οὶδπνοῦν
3642 3152 3854 3219 ἐφ’)ἐῖ-

557 3241 700 3306 quit,
741 3242 954 3312 ejusque
987 3246 1304 3299 incommodi
1330 3257 1385 3300 tu
1445 3250 1552 3316 ipse
1583 3266 1744 3303 causa
1773 3268 1848 3304 es.
1898 3250 1990 3306 Sic
2020 3263 2139 3306 crat

558 3329 837 3400 lsaacius;
869 3351 1140 3404 nunquam
1199 3340 1249 3391 in
1285 3340 1391 3391 vita
1444 3340 1703 3395 didicerat
1758 3343 1850 3398 ira:
1901 3345 2141 3399 habenas

561 3425 864 3490 moderari,
897 3436 950 3480 et
979 3439 1096 3482 erat
1129 3431 1326 3497 oppido
1359 3432 1659 3500 irritabilis,
1695 3436 1764 3488 ita
1801 3446 1859 3488 ut
1885 3436 1968 3491 vel
1993 3439 2142 3492 verbi

562 3515 827 3583 simplicis
874 3518 1049 3572 minus
1108 3521 1247 3573 forte
1297 3525 1434 3590 grati
1490 3526 1764 3580 auditione
1833 3526 2140 3584 efferretur.

562 3602 735 3657 Porro
773 3607 876 3661 illis
912 3617 1020 3661 tam
1057 3610 1450 3674 stomachosis.
1488 3613 1603 3668 haec
1653 3615 1822 3669 nihilo
1850 3617 2144 3686 placidiora

563 3713 688 3752 mox
720 3699 969 3769 adjunxit
996 3719 1011 3757 :
1047 3701 1158 3756 Nec
1184 3704 1579 3770 majestatitua:
1610 3719 1814 3762 tantum
1847 3725 2142 3778 succenseo,

562 3803 816 3855 quantum
845 3791 967 3844 huic
1001 3794 1319 3862 (Adrianum
1353 3796 1518 3866 digito
1553 3800 1914 3872 monstrabat)
1941 3801 2146 3856 calant-

563 3883 710 3936 niese
737 3885 974 3939 mentito.
1002 3884 1082 3938 Ad
1113 3900 1174 3938 ea
1215 3887 1362 3941 mitis
1395 3888 1482 3942 ille
1529 3906 1592 3944 ac
1629 3893 1814 3946 suavis
1853 3892 2149 3959 imperator

561 3988 785 4042 prorsus
819 3975 950 4028 nihil
988 3980 1265 4047 reposuit;
1299 3980 1614 4034 norateuim
1637 3996 1739 4051 qua
1771 3991 1888 4036 arte
1915 3983 2150 4051 ﬂagran-

565 4075 672 4119 tem
695 4066 1026 4122 iracundiam
1049 4071 1289 4139 germani
1312 4072 1546 4127 mulcere
1567 4087 1628 4127 ac
1650 4074 1840 4128 sedare
1857 4084 2150 4140 oporteret:

565 4155 659 4208 sed
710 4156 775 4209 ad
825 4171 1140 4211 consessum
1191 4161 1390 4214 invitat
1432 4161 1656 4215 fratrem
1700 4177 1824 4216 cum
1867 4162 2156 4218 Melisseno

566 4245 870 4313 Nicephoro
886 4247 1119 4311 Caesare,
1139 4260 1193 4304 et
1216 4252 1537 4318 quihusdam
1555 4253 1674 4306 aliis
1692 4255 2158 4322 consanguinitate

568 4340 698 4408 ipsis
725 4341 912 4393 intitna
944 4353 1038 4393 aut
1068 4340 1328 4397 affinitate
1368 4344 1674 4414 conjunctis
1699 4362 1715 4410 ;
1768 4345 1802 4398 ii
1829 4347 1927 4400 soli
1955 4347 2160 4400 circulo

570 4444 782 4487 secreto
840 4433 1180 4489 disserebant
1247 4438 1387 4490 inter
1445 4454 1505 4494 se
1567 4439 1632 4494 de
1689 4440 1753 4494 iis
1799 4455 1917 4508 qua:
1967 4453 2153 4495 contra

2245 3243 2392 3309 ξατο.
2431 3242 2724 3308 Ἐγίνωσκε
2745 3242 2874 3309 γὰρ,
2897 3241 3046 3304 ὅπως
3067 3240 3256 3303 ζέοντα
3275 3241 3362 3294 τὸν
3386 3241 3554 3311 θυμῦν
3574 3239 3849 3312 τάδελαοῦ

2246 3334 2612 3390 καταπαύσει.
2650 3331 3120 3401 Συγκαθεσθέντες
3145 3329 3238 3384 οὖν
3268 3332 3458 3400 ἄμφω,
3499 3334 3640 3398 μετὰ
3667 3334 3720 3364 ’δ
3753 3331 3848 3387 τοῦ

2248 3425 2588 3495 Μελισσηνοῦ
2645 3425 2961 3494 Νικηρόρου
2996 3423 3088 3476 τοῦ
3117 3424 3392 3492 Καίσαρος
3418 3423 3510 3477 καί
3539 3441 3712 3478 τινων
3740 3427 3850 3479 τῶν

2251 3519 2310 3585 EE
2340 3519 2568 3586 αἵματος
2614 3519 2704 3568 καὶ
2737 3516 3054 3583 ἀγχιστείας
3090 3515 3480 3583 προπηδώντων
3533 3516 3746 3579 αὖτοὺς
3779 3517 3851 3581 ιην

2256 3611 2406 3678 μόνοι
2433 3607 2568 3678 πρὸς
2594 3607 2854 3678 ἀλλήλους
2876 3607 3112 3675 ὡμίλουν
3141 3607 3268 3675 περὶ
3297 3606 3405 3658 τῶν
3431 3609 3573 3660 κατᾶ
3602 3606 3704 3660 τοῦ
3752 3609 3864 3660 Ἰω-

2255 3705 2414 3756 άννου
2442 3701 2740 3774 ῥηθέντων.
2774 3700 2862 3762 Ὠς
2892 3699 2947 3751 δὲ
2969 3701 3058 3751 τὸν
3091 3700 3437 3766 Μελιτσηνὸν.
3465 3702 3558 3753 καὶ
3590 3703 3686 3754 τὸν
3721 3705 3860 3758 [διον

2254 3793 2485 3862 ἀδελφὸν
2525 3792 2805 3861 Ἀδριανδν
2869 3792 3316 3860 κατατρέχοντας
3344 3793 3860 3863 ὲσχηματισμένως

2257 3884 2351 3938 τοῦ
2399 3886 2530 3938 ἰδίου
2563 3885 2682 3938 υἱοῦ
2715 3884 2887 3956 ἑώρα,
2937 3880 3092 3946 αὖθις
3149 3884 3242 3936 τὸν
3279 3882 3452 3954 θυμὸν
3485 3887 3868 3952 παφλάζοντα

2263 3976 2338 4047 μὴ
2367 3975 2620 4046 δυνηθεὶς
2659 3977 2978 4045 κατασχεῖν,
3009 3974 3174 4043 δριμὺ
3222 3974 3360 4042 πρὸς
3407 3974 3499 4027 τὸν
3565 3975 3866 4046 ’Δδριανδν

2257 4067 2543 4130 ἀτενίσας,
2570 4063 2807 4130 ψιλῶσαι
2841 4066 2932 4114 τὸν
2993 4061 3157 4115 αὑτοῦ
3190 4061 3433 4129 πώγωνα
3479 4063 3865 4134 ήπειλήσατο,

2257 4159 2352 4212 καὶ
2377 4158 2589 4222 διδάξαι
2625 4157 2700 4227 μὴ
2727 4155 3026 4227 προφανῶς
3063 4155 3402 4224 ψευδόμενον
3423 4155 3692 4210 τοιούτων
3727 4174 3872 4225 συγ-

2259 4253 2431 4320 γενῶν
2469 4251 2840 4317 ἀποστερῆσαι
2871 4248 2966 4300 τὸν
2995 4248 3218 4318 βασιλέα
3239 4249 3562 4317 ἐπιχειρεῖν.
3603 4249 3706 4302 Ἐν
3732 4249 3863 4303 τού-

2261 4360 2377 4406 τοις
2412 4345 2439 4394 ὁ
2467 4339 2723 4406 Ἰωάννης
2751 4338 3044 4400 κατέλαϐε,
3077 4337 3174 4390 καὶ
3204 4339 3553 4408 παραχρῆμα
3579 4341 3730 4394 είσω
3768 4340 3872 4408 τῆς

2268 4435 2554 4505 βασιλικῆς
2583 4434 2790 4504 σκηνῆς
2836 4433 3145 4500 εἰσάγεται,
3182 4433 3277 4484 καὶ
3305 4432 3528 4484 πάντων
3572 4434 3691 4486 τῶν
3747 4433 3875 4488 κατ’

568 4527 834 4581 Joannem
865 4541 1022 4584 erant
1046 4531 1210 4585 dicta.
1251 4532 1322 4587 Ut
1351 4543 1530 4586 autem
1569 4535 1739 4589 sensit
1768 4532 2004 4589 lsaacius
2045 4545 2145 4587 tam

2268 4529 2434 4582 αὐτοῦ
2467 4528 2810 4594 λαληθέντων
2862 4525 3072 4582 ἀκούει.
3113 4528 3186 4578 Οὐ
3226 4527 3502 4597 μέντοιγε
3537 4530 3622 4591 είς
3664 4529 3872 4594 essm-

572 4617 917 4671 Melisscnum
949 4637 1110 4690 quam
1143 4624 1438 4676 Adrianum
1495 4624 1716 4679 fratrem
1756 4641 1908 4678 suum
1941 4627 2156 4692 oblique

572 4710 626 4764 in
668 4709 832 4761 lilium
864 4725 1018 4762 suum
1051 4711 1253 4775 invehi,
1287 4715 1589 4779 crumpenti
1634 4715 1745 4783 jam
1791 4719 1962 4784 impar
2000 4717 2156 4769 cohi-

573 4800 749 4855 bendo
797 4802 1082 4855 stomacho
1115 4805 1358 4855 trucibus
1414 4806 1710 4858 Adrianum
1773 4808 1884 4870 ﬁgit
1935 4811 2154 4874 oculis,

574 4890 846 4958 simulque
875 4893 1241 4946 comminatur
1287 4893 1566 4948 vulsus-um
1622 4912 1680 4949 se
1731 4899 1831 4966 ipsi
1888 4899 2154 4964 barbam,

573 4982 997 5052 ederint-umque
1032 4995 1087 5036 nt
1117 4987 1458 5041 condisceret
1484 5005 1585 5040 non
1608 4991 1822 5043 mentiri
1856 4992 2158 5057 propalam,

574 5085 627 5128 et
661 5077 856 5130 talibus
888 5079 1212 5146 "propinquis
1265 5078 1645 5144 imperatorem
1697 5081 1894 5133 erbare
1948 5083 2154 5135 conari.

575 5169 688 5219 "ac
711 5169 824 5221 vice
842 5185 1149 5222 sermonum
1170 5170 1424 5238 appulsus
1445 5171 1532 5237 qui
1551 5171 1878 5224 adventabat
1898 5169 2155 5237 Joannes,

575 5265 758 5312 statim
813 5261 949 5312 intra
1001 5261 1250 5314 intimum
1305 5261 1432 5331 regii
1487 5263 1822 5314 tabernaculi
1859 5263 2031 5314 velum
2073 5264 2158 5315 ad-

579 5352 774 5404 missus
801 5361 904 5414 est,
941 5352 1124 5418 ibique
1151 5367 1334 5406 coram
1367 5352 1536 5405 audiit
1559 5367 1680 5422 quae
1727 5364 1915 5404 cotttra
1977 5356 2155 5421 ipsum

576 5438 1021 5506 diSputahantur;
1050 5456 1154 5494 non
1184 5451 1360 5494 tamen
1401 5441 1454 5493 iu
1487 5441 1562 5494 rei
1609 5441 1926 5495 subsellium
1959 5453 2053 5493 attt
2092 5442 2156 5496 ad

577 5530 881 5594 exatniuis,
943 5533 1259 5586 criminisve
1306 5532 1568 5600 purgandi
1640 5533 2018 5585 necessitatem
2075 5544 2159 5586 est

2267 4638 2351 4672 σιν
2379 4619 2514 4681 ὅλως
2541 4620 2756 4684 ἄγεται,
2791 4618 2918 4669 ἀλλ’
2945 4619 2973 4669 ὁ
3003 4617 3338 4687 κατάκριτος
3374 4617 3673 4688 ἐλεύθερος
3719 4622 3876 4673 ἵστα-

2266 4728 2380 4775 ται,
2419 4710 2515 4762 τοῦ
2543 4709 2811 4777 βασιλέως
2857 4709 2994 4779 πρὸς
3034 4710 3196 4762 αὑτὸν
3224 4711 3472 4772 εἰπόντος
3501 4726 3516 4741 ⁶
3553 4713 3727 4778 Πρὸς
3767 4712 3877 4764 τὸν

2265 4801 2384 4854 σὸν
2439 4801 2665 4868 πατέρα
2722 4800 2818 4854 καί
2883 4800 3154 4869 ἀδελφὸν
3205 4802 3354 4870 ἐμὸν
3409 4801 3691 4870 ἀφορῶν,
3739 4804 3873 4857 οὐδ’

2265 4891 2529 4947 ἀκοῦσαι
2590 4891 2708 4944 τῶν
2737 4891 2888 4945 κατὰ
2928 4894 3045 4946 σοῦ
3091 4894 3489 4960 λαληθέντων
3537 4897 3873 4965 ἀνέχομαι.

2271 4988 2422 5038 Ἐσο
2445 4987 2661 5039 τοίνυν
2703 4985 3038 5053 ἀμερίμνως
3075 4983 3296 5053 διάγων
3321 4985 3399 5052 ὡς
3437 4987 3502 5038 τὸ
3533 4990 3870 5055 πρότερον.

2270 5077 2456 5130 Ταῦτα
2491 5077 2590 5147 μὲν
2613 5073 2706 5130 οὖν
2736 5078 2951 5130 ἅπαντα
2975 5077 3124 5138 ἐντὸς
3140 5078 3238 5146 τῆς
3258 5077 3556 5147 βασιλικῆς
3585 5079 3877 5150 ἐρῤήθη’⁶

2270 5175 2500 5241 σκηνῆς,
2554 5171 2732 5240 μόνων
2765 5169 2874 5222 τῶν
2927 5169 3230 5237 συγγενῶν,
3275 5169 3488 5222 ὀθνεῖον
3535 5171 3594 5222 δὲ
3643 5171 3877 5231 οὐδενὸς

2272 5263 2558 5332 παρόντος.
2591 5259 2750 5315 Οὕτω
2789 5259 2920 5319 γοῦν
2947 5260 3055 5311 τῶν
3084 5260 3425 5327 λαληθέντων
3459 5260 3492 5332 ἦ
3524 5260 3874 5333 μελετηθένδ

2270 5372 2378 5406 των
2413 5354 2542 5416 ἴσως
2573 5353 2616 5382 ""
2653 5351 3152 5415 κατευνασθὲντων,
3182 5352 3271 5405 τὸν
3303 5352 3434 5404 ίδιον
3483 5353 3759 5421 ἀδελφὸν,
3785 5355 3874 5408 τὸν

2271 5441 2756 5511 σεὸαστοκράτορά
2801 5459 2943 5511 φημι
2993 5439 3284 5506 Ἱσαάκιον,
3329 5439 3872 5510 μετακαλεσάμενος

2272 5536 2368 5589 σὺν
2397 5535 2545 5604 αύτῴ
2567 5535 2646 5605 τῷ
2661 5534 2886 5606 Ἰωάννῃ
2909 5535 3002 5588 καὶ
3036 5533 3136 5604 υἱῷ
3169 5534 3357 5604 αὐτοῦ,
3382 5533 3556 5587 πολλὰ
3588 5535 3871 5607 ὁμιλήσας

1665 5670 1860 5730 Varim
1888 5670 2202 5731 lectiones
2233 5685 2310 5730 ex
2342 5667 2485 5730 cod.
2524 5668 2798 5732 Coislin.

651 5789 698 5820 ⁷³
731 5787 892 5843 Deest
931 5795 1122 5847 vocula
1155 5795 1231 5849 δέ.
1310 5798 1356 5827 ⁷⁸
1399 5795 1558 5848 κατὰ.
1641 5796 1684 5825 ⁷⁵
1721 5796 1921 5859 αὐτοῖς.

2001 5798 2048 5829 ⁷⁸
2079 5795 2298 5865 ἑρῤἑθη.

2375 5795 2417 5825 ’⁷
2456 5795 2587 5850 ἴσον.
