4024 6270
333 397 442 459 i353

1601 392 2010 455 ALEXIADIS
2050 391 2334 458 LIBIIX.

3461 404 3568 464 (liri-

337 504 800 576 ἀποταφρεύσεις,
859 504 1104 557 ἐπάνεισι
1171 504 1306 574 προς
1373 502 1468 573 τὴν
1521 503 1904 572 μεγαλόπολιν.

2014 506 2249 576 ponique
2292 505 2356 560 ad
2393 513 2568 561 metus
2622 508 2937 571 semitarum
2965 508 3324 564 obstrucndos
3363 511 3524 580 jussit
3559 536 3572 569 ι

349 597 492 649 Ἀλλ’
531 601 558 650 6
597 597 696 666 μὲν
719 598 872 666 λόγος
915 597 1104 666 ῥᾳδίαν
1139 597 1269 657 ἴσως
1291 596 1388 666 τὴν
1422 595 1677 663 τοιαύτην
1701 597 1906 647 οἰκονο-

341 687 467 755 μίαν
526 689 638 746 τοῖς
692 690 987 756 ἀκροαταῖς
1028 688 1402 756 παρίστησινσ
1455 685 1651 738 ὁπόσον
1711 683 1766 736 δὲ
1813 684 1903 736 τὸν

339 779 542 847 ἱδρῶτα
567 780 594 832 6
634 781 988 849 αὐτοκράτωρ
1044 780 1120 849 τῷ
1153 781 1273 833 τότε
1311 781 1522 850 ὑπέστη
1560 779 1903 848 μαρτυροῦσι

340 870 522 922 πολλοὶ
552 872 659 923 τῶν
689 873 808 923 τότε
842 874 1124 942 παρόντων
1155 875 1249 926 καὶ
1286 874 1365 934 εὶς
1391 874 1471 927 ἑτι
1531 874 1624 926 καὶ
1679 872 1773 924 νῦν
1805 890 1905 925 πε-

340 962 582 1029 ριόντων.
621 963 760 1015 Ἀλλ’
783 965 843 1016 ού
877 965 1043 1028 πολὺς
1084 965 1450 1036 παρεληλύθει
1478 965 1690 1034 καιρὸς,
1719 965 1814 1017 καὶ
1836 965 1904 1017 τὰ

337 1053 478 1104 κατὰ
505 1053 597 1105 τὸν
627 1056 846 1124 Τζαχᾶν
876 1056 1267 1126 ἀκριϐέστερον
1314 1058 1460 1127 αὐτῷ
1511 1057 1898 1126 ἐπηγγέλλετο,

337 1143 408 1206 ὡς
437 1146 587 1197 οὐδὲν
610 1147 720 1199 τῶν
747 1148 1075 1218 συμϐάντων
1101 1150 1248 1217 αύτῷ
1269 1151 1412 1203 κατά
1434 1167 1492 1202 τε
1509 1149 1605 1220 τὴν
1633 1149 1903 1202 θάλατταν

334 1237 428 1288 καὶ
458 1237 558 1307 τὴν
586 1239 816 1308 ἤπειρον
836 1243 932 1310 τῆς
966 1243 1229 1312 πρότερον
1282 1242 1508 1313 γνώμης
1559 1241 1900 1310 ἀπέστησαν,

333 1326 470 1380 ἀλλὰ
495 1332 607 1389 τοῖς
632 1332 971 1400 προσήκουσι
998 1331 1276 1400 βασιλεῦσι
1295 1336 1494 1404 χρᾶται
1527 1333 1899 1403 παρασήμοις,

335 1419 562 1488 βασιλέα
591 1424 784 1475 ἐαυτζν
821 1424 1120 1494 ὀνομάζων,
1173 1426 1266 1478 καὶ
1295 1428 1394 1495 τὴν
1450 1427 1708 1496 Σμύρνην
1738 1427 1902 1478 οἰκῶν

329 1510 644 1582 καθαπερεὶ
681 1512 929 1582 βασίλειά
971 1535 1088 1569 τινα
1147 1517 1331 1571 στύλον
1371 1517 1692 1587 εύπρεπῖζει
1747 1516 1830 1583 ἐφ’
1858 1509 1903 1582 ᾧ

332 1601 430 1662 τάς
467 1619 524 1654 τε
557 1603 756 1672 νήσους
819 1604 973 1666 αὖθις
1000 1604 1311 1679 δῃώσασθαι
1339 1609 1434 1659 καὶ
1497 1607 1691 1677 μέχρις
1736 1604 1902 1657 αὐτοῦ

335 1691 537 1758 φθάσαι
569 1694 864 1758 Βυζαντίου
900 1700 996 1749 καὶ
1035 1701 1115 1760 είς
1143 1698 1314 1768 αὐτὴν
1341 1699 1419 1764 δὲ,
1451 1701 1499 1750 εἰ
1529 1698 1774 1763 δυνατὸν,
1805 1697 1905 1765 τὴν

332 1786 429 1852 τῆς
494 1784 770 1853 βασιλείας
833 1790 854 1818 ³
903 1788 1257 1858 ἀνενεχθῆναι
1307 1791 1612 1860 περιωπήν.
1662 1790 1844 1842 Ταῦτα
1877 1791 1905 1842 6

2015 600 2115 652 hac
2151 599 2295 650 varia
2320 613 2448 651 cura
2481 614 2640 652 unam
2673 601 2809 655 satis
2847 615 2959 654 rem
3000 612 3306 666 assecutus,
3337 620 3405 657 ne
3438 606 3579 659 irru-

2015 691 2226 759 ptiones
2259 691 2310 744 in
2342 690 2617 745 Romanos
2649 692 3037 748 meditantibus
3081 694 3342 750 Dalmatis
3377 708 3500 751 nota
3524 708 3580 753 et

2013 781 2168 837 Solita
2204 783 2420 849 impune
2463 781 2781 835 diverticula
2818 794 3083 851 paterent,
3126 786 3174 838 in
3212 803 3461 854 magnam
3497 793 3579 844 ei-

2015 867 2236 920 vitatem
2271 869 2546 937 Augustus
2581 870 2892 924 revertitur.
2947 872 3056 927 Nec
3110 891 3235 928 vero
3292 878 3420 931 mihi
3458 883 3578 947 quis

2013 959 2414 1027 expeditionem
2451 962 2610 1016 istam
2661 965 2813 1029 quasi
2865 965 3077 1019 facilem
3112 979 3162 1020 et
3203 984 3230 1020 a
3276 970 3578 1025 ludibundo

2013 1051 2360 1114 confectam,
2424 1059 2875 1110 contemnendam
2942 1067 3108 1126 putet.
3182 1059 3359 1115 Videri
3418 1063 3576 1116 talem

2015 1155 2169 1206 posse
2194 1142 2368 1196 fateor
2389 1144 2581 1197 otiosis
2614 1148 2952 1201 auditoribus
2982 1166 3091 1203 rem
3126 1162 3277 1206 tanto
3321 1170 3582 1223 compen-

2012 1233 2100 1285 dio
2141 1242 2415 1287 narratam
2455 1252 2470 1288 :
2505 1245 2765 1290 caeterum
2818 1241 3052 1308 spissum
3083 1243 3133 1295 id
3164 1260 3298 1314 opus
3332 1256 3386 1301 et
3415 1253 3580 1302 sudo-

2012 1326 2085 1377 ris
2116 1341 2481 1394 mrumnaeque
2506 1329 2750 1398 Augusto
2785 1330 2952 1385 fuisse
2981 1333 3244 1401 plurima),
3285 1343 3580 1395 multorum

2011 1415 2191 1469 adhuc
2217 1419 2570 1484 superstitum
2601 1420 2858 1494 comitum
2901 1422 3056 1475 istius
3094 1425 3192 1477 viae
3223 1429 3447 1480 memori
3485 1430 3583 1481 ho—

2011 1508 2205 1576 dieque
2221 1519 2475 1564 constare
2499 1511 2814 1566 testimonio
2831 1525 3024 1580 potest.
3048 1515 3160 1569 Non
3191 1519 3362 1572 multo
3389 1521 3584 1575 deinde.

2012 1615 2135 1672 post
2171 1614 2410 1672 tempore
2467 1606 2858 1660 distinetiorem
2925 1609 3144 1663 Alcxius
3185 1613 3585 1682 certioremque

2013 1694 2260 1747 notitiam
2287 1695 2484 1762 accipit
2522 1711 2703 1750 rerum
2735 1698 3160 1753 etconsiliorum
3197 1701 3445 1756 Tzachze.
3484 1706 3580 1758 Di-

2015 1787 2146 1840 dicit
2178 1789 2320 1841 enim
2359 1787 2566 1842 idoneis
2597 1790 2909 1844 auctoribus
2939 1792 3072 1845 nihil
3129 1809 3251 1848 eum
3302 1798 3366 1851 de
3411 1801 3583 1868 priori

332 1875 691 1947 αὐτοκράτωρ
737 1877 1124 1949 βεόαιούμενος
1169 1881 1462 1949 ὁσημέραι,
1508 1882 1617 1933 δεῖν
1659 1881 1800 1948 ἔγνω
1831 1884 1904 1951 μὴ

2014 1897 2105 1948 spe
2138 1897 2200 1935 ac
2231 1881 2389 1935 minis
2422 1882 2696 1936 remisisse
2727 1883 2796 1935 ob
2843 1899 2903 1938 ea
2935 1899 3053 1953 quae
3094 1887 3171 1940 illi
3228 1889 3406 1946 minus
3455 1907 3585 1961 pro-

337 1968 660 2021 ἁναπίπτειν
688 1970 821 2038 μηδὲ
843 1972 1238 2040 μαλακίζεσθαι
1268 1974 1400 2041 πρὸς
1422 1973 1488 2026 τὰ
1513 1973 1911 2044 θρυλλούμενα,

337 2058 471 2111 ἀλλά
503 2063 1023 2130 παρασκευάζεσθαι
1059 2065 1146 2118 διὰ
1178 2066 1268 2118 τοῦ
1293 2065 1372 2117 ἔτι
1425 2065 1708 2128 λείποντος
1756 2069 1911 2138 ἐαρι-

333 2149 424 2201 νοῦ
456 2151 674 2220 καιροῦ,
709 2157 799 2206 καὶ
833 2155 925 2208 τοῦ
977 2156 1095 2226 μετ’
1144 2157 1308 2210 αὑτὸν
1362 2158 1635 2227 χειμῶνος
1666 2159 1808 2211 κατὰ
1848 2160 1909 2213 τὸ

335 2241 489 2294 ἐπιὸν
517 2243 618 2313 ἔαρ
654 2246 940 2314 καρτερῶς
995 2245 1130 2316 πρὸς
1183 2246 1346 2299 αὐτὸν
1400 2247 1866 2316 ἀντικαταστῆναι
1893 2262 1908 2277 ⁸

334 2332 427 2383 καὶ
449 2333 680 2386 σπεῦσαι
702 2337 721 2368 ³
743 2336 829 2388 διὰ
854 2338 1033 2405 πάσης
1059 2338 1307 2408 μηχανῆς
1336 2339 1410 2408 μὴ
1439 2337 1596 2406 μόνον
1623 2337 1828 2406 φροῦδα
1845 2338 1912 2391 τά

331 2425 544 2477 ἐκείνου
574 2427 849 2493 ἀναδεῖξαι
884 2429 1123 2492 ἅπαντα,
1154 2431 1252 2492 τὰς
1288 2429 1503 2498 βουλὰς,
1531 2429 1631 2490 τὰς
1667 2429 1908 2495 ἐλπίδας,

334 2517 430 2577 τὰς
457 2519 822 2589 ἐγχειρήσεις,
851 2521 989 2573 ἀλλὰ
1013 2522 1107 2574 καὶ
1129 2521 1297 2590 αὐτῆς
1323 2519 1588 2573 ἀπελάσαι
1611 2521 1710 2590 τῆς
1730 2520 1912 2592 Σμύρ-

331 2625 445 2677 νης,
481 2610 576 2663 καὶ
635 2611 732 2663 ὅσα
773 2613 906 2664 ἄλλα
947 2613 1268 2683 προφθάσας
1290 2612 1520 2683 κατέσχε
1556 2612 1656 2682 τῆς
1702 2613 1910 2666 ἐκείνου

333 2702 518 2769 χειρὸς
553 2703 843 2772 ῥύσασθαι.

2014 1987 2174 2039 spera
2215 1982 2361 2026 terra
2391 1973 2634 2042 marique
2655 1975 3013 2043 contigerant,
3047 1978 3174 2044 quin
3207 1982 3385 2047 potius
3417 1992 3469 2036 et
3506 1984 3587 2036 in-

2011 2063 2256 2131 signibus
2289 2064 2362 2117 uti
2398 2065 2561 2132 regis,
2592 2074 2645 2117 et
2672 2065 2799 2130 illud
2835 2067 3008 2133 ipsmn
3045 2084 3308 2136 suprema:
3343 2083 3584 2139 potesta-

2011 2157 2079 2208 tis
2111 2170 2302 2208 nomen
2339 2156 2477 2208 haud
2509 2156 2914 2211 dissimulanter
2939 2175 3224 2228 usurpare,
3262 2179 3323 2216 ac
3351 2162 3581 2234 Smyrna

2011 2248 2157 2302 velut
2193 2249 2245 2301 in
2285 2248 2433 2316 regni
2469 2249 2811 2316 metmpolim
2841 2250 3074 2317 delecta,
3110 2253 3182 2307 ibi
3217 2254 3423 2312 classes
3449 2260 3582 2313 tedi-

2011 2339 2176 2392 ﬁcare
2201 2348 2366 2405 atque
2399 2338 2666 2392 instruere
2712 2341 2905 2408 quibus
2936 2352 2990 2394 et
3023 2342 3226 2399 insulas
3273 2363 3462 2402 ται-δυσ
3494 2366 3586 2403 va-

2016 2437 2143 2494 stet,
2189 2440 2242 2482 et
2297 2430 2466 2498 ipsam
2505 2445 2676 2497 usque
2727 2433 3255 2502 (IonstantinOpolim
3318 2448 3581 2494 terrorem

2016 2522 2122 2585 sui,
2163 2520 2548 2588 przedandique
2578 2521 2872 2586 licentiam,
2902 2533 3014 2586 aut,
3044 2525 3088 2578 si
3120 2526 3230 2580 Deo
3253 2528 3447 2596 placet,
3482 2532 3585 2584 im-

2016 2614 2226 2684 perium
2258 2630 2472 2695 quoque
2499 2626 2836 2683 promoveat,
2880 2617 3186 2686 soliumque
3215 2621 3324 2674 illic
3364 2623 3583 2676 invadat

2015 2708 2275 2762 Romana:
2353 2709 2659 2776 potestatis.
2723 2709 2792 2761 Ea
2863 2711 3198 2779 quotidianis
3270 2715 3585 2772 confirmata

335 2795 539 2848 nuntiis
596 2795 1015 2868 haudquaquam
1087 2815 1184 2868 pro
1256 2802 1411 2856 vanis
1491 2802 1793 2871 spernenda
1868 2802 2176 2857 rumoribus
2211 2801 2504 2868 imperator
2548 2810 2816 2868 statuens,
2867 2802 3107 2857 decrevit
3150 2812 3264 2857 tum
3303 2821 3396 2875 per
3442 2823 3584 2862 eann

331 2903 450 2954 (ιντο
501 2892 720 2952 modica
775 2903 1079 2962 supererat,
1141 2895 1305 2949 rebus
1365 2896 1464 2948 sub
1515 2897 1604 2949 dio
1654 2895 1908 2964 gerendis
1948 2905 2129 2963 aptam
2187 2903 2607 2961 tempestatem;
2663 2905 2772 2947 tum
2842 2910 2937 2964 per
2970 2913 3388 2968 consequentcm
3473 2903 3589 2955 hie-

329 2995 496 3046 mem,
530 2997 624 3035 eos
661 2983 782 3036 belli
813 2994 1103 3053 apparatus
1131 2985 1386 3055 colligere
1418 2987 1617 3055 quibus
1647 3002 1751 3041 non
1778 2996 1986 3039 tantum
2019 2984 2183 3056 246
2234 3000 2380 3054 spes.
2439 2985 2664 3039 consilia
2723 2997 3062 3057 conatusque
3119 2990 3346 3045 Tzacha:
3404 2994 3587 3046 iriitos

335 3073 624 3138 redderet,
663 3089 848 3127 verum
886 3077 1048 3129 etiam
1081 3079 1328 3132 eumdem
1359 3079 1580 3146 pelleret
1607 3079 1755 3146 prius
1783 3079 2071 3148 possessis,
2114 3087 2169 3130 et
2220 3086 2328 3131 tam
2384 3076 2672 3148 Smyrnam
2743 3078 2833 3132 ubi
2901 3079 3180 3148 regnabat,
3254 3099 3413 3152 quam
3481 3084 3584 3138 alia

331 3162 445 3217 ioca
479 3180 601 3232 quae
635 3164 920 3221 latrocinio
951 3167 1136 3221 invasa
1175 3168 1459 3237 tyrannide
1491 3168 1792 3236 premebat,
1825 3168 1921 3235 ipsi
1964 3167 2220 3234 eriperet.

402 3260 508 3310 Τοῦ
534 3266 804 3327 χειμωνος
837 3260 891 3313 δὲ
913 3262 1014 3332 ἤδη
1043 3264 1460 3333 παρτρχηκὸτος,
1484 3265 1604 3314 ἐπεὶ
1637 3280 1778 3332 προσ
1789 3279 1905 3331 μει-
1935 3267 1977 3320 C

329 3350 457 3404 ὂιῶν
489 3353 590 3421 ἤδη
624 3352 684 3404 τὸ
721 3353 821 3423 ἔαρ
861 3355 1064 3424 παρῆν,
1119 3355 1620 3424 μεταπεμψάμενος
1662 3354 1772 3407 ἀπὸ
1807 3355 1908 3423 τῆς

347 3445 682 3513 Ἐπιδάμνου
718 3447 808 3497 τὸν
863 3447 1297 3516 γυναικάδελφον
1331 3448 1493 3500 αὐτοῦ
1534 3448 1787 3517 Ἰωάννην
1818 3450 1909 3499 τὸν

335 3537 564 3602 Δούκαν,
595 3538 770 3606 μέγαν
799 3537 976 3591 Δοῦκα
1007 3539 1098 3591 τοῦ
1122 3540 1308 3600 στόλον
1340 3539 1778 3609 προεχειρίσατο.
1800 3538 1911 3591 Καὶ

334 3630 648 3699 ἠπειρώτας
694 3630 749 3683 δὲ
792 3631 1024 3700 στρατὸν
1083 3632 1367 3685 ὲπίλεκτον
1413 3632 1634 3694 ἐπιδοὺς
1671 3649 1911 3702 παρεκε-

337 3718 570 3774 λεύσατο
631 3722 794 3774 αὑτὸν
849 3725 948 3790 μὲν
980 3722 1068 3775 διὰ
1097 3722 1197 3793 τῆς
1237 3725 1465 3794 ἠπείρου
1503 3725 1602 3794 τὴν
1639 3726 1776 3792 πρὸς
1817 3725 1910 3776 τὸν

339 3812 560 3881 Τζαχᾶν
593 3813 822 3882 πορείαν
853 3815 1147 3878 ποιεῖσθαι,
1201 3815 1280 3885 τῷ
1317 3815 1374 3867 δέ
1405 3832 1468 3880 γε
1517 3816 1912 3884 Κωνσταντίνῳ

337 3906 410 3972 τῷ
435 3905 770 3974 Δαλασσηνῴ
801 3904 899 3976 τὴν
926 3906 1018 3959 τοῦ
1049 3907 1236 3960 στόλου
1256 3905 1552 3977 ἠγεμονίαν
1581 3908 1910 3976 ἐγχειρίσαι,

339 3996 719 4065 ἐντειλάμενον
763 3994 906 4049 οὓτω
963 3997 1061 4067 τὴν
1084 3997 1240 4066 ἠιόνα
1275 3996 1295 4026 ⁸
1325 3995 1642 4061 παραθέειν,
1683 3997 1746 4048 ἵν’
1795 3997 1910 4063 ἅμα

340 4086 433 4157 τὴν
466 4089 783 4157 Μιτυλήνην
809 4088 1202 4150 καταλαϐόντες
1237 4088 1296 4152 ἐξ
1326 4090 1528 4157 ἀμφοῖν
1557 4088 1824 4156 θαλάττης
1852 4104 1910 4139 τε

342 4182 434 4232 καὶ
460 4181 694 4250 ἠπείρου
734 4181 825 4234 τὸν
861 4181 999 4250 μετὰ
1019 4180 1110 4233 τοῦ
1128 4181 1314 4251 Τζαχᾶ
1349 4181 1628 4249 συνάψωσι
1654 4181 1909 4248 πόλεμον.

341 4273 680 4326 Καταλαῦὼν
716 4273 897 4326 τοίνυν
942 4273 1039 4343 τὴν
1078 4273 1395 4342 Μιτυλήνην
1432 4274 1459 4325 6
1486 4271 1697 4335 Δούκας
1728 4289 1910 4342 παρα-

342 4363 525 4433 χρῆμα
555 4364 803 4430 ξυλίνους
835 4361 1204 4416 κατεσκεύασε
1229 4362 1473 4432 πύργους
1500 4362 1594 4414 καὶ
1632 4361 1822 4431 ὥσπερ
1853 4360 1910 4426 ἐξ

343 4455 660 4524 ὁρμήματός
725 4470 869 4516 τινος
921 4452 1128 4506 ἐκεῖθεν
1192 4452 1458 4522 ἀφορμῶν
1501 4453 1912 4522 καρτερώτερον

343 4547 442 4608 τοῖς
484 4546 796 4615 Βαρϐάροις
835 4543 1277 4598 ἀντικαθίστατο.
1348 4543 1407 4595 Ὀ
1441 4543 1498 4595 δὲ
1543 4542 1763 4612 Τζαχᾶς
1812 4543 1910 4612 τὴν

344 4639 434 4707 τῆς
483 4639 795 4708 Μιτυλήνης
848 4637 1090 4706 φρουρὰν
1145 4635 1238 4710 τῷ.
1269 4634 1531 4704 ιὶιδελςοῷ1⁵
1591 4635 1910 4706 Γαλαόάτζῃ

348 4733 807 4802 προαναθέμενος,
855 4733 978 4783 ἐπεὶ
1022 4733 1096 4800 μὴ
1144 4728 1483 4800 ὲξαρκοῦντα
1521 4730 1710 4782 τοῦτον
1777 4729 1913 4800 πρὸς

348 4831 514 4894 μάχας
570 4825 816 4878 τοιούτου
867 4823 1058 4892 ἀνδρὸς
1105 4822 1394 4889 ἐγίνωσκε,
1454 4820 1649 4874 θᾶττον
1697 4821 1914 4890 φθάσας

347 4921 431 4971 καὶ
469 4920 707 4987 πολέμου
772 4921 956 4987 σχῆμα
1015 4915 1384 4976 διατυπώσας,
1419 4913 1787 4984 ξυμμίγνυται
1833 4914 1910 4982 τῷ

347 5012 533 5083 Λούκῃ.
603 5011 889 5080 Καρτερᾶ;
933 5011 988 5062 δὲ
1022 5012 1122 5079 τῆς
1180 5011 1360 5077 μάχης
1409 5007 1709 5076 γενομένης
1743 5007 1775 5077 ἡ
1815 5006 1910 5068 νὺξ

346 5107 537 5175 ταύτην
564 5107 799 5159 διέλυσε.
835 5101 1079 5154 Κᾶκτοτε
1108 5102 1136 5153 6
1189 5100 1397 5161 Δούκας
1444 5098 1530 5150 διὰ
1560 5097 1783 5166 τριττῆς
1817 5113 1908 5146 σε·

349 5195 600 5268 ληνιακῆς
646 5196 951 5264 περιφορᾶς
997 5194 1096 5245 οὐκ
1134 5191 1364 5244 ἐνεδίδου
1398 5191 1745 5259 καθεκάστην
1772 5187 1910 5256 ἡμέ-

354 5307 442 5355 ραν
472 5289 834 5359 προσϐάλλων
894 5303 951 5338 τε
1011 5289 1123 5348 τοῖς
1186 5285 1390 5354 τείχεσι
1440 5283 1755 5353 Μιτυλήνης
1817 5281 1910 5334 καὶ

355 5383 480 5442 μετὰ
508 5383 599 5435 τοῦ
653 5381 845 5448 ’λ’ζαχᾶ
902 5378 1182 5447 λαμπροὺς
1232 5375 1501 5444 πολέμους
1549 5377 1817 5442 συναίρων
1851 5373 1911 5435 ἐξ

351 5471 489 5538 ἡλίου
524 5472 794 5539 ἀνατολῆς
827 5472 848 5500 ⁸
880 5469 1040 5543 μέχρι
1073 5468 1309 5539 δυσμῶν.
1342 5470 1450 5520 Καὶ
1477 5469 1631 5520 οὐδὲν
1655 5469 1818 5520 πλέον
1843 5463 1912 5535 ἦν

349 5565 416 5635 τῷ
444 5566 624 5637 Δούκει
651 5564 752 5616 τοῦ
782 5561 1038 5615 τοσούτου
1067 5561 1336 5630 καμάτου.
1369 5561 1544 5630 Ὅπερ
1577 5560 1861 5630 μανθάνων
1885 5559 1912 5610 6

2085 3260 2324 3313 lliberno
2352 3261 2515 3328 igitur
2546 3261 2658 3313 fere
2695 3271 2936 3328 tempore
2990 3273 3292 3326 transacto,
3345 3265 3446 3320 sub
3477 3271 3588 3336 pri-

2017 3350 2218 3403 mulum
2255 3352 2398 3404 veris
2437 3360 2686 3403 exortum
2742 3350 2964 3404 fratrem
3025 3353 3278 3422 Augustae
3324 3354 3584 3412 Joannem

2018 3425 2216 3496 lineam
2248 3443 2550 3511 Epidamno
2579 3443 2643 3494 ad
2675 3443 2725 3496 id
2759 3452 3034 3509 vocatum,
3076 3459 3333 3514 maguum
3388 3450 3581 3503 classis

2016 3535 2223 3589 creavit
2258 3535 2486 3600 ducem;
2527 3533 2686 3602 eique
2717 3549 2783 3587 ex
2816 3535 3131 3589 continente
3175 3537 3369 3591 lectam
3423 3548 3592 3593 tem--

2015 3640 2182 3682 strem
2220 3628 2467 3681 militiam
2500 3627 2750 3682 attribuit
2801 3627 3100 3696 egregiam,
3132 3643 3254 3681 cum
3289 3646 3458 3699 eaque
3503 3634 3589 3686 ἱει-

2015 3737 2146 3776 nere
2185 3721 2429 3773 terrestri
2465 3719 2666 3772 vadere
2711 3718 2762 3770 in
2794 3716 3066 3781 Tzacham
3101 3719 3255 3786 jubet
3291 3737 3304 3772 :
3341 3723 3589 3792 assigna-

2016 3822 2177 3878 taque
2211 3811 2573 3865 Constantino
2607 3810 2902 3862 Dalasseno
2935 3810 3034 3862 sub
3065 3809 3290 3865 Joannis
3321 3815 3583 3880 auspiciis

2014 3902 2210 3957 classis
2264 3903 2550 3955 ductandae
2610 3902 2954 3968 praefer-tura,
3013 3916 3134 3955 eum
3185 3907 3441 3972 praecepit
3505 3909 3588 3961 sic

2013 4010 2162 4048 oraui
2200 3994 2399 4062 legere,
2440 3994 2516 4047 sic
2548 4004 2753 4046 motuin
2800 4008 3255 4064 progressumque
3290 3997 3584 4060 moderari,

2015 4096 2070 4139 ιιι
2108 4086 2267 4138 ambo
2309 4085 2498 4162 eodem
2550 4096 2794 4154 tempore
2849 4087 3129 4140 terrestris
3175 4090 3587 4158 maritimasque

2013 4178 2284 4232 exercitus
2316 4173 2626 4247 Mitylenem
2680 4180 3053 4245 pervenirent,
3101 4187 3156 4232 et
3190 4179 3389 4233 bellum
3424 4182 3586 4236 simul

2013 4286 2135 4323 cum
2160 4269 2376 4324 'l'zacha
2408 4277 2773 4338 capesserent.
2812 4267 2881 4323 Ut
2908 4269 3137 4337 primum
3170 4271 3344 4326 Ducas
3375 4274 3586 4344 Mityle-

2016 4377 2138 4416 nem
2167 4363 2360 4424 tenuit,
2391 4371 2568 4416 castra
2611 4368 2696 4415 est
2735 4369 2970 4415 metatus
2999 4360 3191 4430 ligneis
3221 4367 3439 4435 egregie
3472 4384 3589 4419 nm-

2015 4453 2124 4506 nita
2178 4463 2530 4520 protectaque
2577 4452 2836 4517 turribus,
2886 4455 3030 4506 unde
3069 4467 3134 4507 ex
3182 4463 3298 4510 luto
3351 4459 3585 4525 quodam

2017 4546 2216 4614 oppido
2247 4545 2298 4598 in
2348 4560 2536 4598 omnes
2585 4543 2926 4611 erumpendi,
2983 4548 3351 4614 oppugnandi,
3404 4549 3587 4616 reique

2020 4637 2397 4702 cujuslibetcx
2429 4653 2527 4690 usu
2582 4635 2831 4703 gerenda:
2874 4639 3193 4693 occasiones
3252 4640 3585 4694 immineret.

2016 4729 2084 4783 At
2118 4729 2362 4783 Tzachas
2397 4728 2676 4798 Mityleucs
2720 4729 3022 4784 custodiam
3080 4730 3234 4784 fratri
3272 4748 3375 4786 suo
3428 4732 3589 4786 Gala-

2021 4824 2192 4876 liatzaa
2239 4821 2589 4876 commiserat
2623 4838 2636 4874 :
2675 4837 2859 4874 verum
2919 4830 2977 4874 ut
3027 4837 3152 4876 eum
3211 4824 3354 4875 haud
3401 4839 3585 4889 parem

2017 4914 2368 4983 apparatibus
2402 4922 2456 4966 et
2488 4914 2777 4966 conatibus
2809 4912 2974 4966 tantis
2992 4913 3285 4966 adversarii
3308 4921 3414 4964 tam
3439 4912 3585 4964 acris

2016 5005 2174 5058 facile
2207 5005 2400 5066 sensit,
2441 5019 2545 5056 non
2582 5001 2790 5056 distulit
2821 5017 3113 5056 occurrere
3152 5013 3337 5055 contra
3372 5001 3509 5067 ipse,
3533 5011 3586 5054 ct

2018 5097 2068 5148 in
2100 5095 2300 5148 laboris
2331 5108 2393 5146 ac
2424 5093 2648 5158 periculi
2684 5103 2891 5160 partem
2925 5106 2985 5145 se
3019 5107 3236 5159 quoque
3271 5089 3418 5159 digiti
3465 5104 3588 5157 pro-

2018 5200 2228 5251 perare.
2265 5184 2377 5251 Age
2409 5197 2538 5236 sane
2588 5197 2762 5251 pugna
2821 5181 3201 5244 committitur,
3253 5196 3413 5247 quam
3475 5196 3584 5234 nox

2017 5275 2262 5337 diremit,
2292 5284 2484 5328 neutro
2520 5290 2580 5327 se
2613 5274 2813 5326 victum
2855 5281 3099 5340 putaute.
3153 5270 3219 5323 Et
3275 5287 3402 5325 vero
3451 5274 3586 5324 adeo

2018 5377 2206 5421 neutra
2235 5381 2360 5434 pars
2406 5365 2712 5434 prommiali
2746 5379 2811 5417 eo
2843 5363 3144 5418 certamine
3188 5365 3331 5416 vires
3360 5367 3583 5416 absum-

2015 5463 2142 5531 psit,
2175 5468 2233 5512 ut
2264 5458 2328 5511 ad
2363 5458 2580 5511 tertium
2636 5454 2830 5508 abhinc
2864 5467 3100 5506 mensem
3137 5456 3375 5522 quotidie
3410 5453 3586 5505 Ducas

2019 5565 2111 5607 aut
2164 5549 2446 5620 Mitylencs
2505 5560 2689 5601 muros
2742 5552 3012 5614 quateret,
3065 5555 3158 5598 aut
3203 5546 3467 5615 explicata
3532 5547 3583 5595 in

1381 5697 1575 5760 Variae
1608 5697 1915 5758 lectiones
1959 5709 2034 5752 ex
2071 5687 2207 5751 cod.
2244 5683 2510 5746 Coislin.

394 5837 422 5868 ‘
452 5832 760 5905 βασιλείου.
859 5828 878 5858 ³
914 5826 1175 5888 σπεύσας.
1272 5821 1294 5853 ’⁵
1318 5823 1471 5894 ὴὸνα.

1549 5824 1569 5854 ⁵
1605 5818 1814 5888 ἀδελφῷ
1841 5815 2026 5869 αὐτοῦ.

2105 5814 2124 5844 ⁸
2146 5810 2433 5866 ἀνατολῶν.
