4024 6270
252 351 345 413 θ’τὸ

251 469 418 523 τοῦτον
465 463 837 536 ἐμφορηθῆναι
904 461 1048 518 οἴνου
1123 465 1322 534 διέγνω
1351 507 1363 528 ,

252 560 385 626 ξίςος
415 556 546 611 κατὰ
571 556 679 610 τῶν
726 555 970 625 λαγόιων
1023 549 1168 610 ὦσιν
1223 557 1412 611 αὐτοῦ.
1473 559 1584 613 Καὶ
1641 557 1800 621 αὐτὸς

254 653 340 721 μὲν
388 649 542 704 αὐτοῦ
597 650 788 721 νεκρὸς
846 649 1028 704 ἔκειτο
1059 666 1074 680 ⁸
1140 653 1168 704 ὁ
1213 651 1269 704 δέ
1329 669 1395 719 γε
1453 651 1682 706 σουλτὰν
1731 653 1798 706 τὰ

252 748 364 816 περὶ
409 746 624 814 εἰρήνης
693 743 784 796 τοῦ
845 743 1034 796 λοιποῦ
1100 743 1238 815 προς
1291 745 1384 796 τὸν
1458 744 1797 813 αὐτοκράτο-

250 857 309 908 pa.
361 835 816 905 διαπρεσϐεύεται.
884 837 995 889 Καὶ
1037 837 1101 906 δὴ
1169 837 1262 889 τοῦ
1321 837 1526 890 σκοποῦ
1587 839 1648 890 ού
1696 838 1780 891 διο

252 933 468 1001 ἡμαρτε.
532 931 756 997 Δέχεται
809 929 918 1000 γὰρ
973 929 1140 982 αὑτοῦ
1182 929 1280 1000 τὴν
1331 929 1792 998 αἴτησινόαύτοο

248 1024 465 1092 κράτωρ,
497 1025 586 1074 καὶ
617 1021 725 1074 τῶν
756 1022 1055 1091 εἰρηνικῶν
1088 1023 1328 1076 σπονδῶν
1349 1023 1426 1086 ὡς
1455 1023 1576 1087 ἔθος
1637 1023 1792 1075 τελε-

249 1116 457 1168 σθεισῶν
505 1117 561 1168 ἐν
614 1115 951 1169 καταστάσει
1002 1115 1072 1168 τὰ
1118 1116 1266 1185 παρὰ
1323 1114 1602 1168 θάλασσαν
1651 1112 1793 1186 ἦσαν

245 1225 369 1278 ορτα.

1487 349 1902 410 ALEXIADIS
1933 349 2085 409 LIB.
2119 351 2226 410 IX.

1447 468 1797 538 σπασάμενος

1906 467 2182 524 venientes
2206 467 2479 523 exercitus
2526 468 2895 536 suetineudos,
2947 469 3001 524 in
3054 469 3263 539 magnis
3295 486 3474 528 rerum

3393 205 3416 224 δ

3365 355 3474 420 666

1903 560 2168 629 angustiis
2237 559 2417 629 inopia
2461 560 2673 616 consilii
2734 559 3176 616 conﬂictabatur.
3205 562 3342 616 Cum
3377 581 3474 618 au-

1903 662 2010 706 tem
2041 652 2096 705 in
2138 652 2282 706 hunc
2317 654 2532 706 modum
2579 654 2976 708 circumsessus
3020 653 3277 723 undique,
3311 657 3476 711 etiam

1899 743 2215 813 eruptiones
2257 744 2642 815 Abydenorum
2667 755 2722 800 et
2753 746 2987 814 βπ·ωείιίἰί
3017 746 3328 815 civiumque
3380 751 3476 803 ob—

1899 849 2062 889 sessae
2110 835 2264 890 urbis
2308 837 2520 891 subitos
2563 853 2592 892 a
2642 846 2792 908 tergo
2845 839 3098 906 impetus,
3159 843 3283 894 dum
3351 843 3470 909 ipse

1901 927 2303 984 contrabostes
2329 929 2548 983 aliunde
2589 930 2860 986 irruentes
2910 947 3023 986 rem
3072 943 3305 999 gereret.
3370 934 3476 986 l‘or—

1905 1024 2156 1086 midaret,
2203 1023 2467 1090 optimum
2519 1025 2661 1079 factu
2709 1027 2922 1094 putavit
2974 1043 3193 1096 operam
3249 1031 3380 1082 dare
3422 1039 3477 1082 ut

1904 1117 2007 1170 sibi
2035 1116 2304 1170 sultanem
2331 1119 2727 1172 reconciliaret.
2764 1121 2990 1188 Ignarus
3023 1137 3153 1190 ergo
3180 1137 3340 1189 quam
3373 1137 3478 1174 non

1907 1209 2174 1278 expiabile
2217 1209 2316 1278 ipsi
2353 1223 2384 1262 a
2425 1209 2639 1263 sultane
2671 1211 2853 1264 odium
2906 1212 3249 1278 imperatoris
3288 1213 3478 1266 littera:

247 1314 517 1372 parassent.
567 1317 818 1358 socerum
849 1303 985 1364 adit,
1033 1303 1216 1370 generi
1247 1303 1442 1355 ﬁducia
1479 1301 1688 1354 veniam
1724 1309 1781 1354 et
1821 1301 2117 1354 amicitiam
2152 1317 2489 1370 exposcens;
2528 1317 2626 1356 nec
2653 1318 2802 1372 spem
2834 1305 3021 1357 abnuit
3087 1309 3234 1358 vultu
3310 1307 3470 1360 obtu-

249 1407 395 1463 tuque
414 1394 604 1451 festivo
629 1397 906 1465 excipiens
926 1395 1199 1449 hominem
1226 1394 1786 1458 Clitziastblan.0uin
1831 1394 1988 1461 paulo
2030 1403 2148 1459 post
2235 1409 2436 1447 mensae
2483 1394 2786 1449 adhibitum
2871 1395 3184 1450 liberalibus
3247 1399 3480 1453 invitare

249 1490 433 1554 parulis
474 1505 576 1543 non
608 1491 835 1548 dostitit,
909 1490 1083 1558 quoad
1131 1503 1282 1541 mero
1333 1490 1550 1558 plenum
1616 1499 1669 1542 et
1739 1488 2092 1541 temulentum
2148 1487 2610 1551 animadvertetis,
2663 1489 2918 1543 eductum
2972 1489 3207 1558 gladium
3259 1493 3312 1544 in
3350 1491 3470 1559 ejus

247 1582 369 1635 latus
433 1583 662 1649 impulit,
695 1597 804 1649 quo
856 1582 946 1636 ille
1002 1582 1225 1635 vulnere
1285 1581 1454 1649 jaenit
1511 1581 1797 1634 exanimis.
1841 1579 1982 1633 Misit
2017 1589 2132 1647 post
2164 1579 2278 1633 ha-c
2311 1580 2490 1633 sultan
2531 1583 2780 1646 quicum
2829 1582 3158 1648 imperatore
3211 1583 3278 1635 de
3347 1600 3480 1650 pace

247 1685 538 1738 nartarenl,
579 1675 845 1742 [ιιυὶιι-ψιο
879 1683 1152 1728 transacta
1201 1689 1286 1726 res
1315 1682 1416 1732 est,
1454 1671 1856 1724 conditionibus
1902 1672 2177 1738 utrimque
2253 1671 2362 1726 cito
2447 1673 2685 1739 probatis
2735 1673 2947 1741 riteque
3021 1673 3220 1739 juratis
3248 1716 3263 1738 ,

245 1771 592 1840 quillitathne
641 1787 733 1837 per
766 1772 904 1822 hunc
938 1773 1152 1822 modum
1201 1785 1310 1823 orae
1364 1768 1652 1822 maritimae
1691 1767 1920 1820 reddita.

303 1863 469 1931 Μήπω
537 1863 594 1916 δὲ
648 1864 921 1916 τοσούτων
985 1865 1280 1932 φροντίδων
1349 1865 1376 1916 ὁ
1438 1863 1794 1933 αὐτοκράτωρ

1971 1859 2070 1916 Vix
2099 1863 2199 1916 hac
2230 1877 2361 1917 cura
2388 1862 2596 1917 solutus
2632 1863 2927 1932 imperator
2959 1862 3178 1930 (etenim
3216 1863 3261 1916 is
3294 1878 3479 1916 earum
3535 1855 3539 1858 ’

243 1954 573 2023 ἐπαλλαγεὶς,
627 1958 756 2025 μηδὲ
791 1957 896 2007 τῶν
940 1957 1048 2008 ἀπὺ
1078 1956 1266 2008 τούτου
1297 1955 1593 2008 κακώσεων
1636 1956 1803 2007 καθα-

1906 1957 2071 2010 etiam
2121 1972 2300 2010 rerum
2333 1959 2529 2026 quibus
2565 1972 2806 2024 praesens
2859 1973 2980 2010 cum
3013 1964 3330 2024 gererentur
3372 1971 3479 2008 non

3333 1685 3481 1730 trau-

627 1958 756 2025 μηδὲ
791 1957 896 2007 τῶν
940 1957 1048 2008 ἀπὺ
1078 1956 1266 2008 τούτου
1297 1955 1593 2008 κακώσεων
1636 1956 1805 2007 καθα-

247 2049 420 2117 ρεύσας
465 2050 531 2119 (εἰ
560 2050 672 2117 γὰρ
714 2049 806 2102 καὶ
838 2049 996 2110 αὐτὸς
1041 2049 1113 2118 μὴ
1166 2051 1345 2118 παρῆν
1391 2050 1446 2101 ἕν
1478 2067 1641 2112 τισιν,
1668 2049 1804 2100 ἀ).λὰ

243 2159 293 2207 γε
316 2147 422 2204 ταῖς
453 2143 704 2212 φροντίσι
737 2141 830 2193 καὶ
863 2143 983 2204 ταῖς
1017 2144 1347 2210 οἰκονομίαις
1387 2141 1686 2210 συμπαρῆν
1709 2141 1804 2193 καὶ

246 2236 638 2304 συνέπραττεν),
689 2236 770 2297 είς
828 2235 1016 2304 ἕτερον
1074 2235 1265 2301 ἀγῶνα
1299 2231 1457 2296 αὖθις
1516 2235 1802 2301 ἠπείγετο.

252 2329 300 2380 ’0
324 2331 421 2398 γὰρ
449 2329 725 2391 Βολκάνος
762 2327 918 2398 (ἀνὴρ
953 2329 1008 2380 δὲ
1038 2320 1192 2390 οὗτος
1227 2329 1286 2378 τὸ
1336 2329 1445 2379 πᾶν
1479 2328 1574 2396 τῆς
1629 2329 1804 2395 ἀρχῆς

241 2421 332 2471 τῶν
365 2421 664 2487 Δαλματῶν
709 2421 911 2490 φέρων,
957 2419 1129 2480 δεινος
1164 2419 1260 2486 μὲν
1306 2421 1504 2481 εἰπεῖν,
1541 2418 1710 2480 δεινὸς
1749 2417 1804 2470 δὲ

242 2513 706 2582 καταπρὰξισοαι)
763 2512 899 2581 μετὰ
931 2512 1112 2580 διττὴν
1151 2511 1303 2577 ἡλίου
1354 2511 1665 2578 περιφορὰν
1707 2511 1804 2579 τῆς

242 2603 332 2654 τῶν
368 2606 580 2658 Σκυθῶν
636 2605 1009 2667 καταλύσεως.
1053 2605 1162 2656 τῶν
1191 2606 1338 2656 ἰδίων
1368 2606 1509 2675 ὅρων
1549 2603 1804 2672 ἐξεληλυ-

241 2692 349 2756 ῦὼς,
374 2695 466 2757 τὰς
497 2696 924 2764 παρακειμένας
962 2695 1212 2763 ἐληῖζετο
1241 2694 1428 2756 πόλεις
1461 2696 1551 2746 καὶ
1585 2694 1800 2761 χώρας·

243 2787 318 2836 καὶ
349 2787 500 2850 αὐτὸς
534 2789 590 2841 δὲ
643 2789 702 2840 τδ
751 2787 1001 2842 Λιπένεον
1044 2787 1352 2856 κατασχὼν,
1397 2784 1504 2854 πῦρ
1553 2783 1805 2854 ἐμϐαλὼν

241 2877 507 2945 ἐνέπρησε.
567 2877 766 2930 Ταῦτα
816 2879 844 2930 ὁ
898 2877 1148 2946 βασιλεὺς
1200 2875 1531 2946 μεμαθηκὼς
1579 2877 1680 2927 οὐκ
1727 2875 1803 2926 ἔτ’

239 2969 458 3031 ἐνεκτῶς
505 2966 684 3037 εἶχεν,
735 2967 846 3020 ἀλλ’
877 2969 1202 3036 ἀποχρὼσας
1255 2967 1512 3035 δυνάμεις
1565 2983 1804 3034 συναγη-

239 3062 360 3132 frti);
385 3065 521 3119 κατὰ
549 3064 668 3117 τῶν
692 3062 906 3131 Σέρδων
935 3061 1165 3114 κατευθὺ
1189 3061 1280 3113 τοῦ
1305 3061 1554 3113 Λιπενίου
1605 3060 1801 3130 ἧῖαυνε

241 3155 398 3216 (τοῦτο
437 3157 492 3209 δὲ
526 3155 808 3223 πολίχνιόν
863 3170 917 3204 τι
955 3153 1147 3221 μικρὸν
1191 3154 1318 3222 περὶ
1359 3154 1486 3214 τοὺς
1529 3152 1805 3219 πρόποδας

237 3247 317 3299 ’κῦ
342 3249 508 3314 Ζνγοῦ
537 3249 641 3302 τοῦ
692 3244 1023 3315 διαιροῦντος
1064 3244 1160 3315 τὴν
1201 3246 1508 3312 Δαλματίαν
1556 3243 1664 3295 ἀπὸ
1709 3245 1806 3312 τῆς

237 3340 504 3410 ἡμεδαπῆς
559 3341 816 3412 χώρας),
873 3340 958 3407 ἐφ’
1135 3338 1212 3406 τῷ
1261 3337 1516 3406 Βολκάνῳ
1561 3339 1608 3389 εἰ
1655 3336 1806 3404 τύχοι

239 3427 686 3496 ἁντικαταστῆσαι
718 3427 762 3458 ³³
817 3427 1052 3493 πόλεμον
1114 3426 1347 3493 συνάψαι
1385 3424 1682 3494 καρτερὸν,
1710 3421 1805 3476 καὶ

236 3521 278 3569 εἰ
302 3522 394 3590 τὴν
425 3523 584 3591 νίκην
615 3521 740 3587 δοίη
771 3519 919 3586 αὐτῷ
950 3518 1102 3580 Θεδς,
1132 3518 1190 3570 τό
1215 3536 1271 3569 τε
1301 3519 1552 3570 Λιπένιον
1580 3517 1692 3586 (7οὶ
1715 3517 1807 3570 καὶ

241 3612 298 3661 si
319 3613 473 3664 λοιπὰ
502 3613 728 3666 ἅπαντα
753 3611 1029 3680 ἀνεγεῖραι
1058 3611 1150 3662 καὶ
1177 3613 1258 3672 εἰς
1285 3610 1345 3662 τὸ
1373 3611 1637 3680 πρότερον
1677 3611 1808 3663 ἀπο-

239 3705 556 3773 καταστῆσαι
592 3704 807 3773 σχῆμα.
861 3703 921 3755 '0
952 3704 1008 3755 δὲ
1053 3703 1321 3764 Βολκάνος
1360 3703 1456 3771 τὴν
1505 3703 1599 3754 τοῦ
1645 3702 1808 3754 αὑτο-

240 3796 481 3864 κρὰτορος
513 3794 857 3866 μεμαθηκὼς
888 3794 1118 3858 ἕλευσιν,
1153 3795 1370 3861 ἀπάρας
1399 3796 1606 3846 ἐκεῖθεν
1639 3811 1805 3845 κατα-

237 3884 482 3940 λαμϐάνει
524 3890 584 3940 τὸ
618 3887 1011 3952 Σφεντζάνιον·
1047 3885 1316 3952 πολίχνιον
1344 3884 1398 3936 δὲ
1419 3884 1575 3936 τοῦτο
1602 3883 1808 3935 ἄνωθεν

241 3977 322 4027 τοῦ
366 3981 460 4047 ἤδη
499 3980 767 4051 ῥηθέντος
813 3979 984 4044 Ζυγοῦ
1011 3975 1354 4042 διακείμενον
1396 3976 1452 4024 ὲν
1499 3974 1809 4042 μεσαιχμίῳ

237 4071 330 4118 τῦν
360 4087 410 4122 τε
457 4069 796 4142 Ῥωμαϊκῶν
840 4069 1002 4137 ὁρίων
1054 4071 1146 4118 καὶ
1194 4067 1292 4134 τῆς
1345 4065 1678 4133 Δαλματίας.
1717 4066 1807 4117 Ὀ-

241 4161 427 4227 πηνίκα
479 4166 534 4216 δὲ
591 4164 666 4217 τὰ
723 4161 930 4213 Σκῦπια
982 4162 1010 4211 ὁ
1052 4159 1413 4228 αὐτοκράτωρ
1464 4157 1804 4227 κατειλήφει⁹

240 4249 546 4316 ἀποστείλας
595 4259 624 4308 ὁ
671 4253 939 4313 Βολκὰνος
989 4250 1250 4303 διετίθετο
1293 4251 1361 4301 τὰ
1395 4251 1523 4320 περὶ
1563 4254 1804 4321 εἰρήνης,

242 4343 322 4392 καὶ
351 4345 538 4398 ἑαυτὸν
586 4349 710 4416 ἅμα
742 4345 833 4413 τῆς
885 4342 1066 4404 αἰτίας
1115 4343 1224 4394 τῶν
1270 4343 1456 4404 κακῶς
1505 4343 1808 4411 γεγονότων

240 4434 473 4490 ἀπολύων
528 4440 623 4490 καὶ
695 4435 756 4487 τὸ
813 4437 986 4488 αίτιον
1019 4433 1139 4486 ὅλον
1189 4437 1298 4494 τοῖς
1350 4420 1656 4504 σατράπαις
1702 4435 1809 4487 τῶν

249 4523 521 4596 Ῥωμαίων
554 4529 858 4591 ἀνατιθείς,
894 4528 1068 4594 λέγων
1099 4528 1173 4589 ὡς
1209 4532 1405 4582 ἐκείνοι
1437 4531 1548 4590 τοῖς
1589 4530 1808 4593 οἰκείοις

242 4613 372 4683 ὅροις
403 4622 476 4690 μὴ
527 4619 797 4691 ἐμμένειν
831 4619 1148 4689 βουλόμενοι
1192 4621 1486 4689 διαφόρους
1535 4621 1806 4690 ἐκδρομὰς

244 4711 537 4780 ποιούμενοι
579 4715 642 4766 οὐ
683 4711 884 4781 μικρὰν
924 4713 1023 4780 τὴν
1056 4710 1262 4782 βλάϐην
1288 4714 1353 4782 τῇ
1391 4711 1593 4784 Σερδίᾳ
1631 4730 1806 4783 προσ·-

243 4801 382 4872 ἧξαν.
433 4806 574 4874 Ἐγὼ
631 4807 694 4858 δὲ
739 4806 840 4856 οὐκ
885 4803 965 4855 ἔτι
1029 4804 1268 4856 τοιοῦτον
1309 4807 1402 4857 τοῦ
1452 4805 1641 4858 λοιποῦ
1698 4807 1812 4859 δια-

245 4897 539 4965 πράξομαι,
592 4897 714 4950 ἀλλ’
757 4895 1177 4964 ἐπαναστρέψας
1235 4897 1325 4948 καὶ
1374 4898 1613 4966 ὁμήρους
1669 4899 1804 4950 ἁπο-

246 4987 400 5040 στελὼ
423 4991 529 5041 τῶν
565 4989 720 5058 ἐμῶν
756 4986 1034 5054 συγγενῶν
1069 4989 1132 5057 τῇ
1168 4990 1231 5058 σῇ
1267 4987 1545 5059 βασιλείᾳ·
1581 4989 1673 5041 καὶ
1698 4989 1809 5042 τῶν

243 5081 442 5132 οἰκείων
469 5084 614 5151 ὅρων
647 5082 750 5150 οὐχ
779 5079 1180 5149 ὑπερϐήσομαι.
1217 5080 1356 5146 Πρὸς
1383 5081 1554 5133 ταῦτα
1589 5082 1617 5132 ὁ
1653 5082 1808 5149 βασι-

245 5167 355 5229 λεὺς
384 5173 707 5225 κατένευσε.
742 5172 850 5223 Καὶ
872 5171 1202 5241 καταλείψας
1235 5173 1410 5224 ἐκεῖσε
1439 5174 1562 5233 τοὺς
1587 5173 1809 5242 μέλλον-

245 5279 329 5325 τας
354 5265 446 5327 τας
493 5264 861 5336 ὲριπωοείσας
892 5263 1078 5326 πόλεις
1118 5264 1395 5332 ἀνεγεῖραι
1438 5265 1530 5316 καὶ
1560 5267 1803 5336 ὁμήρους

246 5353 626 5424 ἀναλαϐέσθαι,
668 5356 803 5426 πρὸς
831 5354 928 5426 τὴν
974 5355 1365 5425 βασιλεύουσαν
1419 5357 1801 5422 ὲπανέζευξεν·

1905 2051 2188 2116 intererat,
2222 2051 2642 2104 sollicitudinem
2697 2049 2840 2102 haud
2877 2049 3141 2101 minorem
3178 2047 3479 2099 sustinebat

1907 2143 2157 2213 absens),
2191 2145 2242 2198 in
2278 2145 2441 2198 aliam
2472 2144 2732 2196 continuo
2765 2142 2938 2195 nihilo
2988 2141 3244 2194 leviorem
3269 2137 3480 2192 incidit.

1906 2237 2177 2292 Bolcanus
2205 2237 2424 2305 quidem
2458 2236 2539 2288 vir
2573 2235 2752 2288 audax
2777 2242 2832 2288 et
2881 2243 3135 2287 strenuus
3175 2231 3483 2284 Dalmatia-

1907 2345 2011 2397 que
2040 2344 2170 2396 opes
2203 2344 2264 2382 ac
2298 2328 2560 2381 ditionem
2622 2326 2930 2379 universam
2962 2325 3188 2377 arbitrio
3219 2337 3318 2376 suo
3347 2333 3483 2374 tem-

1908 2438 2125 2490 perans,
2163 2423 2334 2473 altero
2363 2418 2579 2472 evoluto
2613 2433 2758 2471 anno
2791 2433 2817 2468 a
2853 2416 3074 2468 victoria
3115 2413 3480 2466 Romanorum

1908 2515 2164 2583 Scythica
2194 2527 2224 2566 e
2255 2513 2367 2565 suis
2400 2511 2601 2565 finibus
2630 2523 2927 2576 erumpens
2957 2507 3273 2573 obiacentes
3304 2505 3480 2560 nostri

1907 2607 2098 2659 limitis
2151 2607 2311 2660 urbes
2345 2614 2400 2657 et
2449 2603 2698 2673 regiones
2731 2617 2853 2654 cum
2890 2615 2984 2667 per
3034 2614 3161 2653 suos
3209 2597 3484 2651 immissos

1908 2699 2314 2753 incursionibus
2380 2695 2611 2749 habebat
2661 2693 2824 2763 252
2879 2691 3146 2756 infestas,
3205 2698 3314 2742 tum
3371 2688 3484 2755 ipse

1907 2793 2192 2858 Lipenium
2247 2789 2506 2843 invadens
2542 2787 2815 2842 hostiliter
2847 2783 3228 2856 succenderet.
3277 2781 3349 2834 Ea
3389 2793 3481 2832 ne.

1906 2901 2174 2956 quaquam
2210 2882 2511 2937 tolerabilia
2540 2883 2833 2950 imperator
2861 2887 3141 2945 reputans,
3173 2881 3482 2928 contractas

1907 2981 2158 3033 celeriter
2189 2978 2412 3030 idoneas
2440 2974 2624 3041 copias
2657 2973 2943 3026 confestim
2975 2985 3071 3038 per
3096 2967 3297 3021 Scrbos
3333 2975 3480 3016 recta

1908 3071 2194 3136 Lipenium
2230 3069 2382 3122 ducit
2414 3066 2746 3138 (oppidulum
2777 3065 2828 3117 id
2862 3074 2943 3116 est
2974 3061 3039 3115 ad
3080 3059 3292 3112 radices
3317 3057 3481 3109 situm

1907 3161 2029 3231 Jugi
2063 3161 2369 3214 diritncntis
2422 3159 2770 3211 Dalmaticam
2820 3171 2848 3206 a
2903 3153 3144 3206 Romana
3197 3148 3480 3213 ditionem)

1910 3255 2089 3308 animo
2119 3251 2514 3312 committendi,
2550 3249 2593 3301 si
2634 3261 2730 3316 per
2759 3246 2967 3298 hostem
3005 3258 3110 3295 non
3146 3248 3338 3296 staret,
3370 3237 3482 3290 illic

1909 3340 2082 3410 praelii
2117 3358 2129 3392 :
2164 3355 2227 3392 ac
2260 3339 2303 3391 si
2335 3336 2620 3390 victoriam
2655 3334 2796 3387 Dens
2829 3338 3116 3393 annuerct,
3149 3339 3258 3383 tum
3303 3328 3480 3396 ipsum

1911 3433 2215 3501 Lipenium,
2244 3440 2354 3483 tum
2408 3429 2510 3482 alia
2558 3427 2670 3480 loca
2705 3427 2954 3481 similiter
2982 3425 3202 3478 incensa
3252 3424 3307 3479 in
3341 3423 3484 3476 inte-

1909 3544 2063 3597 grum
2097 3523 2442 3579 restituendi.
2472 3523 2671 3576 Verum
2722 3521 2992 3573 Bolcanus
3039 3521 3272 3570 adventu
3312 3517 3485 3584 impe-

1908 3618 2106 3672 ratoris
2135 3616 2563 3685 Sphentzanium
2595 3613 2717 3666 inde
2749 3626 2977 3663 movens
3013 3625 3071 3662 se
3103 3606 3480 3662 transtulerat.

1909 3711 1998 3764 Est
2029 3724 2091 3762 ea
2123 3723 2336 3776 quoque
2364 3721 2526 3774 parva
2553 3705 2767 3767 civitas,
2800 3716 2960 3769 supra
2991 3701 3040 3752 id
3074 3699 3216 3766 quod
3247 3698 3483 3751 dixinzus

1908 3801 2103 3862 Jugum
2140 3799 2338 3867 posita,
2371 3798 2422 3850 in
2451 3795 2583 3863 ipsis
2615 3793 2892 3846 Romaniae
2928 3789 3314 3856 Dziltttatiaque
3345 3802 3485 3839 cou-

1909 3893 2073 3946 fiuiis.
2139 3891 2435 3958 Progresso
2510 3901 2637 3939 vero
2679 3885 3009 3950 imperatore
3069 3881 3296 3933 ulterius
3360 3893 3482 3931 cum

1909 3984 2175 4047 exercitu,
2209 3981 2406 4047 Scopia
2458 3993 2654 4046 usque,
2690 3975 2872 4029 missis
2920 3976 2984 4027 ad
3043 3988 3164 4026 eum
3219 3971 3484 4024 Bolcanus

1910 4078 2102 4147 legatis
2127 4076 2276 4144 pacis
2309 4076 2572 4144 impetran
2590 4072 2673 4125 dte
2725 4085 2913 4132 causa,
2965 4068 3323 4122 defectionem
3356 4081 3482 4133 pur-

1911 4173 2090 4242 gabat,
2130 4169 2339 4237 culpam
2394 4169 2510 4236 ejus
2565 4167 2614 4219 in
2671 4164 2946 4219 Romanos
2978 4165 3140 4217 duces
3171 4159 3494 4236 conferens,

1911 4265 2000 4333 qui
2039 4263 2178 4316 ultra
2218 4275 2347 4315 suos
2379 4261 2516 4313 ﬁnes
2547 4257 2967 4311 excursionibus
2990 4253 3153 4306 variis
3185 4249 3485 4309 attentatis,

1910 4372 2016 4411 non
2046 4355 2227 4426 parvis
2257 4353 2501 4407 cladibus
2539 4350 2788 4404 Serbiam
2843 4347 3174 4401 allecisseut.
3233 4342 3481 4397 Addebat

1912 4465 1969 4502 se
2004 4449 2136 4502 nihil
2166 4447 2345 4499 simile
2374 4445 2601 4510 posthac
2650 4457 2934 4500 ausurum,
2985 4439 3077 4491 sed
3107 4449 3161 4491 et
3196 4448 3484 4504 anteqtiam

1842 4570 1883 4624 υ
1915 4541 2212 4602 recederet,
2247 4539 2298 4590 in
2353 4533 2731 4605 promissionis
2785 4532 2941 4598 hujus
2973 4547 3082 4582 sine
3117 4531 3330 4598 pignus,
3381 4545 3485 4595 qua

1911 4645 1971 4685 se
1997 4631 2137 4685 ultra
2162 4629 2362 4682 limites
2389 4625 2620 4694 amplius
2646 4638 2753 4676 non
2785 4636 3130 4692 egressurum
3163 4617 3486 4688 spondebat,

1909 4723 2125 4777 obsides
2203 4719 2516 4788 imperatori
2588 4718 2886 4770 missurum
2935 4713 3082 4766 viros
3133 4708 3420 4779 primarius
3458 4722 3487 4759 e

1911 4815 2386 4882 consanguinitate
2417 4825 2516 4864 sua
2566 4811 2762 4878 ipsius.
2795 4806 2892 4860 llis
2936 4806 3212 4872 Augustus
3260 4800 3484 4862 annuit;

1911 4907 2224 4974 relictisque
2277 4903 2404 4963 {illic
2473 4901 2563 4969 qui
2597 4901 2872 4954 destructa
2926 4895 3123 4963 oppida
3178 4892 3485 4951 reticet-ent,

1911 5001 2236 5066 obsidesque
2266 4995 2596 5062 reciperent,
2648 4992 2765 5060 ipse
2817 4990 2868 5040 iu
2924 4986 3112 5039 urbem
3147 4991 3226 5036 est
3279 4980 3484 5046 regiam

1912 5105 2182 5144 reversus.
2217 5089 2283 5140 At
2314 5085 2578 5138 Bolcantts
2605 5097 2726 5134 eum
2754 5085 3074 5146 peterentur
3103 5070 3321 5124 obsides
3345 5069 3483 5120 diem

1911 5194 1942 5233 e
1977 5180 2063 5232 die
2109 5179 2332 5240 ducens,
2395 5175 2556 5228 variis
2605 5167 3068 5224 ludiﬁcatiouibus
3119 5163 3488 5217 frustrabatur

1915 5278 2150 5322 nostros.
2215 5267 2400 5321 Donec
2462 5264 2676 5317 tandem
2748 5266 2872 5311 ante
2919 5268 3122 5307 annum
3188 5259 3484 5305 vertentem

1911 5372 2167 5426 egressus
2215 5372 2246 5411 e
2301 5357 2413 5411 stris
2454 5353 2650 5408 ﬁnibus
2690 5365 2811 5404 cum
2872 5345 3115 5401 exercitu
3172 5343 3479 5399 Roman-'m

1320 5473 1520 5536 Variae
1551 5474 1856 5538 lectiones
1901 5495 1979 5541 ex
2024 5477 2166 5540 cod.
2195 5473 2464 5538 Coislin.

313 5568 356 5600 "
389 5571 607 5642 τύχοιεν
656 5575 1147 5645 ἁντικαταστῆναι.

1317 5663 1454 5722 Car.
1492 5660 1954 5744 Dul'resnii‘Du
1985 5658 2210 5740 Cangii
2237 5664 2427 5720 nota).

313 5763 422 5832 (73)
452 5767 758 5827 Λιπένιον.
801 5771 1041 5828 Meminit
1070 5770 1229 5842 hujus
1255 5769 1354 5824 loci
1388 5767 1666 5839 Scylitzcs.
