4024 6270
532 375 638 438 6ϋῖ

1849 375 2074 437 ΑΝΝ.Ἐ
2101 374 2484 438 ΕΟΜΝΕΝΑΞ

3675 376 3772 440 663

536 488 734 540 iterum
771 487 1005 541 vastavit
1050 485 1334 540 ditionem.
1385 485 1632 555 Cumque
1667 499 1760 555 per
1807 485 1858 540 id
1895 497 2099 552 tempus

2218 485 2280 538 '0
2323 486 2379 539 δὲ
2437 485 2705 548 Βολκάνος
2751 486 2876 550 τοὺς
2914 487 3157 558 ὁμήρους
3207 488 3634 558 ἀπαιτούμενος,
3683 491 3772 542 οὑκ

537 593 644 630 non
674 577 972 632 destitisset
1007 577 1306 645 imperator
1333 578 1596 632 refricare
1628 577 1727 646 ipsi
1761 593 1857 646 per
1885 576 2108 630 crebras

537 669 751 722 litteras
827 672 1147 724 memoriam
1205 681 1487 739 pactorum
1547 680 1961 736 conventorum,
2020 671 2108 726 ille

535 769 718 812 tamen
757 763 990 829 superba
1029 763 1380 816 contumacia
1411 778 1468 816 sc
1517 761 1815 826 involvens,
1849 764 1904 815 in
1933 762 2106 816 obsti-

535 853 754 906 natione
803 855 1028 921 negandi
1076 854 1384 908 obﬁrmavit
1432 855 1693 908 animum.
1731 855 1894 924 Igitur
1921 858 2106 922 Augu-

534 950 652 997 stus
678 944 817 998 bello
841 947 1077 1013 experiri
1104 957 1344 1011 coactus,
1367 946 1627 1001 Joannem
1659 947 2108 1001 sebastncratoris

535 1034 722 1088 fratris
759 1036 842 1088 sui
869 1037 1037 1089 ﬁlium
1071 1037 1136 1090 ad
1169 1053 1226 1092 se
1253 1039 1574 1092 accersitum
1607 1038 2108 1105 sumi-ientibusque

533 1122 858 1178 instructum
897 1127 1069 1194 c0piis
1097 1128 1360 1181 adversus
1389 1128 1684 1182 Bolcanum
1723 1133 1888 1183 misit.
1931 1131 2106 1184 Caete-

537 1229 658 1268 ruu:
712 1215 970 1282 Joannes,
1025 1220 1224 1288 quippe
1281 1220 1588 1287 inexpertus
1634 1223 1756 1274 belli
1804 1223 2020 1290 juvenis
2054 1231 2108 1277 ct

535 1303 712 1358 calida
769 1308 1062 1374 cupiditate
1109 1311 1402 1378 pugnandi,
1453 1327 1738 1366 successus
1787 1314 2106 1383 plerumque

534 1397 848 1451 cunctantis
879 1415 1062 1453 moras
1093 1411 1407 1468 exspectare
1457 1419 1560 1456 non
1593 1407 1887 1472 sustinens,
1921 1411 2103 1462 statim

536 1487 820 1557 Lipenium
855 1493 1131 1561 profectus
1162 1509 1429 1563 autneque
1459 1497 1579 1552 illac
1626 1497 1827 1554 ﬂuente
1877 1503 1940 1555 ad
1985 1501 2102 1570 .lugi

535 1582 750 1635 radices
801 1584 1056 1652 trajectu,
1135 1589 1383 1655 proxime
1442 1589 1864 1658 Spln-ntzanium
1925 1606 2102 1648 castra

533 1677 731 1739 posuit.
761 1675 876 1730 Non
905 1678 1060 1732 latuit
1091 1680 1382 1735 Bolcnnum
1417 1686 1632 1750 quicum
1669 1685 1742 1739 illi
1801 1703 1884 1740 res
1914 1699 2099 1754 esset;

535 1765 790 1822 frustrari
851 1786 980 1840 ergo
1021 1773 1318 1839 juvenilem
1377 1777 1770 1846 impatientiam
1824 1783 2102 1848 prtclimtli

533 1861 795 1929 optimum
863 1866 1091 1930 ducens,
1158 1871 1558 1926 adolescentem
1617 1889 1680 1928 ex
1745 1883 1861 1928 tuto
1922 1879 2101 1931 missis

532 1954 742 2024 nuntiis
782 1971 878 2024 per
936 1960 1286 2014 tractationes
1327 1973 1574 2018 versutas
1613 1968 1946 2034 aggreditur.
2002 1971 2102 2023 Pa-

532 2057 650 2096 cem
681 2045 820 2100 ultro
875 2063 1126 2116 poscens,
1195 2067 1354 2118 quam
1419 2068 1479 2107 se
1543 2055 1800 2124 deinceps
1835 2075 1956 2111 cum
2000 2061 2104 2116 ﬁde

529 2134 800 2190 ruiturum
881 2140 1254 2206 pellit-ebatur,
1315 2145 1674 2214 daturumque
1729 2149 1944 2203 obsides
1971 2167 2104 2218 quos

532 2235 656 2276 ante
688 2231 1033 2293 promiserat.
1070 2232 1246 2288 Verba
1283 2237 1396 2290 btcc
1427 2248 1586 2292 erant
1618 2250 1671 2293 et
1703 2241 2100 2299 ludiﬁcationes

531 2331 716 2384 mene,
748 2335 853 2390 quo
878 2338 1094 2379 aversos
1123 2341 1150 2378 a
1183 2343 1308 2381 cura
1361 2328 1510 2392 belli,
1563 2341 1618 2384 et
1677 2333 1746 2386 ab
1799 2337 2100 2392 attentione

528 2409 786 2462 custodite
832 2411 896 2465 ad
955 2414 1388 2482 intempestivam
1435 2419 1682 2476 ﬁduciam
1733 2428 1988 2482 remissos
2035 2443 2098 2482 ex

529 2495 824 2562 improviso
875 2503 1096 2559 adortus
1141 2509 1495 2576 opprimeret.
1556 2513 1715 2584 253
1791 2515 1933 2572 Sane
1985 2519 2100 2588 ipse

529 2584 814 2678 linit-anns,
851 2595 972 2648 dum
1026 2597 1091 2652 de
1145 2599 1231 2654 his
1263 2599 1504 2658 Joannes
1553 2605 1904 2674 deliberabat,
1935 2584 2096 2678 quam

531 2675 940 2742 diligentissime
968 2695 1227 2754 armatus,
1263 2689 1314 2744 in
1343 2693 1618 2758 procinctu
1647 2696 1710 2748 ad
1743 2675 2094 2766 irruptionem

531 2769 768 2822 subitam
803 2787 940 2830 erat.
989 2777 1245 2848 Adeoque
1270 2782 1380 2850 jam
1419 2784 1537 2853 ipso
1569 2787 1944 2853 proﬁciscente
1978 2808 2096 2846 cum

530 2855 810 2916 instructis
836 2866 1006 2933 cepiis
1025 2869 1088 2922 ad
1109 2871 1384 2927 Romanos
1416 2875 1548 2929 nihil
1577 2877 1754 2932 minus
1781 2882 2096 2950 cogitantes,

531 2963 874 3013 pra‘currens
930 2962 1228 3016 monachus
1289 2965 1554 3034 quispiam
1637 2969 1840 3026 indicat
1901 2972 2097 3031 Joanni

527 3041 822 3096 adventare
853 3045 1080 3116 bouem,
1113 3051 1269 3120 idque
1296 3067 1615 3111 constanter
1647 3059 1894 3117 afﬁrmat.
1925 3063 2094 3130 Quem

2211 579 2382 631 ἐδίδου
2406 578 2649 641 τούτους,
2681 576 2798 631 ἀλλ’
2827 577 3043 650 ἡμέραν
3079 579 3137 644 ἐξ
3161 580 3376 651 ἡμέρας
3407 581 3768 649 ὑπερετίθετο.

2225 669 2505 722 Ἐνιαυτοῦ
2558 682 2616 720 τε
2645 669 2812 738 μήπω
2848 671 3242 740 παρῳχηκότος
3301 671 3454 734 ὅλου,
3497 667 3656 734 αὖθις
3701 673 3772 734 εἰς

2211 761 2492 830 προνομὴν
2535 761 2644 812 τῶν
2703 761 3027 829 Ῥωμαϊκῶν
3071 763 3266 832 χωρῶν
3311 761 3645 830 ἐξεληλύθει.
3673 764 3774 816 Καὶ

2208 849 2498 920 διαφόρους
2523 852 2742 921 γραφὰς
2783 851 2874 904 τοῦ
2906 852 3306 922 αὐτοκράτορος
3333 853 3624 920 δεξάμενος
3649 855 3773 906 ἀνα·-

2213 943 2618 1012 μιμνήσκοντος
2641 943 2806 998 αὑτὸν
2825 943 2934 996 τῶν
2975 945 3260 1011 συνθηκῶν
3299 947 3396 996 καὶ
3435 945 3770 1014 ὑποσχέσεων

2209 1031 2274 1094 ἂς
2321 1032 2534 1101 φθάσας
2579 1033 2718 1104 πρὸς
2769 1033 2932 1088 αὐτὸν
2979 1033 3296 1102 ἐποιήσατο,
3353 1032 3461 1085 οὐδ’
3494 1032 3666 1094 οὕτως
3709 1034 3771 1084 τὰ

2209 1127 2566 1194 ὑπεσχημένα
2621 1126 2838 1179 τελέσαι
2887 1125 3066 1197 ήθελε.
3125 1124 3640 1194 Μεταπεμψάμενος
3686 1123 3770 1178 οὖν

2207 1215 2236 1266 ὁ
2267 1215 2519 1284 βασιλεὺς
2565 1217 2814 1286 Ἰωάννην
2853 1217 2944 1270 τὸν
2991 1217 3104 1268 υἱὸν
3137 1215 3229 1268 τοῦ
3279 1215 3773 1284 σεϐαστοκράτορος

2209 1307 2302 1359 καὶ
2341 1307 2676 1376 αὑταδέλφου
2731 1307 2895 1362 αὑτοῦ
2943 1309 3080 1361 κατ’
3111 1307 3276 1360 αὑτοῦ
3323 1306 3598 1375 ἐξέπεμψε
3643 1307 3772 1376 μετὰ

2208 1399 2536 1469 ἀποχρώσης
2576 1401 2878 1465 δυνάμεως,
2910 1403 2937 1454 ὁ
2979 1399 3036 1453 δὲ
3075 1395 3166 1452 οἷα
3205 1399 3642 1470 ἀπειροπόλεμος
3687 1399 3772 1452 καὶ

2211 1492 2498 1559 σφαδάζων
2549 1493 2623 1555 ὡς
2664 1493 2780 1554 νέος
2831 1492 2967 1563 πρὸς
3009 1493 3210 1562 μάχας,
3261 1491 3512 1546 ἀπελθὼν
3557 1493 3652 1544 καὶ
3685 1493 3769 1545 τὸν

2204 1585 2298 1638 τοῦ
2335 1583 2590 1638 Λιπενίου
2627 1585 2872 1654 ποταμὸν
2915 1585 3110 1649 διαϐὰς
3154 1586 3283 1654 περὶ
3333 1587 3458 1646 τοὺς
3499 1586 3772 1654 πρόποδας

2205 1674 2298 1726 τοῦ
2361 1672 2534 1738 Ζυγοῦ
2583 1674 2817 1727 κατευθὺ
2872 1675 2965 1726 τοῦ
3021 1674 3380 1740 Σφεντζανίου
3431 1673 3522 1726 τὸν
3561 1675 3773 1743 χάρακα

2207 1766 2466 1836 ἐπήξατο.
2518 1767 2634 1820 Οὐκ
2681 1767 2838 1820 ἔλασε
2894 1767 2940 1800 ³³
2983 1767 3142 1820 τοῦτο
3189 1768 3280 1820 τὸν
3325 1767 3614 1822 Βολκάνον.
3667 1769 3773 1822 Καὶ

2206 1857 2367 1910 πάλιν
2413 1859 2541 1928 περὶ
2577 1859 2802 1929 εἰρήνης
2851 1859 2944 1912 καὶ
2991 1858 3129 1928 πρὸς
3171 1860 3334 1913 αὑτὸν
3383 1860 3604 1929 ἠρώτα,
3655 1859 3772 1912 ὑπι-

2207 1951 2536 2022 σχνούμενος
2570 1954 2663 2004 καὶ
2702 1953 2828 2016 τοὺς
2854 1953 3266 2025 ὑπεσχημένους
3318 1953 3564 2022 ὁμήρους
3593 1953 3770 2006 δοῦναι

2205 2043 2300 2095 καὶ
2329 2043 2576 2114 καθαρὰν
2603 2045 2702 2115 τὴν
2745 2047 2968 2118 εἰρήνην
3005 2047 3142 2116 μετὰ
3189 2049 3300 2098 τῶν
3351 2045 3644 2116 Ῥωμαίων
3683 2047 3769 2100 τοῦ

2203 2133 2391 2188 λοιποῦ
2418 2139 2672 2206 τηρῆσαι.
2702 2139 2861 2193 Ἀλλά
2910 2139 3082 2192 ταῦτα
3129 2140 3228 2210 μὲν
3261 2141 3317 2192 ὲν
3365 2139 3556 2208 μόναις
3598 2138 3770 2208 ψιλαῖς

2205 2226 2588 2297 ὑποσχέσεσιν,
2622 2230 2782 2294 αὐτὸς
2837 2231 2894 2284 δὲ
2925 2231 3251 2298 ἐξωπλίζετο
3285 2229 3581 2298 ἀγνώστως
3631 2231 3770 2284 αὑτῶ

2204 2319 2556 2387 προσϐαλεῖν.
2601 2322 2712 2374 Καὶ
2751 2323 2851 2392 τῆς
2891 2325 3026 2393 πρὸς
3065 2324 3154 2376 τὸν
3187 2322 3446 2391 Ἰωάννην
3499 2321 3768 2392 φερούσης

2202 2413 2294 2465 τού
2324 2411 2598 2466 Βολκάνου
2628 2413 2910 2484 ἁψαμένου
2951 2413 3180 2485 μοναχός
3223 2431 3307 2476 τις
3343 2413 3770 2481 προκαταλαϐὼν

2202 2503 2262 2555 τὸ
2293 2503 2667 2573 μελετώμενον
2709 2503 3140 2574 ἀπαγγέλλειτῷ
3185 2503 3424 2576 Ἰωάννῃ,
3461 2503 3554 2554 καὶ
3605 2519 3766 2554 κατα-

2201 2597 2495 2666 λαμϐάνειν
2524 2597 2614 2650 τὸν
2660 2597 2851 2666 ἐχθρὸν
2877 2598 2973 2668 ἤδη
3015 2597 3392 2666 διισχυρίζετο.
3431 2596 3493 2648 '0
3541 2595 3600 2648 δὲ
3641 2594 3768 2663 μετά

2203 2688 2377 2757 θυμοῦ
2408 2688 2600 2741 τοῦτον
2630 2689 3016 2759 ἀπεπέμψατο,
3055 2689 3296 2759 ψεύστην
3337 2687 3429 2740 καὶ
3476 2689 3760 2741 ἀπατεῶνα

2199 2781 2511 2837 ἀποκαλῶν.
2559 2781 2720 2836 Ἀλλά
2775 2783 2832 2834 τὸ
2881 2783 3059 2853 ἔργον,
3100 2783 3190 2836 τὸν
3229 2782 3386 2849 λόγον
3427 2780 3762 2852 προέφθασεν

2203 2871 2596 2924 πιστώσασθαι.
2643 2872 2854 2935 Νυκτὸς
2895 2873 3001 2942 γὰρ
3045 2874 3380 2926 ἐπεισπεσὼν
3431 2871 3602 2940 αὐτῷ,
3639 2871 3766 2922 πολ-

2198 2966 2323 3028 λοὺς
2355 2965 2454 3034 μὲν
2484 2965 2982 3036 τῶν’στρατιωτῶν
3015 2965 3162 3029 ἐντὸς
3189 2966 3296 3019 τῶν
3327 2965 3536 3018 σκευῶν
3569 2964 3764 3026 ἀνεῖλε,

2201 3059 2386 3112 πολλοὶ
2423 3059 2479 3112 δὲ
2510 3059 2604 3111 καὶ
2635 3060 2938 3129 ἀνακράτος
2969 3059 3260 3128 φεύγοντες
3303 3059 3421 3118 ταῖς
3459 3058 3634 3119 δίναις
3663 3055 3765 3114 ῗτοΰ

529 3129 622 3186 ille
653 3147 772 3188 cum
807 3141 1086 3195 Stomacho
1141 3159 1239 3196 nec
1289 3146 1406 3200 sine
1461 3151 1784 3206 contumelia
1820 3165 1874 3208 ttt
1923 3157 2090 3212 levent

2204 3149 2348 3204 κάτω
2389 3150 2597 3220 ῥέοντος
2631 3152 2876 3222 ποταμοῦ
2913 3152 3320 3224 παρασυρέντες
3361 3151 3764 3220 ἀπεπνίγησαν.

526 3229 580 3273 et
613 3239 868 3292 nugacem
899 3231 1206 3300 nulliusque
1241 3235 1362 3288 lidci
1403 3238 1674 3293 hominem
1733 3242 1932 3310 rejicit.
1987 3248 2096 3303 Sed

533 3328 652 3366 mox
693 3315 850 3370 ﬁdem
889 3324 1134 3376 tuonacbi
1171 3339 1254 3396 res
1283 3327 1411 3396 ipsae
1441 3344 1756 3387 sanxerunt.
1805 3333 2018 3392 lrrunnt
2047 3340 2096 3394 in

529 3400 769 3458 llomana
801 3419 977 3464 castra
1015 3429 1110 3480 per
1139 3427 1350 3470 noctem
1391 3421 1648 3476 Dalmata:
1675 3425 1810 3479 duce
1843 3427 2096 3497 Bolcano,

528 3495 813 3550 cmduntur
841 3499 979 3553 intra
1012 3505 1362 3562 tabernacula
1401 3512 1650 3581 imp-irati
1687 3517 1932 3586 plerique
1961 3495 2098 3575 mili;

533 3591 665 3650 tum,
695 3587 783 3641 alii
839 3593 1044 3661 trepida
1095 3609 1310 3654 ruentes
1365 3601 1510 3670 fuga,
1563 3607 1612 3658 in
1663 3611 1966 3676 proximum
2005 3629 2101 3681 per

523 3691 762 3732 errorem
799 3693 850 3735 et
886 3686 1144 3754 impetum
1197 3693 1409 3763 abrepti
1461 3695 1660 3752 flumen
1709 3703 1867 3768 aquis
1917 3705 2096 3760 hausti

523 3771 751 3834 periere.
787 3773 944 3830 Pauci
976 3780 1172 3846 quibus
1203 3785 1422 3855 aliquod
1461 3789 1624 3844 robur
1647 3795 1814 3846 animi
1850 3808 1904 3849 et
1933 3798 2096 3854 ofﬁcii

524 3859 781 3946 cogitatio
815 3869 1312 3942 superfuit,raptim
1347 3893 1442 3946 per
1469 3881 1718 3936 tenebras
1751 3886 2100 3946 tabernaculo

521 3945 743 4008 Joannis
775 3960 1022 4026 quaesito,
1047 3979 1144 4032 pro
1171 3980 1238 4020 eo
1264 3978 1486 4026 strenue
1517 3985 1852 4040 pugnarunt,
1878 3987 2098 4036 eatenus

526 4045 740 4108 quidem
785 4060 844 4102 ut
879 4053 1066 4106 ducem
1103 4061 1288 4128 utique
1313 4077 1470 4116 suum
1503 4081 1532 4118 a
1565 4067 1710 4120 carde
1743 4079 1835 4121 aut
1867 4072 2101 4124 servitu-

526 4146 583 4231 te
639 4136 1012 4199 liheraverint.
1065 4147 1157 4202 Sic
1215 4151 1488 4221 dissipatis
1540 4158 1834 4212 maximam
1891 4173 2097 4231 partem

527 4223 788 4284 Romanis
835 4238 1032 4304 copiis,
1073 4238 1338 4296 Bolcanus
1383 4245 1498 4299 suis
1541 4252 1856 4304 convocatis
1903 4252 2096 4320 Jugum

522 4318 735 4410 rediens
788 4337 910 4379 cum
971 4329 1034 4382 iis
1083 4335 1406 4389 conscendit
1453 4351 1619 4407 prepe
1675 4318 2095 4410 Spbentzaniusn

523 4404 804 4466 insistens.
837 4413 939 4470 Eos
969 4419 1148 4474 intuiti
1185 4425 1276 4491 qui
1327 4442 1450 4480 cum
1505 4428 1716 4486 Joanne
1767 4448 2093 4500 supererant

2217 3240 2432 3294 Ὁπόσοι
2487 3241 2544 3294 δὲ
2595 3241 3000 3314 σταθηροτέρας
3055 3243 3280 3312 γνώμης
3329 3237 3468 3311 ἦσαν
3527 3241 3626 3310 τὴν
3675 3236 3764 3290 τοῦ

2203 3333 2448 3386 Ἰωάννου
2478 3333 2917 3404 ἀναζητήσαντες
2960 3333 3162 3406 σκηνὴν
3189 3333 3442 3402 ἐκθύμως
3475 3331 3768 3402 μαχόμενοι

2200 3425 2405 3495 ταύτην
2431 3425 2524 3478 ἐπὶ
2561 3425 2758 3478 ταυτοῦ
2791 3426 2945 3495 μόγις
2985 3426 3330 3495 διετήρησαν.
3359 3423 3518 3479 Οὕτω
3543 3421 3677 3492 γοῦν
3711 3419 3769 3473 τὺ

2204 3521 2304 3590 μὲν
2327 3521 2576 3572 πλεῖστον
2597 3519 2692 3572 τοῦ
2730 3519 3034 3588 Ῥωμαϊκοῦ
3065 3519 3469 3590 στρατεύματος
3497 3519 3692 3588 ᾤχετο.
3709 3517 3765 3570 Ὀ

2201 3611 2256 3663 δὲ
2303 3611 2570 3674 Βολκάνος
2603 3613 2727 3672 τοὺς
2767 3611 2926 3674 ἰδίους
2965 3611 3361 3681 ἀναλεξάμενος
3395 3613 3490 3664 καὶ
3531 3611 3765 3665 ἀνελθὼν

2201 3703 2293 3756 τοῦ
2335 3703 2510 3771 Ζυγοῦ
2544 3704 2687 3756 κατὰ
2729 3705 2788 3757 τὸ
2834 3703 3193 3774 Σφεντζάνιον
3239 3703 3389 3774 ἔστη,
3427 3705 3492 3756 Οἱ
3535 3703 3578 3755 δ’
3627 3703 3764 3772 ἀμφὶ

2201 3795 2288 3848 τὸν
2314 3795 2352 3847 Ἰ
2373 3797 2566 3866 ι.άννην
2603 3795 2826 3858 τούτους
2871 3794 3226 3864 θεασάμενοι,
3275 3795 3444 3860 ὀλίγοι
3481 3795 3635 3856 ὅντες
3677 3793 3767 3846 καὶ

2205 3886 2278 3958 μὴ
2336 3889 2475 3960 μετά
2525 3889 2791 3942 τοσούτων
2845 3887 3110 3957 μάχεσθαι
3155 3886 3464 3954 δυνάμενοι,
3513 3885 3764 3938 ἐϐουλεύ-

2203 3997 2364 4032 σαντο
2384 3981 2466 4043 είς
2493 3979 2734 4032 τούπίσω
2761 3979 3086 4048 διαπεράσαι
3129 3977 3219 4030 τὸν
3251 3993 3388 4030 ποτα
3403 3977 3522 4046 μόν.
3564 3975 3762 4029 Τούτου

2199 4073 2256 4126 δὲ
2302 4071 2590 4140 γεγονότος
2633 4071 2678 4102 ⁸ο
2734 4071 3211 4140 καταλαμϐάνουσι
3244 4069 3302 4121 τὸ
3343 4069 3597 4121 Διπένιον
3639 4067 3765 4120 ὡσεὶ

2198 4161 2404 4215 δώδεκα
2439 4161 2683 4224 σταδίους
2709 4161 2896 4215 τούτου
2941 4161 3140 4230 ἀπέχον
3171 4161 3236 4224 ⁶¹,
3269 4161 3524 4214 ὲπιπλέον
3553 4160 3597 4213 δ’
3639 4160 3764 4212 ἀντ-

2199 4257 2343 4324 έχειν
2365 4295 2379 4318 ,
2427 4255 2552 4317 τοὺς
2615 4254 2898 4316 πλείστους
2936 4253 3314 4318 ἀπολωλεκὼς,
3347 4252 3422 4323 μή
3453 4253 3760 4320 δυνάμενος,

2197 4349 2296 4415 τὴν
2333 4345 2466 4416 πρὸς
2497 4346 2540 4378 δ’
2570 4346 2670 4414 τὴν
2715 4345 3107 4415 βασιλεύουσαν
3143 4345 3448 4416 ἀνεζήτησε
3476 4365 3487 4378 ·
3533 4345 3650 4417 κᾷθ’
3675 4341 3760 4395 οὖν

2199 4453 2307 4498 τως
2337 4436 2690 4508 τεθαρρηκὼς
2720 4436 2748 4488 δ
2780 4437 3067 4502 Βολκάνος,
3099 4437 3171 4500 ὡς
3215 4438 3288 4506 μή
3319 4455 3462 4500 τινος
3487 4437 3581 4490 τοῦ
3614 4439 3756 4489 ἀντι-

521 4503 798 4568 perpauci,
853 4522 950 4560 nec
1005 4511 1108 4565 ulla
1143 4513 1252 4582 jam
1285 4531 1348 4570 ex
1381 4529 1534 4588 parte
1588 4524 1653 4576 ad
1697 4530 2091 4583 conserendum

2204 4530 2601 4598 καθισταμένου
2648 4529 3112 4599 περιλειφθέντος,
3151 4529 3396 4598 ὲληῖξετο
3445 4531 3541 4592 τάς
3585 4544 3752 4596 παρασ

523 4601 644 4642 cum
683 4591 892 4662 integro
922 4607 976 4653 et
1007 4603 1213 4659 victore
1273 4607 1540 4680 longeque
1582 4618 1960 4674 numerosiore
1995 4622 2093 4676 bo-

521 4687 606 4734 ste
637 4689 878 4750 przrlium
911 4705 1090 4759 pares,
1126 4697 1262 4752 nihil
1317 4716 1378 4756 se
1411 4705 1577 4760 tutius
1621 4721 1778 4774 posse
1812 4713 2092 4772 consulere

521 4778 802 4864 putarunt,
861 4793 1020 4847 quam
1076 4795 1136 4839 ιιι
1205 4786 1424 4847 ﬂumine
1477 4795 1704 4864 trajecto
1755 4802 2091 4860 recederent.

520 4856 794 4921 Promotis
823 4885 952 4940 ergo
982 4877 1047 4928 ad
1075 4877 1458 4938 duodecimum
1511 4902 1540 4940 a
1575 4887 1800 4958 Lipenio
1855 4867 2102 4950 stadium

519 4957 716 5012 castris
764 4959 1002 5020 Joannes
1073 4983 1330 5038 reputans
1375 4991 1497 5032 cum
1549 4957 1651 5034 his,
1691 4983 1764 5036 ita
1807 4985 2090 5042 ditninutis

515 5049 686 5116 cepiis
735 5057 1068 5122 provinciam
1123 5081 1284 5134 quam
1337 5081 1553 5137 gereret
1607 5073 1856 5130 obtinere
1903 5094 1962 5132 se
1997 5081 2088 5132 tali

2200 4622 2456 4691 κειμένας
2495 4620 2676 4684 πόλεις
2715 4621 2806 4674 καὶ
2842 4623 3042 4689 χώρας.
3099 4622 3204 4674 Καὶ
3229 4621 3336 4675 τῶν
3369 4623 3612 4675 Σκοπίων
3661 4621 3752 4684 τὴν

2198 4715 2302 4777 ἔξω
2330 4712 2512 4784 χώραν
2543 4713 2762 4776 τελείως
2797 4711 3064 4784 ήρίπωσε,
3097 4712 3156 4764 τὸ
3181 4712 3238 4765 δέ
3269 4729 3322 4764 τι
3355 4715 3450 4766 καὶ
3490 4725 3746 4766 κατεκαύ-

2201 4823 2312 4870 σεν,
2345 4805 2404 4858 οὑ
2461 4807 2620 4877 μέχρι
2661 4805 2720 4858 δὲ
2763 4803 2973 4867 τούτου,
3005 4803 3142 4856 ἀλλὰ
3192 4804 3288 4857 καὶ
3334 4805 3428 4858 τὸν
3465 4803 3682 4858 Πόλυϐον
3705 4796 3748 4828 ⁸³

2199 4901 2290 4950 καὶ
2330 4899 2458 4969 ἄχρι
2512 4898 2748 4969 Βρανέας
2790 4897 2836 4929 ⁸⁸
2869 4897 3082 4964 φθάσας
3129 4896 3224 4949 καὶ
3271 4896 3490 4966 δῃώσας
3529 4898 3744 4952 ἅπαντα,

2200 4987 2400 5058 πολλήν
2423 5005 2482 5039 τε
2516 4988 2665 5040 λείαν
2697 4986 2906 5040 ἐκεῖθεν
2930 4985 3280 5056 ἀφελόμενος,
3311 4989 3392 5051 εἰς
3420 4990 3516 5056 τὴν
3549 4984 3742 5038 οἰκείαν

2199 5077 2506 5147 ὑπέστρεψε
2539 5080 2653 5147 χώρ
2663 5094 2744 5130 αν.

517 5147 758 5240 tempore
789 5165 892 5204 non
945 5169 1123 5222 posse,
1163 5159 1684 5231 ConstantinOpolim
1741 5184 1799 5223 se
1820 5175 2070 5226 contulit.
2114 5171 2250 5226 Tum
2291 5173 2559 5225 lioleanus
2613 5181 2767 5224 aucta
2821 5171 3172 5235 conﬁdentia,
3211 5171 3322 5240 jam
3411 5185 3536 5226 cura
3619 5167 3744 5220 liln‘l'

515 5234 1073 5336 Ῑηξωίηθηῑῖθιιοδιῖει
1128 5253 1326 5318 ΡΓωίΙῘε
1393 5255 1616 5325 agendis
1705 5261 2152 5333 incursandisquc
2193 5263 2544 5318 licentissime
2591 5263 2846 5316 Romana:
2898 5263 3116 5318 ditionis
3173 5265 3322 5332 pagis
3379 5273 3434 5318 ct
3470 5263 3606 5334 agris
3661 5269 3747 5328 per

514 5329 684 5426 Otium
714 5329 997 5392 incubuit:
1037 5355 1100 5394 ac
1149 5347 1424 5412 regionem
1457 5351 1682 5418 quidem
1733 5353 1946 5424 Scopiis
1994 5358 2438 5425 cirentnpositam
2507 5357 2738 5410 raSIavit
2827 5359 2984 5422 plane
3035 5371 3252 5409 omnem
3304 5367 3360 5410 et
3447 5353 3744 5410 detornmvil

523 5417 700 5471 "linis
725 5433 898 5514 Eique
953 5427 1239 5498 incendiis,
1293 5437 1428 5490 ultra
1487 5441 1619 5508 quin
1675 5444 1840 5497 etiam
1913 5448 2115 5500 crudeli
2195 5450 2424 5500 avaritia
2461 5457 2747 5514 provectus
2779 5445 3037 5500 Polobum
3090 5449 3345 5502 sttnilitcr
3396 5451 3738 5510 destruxit“?!

520 5517 688 5572 us‘lue
723 5508 962 5570 Braneus
991 5534 1184 5576 cuncta
1216 5525 1516 5584 latrociniis
1548 5535 1818 5602 exhausit,
1875 5541 2160 5606 pr.edaque
2189 5553 2415 5593 onustus
2448 5537 2667 5592 danunt
2704 5539 2882 5592 rediit.

1607 5669 1802 5730 Varia;
1863 5671 2168 5734 lectiones
2201 5690 2276 5734 ex
2313 5675 2454 5735 cod.
2497 5675 2768 5736 Coislin.

633 5771 678 5806 ⁸⁹
703 5771 883 5831 ἔλαθε.
987 5783 1026 5815 ⁸ο
1057 5789 1348 5857 γενομένου
1451 5793 1821 5867 “dxi/.0710;
1919 5801 1960 5832 ’δ’
1981 5803 2052 5864 ὡς
2081 5821 2099 5853 7

2204 5819 2236 5865 ;.
2337 5803 2634 5858 ⁵³1Μλοϐον
2667 5807 3006 5862 καταλαϐών.
3085 5809 3132 5842 ⁸³
3169 5810 3420 5879 Βρανίας.
