4024 6270
209 394 304 459 669

1435 381 1850 442 ALEXIADIS
1889 384 2037 444 LIB.
2066 385 2169 447 IX.

3295 387 3402 453 670

268 501 427 554 Tutin
452 500 477 552 ὁ
500 497 738 566 βατιλείις
764 495 1100 566 μεμαθηκὼς
1125 496 1223 550 οὐκ
1248 495 1326 549 ἔτι
1358 497 1603 559 ἀνεκτῶς
1644 493 1717 550 εἷ-

1899 503 1970 554 Ea
2005 503 2282 556 enimvero
2333 511 2489 570 prout
2538 502 2761 558 omnino
2812 513 2968 557 erant
3020 502 3240 570 indigna
3297 515 3400 557 nec.

203 609 295 661 χει,
311 588 414 642 ἀλλ’
437 588 586 650 εὐθὺς
601 583 774 650 αὖθις,
798 585 1129 650 ἐξωπλίσατο
1153 587 1226 656 μὴ
1248 586 1388 639 πάνυ
1404 604 1455 640 τι
1482 587 1612 656 μηδὲ
1633 587 1726 640 τοῦ

205 680 403 748 αὑλητοῦ
455 680 710 748 Τιμοθέου
758 679 893 749 πρὸς
945 677 1103 731 τοῦτο
1161 678 1432 748 δεόμενος,
1477 679 1728 749 καθάπερ

215 771 518 839 Ἀλέξανδρος
564 770 883 837 περιμείνας
927 769 1019 822 τὸν
1068 770 1286 840 Ὀρθιον
1337 772 1520 839 νόμον.
1560 769 1729 831 Αὐτός

201 881 245 914 τε
283 858 366 913 οὖν
407 865 432 913 ὁ
468 862 816 929 αὑτοκράῖωρ
865 860 1224 930 περιθέμενος
1270 861 1410 914 ὅπλα
1467 860 1558 913 καὶ
1605 859 1728 919 τοὺς

201 954 365 1013 ἄλλους
385 952 596 1014 ὁπλίσας
624 953 749 1015 τοὺς
770 953 888 1004 τότε
913 953 1343 1021 παρατυχόντας,
1366 953 1463 1021 τῆς
1493 948 1726 1005 κατευθὺ

201 1041 473 1106 Δαλματίας
507 1043 774 1110 φερούσης
812 1045 1008 1112 εἴχετο,
1058 1043 1302 1095 σπεύδων
1336 1044 1404 1094 τὰ
1445 1042 1542 1110 μὲν
1587 1041 1727 1108 φθάο

202 1147 340 1182 σαντα
367 1131 690 1200 ἐριπωθῆναι
717 1133 828 1184 τῶν
857 1134 1108 1201 κάστρων
1137 1134 1412 1201 ἀνεγεῖραι
1446 1129 1601 1194 αὖθις
1633 1132 1727 1183 καὶ

199 1224 260 1281 εἰς
282 1224 334 1272 τὸ
372 1225 624 1290 πρότερον
675 1225 1118 1293 ἀποκαταστῆναι
1169 1226 1380 1294 σχῆμα,
1422 1226 1516 1277 καὶ
1582 1223 1728 1276 ἀντέ-

200 1329 330 1364 ποινα
363 1314 466 1365 τῶν
496 1315 624 1384 παρ’
653 1314 817 1367 αὐτοῦ
863 1317 1292 1385 πεπραγμένων,
1320 1318 1382 1368 ἐκ
1410 1314 1727 1383 περιουσίας

197 1406 293 1455 κατ’
317 1405 468 1457 αὐτοῦ
514 1405 937 1474 διαπράξασθαι.
974 1408 1219 1476 Ἀπὰρας
1245 1407 1338 1461 οὖν
1363 1408 1462 1474 τῆς
1496 1407 1728 1475 μεγαλο-

197 1496 368 1556 editam;
393 1496 436 1529 "
464 1498 555 1550 καὶ
605 1499 664 1550 τὸ
723 1498 1054 1564 Δαφνούτιον
1112 1499 1159 1531 ⁸⁸
1221 1500 1332 1568 (73)
1379 1498 1723 1561 καταλαὸὼνν

195 1583 340 1650 (πόλις
356 1585 408 1638 δὲ
440 1587 591 1640 τοῦτο
609 1588 816 1641 παλαιά
844 1592 940 1658 τῆς
964 1592 1372 1644 Κωνσταντίνου
1403 1590 1447 1622 ⁸⁷
1481 1589 1726 1651 σταδίους

193 1679 431 1748 ἀπέχουσα
455 1683 930 1752 τεσσαράκοντα),
976 1683 1070 1737 καὶ
1101 1683 1226 1746 τοὺς
1281 1683 1448 1751 μήπω
1495 1682 1728 1750 ἐφθακό-

190 1785 268 1830 τας
280 1770 375 1824 τῶν
405 1774 683 1840 συγγενῶν
711 1775 1080 1845 ἐκδεχόμενος,
1101 1773 1266 1828 αὐτοῦ
1290 1791 1393 1827 που
1416 1774 1720 1844 ἐκαρτέρει.

190 1856 251 1924 Τῇ
287 1859 401 1924 γοῦν
429 1863 546 1924 μετ’
572 1863 746 1932 αὐτὴν
783 1865 1194 1932 καταλαμϐάνει
1221 1865 1476 1932 Διογένης
1509 1865 1536 1915 ὁ
1559 1864 1726 1932 Νικηο

187 1949 323 2016 φόρος
351 1953 453 2020 (74)
483 1955 702 2024 πλήρης
733 1956 906 2025 θυμοῦ
945 1959 1038 2010 καὶ
1072 1960 1422 2026 φρονήματος
1443 1997 1457 2020 ,
1487 1956 1566 2026 τῷ
1607 1974 1728 2010 συν-

187 2041 283 2108 ήθει
309 2045 357 2096 δὲ
397 2047 681 2116 χρώμενος
727 2050 1058 2119 προσωπείῳ
1096 2051 1194 2121 τὴν
1243 2050 1535 2118 ἀλωπεκῆν
1570 2065 1726 2117 περι-

184 2133 426 2205 εϐέϐλητο,
481 2143 575 2192 καὶ
619 2143 721 2211 τὴν
763 2142 890 2208 ὄψιν
936 2142 1298 2213 χαριεστέραν
1335 2141 1612 2201 διατιθεὶς.
1646 2137 1723 2208 τῷ

186 2221 364 2288 βασιλεί
394 2231 805 2300 προσφέρεσθαι
835 2234 1133 2304 ἐλευθέρως
1157 2233 1572 2304 ἐσχηματίζετο.
1611 2231 1723 2298 Τὴν

184 2315 336 2380 μέντοι
366 2325 567 2394 σκηνὴν
590 2325 655 2375 οὐ
681 2324 760 2391 τῷ
797 2327 1016 2394 συνήθει
1050 2329 1402 2398 ἀποστήματι
1442 2323 1536 2379 τοῦ
1572 2322 1725 2390 βασι-

180 2403 305 2496 λικοῦ
351 2416 608 2478 κοιτῶνος
647 2417 920 2487 ἐπήξατο,
959 2418 1074 2472 ἀλλ’
1116 2422 1285 2490 ἀγχοῦ
1316 2426 1416 2493 τῆς
1456 2429 1590 2496 πρὸς
1630 2431 1723 2483 τὸν

178 2495 368 2564 βασιλέα
387 2505 721 2579 εἰσαγούσης
745 2510 953 2565 ἀνόδου.
998 2512 1256 2583 Μανουὴλ
1287 2516 1342 2567 δὲ
1372 2519 1398 2568 ὁ
1422 2495 1722 2590 Φιλοκάλης

176 2594 306 2646 τοῦτο
332 2597 668 2668 θεασάμενος
692 2602 784 2654 καὶ
810 2603 884 2665 ὼς
912 2605 1015 2656 ὑπὸ
1045 2608 1308 2677 κεραυνοῦ
1336 2609 1572 2678 βληθεὶς,
1596 2615 1720 2666 ἐπεὶ

176 2685 270 2738 ο)δέ
296 2690 358 2741 τὰ
383 2695 510 2762 παρ’
545 2693 727 2746 αὐτοῦ.
755 2695 1107 2766 μελετώμενα
1131 2701 1318 2753 τοῦτον
1357 2704 1718 2770 διελάνθανεν,

174 2778 278 2841 αὖος
307 2788 658 2857 παραχρῆμα
699 2789 963 2858 εἱστήκει,
1015 2792 1166 2858 μόλις
1192 2794 1248 2846 δὲ
1290 2797 1612 2865 συναγαγὼν
1660 2802 1720 2853 τὸ

174 2873 370 2938 φρονοῦν
399 2878 496 2944 τῆς
515 2879 725 2948 ψυχῆς,
759 2885 1040 2950 πρόσεισιν
1073 2885 1234 2948 εὐθὺς
1273 2887 1350 2955 τῷ
1390 2888 1600 2957 βασιλεῖ
1623 2892 1717 2944 καί

172 2980 336 3031 φησιν·
368 2969 482 3040 Οὐχ
532 2973 748 3026 ἁπλοῦν
803 2975 863 3026 τὸ
907 2977 1190 3048 γινόμενόν
1243 2997 1329 3048 μοι
1363 2983 1530 3046 δοκεῖ,
1582 2985 1716 3038 ἀλλὰ

168 3053 264 3120 δέος
290 3077 373 3128 μοι
408 3063 616 3130 ἔπεισι,
658 3066 788 3135 μήτι
831 3069 1024 3130 νυκτὸς
1062 3071 1202 3125 κατὰ
1245 3073 1341 3141 τῆς
1381 3074 1482 3142 σῆς
1516 3093 1714 3130 νεωτε-

1834 592 2109 647 toleranda
2163 595 2458 662 imperator
2507 593 2730 659 ducens,
2789 592 3012 648 exsiluit
3059 601 3280 662 repente
3332 592 3402 644 ad

1831 685 2153 748 vindictam;
2190 685 2322 738 nihil
2359 683 2667 748 Timotheo,
2708 695 2764 739 ut
2790 685 3118 747 Alexander,
3157 683 3401 748 indigens

1835 774 2078 838 tibicine,
2112 778 2202 844 qui
2236 777 2485 830 Orthium
2528 778 2606 831 illi
2647 791 2868 830 cannon
2899 783 3142 831 caneret.
3178 769 3394 825 Nullam

1831 882 1963 920 sane
2012 883 2218 920 moram
2279 869 2524 921 armandi
2581 869 2658 921 sui
2693 869 2860 931 fecit;
2915 867 3195 932 edixitque
3256 862 3398 927 quod

1830 961 2076 1030 exemplo
2111 963 2354 1030 prmibat,
2393 962 2671 1015 comitatui
2707 971 2822 1013 tum
2869 960 3120 1012 universo
3151 957 3290 1010 idem
3343 962 3401 1006 ut

1830 1067 1928 1120 pro
1961 1067 2020 1106 se
2077 1055 2308 1121 quisque
2370 1055 2632 1106 facerent.
2697 1050 2815 1104 Mox
2877 1049 3229 1102 Dalmaticum
3297 1046 3400 1098 iter

1830 1146 2039 1212 arripit.
2072 1159 2286 1198 summo
2325 1144 2503 1198 studio
2534 1153 2642 1195 tmn
2679 1143 2963 1209 reparandi
2990 1138 3392 1208 quamprimum

1831 1247 2050 1304 accepta
2099 1238 2320 1300 damna,
2360 1235 2712 1289 restituendis
2757 1234 2810 1286 in
2847 1235 3117 1300 integrum
3163 1230 3299 1282 vicis
3345 1237 3400 1280 et

1830 1329 2048 1381 arcibus
2075 1329 2373 1382 destructis
2396 1369 2410 1392 ,
2469 1337 2579 1379 tum
2615 1325 2823 1378 auctori
2877 1333 2985 1377 tam
3021 1321 3284 1374 atrocium
3316 1318 3398 1371 itt-

1826 1418 2093 1486 juriarum
2129 1419 2298 1473 multo
2346 1420 2510 1472 etiam
2564 1417 2767 1484 majora
2823 1414 3115 1483 reponendi
3155 1411 3396 1465 vulnera.

1829 1510 1942 1564 Hoc
1989 1511 2170 1564 animo
2222 1510 2572 1577 proﬁciscens
2623 1510 2756 1561 urbe
2810 1507 2956 1573 regia
3029 1502 3394 1569 Daphnutium

1831 1602 2096 1670 pervenit.
2145 1600 2352 1654 Civitas
2425 1602 2538 1654 haec
2590 1611 2673 1652 est
2722 1607 2877 1651 vetus
2928 1592 3398 1661 Consmntinopoli

1829 1697 2192 1765 quadragtnta
2223 1695 2414 1747 stadiis
2459 1693 2673 1748 dissita.
2733 1690 2810 1744 lbi
2841 1689 3104 1749 substitit,
3135 1684 3397 1754 quosdam

1829 1802 1858 1840 e
1892 1785 2310 1853 consanguineis
2346 1784 2640 1853 opperiens
2687 1779 3066 1850 quicxpcdire
3118 1793 3176 1830 se
3226 1785 3397 1828 matu-

1832 1881 1945 1933 rius
1995 1877 2158 1948 254
2205 1879 2268 1929 ad
2308 1879 2412 1930 iter
2441 1891 2545 1929 non
2595 1875 2901 1942 quiverant.
2932 1871 3010 1926 Eo
3046 1869 3309 1940 postridie
3340 1882 3399 1920 se

1828 1971 2059 2026 cuntulit
2104 1967 2444 2035 Nicephorus
2481 1967 2768 2032 Diogenes,
2808 1963 3087 2018 atrocibus
3120 1963 3212 2014 im
3243 1975 3397 2014 acer—

1831 2065 1911 2116 ba:
1939 2061 2192 2114 ﬂuctibus
2250 2061 2579 2130 exagitatum
2631 2059 2870 2112 animum
2923 2055 3067 2108 vultu
3139 2062 3396 2107 consueto

1829 2164 2003 2207 tamen
2032 2154 2230 2216 celans,
2268 2161 2320 2204 et
2350 2153 2503 2219 quasi
2552 2151 2820 2205 leoainam
2856 2148 3142 2202 occultans
3174 2146 3392 2207 vulpina

1825 2244 2042 2313 pellem.
2075 2243 2185 2296 lmn
2216 2243 2465 2296 blandius
2495 2241 2923 2306 familiariusque
2953 2239 3111 2293 solito
3145 2238 3396 2292 arridens

1827 2338 2206 2402 imperatorem
2267 2335 2561 2388 ambiebat.
2658 2333 3092 2387 Tabernacnlum
3172 2331 3391 2384 interim

1823 2443 1980 2481 suum
2034 2426 2450 2494 haudquaquam
2510 2423 2668 2478 solita
2732 2424 2986 2476 distantia
3044 2435 3392 2475 removensa

1823 2519 2072 2572 cubiculo
2100 2517 2466 2585 imperatoris,
2500 2516 2591 2569 sed
2623 2516 2869 2585 proxime
2897 2515 3068 2566 locum
3103 2527 3223 2565 eum
3251 2513 3393 2563 unde

1825 2613 1888 2667 ad
1926 2613 2175 2665 intimum
2207 2610 2455 2679 Augusti
2508 2617 2776 2661 secretum
2814 2620 3072 2659 ascensus
3109 2613 3228 2656 erat
3265 2604 3388 2656 bre-

1821 2705 2081 2758 vissimus
2114 2711 2168 2754 ct
2219 2701 2531 2763 facillimus,
2569 2699 2860 2753 stationem
2896 2697 2997 2750 sibi
3027 2697 3278 2765 diligens.
3335 2691 3388 2743 Id

1823 2815 1942 2852 cum
2001 2797 2456 2850 animadverteret
2533 2791 2749 2846 Manuel
2801 2790 3121 2850 Philocales,
3179 2786 3394 2840 aliunde

1821 2893 1982 2944 etiam
2017 2899 2357 2960 compertum
2392 2888 2598 2942 habens
2628 2886 2754 2955 quid
2785 2883 3124 2952 Nicephorus
3149 2888 3388 2948 pararet,

1822 2985 1972 3036 haud
2008 2983 2188 3036 minus
2220 2979 2480 3049 expalluit
2525 2993 2686 3048 quam
2721 2978 2764 3030 si
2799 2987 2946 3031 esset
2997 2977 3217 3032 fuitnine
3247 2975 3393 3030 aﬂla-

1824 3087 1948 3141 tus;
2007 3091 2131 3129 mox
2162 3085 2340 3127 tamen
2379 3080 2635 3126 revocato
2667 3078 2723 3122 ut
2749 3068 2924 3137 potuit
2951 3067 3134 3120 animo
3165 3067 3392 3133 impera.

170 3153 300 3223 Ρισθῇ
327 3155 629 3224 βασιλείας.
674 3157 910 3227 Ῥήμασι
937 3162 1068 3227 γοῦν
1089 3180 1197 3216 τισι
1221 3166 1356 3234 πρὸς
1387 3168 1548 3219 αὑτὸν
1579 3187 1714 3240 χρη-

1824 3182 1990 3222 torem
2050 3167 2256 3229 adiens,
2317 3165 2464 3218 serio
2516 3162 2750 3224 institit,
2802 3172 3148 3225 nequaquam
3215 3157 3388 3212 videri

169 3243 392 3313 σάμενος,
431 3251 658 3304 ἐκεῖθεν
703 3253 1006 3322 μεταϐῆναι
1052 3256 1241 3309 τοῦτον
1282 3265 1713 3328 παρασκευάσω.

173 3334 222 3388 Ὀ
247 3338 297 3391 δὲ
340 3344 521 3406 ὁποῖος
555 3347 770 3406 ἐκεῖνος
809 3346 1202 3401 ἀκατάσειστον
1229 3351 1304 3413 ὡς
1342 3354 1545 3406 ἐπίπαν
1579 3356 1716 3424 ἔχων

163 3425 212 3477 τὸ
243 3433 503 3504 φρόνημα,
532 3436 780 3504 οὐδαμοῦ
812 3438 1126 3508 παρεχώρει
1153 3443 1244 3494 τοῦ
1273 3443 1432 3511 ἔργου
1457 3447 1531 3514 τῷ
1562 3449 1713 3500 Φιλο-

162 3518 297 3590 κάλῃ.
341 3527 516 3581 Πολλὰ
550 3529 612 3580 δὲ
655 3527 844 3581 τούτου
885 3529 1227 3599 βιαζομένου,
1291 3538 1379 3588 Εα
1402 3577 1414 3594 .
1440 3541 1568 3606 φησὶ
1605 3555 1618 3569 ·
1644 3542 1715 3594 οὐ

163 3609 260 3709 7..ςῆ
287 3617 590 3709 πρόφασιν
616 3620 838 3673 τοῦτον
858 3621 928 3686 ἐξ
945 3624 1114 3691 ἡμῶν
1141 3627 1489 3696 ἐσχηκέναι.
1518 3631 1715 3685 Ἐστω

161 3707 253 3766 τῆς
281 3707 400 3759 καθ’
437 3710 615 3776 ἡμῶν
664 3713 926 3778 μελέτης
967 3719 1149 3781 αὐτὸς
1188 3721 1220 3770 ό
1252 3720 1442 3785 αἴτιος
1481 3727 1630 3790 πρός
1653 3742 1716 3778 τε

168 3791 293 3845 Θεὸν
337 3801 432 3851 καὶ
462 3803 850 3872 ἀνθρώπους.
897 3806 1223 3876 Ἀχθὸμενος
1261 3810 1317 3862 δὲ
1351 3813 1378 3863 ὁ
1419 3813 1717 3884 Φιλοκὰλης

159 3894 237 3944 καὶ
263 3892 471 3948 τύπτων
504 3899 606 3958 τὰς
635 3899 844 3965 χεῖρας,
878 3915 940 3964 με
951 3901 1321 3968 ματαιωμένον
1351 3921 1407 3956 τε
1429 3904 1516 3956 τὸν
1559 3906 1716 3975 βασι-

160 3980 241 4036 λέα
278 3989 566 4043 ἀποκαλῶν
609 3989 902 4056 μεθίστατο
940 3991 1003 4043 ⁸⁸.
1043 3993 1116 4044 Οὐ
1162 3995 1296 4046 πολὺ
1346 3994 1406 4047 τὸ
1449 3999 1506 4048 ἐν
1543 3999 1712 4067 μέσῳ,

160 4077 235 4127 καί
268 4080 357 4132 τοῦ
406 4082 683 4151 βασιλέως
717 4083 814 4134 σὺν
863 4082 998 4150 αὐτῇ
1039 4086 1101 4152 τῇ
1159 4084 1389 4151 βασιλίδι
1450 4091 1718 4158 ἀπεριμε-

165 4169 342 4233 ρῖμνως
376 4172 771 4233 ὐπνωπτόντος
801 4173 845 4203 ⁸⁸
879 4209 894 4233 ,
946 4174 1074 4240 περὶ
1117 4175 1290 4243 μέσην
1333 4177 1578 4247 φυλακὴν
1616 4184 1718 4250 τῆς

159 4259 356 4324 νυκτὸς,
411 4263 629 4316 ἄνεισιν
671 4263 698 4314 ὅ
749 4262 1023 4331 Διογένης,
1050 4263 1201 4331 ξίφος
1251 4266 1356 4319 ὑπὸ
1401 4268 1497 4338 τὴν
1541 4270 1717 4341 μάλην

162 4352 336 4417 φέρων,
390 4355 482 4407 καὶ
530 4353 887 4421 ἐπιϐεϐηκὼς
920 4354 1027 4407 τῶν
1077 4357 1246 4408 οἰδῶν
1290 4357 1439 4427 ἔστη.
1497 4364 1718 4432 Κειμω-

161 4443 282 4514 μένῳ
302 4447 403 4516 γὰρ
430 4449 613 4517 τούτῳ
638 4447 714 4515 τῷ
741 4447 972 4515 βασιλεῖ,
997 4445 1120 4499 οὔτε
1157 4449 1314 4518 θύραι
1336 4453 1695 4522 ἐπεζυγοῦντο

158 4532 261 4586 οὔτε
292 4541 443 4601 satis;
493 4539 846 4610 ἐπηγρύπνει
893 4541 1125 4609 φρουρά.
1179 4544 1342 4596 Ἀλλά
1392 4548 1562 4601 ταῦτα
1619 4552 1715 4616 μὲν

155 4629 212 4678 τὰ
237 4629 278 4659 ⁵⁸
307 4631 433 4701 περὶ
477 4633 574 4683 τὸν
608 4632 849 4700 βασιλέα.
895 4634 999 4684 Τὸν
1032 4633 1087 4687 δέ
1129 4653 1190 4704 γε
1236 4637 1548 4710 Νικηφόρον
1593 4642 1711 4697 θεία

156 4732 223 4777 τις
243 4722 314 4789 τῷ
346 4724 466 4776 τότε
501 4725 742 4790 δύναμις
774 4722 1000 4790 ἀπεῖρξε
1024 4727 1115 4779 τοῦ
1156 4730 1573 4799 ἐγχειρήματος.
1599 4735 1710 4805 Τὴν

157 4813 422 4886 παιδίσκην
452 4817 571 4887 (75)
611 4817 719 4886 γὰρ
756 4817 1092 4886 θεασάμενον
1125 4821 1224 4886 τὴν
1261 4821 1351 4874 τὸν
1383 4825 1519 4893 ἀέρα
1541 4827 1708 4899 ἀναρ·

1701 4498 1717 4525 ’
1756 4505 1795 4558 D

1824 3263 1998 3315 locum
2033 3261 2303 3312 insuetum
2342 3258 2431 3310 tali
2465 3266 2704 3322 tempore
2733 3252 2852 3304 sine
2887 3249 3178 3302 insidiandi
3209 3249 3392 3302 consi-

1821 3354 1892 3407 lio
1923 3353 2227 3414 delectum;
2267 3347 2510 3417 profecto
2545 3358 2764 3398 causam
2818 3345 3041 3396 subesse
3091 3341 3389 3407 metuendi,

1822 3461 1886 3499 ne
1917 3443 2042 3512 quid
2091 3459 2187 3511 per
2235 3455 2351 3494 eam
2402 3455 2524 3508 quae
2556 3435 2877 3489 imminebat
2930 3443 3143 3487 noctem
3201 3441 3387 3489 contra

1819 3539 2046 3593 Salutem
2120 3536 2342 3602 Augusti
2413 3543 2798 3588 attentaretur.
2847 3531 3176 3602 Magnnperc
3229 3531 3393 3598 igitur

1820 3637 2111 3702 impetrare
2141 3633 2440 3686 conabatur
2459 3631 2525 3682 ab
2549 3631 2874 3696 imperatore
2902 3635 2960 3678 ut
2983 3627 3084 3680 sibi
3118 3625 3386 3692 negotium

1819 3728 1971 3781 daret
2001 3726 2306 3793 alloquendi
2356 3726 2624 3778 hominem
2665 3726 2824 3790 eique
2852 3716 3207 3788 persuadendi
3237 3724 3293 3768 ut
3331 3729 3391 3767 se

1821 3821 1944 3873 inde
1977 3826 2274 3871 amovarel.
2326 3815 2418 3867 Ille
2449 3824 2628 3866 autem
2665 3814 2822 3864 solita
2857 3810 3152 3864 securitate
3188 3807 3391 3872 imper-

1821 3912 1994 3963 territi
2035 3911 2099 3963 ad
2159 3909 2338 3961 omnia
2395 3905 2652 3973 pectoris,
2704 3903 2968 3958 renuebat
3005 3903 3070 3953 ad
3124 3898 3390 3967 postulata

1821 4001 2132 4060 Philncalis,
2169 4013 2342 4065 eoque
2393 3996 2691 4063 impensius
2723 3997 2788 4047 ad
2820 4010 2933 4046 rem
2966 3995 3153 4058 utique
3187 3992 3393 4056 impor-

1822 4095 1965 4146 tunis
1995 4092 2242 4162 precibus
2273 4091 2695 4156 extorquendum
2731 4087 3132 4139 imoumbcnte:
3182 4081 3392 4140 Desine,

1821 4185 1993 4254 inquit
2052 4186 2342 4248 Augustus.
2377 4196 2480 4233 non
2530 4180 2668 4231 enim
2705 4179 3052 4245 εἰοηίβσιιητια
3101 4173 3393 4236 suspicione

1820 4277 2042 4348 querela:
2075 4287 2226 4344 atque
2255 4273 2363 4324 odii
2423 4280 2737 4335 prn'textum
2775 4268 3069 4333 Nic-ephoro
3119 4266 3246 4317 dare
3299 4278 3392 4314 nos

1821 4372 2078 4427 convenit.
2132 4369 2258 4436 Age,
2295 4366 2340 4418 si
2381 4365 2508 4434 quid
2539 4366 2591 4416 in
2629 4379 2722 4417 nos
2764 4361 3004 4421 molitur,
3030 4361 3138 4412 sine
3167 4372 3392 4411 arcusa-

1826 4465 1981 4519 tione.
2013 4461 2124 4512 sine
2171 4456 2443 4510 occasione
2471 4452 2848 4522 peccasseDeus
2880 4451 3028 4504 illum
3059 4449 3394 4516 hominesque

1827 4556 2013 4607 sciant.
2063 4549 2286 4602 Recedit
2322 4562 2441 4601 cum
2482 4547 2564 4599 his
2592 4545 2897 4599 Philocalcs
2926 4545 3215 4610 indignans
3245 4554 3394 4592 com-

1827 4644 2160 4714 plodensque
2227 4652 2416 4693 manus
2485 4647 2539 4692 et
2612 4637 2996 4706 imperatorem
3053 4643 3110 4687 ut
3161 4631 3390 4701 propriae

1823 4736 2010 4791 salutis
2056 4734 2216 4788 nimis
2261 4731 2518 4786 dissolute
2573 4732 2853 4800 prodigum
2920 4729 3200 4782 incusans.
3269 4723 3384 4776 Non

1821 4830 1989 4883 multo
2037 4838 2157 4897 post
2205 4829 2532 4894 imperatore
2592 4841 2711 4878 cum
2753 4824 2868 4892 ipsa
2916 4822 3156 4889 Angusta
3189 4829 3382 4872 secure

1214 4917 1416 4976 Variae
1453 4921 1759 4983 lectiones
1805 4942 1879 4984 ex
1914 4927 2059 4989 cod.
2091 4921 2359 4985 Coislin.

225 5007 264 5078 5'
304 5029 368 5077 με
378 5013 789 5078 γαλουπὸλεως.

156 5074 195 5104 u
220 5015 264 5104 ξς
304 5015 789 5104 μεγαλουὶπὸλξως.
921 5015 964 5046 ⁸⁸
997 5017 1349 5085 Δαφνούσιον.

220 5077 366 5135 Deest
387 5077 600 5138 Vocula
622 5083 714 5136 τά.

1490 5022 1532 5052 ⁸⁷
1559 5025 1973 5078 Κωνσταντίνου
2023 5025 2256 5084 πόλεως,

2365 5018 2411 5052 ⁸⁸
2448 5018 2789 5070 μεθίσταται.
2905 5015 2949 5046 ⁸⁸
2989 5015 3382 5067 ὑπνώττοντος.

1216 5175 1351 5236 Car.
1382 5176 1706 5239 Dufresnii
1729 5181 1824 5240 Du
1857 5179 2073 5255 Cangii
2101 5186 2287 5239 notae.

359 5274 764 5351 Δᾳςρνοιξιτιονς.
820 5272 1124 5351 Oppidum,
1183 5275 1356 5351 inquit
1414 5277 1588 5351 Anna,
1637 5279 1708 5351 ιιι

153 5345 325 5418 stabis
385 5345 668 5418 a_b_urbe_
703 5346 972 5418 dissilum.
1026 5345 1372 5418 Ααφιξούτιοιι
1437 5348 1570 5418 πρὸς
1631 5349 1708 5418 τῷ

162 5411 358 5486 Ῥηγίιρ
410 5413 600 5486 ξιιιὶιρι⁸
639 5413 964 5486 Stephanus.
1026 5411 1284 5486 Rhegium
1337 5411 1604 5471 vero'l'uit
1642 5411 1707 5469 ad

151 5497 288 5548 «nam
333 5483 711 5548 PrOpontidis,
764 5483 902 5536 haud
955 5483 1163 5548 procnl'
1203 5489 1269 5538 ab
1324 5487 1472 5540 urbe.
1525 5489 1707 5540 Ponlis

155 5547 505 5627 Daphnutiani
573 5555 776 5627 mentio
806 5555 871 5627 liti
897 5547 1033 5624 apud
1063 5551 1306 5627 Nicetam
1371 5557 1422 5608 in
1478 5554 1702 5619 lsaacio,

150 5618 230 5701 lib.
262 5637 386 5701 t,_n.
422 5623 456 5676 9
481 5662 497 5686 ,
551 5623 779 5701 proinde
825 5620 1093 5701 diuersaha
1133 5626 1446 5701 Daphnutio
1469 5627 1566 5681 fuit
1600 5618 1700 5679 Da?

155 5690 393 5753 pbnusia,
428 5707 556 5758 quzc
591 5693 797 5745 exstitit
825 5692 876 5746 in
909 5708 1002 5746 ora
1041 5690 1284 5758 Pontica,
1341 5697 1481 5752 mille
1516 5697 1706 5750 stadiis

154 5758 675 5835 :_I_Cm_tstantin_opoli
711 5765 954 5822 dimans,
1015 5765 1078 5818 dc
1117 5781 1218 5835 qua
1276 5763 1611 5835 Nicephorus
1653 5768 1704 5819 in

157 5825 469 5900 lire'.'iar.,ct
497 5825 790 5902 C(cgoras,
827 5835 916 5886 lib.
949 5849 1017 5888 tv.

1879 5278 1990 5349 (74)
2022 5277 2302 5349 Διογένης
2323 5276 2744 5349 ὀίΝικηςοόρος.
2774 5271 3212 5349 (ΣοιιῙιιιθιιιίρηοιιι
3240 5265 3380 5349 hanc

1809 5337 2094 5416 Niccpltori
2128 5337 2407 5416 'Diu'g'enis
2468 5337 2758 5412 attigerunt
2810 5337 2973 5397 etiam
3047 5337 3289 5390 Zonaras
3331 5342 3386 5385 et

1804 5420 2023 5489 Giyt‘as.

1879 5487 1991 5558 (75)
2031 5486 2149 5553 Τὴν
2167 5483 2516 5547 παιδίσκην.
2553 5480 2837 5546 Martialis,
2863 5479 2957 5533 lib.
2983 5493 3065 5542 ιιι,
3087 5471 3334 5543 epigr.81
3368 5485 3382 5525 :

1884 5601 1948 5654 Et
1986 5597 2232 5652 a'stuauli
2263 5607 2413 5648 tenue
2446 5593 2658 5646 rentilat
2692 5595 2862 5662 frigus

1889 5670 2093 5738 Supina
2129 5666 2343 5736 prasino
2375 5664 2663 5716 concubina
2700 5663 2931 5738 [iubet/0.

1888 5733 2164 5809 Fugatque
2193 5750 2396 5789 muscas
2424 5743 2625 5802 myrtea
2659 5748 2788 5800 puer
2819 5733 2964 5800 virga

1816 5830 2125 5902 .\'iphi|inus
2159 5831 2212 5887 itt
2246 5827 2445 5885 Severo
2478 5844 2489 5880 :
2520 5825 2627 5879 Καὶ
2673 5823 2837 5880 αὑτοῦ
2888 5825 2984 5890 τὰς
3043 5823 3202 5898 μνέας
3253 5823 3376 5881 παις
