4024 6270
207 407 298 470 673

1393 397 1814 460 ALEXIADIS
1852 397 2004 459 LlB.
2043 395 2150 456 IX.

3293 395 3401 461 ιτι

205 518 286 572 καὶ
319 511 563 583 ἀσύνηθες
594 509 686 564 τοῦ
731 507 943 564 νεανίου
993 510 1110 561 τότε
1163 506 1397 578 πρώτως
1426 505 1525 577 τῆς
1559 511 1714 574 ἐνεγ-

1844 517 2004 563 'ontrn
2035 523 2229 560 morem
2259 513 2305 560 et
2341 505 2426 574 fas
2451 522 2568 560 cum
2606 506 2706 561 telo
2736 506 2924 562 subis?
2962 515 3160 573 tenuius
3206 508 3399 575 balnei,

203 607 414 678 κειμένης
471 605 597 674 πρὸς
657 603 988 673 ἐκστρατιαν
1053 602 1100 634 ⁸⁵
1155 599 1560 670 ἐξεληλυθότος.
1619 594 1729 653 Ἦν

203 704 292 770 γὰρ
334 695 603 769 μονογενὴς
631 699 697 765 τῇ
730 696 926 766 μητρί·
963 697 1056 748 καί
1085 695 1113 747 ὁ
1139 693 1496 763 αὐτοκράτωρ
1524 693 1732 763 σφόδρα

201 793 278 844 τοῦ
310 791 570 842 νεανίσκου
603 789 923 858 κηδόμενος,
953 789 1135 857 πάσης
1167 787 1403 849 ἀνέσεως
1440 786 1734 855 συνεχώρει

203 881 529 938 ἐπαπολαύειν
582 881 744 933 αὐτὸν
797 880 892 931 σὺν
946 881 1011 949 τῇ
1080 877 1312 946 βασιλίδι
1376 877 1562 947 μητρὶ,
1620 876 1736 944 ἅμα

200 977 242 1027 ἑὲ
266 977 347 1026 καὶ
370 976 438 1036 ὡς
473 974 591 1025 ίδιον
624 973 829 1039 ἁπάρτι
859 973 1048 1023 τέκνον
1080 969 1280 1038 ἐξόχως
1316 968 1483 1038 φιλῶν
1523 966 1734 1021 τοῦτον.

204 1067 387 1120 ratricis
417 1067 586 1119 Maria:
621 1081 738 1133 qua:
775 1065 837 1116 ad
871 1062 1256 1130 Cltristopolim
1294 1073 1444 1125 sunt,
1480 1062 1560 1113 vel

1832 615 1934 654 non
1964 601 2190 664 itineris,
2220 615 2384 668 neque
2408 600 2693 653 venationis
2725 611 2814 652 aut
2839 615 3027 670 pugnat
3049 602 3143 652 hoc
3171 609 3267 654 est.
3308 598 3403 654 Sic

1833 707 1892 744 re
1927 690 2128 743 infecta
2162 691 2420 743 recedere
2464 690 2714 758 cogitur;
2748 705 2936 742 verum
2987 703 3091 742 non
3123 691 3240 744 sine
3287 690 3400 742 aeri

1833 781 2195 835 sollicitudine
2222 780 2362 845 quod
2391 779 2581 846 sejam
2617 781 2758 832 haud
2799 779 2962 833 dubie
2997 780 3402 848 deprehensum

1837 872 2182 939 intelligeret.
2233 868 2435 939 Fugam
2483 887 2611 941 ergo
2665 871 3132 940 circumspiciens,
3188 885 3298 940 quo
3344 888 3404 927 se

1839 975 2077 1019 verteret
2109 965 2468 1018 deliberabat.
2509 965 2775 1018 Patebaut
2807 965 3002 1032 effugio
3039 964 3174 1018 villa:
3221 965 3405 1033 impe-

1634 1058 1892 1112 Pcrnicus
1941 1057 2022 1110 vel
2093 1059 2365 1121 Peritzus,
2405 1059 2548 1112 unde
2602 1067 2784 1126 pus-set
2868 1071 2964 1125 pro
3015 1071 3194 1109 rerum
3271 1055 3406 1108 inci-

200 1161 403 1212 tlcntittm
477 1160 735 1212 varietate
787 1158 889 1212 sibi
941 1171 1005 1210 ex
1059 1172 1158 1209 usu
1215 1156 1515 1210 consulere.
1575 1154 1727 1208 llunc
1761 1152 1904 1207 enim
1955 1152 2243 1220 Diogenem
2331 1153 2443 1222 jam
2496 1161 2622 1205 ante
2683 1152 2788 1205 sibi
2833 1151 3153 1220 adjnnxerat
3237 1151 3403 1206 Maria

201 1256 422 1320 Angusta,
475 1250 872 1303 necessitudine
903 1249 1252 1312 conciliante,
1302 1247 1446 1318 quod
1523 1248 1568 1301 is
1635 1245 1882 1300 utcrinus
1961 1243 2128 1296 frater
2191 1255 2333 1298 esset
2371 1244 2470 1296 viri
2524 1243 2690 1313 ipsius
2726 1259 2894 1311 nuper
2941 1244 3258 1313 imperantis
3306 1243 3404 1297 Mi.

197 1343 366 1394 cliaelis
399 1342 568 1404 Duc-s3,
629 1355 693 1392 cx
728 1340 938 1402 eadem,
996 1340 1246 1407 inquam,
1295 1349 1468 1394 matte
1535 1354 1598 1393 ex
1646 1355 1747 1406 qua
1793 1340 1882 1394 ille
1916 1347 2099 1401 natus,
2136 1337 2230 1390 sed
2259 1350 2323 1390 ex
2355 1335 2597 1404 patribus
2627 1335 2880 1389 diversis.
2949 1334 3215 1388 Caeterum
3283 1336 3406 1388 Ale-

200 1435 297 1485 xius
322 1433 472 1484 tertio
506 1432 590 1482 die
627 1429 984 1484 Constantino
1014 1429 1132 1482 Vale
1167 1431 1352 1483 dicens
1415 1444 1536 1482 eum
1600 1430 1798 1483 ibidem
1840 1431 1893 1482 in
1933 1444 2026 1482 sua
2059 1427 2182 1483 villa
2215 1429 2452 1482 residere
2483 1427 2674 1487 voluit,
2713 1427 3102 1489 necessariam,
3137 1437 3192 1480 ut
3244 1441 3404 1497 puta-

199 1523 285 1584 bat,
317 1525 446 1576 aetati
479 1534 694 1584 tenerae,
731 1538 828 1576 nec
855 1533 982 1576 ante
1029 1522 1243 1575 labores
1271 1523 1495 1578 bellicos
1529 1531 1792 1591 expertae,
1846 1521 2228 1574 remissionem
2286 1521 2428 1574 hanc
2479 1521 2783 1589 injungens,
2834 1519 2919 1572 vel
3007 1521 3197 1571 matrls
3237 1537 3240 1541 ·
3281 1516 3400 1584 ejus

196 1617 337 1680 gratia
368 1615 450 1682 qui
485 1616 702 1668 unicum
741 1632 860 1668 eum
898 1616 1062 1668 filium
1098 1615 1324 1670 habebat
1353 1659 1368 1681 ,

1475 1617 1560 1671 vel
1641 1615 1898 1684 peculiari
1974 1613 2124 1681 pueri
2162 1628 2311 1676 cura,
2363 1627 2522 1681 quem
2560 1627 2686 1664 vera
2719 1611 3008 1674 charitate,
3083 1625 3180 1663 nec
3213 1611 3404 1664 minori

197 1715 270 1758 aut
296 1714 458 1760 minus
497 1718 680 1762 tenera
735 1723 892 1772 quam
949 1709 1169 1762 filiolttm
1240 1709 1537 1777 proprium,
1591 1706 2074 1777 complectebatur.
2128 1703 2222 1757 llis
2255 1705 2318 1758 de
2386 1705 2564 1758 causis
2647 1704 3006 1770 expeditionis
3065 1703 3114 1755 ei
3188 1705 3406 1771 reliquas

196 1799 386 1864 gratiam
439 1797 669 1861 faciens,
709 1800 932 1868 reliquit
985 1800 1054 1852 ibi
1104 1814 1227 1852 cunt
1283 1800 1334 1852 in
1392 1800 1510 1853 sinu
1564 1808 1727 1868 atque
1762 1798 2094 1867 indulgentia
2125 1797 2338 1860 matris,
2378 1798 2606 1851 ulterius
2639 1810 2940 1865 pr0peraus
2974 1795 3218 1850 Alexius.

261 1889 385 1943 Ἀλλ’
428 1892 510 1944 ἴνα
567 1893 646 1962 μὴ
694 1894 1099 1963 συγκεχυμένος
1148 1893 1175 1944 ὁ
1223 1893 1381 1960 λόγος
1428 1892 1619 1962 προΐῃ,
1666 1892 1734 1944 τά

1912 1891 2112 1944 Verum
2144 1906 2212 1944 ne
2239 1892 2367 1959 quid
2401 1891 2452 1944 in
2481 1890 2710 1944 decursu
2759 1891 3023 1945 institutae
3079 1889 3405 1942 narrationis

193 1981 308 2029 κατὰ
339 1981 421 2030 τ’,ν
451 1983 716 2051 Διογένην
754 1983 1067 2052 Νικηφόρον
1104 1983 1160 2048 ἐξ
1193 1984 1359 2050 αὐτῆς
1390 1984 1561 2054 ἀρχῆς
1591 1985 1732 2034 ιστο-

193 2069 348 2136 ρείτω.
376 2071 553 2136 Ὅπως
594 2075 694 2142 μὲν
721 2075 747 2125 ό
781 2073 968 2125 τούτου
1005 2074 1183 2142 πατὴρ
1223 2073 1500 2142 Ῥωμανὺς
1529 2076 1607 2135 είς
1634 2074 1732 2142 τὴν

191 2159 430 2228 βασίλειον
479 2164 694 2234 ἀνήχθη
736 2165 1024 2236 περιωπὴν
1068 2167 1160 2218 καὶ
1203 2167 1388 2217 ὁποῖον
1419 2166 1572 2228 τέλος
1606 2165 1732 2235 ἔσχε

189 2251 242 2299 τὲ
269 2253 372 2304 κατ’
423 2255 612 2318 αὑτὸν,
648 2255 923 2326 διαφόροις
974 2255 1082 2308 τῶν
1129 2257 1564 2326 ἱστοριογράφων
1607 2257 1735 2326 ἐμέο

186 2341 295 2410 inus
319 2362 330 2374 -
361 2347 618 2399 κάκεῖθεν
658 2345 876 2409 ἐξέσται
903 2348 970 2400 τὰ
1003 2348 1130 2415 περὶ
1157 2349 1347 2400 τούτου
1372 2347 1734 2416 ἀναλέγεσθαι

187 2439 278 2497 ταῖς
301 2436 668 2508 βουλομένοις.
715 2441 842 2494 Ἑπί
877 2443 1034 2493 παισὶ
1077 2441 1132 2493 δὲ
1173 2442 1322 2510 ὅμως
1359 2439 1735 2509 τετελευτήκει

184 2526 244 2594 τῷ
268 2545 319 2579 τε
348 2530 531 2584 Λέοντι
582 2533 681 2584 καὶ
716 2532 794 2603 τῷ
823 2532 1146 2599 Νικηφόρῳ.
1193 2533 1251 2584 Ὀ
1279 2532 1334 2584 δὲ
1375 2532 1734 2602 αὐτοκράτωρ

193 2618 403 2682 ’Δίέξεος
432 2624 493 2673 ἐκ
517 2625 829 2694 προοιμίων
860 2623 956 2691 τῆς
980 2621 1145 2674 αὐτοῦ
1172 2623 1528 2694 ἀναρρήσεως
1554 2638 1737 2688 παρα-

184 2705 336 2761 λαεὼν
372 2713 599 2776 τούτους
650 2713 864 2776 ἰδιώτας
905 2713 970 2764 ὲκ
1011 2711 1280 2782 βασιλέων
1321 2713 1434 2776 (καὶ
1474 2711 1582 2781 γὰρ
1621 2711 1737 2780 ἅμα

183 2800 258 2849 τοῦ
284 2800 326 2831 ⁸⁸
355 2803 450 2870 τῆς
482 2803 772 2872 βασιλείας
812 2803 1092 2871 ἐπιϐῆναι,
1121 2807 1146 2855 ό
1186 2804 1405 2872 Μιχαὴλ.
1445 2803 1538 2856 καὶ
1567 2803 1613 2833 ⁸⁸
1639 2802 1735 2856 αὑ-

181 2891 409 2958 τᾶδελφος
437 2897 646 2958 αὐτῶν,
681 2895 875 2957 αὐτοὺς
909 2895 1007 2963 μὲν
1034 2893 1144 2946 τῶν
1165 2895 1408 2964 ὲρυθρῶν
1434 2895 1742 2964 ἀπογυμνοῖ

182 2983 406 3046 πεδίλων,
449 2989 544 3039 καὶ
573 2986 646 3038 τὰ
679 2989 849 3057 στέφη
878 2987 1085 3040 τούτων
1127 2986 1238 3058 (77)
1271 2990 1610 3058 ἀφαιρεῖται,
1643 2989 1739 3041 καὶ

182 3070 454 3146 ὑπερορίαν
487 3077 584 3141 ξὺν
621 3079 690 3147 τῇ
737 3080 906 3147 μητρὶ
941 3078 1120 3130 αὐτῶν
1154 3085 1219 3149 τῇ
1255 3077 1544 3150 βασιλίσσῃ
1579 3078 1742 3130 Εὑδα-

181 3166 262 3232 κὲᾳ
297 3167 370 3228 εἰς
403 3169 502 3236 τὴν
549 3167 724 3239 μονὴν
752 3167 845 3220 τοῦ
884 3168 1209 3238 Κυπερούδη
1246 3169 1737 3239 καταψηφίζεται),

1839 1987 2116 2042 effundere
2148 1985 2401 2040 tenebras
2431 1982 2620 2036 lectori
2651 1991 2833 2051 queat,
2865 1998 2928 2036 ex
2955 1983 3086 2051 ipsis
3108 1983 3411 2051 originibus

1835 2076 2128 2144 repetenda
2161 2072 2419 2126 memoria
2458 2079 2544 2126 est
2583 2071 2744 2139 hujus
2787 2085 2893 2137 quo
2929 2071 2994 2124 de
3028 2085 3234 2139 agimus
3278 2070 3410 2125 Dio-

1838 2168 1990 2239 genis
2025 2165 2334 2234 Nicephori.
2393 2163 2668 2218 Romanus
2703 2173 2856 2232 pater
2883 2164 3000 2232 ejus
3038 2165 3306 2232 quomodo
3355 2164 3408 2218 in

1836 2259 2046 2327 apicem
2101 2257 2313 2327 imperii
2347 2257 2416 2312 sit
2447 2271 2688 2318 evectus,
2724 2271 2992 2326 quemque
3038 2256 3195 2312 linem
3229 2257 3410 2328 digni-

1838 2349 1962 2402 tatis
1997 2355 2050 2402 et
2085 2349 2206 2402 vitae
2242 2349 2516 2411 habuerit,
2553 2348 2716 2400 rariis
2741 2347 2808 2400 ab
2841 2349 3190 2401 historiarum
3219 2349 3410 2403 condi-

1841 2440 2047 2493 toribus
2076 2447 2161 2493 est
2187 2441 2460 2492 memoria:
2481 2442 2811 2492 mandatum.
2839 2437 3082 2508 Suntque
3099 2440 3166 2494 ad
3194 2455 3410 2494 manum

1838 2528 1984 2591 libri,
2018 2543 2082 2581 ex
2114 2529 2311 2592 quibus
2349 2540 2679 2596 cognoscere
2726 2527 2958 2597 singula.
2997 2526 3089 2593 qtti
3127 2527 3288 2590 volet,
3320 2543 3416 2596 po-

1842 2622 1986 2674 terit.
2016 2619 2180 2690 256
2213 2621 2364 2685 Quod
2392 2620 2459 2674 ad
2494 2636 2606 2674 rem
2639 2629 2878 2674 nostram
2914 2617 3065 2682 facit,
3099 2633 3268 2672 unum
3315 2619 3415 2671 ad-

1841 2713 2059 2766 modum
2093 2713 2198 2766 hoc
2229 2721 2312 2766 est
2345 2729 2359 2767 :
2393 2713 2747 2767 decedentem
2784 2725 2906 2765 eum
2939 2711 3078 2765 duos
3125 2710 3414 2779 reliquisse

1841 2804 2164 2872 superstites
2220 2803 2394 2868 filios,
2441 2803 2678 2857 Leonem
2725 2808 2775 2856 et
2830 2801 3222 2871 Nicephorum,
3273 2815 3413 2868 quos

1842 2896 2137 2964 imperator
2179 2895 2403 2950 Alexius
2452 2895 2606 2950 initio
2656 2895 3105 2964 proclamationis
3145 2908 3255 2946 suae
3303 2895 3416 2962 pri-

1845 2998 1996 3042 vatos
2033 3003 2097 3042 ex
2135 2989 2470 3056 principibus
2521 2988 2749 3043 invenit.
2791 2985 3095 3054 Redegerat
3131 2987 3273 3038 enim
3320 2999 3416 3039 eos

1845 3080 1898 3132 in
1920 3081 2165 3134 ordinent
2199 3079 2426 3133 Michael
2479 3078 2756 3147 Augustus
2801 3078 2970 3130 frater
3014 3077 3275 3144 ipsorum,
3321 3077 3413 3144 qui

1844 3179 1897 3222 et
1935 3171 2224 3224 rubrorum
2252 3187 2351 3225 usu
2393 3171 2722 3234 calceorum,
2763 3177 2818 3222 et
2852 3168 3151 3237 gestatlonc
3188 3183 3417 3220 corona-

182 3262 414 3325 παντοίας
459 3263 772 3334 θεραπείας
799 3261 972 3332 ἠξίου,
1005 3261 1066 3313 τὸ
1111 3263 1210 3332 μέν
1248 3277 1300 3313 τι
1347 3261 1414 3314 δι’
1451 3261 1479 3315 ὃ
1518 3261 1736 3314 πεπόν-

1844 3277 1961 3314 rum
1999 3262 2130 3329 ipsis
2169 3261 2548 3314 interdixerat.
2593 3259 2736 3323 Quin
2770 3257 2933 3310 etiam
2971 3256 3222 3310 exsulare
3267 3257 3415 3318 ipsos

179 3351 312 3405 016W
345 3357 642 3423 οἰκτείρων
668 3355 960 3419 αὐτοὺς,τδ
985 3354 1039 3406 δέ
1065 3372 1115 3407 τι
1147 3355 1239 3406 καὶ
1266 3353 1393 3416 τοὺς
1419 3354 1567 3417 νέους
1596 3355 1737 3424 ὀρῶν

179 3446 298 3497 κατὰ
345 3463 406 3498 τε
460 3449 724 3518 σώματος
781 3445 929 3517 ὥραν
974 3446 1068 3498 καὶ
1122 3445 1341 3515 Ῥώμην
1379 3445 1738 3515 διαφέροντας

177 3535 268 3586 τῶν
302 3539 530 3604 πολλῶν,
569 3537 899 3610 χνοάζοντας
948 3537 1045 3606 μὲν
1073 3539 1166 3588 καὶ
1194 3537 1482 3604 άρτιφυεῖς
1525 3534 1587 3587 τὸ
1633 3537 1738 3603 γέ-

178 3639 317 3691 νειον,
345 3630 588 3700 ὑψηλοὺς
637 3631 731 3681 καὶ
785 3629 1104 3698 ἰσομέτρους
1153 3625 1344 3698 ὥσπερ
1391 3629 1496 3682 ὑπὸ
1537 3631 1737 3682 κανόνα

177 3719 228 3768 τὸ
265 3721 513 3789 μέγεθος,
561 3724 665 3775 καὶ
700 3722 830 3775 αὐτὸ
872 3724 933 3773 τὸ
983 3723 1259 3789 νεοτήσιον
1293 3722 1392 3793 ἤδη
1436 3723 1738 3790 ἐκφύοντας

178 3807 337 3876 ἄνθος,
368 3815 423 3878 ἐξ
461 3816 640 3882 αὐτῆς
679 3829 738 3863 τε
785 3811 958 3880 ὂψεως
996 3811 1056 3863 τὸ
1106 3810 1386 3880 θυμοειδὲς
1426 3811 1606 3863 αὐτῶν
1645 3813 1738 3863 καὶ

175 3909 397 3964 ’τενναῖον
427 3911 540 3969 τοῖς
574 3906 658 3974 μὴ
685 3905 770 3956 διὰ
818 3902 986 3965 πάθος
1033 3902 1437 3972 τυφλώττουσιν
1470 3901 1741 3970 ἀριδήλως

178 3992 545 4061 ἐμφαίνοντας,
577 3997 676 4050 καὶ
713 3994 986 4062 σκύμνους
1015 3988 1126 4045 οἷον
1152 3992 1395 4054 λέοντοςο
1429 3991 1526 4044 καὶ
1568 3991 1741 4053 ἄλλως

175 4083 222 4136 δέ
248 4091 422 4152 ὁποῖος
459 4092 682 4149 ἐκεῖνος
726 4087 799 4158 μὴ
844 4085 1178 4147 ἐπιπολαίως
1231 4083 1394 4154 ὀρῶν,
1437 4083 1572 4152 μήτε
1607 4081 1740 4151 πρὶς

177 4175 261 4244 τὴν
297 4180 556 4250 ἀλήθειαν
599 4178 779 4249 μύων,
823 4176 958 4247 μηδὲ
988 4176 1216 4228 πάθεσιν
1245 4172 1604 4240 ἁλισκόμενος
1628 4173 1741 4223 ὲπιο

175 4265 368 4334 ψόγοις,
400 4272 542 4324 ἀλλὰ
576 4267 928 4323 ταλαντεύων
957 4267 1016 4318 τὸ
1052 4265 1111 4317 ὃν
1141 4266 1197 4318 ἐν
1222 4263 1494 4336 ἰσορρόπῳ
1527 4261 1742 4331 στάθμῃ

176 4355 260 4422 τῆς
296 4362 687 4430 συνειδήσεως,
726 4357 822 4410 καί⁵
855 4355 917 4408 τὸ
961 4354 1093 4424 ὕφος
1122 4356 1180 4418 ἐξ
1213 4348 1380 4422 οὗπερ
1417 4349 1742 4404 ἐπεπτώκε-

177 4461 263 4498 σαν
285 4449 652 4520 λογιζόμενος
675 4445 1065 4519 ἐνηγκαλίζετο
1091 4446 1180 4498 ῐσα
1214 4445 1309 4497 καὶ
1335 4444 1546 4506 τέκνοις
1570 4441 1742 4503 ἰδίοις,

1841 3365 1964 3402 ctnn
2001 3357 2177 3403 matre
2203 3350 2442 3416 ipsorum
2471 3348 2704 3401 Eudocia
2730 3347 2996 3416 Augusta,
3037 3355 3090 3400 et
3119 3345 3170 3399 in
3221 3358 3414 3416 mgna-

1842 3441 2006 3494 sterio
2031 3439 2328 3511 Cypcrudae
2359 3439 2545 3508 procul
2574 3441 2642 3493 ab
2666 3439 2786 3493 aula
2815 3439 3035 3493 clausos
3077 3439 3259 3493 vivere
3301 3439 3417 3508 jus—

1842 3543 2012 3586 svrat.
2043 3531 2206 3586 Movit
2258 3533 2690 3587 misericordiam
2744 3532 2916 3587 Alexii
2977 3532 3150 3586 tristis
3197 3532 3415 3585 fortuna

1843 3625 2148 3679 ﬂorentium
2189 3624 2319 3679 olim
2373 3624 2657 3694 iuvenum,
2712 3625 2802 3692 qui
2864 3624 3033 3677 forma
3081 3634 3136 3676 et
3194 3626 3418 3678 robusto

1847 3722 2029 3786 \igore
2071 3732 2358 3785 corporum
2390 3715 2549 3770 facile
2577 3715 2938 3784 impetrabant
2969 3729 2996 3767 a
3027 3715 3216 3783 quovis
3252 3715 3416 3769 obrlo

1847 3819 1906 3860 ttt
1933 3809 2138 3860 amisso
2162 3807 2305 3873 digiti
2359 3807 2475 3859 loco
2518 3814 2858 3875 putarentur.
2912 3805 3082 3857 Ambo
3125 3804 3416 3872 puberilus

1848 3895 2082 3962 majores
2113 3895 2367 3960 primmva
2394 3894 2650 3960 lanugine
2671 3893 2956 3962 signabant
2995 3894 3186 3962 malas,
3228 3908 3418 3960 proce-

1849 3989 2012 4040 ritate
2042 3995 2155 4040 tum
2189 3986 2347 4054 plena
2376 3985 2677 4056 dignitatis,
2700 3992 2814 4038 tum
2846 3985 2988 4037 inter
3011 3997 3302 4052 utrumque
3337 3988 3416 4040 sic

1845 4086 2083 4144 tequata,
2123 4085 2178 4128 ut
2207 4074 2274 4129 ad
2310 4089 2470 4127 unam
2517 4073 2758 4141 regulam
2799 4075 3028 4128 dimensi
3077 4075 3416 4130 viderentur.

1846 4167 1963 4220 iam
1996 4166 2148 4222 Vultu
2191 4175 2354 4236 atque
2391 4165 2563 4221 oculis
2603 4179 2697 4219 eos
2749 4166 2963 4219 animos
3009 4166 3310 4234 spirabant,
3359 4176 3418 4220 ut

1847 4257 2012 4311 fat-ile
2052 4259 2094 4312 si
2133 4258 2330 4324 quibus
2378 4256 2504 4310 odio
2549 4269 2652 4309 non
2702 4257 2992 4311 exerceatis
3043 4266 3416 4322 occurrerent,

1849 4361 1971 4401 sese
2005 4346 2254 4415 generosi
2292 4343 2464 4396 leonis
2497 4358 2602 4396 non
2638 4344 2936 4413 degeneres
2967 4344 3174 4398 catulos
3222 4346 3421 4414 proba-

1853 4447 1995 4493 rent.
2041 4439 2172 4505 Qua:
2201 4439 2498 4504 imperator
2527 4437 2591 4488 iis
2624 4436 2844 4490 intuens
2877 4438 3051 4491 oculis
3076 4438 3166 4505 qui
3215 4453 3420 4507 nequa-

175 4536 219 4585 ’τε
249 4540 344 4606 μὲν
373 4544 434 4595 οὑ
479 4544 687 4608 λέγων,
722 4542 774 4592 τί
809 4540 865 4593 δὲ
905 4540 969 4592 οὐ
1017 4538 1272 4607 πράττων
1316 4535 1520 4604 ἀγαθὸν
1559 4536 1617 4597 ὲς
1648 4534 1736 4587 αὐ·

1851 4546 2008 4600 quam
2035 4528 2324 4598 superficie
2347 4526 2586 4580 contenti
2614 4527 2874 4580 medullas
2897 4527 3040 4596 ipsas
3060 4529 3418 4596 penetrabant

175 4631 308 4697 τοὺς,
342 4635 474 4688 τίδὲ
508 4637 574 4688 οὐ
613 4631 1136 4702 προμηθευόμενος;
1184 4627 1288 4682 κᾶν
1316 4629 1343 4680 ὁ
1374 4627 1568 4696 φθόνος
1608 4626 1744 4696 βάλ-

175 4717 272 4771 λων
305 4726 499 4788 αὐτοὺς
534 4728 652 4787 τοῖς
677 4723 721 4753 ⁵⁷
749 4720 1078 4789 τοξεύμασιν
1100 4720 1200 4772 οὐκ
1220 4719 1379 4772 ἀνίει.
1416 4717 1511 4770 Ἐκ
1534 4715 1746 4770 πολλῶν

178 4811 275 4884 γὰρ
310 4818 430 4870 κατ’
457 4815 656 4870 αὐτῶν
696 4813 1078 4884 ἐρεθιζόμενος
1107 4813 1135 4864 ὁ
1169 4811 1548 4881 αὐτοκράτωρ,
1585 4811 1748 4870 αὐτὸς

185 4906 373 4971 μᾶλλον
429 4911 624 4976 πάσης
682 4907 879 4968 αὐτοὺς
929 4903 1254 4972 ἐπικουρίας
1311 4901 1500 4969 ἠξίου,
1564 4903 1750 4970 ἱλαρὸν

182 4995 498 5061 ἑνατενίζων
522 4997 621 5049 ἀεὶ
646 4996 692 5028 ³⁸
728 4995 820 5047 καὶ
850 4992 1279 5063 ἐνωραῖζόμενος
1302 4985 1414 5042 οἷον
1445 4993 1537 5044 ἐπὶ
1563 4994 1749 5054 αὐτοῖς

178 5084 560 5153 ξυμϐουλεύων
609 5103 669 5138 τε
717 5085 1008 5144 διαπαντὸς
1052 5087 1120 5136 τά
1169 5083 1503 5136 συνοίσοντα.
1555 5084 1748 5146 Ἀλλος

178 5179 269 5243 μὲν
298 5182 404 5252 γὰρ
436 5182 578 5243 ἴσως
630 5179 722 5232 καὶ
765 5179 1038 5240 ὑπόπτους
1085 5177 1150 5229 ἂν
1192 5175 1476 5242 ἐλογίσατο
1525 5176 1747 5237 τούτους

175 5271 259 5321 καὶ
286 5272 535 5326 ἐκποδὼν
579 5271 670 5323 διὰ
705 5270 962 5331 παντοίας
995 5267 1221 5337 μεθόδου
1265 5268 1325 5331 ἐξ
1362 5269 1536 5338 αὐτῆς
1567 5270 1743 5339 ἀρχῆς

1844 4641 2048 4689 rerum,
2085 4627 2250 4680 homo
2281 4632 2336 4676 et
2364 4623 2429 4677 ad
2465 4623 2798 4676 cernendum
2839 4635 3022 4674 rerum
3058 4623 3167 4675 acti
3212 4623 3419 4692 pollens

1851 4719 2048 4771 mentis
2073 4715 2210 4782 acie,
2235 4723 2288 4769 et
2319 4714 2482 4769 nullis
2503 4713 2791 4783 impeditus
2816 4713 3088 4767 illaudatis
3111 4713 3418 4780 affectibus,

1850 4809 2140 4878 quominus
2167 4823 2320 4878 aequa
2353 4809 2486 4864 recti
2507 4807 2699 4876 judicii
2728 4818 2954 4868 statera,
3005 4807 3258 4860 libratam
3307 4822 3424 4858 ntu-

1851 4913 2031 4956 mento
2063 4900 2434 4963 conscientiae,
2467 4909 2522 4953 et
2550 4899 2778 4969 sapienti
2807 4900 3031 4954 arbitrio
3062 4907 3419 4965 temperatam

1849 4994 2064 5048 consilii
2096 4994 2308 5047 lancem
2343 4993 2693 5060 expenderet.
2728 4989 2838 5044 llac
2889 4991 2980 5044 illa
3033 4986 3422 5040 moderationis

1851 5085 2140 5154 inculpatae
2195 5083 2404 5134 ratione
2459 5097 2639 5134 Secum
2695 5093 2951 5147 reputans
2997 5092 3061 5129 ex
3106 5090 3215 5143 quo
3265 5076 3421 5140 apice

1854 5175 2162 5241 Splendoris
2213 5174 2265 5224 in
2323 5182 2522 5226 statum
2580 5172 2825 5224 obscurae
2875 5182 2938 5220 ac
2989 5165 3209 5234 privata:
3255 5163 3421 5217 sortis

1859 5268 2217 5324 decidissent,
2276 5263 2651 5318 adolescentes
2704 5258 2949 5323 nobiles,
3015 5254 3267 5310 omnibus
3326 5267 3420 5307 eos

1255 5384 1462 5444 Varia
1505 5386 1811 5446 lectiones
1855 5400 1931 5444 ex
1965 5381 2108 5441 cod.
2153 5377 2418 5439 Coislin.

243 5481 288 5510 ⁵⁵
310 5481 710 5551 ἐκστρατείαν.
787 5482 831 5513 ⁵⁵
855 5481 1001 5542 τούς.
1076 5481 1121 5512 ⁵⁸
1145 5481 1191 5532 ὁ.

1267 5481 1312 5512 ⁵⁷
1341 5479 1501 5535 Deest
1543 5483 1734 5537 vocula
1765 5485 1898 5544 τοῖς.

1975 5482 2020 5512 ⁵⁸
2059 5480 2264 5540 αὐτοῖς.

1253 5594 1392 5657 Car.
1440 5593 1766 5655 Dufresnii
1798 5596 1894 5655 Du
1921 5594 2139 5673 Cangii
2164 5598 2354 5654 notae.

241 5724 354 5790 (Π)
389 5722 502 5774 Kal
537 5717 617 5772 τὰ
655 5718 842 5788 στέφη
875 5718 1126 5772 τούτων.
1155 5717 1492 5782 Nicephorus
1518 5722 1660 5772 enim
1695 5731 1748 5774 et

175 5787 278 5849 Leu
312 5787 602 5863 Diogenes
631 5802 658 5841 a
686 5787 838 5858 patre
882 5791 1256 5855 imperatores,
1284 5790 1470 5843 statim
1498 5799 1660 5858 atque
1691 5793 1743 5844 in

1858 5722 2029 5774 lucem
2086 5716 2236 5777 editi,
2289 5714 2578 5768 renuntiati
2635 5709 2890 5784 fuerant:
2927 5711 3075 5784 Anna
3127 5711 3236 5784 hoc
3293 5715 3416 5784 ipso

1857 5792 1992 5855 loco,
2025 5786 2362 5860 παραλαϐὼν
2392 5784 2614 5846 τούτους
2655 5782 2866 5844 ἰδιώτας
2899 5784 2964 5835 ἐκ
2997 5781 3286 5851 βασιλέων.
