4024 6270
605 363 709 424 675

1881 363 2104 423 ΛΝΝΕ
2147 359 2527 421 (ῙΟΜΝΕΝιΕ

3742 362 3829 424 675

607 475 796 528 «illiciis
827 488 889 528 ac
920 471 1224 540 beneﬁt-iis,
1252 472 1362 528 imo
1391 473 1654 528 charitate
1685 487 1746 527 ac
1773 471 2050 527 blanditiis
2081 487 2155 542 pa~

2280 470 2506 541 ποιῆσαι
2535 467 2867 526 ἐσπούδασεν
2912 469 2978 524 ἄν
2999 487 3011 500 ·
3042 463 3198 534 οὗτος
3221 468 3276 522 δὲ
3299 469 3324 520 ὁ
3353 467 3708 539 αὐτοκράτωρ
3742 473 3826 534 τὰς

609 565 780 618 ternis
811 564 955 616 velut
987 564 1236 633 proprios
1265 564 1404 618 ﬁlios
1429 565 1860 634 amplexabatur.
1889 563 2004 630 Quo
2029 564 2172 618 cnim

604 669 715 708 non
753 654 897 722 ipsos
935 655 1172 723 benigno
1196 656 1365 721 dicto,
1394 672 1503 725 quo
1535 672 1639 709 non
1675 656 1816 710 facto
1864 655 2072 709 liberali
2109 670 2174 710 ac

602 747 868 800 benevolo
900 749 1170 802 consolari
1196 759 1426 804 conatus
1453 750 1572 803 est?
1604 765 1764 816 quam
1797 750 2035 819 denique
2067 766 2171 802 non

607 841 674 892 de
707 841 869 893 rebus
912 855 974 892 ac
1024 843 1328 895 commodis
1361 857 1546 894 eorum
1583 843 1976 910 providentiam
2021 857 2166 896 sum-

604 931 747 996 psit?
774 931 936 999 quue
961 947 1084 986 cum
1123 949 1398 1001 nunquau.
1442 933 1640 988 invidia
1691 944 1937 988 cessaret
1984 949 2012 985 a
2062 933 2174 986 suis

605 1022 655 1073 in
684 1037 777 1074 eos
807 1022 1138 1090 ejaculandis
1169 1024 1310 1078 telis.
1351 1023 1546 1078 Verum
1582 1040 1688 1092 quo
1727 1026 1897 1093 magis
1952 1026 2002 1077 id
2052 1039 2170 1091 age-

605 1113 736 1165 bant
766 1113 1187 1166 calumniatores
1216 1128 1272 1167 ιιι
1309 1114 1541 1170 assiduis
1588 1115 1639 1168 iu
1669 1130 1764 1169 eos
1815 1115 2172 1169 delationibus

605 1205 954 1273 imperatoris
986 1208 1224 1258 aniumm
1251 1209 1665 1271 exacerbarent,
1694 1217 1846 1261 tanto
1877 1209 2172 1276 imperator

599 1294 716 1364 ipse
752 1296 941 1362 majori
971 1295 1190 1350 eosdem
1215 1296 1415 1352 auxilio
1447 1312 1510 1351 ac
1536 1298 1784 1364 praesidio
1819 1299 2166 1367 dignabatur,

603 1385 860 1439 blandum
908 1401 1123 1454 semper
1150 1387 1216 1440 iis
1257 1389 1486 1442 arrisum
1523 1404 1881 1458 serenamque
1924 1405 1986 1443 ac
2026 1392 2172 1444 reni-

599 1477 814 1530 dentem
846 1477 1107 1531 exhibens
1139 1478 1350 1540 faciem,
1393 1480 1658 1549 planeque
1713 1497 1821 1549 prae
1866 1497 1925 1536 se
1968 1483 2169 1545 lercns,

601 1582 721 1620 sese
756 1568 1061 1621 rationibus
1092 1571 1332 1636 ipsorum
1370 1579 1532 1639 atque
1581 1573 1917 1627 ornamentis
1965 1585 2167 1628 attenta

599 1674 814 1726 semper
857 1661 1188 1725 cogitatione
1214 1663 1546 1730 prospicere.
1578 1664 1731 1719 Alius
1778 1666 1997 1732 quidem
2048 1668 2168 1724 istis

595 1748 769 1800 editos
806 1749 1097 1811 natalibus,
1141 1751 1262 1804 istis
1311 1754 1562 1820 praeditos
1613 1755 1830 1810 dotibus
1885 1769 2168 1825 suspectos

2277 563 2383 616 τῶν
2417 562 2630 614 πολλῶν
2664 562 2806 615 κατὰ
2844 563 2952 615 τῶν
2986 563 3125 615 νέων
3169 563 3488 632 είσηγήσεις
3527 560 3659 629 παρ’
3698 562 3827 615 οὐδὲν

2277 654 2500 713 ἐτίθετο,
2528 653 2728 723 ἐξόχως
2767 652 2990 714 τούτους
3026 652 3218 720 φιλῶν,
3268 651 3365 720 τὴν
3411 650 3594 720 μέντοι
3636 652 3828 722 μητέρα

2275 746 2482 798 τούτων
2518 746 2786 799 Εὐδοκίαν
2822 748 2914 797 καὶ
2941 746 3160 814 δωρεῶν
3198 744 3364 809 ἀξιῶν
3415 747 3508 796 καὶ
3553 745 3719 814 τιμῆς
3748 743 3828 812 τῆς

2279 835 2664 904 προσηκούσης
2699 835 3031 905 βασιλίσσαις
3069 837 3143 904 μὴ
3182 834 3521 905 ἀποστερῶν,
3567 835 3663 887 καὶ
3700 835 3830 902 αὐτῷ

2273 928 2330 980 δὲ
2373 929 2450 997 τῷ
2498 928 2800 998 Νικηφόρῳ
2862 928 2960 997 τὴν
3014 929 3110 997 τῆς
3163 929 3326 997 νήσου
3388 927 3612 996 Κρήτης
3673 925 3830 996 ἀρχὴν

2275 1017 2496 1071 ἀνέθετο
2521 1021 2598 1079 εἰς
2628 1018 2950 1086 ἐνδιαίτημα
2995 1018 3145 1070 ἴδιον.
3176 1017 3337 1071 Ἀλλὰ
3374 1017 3545 1068 ταῦτα
3576 1015 3675 1085 μὲν
3704 1019 3732 1068 ὁ
3757 1016 3832 1084 βα-

2277 1109 2480 1167 σιλεύξ.
2515 1109 2733 1162 Τούτων
2759 1109 2814 1162 δὲ
2847 1111 2872 1161 ὁ
2906 1109 3004 1178 μὲν
3034 1111 3184 1162 Λέων
3231 1112 3580 1178 φρονήματος
3613 1107 3688 1159 ὢν
3721 1107 3828 1173 ἀγα-

2276 1200 2372 1253 θοῦ
2399 1203 2494 1256 καὶ
2509 1202 2734 1271 γνώμης
2756 1202 3069 1270 ἐλευθέρας,
3091 1202 3235 1271 ὁρῶν
3255 1203 3310 1254 δὲ
3337 1203 3430 1254 καὶ
3456 1201 3553 1270 τὴν
3579 1200 3828 1269 βασιλέως

2274 1295 2352 1354 είς
2381 1293 2577 1353 αὐτοὺς
2609 1292 2916 1361 εὐμένειαν,
2955 1291 3179 1361 ἔστεργε
3219 1293 3315 1360 τὴν
3354 1290 3626 1360 λαχοῦσαν
3650 1294 3830 1343 trusa-

2275 1384 2581 1453 παυόμενος
2623 1377 2735 1435 οἷον
2783 1384 2873 1436 ἐπὶ
2905 1388 3016 1446 τοῖς
3046 1383 3279 1454 παροῦσι
3307 1383 3445 1437 κατὰ
3465 1383 3556 1436 τὸν
3583 1383 3797 1435 εἰπόντα
3816 1396 3828 1408 ⁸

2273 1473 2526 1544 Σπάρταν
2568 1473 2779 1544 ἔλαχες,
2813 1475 3016 1527 ταύταν
3050 1475 3094 1506 ⁸⁸
3129 1475 3342 1544 κόσμει.
3389 1475 3446 1524 ’0
3480 1474 3534 1526 δέ
3573 1491 3637 1541 γε
3680 1473 3830 1540 Νικη-

2273 1566 2439 1636 φόρος
2473 1565 2736 1635 δύσοργος
2759 1568 2852 1619 καὶ
2878 1566 3185 1637 βαρύμηνις
3211 1564 3287 1618 ὢν
3312 1566 3404 1619 καὶ
3428 1564 3830 1636 βυσσοδομεύων

2271 1659 2411 1710 κατὰ
2447 1658 2542 1710 τοῦ
2585 1659 3017 1728 αὐτοκράτορος,
3057 1660 3150 1710 xal.
3190 1659 3550 1727 τυραννήσειν
3607 1655 3829 1724 μελετῶν

2271 1751 2370 1802 οὐκ
2399 1749 2633 1802 ἐπαύετο
2664 1749 2732 1803 ⁸ο.
2768 1750 3130 1820 Ὺποὸρύχιον
3172 1750 3226 1802 δὲ
3267 1751 3412 1819 ὅμως
3443 1744 3555 1816 εἶχε
3593 1747 3695 1818 τὴν
3733 1745 3830 1814 βου·

547 1878 556 1886 .
600 1840 878 1893 babuisset
935 1840 1204 1906 homines,
1261 1852 1314 1896 et
1361 1845 1508 1899 velut
1563 1861 1665 1899 non
1714 1849 1904 1902 dubios
1954 1850 2155 1919 imperii

2272 1844 2392 1916 λήν.
2420 1846 2559 1916 Ἤδη
2590 1846 2646 1898 δὲ
2679 1846 2772 1899 καὶ
2807 1846 2900 1900 τοῦ
2924 1847 3084 1916 ἔργου
3112 1846 3522 1915 ἀπαρξάμενος,
3555 1845 3829 1912 γνησιώτε-

596 1937 822 1990 :emulos
854 1937 1042 1990 tollere
1071 1939 1135 1991 de
1158 1941 1462 2008 metliojam
1484 1945 1548 1995 ab
1583 1944 1700 2012 ipso
1731 1945 1992 2014 principio
2021 1947 2166 2000 omni

595 2036 712 2080 arte
746 2041 810 2081 ac
841 2039 1034 2081 conatu
1065 2030 1380 2085 studuiss't.
1429 2033 1500 2085 At
1543 2033 1632 2086 hic
1690 2035 1985 2103 imperator
2033 2039 2168 2091 adeo

597 2120 801 2173 nullum
834 2136 1067 2189 unquam
1098 2136 1162 2176 ex
1193 2136 1253 2175 se
1284 2123 1389 2177 tale
1412 2126 1698 2194 concipere
1740 2129 2024 2183 consilium
2070 2147 2166 2200 poo

597 2213 720 2272 luit,
749 2220 806 2263 ut
829 2226 893 2265 ne
932 2213 1281 2266 suadentium
1320 2216 1536 2282 quidem
1583 2217 1813 2273 subinde
1873 2221 1996 2273 talia
2030 2223 2165 2275 mul-

595 2313 774 2356 torum
807 2320 1044 2372 unquam
1092 2307 1394 2360 orationem
1434 2310 1738 2375 admiserit,
1784 2327 1996 2382 semper
2035 2329 2165 2369 cou-

590 2405 742 2446 stans
794 2395 845 2447 in
902 2400 1354 2465 repraesentandis
1404 2399 1594 2454 oﬂiciis
1647 2405 1861 2459 eximia:
1917 2407 1968 2460 in
2011 2410 2156 2476 ipsos

588 2485 1013 2552 benevolentia;
1078 2489 1215 2543 adeo
1282 2492 1498 2560 quidem
1555 2504 1613 2547 ut
1671 2505 1897 2551 matrem
1947 2515 2164 2569 quoque

590 2577 832 2642 ipsorum
864 2577 1157 2632 Eudociatn
1196 2589 1248 2632 et
1279 2583 1436 2637 donis
1485 2599 1910 2654 prosequeretur
1964 2592 2161 2648 libera-

588 2666 752 2731 libus,
819 2679 870 2722 et
924 2669 1068 2722 nulla
1128 2671 1349 2726 honoris
1398 2685 1550 2741 parte
1595 2678 1686 2744 qui
1727 2679 1924 2733 deferri
1963 2684 2161 2739 soleret

588 2756 1027 2826 imperatricibus
1087 2761 1512 2818 defrattdantlaut
1559 2769 1822 2835 voluerit;
1857 2771 2160 2841 Nicephoro

593 2848 721 2914 quin
752 2848 913 2901 etiam
949 2851 1071 2904 huic
1101 2851 1204 2921 ipsi
1251 2870 1357 2923 quo
1411 2856 1479 2910 de
1524 2859 1735 2926 agimus
1784 2865 1833 2915 in
1885 2869 2156 2934 propriam

586 2955 648 2992 ac
676 2941 1000 3009 peculiarem
1041 2947 1438 3010 possessionem
1502 2960 1556 3003 et
1601 2951 1941 3011 domicilium
1982 2960 2158 3016 Creta:

583 3031 773 3083 insulte
817 3034 1173 3101 principatum
1221 3037 1606 3107 assignaverit.
1651 3043 1814 3115 257
1866 3047 2040 3119 Atque
2090 3067 2153 3106 ex

2273 1939 2364 2007 ρόν
2390 1956 2499 1991 τισι
2534 1940 2892 2012 προσωμίλει.
2924 1941 3035 1992 Οὐκ
3069 1939 3328 1994 ἐλάνθανε
3356 1938 3513 1990 τοῦτο
3543 1937 3679 1998 τοὺς
3709 1934 3828 1987 πλεί·

2272 2047 2465 2094 στους·
2506 2031 2573 2084 δι’
2605 2026 2679 2083 ὧν
2711 2033 2804 2083 καὶ
2848 2034 2928 2094 εἰς
2962 2031 3061 2094 τὰς
3110 2032 3276 2092 ἀκοὶθς
3315 2029 3513 2097 ἔφθανε
3561 2029 3660 2082 τοῦ
3699 2029 3829 2097 βατι-

2267 2119 2424 2185 λέως.
2472 2121 2529 2173 Ὀ
2568 2121 2624 2174 δὲ
2672 2121 2925 2191 βασιλεὺς
2958 2124 3140 2175 καινόν
3165 2138 3215 2174 τι
3263 2121 3432 2173 ποιῶν
3479 2121 3827 2191 μεταπεμπό-

2271 2231 2434 2282 μενος
2469 2215 2696 2277 τούτους
2746 2217 2804 2267 ἐν
2855 2217 3066 2284 καιροῖς
3117 2213 3400 2284 ἀρμοδίοις
3451 2213 3552 2266 οὐκ
3596 2214 3828 2280 ἐνέφαινε

2270 2306 2370 2374 μὲν
2402 2307 2458 2358 τὸ
2484 2305 2774 2371 ἁκουσθὲν,
2809 2307 3023 2373 εὐφυῶς
3060 2305 3114 2357 δὲ
3153 2306 3387 2377 παρῄνει
3431 2305 3526 2357 καὶ
3557 2306 3626 2357 τὰ
3661 2305 3826 2357 εἰκότα

2269 2396 2648 2450 συνεϐούλευε.
2699 2398 2808 2450 Καὶ
2871 2397 2983 2466 ὅσῳ
3042 2396 3240 2466 μᾶλλον
3293 2397 3390 2465 τῆς
3442 2396 3741 2466 ἐπιϐουλῆς
3781 2398 3828 2447 ὲν

2265 2491 2466 2560 γνώσει
2535 2491 2778 2558 ἐγίνετο,
2835 2490 3073 2542 τοσούτω
3141 2489 3343 2558 μᾶλλον
3409 2488 3827 2558 ἐλευθερώτερον

2265 2583 2402 2652 πρὸς
2445 2583 2642 2642 αὐτοὺς
2701 2581 2981 2646 διετίθετο,
3039 2580 3181 2634 οὕτω
3233 2581 3558 2650 βουλόμενος
3613 2581 3827 2642 τούτους

2264 2671 2546 2741 κερδάνειν
2575 2672 2641 2726 ⁶¹.
2675 2671 2814 2724 Ἀλλ’
2839 2675 2866 2724 ὁ
2889 2671 3081 2740 Αἰθίοψ
3111 2673 3210 2724 οὐκ
3237 2671 3594 2724 ἐλευκαίνετο.
3632 2672 3827 2738 Ἐμενε

2262 2768 2370 2835 γὰρ
2410 2767 2437 2816 ό
2471 2765 2634 2827 αύτὶς
2665 2766 2756 2817 καὶ
2794 2765 3072 2835 μετεδίδου
3124 2764 3221 2833 τῆς
3259 2764 3438 2832 λύμης
3495 2763 3712 2824 ὁπόσοις
3764 2763 3828 2813 ἂν

2261 2856 2666 2924 προσεπέλασε,
2702 2856 2828 2916 τοὺς
2861 2854 2959 2921 μὲν
2988 2854 3056 2907 δι’
3097 2856 3297 2924 ὅρκων,
3340 2855 3466 2917 τοὺς
3507 2853 3562 2906 δὲ
3607 2852 3679 2905 δι’
3710 2852 3829 2903 ὐπο-

2263 2946 2500 3016 σχέσεων
2551 2947 3032 3017 σφετεριζόμενος.
3089 2946 3194 3000 Τοῦ
3251 2948 3349 3014 μὲν
3379 2941 3474 2998 οὖν
3521 2944 3714 2998 κοινοῦ
3745 2942 3828 2994 τοῦ

2258 3038 2496 3106 ,στρατοῦ
2539 3040 2597 3091 οὐ
2659 3039 2912 3092 τοσοῦτον
2964 3036 3157 3106 ἔμελλε
3213 3039 3291 3107 τῷ
3339 3039 3689 3108 Νικηφόρῳ·
3739 3037 3828 3105 ἢδη

583 3125 736 3178 bisce
769 3125 1029 3180 fratribus
1060 3128 1216 3195 alter,
1253 3135 1343 3198 qui
1375 3131 1484 3186 Leo
1517 3136 1826 3203 vocabatur,
1875 3143 2150 3208 placidiori

2261 3131 2368 3200 γὰρ
2417 3132 2655 3193 ἅπαντες
2695 3131 2830 3200 πρὸς
2883 3133 3048 3186 αὐτὸν
3083 3130 3480 3184 ἁπονενεύκασι
3508 3146 3522 3158 ⁸
3566 3131 3689 3182 ἀλλ’
3723 3130 3830 3190 ὅλος

583 3215 741 3268 ﬁctus
789 3217 989 3280 indole,
1043 3219 1406 3291 ingenuoque.
1444 3239 1542 3279 nec
1591 3227 1768 3282 hebeti
1815 3233 1879 3284 ad
1936 3249 2150 3289 sensum

579 3308 770 3373 gratia:
798 3310 1053 3376 praeditus
1105 3313 1308 3377 animo,
1347 3317 1614 3370 sinceram
1654 3321 1788 3373 inse
1829 3324 2150 3382 charitatem

579 3395 925 3460 imperatoris
971 3409 1024 3453 et
1078 3399 1237 3456 facile
1291 3407 1530 3474 agnovit,
1591 3420 1644 3462 et
1685 3422 1871 3466 mutuo
1923 3431 2153 3483 pensare

579 3486 788 3538 studuit
816 3486 1010 3540 aifectu
1045 3507 1058 3542 :
1093 3492 1556 3564 acquiesceusque
1604 3501 1856 3566 pra'senti
1896 3501 2148 3570 fortunae,

578 3594 739 3644 quam
774 3591 889 3632 erat
925 3580 1172 3650 Spartam
1204 3595 1414 3651 nactus,
1446 3587 1498 3640 in
1530 3603 1616 3653 ea,
1641 3589 1796 3657 juxta
1840 3604 1993 3650 vetus
2028 3613 2150 3650 ver-

579 3671 730 3732 bum,
781 3675 1095 3726 cxornanda
1144 3690 1370 3730 securus
1421 3678 1753 3736 elaborabat.
1813 3682 2150 3754 Nicephorus

576 3763 819 3817 feret-iur
851 3774 1067 3826 natura,
1116 3767 1700 3840 impotentioribusque
1743 3786 1985 3832 aestuans
2037 3797 2152 3834 rno-

579 3851 747 3911 tibns,
787 3855 1062 3907 volutabat
1099 3871 1315 3924 semper
1361 3862 1545 3914 animo
1590 3866 1942 3930 cogitationes
1995 3868 2147 3922 iuva-

569 3939 762 3993 dendo:
797 3944 1122 4012 tyrannidis,
1171 3957 1226 3999 et
1271 3947 1632 4003 defectionem
1690 3953 2148 4024 rebellionemque

569 4033 832 4086 adversus
883 4035 1264 4104 imperatorem
1318 4041 1620 4095 machinari
1671 4059 1776 4098 non
1823 4047 2144 4106 desistebat.

574 4123 674 4175 Diu
738 4133 918 4178 tamen
990 4142 1248 4180 arcanttm
1305 4129 1492 4184 habuit
1543 4133 1849 4190 consilium.
1905 4135 2142 4192 Tandem

574 4223 844 4268 maturum
896 4229 1070 4280 ratus,
1106 4234 1388 4287 capessere
1416 4237 1552 4289 opus
1589 4234 1644 4277 et
1693 4226 1769 4278 rei
1808 4242 2013 4296 magna:
2059 4231 2144 4282 iu-

567 4307 800 4361 l'ormare
830 4325 1018 4362 orsum
1049 4325 1355 4380 aggressus,
1385 4315 1732 4369 tamiliariora
1787 4317 1947 4372 solito
1979 4321 2145 4390 coepit

566 4397 819 4451 affectare
831 4399 1194 4466 colluquicum
1216 4403 1379 4458 certis
1398 4407 1910 4474 ltominibus,firuris
1936 4413 2142 4466 scilicet

2259 3219 2392 3289 πρὸς
2428 3222 2550 3282 τοὺς
2587 3225 2920 3289 μεγιστᾶνας
2955 3223 2997 3252 δ’
3038 3221 3443 3285 ἁπονενευκὼς,
3471 3221 3581 3272 τῶν
3612 3238 3676 3272 τε
3709 3221 3829 3288 ἡγε-

2260 3313 2436 3379 μόνων
2469 3312 2563 3365 καὶ
2601 3312 2707 3365 τῶν
2763 3316 2827 3383 τῇ
2879 3314 3168 3382 συγκλήτῳ
3210 3313 3666 3381 κατειλεγμένων
3710 3327 3829 3380 προ-

2257 3405 2458 3473 κρίτων
2505 3405 2715 3476 ἀνδρῶν
2763 3405 2963 3477 πολλὴν
3019 3407 3273 3476 φροντίδα
3329 3406 3668 3474 ποιούμενος
3711 3408 3830 3458 ύπο-

2255 3501 2463 3551 ποιεῖτο
2495 3499 2538 3531 ⁸³
2572 3498 2790 3562 αὐτούς.
2814 3495 2923 3550 Ἦν
2960 3500 3068 3570 γὰρ
3101 3499 3200 3570 τὴν
3232 3501 3401 3568 φρένα
3441 3500 3540 3568 μὲν
3574 3501 3831 3568 ὀξύτερος

2252 3592 2602 3662 ἀμφιστόμου
2635 3591 2820 3659 ξίφους
2872 3591 3008 3658 (78),
3051 3593 3314 3661 στάσιμος
3358 3592 3414 3644 δὲ
3458 3593 3746 3662 οὐδαμῶς,
3791 3590 3832 3640 εί

2257 3684 2330 3755 μὴ
2360 3686 2484 3736 ὅσον
2527 3684 2662 3753 πρὸς
2709 3683 2768 3736 τὸ
2819 3685 3176 3753 τυραννήσειν
3226 3685 3285 3736 τὸ
3355 3685 3706 3753 ἀμετάθετον
3760 3686 3835 3733 ἐν·

2271 3772 2545 3825 εδείκνυτο
2571 3789 2584 3802 ⁸
2615 3774 2870 3843 μελιχρὸς
2899 3775 2955 3826 ὲν
2987 3773 3184 3842 λόγοις,
3219 3776 3272 3824 ἐν
3293 3777 3765 3844 συνανοστροφαῖς
3795 3771 3836 3802 ⁵⁵

2251 3864 2418 3934 ἡδὺς,
2470 3865 2973 3935 ταπεινοφροσύνην
3042 3866 3139 3933 μὲν
3201 3866 3276 3925 ῶς
3343 3865 3650 3934 ἀλωπεκῆν
3709 3880 3830 3916 ποτε

2249 3953 2731 4026 περιϐαλλόμενος
2761 3957 2908 4008 ἐστιν
2938 3956 3030 4008 οὖν
3059 3956 3153 4008 καὶ
3182 3957 3239 4008 τὸ
3257 3956 3546 4026 θυμοειδὲς
3581 3957 3834 4024 καθάπερ

2249 4046 2385 4098 λέων
2417 4049 2700 4116 ἐμφαίνων
2733 4048 2888 4107 ποτὲ,
2919 4049 3198 4118 ῥωμαλέος
3245 4049 3340 4102 καὶ
3389 4049 3530 4119 πρὸς
3566 4052 3831 4116 γίγαντας

2246 4137 2668 4206 ἐγκαυχώμενος
2705 4139 3062 4208 ἁμ;λλᾶσθαι,
3097 4140 3383 4209 σιτόχρους
3418 4142 3523 4213 τὴν
3559 4143 3715 4211 ὄψιν,
3752 4140 3837 4190 εὐ·

2247 4229 2347 4299 ρὺς
2385 4233 2454 4282 τὰ
2495 4231 2715 4300 στέρνα,
2754 4232 3078 4301 ὑπερωμίας
3115 4237 3226 4285 τῶν
3267 4234 3386 4285 τότε
3423 4235 3630 4303 καιροῦ
3663 4235 3831 4287 ὄντων

2244 4322 2472 4392 ἀνδρῶν.
2508 4324 2570 4374 Ei
2622 4324 2678 4376 δὲ
2719 4323 3076 4395 σφαιρίζοντα
3120 4325 3310 4379 τοῦτον
3365 4321 3474 4378 εἷδέ
3532 4345 3647 4390 τς,
3693 4327 3741 4377 εἰ
3781 4325 3833 4377 δὲ

2247 4414 2641 4484 ίππαζόμενον,
2674 4417 2724 4468 εί
2761 4417 2820 4468 δὲ
2863 4417 3040 4470 ὀϊστὸν
3089 4417 3398 4486 πέμποντα,
3437 4421 3485 4470 εί
3526 4419 3664 4488 δόρυ
3700 4435 3830 4485 κρα-

568 4486 909 4556 adjuiuribus
943 4489 1204 4546 facinoris
1242 4493 1477 4562 futuris;
1510 4515 1629 4565 quae
1675 4517 1760 4555 res
1803 4512 1856 4555 et
1891 4507 2136 4558 animad-

2261 4505 2515 4568 ῐαίνοντα,
2549 4513 2642 4560 καὶ
2689 4510 2959 4572 ἱππασίας
3012 4511 3357 4578 ποιούμενον,
3417 4512 3611 4581 Oct-3pm
3662 4514 3830 4564 éaixs:

569 4594 725 4632 versa
758 4583 938 4632 statim
970 4590 1022 4634 et.
1057 4596 1306 4650 suspecta
1362 4589 1458 4640 fuit
1509 4591 1774 4656 plurimis.
1808 4596 1951 4649 unde
1988 4596 2136 4650 brevi

2261 4600 2426 4651 ιαινὸν
2469 4599 2720 4666 θεᾶσθαι,
2749 4605 2996 4672 ὲκεχήνει
3034 4621 3092 4656 τε
3138 4607 3233 4657 καὶ
3269 4607 3429 4672 μόιον
3461 4608 3523 4660 οὐ
3557 4604 3828 4674 πεπηγὼς

567 4671 632 4720 ad
685 4675 1030 4736 imperatoris
1079 4690 1240 4728 aures
1294 4679 1519 4732 occultae
1571 4685 1825 4738 coitionis
1881 4687 2134 4743 indicium

2261 4688 2321 4762 ιν.
2353 4694 2450 4746 Διά
2483 4695 2641 4747 τοῦτο
2670 4697 2765 4749 καὶ
2793 4697 2992 4765 μᾶλλον
3023 4701 3122 4766 τὴν
3153 4697 3262 4750 τῶν
3294 4700 3507 4751 πολλῶν
3542 4701 3828 4752 ἐπεσπᾱ;ο

567 4763 834 4824 pervenit.
867 4764 926 4813 At
969 4763 1057 4815 ille
1093 4780 1230 4816 nova
1263 4768 1496 4834 quadam
1529 4772 1760 4834 ratione,
1798 4788 1896 4829 nec
1926 4780 2136 4832 caeteris

2234 4785 2470 4840 εὔνοιαν.
2498 4788 2761 4840 Τοσοῦτον
2786 4789 2843 4842 δὲ
2867 4790 2926 4842 τὸ
2957 4791 3398 4861 σπουδαζόμενον
3423 4794 3580 4864 αὐτῷ
3610 4794 3823 4864 προῄει,

561 4851 613 4901 in
655 4853 745 4902 tali
783 4868 912 4906 casu
949 4857 1143 4906 usitata
1193 4858 1552 4925 principibus,
1588 4875 1646 4914 se
1709 4866 1893 4930 gessit.
1928 4869 2132 4924 Accer-

2232 4879 2307 4940 ὼς
2347 4879 2437 4929 καὶ
2469 4879 2632 4931 αὐτὸν
2663 4881 2707 4912 ⁸⁸
2744 4881 2829 4933 ἐπ’
2863 4883 3064 4952 ἀδελφῇ
3097 4883 3193 4935 τοῦ
3230 4887 3650 4957 αὐτοκράτορος
3686 4905 3825 4953 γαμ-

558 4945 684 4996 sivit
747 4948 811 4996 ad
867 4961 925 4999 se
981 4962 1171 5015 nempe
1232 4951 1551 5015 coajuratos
1607 4955 1870 5022 singulos,
1923 4959 2130 5017 idoneis

2261 4969 2366 5037 ἱρὸν
2399 4970 2618 5040 Μιχαὴλ
2650 4971 2740 5024 τὸν
2778 4945 3096 5043 Ταρωνίτην
3139 4976 3217 5045 τῷ
3247 4977 3340 5029 τοῦ
3388 4945 3823 5049 [iuvui-tepeﬁu—

558 5043 826 5097 quemque
869 5037 1229 5102 temporibus,
1260 5051 1461 5105 eosque
1490 5041 1541 5092 in
1571 5057 1782 5094 summa
1819 5046 2128 5104 dissimula-

2261 5074 2363 5110 r:ou
2396 5062 2709 5130 τιμώμενον
2735 5065 3010 5134 ἀξιώματι
3038 5067 3502 5138 ὑποποιήσασθαι.

557 5122 701 5176 “We
761 5125 930 5178 εδιιάίιί
994 5129 1166 5180 ηιιιιιῖί
1199 5142 1265 5180 ac
1309 5129 1636 5186 ευὸοίοίοηίε
1691 5148 1824 5197 sum.
1871 5141 2132 5207 appositis
2171 5153 2512 5205 sermOnibus
2545 5154 2610 5206 ad
2648 5155 2882 5208 olliciutn
2921 5155 3187 5228 lidemque
3263 5165 3619 5228 hortabatur,
3694 5177 3821 5218 con-

1647 5224 1849 5286 Varite
1892 5227 2201 5297 lectiones
2245 5256 2322 5299 ex
2363 5247 2502 5302 cod.
2537 5247 2806 5307 Coislin.

629 5315 672 5346 ⁸⁸
704 5315 912 5398 ἔλαϐες,
941 5317 1166 5386 ταύτην.
1243 5321 1286 5351 ⁸ο
1317 5326 1607 5398 τυραννεῖν
1648 5327 2004 5395 συμμελετῶν
2049 5336 2148 5389 οὐκ
2197 5341 2494 5398 ἐπαύσατο,

551 5389 807 5438 εποιείτο.
887 5388 929 5416 ⁸⁸
950 5388 1434 5461 συναναστροφαῖς.
1511 5393 1554 5423 ⁸⁵
1581 5388 1743 5447 αὑτὸν
1766 5388 1882 5450 τόν.

1633 5489 1771 5546 Car.
1805 5489 2135 5553 Dufresnii
2173 5497 2268 5556 Du
2303 5499 2521 5577 Cangii
2549 5512 2734 5564 notae.

627 5577 737 5663 (7'8)
790 5580 1102 5663 Ὀξὺεερος
1133 5584 1507 5663 ἀμφιστόμου
1537 5587 1771 5663 ξίρξορς.
1797 5593 1957 5663 347
1988 5593 2122 5663 Tra-

557 5647 635 5723 tiit
665 5646 900 5723 εΙυιιηιιυε
929 5646 1190 5723 Villantts',
1215 5646 1333 5707 'ltb.
1375 5646 1424 5714 ν,
1452 5646 1573 5723 (ξιιμ.
1599 5646 1710 5721 ⁷56,
1729 5646 1942 5715 ἀπιπιῖ
1985 5662 2118 5716 Gni-

558 5715 705 5796 t'loui,
736 5731 764 5768 a
812 5735 918 5796 quo
959 5723 1101 5796 conti
1150 5722 1306 5775 Cuidi
1355 5715 1534 5777 Italici'
1577 5715 1837 5796 originem
1889 5715 2114 5793 ducunt,

559 5781 844 5839 Bisacutw'
883 5791 1104 5844 inditum
1179 5808 1474 5861 cognomen
1502 5831 1516 5860 ,
1590 5781 1834 5867 prdpteri
1876 5781 2112 5856 animum

2594 5346 2635 5376 ⁶¹
2673 5349 2974 5419 κερδανεῖν.
3066 5353 3110 5383 ⁸³
3145 5356 3524 5422 μεγιστάνους.
3652 5358 3696 5388 ⁶³
3719 5356 3818 5406 ὐπ-

2229 5603 2356 5688 cjns
2381 5605 2752 5688 tnultiplirem.
2814 5607 2904 5660 Est
2937 5619 3113 5662 autem
3154 5615 3391 5688 bratteata
3417 5615 3809 5688 ,ἀμφίστομος

2225 5682 2277 5723 et
2307 5673 2558 5743 δίστομος
2613 5676 2791 5745 ἀξίνη,
2844 5687 2901 5731 ιιι
2926 5695 3090 5749 supra
3140 5697 3170 5735 a
3219 5685 3375 5740 nobis
3402 5673 3497 5740 est.
3535 5673 3807 5742 observa:

2225 5750 2355 5794 ιυιη.
