4024 6270
268 386 363 450 617
1521 364 1935 449 ΛιΕΧΊΑῡιδ
1968 390 2114 448 LIB.
2156 390 2266 452 IX.
3429 397 3535 456 ms

271 496 497 564 siliaque
526 495 762 550 salubria
793 496 992 564 quietis
1037 495 1354 550 adamand-«e
1389 495 1586 562 dabat;
1632 507 1686 550 et
1737 512 1844 564 quo
1882 496 2170 551 clariorem
2203 497 2260 550 in
2307 495 2424 552 dies
2459 498 2879 564 conspirationis
2944 501 3160 555 illorum
3223 515 3413 560 contra
3485 525 3544 561 se

278 591 520 643 notitiam
556 591 974 660 assequebatur,
1003 607 1068 644 eo
1113 607 1236 645 cum
1305 591 1386 647 eis
1447 591 1812 647 conlidentius
1861 602 1914 646 et
1955 593 2233 648 liberalius
2261 594 2474 662 agebat,
2507 595 2588 650 sic
2619 596 2887 650 demereri
2921 599 3136 655 animos
3183 601 3424 666 ipsorum
3458 605 3540 659 si-

273 684 424 751 bique
455 685 752 738 conciliare
783 688 1023 738 studens.
1054 684 1157 738 Sed
1184 683 1501 754 Ethiopem
1530 695 1588 737 ut
1617 686 1842 738 multum
1885 685 2083 739 laveris
2118 687 2257 740 haud
2291 689 2472 741 album
2529 688 2720 744 facias.
2770 690 2900 745 Erat
2967 708 3184 763 semper
3255 697 3392 750 idem
3452 698 3542 755 Ni-

272 781 559 846 cephorns,
641 793 738 831 nec
773 779 962 830 vitium
1039 777 1090 829 in
1143 793 1201 830 se
1252 793 1406 831 suum
1456 778 1756 839 cohibens,
1817 776 1923 831 late
1966 779 2295 846 propagabat
2357 783 2738 849 contagionem
2785 787 3073 852 quamdam
3121 791 3437 845 rebellionis
3486 795 3540 846 in

272 888 622 940 quoscunque
655 876 962 932 accederet.
985 873 1119 925 alios
1156 873 1439 939 promissis
1474 873 1831 940 simplicibus,
1909 871 2043 926 alios
2118 872 2533 941 interpositione
2591 876 3023 944 jnramentorum
3073 882 3173 936 sibi
3223 884 3542 952 adjungens.

271 968 338 1019 Ac
373 967 424 1016 in
463 964 811 1017 multitudine
838 963 1050 1032 quidem
1084 963 1299 1015 militari
1328 972 1382 1016 et
1417 979 1644 1032 corpore
1713 964 1988 1017 exercitus
2013 965 2126 1019 suis
2163 966 2412 1033 partibus
2440 969 2759 1033 asserentlo,
2835 987 2938 1024 non
3009 973 3238 1026 multum
3325 979 3546 1040 putabat

272 1059 647 1112 laborandmn.
681 1055 798 1108 Jam
837 1060 980 1110 enim
1012 1057 1152 1110 haud
1181 1058 1340 1110 dubie
1363 1073 1554 1110 omnes
1587 1059 1639 1111 in
1661 1059 1842 1126 ipsum
1887 1058 2316 1126 propendebant.
2368 1058 2424 1113 lit
2470 1075 2533 1114 eo
2564 1071 2706 1116 totus
2738 1072 2856 1116 erat
2885 1075 2940 1116 ut
3025 1077 3307 1132 magnates
3378 1069 3546 1137 ipsos.

273 1159 373 1203 tam
410 1151 498 1215 qui
539 1149 891 1216 dignitatibus
929 1150 1253 1203 militaribus
1303 1148 1358 1202 in
1397 1151 1593 1204 castris
1623 1151 1956 1215 eminebant,
2030 1166 2191 1220 quam
2260 1153 2352 1220 qui
2426 1156 2780 1224 magistratus
2830 1157 3200 1226 amplissimus
3251 1160 3304 1212 in
3384 1177 3546 1230 repu-

273 1246 402 1298 blica
445 1257 703 1313 gererent
742 1256 794 1298 et
847 1246 1106 1299 eximimn
1158 1247 1495 1299 auctoritatis
1546 1246 1596 1298 in
1648 1255 1837 1297 senatu
1881 1244 2054 1297 locum
2096 1247 2426 1311 obtinerent,
2477 1249 2578 1300 sibi
2617 1249 2766 1302 omni
2853 1265 2981 1303 cura
3037 1254 3411 1308 demereretur
3481 1273 3546 1313 ac

272 1342 592 1395 devinciret.
625 1342 765 1408 Ergo
793 1357 888 1396 eos
921 1342 1126 1395 nullum
1159 1341 1319 1395 finem
1354 1340 1643 1411 prensandi
1679 1339 1933 1394 faciebat.
1969 1340 2033 1392 Et
2064 1341 2297 1396 habebat
2370 1351 2602 1395 mentem
2674 1345 2969 1397 acutiorem
3056 1348 3277 1414 ancipiti
3344 1352 3546 1418 gladio,

271 1439 360 1490 sed
400 1438 640 1490 instabili
673 1453 890 1506 semper
931 1437 1149 1490 levitate
1195 1439 1457 1489 volitabat
1492 1454 1505 1488 :
1540 1436 1740 1488 nullam
1771 1435 1837 1487 ad
1880 1434 2040 1488 aliam
2075 1435 2189 1492 fere
2212 1438 2594 1505 cogitationem
2632 1454 2753 1492 cum
2857 1439 3032 1508 aliqua
3084 1446 3386 1496 couSIantia
3456 1463 3549 1513 ap-

281 1532 488 1598 pellens
523 1533 784 1593 animum,
817 1544 1179 1600 praeterquam
1210 1533 1273 1583 ad
1354 1528 1702 1584 ambitionem
1769 1530 2096 1596 occupandae
2154 1533 2475 1600 tyrannidis.
2570 1531 2741 1586 Homo
2798 1543 2916 1586 erat
2991 1551 3243 1590 sermone
3294 1538 3546 1610 blandus,

269 1624 662 1678 consuetmline
685 1624 856 1675 comis
888 1623 1165 1676 modestia:
1191 1638 1248 1675 se
1274 1623 1590 1690 plerumque
1615 1619 1843 1687 quadam
1882 1620 2080 1685 specie,
2129 1632 2384 1690 tanquam
2441 1623 2577 1692 pelle
2629 1625 2843 1691 vulpina
2913 1624 3194 1692 obtegens.
3282 1631 3374 1682 sed
3437 1648 3542 1686 non

269 1731 392 1770 raro
421 1717 472 1768 in
498 1714 872 1767 occasionibus
896 1713 1321 1768 excandesoendi
1390 1727 1508 1765 sese
1589 1709 1914 1764 exercebant
1980 1709 2150 1764 leonis
2209 1727 2414 1779 ungues
2463 1723 2516 1765 et
2573 1715 2773 1768 rabies.
2816 1713 3001 1766 Robur
3054 1727 3174 1768 erat
3238 1717 3374 1772 fastu
3429 1726 3542 1786 pari

268 1809 639 1875 coiijunctum,
674 1807 874 1874 quibus
908 1821 967 1860 se.
999 1806 1199 1874 giganti
1233 1805 1520 1875 quantovis
1547 1820 1729 1872 parem
1783 1804 1834 1855 in
1875 1803 2247 1869 belligerando
2275 1805 2626 1874 gloriabatur.
2659 1806 2926 1861 Triticeus
2994 1809 3141 1861 eolor
3176 1813 3305 1871 oris,
3373 1813 3537 1866 latum

270 1916 492 1972 pectus;
527 1903 652 1955 totis
677 1903 916 1955 humeris
952 1903 1225 1953 eminebat
1257 1915 1418 1964 supra
1447 1909 1706 1953 staturam
1747 1913 1934 1952 eormn
1972 1900 2063 1967 qui
2129 1907 2257 1952 tunc
2324 1911 2480 1955 erant
2535 1901 2835 1955 hominum.
2908 1901 3078 1956 Porro
3125 1903 3238 1958 sive
3304 1904 3406 1970 pila
3463 1905 3541 1957 lu-

270 2001 438 2056 deret.
479 2010 571 2047 seu
607 2009 804 2062 equum
838 1995 1146 2060 domitarct,
1195 2011 1290 2048 seu
1345 1994 1587 2063 jaculmn
1620 1995 1904 2063 expediret
1945 1994 1998 2048 in
2038 2010 2286 2065 scopum,
2341 2012 2437 2050 seu
2498 1997 2708 2050 hastam
2765 2007 3036 2066 quateret,
3090 2014 3184 2052 seu
3237 2001 3528 2053 simulat-ra

270 2095 439 2146 cieret
501 2090 772 2157 eqneStris
820 2105 1035 2160 pugnze,
1068 2089 1414 2144 admirationi
1479 2091 1851 2160 spectantibus
1889 2099 2030 2156 erat,
2068 2091 2201 2144 nihil
2233 2092 2332 2146 nisi
2369 2093 2520 2146 hiare
2557 2108 2620 2146 ac
2690 2104 2912 2162 stupere
2998 2095 3320 2150 valentibus.
3371 2099 3538 2167 258

278 2185 352 2241 Ea
386 2203 474 2241 res
505 2187 903 2240 incredibiliter
925 2186 1094 2240 valuit
1130 2189 1194 2240 ad
1230 2186 1466 2240 favorem
1495 2185 1854 2240 multitudinis
1893 2187 1995 2255 ipsi
2053 2188 2478 2241 conciliandam.
2536 2187 2645 2242 Nec
2705 2188 2874 2256 plebis
2931 2191 3088 2242 modo
3179 2191 3292 2244 haec
3358 2193 3534 2244 studia

271 2290 465 2345 erant;
505 2282 774 2350 siquidem
811 2278 1038 2332 Michael
1067 2277 1325 2333 Taronita
1397 2296 1556 2348 quem
1620 2280 1918 2348 imperator
1958 2279 2443 2349 panhypersebasti
2508 2280 2770 2348 dignitate
2831 2290 3082 2332 ornatum
3135 2298 3163 2333 a
3204 2298 3261 2336 se
3317 2284 3533 2350 propria

274 2372 371 2440 ipsi
405 2388 593 2426 sorore
627 2372 677 2424 in
727 2370 1134 2424 matrimonium
1168 2370 1343 2422 danda
1396 2371 1706 2424 devinxisse
1746 2371 1846 2423 sibi
1890 2369 2200 2442 arctissime
2247 2369 2550 2434 videbatur,
2600 2370 2684 2424 his
2739 2371 2837 2423 viri
2921 2372 3139 2424 dotibus
3224 2372 3540 2440 artibusque

273 2465 530 2534 pellectus
577 2463 694 2531 ejus
749 2472 932 2531 partes
1001 2463 1314 2516 domesticis
1369 2461 1649 2516 affectibus
1706 2461 1966 2530 praetulit.

375 2555 498 2607 Αλλ’
531 2554 869 2607 ὲπανακτέον
900 2552 992 2606 τὸν
1036 2553 1192 2622 λόγον
1230 2552 1381 2615 αὖθις
1410 2554 1532 2606 ὅθεν
1568 2553 1843 2623 ἀπερρύη,

2023 2551 2095 2608 ul
2127 2552 2289 2622 igitur
2319 2568 2384 2607 eo
2419 2554 2709 2608 reducatur
2747 2556 2888 2608 unde
2914 2555 3158 2625 digressa
3192 2562 3369 2613 oratio
3412 2575 3520 2628 est.

276 2646 370 2699 καὶ
403 2645 526 2698 καθ’
561 2645 750 2714 εἱρμὸν
791 2645 979 2698 ἑκτέον
1022 2646 1121 2714 τῆς
1167 2645 1492 2714 διηγήσεως.
1539 2645 1594 2699 Ὀ
1631 2646 1729 2716 μὲν
1760 2642 1854 2700 οὖν

275 2737 662 2806 αὐτοκράτωρ,
699 2739 812 2799 τοῖς
856 2735 1140 2806 λογισμοῖς
1197 2738 1511 2808 ἀνατρέχων
1570 2735 1627 2801 ἐξ
1680 2729 1852 2806 οὗπερ

273 2827 369 2900 τὴν
398 2829 524 2882 καθ’
555 2827 749 2880 ἑαυτοῦ
791 2827 881 2880 τοῦ
914 2827 1202 2894 Διογένους
1244 2827 1478 2898 μελέτην
1518 2828 1850 2895 ἀνέγνωκεν,

275 2923 367 2974 καὶ
406 2922 556 2983 ὅπως
604 2919 664 2984 ἑξ
702 2921 876 2990 ἀρχῆς
915 2919 1083 2988 αὐτῆς
1130 2919 1230 2987 τῆς
1278 2919 1442 2972 αὐτοῦ
1493 2921 1853 2992 ἀναρρήσεως

275 3013 476 3081 ἀμφοῖν
506 3013 780 3082 ἐχρήσατο
809 3013 922 3062 τοῖν
953 3010 1226 3078 ἀδελφοῖν,
1271 3009 1476 3078 ὁπόσης
1507 3027 1564 3064 τε
1595 3011 1852 3082 φιλοφρο-

278 3105 442 3174 σύνης
479 3106 576 3156 καὶ
624 3102 951 3170 κηδεμονίας
997 3103 1088 3154 ἐπὶ
1127 3103 1404 3165 τοσούτοις
1438 3102 1614 3156 ἔτεσιν
1652 3104 1852 3166 αὐτοὺς

275 3196 426 3264 ἠξίου
459 3195 567 3248 κᾶν
591 3193 746 3246 οὐδὲν
776 3194 979 3246 τούτων
1009 3193 1106 3264 τὴν
1141 3192 1234 3246 τοῦ
1272 3193 1589 3264 Νικηφόρον
1622 3194 1850 3264 γνώμην

273 3291 364 3342 ἐπὶ
405 3288 467 3341 τὸ
532 3287 742 3356 βέλτιον
803 3286 1222 3356 μετηλλοίωτεν,
1273 3288 1352 3350 εἰς
1400 3287 1714 3356 ἀμηχανίαν
1763 3289 1852 3340 ὲν-

273 3383 528 3433 έπιπτεν.
553 3372 830 3446 Ταῦτ’ςοῦν
851 3379 878 3430 ὁ
906 3376 1158 3446 βασιλεὺς
1184 3377 1639 3446 ἀναλογιζόμενος
1670 3377 1848 3433 πάντα

268 3474 364 3528 καὶ
407 3458 560 3534 δ’πως
617 3470 758 3540 μετὰ
807 3469 866 3521 τὸ
920 3468 1190 3538 σφαλῆναι
1245 3468 1401 3531 αὖθις
1453 3468 1652 3539 εἰσῄει,
1700 3468 1848 3532 ὅπως

266 3563 504 3631 ἀπώσθη
557 3562 710 3631 παρὰ
753 3560 846 3613 τοῦ
893 3562 1150 3613 Τατικὶου
1203 3562 1297 3613 καὶ
1336 3559 1563 3634 γνοὺς-⁸⁸
1600 3561 1748 3622 ὅπως
1787 3559 1848 3612 τὸ

269 3654 576 3724 φονουργὸν
608 3652 848 3721 σιδήριον
881 3652 1061 3722 θήγων
1089 3650 1211 3704 κατ’
1231 3649 1418 3715 αὑτοῦ,
1445 3649 1671 3720 αῖμασιν
1693 3649 1844 3703 ἀναι-

264 3747 400 3808 τίοις
429 3745 652 3797 σπεύδει
698 3743 896 3813 χράναι
944 3744 1041 3806 τὰς
1089 3745 1298 3813 χεῖρας,
1342 3741 1434 3795 καὶ
1472 3744 1499 3794 ὁ
1538 3743 1677 3806 τέως
1721 3744 1848 3809 ἑφε-

263 3838 475 3908 δρεύων
536 3837 632 3888 καὶ
685 3835 876 3897 νυκτὸς
932 3834 1022 3888 τὸν
1076 3835 1235 3902 φόνον
1299 3833 1575 3904 ἐπιτηρῶν
1627 3835 1846 3888 τελέσαι

1957 2646 2239 2713 seriesque
2293 2645 2536 2699 historia:
2568 2648 2841 2711 reddatur,
2873 2649 3089 2716 collegit
3139 2667 3197 2704 se
3240 2652 3538 2721 imperator

1957 2737 2042 2791 his
2072 2752 2192 2806 quae
2228 2739 2513 2792 retulimus
2547 2740 2861 2808 compertis,
2913 2753 2964 2796 et
3003 2758 3066 2796 ex
3107 2759 3209 2797 una
3256 2759 3408 2812 parte
3445 2765 3535 2805 re-

1957 2841 2160 2897 putans
2191 2845 2352 2899 quam
2385 2829 2645 2884 benevole
2672 2847 2730 2884 se
2769 2847 2798 2885 a
2826 2833 3095 2903 principio
3134 2853 3405 2904 quamque
3452 2842 3534 2894 in-

1954 2920 2238 2990 dulgenter
2262 2936 2325 2975 ac
2357 2930 2583 2992 paterne
2614 2923 2802 2977 ambos
2833 2925 2882 2976 in
2917 2923 3116 2980 fratres
3144 2931 3424 2996 gessisset,
3457 2940 3535 2986 tot

1957 3008 2116 3061 annis
2155 3007 2498 3063 familiariter
2553 3009 2674 3062 illos
2721 3010 3008 3076 adhibens,
3050 3017 3534 3085 amantissimrque

1952 3100 2099 3165 ipsos
2139 3116 2362 3164 curans,
2403 3115 2564 3169 quam
2604 3101 2737 3154 nihil
2792 3111 2970 3155 tamen
3028 3105 3130 3157 ista
3176 3106 3534 3173 profecissent

1951 3191 2019 3244 ad
2049 3191 2411 3245 deliniendum
2463 3191 2620 3258 hujus
2654 3192 2893 3245 auinnnn
2947 3192 3255 3262 Nicephori,
3307 3199 3531 3254 iteratas

1955 3281 2220 3346 insidias,
2279 3282 2785 3352 deprehensamque
2841 3295 3158 3338 nocturnam
3228 3290 3430 3354 sicam,
3475 3304 3531 3346 et

1949 3375 2239 3442 disjectum
2273 3374 2468 3429 Taticii
2517 3391 2744 3429 occursu
2796 3377 3206 3445 sanguinarium
3258 3382 3525 3452 inceptum

1949 3469 2322 3536 expeditarutn
2374 3468 2442 3521 ad
2493 3468 2841 3536 parricidium
2876 3483 3153 3534 manuum,
3216 3487 3279 3526 eo
3339 3477 3528 3542 majori

1950 3558 2138 3612 dolore
2167 3573 2265 3612 suo
2297 3558 2701 3623 recordabatur,
2728 3573 2835 3627 quo
2865 3559 3044 3612 minus
3087 3559 3188 3612 sibi
3222 3571 3339 3614 erat
3389 3578 3524 3615 con-

1951 3651 2097 3704 scius
2123 3649 2248 3704 facti
2283 3651 2446 3706 ullius
2474 3651 2670 3704 dictive
2699 3665 2808 3718 quo
2844 3652 3017 3718 ipsum
3046 3651 3292 3706 Iaasisset.
3323 3651 3454 3706 Tam
3480 3670 3526 3707 -n

1951 3752 2070 3795 erat
2119 3743 2514 3796 occurrendum
2570 3741 2887 3794 denuntiato
2940 3741 3186 3808 periculo
3225 3747 3528 3811 graSsantis

1951 3834 2172 3886 sceleris
2203 3849 2217 3886 :
2248 3842 2302 3887 et
2332 3847 2452 3886 cum
2487 3833 2621 3886 satis
2650 3841 2924 3884 constaret
2952 3831 3235 3886 imminere
3263 3836 3523 3902 peitidum

265 3927 762 3997 ἀπαρακαλύπτως
819 3925 1008 3980 τοῦτον
1057 3927 1158 3997 ἤδη
1223 3926 1578 3989 ὲπισπεύδει,
1629 3926 1846 3988 πολλοῖς

1952 3934 2078 3979 tunc
2108 3926 2501 3978 cummaxime
2553 3934 2822 3978 nocturna
2873 3924 3175 3993 diurnaque
3225 3929 3526 3982 attentione

263 4020 602 4090 ἐκυμαίνετο
632 4019 935 4086 λογισμοῖς.
977 4017 1172 4070 Ἤθελε
1216 4017 1316 4086 μὲν
1342 4015 1435 4068 οὖν
1473 4017 1724 4086 οὐδαμῶς
1754 4018 1846 4070 τὸν

263 4114 534 4182 Διογένην
568 4110 991 4181 μετελεύσεσθαι
1022 4110 1088 4162 δι’
1113 4108 1171 4162 ὃν
1193 4109 1330 4178 πρὸς
1361 4109 1524 4162 αὑτὸν
1558 4109 1846 4179 ἐγκάρδιον

261 4209 538 4272 ἐκέκτητο
580 4203 768 4265 πόθον,
803 4202 1004 4271 ἐξόχως
1039 4201 1129 4252 τὸν
1184 4200 1352 4272 ἄνδρα
1402 4200 1594 4269 φιλῶν.
1637 4199 1843 4267 Ἀπαξ-

252 4300 453 4359 πτελῶς
500 4298 558 4349 δὲ
613 4295 828 4348 ἅπαντα
881 4293 1115 4348 συνελὼν
1145 4293 1250 4361 ὃπη
1291 4310 1348 4345 τε
1407 4292 1742 4362 προϐήσεται
1784 4291 1844 4345 τδ

249 4391 435 4444 δεινὸν
464 4387 688 4449 ἐννοῶν,
735 4387 858 4437 ἐπεὶ
886 4386 978 4438 τὸν
1023 4385 1154 4455 περὶ
1199 4384 1378 4454 ψυχῆς
1423 4385 1668 4437 κίνδυνον
1695 4383 1845 4454 αὐτῷ

255 4483 635 4551 ἐφιστάμενον
672 4477 815 4544 ἔγνω
847 4476 1145 4547 πλήττεται
1188 4477 1288 4545 τὴν
1333 4476 1582 4544 καρδίαν.
1619 4476 1731 4528 Καὶ
1765 4477 1844 4538 εἰς

258 4577 312 4625 ἓν
354 4575 422 4626 τὸ
462 4573 573 4624 πᾶν
618 4568 964 4635 συναγαγὼν,
1011 4567 1122 4618 δεῖν
1167 4566 1380 4636 ἔκρινεν
1417 4568 1712 4635 κατασχεῖν
1755 4565 1845 4618 τὸν

259 4666 601 4736 Νικηφόρον.
643 4662 874 4724 Ἐκεῖνος
905 4660 962 4714 δὲ
994 4659 1084 4712 τὸν
1107 4659 1482 4729 μελετώμενον
1506 4658 1845 4711 ἐπισπεύδων

258 4759 509 4830 ῐρισμὺν
539 4755 636 4808 καὶ
675 4753 999 4823 βουλόμενος
1033 4752 1226 4813 νυκτὸς
1259 4753 1357 4819 τῆς
1399 4750 1534 4820 πρὸς
1578 4751 1846 4820 Χριστου-

261 4854 476 4910 πόλεως
509 4847 788 4917 φερούσης
833 4844 1099 4913 ἅψασθαι,
1134 4844 1374 4912 ἑσπέρας
1408 4841 1735 4905 ἀποστείλας
1766 4843 1845 4905 εἰς

260 4947 349 4996 τὸν
378 4938 909 5012 Πορφυρογέννητον
938 4937 1346 4988 Κωνσταντῖνον
1383 4936 1474 4986 τὸν
1509 4933 1729 4988 δοθέντα
1755 4932 1847 4985 αύ-

257 5037 333 5105 τῷ
369 5034 524 5102 παρὰ
555 5030 650 5083 τοῦ
692 5028 959 5097 βασιλέως
991 5027 1327 5096 ταχυδρόμον
1371 5026 1536 5078 ἵππον
1556 5028 1772 5097 ῂττείτο
1801 5025 1845 5054 ⁸⁵⁷

259 5124 716 5197 ῖιπ.χαρίσασοαί
763 5123 830 5173 οῖ.
878 5120 938 5173 Ὀ
998 5120 1053 5171 δὲ
1109 5121 1205 5172 καὶ
1252 5119 1297 5150 ⁸⁸
1336 5121 1614 5183 ἀνένευσε,
1671 5117 1843 5184 λέγων

265 5221 340 5288 μὴ
393 5216 661 5269 δύνασθαι
713 5212 885 5280 δῶρον
925 5210 1162 5262 τοιοῦτον
1205 5208 1515 5279 αύθήμερον
1559 5208 1652 5261 τοῦ
1691 5207 1844 5276 βασι-

260 5309 402 5372 λὲως
438 5304 908 5373 ἀποποιήσασθαι.
964 5301 1114 5354 Ἐπεὶ
1160 5300 1216 5353 δὲ
1266 5302 1476 5370 πρωῖας
1520 5303 1548 5354 ὀ
1593 5298 1843 5369 βασιλεὺς

261 5403 360 5466 τῆς
392 5397 770 5468 προκειμένης
797 5392 920 5446 ὁδοῦ
953 5393 1149 5463 ἥψατο,
1187 5395 1472 5446 συνείπετο
1492 5393 1670 5461 τούτῳ
1701 5392 1790 5442 καὶ
1815 5391 1843 5442 ὁ

263 5490 544 5558 Διογένης,
573 5484 670 5538 τοῦ
697 5483 1138 5548 διασκεδάζοντος
1174 5484 1386 5554 βουλὰς,
1418 5484 1514 5538 καὶ
1545 5481 1840 5550 λογισμοὺς

265 5580 584 5641 ἀθετοῦντος
621 5575 772 5628 λαῶν
810 5574 944 5627 Θεοῦ
980 5576 1166 5630 τοῦτον
1211 5578 1538 5647 σφήλαντος,
1562 5594 1841 5648 γνωσιμα-

1949 4018 2002 4072 in
2033 4033 2223 4071 omnes
2256 4017 2571 4072 occasiones
2605 4017 2978 4086 perpetranda:
3015 4019 3197 4082 caedis,
3228 4034 3332 4070 non
3373 4021 3524 4072 vide-

1947 4108 2108 4162 batur
2161 4107 2606 4161 committendum
2677 4114 2734 4158 ut
2795 4105 3210 4159 dissolutissimo
3275 4109 3522 4176 neglecm

1950 4209 2114 4254 tantas
2174 4199 2250 4253 rei
2307 4199 2452 4253 salus
2508 4213 2572 4252 ac
2625 4207 2786 4266 caput
2843 4197 3110 4266 principis
3163 4197 3309 4251 ferro
3355 4200 3522 4266 parati

1945 4293 2226 4364 parricidae
2273 4291 2667 4345 incustoditum
2715 4289 3062 4357 objiceretur.
3107 4290 3372 4344 Ctl‘lerlllll
3427 4293 3527 4344 ad-

1946 4400 2136 4439 versus
2161 4385 2271 4439 ha-c
2304 4383 2672 4438 intercedente
2698 4393 2881 4436 tenero
2912 4396 3096 4435 amore
3121 4385 3320 4436 veteris
3350 4384 3520 4437 c'irn-

1951 4477 2040 4538 lis,
2074 4475 2292 4530 decerni
2337 4475 2552 4546 gravius
2599 4474 2731 4528 nihil
2762 4475 2814 4526 in
2849 4483 2960 4527 tam
3004 4489 3128 4526 vere
3176 4482 3392 4542 Iamque
3430 4475 3520 4528 diu

1947 4569 2200 4622 dilectum
2240 4564 2530 4636 Diogenem
2581 4566 2646 4619 ab
2681 4567 3012 4634 imperatore
3060 4576 3288 4632 poterat.
3325 4563 3518 4616 Verum

1946 4671 2014 4709 ex
2043 4656 2272 4709 adverso
2298 4663 2617 4707 recurrente
2650 4654 2932 4722 praesentis
2961 4651 3141 4720 specie
3191 4651 3415 4718 periculi
3466 4657 3522 4702 et

1946 4747 2353 4804 formidolosius
2411 4762 2468 4800 se
2527 4747 2849 4799 admovente
2904 4744 3152 4798 sensibus
3201 4745 3517 4797 insidiarum

1945 4839 2110 4895 semel
2165 4841 2464 4908 iterumque
2510 4837 2968 4905 deprchensaruut
3038 4834 3392 4892 discrimine,
3454 4843 3518 4880 ac

1947 4947 2075 4985 cura
2106 4939 2385 5000 perpetua,
2422 4929 2506 4980 vix
2536 4929 2754 4980 tandem
2785 4926 3042 4978 conclusa
3073 4923 3388 4975 deliberatio
3413 4927 3518 4977 est,

1949 5031 2318 5086 statutumque
2359 5017 2643 5071 consilium
2691 5014 2943 5082 Diogenis
2999 5005 3517 5075 comprehenuemli.

1945 5112 2063 5180 lp~e
2092 5125 2251 5178 porro
2271 5107 2599 5172 hicephorus
2620 5106 2943 5157 admonente
2967 5115 2996 5151 c
3019 5097 3293 5148 .nscientia
3327 5092 3512 5156 fugam

1947 5203 2002 5255 in
2063 5209 2332 5267 posterum
2392 5199 2532 5250 diem
2585 5195 2831 5259 cogitans
2879 5203 3067 5241 versus
3129 5180 3514 5244 Christopolim

1953 5291 2098 5342 misit
2127 5289 2227 5340 sub
2260 5301 2535 5354 vesperam
2578 5283 2643 5334 ad
2675 5278 3090 5335 Constantinum
3142 5272 3516 5338 Porphyrugc—

1953 5384 2119 5435 nilum
2152 5377 2243 5446 qui
2283 5377 2349 5429 ab
2384 5393 2448 5431 co
2479 5389 2580 5428 suo
2613 5371 2827 5425 nomine
2873 5383 2967 5437 pro
2997 5364 3234 5419 amicitia
3288 5366 3514 5429 peteret,

1951 5482 2007 5525 ut
2038 5469 2139 5524 sibi
2174 5469 2494 5523 concederet
2514 5478 2710 5530 equum
2738 5461 2994 5521 celerem,
3023 5471 3183 5524 quem
3219 5454 3270 5506 in
3298 5449 3514 5517 hospitii

1951 5565 2193 5631 digressu
2219 5559 2267 5612 ei
2299 5559 2437 5610 dono
2469 5555 2686 5609 dederat
2709 5553 3002 5622 Augustus.
3036 5548 3106 5601 At
3124 5544 3516 5602 Constantinus

1338 5695 1534 5755 Varia:
1563 5695 1872 5760 lectiones
1913 5714 1986 5758 ex
2029 5698 2166 5759 cod.
2201 5695 2456 5757 Coislin.

316 5802 359 5832 “
396 5803 557 5855 Dt‘t'st
593 5813 693 5852 vox
726 5793 906 5860 γνούς.
987 5796 1027 5827 ⁸⁷
1070 5797 1268 5863 ᾐτεῖτο.

1377 5796 1419 5824 ⁸⁸
1448 5797 1604 5852 Deest
1639 5798 1827 5849 vocula
1861 5799 1976 5851 καί.
