4024 6270
485 361 598 426 679

1791 353 1946 414 ΑΝΝ
1955 353 2018 412 1E
2055 351 2260 412 COMN
2273 351 2441 414 E‘N:E

3641 357 3740 436 eo

491 470 694 532 renuit,
713 479 980 522 excusas
1007 477 1065 518 se
1085 477 1184 518 non
1213 475 1393 531 posse,
1417 461 1568 516 salvo
1587 459 1782 528 oliicio,
1801 463 2073 532 egregium

2181 458 2379 528 χοῦντα
2407 459 2504 528 μὲν
2526 458 2616 516 τὸν
2632 461 2874 531 δρασμδν
2900 464 2965 530 ⁸⁸.
2991 465 3413 536 ὑπερτιθέμενον
3435 469 3490 522 δὲ
3519 470 3669 540 ὥραν
3689 472 3742 536 ἐξ

495 558 842 629 imperatoris
881 569 1077 608 munus
1123 554 1242 620 ipso
1300 554 1384 607 die
1417 568 1528 622 quo
1571 561 1857 624 acceperat
1907 552 2066 606 alteri

495 652 714 708 donare.
741 649 1007 704 Postridie
1055 648 1218 715 igitur
1251 646 1578 717 imperatore
1626 655 1937 700 resumente
1981 646 2069 699 in-

493 753 706 813 ceptum
743 743 864 804 iter,
928 751 1148 794 secutus
1199 751 1254 794 et
1307 741 1570 810 Diogenes
1622 750 1728 802 est.
1781 741 2068 794 manifesto

493 835 716 886 numine
769 831 1088 900 dissipanlis
1137 831 1362 884 consilia
1417 831 1694 884 hominum
1759 830 1890 894 Dei;
1944 847 2066 884 cum

491 927 638 978 enim
676 935 730 978 et
760 922 896 993 fugae
945 924 1322 978 necessitatem
1368 921 1864 990 perspectissimam
1909 921 2068 974 Nire-

494 1013 698 1081 phorus
728 1013 978 1076 haberet,
1011 1022 1063 1065 et
1091 1027 1208 1066 eam
1239 1012 1484 1082 arripere
1516 1010 1684 1080 'plane
1713 1011 2066 1075 decrevisset,

493 1105 706 1158 consilii
737 1114 936 1168 certus,
967 1105 1340 1158 exsecutionis
1372 1119 1596 1174 anceps,
1628 1103 1815 1156 horam
1847 1119 1910 1157 ex
1937 1104 2066 1157 hora

497 1199 778 1265 trahebat,
826 1199 1002 1264 quoad
1033 1197 1456 1264 comprehensus
1487 1206 1590 1262 est,
1620 1197 1766 1266 justo
1800 1195 1896 1250 Dei
1921 1197 2068 1265 judi-

497 1291 584 1344 cio
613 1293 697 1346 sic
751 1291 1004 1345 meritum
1062 1289 1337 1344 hominem
1387 1289 1439 1341 in
1484 1289 1776 1356 perniciem
1822 1299 2065 1358 urgente.

491 1381 626 1434 Cum
659 1395 787 1450 ergo
845 1379 1167 1434 tetendisset
1219 1392 1385 1446 prope
1437 1378 1652 1442 Serras,
1712 1378 1800 1432 ubi
1857 1387 1911 1432 et
1959 1380 2071 1448 ipse

495 1472 793 1539 imperator
825 1471 1113 1522 tentorium
1152 1470 1366 1535 fixerat,
1398 1479 1452 1524 et
1496 1471 1768 1524 consuetis
1807 1470 1914 1524 illic
1939 1485 2071 1524 con-

495 1563 736 1615 scientia!
795 1561 1057 1614 com-ictae
1123 1573 1290 1628 seque
1343 1561 1728 1626 deprehensam
1788 1563 2070 1616 sentientis

501 1653 790 1706 timoribus
851 1654 1170 1720 agitaretur,
1223 1653 1452 1706 accersit
1503 1651 1797 1719 imperator
1843 1653 2068 1708 fratrem

494 1763 648 1802 suum
666 1748 960 1800 Adrianum
983 1763 1232 1814 magnum
1255 1748 1630 1811 domesticum,
1654 1747 1818 1816 259
1845 1749 1929 1802 illa
1953 1749 2068 1818 ipsa

2173 547 2321 618 ὥρας
2345 549 2505 601 ὁποῖα
2523 551 2588 602 τὲ
2615 550 2708 602 τοῦ
2743 551 2879 605 Θεοῦ
2900 553 3164 623 κρίματα.
3190 558 3636 628 Κατασκηνὼσας
3657 557 3743 614 οὖν

2174 638 2346 708 ἀγχοῦ
2375 639 2482 692 τῶν
2513 641 2733 712 Σερρὦ
2759 644 2804 674 ⁷⁰
2827 643 2962 697 ὅπου
2993 648 3084 700 καὶ
3111 650 3136 698 ὁ
3166 647 3424 716 βασιλεὺς
3453 655 3618 716 αὐτὸς
3651 656 3744 724 μὲν

2173 731 2284 782 τῶν
2313 731 2558 800 συνήθων
2588 734 2766 802 εἴχετο
2801 735 3077 806 λογισμῶν
3115 739 3190 802 ὡς
3221 745 3620 813 πεφωραμένος
3647 745 3744 816 ἤδη

2176 823 2268 875 καὶ
2285 822 2472 883 δεδιὼς
2494 824 2552 876 τὸ
2579 825 2795 893 μέλλον.
2827 826 2883 878 Ὀ
2901 827 2957 879 δὲ
2981 828 3234 898 βασιλεὺς
3259 835 3646 902 μετακαλεῖται
3665 855 3747 906 τη-

2176 913 2404 966 νικαῦτα
2437 915 2528 967 τὸν
2553 915 2684 970 ἴδιον
2710 919 2939 986 ἀδελφὸν
2960 921 3238 990 Ἀδριανὸν
3268 927 3360 977 καὶ
3389 930 3566 996 μέγαν
3591 929 3744 997 δομέ-

2178 1020 2360 1056 στικον
2379 1007 2501 1057 κατ’
2527 1008 2698 1076 αὐτὴν
2729 1009 2824 1078 τὴν
2853 1012 3092 1080 ἑσπέραν
3118 1015 3174 1066 ἐν
3267 1019 3412 1087 καὶὴ
3446 1019 3540 1070 τοῦ
3576 1037 3742 1088 μεγα-

2175 1095 2518 1168 λομάρτυρος
2543 1097 2820 1171 Θεοδώρου
2851 1102 2961 1172 ι79)
2999 1105 3231 1159 ἐτελεῖτο
3258 1111 3464 1178 μνήμη.
3503 1113 3610 1164 Καὶ
3637 1130 3746 1167 κοι-

2177 1185 2364 1240 νοῦται
2386 1187 2540 1253 αὖθις
2561 1191 2733 1262 τούτῳ
2752 1193 2818 1244 τὰ
2840 1194 2931 1244 τοῦ
2945 1197 3248 1263 Διογένους,
3267 1201 3398 1270 μηδὲ
3410 1201 3470 1253 τδ
3485 1203 3744 1274 πρότερον

2180 1281 2466 1348 ἀγνοοῦντι
2488 1284 2561 1347 ὡς
2591 1284 2825 1356 ξιφήρης
2848 1291 3042 1358 εἰσῄει,
3070 1291 3144 1353 ὼς
3169 1292 3398 1363 ἁπώσθη
3423 1297 3522 1366 τῆς
3554 1294 3744 1368 θύρας,

2176 1373 2252 1436 ὼς
2307 1375 2366 1426 τὸ
2423 1376 2590 1430 πάλαι
2643 1377 3168 1450 βεϐουλευμένον,εί
3228 1385 3473 1453 δυνατὸν,
3529 1390 3742 1442 ἵσταται

2180 1465 2426 1519 σπεύδων
2477 1469 2716 1521 τελέσαι.
2775 1471 3092 1540 Τηνικαῦτα
3150 1471 3244 1528 οὖν
3289 1477 3628 1550 ἐπισκήπτει
3675 1481 3745 1552 τῷ

2177 1557 2484 1628 δομεστίκῳ
2523 1562 2552 1613 ὁ
2590 1561 2849 1629 βασιλεὺς
2888 1563 2979 1614 τὸν
3029 1559 3292 1637 Διογένην
3344 1571 3424 1632 είς
3465 1571 3566 1643 τὴν
3613 1572 3746 1626 ἰδίαν

2182 1649 2660 1716 μετακαλέσασθαι
2701 1653 2928 1722 σκηνὴν,
2967 1655 3064 1708 καὶ
3100 1657 3188 1710 διὰ
3247 1659 3526 1732 μειλιχίων
3575 1663 3746 1732 λόγων

2180 1747 2271 1792 καὶ
2323 1743 2595 1794 παντοίων
2659 1743 3011 1814 ὑποσχέσεων
3055 1751 3242 1819 πεῖραι
3297 1753 3340 1783 ⁷⁷
3394 1755 3742 1824 ἀνακαλύψαι

491 1855 719 1910 vespera
739 1855 843 1909 qua
864 1841 1042 1908 magni
1071 1840 1329 1910 martyris
1353 1839 1626 1892 Theodori
1647 1841 1907 1892 memoria
1928 1841 2068 1894 cele-

2181 1831 2392 1884 ἅπαντα
2423 1835 2486 1885 τὰ
2513 1835 2940 1907 βεὸουλευμένα,
2975 1840 3246 1896 ἀπάθειαν
3277 1844 3426 1915 αὐτῷ
3459 1846 3750 1916 ὑπισχνου-

491 1931 788 1992 brabatur;
817 1945 1049 1998 utrinque
1100 1929 1201 1998 ipsi
1233 1929 1470 1982 breviter
1487 1933 1824 1998 exposuisset
1847 1945 1966 1999 qua:
1988 1931 2078 1984 ille

492 2035 602 2074 non
624 2020 929 2090 ignorabat,
955 2031 1014 2074 ut
1035 2019 1320 2088 irrupisset
1363 2021 1414 2074 in
1435 2037 1592 2074 suum
1617 2005 2074 2076 eubiculumhcnm

493 2115 604 2167 sica
635 2114 920 2180 Diogenes,
963 2114 1234 2166 utiterum
1257 2111 1325 2165 ab
1365 2113 1508 2166 ostio
1552 2121 1702 2166 esset
1729 2114 1994 2179 repulsus,
2020 2123 2079 2168 ut

493 2203 640 2255 onini
662 2203 867 2255 ratione
881 2212 1188 2265 conaretur,
1205 2203 1257 2256 in
1287 2202 1626 2256 occasionem
1647 2203 1936 2257 imminens
1957 2219 2078 2257 mo-

503 2295 702 2347 mentis
735 2294 1010 2352 omnibus.
1035 2293 1310 2347 decretam
1334 2295 1434 2361 ipsi
1481 2295 1609 2348 olim
1631 2295 1710 2348 sui
1731 2295 2076 2365 eaademfper-

493 2396 747 2454 petrare;
802 2385 1094 2449 mandavit,
1165 2394 1416 2439 evocaret
1469 2384 1743 2440 hominem
1801 2387 1851 2440 in
1923 2401 2077 2440 suum

497 2477 900 2530 tabernaculum
925 2477 1087 2544 eique
1123 2477 1337 2530 blandis
1371 2476 1556 2530 verbis
1588 2486 1642 2529 et
1701 2478 2080 2547 promissioni-

495 2567 594 2620 bus
624 2567 803 2620 Omnis
853 2568 1070 2635 generis
1123 2568 1446 2634 persuadere
1497 2568 1764 2621 niteretur
1802 2579 1858 2621 ut
1921 2569 2076 2623 fateri

497 2658 654 2711 vellet
686 2660 891 2722 omnia,
926 2657 1330 2725 conjurationis
1363 2659 1539 2712 socios
1567 2674 1628 2712 ac
1663 2661 1870 2714 consilii
1907 2663 2079 2727 parti-

495 2751 644 2818 cipes
691 2749 856 2802 edere
917 2763 1141 2812 omnes;
1176 2749 1226 2800 id
1258 2753 1300 2802 si
1335 2749 1542 2802 faceret
1591 2751 1940 2803 securitatem
1977 2751 2077 2818 ipsi

495 2849 660 2908 atque
692 2839 1068 2905 impunitatem
1107 2839 1321 2906 plenam
1379 2840 1746 2909 polliceretur,
1789 2843 2080 2897 confirma.

496 2939 688 2999 reique
747 2929 948 2982 nullam
1006 2945 1168 2998 penes
1232 2931 1611 2998 imperatorem
1654 2933 1966 2988 memoriam
2025 2935 2077 2988 in

498 3033 772 3092 poSIerum
839 3020 1238 3088 superfuturant
1293 3033 1836 3094 qmmlorunenmque
1890 3027 2076 3081 crimi-

499 3129 622 3166 num
654 3127 774 3181 quae
804 3111 919 3179 ipse
948 3125 1074 3164 reus
1110 3111 1253 3164 ultro
1285 3113 1556 3180 paenitens
1595 3115 1877 3170 fateretur.
1898 3115 2079 3170 Triste

503 3205 556 3256 id
607 3202 878 3272 negotium
939 3209 993 3255 et
1039 3204 1280 3254 odiosum
1339 3211 1476 3256 erat.
1551 3205 1751 3258 Tamen
1807 3207 2081 3263 Adrianus

497 3303 772 3362 utcunque
819 3292 1008 3348 fratris
1042 3293 1266 3362 Augusti
1291 3293 1529 3362 periculo
1560 3305 1614 3350 et
1663 3297 1820 3352 invisi
1863 3300 2082 3355 sceleris

498 3387 678 3454 specie
707 3387 818 3451 ipsa
845 3385 1220 3448 conturbatus,
1251 3386 1394 3454 quod
1447 3385 1742 3456 jubebatur
1793 3401 2084 3445 exsecutus

499 3483 608 3529 est.
651 3475 848 3530 Verum
875 3491 1091 3543 operam
1125 3477 1175 3529 in
1214 3475 1450 3547 Diogene
1496 3494 1558 3533 ac
1605 3482 1770 3535 verba
1825 3482 2078 3550 perdidit.

497 3565 630 3620 Nam
688 3567 938 3634 quamvis
994 3567 1274 3620 machinas
1333 3568 1569 3622 admovit
1607 3583 1820 3633 omnes,
1877 3569 2079 3627 frustra

499 3657 598 3710 fuit
630 3659 888 3712 adversus
942 3657 1198 3711 invictam
1258 3661 1680 3725 contumaciam,
1741 3676 1769 3714 ει
1825 3679 1931 3732 qua
1983 3679 2082 3718 nec

498 3763 685 3803 serere
713 3750 990 3815 minando,
1025 3761 1124 3802 nec
1151 3749 1346 3804 blande
1389 3751 1718 3820 pollicendo,
1755 3769 1857 3810 nec
1908 3756 2083 3810 amice

497 3837 832 3893 consulendo
865 3840 1178 3908 exprimere
1201 3841 1282 3894 vel
1309 3849 1498 3894 nutum
1525 3859 1692 3897 unum
1737 3849 1934 3914 potuit,
1972 3861 2081 3915 quo

494 3941 680 3981 eorum
703 3943 863 3980 unum
900 3927 1212 3997 quodpiam,
1249 3943 1367 3998 quin
1388 3939 1496 3983 tam
1530 3933 1694 3986 multa
1723 3947 1780 3989 se
1805 3936 2080 3991 machina-

499 4030 610 4073 tum
633 4029 751 4072 erat
769 4019 1040 4085 conscius,
1063 4021 1399 4090 signiﬁcasse
1421 4023 1760 4094 Nicephorus
1783 4029 2078 4088 videretur.

499 4109 729 4166 Gravem
765 4126 826 4165 ea
859 4113 1153 4166 obstinatio
1189 4113 1426 4166 dolorem
1455 4115 1637 4168 attulit
1671 4122 2077 4190 magnodome-

501 4203 639 4257 stico
695 4205 832 4258 baud
881 4207 1066 4274 ignaro
1129 4221 1237 4274 quo
1300 4210 1562 4262 malorum
1617 4213 1785 4264 miser
1817 4211 2081 4282 Diogenes

501 4295 932 4349 irrevocabiliter
971 4307 1178 4352 rueret.
1213 4297 1278 4350 Et
1332 4308 1450 4352 erat
1489 4300 1728 4354 Adriano
1789 4317 1950 4356 causa
1987 4305 2081 4359 do-

502 4387 750 4453 mestica,
815 4387 1122 4457 Niceplioro
1179 4388 1433 4444 favendi:
1469 4393 1612 4460 quod
1661 4395 1707 4447 is
1739 4394 1855 4463 ipse
1924 4393 2080 4450 Nice-

502 4483 708 4550 pliorus
762 4485 1038 4538 minimam
1096 4499 1346 4539 sororum
1396 4489 1785 4556 propriarum,
1850 4490 2073 4544 alterum

2182 4483 2333 4576 εισαξ
2361 4483 2552 4566 έαυτδη)
2573 4517 2640 4586 τῇ
2662 4519 2726 4586 γῇ

503 4583 712 4628 tantum
746 4589 925 4628 secum
999 4590 1340 4630 communem
1384 4589 1664 4647 parentem
1735 4581 2074 4644 habentium,

2183 1919 2329 1989 μένῳ
2365 1921 2412 1952 ⁷²
2461 1927 2553 1975 καὶ
2592 1925 2909 1994 ἀμνηστίαν
2945 1929 3038 1981 τοῦ
3075 1929 3266 1984 λοιποῦ
3309 1935 3418 1986 τῶν
3459 1937 3677 2001 κακῶν,
3705 1939 3748 1990 εί

2182 2011 2307 2080 μηδ’
2337 2011 2514 2065 ὁτιοῦν
2546 2015 2932 2086 ἀποκρύψειεν,
2969 2021 3103 2074 ἀλλὰ
3137 2023 3230 2076 καὶ
3257 2027 3384 2087 τοὺς
3418 2029 3748 2100 συνίστορας

2180 2101 2385 2166 ἐξείποι
2423 2106 2692 2172 ἅπαντας.
2739 2110 2797 2163 '0
2827 2112 2881 2163 δὲ
2915 2113 3154 2184 ἀθυμίας
3193 2119 3404 2190 πλήρης
3432 2123 3749 2191 γενόμενος,

2179 2193 2326 2264 ὅμως
2377 2197 2614 2267 ἐπλήρου
2645 2201 2706 2252 τὸ
2737 2204 3026 2258 κεὶευσθέν
3061 2207 3119 2259 ⁷³.
3159 2209 3293 2262 [loss
3332 2213 3433 2279 μὲν
3461 2209 3558 2266 οῦν
3590 2219 3749 2269 ἀπει-

2180 2286 2310 2351 λῶν,
2336 2287 2424 2341 ὁτὲ
2463 2287 2512 2319 ⁷⁸
2537 2290 2592 2343 δὲ
2645 2293 3094 2366 ὑπισχνούμενος,
3136 2301 3222 2352 ὁτὲ
3269 2301 3324 2354 δὲ
3375 2306 3469 2356 καὶ
3509 2307 3752 2376 συμϐου-

2181 2381 2377 2450 λεύων,
2412 2387 2512 2436 οὐκ
2543 2385 2727 2440 ἔπειθε
2775 2389 2867 2441 τὸν
2923 2394 3186 2464 Διογένην
3229 2395 3366 2460 ὅλως
3413 2399 3524 2452 οὐδ’
3575 2403 3753 2455 ὁτιοῦν

2179 2475 2287 2526 τῶν
2307 2475 2756 2548 βεϐουλευμένων
2790 2481 3156 2553 ἀνακαλύψαι.
3191 2487 3256 2540 Τί
3285 2493 3344 2541 το
3381 2492 3473 2543 ἐπὶ
3497 2495 3754 2562 τούτοιςς

2187 2567 2424 2636 Ἧχθετο
2454 2569 2558 2638 μὲν
2589 2573 2617 2624 ὀ
2656 2573 2824 2641 μέγας
2859 2575 3180 2645 δομὲστικος
3210 2583 3306 2633 καὶ
3334 2584 3525 2652 ἠνιᾶτο
3567 2580 3634 2639 οὗ
3664 2607 3756 2642 κα-

2183 2659 2296 2754 κιῦν
2325 2661 2552 2728 φέρεται
2590 2664 2905 2754 δΔιογένης
2953 2674 3373 2744 στοχαζόμενος.
3427 2679 3598 2751 Ἔσχε
3644 2684 3750 2754 γὰρ

2181 2747 2368 2802 τοῦτον
2439 2753 2764 2823 προφθάσας
2821 2761 2848 2811 ὁ
2893 2761 3152 2833 Διογένης
3223 2770 3474 2838 γαμϐρὶν
3536 2747 3756 2844 ἑαυτῇ

2183 2843 2388 2917 ὑστάτῃ
2419 2847 2530 2920 (80)
2559 2849 2668 2902 τῶν
2697 2853 3035 2922 ὲτεροθαλῶν
3067 2860 3228 2912 αὑτοῦ
3257 2864 3529 2933 ἀδελφῶν.
3563 2871 3757 2923 Ἔνθεν

2182 2954 2264 2989 τοι
2303 2942 2395 2991 καὶ
2431 2941 2570 3009 μετὰ
2601 2943 2856 3014 δακρύων
2900 2949 3218 3022 ἐκλιπαρῶν
3244 2955 3407 3010 αὐτὸν
3441 2959 3547 3013 οὐκ
3587 2965 3763 3015 ἀνίει·

2182 3029 2367 3082 ἔπειθε
2383 3031 2438 3084 δὲ
2459 3033 2710 3105 οὐδαμῶς
2725 3076 2739 3100 ,
2763 3038 2865 3090 κᾶν
2883 3042 3043 3106 αὐτὸς
3065 3045 3300 3098 ἐνέκειτο
3319 3050 3764 3124 ἀναμιμνήσκων

2182 3119 2297 3190 ἅμα
2326 3124 2419 3176 καὶ
2446 3125 2552 3178 τῶν
2582 3127 2828 3185 ὄπισθεν.
2859 3133 3212 3203 Σφαιρίζοντι
3242 3137 3354 3211 (Si)
3383 3119 3660 3214 rain-uois
3694 3147 3766 3216 τῷ

2187 3215 2555 3287 αὐτοκράτορι
2615 3224 2758 3276 κατὰ
2822 3225 2884 3276 τὸ
2947 3229 3004 3279 ὲν
3061 3229 3137 3299 τῷ
3197 3233 3424 3303 μεγάλῳ
3504 3241 3764 3308 παλατίῳ

2189 3305 2519 3376 ἱππηλὰσιον
2567 3313 2706 3382 ἁνήρ
2735 3331 2817 3377 τις
2866 3315 3146 3390 βάρϐαρος
3197 3323 3258 3387 ἐξ
3321 3325 3642 3396 Ἀρμενίων
3675 3305 3768 3386 καὶ

2183 3399 2442 3494 Τούρκων
2495 3404 2601 3471 φὺς
2653 3404 2804 3476 ξίφος
2845 3411 3047 3464 ἔσωθεν
3103 3414 3211 3468 τῶν
3263 3417 3485 3488 ἁμερίων
3547 3424 3760 3494 φέρων,

2183 3493 2324 3544 ἐπὰν
2371 3495 2464 3548 τὶν
2509 3497 2555 3535 ⁷³
2606 3499 2988 3572 αὐτοκράτορα
3017 3505 3126 3559 τῶν
3177 3493 3677 3583 συσφαιριξόντων
3725 3519 3770 3550 ⁷⁸

2184 3581 2627 3654 ἀνασειράσαντα
2655 3590 2745 3642 τὸν
2777 3593 2997 3662 χαλινὸν
3027 3581 3432 3670 ἀπολειφθέντα
3469 3607 3767 3676 ἐθεάσατο,

2183 3675 2270 3744 ἐφ’
2307 3669 2350 3743 ᾧ
2400 3681 2773 3734 πνευστιῶντα
2821 3685 2914 3738 τὴν
2965 3685 3130 3742 ἵππον
3167 3693 3462 3762 ἀναψῦξαι,
3501 3703 3772 3770 ’πρόσεισι

2186 3771 2287 3839 μὲν
2315 3771 2392 3842 τῷ
2429 3775 2794 3848 αὐτοκράτορι
2829 3785 3148 3850 γονυπετῶν
3183 3786 3298 3858 ἅμα
3337 3793 3433 3844 καὶ
3467 3797 3762 3850 αίτείσθαι

2184 3865 2612 3936 ὑποκρινόμενος
2639 3909 2654 3934 ,
2692 3873 2720 3923 ὁ
2762 3873 2819 3926 δὲ
2853 3875 3201 3947 ἀνασειράζει
3229 3879 3318 3934 τὸν
3355 3883 3528 3938 ἵππον
3565 3889 3758 3956 εὐθὺς,

2181 3956 2276 4006 καὶ
2315 3957 2675 4028 ἐπιστραφεὶς
2719 3962 3056 4018 ἐπυνθάνετο
3114 3968 3168 4020 τί
3216 3969 3282 4022 ἂν
3324 3972 3384 4024 τὸ
3429 3978 3772 4048 αἰτούμενον

2182 4051 2287 4146 εἴη.
2306 4050 2378 4146 -ᾯ
2406 4053 2462 4146 δὲ
2481 4056 2695 4124 φονεὺς,
2726 4059 2925 4126 μᾶλλον
2954 4061 2986 4132 ἢ
3008 4065 3311 4137 προσαίτης
3343 4066 3442 4138 ὢν,
3469 4075 3582 4143 τὴν
3607 4079 3774 4146 χεῖρα

2181 4141 2471 4196 ὑποϐαλὼν
2527 4147 2622 4200 καὶ
2689 4147 2784 4201 τοῦ
2837 4150 3024 4221 ξίφους
3091 4157 3398 4228 ἁψάμενος,
3461 4141 3643 4218 εἷλκέ
3679 4141 3776 4220 {os

2181 4233 2393 4289 κολεοῦ.
2427 4237 2499 4290 Τὸ
2560 4237 2604 4289 δ’
2631 4241 2688 4292 οὐ
2721 4243 3006 4299 συνείπετο
3036 4250 3100 4319 τῇ
3135 4250 3302 4320 χειρί.
3328 4252 3518 4320 "Ana:
3546 4253 3649 4311 οὖν
3680 4260 3778 4310 καὶ

2181 4323 2265 4387 δὶς
2294 4325 2390 4378 τοῦ
2425 4327 2525 4396 μὲν
2560 4327 2747 4397 ξίφους
2781 4333 3263 4406 ἀποπειρώμενος,
3296 4345 3412 4406 τοῖς
3441 4345 3504 4397 δε
3557 4348 3776 4417 χείλεσι

2180 4417 2397 4484 ψευδεῖς
2422 4417 2668 4490 αἰτήσεις
2708 4423 2972 4492 συνείρων
3005 4427 3074 4493 ⁷⁷,
3096 4427 3370 4498 ἀπογνοὺς
3397 4435 3492 4485 καὶ
3523 4453 3778 4507 reposeu-

2703 4519 2756 4586 ᾗ,
2789 4517 2963 4571 ἔκειτο
2987 4523 3323 4593 συγγνώμην
3347 4524 3774 4598 ἐξαιτούμενος.

2193 4606 2250 4659 '0
2275 4607 2352 4672 δὲ,
2385 4610 2522 4677 πρὸς
2551 4611 2734 4674 αὐτὸν,
2771 4611 3008 4684 στρέψας
3025 4614 3114 4668 τὸν
3143 4617 3381 4685 χαλινὸν,
3419 4620 3626 4690 ἠρώτα
3651 4624 3776 4676 ὅτου

1571 4717 1778 4778 Varia;
1813 4717 2125 4788 lectiones
2149 4738 2228 4782 ex
2249 4721 2390 4782 cod.
2428 4723 2698 4788 Coislin.

573 4813 616 4844 ⁶⁹
643 4811 805 4884 Deest
829 4825 933 4884 vos
961 4813 1055 4864 τὸν
1095 4813 1361 4884 δρασμόν.

1440 4817 1486 4848 ⁷⁸
1515 4817 1580 4870 Σε
1592 4818 1724 4888 ρῶν.

501 4887 546 4918 ⁷⁵
580 4883 664 4936 ἐπ’
693 4883 854 4936 αὐτὸν
875 4883 988 4937 τόν.

1062 4883 1108 4915 ⁷⁸
1137 4883 1552 4954 σφαιριζόντων.
1592 4883 1602 4888 ’
1628 4889 1672 4919 ⁷⁷
1701 4892 1903 4952 συνείς.

1825 4819 1871 4850 ⁷⁸
1911 4821 2121 4875 πείσαι.

2237 4822 2280 4854 ⁷³
2317 4823 2772 4896 ὑπισχνούμενος.
2879 4831 2922 4862 ⁷³
2939 4831 3008 4886 τὰ
3027 4832 3414 4892 κελευσθέντα.
3533 4841 3580 4871 ⁷³
3617 4843 3774 4898 nats.

1575 5003 1714 5065 Car.
1743 5001 2192 5083 DufresniiDu
2224 5008 2444 5086 Cangii
2479 5019 2645 5073 nota

573 5099 1046 5174 (Ἶθγϐεοδώρου.
1082 5097 1355 5174 Tiieodorj
1382 5105 1670 5174 _martyris
1722 5113 1774 5155 et
1827 5119 2068 5172 στρατη-

495 5170 660 5228 λάτου
695 5173 888 5225 festum
923 5180 1088 5240 agunt
1114 5171 1288 5225 Graeci
1325 5171 1356 5224 8
1381 5170 1806 5235 Febr.,Tironis
1840 5170 1964 5228 vero
2003 5170 2068 5228 t7

499 5244 740 5313 ejusdem
782 5257 1004 5313 mensis.

571 5313 682 5380 (80)
713 5311 987 5380 Γαμϐρὸν
1033 5310 1131 5364 ἐπὶ
1165 5311 1421 5379 ὑστάτῃ.
1477 5310 1678 5365 Habuit
1729 5312 2068 5381 Nicepltorns

499 5383 766 5449 Diogenes
800 5392 906 5434 tres
942 5397 1158 5436 sorores
1191 5386 1455 5444 uterinas,
1493 5383 1634 5434 tilias
1665 5383 1876 5437 scilicet
1917 5383 2062 5437 Con-

503 5452 726 5506 stantini
779 5451 934 5504 Docte
988 5453 1116 5519 imp.
1173 5467 1238 5504 ex
1291 5451 1525 5506 Ennlocia
1577 5453 1888 5516 Dalassena,
1945 5469 2066 5520 quae

497 5525 768 5592 essuncto
803 5523 1052 5588 conjuge,
1093 5522 1332 5592 ltomano
1365 5521 1584 5590 Diogeni
1618 5537 1830 5592 rursum
1858 5525 2061 5592 nupsit.

499 5591 574 5642 Ex
609 5593 800 5656 quibus
832 5593 1086 5644 secundis
1117 5591 1365 5643 Eudncia:
1400 5594 1604 5657 nuptiis
1645 5591 1756 5644 nati
1792 5591 2066 5646 Constan-

499 5659 669 5731 tinus,
703 5659 832 5731 Leo,
859 5671 911 5711 et
947 5659 1312 5731 Nicephornsi
1335 5659 1618 5726 Diogenes.
1665 5659 1844 5731 Prima
1901 5663 2065 5731 igitur

500 5729 735 5781 ﬁliarum
777 5729 1119 5781 Constantini
1162 5740 1223 5781 et
1281 5730 1530 5782 Eudocize
1579 5733 1754 5792 Anna,
1796 5729 2061 5785 Joannem

498 5799 834 5853 Conmenqu
889 5798 1295 5865 Curupalatam,
1355 5799 1528 5852 Alcsii
1580 5802 1921 5868 imperatoris
1973 5817 2068 5870 pa-

2181 5117 2414 5185 rentem,
2465 5113 2718 5185 maritimi
2771 5114 2990 5181 habuit,
3043 5116 3210 5169 altera
3258 5118 3358 5173 fuit
3417 5120 3772 5185 Theodora;

2180 5179 2336 5231 tertia
2369 5180 2604 5255 denique
2647 5182 2781 5248 Zoe,
2833 5179 2992 5254 quani
3037 5185 3380 5255 Nicepltnrus
3433 5179 3772 5246 Butaniates

2177 5263 2402 5332 uxorem
2436 5251 2634 5332 ducere
2668 5251 2933 5332 inLaniino
2987 5251 3291 5332 liabnerat,_
3314 5277 3554 5332 quaeque
3613 5275 3774 5331 pust-

2177 5319 2392 5397 ntodutn
2426 5322 2662 5397 A_driano
2697 5321 2974 5380 Comneno
3021 5341 3213 5397 magno
3260 5319 3574 5386 doineshco
3613 5319 3774 5384 'ttxnr

2177 5390 2302 5463 data
2323 5399 2423 5463 est.
2452 5389 2528 5463 ita
2569 5403 2911 5449 materteram
2949 5389 3369 5463 nepos'uxurcm
3402 5404 3590 5456 duxit.
3623 5401 3774 5456 Cun-

2175 5459 2290 5512 t'ule
2321 5456 2586 5514 Familia:
2619 5473 2827 5517 raostras
2858 5456 3210 5522 Byzantinos.

2270 5529 2787 5610 8-l)_§yrz¢pl{oi1t.
2819 5533 2892 5610 De
2907 5529 3335 5605 Byzantinorum
3361 5541 3462 5610 pila
3515 5543 3578 5597 in
3612 5542 3772 5610 equis

2175 5597 2400 5653 ludendi
2429 5597 2579 5654 more
2610 5597 3050 5659 dissertationem
3091 5597 3422 5666 instituimus
3469 5615 3547 5667 ad
3613 5597 3774 5667 Juliu-

2175 5668 2384 5790 \‘liiﬂlill,
2416 5684 2576 5738 quam
2609 5675 2866 5731 consulas
2900 5678 3059 5731 velim
3095 5679 3162 5734 ad
3201 5683 3358 5750 hujus
3388 5684 3492 5738 loci
3553 5684 3775 5736 inti-tli-

2177 5751 2276 5790 QCll
2308 5755 2436 5790 tam.

2177 5751 2436 5807 genitam.
