4024 6270
292 389 391 453 (733

1578 391 1994 453 ALEXIADIS
2026 393 2169 454 LIB.
2208 395 2309 453 .lX.

3435 391 3540 455 686

297 501 389 570 ἤδη
443 502 542 554 καὶ
600 501 887 572 ὑπερόριος
936 501 1250 567 καθίστατο,
1305 505 1394 556 καὶ
1447 505 1494 557 οἱ
1551 507 1648 573 τῆς
1701 503 1866 556 αὑτοῦ

1974 505 2142 568 pra-‘n‘ti
2180 504 2366 572 utique
2397 511 2606 557 interno
2649 503 2864 556 silentio
2895 503 3087 566 voluit,
3127 518 3188 556 ac
3217 502 3373 570 plane
3429 503 3541 573 ipse

301 593 486 661 βουλῆς
523 593 764 662 ἔκκριτοι
795 594 1068 658 ὑπόπτους
1100 594 1326 659 ἑαυτοὺς
1354 595 1403 648 οἱ
1447 595 1521 665 μὴ
1555 595 1862 664 φθάσαντες

297 687 493 738 ἁλιῐιναι
518 687 618 754 ἤδη
655 686 1056 755 γεγενημένους
1106 687 1440 754 διαγνόντες,
1475 689 1760 756 περίφοϐοι
1803 707 1860 740 τε

298 777 578 842 ἐφαίνοντο
615 777 706 828 καὶ
738 777 1100 844 σκεπτόμενοι
1132 779 1157 830 ὃ
1197 796 1248 831 τι
1286 780 1379 831 καὶ
1416 779 1693 851 δράσαιεν.
1727 781 1863 833 Τού-

297 884 413 928 τους
464 869 514 918 oi
574 868 716 936 ἀμφὶ
768 867 1116 936 τὸνβασιλέα
1165 869 1307 922 οὕτω
1353 873 1791 940 κυμαινομένους
1818 873 1862 903 ⁸³

298 957 687 1020 κατανοοῦντες
753 959 808 1009 ἐν
870 960 1170 1028 ἀμηχάνοις
1230 961 1453 1012 ἑστάναι
1506 963 1746 1026 ἐδόκουν,
1806 964 1862 1015 ἐν

298 1048 461 1116 στενῷ
492 1049 689 1118 κομιδῇ
720 1049 788 1101 τὰ
824 1050 944 1101 κατ’
979 1051 1142 1102 αὐτὸν
1176 1051 1410 1119 ὁρῶντες
1455 1054 1529 1114 ὡς
1558 1057 1636 1116 εἰς
1669 1055 1864 1124 ρητούς

294 1156 436 1200 τινας
499 1140 944 1211 περιγραφείσης
999 1142 1098 1210 ἤδη
1153 1145 1252 1211 τῆς
1315 1143 1407 1194 τοῦ
1467 1145 1864 1214 αὐτοκράτορος

295 1230 531 1294 ἀγωγῆς,
569 1230 659 1282 τὸν
715 1229 961 1282 κίνδυνον
1013 1232 1152 1296 ὑπὲρ
1202 1234 1445 1302 κεφαλῆς
1494 1236 1862 1302 ἐφιστάμενον

294 1320 389 1387 ἤδη
423 1320 660 1388 ἔχοντος.
701 1322 757 1373 '0
784 1321 841 1373 δὲ
876 1321 1128 1391 βασιλεὺς
1157 1327 1269 1386 τοῖς
1303 1324 1582 1394 λογισμοῖς
1617 1329 1864 1380 ἀναλύων

297 1412 369 1472 εἰς
395 1413 464 1462 τὰ
495 1412 552 1476 ἐξ
589 1412 766 1480 ἀρχῆς
797 1413 890 1464 καὶ
921 1414 1154 1476 ποσάκις
1185 1415 1307 1467 κατ’
1344 1416 1508 1468 αὐτοῦ
1539 1419 1565 1468 ὀ
1605 1419 1866 1487 Διογένης

294 1503 540 1570 ὁρμήσας
591 1504 685 1555 καὶ
739 1505 968 1572 σφαλεὶς
1019 1507 1081 1558 ἐκ
1144 1507 1296 1570 Θείας
1355 1508 1640 1578 δυνάμεως
1702 1512 1866 1573 αὐτὸς

294 1594 550 1662 αὐτόχειρ
611 1595 801 1647 τούτου
879 1598 1073 1664 φονεὺς
1145 1599 1245 1669 ἤδη
1307 1601 1591 1668 ἐφίστατο,
1652 1603 1866 1666 πολλοῖς

295 1685 626 1752 ἐκυμαίνετο
655 1687 959 1756 λογισμοῖς,
995 1689 1086 1742 καὶ
1112 1691 1311 1752 πολλὰς
1336 1695 1624 1760 νοημάτων
1651 1694 1867 1764 λαμϐά-

1966 608 2024 645 sc
2059 593 2347 661 quidquam
2395 608 2580 645 eorum
2635 592 2850 646 novisse
2889 590 3268 658 dissimulavit,
3297 594 3538 646 eamdem

1966 683 2125 736 ollicii
2147 700 2207 737 ac
2227 684 2507 737 charitatis
2533 683 2890 737 constantiam
2920 682 3018 751 ipsi
3049 683 3298 752 deinceps
3329 697 3544 753 quoque

1968 789 2366 844 repraesentans
2400 790 2561 843 quam
2589 775 2718 828 olim
2771 785 2883 828 erat
2912 774 3205 842 pollicitus,
3258 791 3379 827 cum
3414 784 3539 829 ante

1968 876 2277 936 assumptas
2300 867 2509 936 imperii
2544 868 2787 922 habenas
2833 866 3006 922 fmdus
3061 881 3180 920 cum
3208 881 3270 921 ea
3302 868 3429 921 illud
3479 883 3544 921 ac

1968 958 2423 1013 necessitudinem
2450 969 2821 1024 couraxcrat,
2843 960 2904 1012 de
2924 974 3026 1028 qua
3052 974 3150 1012 suo
3182 959 3296 1012 loco
3313 959 3541 1027 egimus.

1969 1050 2105 1115 Quin
2137 1050 2296 1102 etiam
2324 1051 2596 1118 vulgatum
2627 1051 2822 1118 passim
2852 1059 2903 1104 et
2959 1065 3370 1120 quoquoversus
3402 1053 3544 1106 fama

1968 1156 2215 1210 sparsum
2256 1141 2422 1194 fuisse
2446 1141 2556 1194 seio
2586 1156 2613 1192 a
2649 1141 2755 1194 lilio
2787 1141 2946 1210 hujus
2992 1140 3234 1206 ejusdem
3291 1141 3546 1212 Augustae

1970 1233 2148 1286 Mariae
2180 1230 2533 1285 Constantino
2565 1231 3028 1302 Porphyrogeuito
3065 1232 3273 1298 imperii
3321 1234 3549 1300 insigni-

1971 1325 2070 1378 bus
2105 1335 2297 1378 ornato
2321 1323 2581 1378 didicisse
2612 1325 2992 1391 imperatorem
3020 1327 3135 1378 haec
3161 1340 3283 1393 qua:
3306 1325 3549 1380 diximus

1969 1419 2146 1469 omnia
2177 1418 2241 1471 de
2273 1418 2525 1486 Diogene.
2559 1415 2612 1468 ld
2639 1432 2772 1470 sane
2802 1431 2905 1469 nou
2944 1428 3063 1470 erat
3092 1431 3301 1483 verum,
3347 1417 3551 1471 indicio

1971 1517 2150 1561 tamen
2180 1517 2262 1562 est
2296 1523 2455 1576 quam
2484 1508 2688 1561 nullum
2721 1508 2915 1564 offensi
2951 1511 3118 1563 animi
3149 1511 3384 1579 signum,
3406 1511 3550 1580 quod

1970 1601 2191 1670 quidem
2239 1603 2292 1653 in
2329 1601 2470 1669 vulgi
2527 1601 2867 1655 ctuattaterit
2926 1602 3192 1665 notitiam,
3227 1600 3448 1656 Alexius
3497 1602 3551 1655 in

1970 1689 2193 1743 Mariam
2224 1691 2469 1743 ediderit.
2506 1689 2777 1745 Czeterum
2813 1691 2998 1744 notitia
3029 1692 3378 1746 consiliorum
3427 1692 3555 1745 Dio-

295 1791 398 1826 νων
429 1773 734 1841 μεταϐολὰς
772 1777 864 1828 καὶ
904 1781 1112 1849 τροπάς
1150 1780 1279 1851 παρ’
1328 1781 1526 1851 ἐαυτῷ,
1558 1784 1679 1835 ἐπεὶ
1720 1783 1868 1837 ἅπαν

1974 1785 2122 1851 genis
2147 1783 2214 1836 ab
2249 1783 2379 1852 ipsis
2422 1781 2539 1849 ejus
2588 1783 2950 1837 familiaribus
2998 1794 3160 1851 atque
3217 1782 3554 1838 administrTs

297 1865 395 1918 τοῦ
434 1883 496 1918 τε
533 1867 814 1922 πολιτικοῦ
879 1871 973 1924 καὶ
1032 1874 1428 1940 στρατιωτικοῦ
1496 1876 1869 1946 συντάγματος

289 1958 579 2029 διεφθορὸς
630 1963 750 2022 ταῖς
810 1959 906 2013 τοῦ
965 1964 1254 2030 Διογένους
1313 1965 1576 2027 θωπείαις
1632 1969 1866 2037 ἐπέγνω,

286 2050 628 2119 ἀποχρῶσαν
667 2051 741 2120 μὴ
778 2051 919 2121 ἔχων
971 2053 1206 2125 δύναμιν
1245 2055 1385 2110 ὥστε
1436 2060 1681 2130 φρουρὰν
1734 2061 1868 2128 πρὸς

287 2143 581 2206 τοσούτους
608 2143 925 2214 ἐπιστῆσαι,
957 2147 1094 2218 μήτε
1125 2149 1234 2217 μὴν
1265 2151 1683 2222 ἀκρωτηριάσαι
1743 2153 1871 2207 λαὸν

289 2235 603 2303 παμπληθῆ
657 2235 874 2301 ἐθέλων,
920 2239 1011 2292 τὸν
1061 2239 1160 2309 μὲν
1203 2242 1462 2313 Διογένην
1512 2245 1606 2296 καὶ
1653 2246 1870 2298 Κεκαυ⁸

289 2325 457 2394 μένον
490 2327 537 2357 ⁸⁸
564 2327 653 2379 τὸν
687 2331 1033 2383 Κατακαλὼν
1075 2332 1202 2394 τοὺς
1235 2336 1606 2402 πρωταιτίους
1646 2339 1703 2400 ἐς
1734 2339 1872 2392 Και-

286 2418 592 2487 σαρόπολιν
617 2419 943 2490 ἐξέπεμψεν,
974 2422 1059 2492 ἐφ’
1166 2425 1514 2495 ἐμφρούρους
1537 2431 1628 2480 καὶ
1659 2429 1872 2497 δεσμώ-

279 2526 384 2570 τας
415 2506 562 2562 εἷναι
595 2510 777 2580 μόνον,
817 2511 984 2582 μηδὲν
1023 2513 1152 2566 ἄλλο
1177 2513 1349 2566 δεινὸν
1383 2517 1519 2578 τέως
1539 2518 1658 2571 κατ’
1693 2519 1870 2572 αὐτῶν

280 2599 756 2670 βουλευσάμενος,
791 2606 896 2657 κᾶν
930 2605 1134 2668 πάντες
1172 2609 1596 2677 ἀκρωτηριάσαι
1645 2610 1872 2674 τούτους

277 2689 443 2760 αὐτῷ
484 2691 894 2757 ξονεὸούλευον.
944 2695 1162 2764 ἸΙγάπα
1194 2695 1305 2767 γὰρ
1335 2699 1428 2751 τὸν
1458 2701 1720 2772 Διογένην
1753 2703 1872 2754 δια·

277 2783 576 2853 φερόντως
619 2785 842 2854 καὶτῆς
889 2787 1165 2856 προτέρας
1213 2788 1293 2841 ἔτι
1327 2791 1456 2858 περὶ
1503 2793 1666 2846 αὐτὸν
1695 2795 1873 2864 εἴχετο

276 2873 652 2942 κηδεμονίας.
693 2874 1017 2947 ’Υπερόριον
1040 2878 1095 2930 δὲ
1131 2880 1225 2931 καὶ
1251 2879 1340 2932 τὸν
1369 2882 1456 2933 ἐπ’
1487 2883 1693 2955 ἀδελφῇ
1723 2902 1870 2956 γαμ-

273 2968 420 3037 όρον
451 2965 622 3018 αὐτοῦ
656 2967 875 3037 Μιχαὴλ
905 2970 998 3020 τὸν
1030 2970 1356 3040 Ταρωνὶτην
1397 2972 1491 3025 καὶ
1527 2972 1738 3030 τὸν.....
1775 2977 1873 3030 καὶ

273 3059 384 3120 τὰς
421 3055 752 3124 περιουσίας
792 3058 972 3112 αὐτῶν
1020 3061 1378 3130 ἀφελόμενος.
1417 3063 1500 3116 Τὰ
1548 3065 1604 3118 δέ
1637 3083 1699 3134 γε
1733 3068 1874 3121 κατὰ

1975 1870 2214 1923 Subiecta
2277 1870 2476 1925 sensim
2517 1882 2877 1940 etuuuctaque
2911 1882 2993 1925 est
3020 1874 3214 1925 crebro
3244 1880 3297 1925 et
3349 1886 3553 1925 arcano

1973 1971 2277 2014 commeatu
2300 1961 2536 2030 ipsorum
2568 1962 2630 2015 ad
2669 1963 2988 2031 Augustum.
3025 1962 3100 2015 Eo
3123 1979 3282 2032 porro
3312 1973 3553 2031 tempore

1975 2053 2078 2106 duo
2113 2068 2308 2122 genera
2343 2053 2619 2107 hominum
2683 2054 2959 2108 contrarie
2994 2055 3130 2109 licet
3185 2054 3376 2109 affecta
3407 2070 3555 2109 com-

1974 2145 2178 2198 moveri
2210 2160 2274 2197 ex
2329 2160 2480 2213 :equo
2525 2145 2770 2213 contigit.
2838 2143 3116 2213 Siquidem
3159 2154 3214 2200 ct
3267 2161 3403 2214 quos
3452 2160 3552 2200 sua

1966 2237 2307 2289 conscientia
2359 2236 2785 2303 reprehendebat
2819 2236 3108 2289 adhmsisse
3153 2235 3371 2304 Diogeni
3403 2245 3455 2288 et
3498 2235 3551 2287 iu

1976 2328 2327 2381 consiliorum
2383 2328 2700 2381 societatem
2735 2341 2858 2380 eum
2924 2341 2987 2380 eo
3042 2326 3291 2390 ροὶνίεερ,
3339 2326 3550 2387 vulgata

1971 2419 2082 2488 jam
2143 2419 2490 2473 convictione
2556 2419 3158 2487 comprehensioneque
3231 2416 3396 2478 illius.
3443 2418 3552 2469 imo

1976 2513 2140 2565 etiam
2171 2511 2438 2580 ejectioue
2471 2509 2521 2562 iu
2545 2509 2819 2574 exsilium,
2853 2525 2956 2562 non
2980 2525 3167 2579 parum
3197 2508 3556 2560 couturbabat

1976 2618 2105 2656 cura
2140 2601 2328 2656 salutis
2367 2603 2632 2670 ipsorum,
2700 2609 2752 2653 et
2798 2601 2850 2652 in
2910 2600 3126 2652 anxiam
3184 2598 3441 2666 perniciei
3474 2597 3555 2650 vi-

1980 2694 2154 2748 ιίιιιιιιῐ)
2188 2693 2610 2748 sollicitudinem
2679 2691 2925 2745 trahebat
2983 2690 3220 2745 incertos
3255 2690 3414 2761 262
3449 2704 3556 2758 quo

1981 2800 2038 2837 se
2071 2794 2362 2838 verterent.
2396 2784 2494 2850 Qui
2531 2798 2660 2838 vero
2688 2799 2750 2836 ex
2787 2782 2969 2836 animo
3003 2782 3314 2850 imperatori
3365 2782 3553 2834 stude-

1978 2879 2127 2942 bant,
2159 2875 2290 2929 dum
2327 2874 3071 2946 reputabantcenjuratorum
3114 2877 3163 2926 in
3188 2874 3304 2943 ejus
3330 2873 3552 2927 exitium

1981 2976 2090 3020 tum
2125 2985 2408 3021 numerum
2439 2968 2732 3038 ingentem,
2770 2977 2878 3020 tum
2922 2967 3237 3034 dignitatem
3267 2980 3330 3018 ac
3367 2976 3557 3031 puten—

1985 3063 2112 3116 tiam
2175 3061 2525 3130 praecipuam,
2595 3058 2770 3112 facere
2819 3074 2922 3110 non
2976 3067 3223 3126 poterant
3254 3057 3381 3125 quin
3440 3055 3554 3123 spei

269 3150 418 3212 τοὺς
479 3148 707 3212 λοιποὺς
741 3150 984 3218 ἀσφαλὲς
1031 3153 1315 3220 ἐλογίσατο
1352 3156 1487 3226 μηδὲ
1516 3159 1595 3222 είς
1626 3160 1868 3224 ἐξέτασιν

1981 3151 2310 3213 difﬁderent,
2347 3160 2398 3203 et
2421 3149 2789 3202 cantentionis
2835 3163 3148 3201 successum
3205 3152 3553 3206 vererentur,

267 3243 528 3311 ἀγαγεῖν
558 3240 716 3306 ὅλως,
753 3240 888 3294 ἀλλὰ
915 3242 1002 3295 διὰ
1034 3246 1380 3314 συμπαθείας
1412 3245 1635 3313 τούτους
1667 3252 1871 3320 μᾶλλον

269 3331 746 3401 καταμαλθάξαι.
775 3333 932 3386 Κατὰ
973 3335 1071 3402 μὲν
1101 3329 1194 3388 οὖν
1234 3335 1330 3405 τὴν
1359 3338 1602 3408 ἑσπέραν
1641 3339 1872 3406 ἕκαστος

266 3423 390 3477 τῶν
440 3420 759 3492 ὑπερορίων
814 3423 912 3493 τὴν
959 3423 1231 3494 λαχοῦσαν
1270 3425 1418 3496 αὐτῴ
1471 3431 1872 3501 κατελάμϐανε,

268 3515 377 3569 καὶ
431 3513 466 3564 ὁ
511 3513 776 3581 Διογένης
823 3514 922 3584 τὴν
971 3517 1417 3586 Καισαρὸπολιν’
1451 3519 1558 3572 τῶν
1606 3521 1652 3574 δ’
1699 3521 1877 3576 ἄλλων

263 3601 471 3660 οὐδεὶς
500 3597 604 3666 τῆς
633 3599 843 3662 οἰκείας
869 3602 1162 3670 μεθίστατο
1189 3600 1754 3675 καταστάσεωςξάλλὰ
1781 3613 1877 3666 ἐπὶ

262 3689 497 3747 ταύτοῦ
537 3691 778 3756 ἅπαντες
807 3695 1213 3762 μεμενήκεσαν.

1984 3244 2036 3295 iu
2069 3257 2232 3295 causa
2274 3244 2408 3293 bona
2474 3240 2709 3306 quidem,
2771 3250 2824 3291 at
2880 3239 2949 3292 ob
3002 3237 3322 3306 paucitatem
3358 3251 3552 3304 propu«

1983 3335 2264 3404 guautium
2295 3331 2361 3384 ab
2395 3329 2710 3385 iucredehili
2744 3331 3164 3400 oppugnantium
3215 3329 3556 3382 multitudine

1987 3425 2140 3479 valde
2172 3423 2528 3492 periclitante.
2595 3421 2902 3476 Pertinchat
2932 3422 2995 3474 ad
3051 3420 3189 3475 hanc
3216 3420 3444 3476 classem
3501 3433 3560 3471 ut

1984 3517 2212 3587 periculi
2272 3519 2342 3570 ita
2395 3527 2447 3571 et
2509 3516 2891 3570 sollicitudinis
2951 3515 3203 3585 princeps
3261 3514 3558 3582 imperator

1988 3615 2120 3680 ipse,
2161 3612 2248 3680 qui
2275 3626 2426 3666 suam
2465 3624 2574 3663 rem
2612 3610 2692 3678 agi
2747 3609 3020 3662 sentiebat
3046 3607 3334 3659 maximam
3398 3605 3560 3658 verti-

1985 3721 2088 3774 que
2117 3717 2374 3773 supremo
2401 3700 2455 3754 in
2488 3700 2802 3754 discrimine
2843 3714 2992 3767 spem
3033 3707 3210 3751 status
3248 3712 3462 3752 omnem
3493 3711 3559 3747 ac

261 3787 542 3846 salutis:
591 3787 877 3854 reputabat
907 3789 1114 3845 scilicet
1162 3793 1247 3846 vix
1297 3797 1538 3852 evasisse
1567 3813 1626 3853 se
1657 3800 1983 3857 incolumem
2017 3800 2085 3856 ab
2121 3798 2331 3853 insidiis
2387 3796 2578 3850 iterum
2635 3803 2686 3848 et
2740 3795 2896 3846 tertio
2963 3794 3187 3860 positis;
3254 3792 3560 3846 admotam-

259 3901 387 3960 que
431 3882 604 3938 toties
637 3882 704 3936 ad
760 3898 916 3938 suum
975 3886 1120 3943 latus
1171 3905 1235 3944 ac
1283 3892 1528 3962 jugulum
1567 3895 1888 3950 sceleratam
1931 3898 2097 3952 sicam
2133 3896 2310 3949 divina
2344 3891 2392 3945 vi
2442 3891 2674 3960 quadam
2744 3904 2805 3943 ac
2866 3887 3105 3952 fortuna,
3171 3903 3274 3942 non
3322 3889 3559 3942 humana

257 3986 385 4041 ulla
431 3978 785 4050 providentia
811 3996 975 4050 opere
1003 3984 1327 4042 declinasse.
1365 3987 1546 4047 Unum
1583 4001 1862 4046 auctorem
1930 3991 2184 4046 immanis
2238 3988 2462 4044 sceleris
2515 3986 2877 4055 prehensum,
2958 3993 3162 4037 restare
3241 3983 3555 4035 innumeros

255 4079 616 4148 αυηὶυΐδῑοε
642 4072 695 4126 Ῑ¹¹
747 4072 1003 4142 “ipsum.
1061 4078 1258 4145 quibus
1313 4095 1452 4149 quos
1507 4094 1807 4153 opponeret
1855 4083 1956 4138 sibi
2002 4084 2137 4137 (idos
2171 4096 2509 4150 nequaquam
2543 4078 2739 4132 habere
2773 4091 2831 4130 se
2859 4075 2960 4128 ulla
2991 4090 3056 4130 ex
3083 4083 3234 4153 parte
3269 4088 3556 4142 compara-

273 4172 423 4226 bites
474 4161 744 4230 dignitate
779 4179 1096 4222 uumerove.
1153 4171 1458 4226 Attractum
1493 4149 1636 4227 enim
1692 4174 1747 4227 in
1804 4184 2014 4244 partem
2073 4184 2127 4228 et
2175 4149 2482 4228 ambitiosis
2533 4170 2786 4240 Diogenis
2841 4149 3275 4236 prensationibus
3324 4182 3556 4235 corrup-

279 4273 392 4317 tum
463 4256 658 4311 ﬂorem
694 4255 870 4322 ipsum
905 4259 1128 4312 urbana:
1159 4259 1514 4332 militarisque
1553 4268 1897 4332 praestantiae.
1941 4266 2103 4333 Atqui
2180 4277 2238 4318 ut
2300 4262 2641 4317 multitudine
2700 4261 2924 4330 polleret
2974 4268 3026 4314 et
3083 4258 3376 4328 prmvalere
3445 4270 3557 4320 tam

278 4356 484 4409 multis
541 4363 730 4420 posset
791 4353 838 4404 vi
877 4364 1082 4421 aperta,
1151 4358 1341 4409 durum
1408 4368 1526 4412 erat
1574 4369 1628 4414 et
1683 4372 1876 4415 cmtera
1920 4361 2099 4415 indole
2130 4362 2347 4426 vitaque
2379 4359 2614 4412 alienum
2644 4356 2850 4426 jszevire
2888 4355 3312 4410 mutilationibus
3364 4355 3416 4409 in
3477 4365 3562 4409 tot

278 4449 520 4516 capita:
566 4455 622 4498 et
668 4458 842 4523 pretia:
905 4448 1152 4513 quamvis
1215 4448 1465 4516 legitima:
1522 4450 1781 4506 invidiam
1832 4455 1882 4506 in
1925 4455 2192 4522 praecipua
2224 4450 2538 4521 reipublicae
2585 4452 2828 4504 membra
2884 4464 3202 4520 propagare.
3264 4449 3407 4503 Inter
3457 4448 3558 4503 bas

279 4559 453 4598 curas
492 4540 625 4594 illud
675 4541 906 4607 primum
938 4541 1174 4594 statuit:
1209 4540 1498 4612 Diogenem
1545 4554 1600 4597 et
1647 4546 2024 4599 Catacaloncm
2059 4545 2456 4601 Cecaumenum
2505 4543 2902 4612 conjurationis
2959 4552 3210 4598 auctores
3267 4544 3432 4598 totius
3491 4557 3559 4595 ac

280 4638 582 4706 principes
640 4631 1026 4700 Caesaropolim
1081 4633 1395 4700 mittendos,
1457 4636 1638 4706 ibique
1693 4637 1745 4690 in
1782 4637 2013 4692 vinculis
2077 4638 2337 4692 duntaxat
2419 4635 2520 4690 sub
2576 4635 2681 4689 fida
2757 4634 3003 4690 custodia
3073 4635 3350 4689 habendos
3414 4635 3553 4688 citra

282 4724 681 4785 noxam.Nam
721 4725 934 4778 tametsi
985 4713 1227 4793 plerique
1270 4740 1461 4781 omnes
1520 4731 1876 4785 excaecandos
1939 4731 2255 4797 censebant,
2315 4731 2568 4800 expedire
2626 4729 2833 4783 tristem
2868 4730 3212 4793 sententiam,
3261 4729 3553 4782 clementia

279 4823 482 4877 innata
538 4829 595 4871 et
628 4817 786 4885 longa
823 4816 1208 4870 consuetudine
1231 4819 1431 4872 amoris
1462 4833 1526 4872 ac
1554 4819 1939 4876 benevolentiae
2005 4838 2101 4891 pro
2159 4823 2395 4890 Diogene
2417 4821 2902 4884 intercedentibus,
2959 4835 3230 4888 nunquam
3318 4821 3557 4886 impera-

283 4924 366 4971 tor
394 4912 614 4986 potuit.
669 4907 956 4976 Relegavit
1003 4917 1262 4978 praeterea
1307 4911 1633 4963 necessitate
1688 4925 1882 4978 magna
1923 4913 2120 4977 victus,
2153 4912 2356 4967 sororis
2391 4925 2501 4965 sua:
2531 4912 2704 4963 virum
2755 4908 3070 4964 Michaelem
3134 4908 3442 4960 Taronitam
3502 4917 3558 4960 et

489 5043 506 5058 .
591 5040 606 5055 .
691 5041 708 5054 .
790 5036 806 5052 .
883 5036 898 5051 .
976 5039 992 5054 .
1070 5037 1086 5053 .
1163 5035 1182 5052 .
1259 5038 1272 5052 .
1352 5038 1366 5052 .
1447 5040 1461 5055 .
1559 5041 1573 5055 .
1671 5041 1686 5055 .
1780 5041 1795 5056 .
1874 5018 2213 5070 .eorumque
2242 5003 2379 5055 bona
2415 5000 2730 5068 publicavit.
2760 5001 2981 5053 (iacteris
3010 4999 3257 5052 omnibus
3323 5012 3392 5051 ne
3449 5013 3553 5050 au-

280 5101 418 5153 ditis
448 5094 680 5166 quidem
710 5099 806 5145 aut
835 5091 1044 5144 vocatis
1073 5091 1124 5144 in
1157 5106 1407 5154 examen,
1444 5091 1739 5148 liberaliter
1777 5093 1956 5147 facere
1978 5093 2206 5161 gratiam
2247 5091 2490 5146 criminis
2519 5091 2781 5154 decrevit,
2823 5105 3052 5157 eamque
3080 5088 3222 5141 ultro
3255 5103 3554 5155 repraesen~

284 5199 434 5256 tare,
461 5201 578 5255 quo
606 5199 727 5247 eos,
753 5183 800 5235 si
835 5182 950 5234 fieri
981 5191 1181 5249 posset,
1221 5182 1481 5238 facilitate
1512 5195 1656 5239 tanta
1696 5189 2074 5242 reconciliaret
2133 5186 2257 5239 sibi.
2317 5184 2429 5240 Sub
2481 5199 2758 5251 vesperam
2842 5182 3178 5252 promulgata
3205 5187 3216 5204 '
3242 5187 3552 5236 exsecutio-

275 5287 461 5354 niquc
496 5277 750 5334 mandari
791 5285 964 5344 empta
999 5277 1111 5330 haec
1165 5277 1378 5330 decreta
1447 5289 1592 5342 sunt,
1645 5281 1876 5351 Diogene
1905 5280 2012 5349 jam
2049 5290 2158 5333 tum
2190 5277 2593 5340 Caesarooolim,
2624 5277 2743 5330 aliis
2793 5276 2900 5330 alio
2926 5290 3034 5343 quo
3074 5284 3232 5330 erant
3291 5275 3541 5341 reiegatii

277 5373 680 5448 pergentibus.
717 5367 938 5421 Conscii
976 5369 1153 5422 cteteri
1189 5372 1328 5437 apud
1383 5385 1441 5424 se
1477 5372 1704 5440 quisque
1749 5377 1893 5427 taciti
1926 5388 2193 5428 mansere.

372 5468 474 5519 Ἐν
509 5463 732 5520 τούτοις
762 5455 821 5508 δὲ
865 5458 979 5519 τοῖς
1027 5457 1220 5520 δεινοῖς
1261 5459 1430 5512 ὄντων
1457 5464 1524 5530 τῇ
1562 5465 1679 5530 μετ’
1716 5463 1868 5532 astet

2066 5462 2122 5514 ln
2159 5462 2258 5516 hac
2289 5467 2430 5513 tanta
2465 5458 2776 5512 dillicultate
2810 5471 2986 5508 rerum
3015 5455 3284 5524 cogitabat
3321 5456 3557 5524 impera.

271 5553 634 5630 βουλομένου
664 5545 764 5600 τοῦ
801 5546 1198 5616 αὐτοκράτορος
1235 5547 1711 5614 μετακαλέσασθαι
1743 5554 1868 5604 πάν-

1984 5565 2066 5608 ιοι·
2093 5569 2285 5606 vocare
2310 5551 2566 5621 postridie
2599 5562 2787 5602 omnes
2819 5548 2868 5599 iu
2893 5550 3232 5602 concionem.
3269 5546 3495 5601 SJlllCllt
3521 5565 3548 5604 s

1397 5684 1600 5746 Varite
1635 5685 1940 5750 lectiones
1974 5706 2047 5748 ex
2083 5687 2220 5749 cod.
2259 5683 2522 5747 Coislin.

365 5813 419 5844 ⁸⁸
439 5806 882 5879 αυμαινὸμενοι.
961 5803 1006 5837 ⁸⁵
1037 5807 1156 5860 Καυ
1167 5807 1349 5878 μένον.
