4024 6270
265 372 342 430 093
1501 394 1914 456 ALEXIADIS
1954 401 2097 460 LIB.
2135 353 2244 462 1X.-

3354 416 3484 478 6.34-

259 501 390 550 ςανον
411 487 498 538 τον
519 488 787 543 Βολκὰνον
814 493 856 557 ⁸,
882 495 975 547 καὶ
1002 495 1220 566 ἐτέρους
1243 497 1332 551 τὸν
1365 498 1537 554 εἴκοσι
1562 503 1784 572 ἀριθμου.

1901 517 2153 574 poterat:
2187 513 2328 578 quod
2362 515 2518 568 ambo
2561 516 2634 570 illi
2693 521 2912 588 populi,
2954 522 3082 577 licet
3121 542 3145 576 a
3201 536 3465 592 potestate

257 576 699 646 ὰποπληροῧντας.
752 585 824 636 Οὐ
852 586 958 654 γὰρ
1008 588 1125 641 ἐνὸν
1169 584 1236 660 ἦν
1281 591 1430 660 αύτῷ
1464 591 1638 657 ἄλλως
1670 611 1785 658 πως

252 667 326 718 τοῦ
355 669 537 724 λοιποῦ
573 675 1008 742 διατεθήσεσθαι.

1896 597 2133 653 Romana
2165 602 2357 667 liberi,
2414 606 2702 662 Christiani
2767 623 2941 665 tamen
2997 615 3210 682 erant);
3247 618 3459 678 civilis.

1897 691 2138 758 inquam,
2184 694 2303 748 belli
2339 709 2598 764 pertaesus
2626 702 2902 771 Augustus
2942 708 3239 775 quamlibet
3279 723 3462 776 parem

249 765 285 818 ei
315 770 636 832 praeoptarit.
669 770 787 835 Quo
821 771 1086 828 Beli-anus
1117 776 1330 846 cognito
1366 777 1550 831 statin‘l
1586 793 1777 844 magna
1805 779 1995 834 fiducia
2029 799 2088 838 se
2132 787 2196 838 ad
2250 802 2371 842 eum
2420 793 2662 858 confert,
2708 813 2887 855 serum
2958 803 3160 852 ducens
3217 811 3325 852 tum
3371 816 3465 853 co-

248 869 408 929 gnatos
433 877 584 925 suos,
620 873 730 915 tmn
767 867 1494 938 praecipuosmagnatumet
1572 870 1990 938 magistratuum
2042 878 2242 945 gentis,
2297 897 2432 950 quos
2491 898 2641 939 errto
2688 889 2884 959 insigni
2939 891 3240 946 honoraria:
3305 894 3466 948 vestis

247 957 480 1011 discretos
535 973 564 1011 a
623 963 834 1016 caete-is
884 961 1136 1030 Zupanos
1186 981 1382 1019 vocare
1419 965 1613 1019 solent.
1670 964 1789 1018 Mox
1817 965 1956 1020 bona
2006 969 2107 1025 [ide
2135 975 2351 1030 obsides
2393 957 2816 1048 repraeseulavib
2848 987 3197 1054 Angustaque
3247 987 3468 1040 tradidit

243 1052 664 1106 ronsdbrinorum
697 1071 918 1110 suorum
952 1058 1110 1124 filios,
1140 1077 1306 1113 ttntttu
1336 1059 1530 1115 Uresiu
1561 1061 1788 1123 dictum,
1824 1059 2056 1118 alterum
2120 1067 2454 1138 Stephanum
2515 1076 2829 1142 Bolcauum,
2890 1098 3009 1133 cum
3095 1084 3175 1136 his
3237 1084 3369 1136 alios
3402 1085 3466 1135 ad

241 1144 425 1213 rg'nti.
460 1144 661 1201 Facere
697 1147 748 1201 id
786 1148 932 1204 illum
969 1153 1146 1222 coegit
1177 1169 1430 1223 magnum
1470 1153 1762 1208 discrimen
1794 1167 1973 1208 rerum
2035 1174 2258 1214 suarum
2309 1166 2508 1231 quibus
2563 1169 2666 1222 alia
2707 1183 2816 1224 tum
2887 1176 3098 1228 ratione
3184 1179 3467 1230 consulere
3506 1208 3512 1213 -

239 1251 330 1290 non
359 1247 583 1304 poterat.

307 1329 363 1384 '0
388 1333 441 1384 δὲ
479 1333 869 1405 αὐτοκράτωρ,
900 1337 1073 1391 ὁπόσα
1105 1339 1192 1391 διὰ
1229 1341 1406 1412 μάχης
1451 1343 1544 1394 καὶ
1571 1342 1792 1414 σιδήρου

235 1421 472 1475 ἀνύεσθαι
502 1426 745 1489 πέςυκεν
777 1430 1067 1498 εἰρηνικῶς
1091 1431 1373 1496 διαλύσας,
1411 1433 1545 1505 πρὸς
1566 1435 1662 1504 τὴν
1692 1435 1792 1505 βα-

235 1513 532 1568 σιλεύουσαν
586 1517 997 1589 ὲπανέστρεψεν
1024 1522 1067 1574 ⁹.
1102 1522 1208 1574 Τοῦ
1262 1523 1446 1592 μέντοι
1509 1526 1794 1593 Διογένους

229 1606 432 1674 ίκήδετο
469 1607 635 1671 πάνυ,
666 1610 760 1662 καὶ
787 1610 1042 1678 δακρύων
1069 1615 1298 1683 ἑωρᾶτο,
1328 1616 1422 1668 καὶ
1450 1616 1634 1685 βύθιον
1666 1619 1790 1670 στέ-

228 1714 322 1750 νων
347 1697 410 1750 δι’
433 1699 598 1752 αὑτὸν
630 1701 948 1771 ἐξηκούετο.
981 1706 1192 1777 Πολλήν
1233 1724 1292 1760 τε
1334 1711 1430 1777 τὴν
1464 1710 1591 1780 περὶ
1625 1711 1788 1764 αὐτὸν

226 1791 616 1861 φιλοφροσύνην
663 1796 1038 1862 ἐπεδείκνυτο,
1074 1799 1168 1850 καὶ
1215 1802 1558 1855 ἀνακτᾶσθαι
1597 1804 1788 1856 τοῦτον

1965 1341 2035 1394 At
2095 1343 2392 1413 imperator
2438 1364 2556 1416 qua:
2612 1352 2753 1404 ferro
2785 1370 2846 1405 ac
2900 1357 3100 1422 pra-liis
3133 1357 3216 1408 vix
3252 1358 3464 1410 tandem

1893 1436 2205 1499 conficeret,
2235 1439 2454 1505 paciﬁca
2485 1446 2809 1499 tractatiooe
2832 1459 3183 1512 censet-ntus,
3206 1449 3256 1500 in
3283 1452 3464 1502 urbem

1891 1527 2170 1596 gratulans
2196 1531 2355 1584 rediit
2389 1550 2401 1584 :
2437 1550 2502 1586 ne
2537 1541 2650 1588 tum
2682 1538 2896 1603 quidem
2935 1541 3016 1593 sui
3054 1541 3300 1610 Diogenis
3328 1542 3466 1595 obli-

1901 1617 2030 1671 visci
2057 1620 2241 1675 valens
2263 1632 2354 1675 aut
2380 1625 2496 1691 ejus
2529 1639 2764 1679 amorem
2800 1637 3092 1700 utrumque
3122 1634 3184 1684 de
3210 1649 3266 1683 se
3293 1634 3492 1686 meriti

1899 1709 2188 1777 deponere.
2251 1715 2443 1770 Videre
2490 1719 2636 1773 illum
2691 1722 2838 1774 multi
2891 1741 3009 1775 eum
3066 1727 3300 1779 miseriis
3354 1727 3468 1791 eius

1900 1801 2052 1856 daret
2088 1804 2392 1876 laerymas;
2450 1809 2601 1863 multi
2658 1813 2916 1866 audivere
2955 1818 3186 1882 suspiria
3241 1833 3302 1869 ex
3361 1819 3468 1869 alto

224 1882 457 1946 ἔσπευδε,
505 1889 599 1939 καὶ
634 1890 749 1950 τοῖς
779 1890 990 1943 πλείοσι
1035 1891 1143 1944 τῶν
1171 1894 1228 1960 ἐξ
1261 1895 1428 1953 αὑτοῦ
1458 1897 1784 1967 ἀφαιρεθέν-

1897 1897 2200 1950 trahentem
2235 1900 2298 1952 ad
2337 1903 2650 1955 memoriam
2700 1913 2751 1957 et
2796 1921 3013 1959 sensum
3044 1908 3370 1963 calamitatis
3417 1913 3466 1962 in

224 1992 321 2028 των
353 1978 505 2042 αὖθις
557 1981 750 2034 τοῦτον
783 1984 1262 2056 ἀποκατέστησεν.
1297 1989 1469 2052 Αὐτὸς
1515 1990 1573 2044 δὲ
1628 2008 1792 2043 κατα-

223 2069 454 2137 κώχιμος
487 2072 590 2124 ὑπὸ
624 2074 722 2142 τῆς
747 2073 926 2144 λύπης
955 2077 1053 2140 ὢν,
1079 2079 1173 2132 καὶ
1200 2080 1298 2146 τὴν
1335 2083 1389 2132 ὲν
1424 2082 1790 2150 μεγαλοπόλει

220 2160 491 2232 διατριϐὴν
529 2164 1032 2236 ἀποστρεφόμενος,
1057 2174 1171 2233 τοῖς
1210 2172 1362 2236 ἰδίοις
1403 2177 1593 2245 ἀγροῖς
1626 2176 1791 2246 ἐμφι-

218 2252 460 2324 λοχωρῶν
490 2250 582 2324 ἦν,
611 2261 732 2320 ταῖς
761 2259 869 2311 τῶν
911 2262 1163 2316 παλαιῶν
1211 2268 1572 2336 προσανέχων
1607 2269 1787 2322 διόλου

220 2345 439 2412 βίϐλοις,
473 2348 648 2402 ἄλλων
681 2351 1251 2420 ὑπαναγινωσκόντων
1277 2360 1446 2428 αὐτῷ.
1483 2362 1790 2430 Στερούμε-

215 2455 291 2498 νος
315 2438 422 2506 γὰρ
448 2441 624 2505 φωτὸς
649 2442 852 2510 ἑτέρων
876 2445 1074 2514 ἐχρᾶτο
1099 2450 1236 2515 πρὸς
1260 2451 1358 2518 τὴν
1384 2451 1694 2518 ἀνάγνωσιν
1723 2455 1786 2508 ¹⁰.

219 2529 378 2596 Ἀνὴρ
438 2530 495 2581 δὲ
548 2525 703 2594 οὗτος
738 2535 998 2599 τοσοῦτος
1051 2539 1151 2608 τὴν
1214 2541 1376 2608 φύσιν
1431 2543 1506 2605 ὡς
1558 2545 1652 2596 καὶ
1711 2547 1786 2616 μὴ

210 2621 415 2686 ὁρῶντα
457 2625 570 2685 τοῖς
625 2625 794 2693 ὁρῶσι
836 2628 1230 2700 δυστέκμαρτα
1266 2635 1465 2704 ῥᾳδίως
1498 2638 1786 2706 καταλαμ-

209 2712 407 2766 ϐάνειν.
440 2716 631 2769 Πᾶσαν
667 2717 766 2785 μὲν
801 2719 862 2786 δὴ
899 2720 1088 2774 ἔκτοτε
1125 2725 1377 2778 παιδείαν
1417 2727 1661 2792 διελθὼν,
1693 2731 1786 2783 καὶ

209 2803 375 2872 αὐτὴν
398 2805 463 2872 δὴ
490 2806 590 2874 τὴν
637 2810 963 2878 περίκλυτον
992 2816 1339 2886 γεωμετρίαν
1367 2819 1426 2871 τὸ
1466 2823 1786 2876 καινότατον

207 2894 507 2961 φιλοσόφων
538 2901 645 2952 τινὶ
679 2902 915 2969 ἐντυχὼν
951 2905 1037 2956 διὰ
1065 2910 1300 2976 στερεῶν
1331 2911 1508 2983 τούτῳ
1555 2915 1622 2967 τὰ
1655 2917 1788 2985 σχή-

208 3005 350 3053 ματα
408 2991 674 3060 παρέχειν
735 2995 1067 3050 ἐπέταττενο
1105 3001 1132 3052 ὁ
1188 3003 1243 3054 δὲ
1300 3007 1366 3075 τῇ
1424 3006 1536 3059 τῶν
1586 3010 1785 3077 χειρῶν

203 3077 512 3147 ψηλαφήσει
555 3082 804 3136 ἁτάντων
832 3087 872 3116 ¹¹
911 3088 1020 3140 τῶν
1051 3090 1148 3158 τῆς
1179 3097 1532 3165 γεωμετρίας
1574 3099 1785 3172 θεωρη-

1894 2004 2052 2056 quam
2079 1990 2168 2044 ille
2191 2008 2403 2048 merens
2437 1993 2558 2048 licet
2583 2011 2646 2049 ac
2675 2012 2768 2048 sua
2793 2013 2980 2067 magna
3007 2000 3158 2068 culpa
3180 2001 3466 2055 inciderat.

1893 2080 2000 2135 Nec
2033 2083 2207 2136 inutili
2242 2086 2718 2141 commiseratione
2744 2101 3031 2145 contentus
3063 2092 3230 2145 multa
3261 2093 3332 2145 illi
3370 2094 3469 2145 do-

1893 2186 2141 2226 cumenta
2170 2183 2332 2244 atque
2366 2175 2553 2231 effecta
2594 2193 2732 2232 vera:
2762 2180 3150 2236 benevolentia:
3183 2183 3426 2236 exhibuit
3453 2203 3466 2244 ;

1894 2280 2016 2316 nam
2049 2274 2100 2318 ct
2132 2268 2399 2320 consolari
2432 2285 2495 2323 ac
2524 2285 2770 2324 recreare
2798 2271 2970 2339 ipsam
3034 2275 3087 2327 in
3145 2276 3301 2328 malis
3354 2275 3472 2329 suis

1895 2371 2124 2413 Conatus
2151 2370 2231 2412 est
2261 2378 2274 2412 :
2302 2371 2354 2415 et
2380 2378 2499 2415 cum
2523 2364 2981 2433 esscljustissinte
3007 2368 3264 2420 multatus
3291 2368 3465 2428 bonis,

1893 2451 2178 2519 plerasque
2241 2453 2542 2507 ablatarum
2617 2457 2714 2523 ipsi
2775 2473 2952 2510 rerum
3014 2459 3153 2512 ultro
3208 2461 3462 2514 restituit.

1892 2544 2161 2598 CJ'lf‘rllm
2201 2547 2464 2613 Diagenes
2518 2548 2568 2600 in
2613 2548 2782 2603 cladis
2833 2565 2946 2604 sum
2992 2566 3150 2606 sensu
3189 2567 3250 2605 ac
3281 2551 3470 2606 dolore

1893 2639 2120 2703 ittgPItll,
2154 2641 2369 2692 tristitia
2407 2640 2765 2697 seinvolveus
2808 2642 3038 2696 fortuna:
3071 2644 3191 2696 talis
3227 2645 3463 2712 propria.

1891 2736 2150 2783 urbanam
2207 2733 2684 2788 commorationem
2735 2745 3014 2790 aversatus
3049 2737 3211 2807 266
3239 2739 3290 2790 in
3332 2737 3469 2791 villis

1889 2822 2209 2889 plerumque
2238 2825 2354 2878 suis
2385 2831 2524 2890 erat,
2553 2825 2767 2880 lectioni
2803 2827 2915 2881 fere
2939 2827 3196 2882 librorum
3225 2839 3462 2883 veterum

1890 2924 2156 2976 attentus,
2211 2932 2349 2986 quos
2406 2917 2598 2972 alienis
2648 2920 2845 2985 oculis,
2897 2937 3018 2974 cum
3070 2921 3184 2990 ipse
3234 2922 3464 2991 prepriis

1887 3021 2120 3068 careret,
2161 3009 2374 3079 praelegi
2408 3010 2508 3063 sibi
2567 3027 2706 3079 pene
2737 3013 2957 3068 assidue
3004 3014 3252 3069 curabat.
3287 3015 3465 3083 Atque

1888 3099 1974 3151 hic
2003 3099 2088 3152 vir
2118 3108 2320 3168 quanto
2355 3099 2517 3154 fuerit
2567 3101 2784 3170 ingenio
2815 3103 2897 3155 vel
2940 3120 3006 3157 ex
3046 3105 3148 3156 hoc
3181 3103 3302 3157 licet
3327 3119 3461 3159 con-

206 3173 386 3236 μᾶιτων
421 3191 479 3224 τε
511 3177 604 3226 καὶ
642 3177 940 3246 σχημάτων
985 3181 1109 3251 ἔσχε
1152 3187 1478 3258 κατάληψιν,
1529 3193 1784 3263 καθάπερ

1890 3191 2073 3258 iieere,
2137 3192 2278 3259 quod
2316 3205 2493 3244 caecus
2525 3190 2650 3242 licet
2680 3205 2740 3243 ea
2777 3190 2934 3244 facile
2966 3192 3310 3260 intelligeret,
3346 3207 3465 3259 quae

203 3265 402 3320 ἐκεῖνος
429 3268 457 3317 ό
497 3267 731 3335 Δίδυμος
772 3269 829 3332 ὃς
869 3273 938 3325 δι’
968 3274 1204 3340 ὀξύτητα
1247 3280 1339 3332 νοῦ
1388 3284 1480 3334 καὶ
1526 3283 1654 3336 ἄνευ
1683 3286 1786 3353 ὀμ-

208 3355 385 3420 μάτων
413 3361 684 3429 μουσικῆς
711 3366 803 3414 καὶ
829 3369 1180 3434 γεωμετρίας
1204 3374 1284 3434 εἰς
1305 3375 1476 3440 ἄκρον
1503 3377 1783 3446 ἐλήλυθεν,

205 3450 248 3497 εἰ
280 3451 368 3500 καὶ
418 3453 556 3517 μετὰ
591 3453 688 3523 τὴν
718 3454 925 3521 γνῶσιν
960 3461 1167 3512 τούτων
1215 3465 1294 3515 ei:
1343 3466 1556 3534 αἵρεσιν
1585 3471 1786 3523 ἄτοπον

209 3542 476 3610 συνηλὰθη
536 3545 626 3597 τὸν
681 3548 827 3611 νοῦν,
893 3554 1265 3618 ἐκτυφλωθεὶς
1318 3558 1421 3610 ὑπὸ
1479 3563 1786 3628 κενοδοξίας

208 3633 446 3704 καθάπερ
473 3637 578 3690 ὑπὸ
623 3640 825 3704 πάθους
859 3645 925 3694 τὰ
962 3645 1209 3713 ὄμματα.
1255 3651 1539 3720 Θαυμάζει
1572 3657 1668 3723 μὲν
1691 3654 1783 3710 οὖν

207 3723 340 3786 ἄπας
365 3728 539 3781 ταῦτα
569 3732 808 3786 ἀκούων.
852 3736 995 3804 Ἐγὼ
1033 3739 1087 3789 δὲ
1137 3741 1229 3792 καὶ
1261 3743 1530 3813 τεθέαμαι
1563 3748 1653 3799 τὸν
1683 3748 1781 3800 ἄν-

205 3813 297 3883 δρα
329 3823 421 3871 καὶ
482 3823 806 3891 τεθαύμακα
858 3831 952 3880 καὶ
1004 3833 1132 3900 περὶ
1179 3834 1440 3888 τοιούτων
1491 3838 1781 3905 λαλοῦντος

207 3910 444 3977 ἀκήκοα·
503 3915 630 3981 μηδ’
669 3917 806 3986 αὑτὴ
864 3919 918 3970 δὲ
962 3921 1071 3972 τῶν
1119 3923 1380 3975 τοιούτων
1435 3927 1781 3983 παντάπασιν

207 4000 531 4074 ἀμελέτητος
584 4004 719 4061 οὖσα
760 4012 1132 4078 ἐπεγίνωσκον
1181 4017 1368 4069 τοῦτον
1413 4018 1614 4086 ἀκριϐῆ
1671 4021 1780 4074 τῶν

211 4093 577 4167 θεωρημάτων
609 4103 816 4168 γνῶσιν
847 4104 1059 4174 ἔχοντα.
1105 4110 1166 4162 Ei
1199 4110 1254 4162 δὲ
1292 4113 1384 4164 καὶ
1419 4114 1549 4184 περὶ
1587 4116 1780 4184 λόγους

207 4187 460 4259 ἠσχολητο
487 4196 585 4263 τῆς
620 4196 878 4262 παλαιᾶς,
918 4199 1066 4266 ὅμως
1086 4202 1228 4254 κατὰ
1256 4202 1350 4255 τοῦ
1373 4205 1780 4280 αὐτοκράτορος

178 4350 190 4358 .
209 4278 296 4330 οὐκ
330 4283 596 4346 ἀςίστιτο
629 4287 874 4355 μήνιδος,
900 4290 1036 4342 ἀλλά
1064 4292 1156 4345 τὸν
1179 4295 1276 4363 τῆς
1295 4299 1610 4368 τυραννίδος
1630 4299 1778 4369 λογιο

189 4363 332 4434 σμὶν
383 4376 799 4447 ὑποτυφόμενον
857 4377 970 4451 εἶχε
1026 4385 1224 4441 διόλου.
1271 4391 1380 4442 Καὶ
1447 4393 1630 4461 μέντοι
1682 4397 1774 4450 καί

211 4474 335 4514 τισιν
367 4467 522 4532 αὖθις
566 4474 660 4524 τοῦ
691 4475 1008 4544 ἀπορρήτου
1055 4477 1248 4531 τούτου
1289 4485 1658 4556 κεκοινώνηκε
1690 4489 1775 4543 λο-

1893 3283 2118 3345 integris
2159 3293 2320 3350 atque
2380 3283 2599 3336 acribus
2627 3283 2838 3350 praediti
2889 3284 3060 3337 oculis
3093 3285 3180 3337 vix
3212 3284 3464 3338 omnibus

1890 3375 2140 3428 sensibus
2174 3373 2390 3427 connixi
2420 3381 2698 3440 caperent.
2724 3371 2911 3442 Itaque
2935 3373 2988 3426 in
3021 3373 3125 3427 hoc
3149 3373 3487 3428 calamitose.

1889 3481 2107 3521 secessu
2144 3465 2553 3533 disciplinarum
2589 3464 2912 3534 elegantium
2945 3465 3130 3519 orbem
3152 3473 3319 3518 totum
3345 3479 3464 3532 pcr-

1889 3557 2079 3620 currit,
2117 3556 2168 3610 in
2201 3557 2423 3625 ipsaque
2457 3555 2592 3609 adeo
2643 3553 2728 3607 illa
2755 3554 2952 3624 inclyta
2989 3554 3281 3623 geometria
3313 3554 3468 3619 cujus

1889 3650 2075 3719 figurae
2117 3664 2178 3701 ac
2221 3648 2373 3700 linea:
2407 3649 2734 3715 praecipuum
2773 3644 3056 3713 requirunt
3095 3660 3251 3698 usum
3301 3645 3465 3698 lumi-

1889 3758 2038 3805 num,
2076 3755 2297 3806 operam
2329 3739 2554 3792 miriftee
2580 3737 2814 3800 navavit,
2847 3752 2977 3789 usus
3005 3736 3069 3788 ad
3109 3736 3212 3790 hoc
3239 3735 3461 3788 institu-

1889 3834 2036 3886 tione
2073 3830 2381 3899 philosophi
2417 3829 2604 3884 ncscio
2631 3828 2786 3895 cuius
2815 3829 2861 3880 ei
2889 3843 3019 3881 casu
3062 3827 3230 3881 oblati
3257 3866 3272 3891 ,
3306 3841 3464 3895 quem

1887 3921 1987 3976 sibi
2009 3922 2173 3990 jussit
2197 3936 2261 3973 ex
2293 3920 2465 3974 solida
2500 3921 2729 3974 materia
2757 3919 2959 3988 ﬁguras
2995 3916 3303 3982 eﬂ'ormare,
3328 3933 3464 3986 quas

1884 4016 1974 4068 alii
2008 4015 2250 4083 magistri
2282 4013 2397 4082 ejus
2425 4013 2662 4067 scientiae
2697 4014 2990 4077 detineant,
3027 4012 3352 4077 spectandas
3410 4010 3460 4062 in

1884 4108 2108 4172 tabulis,
2142 4121 2398 4161 successu
2436 4104 2593 4174 plane
2621 4103 2884 4172 stupenth
2919 4102 3190 4157 mirabilis
3236 4101 3462 4168 incepti.

1879 4197 2015 4252 Nam
2051 4214 2172 4267 quae
2225 4197 2450 4251 studiosi
2506 4195 2818 4261 geometriae
2871 4203 3076 4247 attenta
3127 4192 3478 4259 inspectione-

1881 4292 2146 4345 linearum
2175 4301 2226 4345 et
2249 4290 2540 4360 figurarum
2565 4297 2929 4356 assequuntur
2969 4289 3302 4342 theoremata
3337 4287 3464 4340 doc-

1881 4385 2036 4438 trinae
2067 4382 2246 4448 istius,
2273 4364 2458 4436 eadem
2514 4381 2615 4434 iste
2679 4395 2879 4442 caecus,
2910 4378 3092 4447 digitis
3121 4379 3291 4434 vicem
3323 4394 3455 4433 ocu-

1879 4477 2051 4531 lorum
2111 4473 2506 4544 supplentibus,
2565 4471 2968 4526 contrectandis
3045 4471 3109 4524 iis
3155 4486 3294 4540 quas
3352 4471 3466 4525 dixi

212 4555 417 4620 γισμοί,
451 4560 545 4627 ἀφ’
574 4555 649 4614 ὧν
683 4558 763 4625 εἷς
797 4581 881 4626 τις
915 4566 983 4618 τά
1018 4565 1424 4640 βεϐουλευμένα
1455 4580 1774 4646 προσελθὼν

1890 4571 2075 4640 figuris
2106 4552 2294 4622 solidis
2320 4608 2334 4632 ,
2369 4566 2626 4633 omnique
2676 4581 2741 4618 ett
2777 4574 2928 4633 parte
2979 4564 3268 4631 palpandis
3297 4562 3466 4616 nihilo

213 4651 596 4717 προσαγγέλλει
638 4654 716 4724 τῷ
751 4656 1136 4730 αὐτοκράτορι⁸
1186 4667 1682 4737 μεταπεμψάμενος
1721 4673 1777 4726 δὲ

212 4733 290 4785 τὸν
337 4745 594 4814 Διογένην
644 4749 981 4803 ἐπυνθάνετο
1016 4754 1144 4824 περὶ
1184 4747 1258 4810 ὧν
1306 4774 1381 4809 τε·
1424 4759 1776 4827 βεϐούλευται

212 4826 294 4921 fati.
344 4835 470 4903 περὶ
509 4836 619 4889 τῶν
667 4839 765 4907 τῆς
825 4839 1022 4910 βουλῆς
1070 4845 1218 4915 αὐτῷ
1270 4855 1772 4921 κεκοινωνηκότων.

213 4911 307 4968 Καὶ
355 4922 414 4985 ὃς
467 4928 645 4980 πάντα
703 4930 898 4984 θᾶττον
954 4911 1369 5008 ἀνομολογήσας
1427 4911 1774 5018 παραχρῆμα

210 5013 544 5080 συμπαθείας
583 5019 806 5089 ἠξίωτο.

1887 4667 2090 4720 certius
2121 4657 2638 4730 comprehendebat.
2673 4655 2822 4709 llaud
2861 4655 2974 4709 scio
2999 4671 3064 4708 an
3099 4656 3324 4710 multum
3363 4655 3465 4708 hac

1889 4756 1940 4809 in
1979 4767 2132 4825 parte
2179 4753 2400 4806 inferior
2428 4749 2516 4803 illo
2563 4748 2788 4820 Didyme
2837 4763 2997 4818 quem
3057 4748 3239 4802 ferunt
3293 4747 3465 4801 oculis

1887 4858 2102 4917 captum
2145 4845 2478 4916 perspicacia
2510 4844 2740 4912 quadam
2781 4843 3034 4896 inusitata
3063 4841 3264 4894 utentis
3298 4839 3465 4892 musi-

1888 4962 2006 5000 cam
2055 4952 2107 4996 et
2153 4939 2504 5009 geometriam
2538 4938 2599 4990 ad
2628 4935 2928 5006 perfectum
2966 4933 3241 4986 didicisse.
3283 4931 3464 4995 Quan-

1887 5047 2048 5104 quam
2111 5031 2198 5082 ille
2265 5029 2430 5081 miser
2491 5026 2578 5078 his
2633 5025 2876 5079 scientia:
2939 5022 3130 5088 Opibus
3206 5020 3458 5074 refertam

213 5108 430 5157 mentem
466 5113 518 5162 in
543 5111 832 5166 absurdam
873 5115 1066 5172 deinde
1105 5120 1352 5176 heresim
1385 5123 1566 5191 allisit,
1610 5128 1876 5183 infelicius
1898 5133 2204 5180 excaecante
2265 5121 2516 5186 superh'a
2577 5118 2695 5171 lucc
2761 5115 2924 5169 anini
2991 5117 3237 5177 orbatus,
3300 5127 3459 5179 qltam

211 5190 352 5249 Prius
375 5200 933 5262 calamilalel'orlttttze
973 5209 1153 5264 lumen
1181 5215 1462 5270 Oculorum
1503 5190 1783 5273 amiserat.
1865 5216 1992 5271 Scio
2061 5214 2195 5266 tnira
2253 5212 2422 5264 visunt
2461 5210 2521 5262 iri
2560 5225 2676 5274 qua:
2730 5207 2817 5259 hic
2864 5205 3040 5257 refero
3083 5208 3148 5256 de
3202 5205 3455 5271 Diogene.

210 5274 410 5339 Licebit
435 5302 609 5350 tamen
639 5297 769 5353 mihi
800 5301 1023 5355 credere
1050 5304 1240 5358 auritas
1267 5310 1600 5378 orulataeque
1647 5312 1794 5374 te5ti;
1839 5326 1958 5362 nam
1997 5315 2051 5360 et
2079 5303 2316 5370 spectavi
2351 5319 2450 5366 ego
2493 5302 2794 5367 mirataque
2851 5311 3035 5350 coram
3067 5311 3184 5347 sum
3260 5313 3459 5350 caecum

211 5371 346 5433 hunc
382 5401 747 5456 germanam,
775 5405 827 5448 ρι
877 5399 1150 5463 Spemne"
1201 5417 1303 5454 mm
1340 5405 1576 5473 vulgaris
1626 5406 1678 5458 in
1717 5422 1782 5457 «ιο
1822 5417 2020 5472 genere
2080 5399 2287 5466 peritiae
2353 5398 2436 5451 bis
2481 5394 2707 5447 aui-ibus
2759 5393 2874 5461 cepi
2933 5391 3155 5444 eruditis
3193 5390 3362 5456 ipsius
3397 5393 3461 5446 de

209 5472 316 5554 Ima
345 5474 500 5533 istius
525 5481 818 5553 disciplinae
845 5490 1050 5540 ratione
1080 5472 1534 5559 disputationibus
1577 5497 1859 5550 audiendis
1915 5509 1928 5547 :
1983 5505 2154 5558 neque
2209 5505 2335 5542 vero
2384 5488 2634 5539 iuidonea
2700 5483 2772 5536 fui
2835 5496 2954 5552 qua?
2989 5485 3004 5499 '
3042 5479 3339 5546 iudicarem
3397 5485 3462 5537 dc

212 5560 429 5632 talibus,
458 5585 510 5625 ct
535 5576 648 5644 ipsa
679 5582 729 5630 in
761 5581 860 5633 isto
885 5581 1102 5648 pulvere
1129 5595 1356 5636 versata.
1392 5585 1558 5639 I’orro
1591 5598 1868 5656 utcnnqne
1918 5583 2280 5640 calamitatem
2336 5577 2498 5632 solari
2555 5575 2751 5629 litteris
2819 5574 3088 5641 Diogenes
3151 5573 3466 5637 Videbatur,

1250 5705 1447 5766 Varias
1510 5706 1813 5768 lectiones
1858 5723 1934 5768 ex
1976 5702 2119 5766 cod.
2148 5698 2417 5761 Coislin.

280 5811 300 5835 ⁸
329 5813 608 5877 Βελκάνον,
689 5831 706 5857 ⁸
747 5833 1170 5895 ita/33:93:32.
1257 5836 1295 5866 ’θ
1328 5837 1633 5902 ἑκά-μωσιν
1665 5836 1775 5904 δαί·

1890 5855 1930 5890 ι),
2015 5833 2050 5864 ¹¹
2089 5831 2369 5885 ἁπάντων.
