4024 6270
489 389 600 454 σεο
1813 397 2040 459 ΛΝΝᾸΞ
2085 397 2464 458 ΟΟΜΝΕΝᾸΕ
3658 393 3760 454 ’700

490 504 790 560 manifestae
818 506 1052 572 veritati,
1087 515 1142 562 ut
1173 522 1230 564 se
1293 507 1356 560 ad
1390 509 1626 576 vincula,
1671 519 1958 576 tormenta,
1997 512 2386 565 mutilationem
2421 509 2794 578 perferendam
2845 506 3107 576 corporis,
3177 515 3336 575 atque
3395 505 3458 558 ad
3534 503 3755 572 quodvis

491 597 896 652 incommodum
931 601 1272 656 subeundum
1309 605 1723 670 paratissimum
1756 604 2072 659 ostenderet
2113 605 2292 674 potius
2323 620 2483 673 quam
2515 613 2572 656 ut
2597 603 2697 656 sibi
2726 599 3036 667 extorqueri
3067 609 3346 666 ραις-τουπ
3377 599 3427 650 id
3488 607 3576 649 aut
3631 613 3752 650 seu.

489 697 654 748 tiendi
684 701 824 760 apud
845 711 922 758 se,
968 707 1059 748 aut
1085 699 1224 765 apud
1257 701 1392 754 alios
1421 701 1748 769 przetlicantli
1773 702 2102 768 libertatem,
2139 700 2281 770 quod
2329 699 2566 767 proiiteri
2601 707 2863 766 (mperat,
2893 711 3082 764 nempe
3131 693 3511 746 Ituumnitatem
3569 691 3752 744 Christi

490 803 680 844 nulum
711 789 875 858 fuisse
899 792 1220 860 dei/iratam.

568 885 732 936 Erant
793 895 906 938 tum
967 888 1435 956 Constantinopoli
1493 891 1716 945 Aruleni
1771 893 2066 960 permulti,
2101 889 2140 944 Α

488 980 682 1043 quibus
719 983 784 1032 ad
808 997 912 1032 non
943 983 1243 1035 orthodoxe
1265 987 1605 1038 sentiendum
1627 989 1841 1054 pronis,
1875 1005 2070 1041 novum

489 1075 554 1124 ad
589 1073 818 1136 itlipsttnt
846 1074 1100 1137 impetum
1127 1087 1290 1142 atque
1316 1080 1728 1132 inritamentum
1755 1081 2076 1134 admowbat

489 1163 574 1215 hic
597 1162 770 1217 Nilus.
799 1164 926 1218 lude
948 1167 1260 1230 frequentes
1281 1171 1670 1223 rollocutiones
1690 1188 1810 1224 cum
1839 1171 2074 1240 Tigrane

489 1254 582 1308 illo
613 1267 776 1320 atque
797 1259 1022 1322 Arsace,
1055 1261 1146 1326 qui
1185 1275 1292 1328 pne
1329 1263 1538 1316 caeteris
1562 1265 1807 1318 oratione
1845 1280 1908 1318 ac
1945 1281 2074 1319 con-

489 1349 778 1402 suetudine
807 1351 905 1401 Nili
933 1351 997 1403 ad
1029 1351 1287 1404 nefariam
1313 1369 1477 1421 prave
1507 1357 1772 1408 sentiendi
1799 1356 2071 1410 licentiam

491 1442 973 1508 pertrahebantur.
1016 1443 1114 1497 llic
1157 1446 1452 1513 imperator
1492 1449 1828 1514 pereuntium
1865 1450 2070 1502 anima-

493 1551 612 1586 rum
647 1535 871 1589 interitu
909 1547 1217 1590 commotus
1241 1577 1255 1598 ,
1308 1553 1445 1606 quas
1491 1540 1753 1607 plurimas
1791 1542 2075 1596 malesana:

495 1625 758 1678 doctrina:
791 1627 1013 1694 impune
1050 1631 1320 1695 serpentis
1353 1633 1606 1698 contagio
1639 1632 2020 1698 corrumpi-bat
2057 1649 2072 1690 :

495 1715 731 1770 faetioue
763 1733 926 1784 prave
980 1721 1330 1774 sentientium
1362 1737 1426 1774 eo
1464 1723 1686 1776 ﬁrmiori
1742 1723 1877 1778 facta
1915 1737 2076 1793 atque

493 1809 559 1858 ιιιί
591 1811 890 1862 nocendum
927 1811 1238 1876 valentiori,
1265 1819 1404 1878 quod
1439 1817 1608 1869 malas
1637 1831 1734 1884 per
1767 1833 1824 1871 se
1848 1819 2074 1873 seorsim

493 1899 596 1953 ΝιΙί
621 1910 668 1952 et
704 1903 1062 1956 Armenornm
1091 1921 1287 1958 causas
1311 1908 1362 1959 in
1397 1923 1556 1960 ttnttm
1585 1910 1915 1978 ltnplicasset
1947 1927 2078 1965 eou-

494 1992 786 2062 {lisselque
825 2013 1022 2064 corpus
1079 2003 1429 2068 pra'potentis
1485 2001 1594 2068 jam
1643 2017 1804 2058 serue
1854 2021 1868 2058 :
1922 2008 2076 2071 cujus

495 2097 644 2138 tanta
677 2090 758 2140 vis
784 2101 896 2141 erat
931 2099 1094 2156 atque
1124 2095 1438 2157 auctoritas,
1477 2105 1534 2148 ut
1569 2099 1766 2164 passim
1802 2102 2076 2164 abrogatis

497 2181 882 2234 traditionibus
935 2183 1154 2236 Patrum
1189 2194 1466 2251 veterum,
1516 2189 1760 2243 doetrina
1809 2193 2072 2246 catholica

493 2270 560 2322 de
591 2272 788 2324 unione
825 2273 1160 2342 hypmtatira
1203 2277 1314 2330 fere
1348 2280 1709 2344 ignoraretur,
1745 2285 1917 2352 palam
1950 2302 2077 2340 vero

495 2379 628 2417 voce
657 2366 864 2418 sublata
917 2382 980 2420 ac
1015 2368 1182 2422 libera
1225 2383 1545 2438 personaret
1597 2375 1819 2442 impium
1871 2377 2074 2431 dictum

493 2457 858 2508 asserentium
889 2475 897 2506 :
929 2455 1331 2512 Humanitalem
1357 2473 1680 2524 assumptum
1707 2473 1899 2516 natura
1920 2465 2080 2530 fuisse

493 2545 828 2612 rleiﬁratam;
857 2549 991 2609 iure,
1016 2551 1256 2616 inquam,
1275 2553 1572 2619 imperator
1599 2563 1856 2621 reputans
1868 2565 1918 2608 et
1937 2565 2043 2608 tem
2057 2583 2079 2596 -

495 2653 594 2705 pus
618 2653 738 2692 esse
773 2649 1015 2692 statuens
1045 2645 1390 2708 expedienda!
1421 2647 1561 2712 opis,
1599 2647 1644 2698 si
1679 2664 1843 2715 quam
1883 2649 2080 2704 afferre

497 2739 701 2796 posset,
739 2733 803 2784 ad
842 2741 1048 2785 tantum
1081 2736 1397 2802 discrimen,
1453 2751 1650 2794 ruente
1711 2743 1956 2808 pernicie
2003 2743 2083 2796 si-

501 2824 724 2884 stenda,
766 2823 1019 2876 Ecclesia!
1069 2839 1319 2892 proceres
1351 2843 1512 2881 unam
1541 2830 1591 2882 in
1635 2831 1902 2898 synodum
1948 2847 2082 2887 con-

497 2925 678 2977 vocat,
715 2925 763 2968 ut
801 2917 1016 2970 collatis
1056 2918 1300 2972 consiliis
1327 2929 1492 2989 atque
1526 2924 1814 2978 sententiis
1843 2925 1908 2977 de
1941 2939 2080 2991 prae-

501 3009 636 3060 senti
671 3024 851 3062 rerum
890 3019 1030 3063 statu
1063 3011 1440 3068 decernerent.
1476 3014 1742 3070 Convenit
1783 3018 2081 3071 universus

496 3098 878 3166 episcoporum
915 3111 1090 3154 cmtus
1125 3119 1230 3156 una
1267 3119 1392 3158 cum
1431 3106 1548 3174 ipso
1575 3107 1885 3173 patriarcha
1922 3107 2084 3162 Nico-

500 3189 607 3243 lao.
633 3190 852 3244 Sistitur
873 3207 1060 3246 coram
1083 3195 1190 3249 illis
1213 3195 1364 3251 Nilus
1390 3199 1442 3250 in
1469 3200 1646 3252 medio
1665 3215 1782 3252 cum
1803 3203 2076 3258 Armenis.

501 3283 952 3351 Ederejubentur
982 3286 1048 3339 de.
1083 3287 1455 3344 incarnatione
1481 3289 1642 3344 Verbi
1671 3295 1795 3361 quid
1819 3295 2078 3350 sentiant.

497 3376 633 3429 Tum
691 3377 782 3431 ille
813 3380 1092 3445 improbus
1145 3384 1426 3448 superiora
1481 3384 1569 3437 illa
1620 3401 1740 3453 qna:
1791 3390 2080 3444 retulimus

498 3467 675 3534 palam
701 3471 954 3534 asseruit,
985 3469 1318 3539 impudentia
1346 3476 1633 3540 prolitentli
1661 3479 1880 3532 errandi
1907 3491 2079 3534 teme-

2245 883 2368 955 Εἶχε
2402 886 2456 938 δὲ
2485 885 2604 936 τότε
2635 883 2726 936 καὶ
2761 881 2992 942 πολλοὺς
3025 881 3133 931 τῶν
3179 878 3482 947 ’Λρμενίων
3515 880 3548 946 ἡ
3587 892 3756 943 μεγα-

2183 981 2422 1040 λόπολις,
2496 973 2578 1038 οἷς
2627 977 2724 1043 τῆς
2785 972 3038 1034 ἀσεϐείας
3089 971 3422 1038 ὑπέκκαυμα
3485 972 3512 1021 ό
3568 969 3756 1030 Νεῖλος

2183 1076 2391 1135 ἐκεῖνος
2415 1071 2648 1136 ἐγίνετο.
2725 1067 3010 1119 Ἐντεῦθεν
3061 1065 3329 1129 διαλέξεις
3381 1065 3420 1094 ¹⁹
3465 1080 3521 1114 τε
3571 1063 3759 1130 συχναὶ

2184 1169 2322 1236 πρὸς
2381 1171 2472 1219 τὸν
2527 1164 2810 1234 Τιγράνην
2871 1163 3080 1214 ἐκεῖνον
3146 1161 3238 1212 καὶ
3294 1159 3384 1212 τὸν

2183 1259 2276 1323 οὒς
2310 1257 2570 1314 ὲπιπλέον
2597 1258 2664 1310 τὰ
2689 1256 2783 1308 τοῦ
2817 1255 3014 1307 Νείλου
3045 1253 3297 1322 δόγματα
3339 1251 3476 1320 πρὸς
3507 1249 3759 1301 ἀσέϐειαν

2182 1354 2425 1426 ἠρέθισε.
2490 1351 2554 1404 Ti
2619 1349 2681 1403 τὸ
2729 1346 3019 1411 ὲντεῦθενς
3072 1347 3182 1414 Τὴν
3239 1343 3494 1397 ἀσέϐειαν
3553 1341 3760 1394 πολλῶν

2185 1445 2592 1515 ἐπινεμομένην
2647 1443 2693 1476 ὀ
2737 1441 2916 1511 ψυχὰς
2961 1439 3104 1509 ὁρῶν
3159 1439 3185 1490 ὁ
3227 1435 3611 1506 αὐτοκράτωρ,
3671 1433 3760 1485 καὶ

3463 1158 3754 1226 Ἀρσάκην,

2153 1538 2436 1607 ⁴ἀλλήλοις
2491 1537 2560 1590 τὰ
2603 1535 2698 1589 τοῦ
2745 1535 2942 1587 Νείλου
2973 1533 3068 1585 καὶ
3107 1531 3212 1583 τῶν
3277 1527 3585 1598 Ἀρμενίων
3641 1527 3758 1576 ἑπι-

2183 1631 2521 1698 πλεκόμενα,
2569 1629 2666 1683 καὶ
2717 1626 3004 1696 ἅπανταχῆ
3062 1625 3122 1676 τὺ
3157 1623 3336 1691 φύσει
3371 1617 3662 1687 θεωοῆναι
3697 1615 3759 1668 τὸ

2185 1728 2582 1792 πρόσλημμα,
2662 1722 2894 1790 λαμπρᾷ
2951 1720 3101 1786 φωνῇ
3169 1714 3598 1783 κηρυττόμενον,
3643 1711 3761 1764 ἀϐε-

2183 1818 2454 1884 τουμένας
2507 1831 2564 1866 τε
2610 1811 2709 1872 τὰς
2743 1811 2852 1862 τῶν
2882 1810 3054 1874 ἁγίων
3091 1809 3352 1876 Πατέρων
3391 1807 3520 1875 περὶ
3570 1803 3759 1857 τοὲτου

2184 1909 2402 1977 γραφὰς
2432 1907 2528 1958 καὶ
2583 1907 2683 1973 τὴν
2717 1905 2840 1956 καθ’
2877 1901 3178 1956 ὑπόστασιν
3225 1899 3421 1952 ἕνωσιν
3462 1897 3761 1964 ἀγνοουμέ-

2185 2018 2282 2070 νην
2315 1997 2525 2068 σχεδὺν,
2564 1999 2762 2066 στῆσαι
2804 1997 2906 2064 τὴν
2957 1995 3162 2063 σφόδρα
3217 1991 3309 2044 τοῦ
3357 1988 3528 2042 κακοῦ
3583 1989 3762 2056 ῥύμην

2187 2093 2497 2164 βουληθεὶς,
2529 2093 2655 2154 τοὺς
2707 2092 2807 2157 τῆς
2869 2088 3198 2158 Ἑκκλησίας
3247 2086 3491 2152 λογάδας
3529 2100 3762 2149 συναγα-

2185 2189 2321 2253 γὼν,
2349 2185 2566 2238 σύνοδον
2600 2185 2748 2252 περὶ·
2769 2181 2992 2243 τούτους
3049 2180 3307 2248 γενέσθαι
3334 2180 3486 2248 κοινῇ
3514 2175 3764 2228 συνεσκέ-

2185 2279 2358 2347 ψαντο
2415 2279 2476 2332 ¹¹.
2539 2277 2650 2330 Καὶ
2707 2275 2893 2344 παρῆν
2948 2272 3256 2344 τηνικαῦτα
3321 2269 3466 2324 ἅπαν
3533 2269 3594 2321 ea
3660 2267 3762 2318 τῶν

2185 2371 2490 2443 ἀρχιερέων
2539 2370 2817 2440 πλήρωμα
2864 2368 2959 2420 καὶ
3008 2365 3172 2427 αὐτὸς
3223 2366 3250 2418 ὁ
3289 2362 3634 2430 πατριάρχης
3669 2359 3754 2410 Νι-

2183 2464 2378 2526 κόλαος
2409 2480 2423 2494 ·
2460 2463 2556 2514 καὶ
2581 2464 2608 2514 ὁ
2647 2461 2840 2522 Νεῖλος
2891 2461 2971 2518 εἰς
3013 2458 3074 2510 τὸ
3120 2457 3282 2526 μέσον
3319 2454 3457 2524 μετὰ
3487 2453 3598 2505 τῶν
3645 2453 3764 2520 Ἀρ-

2187 2553 2388 2622 μενίων
2426 2553 2634 2606 ἵστατο.
2673 2551 2783 2603 Καὶ
2825 2550 2894 2602 τὰ
2938 2549 3129 2602 τούτου
3169 2547 3610 2600 ἀνεκαλύπτοντο
3639 2545 3756 2610 δόγ-

2188 2663 2356 2716 ματα.
2421 2646 2529 2698 Καὶ
2580 2645 2638 2705 ὃς
2681 2643 2913 2714 λαμπρᾷ
2965 2645 3028 2712 τῇ
3079 2643 3230 2711 φωνῇ
3268 2639 3443 2692 ταῦτα
3497 2638 3760 2692 ἐδίδασκε.

2185 2742 2278 2795 καὶ
2333 2739 2568 2808 ἰσχυρῶς
2633 2737 2812 2790 αὐτῶν
2865 2737 2951 2790 διὰ
3015 2735 3282 2788 πλειόνων
3339 2733 3646 2801 ἀντείχετο.
3701 2729 3762 2781 Τί

2184 2835 2244 2886 τί)
2299 2833 2590 2896 ἒντεῦθενς
2667 2830 2733 2881 Ἥ
2797 2831 3015 2891 σύνοδος
3064 2828 3154 2881 ἵνα
3211 2825 3422 2878 πολλῶν
3481 2821 3763 2892 ἀπαλλάξῃ

2183 2926 2363 2996 ψυχὰς
2410 2925 2509 2994 τῆς
2561 2923 2968 2994 διεφθαρμένης
3033 2920 3201 2974 αὐτοῦ
3259 2917 3507 2987 διδαχῆς,
3563 2915 3765 2982 αἰωνίῳ

2185 3016 2373 3069 τοῦτον
2416 3014 2802 3068 καθυπέόαλεν
2853 3012 3166 3080 άναθέματι
3206 3009 3342 3078 (85),
3380 3009 3476 3061 καὶ
3509 3007 3614 3074 τὴν
3647 3003 3764 3058 καθ’

2187 3108 2484 3162 ὑπόστασιν
2513 3106 2710 3158 ἕνωσιν
2749 3102 2891 3157 κατὰ
2931 3103 3028 3164 τὰς
3073 3101 3180 3153 τῶν
3220 3099 3392 3165 ἁγίων
3435 3096 3767 3166 παραδόσεις

2185 3201 2598 3270 ἐμφανέστερον
2659 3193 2984 3266 ἀνεκήρυξε.
3023 3194 3181 3248 Μετὰ
3218 3191 3408 3245 τοῦτον
3465 3191 3497 3260 ἢ
3563 3188 3767 3258 μᾶλλον

2184 3293 2360 3344 εἰπεῖν
2421 3291 2518 3342 σὺν
2547 3288 2722 3356 τούτῳ
2769 3289 2864 3338 καὶ
2917 3283 3287 3354 Βλαχερνίτης
3345 3281 3764 3350 δεδημοσίευτο,

2183 3383 2356 3452 ἀσεϐῆ
2403 3382 2496 3435 καὶ
2548 3380 2757 3449 ἔκφυλα
2809 3379 2910 3448 τῆς
2981 3375 3313 3447 Ἐκκλησίας
3369 3373 3615 3444 φρονῶν,
3661 3371 3768 3424 κᾶν

2187 3476 2485 3546 ίερωμένος
2541 3469 2630 3544 ἦν.
2696 3471 3139 3532 Ἐνθουσιασταῖς
3185 3469 3298 3536 (86)
3351 3468 3462 3535 γὰρ
3495 3466 3768 3534 ὁμιλήσας

501 3562 716 3614 ritatem
748 3563 1064 3630 aquuaute
1105 3581 1120 3620 :
1151 3566 1284 3619 adeo
1317 3576 1374 3619 ιιι
1404 3569 1564 3621 etiam
1606 3571 1855 3636 pluribus
1899 3575 2080 3628 verbis

2187 3569 2282 3621 καὶ
2316 3566 2415 3635 τῆς
2447 3565 2653 3618 τούτων
2693 3563 2875 3633 λύμης
2914 3560 3226 3633 μετασχὼν,
3273 3558 3504 3620 πολλοὺς
3548 3558 3606 3610 δὲ
3647 3557 3770 3621 ἐξα-

500 3661 748 3707 astruere
797 3655 938 3709 ntale
989 3657 1196 3723 prolata
1231 3669 1537 3714 conaretur.
1577 3661 1632 3714 ln
1684 3667 1983 3718 sententias
2025 3679 2080 3721 u’t

499 3745 692 3799 deinde
728 3747 861 3800 itum
893 3755 976 3801 est
999 3750 1235 3818 synodus
1276 3751 1410 3804 satis
1451 3764 1724 3821 comperta
1759 3755 1859 3808 Nili
1894 3769 2085 3812 comn-

499 3839 696 3905 maeia,
737 3853 802 3892 ne
828 3839 945 3894 lues
971 3842 1217 3908 corrupti
1251 3843 1478 3896 membri
1516 3845 1583 3898 ad
1608 3861 1867 3901 sanorum
1902 3853 2086 3918 perni-

499 3935 638 3985 ciem
671 3943 938 4001 scrperet,
987 3945 1309 4002 perpetuum
1361 3938 1410 3988 in
1439 3939 1613 4007 ipsum
1647 3941 1792 3994 velut
1817 3945 2082 3998 damnata:

499 4024 760 4077 doctrinae
799 4026 1131 4093 pertinacem
1179 4027 1511 4082 assertorem
1552 4031 1836 4087 anathema
1871 4035 2086 4088 concla-

502 4116 692 4180 mavit,
726 4117 982 4170 unionem
1011 4133 1140 4173 vero
1171 4119 1565 4189 hypostatieam
1594 4123 1746 4191 juxta
1769 4135 2081 4181 sanctorum

503 4207 831 4263 traditiones
871 4210 1214 4264 manilestius
1248 4213 1690 4282 explicatiusque
1745 4219 2080 4285 praedicavit.

513 4299 641 4352 Post
693 4302 835 4355 hunc
889 4310 981 4355 aut
1030 4306 1208 4370 potius
1242 4319 1362 4357 cum
1425 4306 1526 4359 hoc
1559 4308 1843 4363 damnatus
1873 4321 1925 4363 et
1960 4311 2086 4363 Bla-

505 4389 754 4444 chernita
786 4402 906 4458 est,
967 4394 1130 4459 impia
1181 4405 1233 4449 et
1257 4397 1373 4462 ipse
1409 4397 1692 4466 alienaque
1743 4403 1809 4454 ab
1847 4401 2083 4458 Ecclesia

502 4482 770 4548 sentiens,
789 4499 1100 4553 quanquam
1121 4491 1376 4541 sacerdos
1405 4499 1545 4543 erat.
1569 4491 1664 4544 l-lic
1689 4497 2086 4549 consuetudine

503 4573 978 4634 Enthusiastarum
1003 4579 1088 4632 itte
1114 4592 1412 4644 contracta,
1443 4599 1600 4652 quam
1640 4586 1691 4638 in
1727 4588 1928 4642 multos
1949 4589 2084 4644 alios

502 4669 742 4724 fallendo
791 4673 1161 4740 propagabat,
1215 4675 1448 4728 occultis
1506 4677 1654 4730 velut
1713 4680 1980 4735 cuniculis
2031 4683 2082 4734 in

506 4773 733 4827 magnas
773 4760 963 4814 domos
997 4776 1054 4815 se
1093 4763 1370 4818 insinuans
1403 4775 1456 4818 et
1489 4767 1654 4837 impia
1685 4769 1798 4824 illic
1833 4772 2085 4839 dogmata

505 4854 878 4923 prmuulgans,
907 4855 1106 4920 saepius
1133 4853 1201 4909 ab
1245 4856 1574 4924 imperatore
1609 4862 1908 4915 accersitus
1931 4903 1944 4926 ,
1974 4881 2087 4916 tuo-

2187 3659 2398 3720 πατῶν,
2436 3659 2530 3710 καὶ
2563 3658 2810 3728 μεγάλας
2843 3655 2950 3708 τῶν
2976 3656 3021 3684 ²²
3068 3656 3125 3706 ὲν
3170 3655 3236 3722 τῇ
3288 3650 3654 3722 μεγαλοπόλει
3690 3653 3770 3702 οἱα

2187 3753 2313 3814 κίας
2375 3749 2722 3819 ὑπορύττων,
2755 3750 2852 3802 καὶ
2893 3746 3230 3817 παραδιδοὺς
3265 3746 3335 3797 τὰ
3369 3745 3470 3812 τῆς
3511 3741 3770 3805 ἀσεϐείας

2185 3842 2450 3910 δόγματα,
2503 3841 2626 3893 ἐπεὶ
2677 3837 2852 3892 πολλὰ
2943 3835 3207 3898 πολλάκις
3263 3835 3770 3903 μεταπεμπόμενος

2186 3933 2280 3986 καὶ
2341 3931 2733 4000 διδασκόμενος
2791 3929 2944 4000 παρὰ
2999 3929 3093 3980 τοῦ
3148 3927 3598 3996 αὐτοκράτορος,
3661 3925 3772 3976 οὐδ’

2186 4025 2324 4086 ὅλως
2383 4023 2492 4093 τῆς¹
2533 4023 2742 4084 οἰκείας
2801 4021 3125 4086 κακοδοξίας
3159 4019 3450 4088 ἀφίστατο,
3507 4022 3577 4086 τῇ
3647 4017 3772 4069 Ἐκ-

2187 4119 2389 4190 κλησίᾳ
2453 4119 2549 4170 καὶ
2604 4115 2795 4168 τοῦτον
2861 4115 2888 4166 ὁ
2957 4113 3324 4182 αὐτοκράτωρ
3378 4109 3769 4182 παρέπεμψεν.

2187 4213 2250 4262 Οἱ
2317 4210 2373 4262 δὲ
2427 4209 2523 4262 ἐπὶ
2585 4207 2749 4259 πλέον
2798 4203 2988 4257 τοῦτον
3058 4203 3437 4266 ἐξετάσαντες,
3504 4204 3580 4264 ὡς
3639 4205 3774 4270 άμε-

2188 4302 2418 4356 τάθετον
2475 4300 2568 4352 καὶ
2633 4298 2792 4350 αὐτοὶ
2863 4295 3212 4365 ἐγνώκεσαν,
3281 4296 3448 4347 αὐτόν
3507 4311 3566 4347 τε
3637 4299 3771 4346 αἰω-

2185 4400 2284 4468 νίῳ
2314 4399 2617 4466 ὰναθὲματι
2645 4395 2741 4447 καὶ
2775 4393 2843 4446 τά
2876 4391 3070 4444 τούτου
3121 4391 3373 4458 δόγματα
3409 4385 3766 4440 καθυπὲϐαλ-

2187 4493 2300 4546 λον.
2333 4491 2489 4546 Οὕτω
2527 4489 2626 4559 μὲν
2647 4483 2738 4542 οὖν
2764 4486 2954 4554 ὥσπερ
2993 4501 3080 4546 τις
3129 4481 3338 4551 ἀγαθὸς
3375 4479 3724 4548 κυϐερνήτης
3747 4477 3772 4526 ὁ

2188 4584 2548 4654 αὐτοκράτωρ
2578 4583 2677 4643 τὰς
2700 4577 3146 4646 ἁλλεπαλλὴλους
3211 4575 3322 4627 τῶν
3355 4573 3618 4642 κυμάτων
3649 4573 3768 4621 ἑπι-

2187 4676 2392 4746 δρομὰς
2427 4675 2612 4746 ὥσπερ
2640 4672 3056 4741 διανηξάμενος,
3091 4667 3188 4722 καὶ
3213 4665 3416 4737 πολλὴν
3451 4663 3768 4717 ἁποκλυσά-

2193 4787 2353 4840 μενος
2400 4770 2578 4840 ἅλμην
2645 4767 2745 4836 τῆς
2798 4765 3146 4834 οἰκουμένης,
3203 4762 3299 4814 καὶ
3355 4761 3422 4814 τὰ
3475 4757 3616 4811 κατὰ
3675 4753 3770 4826 τὴν

2203 4861 2533 4932 Ἐκκλησίαν
2565 4859 2626 4913 εὐ
2658 4859 2996 4928 διαθέμενος,
3027 4855 3116 4908 ἐπ’
3141 4854 3276 4908 ἄλλα
3301 4855 3372 4906 τὰ
3397 4851 3560 4904 πάλιν
3587 4851 3633 4880 ’³
3671 4865 3769 4899 πε-

502 4943 649 4996 nitus
695 4944 1028 5013 edoctusque
1060 4944 1238 4999 fuerat
1267 4963 1431 5016 quam
1453 4961 1662 5002 erraret
1687 4953 2034 5008 vehementer
2067 4973 2079 5008 :

2191 4955 2332 5023 λάγη
2369 4923 2623 5021 πολέμων
2655 4951 2749 5004 καὶ
2781 4923 3029 5020 Oppi;va
3056 4945 3347 5012 ἐπάγεται·
3375 4944 3464 4996 ἀεὶ
3509 4941 3618 5009 γὰρ
3651 4939 3770 4991 ’ἐτε-

504 5031 570 5086 ad
613 5043 922 5088 extremum
956 5049 1078 5089 cum
1121 5051 1150 5090 a
1187 5039 1472 5104 complexu
1519 5054 1766 5092 errorum
1796 5043 1950 5094 avelli
1980 5061 2082 5097 non

505 5135 686 5192 posset
719 5128 784 5180 ad
843 5128 1138 5184 Ecclesiam
1195 5130 1426 5194 delatus,
1478 5140 1531 5184 et.
1583 5133 1648 5184 ah
1707 5134 1865 5201 hujus
1899 5135 2071 5204 ipsius

503 5223 694 5293 synodi
729 5223 979 5279 Patrihus
1007 5227 1346 5282 examinatus
1380 5239 1657 5291 aecurate,
1694 5231 1780 5283 ubi
1816 5231 2078 5284 obﬁrma-

2190 5061 2282 5114 ρον
2309 5043 2399 5112 ὐφ’
2431 5043 2620 5114 ἐτέρου
2653 5041 3001 5110 προσίστατο,
3031 5037 3125 5089 καὶ
3147 5035 3414 5098 θάλασσα,
3455 5031 3638 5100 φασιν,
3679 5031 3766 5080 ἐπὶ

2191 5134 2436 5205 θαλάσσῃ
2467 5135 2560 5186 καὶ
2615 5132 2862 5199 ποταμὸς
2891 5129 3077 5181 κακῶν
3101 5127 3192 5178 ἐπὶ
3227 5123 3480 5192 ποταμῷ,
3513 5121 3589 5182 ὡς
3645 5116 3766 5187 μηδ’

2191 5229 2448 5283 ἀναπνεῖν
2495 5229 2610 5296 ὲᾷν,
2648 5225 2708 5277 τὸ
2744 5223 2788 5254 ’⁸
2817 5220 2913 5275 τοῦ
2977 5221 3163 5289 λόγου,
3195 5219 3286 5270 τὸν
3347 5211 3594 5285 βασιλέα,
3639 5209 3766 5280 μηὸῗ

1541 5343 1738 5404 Variae
1767 5343 2075 5406 lectiones
2119 5363 2194 5408 ex
2237 5348 2376 5408 cod.
2423 5343 2690 5406 Coislin.

579 5441 621 5474 ²⁹
645 5439 931 5506 διατάξεις.
1009 5445 1054 5475 ²⁰
1082 5444 1514 5516 ἐπινεμομένων.
1593 5447 1636 5478 ³³
1673 5446 2066 5516 συνεσκέψατο.

2139 5449 2183 5479 ³³
2215 5451 2330 5510 τάς.

2408 5447 2453 5478 ⁸³
2483 5447 2636 5498 Deest
2683 5459 2784 5494 vox
2819 5441 2998 5494 πάλιν.
3075 5437 3122 5468 ’⁸
3151 5440 3206 5490 ὲν
3231 5433 3400 5502 αὐτῷ.

1583 5587 1720 5648 Car.
1761 5585 2088 5647 Duiresnii
2113 5588 2210 5647 Du
2243 5587 2462 5664 Cangii
2495 5595 2685 5646 mata).

591 5705 705 5775 (35)
765 5707 1200 5764 Καθιπέὔαλεν
1250 5710 1593 5777 Mamillare.
1655 5710 1934 5763 Rccitatur
1979 5709 2080 5765 Nili

509 5779 1010 5840 Attalltt'tttaliSmIIs
1048 5797 1112 5833 ex
1187 5780 1424 5832 Ecclesia
1485 5779 1693 5846 Grzeca,
1741 5782 1828 5835 die
1883 5779 2080 5835 Ortho-

517 5851 690 5912 doxitc
726 5866 902 5916 sacro,
937 5851 1240 5922 legiturque
1264 5849 1316 5904 in
1347 5849 1586 5905 'l'riodio.

2265 5707 2375 5778 (86)
2423 5702 2940 5778 -Ενθουσιασταῖᾳ
2971 5700 3070 5767 Qui
3113 5711 3166 5754 εει
3216 5697 3457 5766 εὖχῖτπε,
3499 5700 3542 5742 ,τι
3581 5685 3750 5752 θεῖά,

2191 5775 2363 5848 μιλοι,
2385 5779 2448 5833 de
2475 5779 2670 5847 quibus
2694 5779 2756 5830 ait
2801 5775 2891 5829 lib.
2921 5789 3006 5827 κν.
