4024 6270
257 381 362 449 ἿΗ

1543 405 1956 466 ALEXIADIS
1992 409 2138 466 LIB.
2174 410 2247 470 X.

3411 421 3516 482 ’ῖθέ

263 497 535 599 ἑοτιμύσαι
571 499 638 554 τὰ
692 502 971 599 βλέφαρα·
1004 507 1109 562 κᾶν
1143 511 1302 578 ἡμεῖς
1338 512 1574 579 σταγόνα
1609 511 1814 582 μικρὰν

1944 524 2030 568 tus
2055 515 2108 569 in
2134 516 2474 570 contumacia
2499 515 2868 587 deprehensus
2900 521 2966 574 ab
2991 520 3056 576 iis
3076 531 3177 586 est,
3217 533 3326 576 tam
3353 526 3510 599 271

264 580 419 637 εἶπεν
457 588 524 640 ἄν
541 593 892 660 τιςείκότως,
919 599 980 649 ἐκ
1019 599 1111 651 τοῦ
1157 599 1532 670 Ἀδριαντικοῦ
1565 580 1840 671 πελάγους

265 676 848 752 ἀνιμησάμεθα,ὀλίγα
879 689 986 740 τῶν
1010 692 1132 744 κατ’
1162 695 1339 747 έκεῖνο
1365 695 1558 764 καιροῦ
1587 712 1842 766 πεπραγ-

264 767 445 856 μένων
495 770 574 839 τῷ
621 773 833 842 βασιλεῖ
883 782 1350 851 παραγράψαντες
1395 784 1597 853 μᾶλλον
1635 787 1668 856 ἢ
1705 788 1840 854 γρά-

258 854 486 922 ψαντες.
527 861 670 914 Ἀλλ’
709 865 914 928 ἐκεῖνος
948 871 1174 937 ἀντέσχε
1206 874 1341 940 πρὸς
1371 874 1586 926 ᾶπαντα
1616 875 1838 938 κύματά

259 965 318 1000 τε
350 950 448 1002 καὶ
497 953 774 1018 κλύδωνας
819 958 924 1021 ἕως
975 962 1074 1029 τήν
1110 963 1210 1030 τῆς
1249 965 1527 1034 βασιλείας
1561 967 1838 1037 οὐριοδρο-

265 1043 469 1110 μοῦσαν
499 1047 632 1100 ναῦν
678 1052 758 1112 είς
787 1052 1011 1121 λιμένας
1070 1057 1372 1121 ἀκλύστους
1417 1061 1688 1128 ὁρμίσειε.
1725 1064 1837 1116 Καὶ

261 1136 346 1196 τίς
378 1137 445 1189 ἂν
471 1138 503 1206 ἢ
534 1143 907 1209 Δημοσθένους
966 1149 1106 1216 ἠχὼ,
1136 1150 1166 1217 ἦ
1207 1152 1381 1220 ῥοῖζος
1418 1153 1761 1220 Πολέμωνος,
1800 1155 1831 1226 ἦ

270 1229 567 1297 Ὀμηρικαὶ
613 1238 785 1288 πᾶσαι
819 1239 1033 1292 Μοῦσαι
1063 1242 1129 1294 τὰ
1177 1245 1369 1313 ἐκείνῳ
1421 1246 1834 1316 κατωρθωμένα

259 1319 393 1386 πρὸς
425 1321 584 1382 ἀξίαν
633 1325 980 1396 ὑμνήσειαν;
1031 1331 1174 1398 Ἐγὼ
1228 1334 1273 1385 δ’
1304 1334 1369 1386 ἂν
1409 1336 1578 1403 φαίην
1625 1337 1731 1388 οὐδ’
1767 1337 1832 1389 ἂν

256 1404 420 1467 αὐτὸς
454 1408 700 1474 Πλάτων,
723 1415 832 1466 οὐδ’
862 1415 928 1468 ἂν
951 1417 1212 1486 ξύμπασα
1245 1420 1376 1472 στοὰ
1403 1422 1498 1474 καὶ
1525 1423 1832 1491 Ἀκαδημία

254 1496 332 1557 είς
392 1498 591 1552 ταύτὸν
631 1505 1067 1575 συνεληλυθυῖαι,
1113 1511 1392 1581 προσῆκον
1445 1513 1547 1583 τῆς
1616 1516 1829 1568 ἐκείνου

253 1587 429 1655 ψυχῆς
465 1592 888 1664 ἐφιλοσόφησανο
917 1602 1084 1669 μήπω
1117 1605 1226 1672 γὰρ
1255 1605 1622 1673 παυσαμένων
1654 1608 1698 1639 ³⁸
1723 1609 1829 1661 τῶν

253 1681 542 1747 χειμώνων
606 1687 831 1740 ἐκείνων
889 1693 982 1744 καὶ
1040 1693 1149 1746 τῶν
1184 1696 1538 1750 πολυπλόκων
1573 1698 1827 1767 πολέμων

256 1773 389 1840 μηδὲ
424 1775 520 1827 τοῦ
575 1779 844 1845 κλύδωνος
875 1784 1277 1856 ἀφυϐρίσαντος
1296 1792 1363 1855 ³⁸,
1391 1791 1583 1860 ἔτερος
1617 1792 1827 1860 χειμὼν

252 1865 468 1929 οὐδενὸς
513 1869 626 1921 τῶν
676 1876 985 1945 εἰρημένων
1046 1883 1284 1933 ἐλάττων
1343 1883 1490 1953 αὐτῷ
1531 1885 1574 1915 ’⁷
1604 1885 1827 1949 ἐπεγεί-

251 1974 423 2026 pst-att.

1946 607 2060 675 ipse
2082 623 2242 676 quam
2262 609 2388 676 .ejus
2425 611 2670 678 dogmata
2705 625 2962 679 perpetuo
2989 623 3116 665 sunt
3147 616 3348 681 pariter
3379 633 3515 671 ana-

1947 699 2172 753 themati
2228 699 2491 765 subjecta.
2557 703 2633 752 lla
2695 702 3025 770 imperator,
3078 714 3133 755 ttt
3184 705 3514 771 gubernator

1953 791 2149 854 bonus,
2181 791 2401 844 crebros
2422 792 2694 846 eluctatus
2739 792 2988 845 incursus
3024 805 3209 847 contra
3245 798 3511 849 ruentium

1945 883 2231 944 undarum,
2262 893 2313 934 et
2347 885 2626 936 mstuantis
2651 886 2831 936 mundi
2862 886 3025 937 vastis
3056 885 3306 939 ﬂuetibus
3329 906 3512 943 emen-

1941 971 2038 1032 sis,
2073 973 2457 1025 ecclesiasticis
2490 976 2711 1040 insuper
2743 977 2901 1028 rebus
2934 990 3081 1028 recte
3113 979 3423 1031 constitutis
3459 982 3507 1032 in

1941 1064 2043 1114 alia
2072 1065 2180 1131 jam
2212 1081 2274 1118 ex
2310 1066 2432 1120 aliis
2461 1066 2718 1117 bellorum
2755 1083 2814 1118 ac
2851 1068 3170 1118 lnmultnnm
3197 1071 3508 1124 diSt-ritnina

1941 1169 2199 1210 vocatur:
2237 1159 2316 1210 vir
2347 1174 2411 1211 eo
2444 1167 2600 1212 natus
2629 1159 2735 1210 fato
2767 1169 2817 1209 ut
2857 1176 2924 1210 ne
2953 1162 3252 1227 respirandi
3287 1164 3505 1228 quidem

1940 1265 2199 1316 unquam,
2231 1260 2322 1303 aut
2367 1252 2504 1316 quod
2561 1252 2733 1313 aiunt,
2776 1253 3100 1304 connivendi
3131 1253 3365 1318 spatium
3422 1257 3513 1306 ba-

1938 1341 2106 1393 ltet'et.
2141 1343 2288 1395 Adeo
2313 1341 2452 1394 illius
2487 1343 2735 1394 virtutem
2767 1345 2919 1410 quasi
2971 1345 3177 1395 ﬁrmam
3206 1360 3391 1394 navent
3422 1359 3516 1406 ex-

1936 1433 2184 1486 ercebant
2220 1449 2435 1500 semper
2461 1434 2547 1485 alii
2583 1450 2742 1500 super
2767 1435 2900 1486 alios
2932 1433 3214 1486 afﬂuentes
3246 1433 3506 1484 malorum

1938 1539 2123 1576 amnes
2160 1525 2526 1590 periculorum
2565 1526 2861 1579 vortit-ibus
2907 1526 3177 1590 minaces;
3215 1527 3294 1577 vel
3334 1526 3510 1592 potius

1937 1613 2052 1666 sine
2084 1623 2236 1678 portu
2266 1628 2328 1665 ac
2361 1613 2539 1668 littore
2585 1614 2636 1666 in
2689 1618 3010 1668 immensum
3052 1625 3202 1668 vasta
3244 1617 3510 1681 saevisque

1937 1704 2189 1771 procellis
2229 1703 2420 1759 infesta
2456 1707 2649 1760 maria.
2684 1707 2812 1772 Quae
2865 1721 2966 1774 ego
2999 1717 3276 1773 utcunque
3330 1721 3506 1770 rerum

1933 1794 2104 1848 Alexii
2152 1797 2376 1863 Augusti
2434 1797 2673 1865 professa
2725 1801 3124 1863 narrationem,
3182 1815 3284 1851 non
3326 1798 3509 1862 utique

1937 1887 2118 1939 omnia
2165 1887 2215 1940 in
2244 1888 2384 1942 hunc
2424 1890 2587 1942 veluti
2631 1901 2916 1957 angustum
2953 1893 3134 1958 operis
3159 1890 3262 1942 mei
3297 1890 3503 1941 alveum

1936 1980 2212 2033 corrivare
2242 1996 2452 2046 sperem
2485 1998 2662 2050 posse.
2694 1983 2832 2047 Quin
2871 1984 3009 2037 ultro
3049 1983 3218 2036 fateor
3246 1984 3358 2036 haec
3388 1997 3505 2049 qua:

246 2054 311 2102 ad
337 2054 609 2118 specimen
642 2074 706 2112 ac
737 2063 1048 2114 memoriam
1080 2075 1443 2127 excerpuntur
1472 2083 1499 2119 a
1537 2082 1640 2129 me,
1694 2070 2030 2138 summisque
2079 2074 2259 2140 potius
2321 2075 2550 2141 fastigiis
2596 2077 2906 2129 delibantur
2959 2086 3119 2144 quam
3174 2080 3500 2144 exsequendi

243 2145 426 2196 omnia
465 2160 558 2212 spe
586 2160 678 2203 aut
706 2154 936 2206 consilio
965 2155 1296 2215 scribuntur.
1334 2158 1376 2208 si
1407 2160 1472 2209 ad
1501 2159 1810 2213 univer5nm
1844 2177 2038 2228 corpus
2061 2180 2241 2217 rerum
2267 2167 2334 2218 ab
2381 2166 2567 2219 Alexio
2607 2177 2876 2233 gestarum
2929 2179 3334 2235 comparentur,
3386 2182 3502 2218 eam

244 2236 357 2290 fere
391 2243 525 2292 tueri
565 2245 960 2309 proportionem
992 2247 1168 2314 qualis
1208 2256 1349 2300 esset
1376 2249 1530 2303 Stillze
1557 2251 1714 2302 unius
1745 2269 1809 2306 ex
1847 2257 1978 2308 mari
2015 2258 2288 2309 Adriatico
2316 2258 2520 2311 hius-ta:
2585 2261 2649 2312 ad
2687 2268 2850 2311 totam
2885 2261 2999 2328 ejus
3061 2260 3229 2325 pelagi
3282 2261 3507 2312 vastita-

244 2340 374 2385 t-un.
411 2332 606 2387 Verum
632 2352 726 2400 per
748 2338 843 2391 has
874 2349 1220 2404 tempestates
1242 2357 1443 2407 perque
1491 2344 1589 2396 bos
1646 2342 1866 2409 ﬂuctus,
1914 2346 2084 2400 divini
2135 2350 2348 2417 quidem
2380 2351 2580 2404 favoris
2606 2355 2878 2420 aspirante
2910 2369 3063 2416 aura,
3097 2353 3297 2405 salvam
3332 2354 3414 2404 ille
3443 2370 3504 2407 ac

239 2425 528 2475 victricem
565 2425 776 2491 imperii
811 2431 1087 2480 navemad
1119 2445 1434 2497 proSperutn
1463 2444 1678 2499 portum
1725 2436 1952 2504 appulit.
1986 2437 2102 2503 Quo
2155 2441 2371 2493 nomine
2420 2458 2581 2510 quam
2647 2445 2856 2496 laudent
2925 2445 3142 2506 meruit,
3211 2459 3312 2494 non
3383 2459 3501 2496 eam

240 2529 340 2567 vos
368 2516 774 2580 Demosthenis,
808 2533 910 2571 non
947 2517 1250 2573 Polemonis
1272 2532 1486 2576 torrens
1520 2526 1819 2592 ingenium.
1858 2545 1964 2584 non
2025 2531 2324 2586 Homerica:
2383 2549 2568 2588 omnes
2628 2535 2794 2590 Musw
2820 2553 2914 2603 pro
2942 2537 3197 2606 dignitate
3258 2537 3498 2590 celebra-

239 2607 449 2661 verint.
486 2605 598 2662 lino
631 2625 696 2664 ne
721 2611 836 2681 ipse
860 2614 1073 2678 quidem
1105 2613 1278 2675 Plato,
1311 2631 1484 2684 neque
1506 2619 1549 2670 si
1577 2617 1822 2675 Porticus
1851 2635 1972 2676 cum
2011 2623 2302 2677 Academia
2370 2625 2685 2693 censpirent
2713 2667 2727 2691 ,
2784 2605 3154 2695 philosophari
3209 2629 3500 2696 quidquam

241 2717 347 2753 non
367 2702 604 2755 heroicis
624 2704 796 2756 Alexii
818 2706 1025 2759 meritis
1043 2705 1360 2760 minusmeo
1400 2709 1604 2777 judicio
1640 2722 1860 2778 queant.
1916 2714 2018 2766 Sed
2059 2714 2168 2780 jam
2192 2716 2257 2769 ad
2290 2717 2448 2770 alium
2481 2719 2749 2773 turbinem
2785 2723 3104 2775 veniendum
3134 2733 3217 2776 est
3239 2723 3326 2790 qui
3359 2725 3504 2790 prio-

241 2811 364 2848 rum
401 2797 549 2848 nullo
574 2798 951 2853 formidolosus
980 2801 1380 2869 vehemensqtte
1443 2803 1620 2856 minus
1672 2804 1890 2859 vixdum
1925 2809 2128 2864 sedatis
2162 2810 2272 2863 illis
2319 2826 2381 2863 ac
2414 2815 2724 2881 compositis
2777 2813 2974 2882 ingruit
3030 2815 3080 2867 in
3125 2812 3392 2866 fortunam
3440 2827 3503 2866 ac

237 2901 440 2943 statum
473 2891 641 2958 pa'ris
670 2891 795 2942 mei.

315 2985 431 3037 Καὶ
467 2985 573 3052 γὰρ
623 2983 907 3052 ἄνθρωπός
943 3001 1022 3045 τις
1080 2984 1138 3036 οὑ
1170 2984 1279 3036 τῶν
1332 2987 1635 3054 ἐπιφανῶν,
1695 2988 1830 3041 ἀλλὰ

241 3075 341 3127 καὶ
369 3075 470 3142 τῆς
506 3075 657 3127 κάτω
686 3075 856 3144 τύχης
887 3077 949 3126 ἐκ
973 3075 1065 3127 τοῦ
1097 3077 1338 3145 χάρακος
1367 3077 1710 3148 ὁρμώμενος,
1735 3081 1829 3132 τὸν

237 3167 338 3220 τοῦ
377 3167 666 3233 Διογένους
725 3167 839 3219 υἱὸν
873 3167 984 3235 (8'7)
1019 3168 1209 3219 ἑαυτὸν
1271 3162 1412 3220 εἶναι
1474 3168 1681 3238 ἔλεγεν,
1723 3172 1826 3224 κᾶν

237 3262 458 3322 ἐκεῖνος
535 3261 750 3326 φθάσας
817 3261 1055 3329 ἀνῃρέθη
1108 3261 1347 3329 ὁπηνίκα
1399 3262 1488 3313 τὸν
1541 3263 1677 3330 μετᾶ
1716 3264 1824 3315 τῶν

236 3352 508 3420 Τούρκων
543 3353 686 3404 κατὰ
725 3352 824 3419 τὴν
888 3352 1218 3420 Ἀντιόχειαν
1253 3353 1297 3384 ³⁸
1333 3354 1568 3422 πόλεμον
1611 3357 1638 3406 ὁ
1718 3357 1825 3408 Κο-

240 3444 453 3515 μνηνὸς
493 3443 766 3506 Ἰσαάκιος
811 3444 906 3496 καὶ
937 3445 1268 3510 αὑτάδελφος
1295 3446 1386 3497 τοῦ
1420 3446 1823 3515 αὐτοκράτορος

235 3536 667 3606 συνεκρότησεν.
708 3534 898 3594 Ὅπως
939 3535 1018 3597 δὲ,
1055 3535 1130 3604 τῷ
1157 3534 1660 3606 λεπτομερέστερον
1706 3539 1823 3590 ἐθέ-

235 3630 389 3682 λοντι.
427 3628 722 3696 μανθάνειν
777 3627 995 3692 ἐξέσται
1025 3629 1132 3680 ἀπὸ
1159 3629 1263 3682 τῶν
1297 3631 1390 3682 τοῦ
1434 3629 1650 3683 κλεινοῦ
1685 3631 1814 3682 Καί-

237 3738 410 3792 σαρος
439 3721 894 3788 συγγραμμάτων
921 3721 1238 3789 διευτυχεῖν.
1271 3722 1429 3790 Παρὰ
1471 3723 1685 3776 πολλῶν
1721 3725 1818 3793 μὲν

231 3816 330 3868 οὖν
364 3816 408 3846 ’³
445 3814 934 3879 ἐπιστομιζόμενος
957 3816 982 3865 ὁ
1005 3813 1242 3876 τοιοῦτος
1267 3814 1502 3866 ἐπαύετο
1545 3815 1814 3882 οὐδαμῶς.

232 3909 351 3960 Καὶ
380 3908 492 3973 γὰρ
535 3902 666 3973 ἦλθε
706 3905 804 3968 μὲν
853 3899 1008 3965 οὗτος
1055 3904 1112 3966 ἐξ
1158 3906 1417 3972 ἀνατολῆς,
1454 3903 1498 3934 ³ο
1527 3903 1699 3971 πένης
1756 3921 1814 3955 τε

229 4001 328 4053 καὶ
358 3999 796 4066 σισσυροφορῶν·
827 3999 1262 4065 πανουργότατος
1293 3997 1344 4048 δὲ
1374 3996 1448 4047 ὢν
1471 3999 1564 4048 καὶ
1596 3996 1655 4048 τὸ
1686 3993 1817 4066 ἦθος

229 4091 581 4159 πολύτροπος
620 4089 958 4159 περιενόστει
1019 4091 1116 4157 τὴν
1167 4090 1342 4152 πόλιν,
1381 4089 1501 4140 κατ’
1529 4087 1712 4151 οἴκους
1758 4103 1816 4140 τε

231 4182 328 4234 καὶ
355 4179 700 4249 ρυμοτομίας
729 4181 856 4248 περὶ
875 4178 1070 4230 ἑαυτοῦ
1104 4179 1284 4248 ὑψηλά
1305 4196 1426 4230 τινα
1452 4179 1812 4246 διαγγέλλων,

229 4274 332 4324 καὶ
387 4270 465 4332 ὡς
495 4270 581 4339 εἴη
620 4271 714 4322 τοῦ
762 4271 1324 4340 προϐεϐασιλευκΰτος
1370 4270 1655 4338 Διογένους
1699 4271 1817 4334 υίὸς

225 4366 388 4418 Λέων
419 4366 648 4430 ἐκεῖνος,
679 4363 738 4426 ὃς
791 4365 932 4416 κατᾶ
967 4362 1067 4431 τὴν
1110 4363 1442 4433 ’Δντιὸχειαν
1470 4365 1573 4416 ὑπὸ
1604 4363 1810 4433 βέλους,

227 4461 304 4520 ὡς
364 4457 608 4526 εἴρηται,
647 4456 876 4524 πληγεὶς
930 4457 1360 4524 ἐτετελευτήκει.
1433 4454 1815 4509 Ἀναδιὼσκων

229 4551 418 4602 τοίνυν
449 4548 542 4601 τὸν
575 4547 875 4614 τεθνηκότα
907 4543 1061 4609 οὗτος
1089 4549 1117 4599 ὁ
1146 4547 1360 4611 ἀλαζὼν
1402 4546 1642 4616 τοῦνομά
1669 4565 1727 4599 τε
1753 4548 1813 4600 τὸ

225 4640 445 4694 ἐκείνου
494 4637 674 4706 ἐαυτῷ
708 4637 1028 4708 περιετίθει,
1069 4638 1165 4689 καὶ
1205 4639 1452 4705 φανερῶς
1503 4638 1810 4702 ἐϐασιλεία,

2004 2987 2222 3039 Exstitit
2260 2986 2440 3037 subito
2471 3001 2499 3039 e
2543 2985 2672 3040 ﬁece
2703 2989 2964 3041 castrensi
2999 3000 3154 3042 terra:
3201 2988 3340 3042 ﬁlius
3378 2991 3500 3055 qui-

1928 3081 2050 3132 dam
2086 3080 2248 3132 homo
2283 3078 2436 3132 nihili
2486 3080 2576 3146 qui
2613 3094 2671 3132 se
2715 3079 3004 3148 Diogenem
3035 3095 3159 3133 esse
3205 3081 3501 3132 allirmaret

1925 3171 2044 3240 ejus
2077 3172 2166 3239 qui
2203 3171 2329 3224 olim
2361 3171 2466 3225 isto
2491 3171 2708 3224 nomine
2743 3173 3100 3239 imperaverat
3133 3171 3320 3225 ﬁlium.
3353 3171 3499 3225 Satis

1925 3265 2213 3318 constabat
2243 3263 2392 3315 illum
2430 3262 2584 3328 cujus
2617 3263 2669 3315 in
2722 3278 2914 3315 nomen
2968 3278 3029 3315 ac
3082 3278 3366 3330 personam
3419 3263 3500 3314 i-

1930 3354 2478 3431 vadchagplagiarius
2513 3355 2598 3406 hic
2653 3353 2872 3416 nebulo,
2926 3352 3269 3406 interfectum
3327 3352 3495 3407 fuisse

1928 3460 1993 3498 eo
2031 3445 2217 3514 prael‘o
2253 3447 2416 3513 quod,
2455 3443 2658 3498 lsaacio
2683 3461 2824 3497 nunc
2871 3445 3331 3510 sebastocratore,
3368 3454 3494 3497 tunc

1926 3535 2226 3590 Romanum
2286 3538 2583 3590 exercitum
2637 3538 2912 3599 ductante,
2965 3537 3313 3589 commissum
3368 3551 3488 3587 eum

1925 3629 2118 3682 Turcis
2168 3636 2251 3682 est
2299 3630 2362 3681 ad
2401 3628 2764 3684 Antiochiam.
2802 3629 2868 3681 de
2904 3642 3008 3695 quo
3060 3629 3148 3693 qui
3186 3627 3494 3678 distinctius

1925 3722 2066 3775 scire
2121 3721 2303 3782 volet,
2351 3721 2515 3774 habet
2565 3719 2984 3774 commentarios
3031 3716 3205 3770 nostri
3237 3716 3491 3777 Caesaris,

1925 3827 2058 3880 quos
2099 3811 2348 3864 consulat
2382 3827 2397 3866 :
2436 3818 2617 3863 tamen
2674 3809 2962 3862 multorum
3014 3807 3258 3860 factiosis
3300 3807 3496 3860 studiis

1925 3910 1980 3952 et
2061 3900 2534 3953 adhortationibus
2611 3899 2962 3952 conﬁrmatus
3034 3900 3494 3950 circutnforaneus

1922 4003 2106 4062 agyrta
2158 3994 2533 4059 perseverabat
2564 3992 2705 4058 quod
2754 3993 2915 4043 semel
2952 4002 3212 4058 rmperat.
3264 3993 3324 4043 Et
3376 4001 3494 4043 erat

1923 4083 2073 4135 vafer
2117 4095 2438 4150 astutusque
2492 4082 2805 4143 homuncio,
2855 4081 2942 4134 eui
2997 4083 3290 4134 necessitas
3340 4082 3493 4148 inge-

1920 4177 2066 4228 nium
2107 4186 2346 4228 acuerat.
2373 4175 2612 4229 Venerat
2645 4175 2791 4227 enim
2820 4175 2886 4227 ab
2921 4174 3144 4229 Oriente
3186 4174 3494 4228 Constanti-

1921 4267 2156 4334 n0politn
2191 4284 2356 4336 egens
2397 4277 2448 4322 et
2481 4283 2783 4335 pannouts;
2833 4269 3011 4337 itaque
3064 4269 3357 4320 versutiam
3399 4281 3492 4333 pro

1920 4373 1977 4412 re
2003 4370 2226 4427 arthue
2263 4358 2488 4423 habens,
2523 4372 2642 4413 eam
2682 4370 2902 4412 strenue
2946 4361 2996 4413 in
3049 4375 3204 4412 nsum
3254 4359 3490 4426 explica-

1921 4451 2033 4515 bat,
2070 4451 2259 4504 obiens
2309 4451 2527 4503 vicatim
2586 4453 2794 4510 urbem,
2841 4454 3135 4519 domosque
3179 4460 3491 4520 penetrans,

1919 4552 2084 4611 atque
2116 4542 2219 4595 illic
2251 4545 2390 4611 apud
2427 4544 2680 4598 credulos
2715 4545 2914 4597 mirum-
2945 4557 3105 4613 qnam
3158 4544 3374 4597 excelsa
3425 4543 3492 4595 de

1918 4649 1976 4687 se
2005 4635 2325 4703 praedicans.
2355 4633 2622 4688 Nimirum
2653 4649 2712 4689 se
2747 4652 2864 4690 esse
2894 4637 3014 4706 ejus
3051 4637 3138 4702 qtti
3193 4651 3364 4704 nuper
3394 4637 3491 4686 illl-

230 4733 328 4782 καὶ
378 4731 505 4792 τοὺς
560 4731 931 4799 κουφοτέρους
969 4729 1232 4799 ὑπήγετο.
1296 4731 1404 4781 Καὶ
1447 4725 1515 4799 ἦν
1559 4728 1669 4800 ἄρα
1717 4732 1812 4784 καὶ

1928 4737 2204 4796 peraverat
2237 4728 2489 4799 Diogenis
2526 4730 2694 4782 ﬁlium
2733 4730 2967 4783 Leonem
3015 4731 3160 4783 illum
3209 4730 3300 4797 qui
3347 4729 3488 4796 apud

226 4821 392 4875 τοῦτο
423 4822 484 4874 τὸ
513 4821 687 4875 δεινὸν
723 4821 962 4889 ἐπιθήκη
1019 4821 1126 4873 τῶν
1157 4821 1248 4873 τοῦ
1282 4820 1549 4889 βασιλέως
1590 4837 1806 4890 συμφο-

233 4913 369 4984 ρῶν,
413 4912 600 4985 ὦσπερ
640 4929 695 4966 τι
752 4913 935 4981 δρᾶμα
984 4911 1468 4981 ὲπιτραγῳδούσης
1521 4911 1672 4981 αὐτῷ
1706 4913 1807 4982 τῆς

227 5005 402 5076 τύχης
419 5003 607 5059 τοῦτον
629 5005 724 5057 τὸν
749 5002 1142 5072 κακοδαίμονα.
1167 5003 1277 5056 Καὶ
1308 5000 1524 5070 ὥσπερ,
1556 4997 1716 5071 οἶμαι
1734 5002 1804 5069 ³¹,

1908 4819 2254 4874 Antiochiam
2287 4823 2483 4892 sagitta
2522 4823 2685 4890 ictus,
2714 4832 2773 4877 ut
2801 4824 3058 4886 diximus,
3114 4821 3354 4885 obierat;
3407 4829 3491 4872 ta-

1917 4913 2228 4982 met1272
2259 4930 2382 4967 cum
2431 4914 2522 4969 hic
2571 4916 2832 4984 impostor
2864 4918 3129 4969 excitarat
3181 4929 3209 4966 a
3259 4911 3488 4966 mortuis

1912 5003 2139 5067 scilicet,
2175 5014 2325 5056 certe
2380 5005 2524 5058 illius
2570 5017 2827 5074 usurpato
2880 5006 3094 5058 nomine
3129 5001 3270 5054 haud
3323 4999 3486 5051 dissi-

1266 5119 1466 5181 Varim
1512 5119 1820 5182 lectiones
1865 5137 1946 5181 ex
1986 5123 2126 5182 cod.
2162 5122 2427 5182 Coislin.

305 5225 353 5296 ξ’
379 5227 771 5296 παυσαμένων.
866 5224 1332 5293 ¹⁶ήσυχάσαντος.
1437 5224 1711 5275 ²⁷αὐτῶν.

233 5296 277 5327 ³³
300 5295 428 5366 ἄρα.

1800 5223 1848 5255 ’⁸
1869 5222 2168 5290 Ἀντιόχου.

2248 5224 2292 5254 ’³
2330 5223 2534 5277 Desunt
2563 5238 2726 5277 voces
2755 5221 2855 5290 μὲν
2881 5219 2996 5275 οὖν.
3102 5218 3145 5248 ³⁰
3178 5214 3474 5268 ἀνατολῶν.

1316 5431 1805 5493 Car.Duft-esnii
1839 5433 1936 5493 Du
1977 5426 2194 5505 Cangii
2234 5435 2420 5488 noun.

304 5539 412 5609 (87)
442 5540 768 5610 Διογένους
797 5533 952 5587 υἱόν.
985 5529 1492 5610 Ρερυιιο-Βίοβεηίε
1544 5529 1798 5610 rebellio?

232 5599 348 5663 nein
379 5599 429 5662 et
455 5599 883 5665 excaecatimtem
921 5602 1083 5655 refert
1113 5605 1277 5654 etiam
1313 5600 1575 5655 Zonaras.
1623 5599 1669 5653 Is
1701 5618 1799 5653 au-

237 5688 335 5732 tem
372 5681 628 5748 Diogenis
667 5678 800 5741 itnp.
830 5673 971 5725 ﬁlius
1005 5686 1110 5748 non
1145 5671 1275 5748 Leo,
1307 5671 1570 5748 uli__habet
1597 5671 1796 5748 _Anna,

235 5749 321 5803 sed
351 5741 748 5806 C0nstanlinus
795 5755 1036 5795 vocatur.
1094 5741 1168 5794 Ita
1191 5743 1334 5793 enitn
1367 5741 1567 5794 diserte
1597 5741 1797 5808 Bryeu-

235 5820 368 5884 nius,
399 5820 491 5874 bb.
535 5837 569 5883 t,
606 5833 731 5884 cap.
756 5813 808 5878 6,
843 5821 896 5866 tt
931 5812 1020 5866 lib.
1056 5827 1113 5877 tt,
1145 5826 1263 5882 cap.
1299 5811 1390 5872 29,
1446 5811 1532 5864 ubi
1566 5812 1682 5879 ejus
1730 5809 1798 5863 ad

1910 5530 2252 5584 Antiochiam
2304 5527 2574 5579 interitum
2611 5535 2828 5578 enarrat
2882 5523 2982 5576 sub
3036 5539 3124 5576 an.
3178 5517 3333 5573 1070.
3370 5515 3480 5572 Leo

1912 5614 2039 5655 vero
2076 5601 2126 5652 in
2158 5599 2344 5666 praelio
2373 5607 2565 5666 cout_ra
2599 5595 2830 5666 Scythas
2864 5593 3054 5666 Alexio
3078 5591 3193 5666 ipsi
3249 5593 3480 5666 impera-

1909 5671 2013 5726 tori
2048 5660 2258 5723 merens
2289 5681 2460 5723 caesus
2490 5664 2614 5731 fuit,
2645 5660 2703 5720 ιιί
2734 5662 2899 5718 refert
2940 5660 3123 5718 eadem
3167 5660 3343 5724 Anna,
3384 5660 3476 5713 lib.

1907 5758 2000 5808 vn,
2033 5757 2086 5810 p.
2120 5738 2242 5794 196.
