  <div class='ocr_page' id='page_1' title='image "/cluster/home/n/w/nwhite01/storage/ocr_20150623/131/mdp.39015078384248/369.png"; bbox 0 0 4024 6270; ppageno 0'>
   <div class='ocr_carea' id='block_1_1' title="bbox 519 364 630 432">
    <p class='ocr_par' dir='ltr' id='par_1_1' title="bbox 519 364 630 432">
     <span class='ocr_line' id='line_1_1' title="bbox 519 364 630 432; baseline -0.027 -1"><span class='ocrx_word' id='word_1_1' title='bbox 519 364 630 432; x_wconf 78' lang='grc'>707</span> 
     </span>
    </p>
   </div>
   <div class='ocr_carea' id='block_1_2' title="bbox 1831 377 2486 441">
    <p class='ocr_par' dir='ltr' id='par_1_2' title="bbox 1831 377 2486 441">
     <span class='ocr_line' id='line_1_2' title="bbox 1831 377 2486 441; baseline 0.011 -7"><span class='ocrx_word' id='word_1_2' title='bbox 1831 377 2056 438; x_wconf 71' lang='grc' dir='ltr'>ΑΝΝᾸΞ</span> <span class='ocrx_word' id='word_1_3' title='bbox 2097 379 2486 441; x_wconf 70' lang='grc' dir='ltr'><strong>(ΣΗΜΝΕΝᾸΞ</strong></span> 
     </span>
    </p>
   </div>
   <div class='ocr_carea' id='block_1_3' title="bbox 3687 396 3784 459">
    <p class='ocr_par' dir='ltr' id='par_1_3' title="bbox 3687 396 3784 459">
     <span class='ocr_line' id='line_1_3' title="bbox 3687 396 3784 459; baseline 0.031 -3"><span class='ocrx_word' id='word_1_4' title='bbox 3687 396 3784 459; x_wconf 75' lang='grc'><strong>708</strong></span> 
     </span>
    </p>
   </div>
   <div class='ocr_carea' id='block_1_4' title="bbox 519 475 3784 573">
    <p class='ocr_par' dir='ltr' id='par_1_4' title="bbox 519 475 3784 573">
     <span class='ocr_line' id='line_1_4' title="bbox 519 475 3784 573; baseline 0.01 -41"><span class='ocrx_word' id='word_1_5' title='bbox 519 479 818 546; x_wconf 81' lang='lat' dir='ltr'><strong>vigilanter</strong></span> <span class='ocrx_word' id='word_1_6' title='bbox 849 475 1242 548; x_wconf 73' lang='lat' dir='ltr'><strong>fungerentur;</strong></span> <span class='ocrx_word' id='word_1_7' title='bbox 1281 495 1556 552; x_wconf 74' lang='lat' dir='ltr'><strong>operaque</strong></span> <span class='ocrx_word' id='word_1_8' title='bbox 1583 485 1760 540; x_wconf 81' lang='lat' dir='ltr'><strong>ontnia</strong></span> <span class='ocrx_word' id='word_1_9' title='bbox 1789 501 1908 556; x_wconf 70' lang='lat' dir='ltr'><strong>qum</strong></span> <span class='ocrx_word' id='word_1_10' title='bbox 1935 490 2000 542; x_wconf 88' lang='lat' dir='ltr'><strong>ad</strong></span> <span class='ocrx_word' id='word_1_11' title='bbox 2047 489 2098 541; x_wconf 98' lang='lat' dir='ltr'><strong>id</strong></span> <span class='ocrx_word' id='word_1_12' title='bbox 2129 495 2172 549; x_wconf 75' lang='grc' dir='ltr'><strong>Α</strong></span> <span class='ocrx_word' id='word_1_13' title='bbox 2205 495 2550 564; x_wconf 76' lang='grc' dir='ltr'>παραχρῆμα</span> <span class='ocrx_word' id='word_1_14' title='bbox 2577 494 2668 547; x_wconf 71' lang='grc' dir='ltr'>τὸν</span> <span class='ocrx_word' id='word_1_15' title='bbox 2697 495 2800 564; x_wconf 81' lang='grc' dir='ltr'>μὲν</span> <span class='ocrx_word' id='word_1_16' title='bbox 2821 497 3276 573; x_wconf 68' lang='grc' dir='ltr'>Καντακουζηνδν</span> <span class='ocrx_word' id='word_1_17' title='bbox 3309 504 3402 558; x_wconf 77' lang='grc' dir='ltr'><strong>καὶ</strong></span> <span class='ocrx_word' id='word_1_18' title='bbox 3425 505 3518 558; x_wconf 74' lang='grc' dir='ltr'>τὸν</span> <span class='ocrx_word' id='word_1_19' title='bbox 3536 507 3784 566; x_wconf 63' lang='lat' dir='ltr'><strong>Tarium</strong></span> 
     </span>
    </p>
   </div>
   <div class='ocr_carea' id='block_1_5' title="bbox 523 570 2104 648">
    <p class='ocr_par' dir='ltr' id='par_1_5' title="bbox 523 570 2104 648">
     <span class='ocr_line' id='line_1_5' title="bbox 523 570 2104 648; baseline 0.008 -26"><span class='ocrx_word' id='word_1_20' title='bbox 523 571 930 640; x_wconf 69' lang='lat' dir='ltr'><strong>prmsrripseiat</strong></span> <span class='ocrx_word' id='word_1_21' title='bbox 963 570 1202 638; x_wconf 76' lang='lat' dir='ltr'><strong>perfecta</strong></span> <span class='ocrx_word' id='word_1_22' title='bbox 1233 572 1340 642; x_wconf 85' lang='lat' dir='ltr'><strong>jam</strong></span> <span class='ocrx_word' id='word_1_23' title='bbox 1375 587 1582 642; x_wconf 83' lang='lat' dir='ltr'><strong>essent,</strong></span> <span class='ocrx_word' id='word_1_24' title='bbox 1635 579 1702 632; x_wconf 90' lang='lat' dir='ltr'><strong>iis</strong></span> <span class='ocrx_word' id='word_1_25' title='bbox 1731 596 1852 648; x_wconf 73' lang='lat' dir='ltr'><strong>qua:</strong></span> <span class='ocrx_word' id='word_1_26' title='bbox 1885 595 2104 648; x_wconf 79' lang='lat' dir='ltr'><strong>compe-</strong></span> 
     </span>
    </p>
   </div>
   <div class='ocr_carea' id='block_1_6' title="bbox 525 664 2104 740">
    <p class='ocr_par' dir='ltr' id='par_1_6' title="bbox 525 664 2104 740">
     <span class='ocr_line' id='line_1_6' title="bbox 525 664 2104 740; baseline 0.008 -25"><span class='ocrx_word' id='word_1_27' title='bbox 525 665 692 716; x_wconf 83' lang='lat' dir='ltr'><strong>risset</strong></span> <span class='ocrx_word' id='word_1_28' title='bbox 745 665 986 715; x_wconf 83' lang='lat' dir='ltr'><strong>nondum</strong></span> <span class='ocrx_word' id='word_1_29' title='bbox 1043 664 1318 728; x_wconf 83' lang='lat' dir='ltr'><strong>absoluta,</strong></span> <span class='ocrx_word' id='word_1_30' title='bbox 1369 683 1588 722; x_wconf 87' lang='lat' dir='ltr'><strong>manum</strong></span> <span class='ocrx_word' id='word_1_31' title='bbox 1633 669 1746 738; x_wconf 88' lang='lat' dir='ltr'><strong>ipse</strong></span> <span class='ocrx_word' id='word_1_32' title='bbox 1797 687 2104 740; x_wconf 77' lang='lat' dir='ltr'><strong>supremam</strong></span> 
     </span>
    </p>
   </div>
   <div class='ocr_carea' id='block_1_7' title="bbox 523 755 2102 820">
    <p class='ocr_par' dir='ltr' id='par_1_7' title="bbox 523 755 2102 820">
     <span class='ocr_line' id='line_1_7' title="bbox 523 755 2102 820; baseline 0.01 -16"><span class='ocrx_word' id='word_1_33' title='bbox 523 755 900 820; x_wconf 83' lang='lat' dir='ltr'><strong>impositurus,</strong></span> <span class='ocrx_word' id='word_1_34' title='bbox 935 765 1028 806; x_wconf 89' lang='lat' dir='ltr'><strong>aut</strong></span> <span class='ocrx_word' id='word_1_35' title='bbox 1079 757 1218 810; x_wconf 86' lang='lat' dir='ltr'><strong>male</strong></span> <span class='ocrx_word' id='word_1_36' title='bbox 1273 759 1518 812; x_wconf 90' lang='lat' dir='ltr'><strong>instituta</strong></span> <span class='ocrx_word' id='word_1_37' title='bbox 1569 771 1941 817; x_wconf 64' lang='lat' dir='ltr'><strong>correcturus.</strong></span> <span class='ocrx_word' id='word_1_38' title='bbox 1977 764 2102 820; x_wconf 65' lang='lat' dir='ltr'><strong>Hmc</strong></span> 
     </span>
    </p>
   </div>
   <div class='ocr_carea' id='block_1_8' title="bbox 517 847 2106 920">
    <p class='ocr_par' dir='ltr' id='par_1_8' title="bbox 517 847 2106 920">
     <span class='ocr_line' id='line_1_8' title="bbox 517 847 2106 920; baseline 0.008 -21"><span class='ocrx_word' id='word_1_39' title='bbox 517 848 660 900; x_wconf 83' lang='lat' dir='ltr'><strong>enim</strong></span> <span class='ocrx_word' id='word_1_40' title='bbox 697 847 741 898; x_wconf 82' lang='lat' dir='ltr'><strong>si</strong></span> <span class='ocrx_word' id='word_1_41' title='bbox 776 857 833 900; x_wconf 89' lang='lat' dir='ltr'><strong>ut</strong></span> <span class='ocrx_word' id='word_1_42' title='bbox 863 851 1154 912; x_wconf 88' lang='lat' dir='ltr'><strong>oportebat</strong></span> <span class='ocrx_word' id='word_1_43' title='bbox 1201 865 1259 903; x_wconf 89' lang='lat' dir='ltr'><strong>se</strong></span> <span class='ocrx_word' id='word_1_44' title='bbox 1291 853 1570 918; x_wconf 84' lang='lat' dir='ltr'><strong>haberent,</strong></span> <span class='ocrx_word' id='word_1_45' title='bbox 1609 855 1924 920; x_wconf 73' lang='lat' dir='ltr'><strong>perdifﬁcile</strong></span> <span class='ocrx_word' id='word_1_46' title='bbox 1957 859 2106 912; x_wconf 88' lang='lat' dir='ltr'><strong>futu-</strong></span> 
     </span>
    </p>
   </div>
   <div class='ocr_carea' id='block_1_9' title="bbox 519 937 2103 1009">
    <p class='ocr_par' dir='ltr' id='par_1_9' title="bbox 519 937 2103 1009">
     <span class='ocr_line' id='line_1_9' title="bbox 519 937 2103 1009; baseline 0.006 -18"><span class='ocrx_word' id='word_1_47' title='bbox 519 955 636 991; x_wconf 88' lang='lat' dir='ltr'><strong>rum</strong></span> <span class='ocrx_word' id='word_1_48' title='bbox 671 937 930 990; x_wconf 83' lang='lat' dir='ltr'><strong>Cumanis</strong></span> <span class='ocrx_word' id='word_1_49' title='bbox 965 950 1085 990; x_wconf 87' lang='lat' dir='ltr'><strong>erat</strong></span> <span class='ocrx_word' id='word_1_50' title='bbox 1121 939 1241 992; x_wconf 88' lang='lat' dir='ltr'><strong>illac</strong></span> <span class='ocrx_word' id='word_1_51' title='bbox 1277 951 1580 1009; x_wconf 83' lang='lat' dir='ltr'><strong>penetrare.</strong></span> <span class='ocrx_word' id='word_1_52' title='bbox 1617 941 1884 998; x_wconf 80' lang='lat' dir='ltr'><strong>Omnibus</strong></span> <span class='ocrx_word' id='word_1_53' title='bbox 1915 962 1944 999; x_wconf 90' lang='lat' dir='ltr'><strong>e</strong></span> <span class='ocrx_word' id='word_1_54' title='bbox 1976 963 2103 1001; x_wconf 87' lang='lat' dir='ltr'><strong>seu-</strong></span> 
     </span>
    </p>
   </div>
   <div class='ocr_carea' id='block_1_10' title="bbox 519 1030 2103 1120">
    <p class='ocr_par' dir='ltr' id='par_1_10' title="bbox 519 1030 2103 1120">
     <span class='ocr_line' id='line_1_10' title="bbox 519 1030 2103 1120; baseline 0.008 -38"><span class='ocrx_word' id='word_1_55' title='bbox 519 1033 688 1082; x_wconf 79' lang='lat' dir='ltr'><strong>tentia</strong></span> <span class='ocrx_word' id='word_1_56' title='bbox 721 1030 1001 1096; x_wconf 86' lang='lat' dir='ltr'><strong>dispositis</strong></span> <span class='ocrx_word' id='word_1_57' title='bbox 1029 1045 1312 1085; x_wconf 82' lang='lat' dir='ltr'><strong>revertens</strong></span> <span class='ocrx_word' id='word_1_58' title='bbox 1337 1033 1463 1087; x_wconf 88' lang='lat' dir='ltr'><strong>inde</strong></span> <span class='ocrx_word' id='word_1_59' title='bbox 1492 1035 1558 1089; x_wconf 88' lang='lat' dir='ltr'><strong>ad</strong></span> <span class='ocrx_word' id='word_1_60' title='bbox 1587 1035 1834 1120; x_wconf 76' lang='lat' dir='ltr'><strong>Sacram,</strong></span> <span class='ocrx_word' id='word_1_61' title='bbox 1872 1054 1989 1106; x_wconf 64' lang='lat' dir='ltr'><strong>quae</strong></span> <span class='ocrx_word' id='word_1_62' title='bbox 2021 1041 2103 1094; x_wconf 83' lang='lat' dir='ltr'><strong>di-</strong></span> 
     </span>
    </p>
   </div>
   <div class='ocr_carea' id='block_1_11' title="bbox 517 1123 2102 1196">
    <p class='ocr_par' dir='ltr' id='par_1_11' title="bbox 517 1123 2102 1196">
     <span class='ocr_line' id='line_1_11' title="bbox 517 1123 2102 1196; baseline 0.008 -22"><span class='ocrx_word' id='word_1_63' title='bbox 517 1124 680 1186; x_wconf 90' lang='lat' dir='ltr'><strong>citur,</strong></span> <span class='ocrx_word' id='word_1_64' title='bbox 715 1123 961 1190; x_wconf 82' lang='lat' dir='ltr'><strong>paludem</strong></span> <span class='ocrx_word' id='word_1_65' title='bbox 1007 1123 1206 1177; x_wconf 86' lang='lat' dir='ltr'><strong>vallum</strong></span> <span class='ocrx_word' id='word_1_66' title='bbox 1247 1125 1381 1194; x_wconf 81' lang='lat' dir='ltr'><strong>figit,</strong></span> <span class='ocrx_word' id='word_1_67' title='bbox 1415 1142 1582 1196; x_wconf 83' lang='lat' dir='ltr'><strong>prope</strong></span> <span class='ocrx_word' id='word_1_68' title='bbox 1631 1129 1978 1186; x_wconf 79' lang='lat' dir='ltr'><strong>Anchialum.</strong></span> <span class='ocrx_word' id='word_1_69' title='bbox 2029 1132 2102 1186; x_wconf 86' lang='lat' dir='ltr'><strong>Eo</strong></span> 
     </span>
    </p>
   </div>
   <div class='ocr_carea' id='block_1_12' title="bbox 517 1215 2102 1294">
    <p class='ocr_par' dir='ltr' id='par_1_12' title="bbox 517 1215 2102 1294">
     <span class='ocr_line' id='line_1_12' title="bbox 517 1215 2102 1294; baseline 0.008 -27"><span class='ocrx_word' id='word_1_70' title='bbox 517 1217 584 1268; x_wconf 85' lang='lat' dir='ltr'><strong>ad</strong></span> <span class='ocrx_word' id='word_1_71' title='bbox 636 1215 1021 1283; x_wconf 78' lang='lat' dir='ltr'><strong>imperatorem</strong></span> <span class='ocrx_word' id='word_1_72' title='bbox 1071 1217 1138 1270; x_wconf 92' lang='lat' dir='ltr'><strong>de</strong></span> <span class='ocrx_word' id='word_1_73' title='bbox 1167 1231 1328 1274; x_wconf 90' lang='lat' dir='ltr'><strong>nocte</strong></span> <span class='ocrx_word' id='word_1_74' title='bbox 1359 1223 1507 1275; x_wconf 87' lang='lat' dir='ltr'><strong>venit</strong></span> <span class='ocrx_word' id='word_1_75' title='bbox 1539 1221 1758 1277; x_wconf 88' lang='lat' dir='ltr'><strong>Pudilus</strong></span> <span class='ocrx_word' id='word_1_76' title='bbox 1809 1227 2028 1294; x_wconf 89' lang='lat' dir='ltr'><strong>quidam</strong></span> <span class='ocrx_word' id='word_1_77' title='bbox 2071 1243 2102 1280; x_wconf 79' lang='grc' dir='ltr'>ο</span> 
     </span>
    </p>
   </div>
   <div class='ocr_carea' id='block_1_13' title="bbox 516 1308 2100 1388">
    <p class='ocr_par' dir='ltr' id='par_1_13' title="bbox 516 1308 2100 1388">
     <span class='ocr_line' id='line_1_13' title="bbox 516 1308 2100 1388; baseline 0.013 -35"><span class='ocrx_word' id='word_1_78' title='bbox 516 1308 811 1376; x_wconf 69' lang='grc' dir='ltr'><strong>ριένρίρυίδ</strong></span> <span class='ocrx_word' id='word_1_79' title='bbox 839 1309 1004 1380; x_wconf 63' lang='grc'><strong>274</strong></span> <span class='ocrx_word' id='word_1_80' title='bbox 1032 1309 1380 1376; x_wconf 85' lang='lat' dir='ltr'><strong>Blachorum,</strong></span> <span class='ocrx_word' id='word_1_81' title='bbox 1421 1317 1685 1369; x_wconf 88' lang='lat' dir='ltr'><strong>nuntians</strong></span> <span class='ocrx_word' id='word_1_82' title='bbox 1733 1318 2020 1388; x_wconf 83' lang='lat' dir='ltr'><strong>trajectum</strong></span> <span class='ocrx_word' id='word_1_83' title='bbox 2070 1335 2100 1372; x_wconf 87' lang='lat' dir='ltr'><strong>a</strong></span> 
     </span>
    </p>
   </div>
   <div class='ocr_carea' id='block_1_14' title="bbox 517 1395 2100 1482">
    <p class='ocr_par' dir='ltr' id='par_1_14' title="bbox 517 1395 2100 1482">
     <span class='ocr_line' id='line_1_14' title="bbox 517 1395 2100 1482; baseline 0.011 -32"><span class='ocrx_word' id='word_1_84' title='bbox 517 1395 776 1453; x_wconf 90' lang='lat' dir='ltr'><strong>Comanis</strong></span> <span class='ocrx_word' id='word_1_85' title='bbox 813 1415 934 1454; x_wconf 88' lang='lat' dir='ltr'><strong>esse</strong></span> <span class='ocrx_word' id='word_1_86' title='bbox 961 1402 1290 1461; x_wconf 79' lang='lat' dir='ltr'><strong>Danubium.</strong></span> <span class='ocrx_word' id='word_1_87' title='bbox 1333 1405 1514 1471; x_wconf 86' lang='lat' dir='ltr'><strong>Quare</strong></span> <span class='ocrx_word' id='word_1_88' title='bbox 1546 1409 1722 1477; x_wconf 89' lang='lat' dir='ltr'><strong>primo</strong></span> <span class='ocrx_word' id='word_1_89' title='bbox 1773 1429 1930 1466; x_wconf 77' lang='lat' dir='ltr'><strong>tuane</strong></span> <span class='ocrx_word' id='word_1_90' title='bbox 1973 1429 2100 1482; x_wconf 79' lang='lat' dir='ltr'><strong>pro-</strong></span> 
     </span>
    </p>
   </div>
   <div class='ocr_carea' id='block_1_15' title="bbox 519 1495 2101 1581">
    <p class='ocr_par' dir='ltr' id='par_1_15' title="bbox 519 1495 2101 1581">
     <span class='ocr_line' id='line_1_15' title="bbox 519 1495 2101 1581; baseline 0.015 -38"><span class='ocrx_word' id='word_1_91' title='bbox 519 1495 734 1546; x_wconf 73' lang='lat' dir='ltr'><strong>ceribus</strong></span> <span class='ocrx_word' id='word_1_92' title='bbox 776 1496 910 1550; x_wconf 63' lang='lat' dir='ltr'><strong>aula:</strong></span> <span class='ocrx_word' id='word_1_93' title='bbox 962 1509 1126 1567; x_wconf 80' lang='lat' dir='ltr'><strong>atque</strong></span> <span class='ocrx_word' id='word_1_94' title='bbox 1187 1504 1468 1558; x_wconf 76' lang='lat' dir='ltr'><strong>exercitus</strong></span> <span class='ocrx_word' id='word_1_95' title='bbox 1526 1507 1750 1572; x_wconf 74' lang='lat' dir='ltr'><strong>vocatis,</strong></span> <span class='ocrx_word' id='word_1_96' title='bbox 1788 1509 1914 1577; x_wconf 90' lang='lat' dir='ltr'><strong>quid</strong></span> <span class='ocrx_word' id='word_1_97' title='bbox 1965 1527 2101 1581; x_wconf 84' lang='lat' dir='ltr'><strong>opus</strong></span> 
     </span>
    </p>
   </div>
   <div class='ocr_carea' id='block_1_16' title="bbox 517 1587 2098 1670">
    <p class='ocr_par' dir='ltr' id='par_1_16' title="bbox 517 1587 2098 1670">
     <span class='ocr_line' id='line_1_16' title="bbox 517 1587 2098 1670; baseline 0.013 -33"><span class='ocrx_word' id='word_1_98' title='bbox 517 1594 666 1640; x_wconf 83' lang='lat' dir='ltr'><strong>esset</strong></span> <span class='ocrx_word' id='word_1_99' title='bbox 709 1587 854 1640; x_wconf 88' lang='lat' dir='ltr'><strong>facto</strong></span> <span class='ocrx_word' id='word_1_100' title='bbox 899 1591 1262 1646; x_wconf 89' lang='lat' dir='ltr'><strong>consultabat.</strong></span> <span class='ocrx_word' id='word_1_101' title='bbox 1297 1593 1575 1651; x_wconf 87' lang='lat' dir='ltr'><strong>Censuere</strong></span> <span class='ocrx_word' id='word_1_102' title='bbox 1609 1613 1798 1653; x_wconf 88' lang='lat' dir='ltr'><strong>omnes</strong></span> <span class='ocrx_word' id='word_1_103' title='bbox 1823 1617 2098 1670; x_wconf 89' lang='lat' dir='ltr'><strong>occupan-</strong></span> 
     </span>
    </p>
   </div>
   <div class='ocr_carea' id='block_1_17' title="bbox 519 1680 2096 1763">
    <p class='ocr_par' dir='ltr' id='par_1_17' title="bbox 519 1680 2096 1763">
     <span class='ocr_line' id='line_1_17' title="bbox 519 1680 2096 1763; baseline 0.011 -31"><span class='ocrx_word' id='word_1_104' title='bbox 519 1681 643 1732; x_wconf 85' lang='lat' dir='ltr'><strong>dum</strong></span> <span class='ocrx_word' id='word_1_105' title='bbox 675 1680 1018 1736; x_wconf 80' lang='lat' dir='ltr'><strong>Anchialum.</strong></span> <span class='ocrx_word' id='word_1_106' title='bbox 1073 1682 1259 1738; x_wconf 84' lang='lat' dir='ltr'><strong>Paruit</strong></span> <span class='ocrx_word' id='word_1_107' title='bbox 1307 1688 1624 1756; x_wconf 83' lang='lat' dir='ltr'><strong>imperator.</strong></span> <span class='ocrx_word' id='word_1_108' title='bbox 1673 1691 1777 1746; x_wconf 89' lang='lat' dir='ltr'><strong>Sed</strong></span> <span class='ocrx_word' id='word_1_109' title='bbox 1807 1707 2096 1763; x_wconf 83' lang='lat' dir='ltr'><strong>antequam</strong></span> 
     </span>
    </p>
   </div>
   <div class='ocr_carea' id='block_1_18' title="bbox 519 1773 2096 1856">
    <p class='ocr_par' dir='ltr' id='par_1_18' title="bbox 519 1773 2096 1856">
     <span class='ocr_line' id='line_1_18' title="bbox 519 1773 2096 1856; baseline 0.013 -32"><span class='ocrx_word' id='word_1_110' title='bbox 519 1785 584 1824; x_wconf 89' lang='lat' dir='ltr'><strong>eo</strong></span> <span class='ocrx_word' id='word_1_111' title='bbox 615 1783 887 1842; x_wconf 79' lang='lat' dir='ltr'><strong>pergeret,</strong></span> <span class='ocrx_word' id='word_1_112' title='bbox 915 1773 1356 1833; x_wconf 86' lang='lat' dir='ltr'><strong>Cantacuzenum</strong></span> <span class='ocrx_word' id='word_1_113' title='bbox 1377 1789 1429 1834; x_wconf 88' lang='lat' dir='ltr'><strong>et</strong></span> <span class='ocrx_word' id='word_1_114' title='bbox 1451 1781 1716 1838; x_wconf 90' lang='lat' dir='ltr'><strong>Taticium</strong></span> <span class='ocrx_word' id='word_1_115' title='bbox 1749 1789 1814 1840; x_wconf 86' lang='lat' dir='ltr'><strong>ad</strong></span> <span class='ocrx_word' id='word_1_116' title='bbox 1839 1787 2096 1856; x_wconf 88' lang='lat' dir='ltr'><strong>Tberma,</strong></span> 
     </span>
    </p>
   </div>
   <div class='ocr_carea' id='block_1_19' title="bbox 519 1854 2175 1940">
    <p class='ocr_par' dir='ltr' id='par_1_19' title="bbox 519 1854 2175 1940">
     <span class='ocr_line' id='line_1_19' title="bbox 519 1854 2175 1940; baseline 0.013 -24"><span class='ocrx_word' id='word_1_117' title='bbox 519 1879 639 1931; x_wconf 68' lang='lat' dir='ltr'><strong>qua:</strong></span> <span class='ocrx_word' id='word_1_118' title='bbox 665 1876 951 1929; x_wconf 83' lang='lat' dir='ltr'><strong>vocantur,</strong></span> <span class='ocrx_word' id='word_1_119' title='bbox 977 1868 1124 1922; x_wconf 84' lang='lat' dir='ltr'><strong>misit</strong></span> <span class='ocrx_word' id='word_1_120' title='bbox 1158 1887 1276 1922; x_wconf 87' lang='lat' dir='ltr'><strong>cum</strong></span> <span class='ocrx_word' id='word_1_121' title='bbox 1303 1873 1622 1940; x_wconf 85' lang='lat' dir='ltr'><strong>quibusdam</strong></span> <span class='ocrx_word' id='word_1_122' title='bbox 1651 1893 1712 1930; x_wconf 80' lang='lat' dir='ltr'><strong>ex</strong></span> <span class='ocrx_word' id='word_1_123' title='bbox 1745 1879 2099 1936; x_wconf 74' lang='lat' dir='ltr'><strong>auxiliaribus</strong></span> <span class='ocrx_word' id='word_1_124' title='bbox 2136 1854 2175 1910; x_wconf 69' lang='grc' dir='ltr'><strong>Β</strong></span> 
     </span>
    </p>
   </div>
   <div class='ocr_carea' id='block_1_20' title="bbox 520 1957 2102 2038">
    <p class='ocr_par' dir='ltr' id='par_1_20' title="bbox 520 1957 2102 2038">
     <span class='ocr_line' id='line_1_20' title="bbox 520 1957 2102 2038; baseline 0.014 -33"><span class='ocrx_word' id='word_1_125' title='bbox 520 1957 775 2022; x_wconf 80' lang='lat' dir='ltr'><strong>gentilms</strong></span> <span class='ocrx_word' id='word_1_126' title='bbox 809 1958 1098 2025; x_wconf 82' lang='lat' dir='ltr'><strong>Scaliario,</strong></span> <span class='ocrx_word' id='word_1_127' title='bbox 1135 1960 1352 2026; x_wconf 82' lang='lat' dir='ltr'><strong>Eleane,</strong></span> <span class='ocrx_word' id='word_1_128' title='bbox 1385 1976 1440 2019; x_wconf 93' lang='lat' dir='ltr'><strong>et</strong></span> <span class='ocrx_word' id='word_1_129' title='bbox 1471 1967 1597 2022; x_wconf 86' lang='lat' dir='ltr'><strong>aliis</strong></span> <span class='ocrx_word' id='word_1_130' title='bbox 1631 1971 1952 2038; x_wconf 85' lang='lat' dir='ltr'><strong>quibusdam</strong></span> <span class='ocrx_word' id='word_1_131' title='bbox 1987 1977 2102 2027; x_wconf 62' lang='lat' dir='ltr'><strong>exi-</strong></span> 
     </span>
    </p>
   </div>
   <div class='ocr_carea' id='block_1_21' title="bbox 519 2047 2099 2129">
    <p class='ocr_par' dir='ltr' id='par_1_21' title="bbox 519 2047 2099 2129">
     <span class='ocr_line' id='line_1_21' title="bbox 519 2047 2099 2129; baseline 0.013 -31"><span class='ocrx_word' id='word_1_132' title='bbox 519 2047 661 2109; x_wconf 86' lang='lat' dir='ltr'><strong>miis,</strong></span> <span class='ocrx_word' id='word_1_133' title='bbox 707 2059 766 2100; x_wconf 88' lang='lat' dir='ltr'><strong>nt</strong></span> <span class='ocrx_word' id='word_1_134' title='bbox 793 2049 1135 2102; x_wconf 81' lang='lat' dir='ltr'><strong>excubarent</strong></span> <span class='ocrx_word' id='word_1_135' title='bbox 1171 2053 1244 2106; x_wconf 86' lang='lat' dir='ltr'><strong>ibi</strong></span> <span class='ocrx_word' id='word_1_136' title='bbox 1280 2054 1346 2108; x_wconf 89' lang='lat' dir='ltr'><strong>ad</strong></span> <span class='ocrx_word' id='word_1_137' title='bbox 1375 2060 1678 2112; x_wconf 81' lang='lat' dir='ltr'><strong>custodiant</strong></span> <span class='ocrx_word' id='word_1_138' title='bbox 1709 2062 1944 2129; x_wconf 86' lang='lat' dir='ltr'><strong>partium</strong></span> <span class='ocrx_word' id='word_1_139' title='bbox 1979 2065 2099 2118; x_wconf 83' lang='lat' dir='ltr'><strong>illa-</strong></span> 
     </span>
    </p>
   </div>
   <div class='ocr_carea' id='block_1_22' title="bbox 519 2137 2101 2223">
    <p class='ocr_par' dir='ltr' id='par_1_22' title="bbox 519 2137 2101 2223">
     <span class='ocr_line' id='line_1_22' title="bbox 519 2137 2101 2223; baseline 0.015 -35"><span class='ocrx_word' id='word_1_140' title='bbox 519 2153 658 2191; x_wconf 88' lang='lat' dir='ltr'><strong>rum.</strong></span> <span class='ocrx_word' id='word_1_141' title='bbox 695 2137 796 2194; x_wconf 91' lang='lat' dir='ltr'><strong>Ubi</strong></span> <span class='ocrx_word' id='word_1_142' title='bbox 833 2157 961 2196; x_wconf 86' lang='lat' dir='ltr'><strong>vero</strong></span> <span class='ocrx_word' id='word_1_143' title='bbox 987 2143 1284 2212; x_wconf 82' lang='lat' dir='ltr'><strong>imperator</strong></span> <span class='ocrx_word' id='word_1_144' title='bbox 1315 2153 1580 2218; x_wconf 89' lang='lat' dir='ltr'><strong>comperit</strong></span> <span class='ocrx_word' id='word_1_145' title='bbox 1615 2153 1871 2223; x_wconf 87' lang='lat' dir='ltr'><strong>impetum</strong></span> <span class='ocrx_word' id='word_1_146' title='bbox 1908 2157 2101 2211; x_wconf 89' lang='lat' dir='ltr'><strong>Coma-</strong></span> 
     </span>
    </p>
   </div>
   <div class='ocr_carea' id='block_1_23' title="bbox 519 2231 2100 2324">
    <p class='ocr_par' dir='ltr' id='par_1_23' title="bbox 519 2231 2100 2324">
     <span class='ocr_line' id='line_1_23' title="bbox 519 2231 2100 2324; baseline 0.016 -45"><span class='ocrx_word' id='word_1_147' title='bbox 519 2243 712 2281; x_wconf 87' lang='lat' dir='ltr'><strong>norum</strong></span> <span class='ocrx_word' id='word_1_148' title='bbox 745 2231 810 2284; x_wconf 84' lang='lat' dir='ltr'><strong>ad</strong></span> <span class='ocrx_word' id='word_1_149' title='bbox 842 2232 1252 2303; x_wconf 81' lang='lat' dir='ltr'><strong>Adrianopolim</strong></span> <span class='ocrx_word' id='word_1_150' title='bbox 1298 2237 1632 2304; x_wconf 90' lang='lat' dir='ltr'><strong>incubuisse,</strong></span> <span class='ocrx_word' id='word_1_151' title='bbox 1667 2259 1922 2312; x_wconf 80' lang='lat' dir='ltr'><strong>proceres</strong></span> <span class='ocrx_word' id='word_1_152' title='bbox 1946 2250 2016 2324; x_wconf 85' lang='lat' dir='ltr'><strong>ad</strong></span> <span class='ocrx_word' id='word_1_153' title='bbox 2041 2264 2100 2304; x_wconf 91' lang='lat' dir='ltr'><strong>se</strong></span> 
     </span>
    </p>
   </div>
   <div class='ocr_carea' id='block_1_24' title="bbox 520 2320 2098 2406">
    <p class='ocr_par' dir='ltr' id='par_1_24' title="bbox 520 2320 2098 2406">
     <span class='ocr_line' id='line_1_24' title="bbox 520 2320 2098 2406; baseline 0.016 -36"><span class='ocrx_word' id='word_1_154' title='bbox 520 2321 671 2372; x_wconf 82' lang='lat' dir='ltr'><strong>urbis</strong></span> <span class='ocrx_word' id='word_1_155' title='bbox 704 2320 822 2389; x_wconf 81' lang='lat' dir='ltr'><strong>ejus</strong></span> <span class='ocrx_word' id='word_1_156' title='bbox 856 2324 1143 2380; x_wconf 86' lang='lat' dir='ltr'><strong>universos</strong></span> <span class='ocrx_word' id='word_1_157' title='bbox 1183 2341 1398 2396; x_wconf 89' lang='lat' dir='ltr'><strong>evocat,</strong></span> <span class='ocrx_word' id='word_1_158' title='bbox 1434 2332 1486 2384; x_wconf 93' lang='lat' dir='ltr'><strong>in</strong></span> <span class='ocrx_word' id='word_1_159' title='bbox 1523 2335 1720 2402; x_wconf 86' lang='lat' dir='ltr'><strong>quibus</strong></span> <span class='ocrx_word' id='word_1_160' title='bbox 1771 2337 1929 2406; x_wconf 84' lang='lat' dir='ltr'><strong>longe</strong></span> <span class='ocrx_word' id='word_1_161' title='bbox 1977 2359 2098 2394; x_wconf 82' lang='lat' dir='ltr'><strong>0m-</strong></span> 
     </span>
    </p>
   </div>
   <div class='ocr_carea' id='block_1_25' title="bbox 521 2413 2097 2492">
    <p class='ocr_par' dir='ltr' id='par_1_25' title="bbox 521 2413 2097 2492">
     <span class='ocr_line' id='line_1_25' title="bbox 521 2413 2097 2492; baseline 0.018 -30"><span class='ocrx_word' id='word_1_162' title='bbox 521 2413 667 2464; x_wconf 87' lang='lat' dir='ltr'><strong>nimn</strong></span> <span class='ocrx_word' id='word_1_163' title='bbox 708 2418 982 2488; x_wconf 63' lang='lat' dir='ltr'><strong>principes</strong></span> <span class='ocrx_word' id='word_1_164' title='bbox 1037 2419 1384 2478; x_wconf 83' lang='lat' dir='ltr'><strong>habebantur</strong></span> <span class='ocrx_word' id='word_1_165' title='bbox 1433 2426 1688 2484; x_wconf 83' lang='lat' dir='ltr'><strong>Calacalo</strong></span> <span class='ocrx_word' id='word_1_166' title='bbox 1735 2431 2097 2492; x_wconf 83' lang='lat' dir='ltr'><strong>Tarcbaniuta</strong></span> 
     </span>
    </p>
   </div>
   <div class='ocr_carea' id='block_1_26' title="bbox 519 2504 2094 2598">
    <p class='ocr_par' dir='ltr' id='par_1_26' title="bbox 519 2504 2094 2598">
     <span class='ocr_line' id='line_1_26' title="bbox 519 2504 2094 2598; baseline 0.018 -42"><span class='ocrx_word' id='word_1_167' title='bbox 519 2517 570 2556; x_wconf 87' lang='lat' dir='ltr'><strong>et</strong></span> <span class='ocrx_word' id='word_1_168' title='bbox 599 2504 937 2576; x_wconf 68' lang='grc' dir='ltr'>Νιοι-ριιιιτιιε</span> <span class='ocrx_word' id='word_1_169' title='bbox 969 2509 1186 2582; x_wconf 78' lang='lat' dir='ltr'><strong>Bryenii</strong></span> <span class='ocrx_word' id='word_1_170' title='bbox 1242 2515 1404 2582; x_wconf 87' lang='lat' dir='ltr'><strong>ﬁlius,</strong></span> <span class='ocrx_word' id='word_1_171' title='bbox 1443 2520 1571 2575; x_wconf 92' lang='lat' dir='ltr'><strong>olim</strong></span> <span class='ocrx_word' id='word_1_172' title='bbox 1621 2524 1848 2592; x_wconf 85' lang='lat' dir='ltr'><strong>imperio</strong></span> <span class='ocrx_word' id='word_1_173' title='bbox 1899 2528 2094 2598; x_wconf 80' lang='lat' dir='ltr'><strong>functi,</strong></span> 
     </span>
    </p>
   </div>
   <div class='ocr_carea' id='block_1_27' title="bbox 518 2599 2098 2682">
    <p class='ocr_par' dir='ltr' id='par_1_27' title="bbox 518 2599 2098 2682">
     <span class='ocr_line' id='line_1_27' title="bbox 518 2599 2098 2682; baseline 0.02 -33"><span class='ocrx_word' id='word_1_174' title='bbox 518 2599 634 2663; x_wconf 87' lang='lat' dir='ltr'><strong>ipse</strong></span> <span class='ocrx_word' id='word_1_175' title='bbox 665 2601 732 2650; x_wconf 88' lang='lat' dir='ltr'><strong>ob</strong></span> <span class='ocrx_word' id='word_1_176' title='bbox 755 2614 1028 2670; x_wconf 77' lang='lat' dir='ltr'><strong>arreptam</strong></span> <span class='ocrx_word' id='word_1_177' title='bbox 1067 2623 1172 2661; x_wconf 88' lang='lat' dir='ltr'><strong>non</strong></span> <span class='ocrx_word' id='word_1_178' title='bbox 1203 2609 1439 2666; x_wconf 81' lang='lat' dir='ltr'><strong>feliciter</strong></span> <span class='ocrx_word' id='word_1_179' title='bbox 1469 2619 1810 2682; x_wconf 82' lang='lat' dir='ltr'><strong>tyrannidem</strong></span> <span class='ocrx_word' id='word_1_180' title='bbox 1842 2623 2098 2681; x_wconf 88' lang='lat' dir='ltr'><strong>multatus</strong></span> 
     </span>
    </p>
   </div>
   <div class='ocr_carea' id='block_1_28' title="bbox 520 2689 2099 2771">
    <p class='ocr_par' dir='ltr' id='par_1_28' title="bbox 520 2689 2099 2771">
     <span class='ocr_line' id='line_1_28' title="bbox 520 2689 2099 2771; baseline 0.022 -33"><span class='ocrx_word' id='word_1_181' title='bbox 520 2689 714 2741; x_wconf 86' lang='lat' dir='ltr'><strong>oculis.</strong></span> <span class='ocrx_word' id='word_1_182' title='bbox 747 2689 842 2745; x_wconf 85' lang='lat' dir='ltr'><strong>llis</strong></span> <span class='ocrx_word' id='word_1_183' title='bbox 877 2696 939 2746; x_wconf 89' lang='lat' dir='ltr'><strong>ad</strong></span> <span class='ocrx_word' id='word_1_184' title='bbox 967 2711 1024 2749; x_wconf 91' lang='lat' dir='ltr'><strong>se</strong></span> <span class='ocrx_word' id='word_1_185' title='bbox 1059 2699 1338 2766; x_wconf 87' lang='lat' dir='ltr'><strong>Augustus</strong></span> <span class='ocrx_word' id='word_1_186' title='bbox 1387 2707 1668 2760; x_wconf 80' lang='lat' dir='ltr'><strong>accersitis</strong></span> <span class='ocrx_word' id='word_1_187' title='bbox 1705 2709 1939 2767; x_wconf 80' lang='lat' dir='ltr'><strong>civitatis</strong></span> <span class='ocrx_word' id='word_1_188' title='bbox 1987 2731 2099 2771; x_wconf 74' lang='lat' dir='ltr'><strong>suae</strong></span> 
     </span>
    </p>
   </div>
   <div class='ocr_carea' id='block_1_29' title="bbox 517 2782 2096 2872">
    <p class='ocr_par' dir='ltr' id='par_1_29' title="bbox 517 2782 2096 2872">
     <span class='ocr_line' id='line_1_29' title="bbox 517 2782 2096 2872; baseline 0.021 -42"><span class='ocrx_word' id='word_1_189' title='bbox 517 2782 822 2836; x_wconf 81' lang='lat' dir='ltr'><strong>custodiam</strong></span> <span class='ocrx_word' id='word_1_190' title='bbox 847 2785 1006 2838; x_wconf 68' lang='lat' dir='ltr'><strong>enixe</strong></span> <span class='ocrx_word' id='word_1_191' title='bbox 1037 2792 1476 2862; x_wconf 85' lang='lat' dir='ltr'><strong>commendabat,</strong></span> <span class='ocrx_word' id='word_1_192' title='bbox 1507 2798 1805 2856; x_wconf 86' lang='lat' dir='ltr'><strong>admonens</strong></span> <span class='ocrx_word' id='word_1_193' title='bbox 1835 2817 2096 2872; x_wconf 69' lang='lat' dir='ltr'><strong>praeterea</strong></span> 
     </span>
    </p>
   </div>
   <div class='ocr_carea' id='block_1_30' title="bbox 519 2871 2093 2970">
    <p class='ocr_par' dir='ltr' id='par_1_30' title="bbox 519 2871 2093 2970">
     <span class='ocr_line' id='line_1_30' title="bbox 519 2871 2093 2970; baseline 0.023 -47"><span class='ocrx_word' id='word_1_194' title='bbox 519 2881 573 2924; x_wconf 89' lang='lat' dir='ltr'><strong>ut</strong></span> <span class='ocrx_word' id='word_1_195' title='bbox 605 2871 863 2929; x_wconf 87' lang='lat' dir='ltr'><strong>Comanis</strong></span> <span class='ocrx_word' id='word_1_196' title='bbox 884 2879 949 2930; x_wconf 89' lang='lat' dir='ltr'><strong>ad</strong></span> <span class='ocrx_word' id='word_1_197' title='bbox 973 2879 1400 2951; x_wconf 84' lang='lat' dir='ltr'><strong>Adrianupoleos</strong></span> <span class='ocrx_word' id='word_1_198' title='bbox 1429 2905 1779 2960; x_wconf 77' lang='lat' dir='ltr'><strong>consneetum</strong></span> <span class='ocrx_word' id='word_1_199' title='bbox 1809 2904 2093 2970; x_wconf 88' lang='lat' dir='ltr'><strong>promotis,</strong></span> 
     </span>
    </p>
   </div>
   <div class='ocr_carea' id='block_1_31' title="bbox 517 2967 2097 3058">
    <p class='ocr_par' dir='ltr' id='par_1_31' title="bbox 517 2967 2097 3058">
     <span class='ocr_line' id='line_1_31' title="bbox 517 2967 2097 3058; baseline 0.022 -42"><span class='ocrx_word' id='word_1_200' title='bbox 517 2979 622 3018; x_wconf 88' lang='lat' dir='ltr'><strong>non</strong></span> <span class='ocrx_word' id='word_1_201' title='bbox 661 2967 852 3037; x_wconf 83' lang='lat' dir='ltr'><strong>ignave</strong></span> <span class='ocrx_word' id='word_1_202' title='bbox 885 2971 956 3024; x_wconf 93' lang='lat' dir='ltr'><strong>illi</strong></span> <span class='ocrx_word' id='word_1_203' title='bbox 999 2975 1218 3040; x_wconf 78' lang='lat' dir='ltr'><strong>quidem</strong></span> <span class='ocrx_word' id='word_1_204' title='bbox 1259 2987 1312 3032; x_wconf 90' lang='lat' dir='ltr'><strong>et</strong></span> <span class='ocrx_word' id='word_1_205' title='bbox 1345 2979 1536 3050; x_wconf 82' lang='lat' dir='ltr'><strong>frigide</strong></span> <span class='ocrx_word' id='word_1_206' title='bbox 1578 3001 1962 3058; x_wconf 74' lang='lat' dir='ltr'><strong>repugnarunt,</strong></span> <span class='ocrx_word' id='word_1_207' title='bbox 2004 3010 2097 3049; x_wconf 84' lang='lat' dir='ltr'><strong>ve-</strong></span> 
     </span>
    </p>
   </div>
   <div class='ocr_carea' id='block_1_32' title="bbox 517 3064 2094 3144">
    <p class='ocr_par' dir='ltr' id='par_1_32' title="bbox 517 3064 2094 3144">
     <span class='ocr_line' id='line_1_32' title="bbox 517 3064 2094 3144; baseline 0.021 -35"><span class='ocrx_word' id='word_1_208' title='bbox 517 3071 634 3111; x_wconf 86' lang='lat' dir='ltr'><strong>rum</strong></span> <span class='ocrx_word' id='word_1_209' title='bbox 675 3075 740 3113; x_wconf 88' lang='lat' dir='ltr'><strong>ne</strong></span> <span class='ocrx_word' id='word_1_210' title='bbox 771 3064 936 3118; x_wconf 90' lang='lat' dir='ltr'><strong>nimio</strong></span> <span class='ocrx_word' id='word_1_211' title='bbox 968 3081 1027 3120; x_wconf 90' lang='lat' dir='ltr'><strong>se</strong></span> <span class='ocrx_word' id='word_1_212' title='bbox 1063 3068 1243 3123; x_wconf 72' lang='lat' dir='ltr'><strong>efferri</strong></span> <span class='ocrx_word' id='word_1_213' title='bbox 1296 3075 1492 3127; x_wconf 86' lang='lat' dir='ltr'><strong>ardore</strong></span> <span class='ocrx_word' id='word_1_214' title='bbox 1541 3080 1806 3144; x_wconf 78' lang='lat' dir='ltr'><strong>sinerent,</strong></span> <span class='ocrx_word' id='word_1_215' title='bbox 1838 3089 1930 3138; x_wconf 87' lang='lat' dir='ltr'><strong>sed</strong></span> <span class='ocrx_word' id='word_1_216' title='bbox 1975 3088 2094 3142; x_wconf 88' lang='lat' dir='ltr'><strong>telis</strong></span> 
     </span>
    </p>
   </div>
   <div class='ocr_carea' id='block_1_33' title="bbox 515 3155 2308 3252">
    <p class='ocr_par' dir='ltr' id='par_1_33' title="bbox 515 3155 2308 3252">
     <span class='ocr_line' id='line_1_33' title="bbox 515 3155 2308 3252; baseline 0.027 -49"><span class='ocrx_word' id='word_1_217' title='bbox 515 3167 578 3206; x_wconf 88' lang='lat' dir='ltr'><strong>ac</strong></span> <span class='ocrx_word' id='word_1_218' title='bbox 611 3155 823 3222; x_wconf 78' lang='lat' dir='ltr'><strong>sagittis</strong></span> <span class='ocrx_word' id='word_1_219' title='bbox 857 3160 1073 3215; x_wconf 88' lang='lat' dir='ltr'><strong>eminus</strong></span> <span class='ocrx_word' id='word_1_220' title='bbox 1109 3161 1426 3235; x_wconf 86' lang='lat' dir='ltr'><strong>plerumque</strong></span> <span class='ocrx_word' id='word_1_221' title='bbox 1463 3181 1574 3225; x_wconf 87' lang='lat' dir='ltr'><strong>tuta</strong></span> <span class='ocrx_word' id='word_1_222' title='bbox 1606 3189 1636 3227; x_wconf 92' lang='lat' dir='ltr'><strong>e</strong></span> <span class='ocrx_word' id='word_1_223' title='bbox 1675 3178 1844 3230; x_wconf 79' lang='lat' dir='ltr'><strong>tllltl&#39;ls</strong></span> <span class='ocrx_word' id='word_1_224' title='bbox 1873 3179 2085 3248; x_wconf 85' lang='lat' dir='ltr'><strong>jacula-</strong></span> <span class='ocrx_word' id='word_1_225' title='bbox 2121 3194 2164 3252; x_wconf 86' lang='lat' dir='ltr'>c</span> <span class='ocrx_word' id='word_1_226' title='bbox 2199 3155 2308 3247; x_wconf 56' lang='grc' dir='ltr'><strong>ἀπίω</strong></span> 
     </span>
    </p>
   </div>
   <div class='ocr_carea' id='block_1_34' title="bbox 515 3245 2088 3330">
    <p class='ocr_par' dir='ltr' id='par_1_34' title="bbox 515 3245 2088 3330">
     <span class='ocr_line' id='line_1_34' title="bbox 515 3245 2088 3330; baseline 0.023 -36"><span class='ocrx_word' id='word_1_227' title='bbox 515 3245 659 3299; x_wconf 88' lang='lat' dir='ltr'><strong>tione</strong></span> <span class='ocrx_word' id='word_1_228' title='bbox 696 3245 988 3318; x_wconf 77' lang='lat' dir='ltr'><strong>fatigarent</strong></span> <span class='ocrx_word' id='word_1_229' title='bbox 1025 3251 1318 3322; x_wconf 74' lang='lat' dir='ltr'><strong>Barbams,</strong></span> <span class='ocrx_word' id='word_1_230' title='bbox 1349 3261 1519 3328; x_wconf 86' lang='lat' dir='ltr'><strong>portis</strong></span> <span class='ocrx_word' id='word_1_231' title='bbox 1545 3265 1692 3318; x_wconf 84' lang='lat' dir='ltr'><strong>urbis</strong></span> <span class='ocrx_word' id='word_1_232' title='bbox 1727 3265 1840 3324; x_wconf 80' lang='lat' dir='ltr'><strong>fere</strong></span> <span class='ocrx_word' id='word_1_233' title='bbox 1867 3245 2088 3330; x_wconf 80' lang='lat' dir='ltr'><strong>clausis.</strong></span> 
     </span>
    </p>
   </div>
   <div class='ocr_carea' id='block_1_35' title="bbox 512 3337 2090 3428">
    <p class='ocr_par' dir='ltr' id='par_1_35' title="bbox 512 3337 2090 3428">
     <span class='ocr_line' id='line_1_35' title="bbox 512 3337 2090 3428; baseline 0.021 -40"><span class='ocrx_word' id='word_1_234' title='bbox 512 3337 684 3404; x_wconf 79' lang='lat' dir='ltr'><strong>Atque</strong></span> <span class='ocrx_word' id='word_1_235' title='bbox 712 3339 795 3394; x_wconf 91' lang='lat' dir='ltr'><strong>bis</strong></span> <span class='ocrx_word' id='word_1_236' title='bbox 828 3345 1095 3400; x_wconf 81' lang='lat' dir='ltr'><strong>mandatis</strong></span> <span class='ocrx_word' id='word_1_237' title='bbox 1126 3349 1169 3400; x_wconf 89' lang='lat' dir='ltr'><strong>si</strong></span> <span class='ocrx_word' id='word_1_238' title='bbox 1202 3361 1391 3406; x_wconf 81' lang='lat' dir='ltr'><strong>exacte</strong></span> <span class='ocrx_word' id='word_1_239' title='bbox 1421 3354 1871 3428; x_wconf 81' lang='lat' dir='ltr'><strong>obsequerentur,</strong></span> <span class='ocrx_word' id='word_1_240' title='bbox 1923 3367 2090 3421; x_wconf 88' lang='lat' dir='ltr'><strong>multa</strong></span> 
     </span>
    </p>
   </div>
   <div class='ocr_carea' id='block_1_36' title="bbox 512 3429 2092 3516">
    <p class='ocr_par' dir='ltr' id='par_1_36' title="bbox 512 3429 2092 3516">
     <span class='ocr_line' id='line_1_36' title="bbox 512 3429 2092 3516; baseline 0.022 -37"><span class='ocrx_word' id='word_1_241' title='bbox 512 3429 644 3496; x_wconf 86' lang='lat' dir='ltr'><strong>ipsis</strong></span> <span class='ocrx_word' id='word_1_242' title='bbox 697 3432 954 3488; x_wconf 81' lang='lat' dir='ltr'><strong>beneficia</strong></span> <span class='ocrx_word' id='word_1_243' title='bbox 1033 3439 1414 3506; x_wconf 79' lang='lat' dir='ltr'><strong>pollicebatur.</strong></span> <span class='ocrx_word' id='word_1_244' title='bbox 1487 3446 1578 3501; x_wconf 90' lang='lat' dir='ltr'><strong>Sic</strong></span> <span class='ocrx_word' id='word_1_245' title='bbox 1627 3449 1763 3506; x_wconf 88' lang='lat' dir='ltr'><strong>bene</strong></span> <span class='ocrx_word' id='word_1_246' title='bbox 1821 3457 2092 3516; x_wconf 88' lang='lat' dir='ltr'><strong>animatos</strong></span> 
     </span>
    </p>
   </div>
   <div class='ocr_carea' id='block_1_37' title="bbox 511 3519 2086 3610">
    <p class='ocr_par' dir='ltr' id='par_1_37' title="bbox 511 3519 2086 3610">
     <span class='ocr_line' id='line_1_37' title="bbox 511 3519 2086 3610; baseline 0.02 -38"><span class='ocrx_word' id='word_1_247' title='bbox 511 3519 798 3589; x_wconf 81' lang='lat' dir='ltr'><strong>Bryenium</strong></span> <span class='ocrx_word' id='word_1_248' title='bbox 834 3535 888 3577; x_wconf 89' lang='lat' dir='ltr'><strong>et</strong></span> <span class='ocrx_word' id='word_1_249' title='bbox 921 3526 1058 3581; x_wconf 87' lang='lat' dir='ltr'><strong>alios</strong></span> <span class='ocrx_word' id='word_1_250' title='bbox 1092 3529 1392 3599; x_wconf 79' lang='lat' dir='ltr'><strong>imperator</strong></span> <span class='ocrx_word' id='word_1_251' title='bbox 1417 3538 1826 3610; x_wconf 80' lang='lat' dir='ltr'><strong>Adrianopolim</strong></span> <span class='ocrx_word' id='word_1_252' title='bbox 1857 3549 2086 3606; x_wconf 87' lang='lat' dir='ltr'><strong>remisit.</strong></span> 
     </span>
    </p>
   </div>
   <div class='ocr_carea' id='block_1_38' title="bbox 509 3611 2088 3698">
    <p class='ocr_par' dir='ltr' id='par_1_38' title="bbox 509 3611 2088 3698">
     <span class='ocr_line' id='line_1_38' title="bbox 509 3611 2088 3698; baseline 0.022 -33"><span class='ocrx_word' id='word_1_253' title='bbox 509 3611 650 3666; x_wconf 80' lang='lat' dir='ltr'><strong>idem</strong></span> <span class='ocrx_word' id='word_1_254' title='bbox 712 3629 874 3683; x_wconf 88' lang='lat' dir='ltr'><strong>porro</strong></span> <span class='ocrx_word' id='word_1_255' title='bbox 932 3617 1245 3677; x_wconf 87' lang='lat' dir='ltr'><strong>Calacaloni</strong></span> <span class='ocrx_word' id='word_1_256' title='bbox 1309 3625 1672 3698; x_wconf 86' lang='lat' dir='ltr'><strong>Euphorbeno</strong></span> <span class='ocrx_word' id='word_1_257' title='bbox 1725 3636 2088 3698; x_wconf 87' lang='lat' dir='ltr'><strong>Constantino</strong></span> 
     </span>
    </p>
   </div>
   <div class='ocr_carea' id='block_1_39' title="bbox 511 3704 2086 3790">
    <p class='ocr_par' dir='ltr' id='par_1_39' title="bbox 511 3704 2086 3790">
     <span class='ocr_line' id='line_1_39' title="bbox 511 3704 2086 3790; baseline 0.022 -35"><span class='ocrx_word' id='word_1_258' title='bbox 511 3717 604 3770; x_wconf 86' lang='lat' dir='ltr'><strong>per</strong></span> <span class='ocrx_word' id='word_1_259' title='bbox 637 3704 846 3761; x_wconf 87' lang='lat' dir='ltr'><strong>litteras</strong></span> <span class='ocrx_word' id='word_1_260' title='bbox 877 3713 1160 3766; x_wconf 85' lang='lat' dir='ltr'><strong>mandavit</strong></span> <span class='ocrx_word' id='word_1_261' title='bbox 1187 3728 1240 3767; x_wconf 88' lang='lat' dir='ltr'><strong>ut</strong></span> <span class='ocrx_word' id='word_1_262' title='bbox 1275 3733 1559 3790; x_wconf 86' lang='lat' dir='ltr'><strong>assumpto</strong></span> <span class='ocrx_word' id='word_1_263' title='bbox 1590 3739 1772 3778; x_wconf 88' lang='lat' dir='ltr'><strong>secum</strong></span> <span class='ocrx_word' id='word_1_264' title='bbox 1807 3728 2086 3790; x_wconf 85' lang='lat' dir='ltr'><strong>Monastra</strong></span> 
     </span>
    </p>
   </div>
   <div class='ocr_carea' id='block_1_40' title="bbox 511 3795 2086 3882">
    <p class='ocr_par' dir='ltr' id='par_1_40' title="bbox 511 3795 2086 3882">
     <span class='ocr_line' id='line_1_40' title="bbox 511 3795 2086 3882; baseline 0.023 -36"><span class='ocrx_word' id='word_1_265' title='bbox 511 3795 618 3864; x_wconf 88' lang='lat' dir='ltr'><strong>(vir</strong></span> <span class='ocrx_word' id='word_1_266' title='bbox 660 3798 746 3852; x_wconf 87' lang='lat' dir='ltr'><strong>hic</strong></span> <span class='ocrx_word' id='word_1_267' title='bbox 779 3812 896 3854; x_wconf 90' lang='lat' dir='ltr'><strong>erat</strong></span> <span class='ocrx_word' id='word_1_268' title='bbox 927 3803 1070 3857; x_wconf 86' lang='lat' dir='ltr'><strong>misti</strong></span> <span class='ocrx_word' id='word_1_269' title='bbox 1120 3810 1338 3876; x_wconf 81' lang='lat' dir='ltr'><strong>generis</strong></span> <span class='ocrx_word' id='word_1_270' title='bbox 1373 3827 1436 3865; x_wconf 80' lang='lat' dir='ltr'><strong>ex</strong></span> <span class='ocrx_word' id='word_1_271' title='bbox 1474 3813 1680 3872; x_wconf 69' lang='lat' dir='ltr'><strong>Graecis</strong></span> <span class='ocrx_word' id='word_1_272' title='bbox 1726 3828 1781 3874; x_wconf 86' lang='lat' dir='ltr'><strong>et</strong></span> <span class='ocrx_word' id='word_1_273' title='bbox 1830 3821 2086 3882; x_wconf 85' lang='lat' dir='ltr'><strong>Barbaris</strong></span> 
     </span>
    </p>
   </div>
   <div class='ocr_carea' id='block_1_41' title="bbox 510 3887 2085 3974">
    <p class='ocr_par' dir='ltr' id='par_1_41' title="bbox 510 3887 2085 3974">
     <span class='ocr_line' id='line_1_41' title="bbox 510 3887 2085 3974; baseline 0.023 -36"><span class='ocrx_word' id='word_1_274' title='bbox 510 3887 670 3960; x_wconf 85' lang='lat' dir='ltr'><strong>longo</strong></span> <span class='ocrx_word' id='word_1_275' title='bbox 729 3893 935 3948; x_wconf 73' lang='lat' dir='ltr'><strong>militia:</strong></span> <span class='ocrx_word' id='word_1_276' title='bbox 997 3911 1095 3950; x_wconf 92' lang='lat' dir='ltr'><strong>usu</strong></span> <span class='ocrx_word' id='word_1_277' title='bbox 1155 3915 1402 3970; x_wconf 83' lang='lat' dir='ltr'><strong>magnam</strong></span> <span class='ocrx_word' id='word_1_278' title='bbox 1459 3909 1710 3974; x_wconf 86' lang='lat' dir='ltr'><strong>peritiam</strong></span> <span class='ocrx_word' id='word_1_279' title='bbox 1747 3915 1824 3968; x_wconf 90' lang='lat' dir='ltr'><strong>rei</strong></span> <span class='ocrx_word' id='word_1_280' title='bbox 1879 3917 2085 3974; x_wconf 66' lang='lat' dir='ltr'><strong>bellica:</strong></span> 
     </span>
    </p>
   </div>
   <div class='ocr_carea' id='block_1_42' title="bbox 508 3981 2084 4065">
    <p class='ocr_par' dir='ltr' id='par_1_42' title="bbox 508 3981 2084 4065">
     <span class='ocr_line' id='line_1_42' title="bbox 508 3981 2084 4065; baseline 0.023 -34"><span class='ocrx_word' id='word_1_281' title='bbox 508 3981 756 4053; x_wconf 87' lang='lat' dir='ltr'><strong>adeptus)</strong></span> <span class='ocrx_word' id='word_1_282' title='bbox 807 3995 861 4040; x_wconf 91' lang='lat' dir='ltr'><strong>et</strong></span> <span class='ocrx_word' id='word_1_283' title='bbox 895 3987 1156 4044; x_wconf 83' lang='lat' dir='ltr'><strong>Michaele</strong></span> <span class='ocrx_word' id='word_1_284' title='bbox 1195 3993 1401 4048; x_wconf 84' lang='lat' dir='ltr'><strong>Anema</strong></span> <span class='ocrx_word' id='word_1_285' title='bbox 1437 4015 1556 4054; x_wconf 86' lang='lat' dir='ltr'><strong>cum</strong></span> <span class='ocrx_word' id='word_1_286' title='bbox 1609 4005 1925 4064; x_wconf 90' lang='lat' dir='ltr'><strong>cohortibus</strong></span> <span class='ocrx_word' id='word_1_287' title='bbox 1970 4027 2084 4065; x_wconf 91' lang='lat' dir='ltr'><strong>am-</strong></span> 
     </span>
    </p>
   </div>
   <div class='ocr_carea' id='block_1_43' title="bbox 506 4073 2080 4158">
    <p class='ocr_par' dir='ltr' id='par_1_43' title="bbox 506 4073 2080 4158">
     <span class='ocr_line' id='line_1_43' title="bbox 506 4073 2080 4158; baseline 0.02 -32"><span class='ocrx_word' id='word_1_288' title='bbox 506 4073 720 4140; x_wconf 88' lang='lat' dir='ltr'><strong>borum,</strong></span> <span class='ocrx_word' id='word_1_289' title='bbox 759 4078 922 4133; x_wconf 86' lang='lat' dir='ltr'><strong>simul</strong></span> <span class='ocrx_word' id='word_1_290' title='bbox 953 4095 1266 4150; x_wconf 86' lang='lat' dir='ltr'><strong>peuelratas</strong></span> <span class='ocrx_word' id='word_1_291' title='bbox 1307 4101 1337 4140; x_wconf 72' lang='grc' dir='ltr'>ε</span> <span class='ocrx_word' id='word_1_292' title='bbox 1365 4089 1618 4148; x_wconf 92' lang='lat' dir='ltr'><strong>Comanis</strong></span> <span class='ocrx_word' id='word_1_293' title='bbox 1665 4097 1899 4154; x_wconf 84' lang='lat' dir='ltr'><strong>clisuras</strong></span> <span class='ocrx_word' id='word_1_294' title='bbox 1941 4103 2080 4158; x_wconf 89' lang='lat' dir='ltr'><strong>didi-</strong></span> 
     </span>
    </p>
   </div>
   <div class='ocr_carea' id='block_1_44' title="bbox 505 4165 2083 4260">
    <p class='ocr_par' dir='ltr' id='par_1_44' title="bbox 505 4165 2083 4260">
     <span class='ocr_line' id='line_1_44' title="bbox 505 4165 2083 4260; baseline 0.022 -43"><span class='ocrx_word' id='word_1_295' title='bbox 505 4165 690 4232; x_wconf 88' lang='lat' dir='ltr'><strong>cisset,</strong></span> <span class='ocrx_word' id='word_1_296' title='bbox 729 4171 953 4239; x_wconf 82' lang='lat' dir='ltr'><strong>vestigia</strong></span> <span class='ocrx_word' id='word_1_297' title='bbox 985 4174 1221 4244; x_wconf 88' lang='lat' dir='ltr'><strong>ipsorum</strong></span> <span class='ocrx_word' id='word_1_298' title='bbox 1273 4180 1552 4252; x_wconf 81' lang='lat' dir='ltr'><strong>sublegere</strong></span> <span class='ocrx_word' id='word_1_299' title='bbox 1602 4203 1874 4260; x_wconf 89' lang='lat' dir='ltr'><strong>pergeret,</strong></span> <span class='ocrx_word' id='word_1_300' title='bbox 1933 4197 2083 4250; x_wconf 88' lang='lat' dir='ltr'><strong>subi-</strong></span> 
     </span>
    </p>
   </div>
   <div class='ocr_carea' id='block_1_45' title="bbox 506 4259 2076 4347">
    <p class='ocr_par' dir='ltr' id='par_1_45' title="bbox 506 4259 2076 4347">
     <span class='ocr_line' id='line_1_45' title="bbox 506 4259 2076 4347; baseline 0.023 -39"><span class='ocrx_word' id='word_1_301' title='bbox 506 4259 681 4327; x_wconf 88' lang='lat' dir='ltr'><strong>tisque</strong></span> <span class='ocrx_word' id='word_1_302' title='bbox 732 4279 798 4316; x_wconf 86' lang='lat' dir='ltr'><strong>ex</strong></span> <span class='ocrx_word' id='word_1_303' title='bbox 856 4271 973 4318; x_wconf 91' lang='lat' dir='ltr'><strong>tuto</strong></span> <span class='ocrx_word' id='word_1_304' title='bbox 1031 4267 1480 4335; x_wconf 88' lang='lat' dir='ltr'><strong>impressionibus</strong></span> <span class='ocrx_word' id='word_1_305' title='bbox 1536 4295 1726 4347; x_wconf 86' lang='lat' dir='ltr'><strong>agmen</strong></span> <span class='ocrx_word' id='word_1_306' title='bbox 1775 4296 2076 4344; x_wconf 87' lang='lat' dir='ltr'><strong>extremum</strong></span> 
     </span>
    </p>
   </div>
   <div class='ocr_carea' id='block_1_46' title="bbox 505 4358 1060 4428">
    <p class='ocr_par' dir='ltr' id='par_1_46' title="bbox 505 4358 1060 4428">
     <span class='ocr_line' id='line_1_46' title="bbox 505 4358 1060 4428; baseline 0.02 -25"><span class='ocrx_word' id='word_1_307' title='bbox 505 4358 732 4410; x_wconf 87' lang='lat' dir='ltr'><strong>subinde</strong></span> <span class='ocrx_word' id='word_1_308' title='bbox 789 4372 1060 4428; x_wconf 82' lang='lat' dir='ltr'><strong>carperet.</strong></span> 
     </span>
    </p>
   </div>
   <div class='ocr_carea' id='block_1_47' title="bbox 503 4445 1928 4543">
    <p class='ocr_par' dir='ltr' id='par_1_47' title="bbox 503 4445 1928 4543">
     <span class='ocr_line' id='line_1_47' title="bbox 503 4445 1928 4543; baseline 0.025 -47"><span class='ocrx_word' id='word_1_309' title='bbox 503 4445 675 4501; x_wconf 63' lang='lat' dir='ltr'><strong>ﬂexus</strong></span> <span class='ocrx_word' id='word_1_310' title='bbox 725 4453 1078 4518; x_wconf 78' lang='lat' dir='ltr'><strong>explicandas</strong></span> <span class='ocrx_word' id='word_1_311' title='bbox 1133 4457 1290 4516; x_wconf 77' lang='lat' dir='ltr'><strong>facile</strong></span> <span class='ocrx_word' id='word_1_312' title='bbox 1339 4463 1522 4534; x_wconf 85' lang='lat' dir='ltr'><strong>jugum</strong></span> <span class='ocrx_word' id='word_1_313' title='bbox 1584 4479 1928 4543; x_wconf 85' lang='lat' dir='ltr'><strong>transgressi,</strong></span> 
     </span>
    </p>
   </div>
   <div class='ocr_carea' id='block_1_48' title="bbox 503 4537 983 4610">
    <p class='ocr_par' dir='ltr' id='par_1_48' title="bbox 503 4537 983 4610">
     <span class='ocr_line' id='line_1_48' title="bbox 503 4537 983 4610; baseline 0.021 -20"><span class='ocrx_word' id='word_1_314' title='bbox 503 4537 692 4593; x_wconf 71' lang='lat' dir='ltr'><strong>incola:</strong></span> <span class='ocrx_word' id='word_1_315' title='bbox 725 4545 983 4610; x_wconf 69' lang='lat' dir='ltr'><strong>praefecto</strong></span> 
     </span>
    </p>
   </div>
   <div class='ocr_carea' id='block_1_49' title="bbox 499 4727 895 4798">
    <p class='ocr_par' dir='ltr' id='par_1_49' title="bbox 499 4727 895 4798">
     <span class='ocr_line' id='line_1_49' title="bbox 499 4727 895 4798; baseline 0.025 -20"><span class='ocrx_word' id='word_1_316' title='bbox 499 4727 634 4781; x_wconf 78' lang='lat' dir='ltr'><strong>toris</strong></span> <span class='ocrx_word' id='word_1_317' title='bbox 669 4731 895 4798; x_wconf 82' lang='lat' dir='ltr'><strong>habens,</strong></span> 
     </span>
    </p>
   </div>
   <div class='ocr_carea' id='block_1_50' title="bbox 497 5103 2070 5199">
    <p class='ocr_par' dir='ltr' id='par_1_50' title="bbox 497 5103 2070 5199">
     <span class='ocr_line' id='line_1_50' title="bbox 497 5103 2070 5199; baseline 0.023 -46"><span class='ocrx_word' id='word_1_318' title='bbox 497 5103 634 5170; x_wconf 85' lang='lat' dir='ltr'><strong>polis</strong></span> <span class='ocrx_word' id='word_1_319' title='bbox 679 5114 733 5158; x_wconf 82' lang='lat' dir='ltr'><strong>et</strong></span> <span class='ocrx_word' id='word_1_320' title='bbox 781 5109 1160 5178; x_wconf 82' lang='lat' dir='ltr'><strong>finitimarum,</strong></span> <span class='ocrx_word' id='word_1_321' title='bbox 1203 5119 1437 5185; x_wconf 87' lang='lat' dir='ltr'><strong>perculsi</strong></span> <span class='ocrx_word' id='word_1_322' title='bbox 1483 5125 1675 5178; x_wconf 88' lang='lat' dir='ltr'><strong>nuntio</strong></span> <span class='ocrx_word' id='word_1_323' title='bbox 1717 5141 1994 5199; x_wconf 59' lang='lat' dir='ltr'><strong>occupati?</strong></span> <span class='ocrx_word' id='word_1_324' title='bbox 2040 5151 2070 5188; x_wconf 91' lang='lat' dir='ltr'><strong>a</strong></span> 
     </span>
    </p>
   </div>
   <div class='ocr_carea' id='block_1_51' title="bbox 2207 586 3784 670">
    <p class='ocr_par' dir='ltr' id='par_1_51' title="bbox 2207 586 3784 670">
     <span class='ocr_line' id='line_1_51' title="bbox 2207 586 3784 670; baseline 0.013 -34"><span class='ocrx_word' id='word_1_325' title='bbox 2207 587 2286 647; x_wconf 78' lang='grc' dir='ltr'><strong>εἰς</strong></span> <span class='ocrx_word' id='word_1_326' title='bbox 2341 586 2410 638; x_wconf 85' lang='grc' dir='ltr'>τὰ</span> <span class='ocrx_word' id='word_1_327' title='bbox 2459 586 2774 654; x_wconf 81' lang='grc' dir='ltr'>καλούμενα</span> <span class='ocrx_word' id='word_1_328' title='bbox 2821 589 3016 661; x_wconf 76' lang='grc' dir='ltr'>Θερμὰ</span> <span class='ocrx_word' id='word_1_329' title='bbox 3057 592 3168 662; x_wconf 76' lang='grc'>(94)</span> <span class='ocrx_word' id='word_1_330' title='bbox 3225 595 3580 659; x_wconf 75' lang='grc' dir='ltr'><strong>ἐξαπέστειλε</strong></span> <span class='ocrx_word' id='word_1_331' title='bbox 3655 606 3784 670; x_wconf 69' lang='grc' dir='ltr'>μετὰ</span> 
     </span>
    </p>
   </div>
   <div class='ocr_carea' id='block_1_52' title="bbox 2207 679 3786 766">
    <p class='ocr_par' dir='ltr' id='par_1_52' title="bbox 2207 679 3786 766">
     <span class='ocr_line' id='line_1_52' title="bbox 2207 679 3786 766; baseline 0.012 -36"><span class='ocrx_word' id='word_1_332' title='bbox 2207 679 2300 732; x_wconf 80' lang='grc' dir='ltr'><strong>καί</strong></span> <span class='ocrx_word' id='word_1_333' title='bbox 2331 697 2494 732; x_wconf 86' lang='grc' dir='ltr'>τινων</span> <span class='ocrx_word' id='word_1_334' title='bbox 2522 682 2774 748; x_wconf 81' lang='grc' dir='ltr'>ὲθν.κῶν,</span> <span class='ocrx_word' id='word_1_335' title='bbox 2807 685 2903 738; x_wconf 80' lang='grc' dir='ltr'>τοῦ</span> <span class='ocrx_word' id='word_1_336' title='bbox 2937 703 2997 738; x_wconf 90' lang='grc' dir='ltr'><strong>τε</strong></span> <span class='ocrx_word' id='word_1_337' title='bbox 3031 687 3363 760; x_wconf 78' lang='grc' dir='ltr'>Σκαλιαρίου</span> <span class='ocrx_word' id='word_1_338' title='bbox 3407 691 3452 724; x_wconf 84' lang='grc'><strong><em>³⁸</em></strong></span> <span class='ocrx_word' id='word_1_339' title='bbox 3479 693 3574 746; x_wconf 76' lang='grc' dir='ltr'><strong>τοῦ</strong></span> <span class='ocrx_word' id='word_1_340' title='bbox 3595 695 3786 766; x_wconf 75' lang='grc' dir='ltr'>Ἐλχᾶν</span> 
     </span>
    </p>
   </div>
   <div class='ocr_carea' id='block_1_53' title="bbox 2205 773 3786 856">
    <p class='ocr_par' dir='ltr' id='par_1_53' title="bbox 2205 773 3786 856">
     <span class='ocr_line' id='line_1_53' title="bbox 2205 773 3786 856; baseline 0.01 -32"><span class='ocrx_word' id='word_1_341' title='bbox 2205 775 2304 826; x_wconf 76' lang='grc' dir='ltr'>καὶ</span> <span class='ocrx_word' id='word_1_342' title='bbox 2331 773 2542 845; x_wconf 78' lang='grc' dir='ltr'>ἑτέρων</span> <span class='ocrx_word' id='word_1_343' title='bbox 2587 775 2695 828; x_wconf 80' lang='grc' dir='ltr'>τῶν</span> <span class='ocrx_word' id='word_1_344' title='bbox 2729 777 3002 848; x_wconf 75' lang='grc' dir='ltr'><strong>ἐκκρίτων</strong></span> <span class='ocrx_word' id='word_1_345' title='bbox 3037 781 3123 848; x_wconf 76' lang='grc' dir='ltr'><strong>ἐφ’</strong></span> <span class='ocrx_word' id='word_1_346' title='bbox 3161 775 3204 849; x_wconf 82' lang='grc' dir='ltr'><strong>ᾧ</strong></span> <span class='ocrx_word' id='word_1_347' title='bbox 3237 784 3340 851; x_wconf 82' lang='grc' dir='ltr'>τὴν</span> <span class='ocrx_word' id='word_1_348' title='bbox 3385 785 3638 856; x_wconf 83' lang='grc' dir='ltr'>φυλακὴν</span> <span class='ocrx_word' id='word_1_349' title='bbox 3685 789 3786 841; x_wconf 75' lang='grc' dir='ltr'>τῶν</span> 
     </span>
    </p>
   </div>
   <div class='ocr_carea' id='block_1_54' title="bbox 2204 866 3786 946">
    <p class='ocr_par' dir='ltr' id='par_1_54' title="bbox 2204 866 3786 946">
     <span class='ocr_line' id='line_1_54' title="bbox 2204 866 3786 946; baseline 0.01 -30"><span class='ocrx_word' id='word_1_350' title='bbox 2204 866 2384 917; x_wconf 79' lang='grc' dir='ltr'>ἐκεῖσε</span> <span class='ocrx_word' id='word_1_351' title='bbox 2411 867 2458 896; x_wconf 73' lang='grc'><strong>⁸⁸</strong></span> <span class='ocrx_word' id='word_1_352' title='bbox 2493 867 2770 921; x_wconf 69' lang='grc' dir='ltr'>ποιεῖσθαι</span> <span class='ocrx_word' id='word_1_353' title='bbox 2803 871 2984 938; x_wconf 83' lang='grc' dir='ltr'>μερῶν</span> <span class='ocrx_word' id='word_1_354' title='bbox 3012 888 3028 902; x_wconf 74' lang='grc'><strong><em>⁸</em></strong></span> <span class='ocrx_word' id='word_1_355' title='bbox 3060 873 3224 935; x_wconf 63' lang='grc' dir='ltr'>αὐτὸς</span> <span class='ocrx_word' id='word_1_356' title='bbox 3255 874 3310 926; x_wconf 80' lang='grc' dir='ltr'>δὲ</span> <span class='ocrx_word' id='word_1_357' title='bbox 3369 876 3681 946; x_wconf 77' lang='grc' dir='ltr'><strong>ἀπέρχεται</strong></span> <span class='ocrx_word' id='word_1_358' title='bbox 3709 884 3786 943; x_wconf 84' lang='grc' dir='ltr'><strong>εἰς</strong></span> 
     </span>
    </p>
   </div>
   <div class='ocr_carea' id='block_1_55' title="bbox 2219 961 3784 1046">
    <p class='ocr_par' dir='ltr' id='par_1_55' title="bbox 2219 961 3784 1046">
     <span class='ocr_line' id='line_1_55' title="bbox 2219 961 3784 1046; baseline 0.01 -34"><span class='ocrx_word' id='word_1_359' title='bbox 2219 961 2526 1029; x_wconf 81' lang='grc' dir='ltr'>Ἀγχίαλον.</span> <span class='ocrx_word' id='word_1_360' title='bbox 2605 965 2762 1017; x_wconf 77' lang='grc' dir='ltr'>Ἐπεὶ</span> <span class='ocrx_word' id='word_1_361' title='bbox 2793 966 2852 1018; x_wconf 76' lang='grc' dir='ltr'>δὲ</span> <span class='ocrx_word' id='word_1_362' title='bbox 2910 967 3046 1034; x_wconf 75' lang='grc' dir='ltr'>πρὸς</span> <span class='ocrx_word' id='word_1_363' title='bbox 3100 968 3546 1038; x_wconf 80' lang='grc' dir='ltr'>Ἀδριανούπολιν</span> <span class='ocrx_word' id='word_1_364' title='bbox 3583 976 3644 1027; x_wconf 80' lang='grc' dir='ltr'>τὸ</span> <span class='ocrx_word' id='word_1_365' title='bbox 3695 975 3784 1046; x_wconf 82' lang='grc' dir='ltr'>δρ-</span> 
     </span>
    </p>
   </div>
   <div class='ocr_carea' id='block_1_56' title="bbox 2207 1054 3786 1138">
    <p class='ocr_par' dir='ltr' id='par_1_56' title="bbox 2207 1054 3786 1138">
     <span class='ocr_line' id='line_1_56' title="bbox 2207 1054 3786 1138; baseline 0.011 -34"><span class='ocrx_word' id='word_1_366' title='bbox 2207 1072 2370 1122; x_wconf 81' lang='grc' dir='ltr'>μημα</span> <span class='ocrx_word' id='word_1_367' title='bbox 2399 1054 2496 1109; x_wconf 81' lang='grc' dir='ltr'>τοῦ</span> <span class='ocrx_word' id='word_1_368' title='bbox 2525 1055 2571 1086; x_wconf 82' lang='grc'>³⁷</span> <span class='ocrx_word' id='word_1_369' title='bbox 2619 1058 2890 1128; x_wconf 84' lang='grc' dir='ltr'>Κομάνων</span> <span class='ocrx_word' id='word_1_370' title='bbox 2920 1062 3260 1131; x_wconf 77' lang='grc' dir='ltr'>μεμαθήκει,</span> <span class='ocrx_word' id='word_1_371' title='bbox 3286 1067 3786 1138; x_wconf 68' lang='grc' dir='ltr'>μεταπεμψάμενος</span> 
     </span>
    </p>
   </div>
   <div class='ocr_carea' id='block_1_57' title="bbox 2203 1147 3786 1225">
    <p class='ocr_par' dir='ltr' id='par_1_57' title="bbox 2203 1147 3786 1225">
     <span class='ocr_line' id='line_1_57' title="bbox 2203 1147 3786 1225; baseline 0.01 -27"><span class='ocrx_word' id='word_1_372' title='bbox 2203 1147 2330 1209; x_wconf 79' lang='grc' dir='ltr'>τοὺς</span> <span class='ocrx_word' id='word_1_373' title='bbox 2371 1150 2660 1220; x_wconf 74' lang='grc' dir='ltr'><strong>ἐκκρίτους</strong></span> <span class='ocrx_word' id='word_1_374' title='bbox 2697 1150 2806 1202; x_wconf 84' lang='grc' dir='ltr'><strong>τῶν</strong></span> <span class='ocrx_word' id='word_1_375' title='bbox 2853 1151 3380 1223; x_wconf 77' lang='grc' dir='ltr'>Ἀδριανουπολιτῶν</span> <span class='ocrx_word' id='word_1_376' title='bbox 3409 1158 3682 1225; x_wconf 72' lang='grc' dir='ltr'>ἅπαντας,</span> <span class='ocrx_word' id='word_1_377' title='bbox 3715 1159 3786 1218; x_wconf 79' lang='grc' dir='ltr'>ὧν</span> 
     </span>
    </p>
   </div>
   <div class='ocr_carea' id='block_1_58' title="bbox 2205 1239 3784 1328">
    <p class='ocr_par' dir='ltr' id='par_1_58' title="bbox 2205 1239 3784 1328">
     <span class='ocr_line' id='line_1_58' title="bbox 2205 1239 3784 1328; baseline 0.013 -37"><span class='ocrx_word' id='word_1_378' title='bbox 2205 1239 2574 1311; x_wconf 80' lang='grc' dir='ltr'><strong>ὑπερέχοντες</strong></span> <span class='ocrx_word' id='word_1_379' title='bbox 2605 1245 2632 1297; x_wconf 83' lang='grc' dir='ltr'><strong>ὅ</strong></span> <span class='ocrx_word' id='word_1_380' title='bbox 2655 1262 2715 1296; x_wconf 86' lang='grc' dir='ltr'><strong>τε</strong></span> <span class='ocrx_word' id='word_1_381' title='bbox 2760 1246 3104 1302; x_wconf 83' lang='grc' dir='ltr'>Κατακαλὼν</span> <span class='ocrx_word' id='word_1_382' title='bbox 3125 1251 3153 1302; x_wconf 88' lang='grc' dir='ltr'>ὁ</span> <span class='ocrx_word' id='word_1_383' title='bbox 3175 1252 3572 1326; x_wconf 78' lang='grc' dir='ltr'>Τραχανιώτης</span> <span class='ocrx_word' id='word_1_384' title='bbox 3601 1255 3648 1288; x_wconf 77' lang='grc'><strong>⁸⁸</strong></span> <span class='ocrx_word' id='word_1_385' title='bbox 3677 1257 3784 1328; x_wconf 77' lang='grc'>(95)</span> 
     </span>
    </p>
   </div>
   <div class='ocr_carea' id='block_1_59' title="bbox 2203 1335 3786 1417">
    <p class='ocr_par' dir='ltr' id='par_1_59' title="bbox 2203 1335 3786 1417">
     <span class='ocr_line' id='line_1_59' title="bbox 2203 1335 3786 1417; baseline 0.011 -33"><span class='ocrx_word' id='word_1_386' title='bbox 2203 1335 2519 1402; x_wconf 79' lang='grc' dir='ltr'>λεγόμενος,</span> <span class='ocrx_word' id='word_1_387' title='bbox 2545 1337 2638 1390; x_wconf 74' lang='grc' dir='ltr'>καὶ</span> <span class='ocrx_word' id='word_1_388' title='bbox 2662 1339 2982 1410; x_wconf 81' lang='grc' dir='ltr'>Νικηφόρος</span> <span class='ocrx_word' id='word_1_389' title='bbox 3009 1342 3038 1393; x_wconf 81' lang='grc' dir='ltr'>ὁ</span> <span class='ocrx_word' id='word_1_390' title='bbox 3077 1343 3192 1406; x_wconf 63' lang='lat' dir='ltr'><strong>uili;</strong></span> <span class='ocrx_word' id='word_1_391' title='bbox 3229 1345 3324 1398; x_wconf 77' lang='grc' dir='ltr'>τοῦ</span> <span class='ocrx_word' id='word_1_392' title='bbox 3375 1347 3542 1400; x_wconf 82' lang='grc' dir='ltr'>πάλαι</span> <span class='ocrx_word' id='word_1_393' title='bbox 3591 1367 3786 1417; x_wconf 80' lang='grc' dir='ltr'>τυραν-</span> 
     </span>
    </p>
   </div>
   <div class='ocr_carea' id='block_1_60' title="bbox 2203 1430 3788 1512">
    <p class='ocr_par' dir='ltr' id='par_1_60' title="bbox 2203 1430 3788 1512">
     <span class='ocr_line' id='line_1_60' title="bbox 2203 1430 3788 1512; baseline 0.009 -32"><span class='ocrx_word' id='word_1_394' title='bbox 2203 1430 2472 1495; x_wconf 79' lang='grc' dir='ltr'>νήσαντος</span> <span class='ocrx_word' id='word_1_395' title='bbox 2503 1431 2822 1502; x_wconf 73' lang='grc' dir='ltr'>Βρυεννζου,</span> <span class='ocrx_word' id='word_1_396' title='bbox 2856 1438 2951 1489; x_wconf 81' lang='grc' dir='ltr'><strong>καὶ</strong></span> <span class='ocrx_word' id='word_1_397' title='bbox 2983 1438 3148 1500; x_wconf 54' lang='lat' dir='ltr'><strong>assa;</strong></span> <span class='ocrx_word' id='word_1_398' title='bbox 3171 1444 3526 1512; x_wconf 68' lang='grc' dir='ltr'><strong>τυραννήσας</strong></span> <span class='ocrx_word' id='word_1_399' title='bbox 3553 1445 3650 1496; x_wconf 74' lang='grc' dir='ltr'>καὶ</span> <span class='ocrx_word' id='word_1_400' title='bbox 3679 1453 3788 1497; x_wconf 80' lang='grc' dir='ltr'>τῶν</span> 
     </span>
    </p>
   </div>
   <div class='ocr_carea' id='block_1_61' title="bbox 2202 1520 3789 1606">
    <p class='ocr_par' dir='ltr' id='par_1_61' title="bbox 2202 1520 3789 1606">
     <span class='ocr_line' id='line_1_61' title="bbox 2202 1520 3789 1606; baseline 0.013 -34"><span class='ocrx_word' id='word_1_401' title='bbox 2202 1520 2503 1592; x_wconf 73' lang='grc' dir='ltr'><strong>ὀφθαλμῶν</strong></span> <span class='ocrx_word' id='word_1_402' title='bbox 2559 1527 2878 1598; x_wconf 80' lang='grc' dir='ltr'>στερηθείς·</span> <span class='ocrx_word' id='word_1_403' title='bbox 2927 1531 3142 1596; x_wconf 83' lang='grc' dir='ltr'>τούτοις</span> <span class='ocrx_word' id='word_1_404' title='bbox 3185 1533 3360 1586; x_wconf 78' lang='grc' dir='ltr'>πολλὰ</span> <span class='ocrx_word' id='word_1_405' title='bbox 3397 1537 3497 1606; x_wconf 79' lang='grc' dir='ltr'>τὴν</span> <span class='ocrx_word' id='word_1_406' title='bbox 3530 1537 3626 1591; x_wconf 77' lang='grc' dir='ltr'><strong>τοῦ</strong></span> <span class='ocrx_word' id='word_1_407' title='bbox 3691 1541 3789 1592; x_wconf 83' lang='grc' dir='ltr'><strong>κὰ-</strong></span> 
     </span>
    </p>
   </div>
   <div class='ocr_carea' id='block_1_62' title="bbox 2203 1621 3790 1702">
    <p class='ocr_par' dir='ltr' id='par_1_62' title="bbox 2203 1621 3790 1702">
     <span class='ocr_line' id='line_1_62' title="bbox 2203 1621 3790 1702; baseline 0.01 -34"><span class='ocrx_word' id='word_1_408' title='bbox 2203 1634 2368 1689; x_wconf 91' lang='grc' dir='ltr'>στρου</span> <span class='ocrx_word' id='word_1_409' title='bbox 2398 1621 2649 1689; x_wconf 78' lang='grc' dir='ltr'>φυλακὴν</span> <span class='ocrx_word' id='word_1_410' title='bbox 2675 1623 2980 1677; x_wconf 78' lang='grc' dir='ltr'>ἐνετείλατο</span> <span class='ocrx_word' id='word_1_411' title='bbox 3019 1627 3292 1680; x_wconf 84' lang='grc' dir='ltr'>ποιεῖσθαι</span> <span class='ocrx_word' id='word_1_412' title='bbox 3327 1628 3556 1682; x_wconf 78' lang='grc' dir='ltr'>καὶτῶν</span> <span class='ocrx_word' id='word_1_413' title='bbox 3602 1632 3790 1702; x_wconf 76' lang='grc' dir='ltr'>Κομα-</span> 
     </span>
    </p>
   </div>
   <div class='ocr_carea' id='block_1_63' title="bbox 2201 1713 3791 1792">
    <p class='ocr_par' dir='ltr' id='par_1_63' title="bbox 2201 1713 3791 1792">
     <span class='ocr_line' id='line_1_63' title="bbox 2201 1713 3791 1792; baseline 0.009 -30"><span class='ocrx_word' id='word_1_414' title='bbox 2201 1727 2308 1762; x_wconf 86' lang='grc' dir='ltr'><strong>νων</strong></span> <span class='ocrx_word' id='word_1_415' title='bbox 2339 1713 2764 1767; x_wconf 75' lang='grc' dir='ltr'>καταλαϐόντων</span> <span class='ocrx_word' id='word_1_416' title='bbox 2815 1715 2889 1788; x_wconf 80' lang='grc' dir='ltr'>μὴ</span> <span class='ocrx_word' id='word_1_417' title='bbox 2925 1717 3063 1784; x_wconf 83' lang='grc' dir='ltr'>μετά</span> <span class='ocrx_word' id='word_1_418' title='bbox 3095 1720 3464 1792; x_wconf 69' lang='grc' dir='ltr'>μικροψυχίας</span> <span class='ocrx_word' id='word_1_419' title='bbox 3511 1721 3606 1775; x_wconf 74' lang='grc' dir='ltr'><strong>τὸν</strong></span> <span class='ocrx_word' id='word_1_420' title='bbox 3671 1723 3791 1792; x_wconf 87' lang='grc' dir='ltr'>μετ’</span> 
     </span>
    </p>
   </div>
   <div class='ocr_carea' id='block_1_64' title="bbox 2203 1803 3790 1882">
    <p class='ocr_par' dir='ltr' id='par_1_64' title="bbox 2203 1803 3790 1882">
     <span class='ocr_line' id='line_1_64' title="bbox 2203 1803 3790 1882; baseline 0.011 -28"><span class='ocrx_word' id='word_1_421' title='bbox 2203 1803 2387 1857; x_wconf 83' lang='grc' dir='ltr'>αὐτῶν</span> <span class='ocrx_word' id='word_1_422' title='bbox 2416 1806 2696 1876; x_wconf 75' lang='grc' dir='ltr'>συναίρειν</span> <span class='ocrx_word' id='word_1_423' title='bbox 2729 1809 2990 1880; x_wconf 78' lang='grc' dir='ltr'>πόλεμον,</span> <span class='ocrx_word' id='word_1_424' title='bbox 3022 1813 3158 1865; x_wconf 84' lang='grc' dir='ltr'>ἀλλὰ</span> <span class='ocrx_word' id='word_1_425' title='bbox 3193 1816 3330 1882; x_wconf 84' lang='grc' dir='ltr'>μετὰ</span> <span class='ocrx_word' id='word_1_426' title='bbox 3360 1816 3565 1869; x_wconf 66' lang='grc' dir='ltr'>σκοποῦ</span> <span class='ocrx_word' id='word_1_427' title='bbox 3603 1821 3698 1870; x_wconf 76' lang='grc' dir='ltr'>καὶ</span> <span class='ocrx_word' id='word_1_428' title='bbox 3729 1821 3790 1871; x_wconf 75' lang='grc' dir='ltr'>ἐκ</span> 
     </span>
    </p>
   </div>
   <div class='ocr_carea' id='block_1_65' title="bbox 2205 1895 3786 1974">
    <p class='ocr_par' dir='ltr' id='par_1_65' title="bbox 2205 1895 3786 1974">
     <span class='ocr_line' id='line_1_65' title="bbox 2205 1895 3786 1974; baseline 0.01 -28"><span class='ocrx_word' id='word_1_429' title='bbox 2205 1895 2573 1966; x_wconf 80' lang='grc' dir='ltr'>διαστήματος</span> <span class='ocrx_word' id='word_1_430' title='bbox 2612 1900 2712 1961; x_wconf 77' lang='grc' dir='ltr'>τὰς</span> <span class='ocrx_word' id='word_1_431' title='bbox 2769 1907 2891 1956; x_wconf 79' lang='grc' dir='ltr'>κατ’</span> <span class='ocrx_word' id='word_1_432' title='bbox 2922 1905 3148 1958; x_wconf 79' lang='grc' dir='ltr'>ἐκείνων</span> <span class='ocrx_word' id='word_1_433' title='bbox 3199 1905 3361 1974; x_wconf 72' lang='grc' dir='ltr'>βολὰς</span> <span class='ocrx_word' id='word_1_434' title='bbox 3389 1909 3682 1972; x_wconf 77' lang='grc' dir='ltr'>ποιεῖσθαι,</span> <span class='ocrx_word' id='word_1_435' title='bbox 3719 1911 3786 1963; x_wconf 77' lang='grc' dir='ltr'>τὰ</span> 
     </span>
    </p>
   </div>
   <div class='ocr_carea' id='block_1_66' title="bbox 2203 1987 3786 2071">
    <p class='ocr_par' dir='ltr' id='par_1_66' title="bbox 2203 1987 3786 2071">
     <span class='ocr_line' id='line_1_66' title="bbox 2203 1987 3786 2071; baseline 0.011 -31"><span class='ocrx_word' id='word_1_436' title='bbox 2203 1987 2258 2041; x_wconf 82' lang='grc' dir='ltr'>δὲ</span> <span class='ocrx_word' id='word_1_437' title='bbox 2293 1989 2520 2044; x_wconf 86' lang='grc' dir='ltr'>πλεῖστα</span> <span class='ocrx_word' id='word_1_438' title='bbox 2551 1994 2950 2064; x_wconf 74' lang='grc' dir='ltr'><strong>κεκλεισμένας</strong></span> <span class='ocrx_word' id='word_1_439' title='bbox 2997 1999 3096 2062; x_wconf 74' lang='grc' dir='ltr'><strong>τὰς</strong></span> <span class='ocrx_word' id='word_1_440' title='bbox 3133 2001 3306 2065; x_wconf 85' lang='grc' dir='ltr'>πύλας</span> <span class='ocrx_word' id='word_1_441' title='bbox 3355 2001 3522 2071; x_wconf 78' lang='grc' dir='ltr'>ἔχειν.</span> <span class='ocrx_word' id='word_1_442' title='bbox 3581 2005 3786 2068; x_wconf 67' lang='grc' dir='ltr'>πολλὰς</span> 
     </span>
    </p>
   </div>
   <div class='ocr_carea' id='block_1_67' title="bbox 2204 2081 3790 2168">
    <p class='ocr_par' dir='ltr' id='par_1_67' title="bbox 2204 2081 3790 2168">
     <span class='ocr_line' id='line_1_67' title="bbox 2204 2081 3790 2168; baseline 0.014 -36"><span class='ocrx_word' id='word_1_443' title='bbox 2204 2081 2574 2152; x_wconf 71' lang='grc' dir='ltr'>ὑποσχόμενος</span> <span class='ocrx_word' id='word_1_444' title='bbox 2603 2087 2923 2156; x_wconf 79' lang='grc' dir='ltr'>εὐεργεσίας</span> <span class='ocrx_word' id='word_1_445' title='bbox 2951 2091 2998 2142; x_wconf 86' lang='grc' dir='ltr'><strong>εἰ</strong></span> <span class='ocrx_word' id='word_1_446' title='bbox 3027 2093 3091 2144; x_wconf 81' lang='grc' dir='ltr'><strong>τὰ</strong></span> <span class='ocrx_word' id='word_1_447' title='bbox 3125 2099 3578 2166; x_wconf 79' lang='grc' dir='ltr'><strong>προστεταγμένα</strong></span> <span class='ocrx_word' id='word_1_448' title='bbox 3613 2103 3790 2168; x_wconf 75' lang='grc' dir='ltr'><strong>τηρή-</strong></span> 
     </span>
    </p>
   </div>
   <div class='ocr_carea' id='block_1_68' title="bbox 2207 2174 3788 2255">
    <p class='ocr_par' dir='ltr' id='par_1_68' title="bbox 2207 2174 3788 2255">
     <span class='ocr_line' id='line_1_68' title="bbox 2207 2174 3788 2255; baseline 0.013 -31"><span class='ocrx_word' id='word_1_449' title='bbox 2207 2189 2380 2228; x_wconf 87' lang='grc' dir='ltr'>σαιεν.</span> <span class='ocrx_word' id='word_1_450' title='bbox 2416 2174 2600 2229; x_wconf 85' lang='grc' dir='ltr'>Ταῦτα</span> <span class='ocrx_word' id='word_1_451' title='bbox 2639 2179 2736 2245; x_wconf 82' lang='grc' dir='ltr'>μὲν</span> <span class='ocrx_word' id='word_1_452' title='bbox 2765 2179 2857 2232; x_wconf 84' lang='grc' dir='ltr'><strong>οὖν</strong></span> <span class='ocrx_word' id='word_1_453' title='bbox 2915 2181 3053 2250; x_wconf 58' lang='grc' dir='ltr'>πρὸς</span> <span class='ocrx_word' id='word_1_454' title='bbox 3087 2183 3184 2236; x_wconf 79' lang='grc' dir='ltr'>τὸν</span> <span class='ocrx_word' id='word_1_455' title='bbox 3220 2185 3510 2254; x_wconf 81' lang='grc' dir='ltr'>Βρυέννιον</span> <span class='ocrx_word' id='word_1_456' title='bbox 3535 2193 3629 2244; x_wconf 78' lang='grc' dir='ltr'>καὶ</span> <span class='ocrx_word' id='word_1_457' title='bbox 3662 2191 3788 2255; x_wconf 78' lang='grc' dir='ltr'>τοὺς</span> 
     </span>
    </p>
   </div>
   <div class='ocr_carea' id='block_1_69' title="bbox 2203 2267 3787 2354">
    <p class='ocr_par' dir='ltr' id='par_1_69' title="bbox 2203 2267 3787 2354">
     <span class='ocr_line' id='line_1_69' title="bbox 2203 2267 3787 2354; baseline 0.013 -35"><span class='ocrx_word' id='word_1_458' title='bbox 2203 2267 2398 2332; x_wconf 84' lang='grc' dir='ltr'>ἄλλους</span> <span class='ocrx_word' id='word_1_459' title='bbox 2427 2272 2455 2323; x_wconf 84' lang='grc' dir='ltr'>ὁ</span> <span class='ocrx_word' id='word_1_460' title='bbox 2495 2272 2862 2344; x_wconf 83' lang='grc' dir='ltr'><strong>αὐτοκράτωρ</strong></span> <span class='ocrx_word' id='word_1_461' title='bbox 2911 2283 3450 2350; x_wconf 76' lang='grc' dir='ltr'>παρεγγυησάμενος</span> <span class='ocrx_word' id='word_1_462' title='bbox 3495 2279 3610 2337; x_wconf 63' lang='grc' dir='ltr'>οἷον</span> <span class='ocrx_word' id='word_1_463' title='bbox 3648 2290 3787 2354; x_wconf 72' lang='grc' dir='ltr'>μετὰ</span> 
     </span>
    </p>
   </div>
   <div class='ocr_carea' id='block_1_70' title="bbox 2203 2361 3789 2458">
    <p class='ocr_par' dir='ltr' id='par_1_70' title="bbox 2203 2361 3789 2458">
     <span class='ocr_line' id='line_1_70' title="bbox 2203 2361 3789 2458; baseline 0.013 -45"><span class='ocrx_word' id='word_1_464' title='bbox 2203 2361 2462 2432; x_wconf 74' lang='grc' dir='ltr'>χρηστῶν</span> <span class='ocrx_word' id='word_1_465' title='bbox 2490 2365 2600 2416; x_wconf 83' lang='grc' dir='ltr'><strong>τῶν</strong></span> <span class='ocrx_word' id='word_1_466' title='bbox 2631 2366 2862 2418; x_wconf 79' lang='grc' dir='ltr'>ἐλπίδων</span> <span class='ocrx_word' id='word_1_467' title='bbox 2925 2369 3060 2440; x_wconf 74' lang='grc' dir='ltr'>πρὸς</span> <span class='ocrx_word' id='word_1_468' title='bbox 3125 2372 3565 2458; x_wconf 82' lang='grc' dir='ltr'>Ἀδριανούπολιν</span> <span class='ocrx_word' id='word_1_469' title='bbox 3621 2381 3789 2432; x_wconf 79' lang='grc' dir='ltr'>ἐκπέ-</span> 
     </span>
    </p>
   </div>
   <div class='ocr_carea' id='block_1_71' title="bbox 2202 2455 3788 2537">
    <p class='ocr_par' dir='ltr' id='par_1_71' title="bbox 2202 2455 3788 2537">
     <span class='ocr_line' id='line_1_71' title="bbox 2202 2455 3788 2537; baseline -0.004 -17"><span class='ocrx_word' id='word_1_470' title='bbox 2202 2469 2408 2519; x_wconf 62' lang='grc' dir='ltr'>πομφεσ</span> <span class='ocrx_word' id='word_1_471' title='bbox 2629 2475 2690 2524; x_wconf 76' lang='grc' dir='ltr'>γε</span> <span class='ocrx_word' id='word_1_472' title='bbox 2727 2461 3040 2529; x_wconf 54' lang='grc' dir='ltr'><strong>κατα-χαλᾷ)</strong></span> <span class='ocrx_word' id='word_1_473' title='bbox 3059 2463 3132 2532; x_wconf 76' lang='grc' dir='ltr'>τῷ</span> <span class='ocrx_word' id='word_1_474' title='bbox 3150 2463 3468 2537; x_wconf 75' lang='grc' dir='ltr'><strong>Ἑφορὸηνῷ</strong></span> <span class='ocrx_word' id='word_1_475' title='bbox 3492 2472 3788 2524; x_wconf 46' lang='lat' dir='ltr'><strong>Kay/51am-</strong></span> 
     </span>
    </p>
   </div>
   <div class='ocr_carea' id='block_1_72' title="bbox 2201 2543 3788 2622">
    <p class='ocr_par' dir='ltr' id='par_1_72' title="bbox 2201 2543 3788 2622">
     <span class='ocr_line' id='line_1_72' title="bbox 2201 2543 3788 2622; baseline 0.013 -27"><span class='ocrx_word' id='word_1_476' title='bbox 2201 2543 2332 2613; x_wconf 80' lang='grc' dir='ltr'>τίνῳ</span> <span class='ocrx_word' id='word_1_477' title='bbox 2364 2545 2452 2599; x_wconf 85' lang='grc' dir='ltr'>διὰ</span> <span class='ocrx_word' id='word_1_478' title='bbox 2498 2551 2844 2618; x_wconf 84' lang='grc' dir='ltr'>γραμμάτων</span> <span class='ocrx_word' id='word_1_479' title='bbox 2880 2560 3250 2622; x_wconf 76' lang='grc' dir='ltr'>προσέταττεν</span> <span class='ocrx_word' id='word_1_480' title='bbox 3293 2559 3626 2614; x_wconf 78' lang='grc' dir='ltr'>ἀναλαϐέσθ-</span> <span class='ocrx_word' id='word_1_481' title='bbox 3651 2583 3666 2614; x_wconf 92' lang='grc' dir='ltr'><strong>ι</strong></span> <span class='ocrx_word' id='word_1_482' title='bbox 3701 2565 3788 2616; x_wconf 73' lang='grc' dir='ltr'>τὸν</span> 
     </span>
    </p>
   </div>
   <div class='ocr_carea' id='block_1_73' title="bbox 2202 2637 3788 2724">
    <p class='ocr_par' dir='ltr' id='par_1_73' title="bbox 2202 2637 3788 2724">
     <span class='ocr_line' id='line_1_73' title="bbox 2202 2637 3788 2724; baseline 0.014 -35"><span class='ocrx_word' id='word_1_483' title='bbox 2202 2637 2543 2707; x_wconf 87' lang='grc' dir='ltr'>καλούμενον</span> <span class='ocrx_word' id='word_1_484' title='bbox 2619 2645 2949 2714; x_wconf 80' lang='grc' dir='ltr'>Μοναστρᾶν</span> <span class='ocrx_word' id='word_1_485' title='bbox 3011 2647 3444 2724; x_wconf 68' lang='grc' dir='ltr'>(μιξοϐάρϐαρος</span> <span class='ocrx_word' id='word_1_486' title='bbox 3509 2655 3566 2708; x_wconf 84' lang='grc' dir='ltr'>δὲ</span> <span class='ocrx_word' id='word_1_487' title='bbox 3629 2651 3788 2724; x_wconf 77' lang='grc' dir='ltr'>οὗτος</span> 
     </span>
    </p>
   </div>
   <div class='ocr_carea' id='block_1_74' title="bbox 2201 2729 3786 2820">
    <p class='ocr_par' dir='ltr' id='par_1_74' title="bbox 2201 2729 3786 2820">
     <span class='ocr_line' id='line_1_74' title="bbox 2201 2729 3786 2820; baseline 0.016 -40"><span class='ocrx_word' id='word_1_488' title='bbox 2201 2729 2342 2799; x_wconf 83' lang='grc' dir='ltr'>ἀνὴρ</span> <span class='ocrx_word' id='word_1_489' title='bbox 2373 2731 2577 2800; x_wconf 81' lang='grc' dir='ltr'>πολλὴν</span> <span class='ocrx_word' id='word_1_490' title='bbox 2630 2734 2728 2804; x_wconf 83' lang='grc' dir='ltr'>τὴν</span> <span class='ocrx_word' id='word_1_491' title='bbox 2761 2739 2893 2804; x_wconf 73' lang='grc' dir='ltr'>περὶ</span> <span class='ocrx_word' id='word_1_492' title='bbox 2945 2738 3014 2790; x_wconf 78' lang='grc' dir='ltr'><strong>τὰ</strong></span> <span class='ocrx_word' id='word_1_493' title='bbox 3065 2747 3432 2812; x_wconf 85' lang='grc' dir='ltr'>στρατιωτικὰ</span> <span class='ocrx_word' id='word_1_494' title='bbox 3487 2749 3786 2820; x_wconf 81' lang='grc' dir='ltr'>ἐμπειρίαν</span> 
     </span>
    </p>
   </div>
   <div class='ocr_carea' id='block_1_75' title="bbox 2201 2825 3786 2908">
    <p class='ocr_par' dir='ltr' id='par_1_75' title="bbox 2201 2825 3786 2908">
     <span class='ocr_line' id='line_1_75' title="bbox 2201 2825 3786 2908; baseline 0.016 -34"><span class='ocrx_word' id='word_1_495' title='bbox 2201 2825 2560 2894; x_wconf 82' lang='grc' dir='ltr'>κεκτημένος)</span> <span class='ocrx_word' id='word_1_496' title='bbox 2592 2829 2680 2879; x_wconf 77' lang='grc' dir='ltr'>καὶ</span> <span class='ocrx_word' id='word_1_497' title='bbox 2716 2831 2936 2901; x_wconf 74' lang='grc' dir='ltr'>Μιχαὴλ</span> <span class='ocrx_word' id='word_1_498' title='bbox 2967 2834 3058 2886; x_wconf 72' lang='grc' dir='ltr'>τὸν</span> <span class='ocrx_word' id='word_1_499' title='bbox 3100 2834 3336 2906; x_wconf 82' lang='grc' dir='ltr'>’Λνεμᾶν</span> <span class='ocrx_word' id='word_1_500' title='bbox 3381 2842 3520 2908; x_wconf 76' lang='grc' dir='ltr'>μετὰ</span> <span class='ocrx_word' id='word_1_501' title='bbox 3555 2843 3670 2896; x_wconf 85' lang='grc' dir='ltr'>τῶν</span> <span class='ocrx_word' id='word_1_502' title='bbox 3697 2846 3786 2898; x_wconf 78' lang='grc' dir='ltr'>ὑπ’</span> 
     </span>
    </p>
   </div>
   <div class='ocr_carea' id='block_1_76' title="bbox 2201 2919 3788 3003">
    <p class='ocr_par' dir='ltr' id='par_1_76' title="bbox 2201 2919 3788 3003">
     <span class='ocr_line' id='line_1_76' title="bbox 2201 2919 3788 3003; baseline 0.014 -34"><span class='ocrx_word' id='word_1_503' title='bbox 2201 2919 2401 2983; x_wconf 74' lang='grc' dir='ltr'>αὐτοὺς</span> <span class='ocrx_word' id='word_1_504' title='bbox 2463 2925 2818 2991; x_wconf 79' lang='grc' dir='ltr'>τεταγμένων</span> <span class='ocrx_word' id='word_1_505' title='bbox 2881 2931 3252 2995; x_wconf 79' lang='grc' dir='ltr'>στρατιωτῶν.</span> <span class='ocrx_word' id='word_1_506' title='bbox 3315 2935 3422 2986; x_wconf 72' lang='grc' dir='ltr'>Καὶ</span> <span class='ocrx_word' id='word_1_507' title='bbox 3483 2937 3627 2990; x_wconf 74' lang='grc' dir='ltr'>ἐπὰν</span> <span class='ocrx_word' id='word_1_508' title='bbox 3659 2941 3788 3003; x_wconf 74' lang='grc' dir='ltr'>τοὺς</span> 
     </span>
    </p>
   </div>
   <div class='ocr_carea' id='block_1_77' title="bbox 2199 3009 3785 3098">
    <p class='ocr_par' dir='ltr' id='par_1_77' title="bbox 2199 3009 3785 3098">
     <span class='ocr_line' id='line_1_77' title="bbox 2199 3009 3785 3098; baseline 0.015 -37"><span class='ocrx_word' id='word_1_509' title='bbox 2199 3009 2492 3077; x_wconf 86' lang='grc' dir='ltr'>Κομάνους</span> <span class='ocrx_word' id='word_1_510' title='bbox 2551 3013 2652 3075; x_wconf 78' lang='grc' dir='ltr'>τὰς</span> <span class='ocrx_word' id='word_1_511' title='bbox 2724 3014 3049 3089; x_wconf 64' lang='grc' dir='ltr'>κλιεισοὺρας</span> <span class='ocrx_word' id='word_1_512' title='bbox 3132 3021 3444 3090; x_wconf 83' lang='grc' dir='ltr'>διελθόντας</span> <span class='ocrx_word' id='word_1_513' title='bbox 3531 3029 3785 3098; x_wconf 78' lang='grc' dir='ltr'>μάθοιεν,</span> 
     </span>
    </p>
   </div>
   <div class='ocr_carea' id='block_1_78' title="bbox 2202 3103 3788 3186">
    <p class='ocr_par' dir='ltr' id='par_1_78' title="bbox 2202 3103 3788 3186">
     <span class='ocr_line' id='line_1_78' title="bbox 2202 3103 3788 3186; baseline 0.015 -32"><span class='ocrx_word' id='word_1_514' title='bbox 2202 3103 2556 3174; x_wconf 81' lang='grc' dir='ltr'>παρέπεσθαι</span> <span class='ocrx_word' id='word_1_515' title='bbox 2581 3105 2810 3161; x_wconf 73' lang='grc' dir='ltr'>ὄπισθεν</span> <span class='ocrx_word' id='word_1_516' title='bbox 2845 3111 3029 3164; x_wconf 78' lang='grc' dir='ltr'>αὐτῶν</span> <span class='ocrx_word' id='word_1_517' title='bbox 3082 3115 3174 3167; x_wconf 72' lang='grc' dir='ltr'>καὶ</span> <span class='ocrx_word' id='word_1_518' title='bbox 3231 3115 3564 3186; x_wconf 83' lang='grc' dir='ltr'>ἀξυμφανῶς</span> <span class='ocrx_word' id='word_1_519' title='bbox 3600 3125 3788 3177; x_wconf 83' lang='grc' dir='ltr'>αὐτῶν</span> 
     </span>
    </p>
   </div>
   <div class='ocr_carea' id='block_1_79' title="bbox 2315 3198 3788 3291">
    <p class='ocr_par' dir='ltr' id='par_1_79' title="bbox 2315 3198 3788 3291">
     <span class='ocr_line' id='line_1_79' title="bbox 2315 3198 3788 3291; baseline 0.016 -44"><span class='ocrx_word' id='word_1_520' title='bbox 2315 3198 2634 3265; x_wconf 80' lang='grc' dir='ltr'>πειρᾶσθαι.</span> <span class='ocrx_word' id='word_1_521' title='bbox 2667 3201 2788 3252; x_wconf 85' lang='grc' dir='ltr'>Τῶν</span> <span class='ocrx_word' id='word_1_522' title='bbox 2827 3204 2960 3272; x_wconf 80' lang='grc' dir='ltr'>γοῦν</span> <span class='ocrx_word' id='word_1_523' title='bbox 3006 3207 3279 3276; x_wconf 76' lang='grc' dir='ltr'>Κρμάνων</span> <span class='ocrx_word' id='word_1_524' title='bbox 3304 3210 3393 3263; x_wconf 84' lang='grc' dir='ltr'><strong>διὰ</strong></span> <span class='ocrx_word' id='word_1_525' title='bbox 3423 3214 3651 3291; x_wconf 79' lang='grc' dir='ltr'>Βλάχων</span> <span class='ocrx_word' id='word_1_526' title='bbox 3693 3219 3788 3280; x_wconf 69' lang='grc' dir='ltr'><strong>τὰς</strong></span> 
     </span>
    </p>
   </div>
   <div class='ocr_carea' id='block_1_80' title="bbox 2195 3285 3788 3370">
    <p class='ocr_par' dir='ltr' id='par_1_80' title="bbox 2195 3285 3788 3370">
     <span class='ocr_line' id='line_1_80' title="bbox 2195 3285 3788 3370; baseline 0.015 -30"><span class='ocrx_word' id='word_1_527' title='bbox 2195 3285 2303 3340; x_wconf 82' lang='grc' dir='ltr'><strong>τῶν</strong></span> <span class='ocrx_word' id='word_1_528' title='bbox 2337 3287 2689 3360; x_wconf 84' lang='grc' dir='ltr'>Κλεισουρῶν</span> <span class='ocrx_word' id='word_1_529' title='bbox 2725 3294 3008 3365; x_wconf 79' lang='grc' dir='ltr'>ἀτραποὺς</span> <span class='ocrx_word' id='word_1_530' title='bbox 3055 3287 3471 3370; x_wconf 30' lang='grc' dir='ltr'>μεμαθηκότων.</span> <span class='ocrx_word' id='word_1_531' title='bbox 3497 3309 3596 3360; x_wconf 72' lang='grc' dir='ltr'>καὶ</span> <span class='ocrx_word' id='word_1_532' title='bbox 3635 3309 3788 3364; x_wconf 69' lang='grc' dir='ltr'>οὕτω</span> 
     </span>
    </p>
   </div>
   <div class='ocr_carea' id='block_1_81' title="bbox 2193 3377 3788 3473">
    <p class='ocr_par' dir='ltr' id='par_1_81' title="bbox 2193 3377 3788 3473">
     <span class='ocr_line' id='line_1_81' title="bbox 2193 3377 3788 3473; baseline 0.017 -45"><span class='ocrx_word' id='word_1_533' title='bbox 2193 3377 2285 3430; x_wconf 84' lang='grc' dir='ltr'>τὸν</span> <span class='ocrx_word' id='word_1_534' title='bbox 2312 3377 2477 3446; x_wconf 80' lang='grc' dir='ltr'>ζυγὸν</span> <span class='ocrx_word' id='word_1_535' title='bbox 2516 3383 2714 3451; x_wconf 78' lang='grc' dir='ltr'><strong>ῥᾳδίως</strong></span> <span class='ocrx_word' id='word_1_536' title='bbox 2759 3383 3177 3456; x_wconf 78' lang='grc' dir='ltr'>διεληλυθότων,</span> <span class='ocrx_word' id='word_1_537' title='bbox 3231 3393 3349 3462; x_wconf 80' lang='grc' dir='ltr'>ἅμα</span> <span class='ocrx_word' id='word_1_538' title='bbox 3388 3396 3465 3466; x_wconf 87' lang='grc' dir='ltr'>τῷ</span> <span class='ocrx_word' id='word_1_539' title='bbox 3491 3401 3554 3468; x_wconf 78' lang='grc' dir='ltr'>τῇ</span> <span class='ocrx_word' id='word_1_540' title='bbox 3617 3401 3788 3473; x_wconf 73' lang='grc' dir='ltr'><strong>Γολὸῃ</strong></span> 
     </span>
    </p>
   </div>
   <div class='ocr_carea' id='block_1_82' title="bbox 2195 3471 3784 3562">
    <p class='ocr_par' dir='ltr' id='par_1_82' title="bbox 2195 3471 3784 3562">
     <span class='ocr_line' id='line_1_82' title="bbox 2195 3471 3784 3562; baseline 0.016 -42"><span class='ocrx_word' id='word_1_541' title='bbox 2195 3471 2594 3539; x_wconf 82' lang='grc' dir='ltr'>προσπελάσαι,</span> <span class='ocrx_word' id='word_1_542' title='bbox 2639 3475 2802 3538; x_wconf 85' lang='grc' dir='ltr'>εὐθὺς</span> <span class='ocrx_word' id='word_1_543' title='bbox 2833 3478 2880 3529; x_wconf 87' lang='lat' dir='ltr'><strong>oi</strong></span> <span class='ocrx_word' id='word_1_544' title='bbox 2923 3479 3138 3534; x_wconf 83' lang='grc' dir='ltr'>ἔποικοι</span> <span class='ocrx_word' id='word_1_545' title='bbox 3171 3483 3376 3556; x_wconf 83' lang='grc' dir='ltr'>ταύτης</span> <span class='ocrx_word' id='word_1_546' title='bbox 3407 3487 3784 3562; x_wconf 76' lang='grc' dir='ltr'>δεσμήσαντες</span> 
     </span>
    </p>
   </div>
   <div class='ocr_carea' id='block_1_83' title="bbox 2190 3561 3780 3657">
    <p class='ocr_par' dir='ltr' id='par_1_83' title="bbox 2190 3561 3780 3657">
     <span class='ocr_line' id='line_1_83' title="bbox 2190 3561 3780 3657; baseline 0.019 -45"><span class='ocrx_word' id='word_1_547' title='bbox 2190 3561 2282 3614; x_wconf 81' lang='grc' dir='ltr'>τὸν</span> <span class='ocrx_word' id='word_1_548' title='bbox 2305 3563 2404 3634; x_wconf 82' lang='grc' dir='ltr'>τὴν</span> <span class='ocrx_word' id='word_1_549' title='bbox 2435 3566 2683 3638; x_wconf 86' lang='grc' dir='ltr'>φυλακὴν</span> <span class='ocrx_word' id='word_1_550' title='bbox 2708 3569 2802 3622; x_wconf 87' lang='grc' dir='ltr'>τοῦ</span> <span class='ocrx_word' id='word_1_551' title='bbox 2832 3572 3074 3644; x_wconf 85' lang='grc' dir='ltr'>κὰστρου</span> <span class='ocrx_word' id='word_1_552' title='bbox 3112 3581 3550 3650; x_wconf 62' lang='grc' dir='ltr'>πεπιστευμένον</span> <span class='ocrx_word' id='word_1_553' title='bbox 3597 3604 3780 3657; x_wconf 69' lang='grc' dir='ltr'>παρα·</span> 
     </span>
    </p>
   </div>
   <div class='ocr_carea' id='block_1_84' title="bbox 2191 3655 3784 3748">
    <p class='ocr_par' dir='ltr' id='par_1_84' title="bbox 2191 3655 3784 3748">
     <span class='ocr_line' id='line_1_84' title="bbox 2191 3655 3784 3748; baseline 0.017 -43"><span class='ocrx_word' id='word_1_554' title='bbox 2191 3655 2458 3709; x_wconf 83' lang='grc' dir='ltr'>δεδώκασι</span> <span class='ocrx_word' id='word_1_555' title='bbox 2498 3662 2610 3722; x_wconf 90' lang='grc' dir='ltr'>τοῖς</span> <span class='ocrx_word' id='word_1_556' title='bbox 2664 3663 2961 3731; x_wconf 84' lang='grc' dir='ltr'>Κομὰνοις.</span> <span class='ocrx_word' id='word_1_557' title='bbox 3032 3668 3197 3723; x_wconf 75' lang='grc' dir='ltr'>Αὐτοὶ</span> <span class='ocrx_word' id='word_1_558' title='bbox 3237 3671 3292 3724; x_wconf 78' lang='grc' dir='ltr'>δὲ</span> <span class='ocrx_word' id='word_1_559' title='bbox 3352 3655 3784 3748; x_wconf 61' lang='grc' dir='ltr'>εὐφημήσαντες</span> 
     </span>
    </p>
   </div>
   <div class='ocr_carea' id='block_1_85' title="bbox 2190 3747 3783 3825">
    <p class='ocr_par' dir='ltr' id='par_1_85' title="bbox 2190 3747 3783 3825">
     <span class='ocr_line' id='line_1_85' title="bbox 2190 3747 3783 3825; baseline 0.018 -27"><span class='ocrx_word' id='word_1_560' title='bbox 2190 3747 2417 3816; x_wconf 75' lang='grc' dir='ltr'>ἄσμενοι</span> <span class='ocrx_word' id='word_1_561' title='bbox 2486 3749 2710 3817; x_wconf 83' lang='grc' dir='ltr'>τούτους</span> <span class='ocrx_word' id='word_1_562' title='bbox 2745 3757 2788 3786; x_wconf 68' lang='grc'><strong>³⁸</strong></span> <span class='ocrx_word' id='word_1_563' title='bbox 2817 3757 3164 3823; x_wconf 78' lang='grc' dir='ltr'>ὑπεδέξαντο.</span> <span class='ocrx_word' id='word_1_564' title='bbox 3203 3763 3260 3816; x_wconf 87' lang='lat'><strong>&#39;0</strong></span> <span class='ocrx_word' id='word_1_565' title='bbox 3311 3763 3366 3816; x_wconf 85' lang='grc' dir='ltr'>δὲ</span> <span class='ocrx_word' id='word_1_566' title='bbox 3431 3769 3783 3825; x_wconf 74' lang='grc' dir='ltr'>Κατακαλὼν</span> 
     </span>
    </p>
   </div>
   <div class='ocr_carea' id='block_1_86' title="bbox 2191 3839 3784 3936">
    <p class='ocr_par' dir='ltr' id='par_1_86' title="bbox 2191 3839 3784 3936">
     <span class='ocr_line' id='line_1_86' title="bbox 2191 3839 3784 3936; baseline 0.016 -46"><span class='ocrx_word' id='word_1_567' title='bbox 2191 3839 2604 3906; x_wconf 83' lang='grc' dir='ltr'>Κωνσταντῖνος</span> <span class='ocrx_word' id='word_1_568' title='bbox 2631 3846 2889 3911; x_wconf 82' lang='grc' dir='ltr'>ἐναύλους</span> <span class='ocrx_word' id='word_1_569' title='bbox 2927 3851 3026 3914; x_wconf 81' lang='grc' dir='ltr'><strong>τὰς</strong></span> <span class='ocrx_word' id='word_1_570' title='bbox 3060 3852 3152 3906; x_wconf 83' lang='grc' dir='ltr'><strong>τοῦ</strong></span> <span class='ocrx_word' id='word_1_571' title='bbox 3187 3854 3456 3922; x_wconf 82' lang='grc' dir='ltr'>βασιλέως</span> <span class='ocrx_word' id='word_1_572' title='bbox 3496 3858 3784 3936; x_wconf 78' lang='grc' dir='ltr'>ὑποθημο-</span> 
     </span>
    </p>
   </div>
   <div class='ocr_carea' id='block_1_87' title="bbox 2192 3930 3784 4026">
    <p class='ocr_par' dir='ltr' id='par_1_87' title="bbox 2192 3930 3784 4026">
     <span class='ocr_line' id='line_1_87' title="bbox 2192 3930 3784 4026; baseline 0.019 -46"><span class='ocrx_word' id='word_1_573' title='bbox 2192 3930 2357 3996; x_wconf 88' lang='grc' dir='ltr'>σύνας</span> <span class='ocrx_word' id='word_1_574' title='bbox 2388 3933 2549 4003; x_wconf 79' lang='grc' dir='ltr'>ἔχων,</span> <span class='ocrx_word' id='word_1_575' title='bbox 2589 3937 2879 4007; x_wconf 81' lang='grc' dir='ltr'>Κομάνους</span> <span class='ocrx_word' id='word_1_576' title='bbox 2905 3944 3146 4014; x_wconf 79' lang='grc' dir='ltr'>ἐντυχὼν</span> <span class='ocrx_word' id='word_1_577' title='bbox 3177 3951 3258 4010; x_wconf 79' lang='grc' dir='ltr'>εἰς</span> <span class='ocrx_word' id='word_1_578' title='bbox 3301 3953 3588 4021; x_wconf 75' lang='grc' dir='ltr'>προνομὴν</span> <span class='ocrx_word' id='word_1_579' title='bbox 3633 3957 3784 4026; x_wconf 79' lang='grc' dir='ltr'>ἐξερ-</span> 
     </span>
    </p>
   </div>
   <div class='ocr_carea' id='block_1_88' title="bbox 2188 4025 3782 4116">
    <p class='ocr_par' dir='ltr' id='par_1_88' title="bbox 2188 4025 3782 4116">
     <span class='ocr_line' id='line_1_88' title="bbox 2188 4025 3782 4116; baseline 0.021 -43"><span class='ocrx_word' id='word_1_580' title='bbox 2188 4025 2456 4093; x_wconf 85' lang='grc' dir='ltr'>χομένους</span> <span class='ocrx_word' id='word_1_581' title='bbox 2487 4029 2582 4080; x_wconf 82' lang='grc' dir='ltr'>καὶ</span> <span class='ocrx_word' id='word_1_582' title='bbox 2613 4032 2935 4100; x_wconf 78' lang='grc' dir='ltr'>προσϐαλὼν</span> <span class='ocrx_word' id='word_1_583' title='bbox 2967 4037 3306 4108; x_wconf 79' lang='grc' dir='ltr'>θαρσαλέως,</span> <span class='ocrx_word' id='word_1_584' title='bbox 3336 4043 3589 4116; x_wconf 76' lang='grc' dir='ltr'>ζωγρεαν</span> <span class='ocrx_word' id='word_1_585' title='bbox 3623 4052 3782 4116; x_wconf 73' lang='grc' dir='ltr'>εὐθὺς</span> 
     </span>
    </p>
   </div>
   <div class='ocr_carea' id='block_1_89' title="bbox 2183 4114 3782 4204">
    <p class='ocr_par' dir='ltr' id='par_1_89' title="bbox 2183 4114 3782 4204">
     <span class='ocr_line' id='line_1_89' title="bbox 2183 4114 3782 4204; baseline 0.021 -38"><span class='ocrx_word' id='word_1_586' title='bbox 2183 4117 2246 4168; x_wconf 79' lang='grc' dir='ltr'>ὲκ</span> <span class='ocrx_word' id='word_1_587' title='bbox 2273 4114 2480 4170; x_wconf 85' lang='grc' dir='ltr'>τούτων</span> <span class='ocrx_word' id='word_1_588' title='bbox 2511 4121 2635 4188; x_wconf 81' lang='grc' dir='ltr'><strong>ἄγει</strong></span> <span class='ocrx_word' id='word_1_589' title='bbox 2679 4123 2758 4185; x_wconf 72' lang='grc' dir='ltr'><strong>εἰς</strong></span> <span class='ocrx_word' id='word_1_590' title='bbox 2817 4126 3017 4182; x_wconf 80' lang='grc' dir='ltr'>ἑκατὸν</span> <span class='ocrx_word' id='word_1_591' title='bbox 3071 4138 3472 4204; x_wconf 80' lang='grc' dir='ltr'>ποσουμένους.</span> <span class='ocrx_word' id='word_1_592' title='bbox 3507 4142 3722 4198; x_wconf 77' lang='grc' dir='ltr'>Τοῦτον</span> <span class='ocrx_word' id='word_1_593' title='bbox 3755 4149 3782 4199; x_wconf 81' lang='grc' dir='ltr'>ὁ</span> 
     </span>
    </p>
   </div>
   <div class='ocr_carea' id='block_1_90' title="bbox 2182 4207 3772 4308">
    <p class='ocr_par' dir='ltr' id='par_1_90' title="bbox 2182 4207 3772 4308">
     <span class='ocr_line' id='line_1_90' title="bbox 2182 4207 3772 4308; baseline 0.021 -52"><span class='ocrx_word' id='word_1_594' title='bbox 2182 4207 2444 4277; x_wconf 80' lang='grc' dir='ltr'>βασιλεὺς</span> <span class='ocrx_word' id='word_1_595' title='bbox 2479 4211 2877 4286; x_wconf 80' lang='grc' dir='ltr'>ὑποδεξάμενος</span> <span class='ocrx_word' id='word_1_596' title='bbox 2909 4222 3072 4286; x_wconf 81' lang='grc' dir='ltr'>εὐθὺς</span> <span class='ocrx_word' id='word_1_597' title='bbox 3095 4228 3172 4296; x_wconf 83' lang='grc' dir='ltr'>τῷ</span> <span class='ocrx_word' id='word_1_598' title='bbox 3205 4228 3300 4281; x_wconf 72' lang='grc' dir='ltr'>τοῦ</span> <span class='ocrx_word' id='word_1_599' title='bbox 3330 4233 3772 4308; x_wconf 74' lang='grc' dir='ltr'>νωϐελλισσέμου</span> 
     </span>
    </p>
   </div>
   <div class='ocr_carea' id='block_1_91' title="bbox 2174 4295 2634 4370">
    <p class='ocr_par' dir='ltr' id='par_1_91' title="bbox 2174 4295 2634 4370">
     <span class='ocr_line' id='line_1_91' title="bbox 2174 4295 2634 4370; baseline 0.02 -24"><span class='ocrx_word' id='word_1_600' title='bbox 2174 4299 2312 4368; x_wconf 81' lang='grc' dir='ltr'>τιμᾷ</span> <span class='ocrx_word' id='word_1_601' title='bbox 2339 4295 2634 4370; x_wconf 80' lang='grc' dir='ltr'>ἀξιώματι.</span> 
     </span>
    </p>
   </div>
   <div class='ocr_carea' id='block_1_92' title="bbox 1146 4365 2423 4450">
    <p class='ocr_par' dir='ltr' id='par_1_92' title="bbox 1146 4365 2423 4450">
     <span class='ocr_line' id='line_1_92' title="bbox 1146 4365 2423 4450; baseline 0.024 -31"><span class='ocrx_word' id='word_1_602' title='bbox 1146 4365 1414 4423; x_wconf 69' lang='lat' dir='ltr'><strong>leerum</strong></span> <span class='ocrx_word' id='word_1_603' title='bbox 1469 4371 1692 4432; x_wconf 79' lang='lat' dir='ltr'><strong>Cumani</strong></span> <span class='ocrx_word' id='word_1_604' title='bbox 1747 4381 1978 4441; x_wconf 88' lang='lat' dir='ltr'><strong>ducibus</strong></span> <span class='ocrx_word' id='word_1_605' title='bbox 2056 4392 2138 4445; x_wconf 90' lang='lat' dir='ltr'><strong>usi</strong></span> <span class='ocrx_word' id='word_1_606' title='bbox 2205 4393 2423 4450; x_wconf 85' lang='lat' dir='ltr'><strong>Blacbis</strong></span> 
     </span>
    </p>
   </div>
   <div class='ocr_carea' id='block_1_93' title="bbox 2475 4399 3776 4487">
    <p class='ocr_par' dir='ltr' id='par_1_93' title="bbox 2475 4399 3776 4487">
     <span class='ocr_line' id='line_1_93' title="bbox 2475 4399 3776 4487; baseline 0.022 -37"><span class='ocrx_word' id='word_1_607' title='bbox 2475 4399 2541 4452; x_wconf 90' lang='lat' dir='ltr'><strong>ad</strong></span> <span class='ocrx_word' id='word_1_608' title='bbox 2593 4414 2946 4472; x_wconf 83' lang='lat' dir='ltr'><strong>angustorum</strong></span> <span class='ocrx_word' id='word_1_609' title='bbox 3005 4412 3492 4487; x_wconf 77' lang='lat' dir='ltr'><strong>perplexorumque</strong></span> <span class='ocrx_word' id='word_1_610' title='bbox 3555 4425 3776 4478; x_wconf 81' lang='lat' dir='ltr'><strong>eallium</strong></span> 
     </span>
    </p>
   </div>
   <div class='ocr_carea' id='block_1_94' title="bbox 1987 4481 3778 4580">
    <p class='ocr_par' dir='ltr' id='par_1_94' title="bbox 1987 4481 3778 4580">
     <span class='ocr_line' id='line_1_94' title="bbox 1987 4481 3778 4580; baseline 0.023 -49"><span class='ocrx_word' id='word_1_611' title='bbox 1987 4481 2076 4534; x_wconf 91' lang='lat' dir='ltr'><strong>ubi</strong></span> <span class='ocrx_word' id='word_1_612' title='bbox 2105 4484 2338 4552; x_wconf 88' lang='lat' dir='ltr'><strong>primum</strong></span> <span class='ocrx_word' id='word_1_613' title='bbox 2366 4504 2902 4567; x_wconf 85' lang='lat' dir='ltr'><strong>accesseruntprope</strong></span> <span class='ocrx_word' id='word_1_614' title='bbox 2947 4499 3150 4557; x_wconf 85' lang='lat' dir='ltr'><strong>Coloen</strong></span> <span class='ocrx_word' id='word_1_615' title='bbox 3207 4513 3388 4563; x_wconf 86' lang='lat' dir='ltr'><strong>statim</strong></span> <span class='ocrx_word' id='word_1_616' title='bbox 3447 4514 3569 4580; x_wconf 82' lang='lat' dir='ltr'><strong>ejus</strong></span> <span class='ocrx_word' id='word_1_617' title='bbox 3629 4520 3778 4572; x_wconf 86' lang='lat' dir='ltr'><strong>urbis</strong></span> 
     </span>
    </p>
   </div>
   <div class='ocr_carea' id='block_1_95' title="bbox 647 4553 2976 4650">
    <p class='ocr_par' dir='ltr' id='par_1_95' title="bbox 647 4553 2976 4650">
     <span class='ocr_line' id='line_1_95' title="bbox 647 4553 2976 4650; baseline 0.024 -58"><span class='ocrx_word' id='word_1_618' title='bbox 647 4555 692 4629; x_wconf 66' lang='lat' dir='ltr'><strong>ac</strong></span> <span class='ocrx_word' id='word_1_619' title='bbox 725 4553 983 4610; x_wconf 69' lang='lat' dir='ltr'><strong>praelecto</strong></span> <span class='ocrx_word' id='word_1_620' title='bbox 1016 4553 1250 4618; x_wconf 65' lang='lat' dir='ltr'><strong>praesidii</strong></span> <span class='ocrx_word' id='word_1_621' title='bbox 1301 4556 1537 4625; x_wconf 90' lang='lat' dir='ltr'><strong>ipsorum</strong></span> <span class='ocrx_word' id='word_1_622' title='bbox 1575 4565 1759 4622; x_wconf 90' lang='lat' dir='ltr'><strong>vincto</strong></span> <span class='ocrx_word' id='word_1_623' title='bbox 1816 4581 1870 4625; x_wconf 89' lang='lat' dir='ltr'><strong>et</strong></span> <span class='ocrx_word' id='word_1_624' title='bbox 1927 4574 2182 4633; x_wconf 77' lang='lat' dir='ltr'><strong>Cottianis</strong></span> <span class='ocrx_word' id='word_1_625' title='bbox 2242 4585 2460 4650; x_wconf 87' lang='lat' dir='ltr'><strong>tradito,</strong></span> <span class='ocrx_word' id='word_1_626' title='bbox 2513 4587 2744 4644; x_wconf 90' lang='lat' dir='ltr'><strong>libentes</strong></span> <span class='ocrx_word' id='word_1_627' title='bbox 2784 4603 2837 4644; x_wconf 91' lang='lat' dir='ltr'><strong>et</strong></span> <span class='ocrx_word' id='word_1_628' title='bbox 2872 4593 2976 4648; x_wconf 71' lang='lat' dir='ltr'><strong>laeti</strong></span> 
     </span>
    </p>
   </div>
   <div class='ocr_carea' id='block_1_96' title="bbox 500 4635 2942 4742">
    <p class='ocr_par' dir='ltr' id='par_1_96' title="bbox 500 4635 2942 4742">
     <span class='ocr_line' id='line_1_96' title="bbox 500 4635 2942 4742; baseline 0.023 -59"><span class='ocrx_word' id='word_1_629' title='bbox 500 4635 829 4707; x_wconf 77' lang='lat' dir='ltr'><strong>mulionibus</strong></span> <span class='ocrx_word' id='word_1_630' title='bbox 875 4655 1224 4713; x_wconf 79' lang='lat' dir='ltr'><strong>exceperunt.</strong></span> <span class='ocrx_word' id='word_1_631' title='bbox 1269 4650 1337 4705; x_wconf 75' lang='lat' dir='ltr'><strong>At</strong></span> <span class='ocrx_word' id='word_1_632' title='bbox 1389 4655 1643 4714; x_wconf 87' lang='lat' dir='ltr'><strong>Catacalo</strong></span> <span class='ocrx_word' id='word_1_633' title='bbox 1674 4661 2065 4724; x_wconf 87' lang='lat' dir='ltr'><strong>Constantinus</strong></span> <span class='ocrx_word' id='word_1_634' title='bbox 2091 4685 2408 4740; x_wconf 66' lang='lat' dir='ltr'><strong>praesentem</strong></span> <span class='ocrx_word' id='word_1_635' title='bbox 2481 4681 2661 4736; x_wconf 89' lang='lat' dir='ltr'><strong>animo</strong></span> <span class='ocrx_word' id='word_1_636' title='bbox 2717 4689 2942 4742; x_wconf 90' lang='lat' dir='ltr'><strong>memori</strong></span> 
     </span>
    </p>
   </div>
   <div class='ocr_carea' id='block_1_97' title="bbox 925 4733 2934 4851">
    <p class='ocr_par' dir='ltr' id='par_1_97' title="bbox 925 4733 2934 4851">
     <span class='ocr_line' id='line_1_97' title="bbox 925 4733 2934 4851; baseline 0.023 -62"><span class='ocrx_word' id='word_1_637' title='bbox 925 4733 1179 4796; x_wconf 86' lang='lat' dir='ltr'><strong>Cumanis</strong></span> <span class='ocrx_word' id='word_1_638' title='bbox 1209 4759 1348 4811; x_wconf 88' lang='lat' dir='ltr'><strong>pone</strong></span> <span class='ocrx_word' id='word_1_639' title='bbox 1402 4753 1736 4808; x_wconf 86' lang='lat' dir='ltr'><strong>assectandis</strong></span> <span class='ocrx_word' id='word_1_640' title='bbox 1789 4758 1840 4810; x_wconf 84' lang='lat' dir='ltr'><strong>in</strong></span> <span class='ocrx_word' id='word_1_641' title='bbox 1890 4763 2151 4828; x_wconf 87' lang='lat' dir='ltr'><strong>quosdam</strong></span> <span class='ocrx_word' id='word_1_642' title='bbox 2203 4767 2443 4834; x_wconf 91' lang='lat' dir='ltr'><strong>ipsorum</strong></span> <span class='ocrx_word' id='word_1_643' title='bbox 2511 4773 2742 4832; x_wconf 89' lang='lat' dir='ltr'><strong>incurrit</strong></span> <span class='ocrx_word' id='word_1_644' title='bbox 2797 4795 2827 4834; x_wconf 91' lang='lat' dir='ltr'><strong>e</strong></span> <span class='ocrx_word' id='word_1_645' title='bbox 2903 4797 2934 4851; x_wconf 84' lang='lat' dir='ltr'><strong>p</strong></span> 
     </span>
    </p>
   </div>
   <div class='ocr_carea' id='block_1_98' title="bbox 495 4822 2937 4939">
    <p class='ocr_par' dir='ltr' id='par_1_98' title="bbox 495 4822 2937 4939">
     <span class='ocr_line' id='line_1_98' title="bbox 1907 4822 2934 4851; baseline 0.022 -24"><span class='ocrx_word' id='word_1_646' title='bbox 1907 4822 1920 4828; x_wconf 86' lang='lat'><strong>-</strong></span> <span class='ocrx_word' id='word_1_647' title='bbox 2223 4822 2235 4834; x_wconf 94' lang='lat'><strong>.</strong></span> <span class='ocrx_word' id='word_1_648' title='bbox 2365 4822 2438 4823; x_wconf 54' lang='grc' dir='ltr'><strong>ν</strong></span> <span class='ocrx_word' id='word_1_649' title='bbox 2511 4822 2742 4832; x_wconf 79' lang='grc'><strong>---------</strong></span> <span class='ocrx_word' id='word_1_650' title='bbox 2799 4822 2826 4834; x_wconf 80' lang='grc' dir='ltr'><strong>ν</strong></span> <span class='ocrx_word' id='word_1_651' title='bbox 2905 4822 2934 4851; x_wconf 82' lang='lat' dir='ltr'><strong>I&#39;</strong></span> 
     </span>
     <span class='ocr_line' id='line_1_99' title="bbox 495 4822 2937 4939; baseline 0.023 -65"><span class='ocrx_word' id='word_1_652' title='bbox 495 4829 635 4892; x_wconf 69' lang='lat' dir='ltr'><strong>(“pios</strong></span> <span class='ocrx_word' id='word_1_653' title='bbox 661 4822 874 4880; x_wconf 75' lang='lat' dir='ltr'><strong>fortiter</strong></span> <span class='ocrx_word' id='word_1_654' title='bbox 909 4829 1152 4888; x_wconf 88' lang='lat' dir='ltr'><strong>invectus</strong></span> <span class='ocrx_word' id='word_1_655' title='bbox 1179 4837 1244 4890; x_wconf 84' lang='lat' dir='ltr'><strong>ad</strong></span> <span class='ocrx_word' id='word_1_656' title='bbox 1275 4851 1490 4896; x_wconf 88' lang='lat' dir='ltr'><strong>centum</strong></span> <span class='ocrx_word' id='word_1_657' title='bbox 1519 4859 1584 4899; x_wconf 78' lang='lat' dir='ltr'><strong>ex</strong></span> <span class='ocrx_word' id='word_1_658' title='bbox 1618 4847 1683 4902; x_wconf 86' lang='lat' dir='ltr'><strong>iis</strong></span> <span class='ocrx_word' id='word_1_659' title='bbox 1709 4851 1861 4908; x_wconf 85' lang='lat' dir='ltr'><strong>vivos</strong></span> <span class='ocrx_word' id='word_1_660' title='bbox 1894 4867 2081 4922; x_wconf 86' lang='lat' dir='ltr'><strong>captos</strong></span> <span class='ocrx_word' id='word_1_661' title='bbox 2109 4861 2172 4910; x_wconf 88' lang='lat' dir='ltr'><strong>ad</strong></span> <span class='ocrx_word' id='word_1_662' title='bbox 2202 4860 2586 4931; x_wconf 86' lang='lat' dir='ltr'><strong>imperatorem</strong></span> <span class='ocrx_word' id='word_1_663' title='bbox 2639 4871 2808 4939; x_wconf 88' lang='lat' dir='ltr'><strong>ducit,</strong></span> <span class='ocrx_word' id='word_1_664' title='bbox 2873 4877 2937 4928; x_wconf 87' lang='lat' dir='ltr'><strong>ad</strong></span> 
     </span>
    </p>
   </div>
   <div class='ocr_carea' id='block_1_99' title="bbox 495 4917 2198 5010">
    <p class='ocr_par' dir='ltr' id='par_1_99' title="bbox 495 4917 2198 5010">
     <span class='ocr_line' id='line_1_100' title="bbox 495 4917 2198 5010; baseline 0.022 -42"><span class='ocrx_word' id='word_1_665' title='bbox 495 4917 594 4970; x_wconf 89' lang='lat' dir='ltr'><strong>viri</strong></span> <span class='ocrx_word' id='word_1_666' title='bbox 661 4929 720 4974; x_wconf 89' lang='lat' dir='ltr'><strong>ut</strong></span> <span class='ocrx_word' id='word_1_667' title='bbox 783 4921 966 4976; x_wconf 83' lang='lat' dir='ltr'><strong>statim</strong></span> <span class='ocrx_word' id='word_1_668' title='bbox 1027 4941 1148 4980; x_wconf 87' lang='lat' dir='ltr'><strong>eum</strong></span> <span class='ocrx_word' id='word_1_669' title='bbox 1209 4933 1530 4990; x_wconf 88' lang='lat' dir='ltr'><strong>nobilissimi</strong></span> <span class='ocrx_word' id='word_1_670' title='bbox 1591 4939 1854 5010; x_wconf 83' lang='lat' dir='ltr'><strong>dignitate</strong></span> <span class='ocrx_word' id='word_1_671' title='bbox 1902 4953 2198 5006; x_wconf 86' lang='lat' dir='ltr'><strong>ornaverit.</strong></span> 
     </span>
    </p>
   </div>
   <div class='ocr_carea' id='block_1_100' title="bbox 569 5009 2378 5104">
    <p class='ocr_par' dir='ltr' id='par_1_100' title="bbox 569 5009 2378 5104">
     <span class='ocr_line' id='line_1_101' title="bbox 569 5009 2378 5104; baseline 0.022 -42"><span class='ocrx_word' id='word_1_672' title='bbox 569 5009 796 5066; x_wconf 87' lang='lat' dir='ltr'><strong>Interim</strong></span> <span class='ocrx_word' id='word_1_673' title='bbox 831 5015 1196 5081; x_wconf 85' lang='lat' dir='ltr'><strong>adjacentium</strong></span> <span class='ocrx_word' id='word_1_674' title='bbox 1231 5023 1420 5080; x_wconf 69' lang='lat' dir='ltr'><strong>incolae</strong></span> <span class='ocrx_word' id='word_1_675' title='bbox 1452 5009 1684 5096; x_wconf 81' lang='lat' dir='ltr'><strong>urbium,</strong></span> <span class='ocrx_word' id='word_1_676' title='bbox 1730 5044 1856 5102; x_wconf 88' lang='lat' dir='ltr'><strong>pttta</strong></span> <span class='ocrx_word' id='word_1_677' title='bbox 1901 5038 2081 5095; x_wconf 82' lang='lat' dir='ltr'><strong>Diam-</strong></span> <span class='ocrx_word' id='word_1_678' title='bbox 2113 5051 2156 5104; x_wconf 81' lang='grc' dir='ltr'><strong>ι)</strong></span> <span class='ocrx_word' id='word_1_679' title='bbox 2259 5051 2378 5104; x_wconf 85' lang='grc' dir='ltr'><strong>Κατ</strong></span> 
     </span>
    </p>
   </div>
   <div class='ocr_carea' id='block_1_101' title="bbox 2949 4693 3772 4774">
    <p class='ocr_par' dir='ltr' id='par_1_101' title="bbox 2949 4693 3772 4774">
     <span class='ocr_line' id='line_1_102' title="bbox 2949 4693 3772 4774; baseline 0.027 -34"><span class='ocrx_word' id='word_1_680' title='bbox 2949 4703 3034 4742; x_wconf 90' lang='lat' dir='ltr'><strong>am</strong></span> <span class='ocrx_word' id='word_1_681' title='bbox 3089 4693 3467 4754; x_wconf 85' lang='lat' dir='ltr'><strong>mandatorum</strong></span> <span class='ocrx_word' id='word_1_682' title='bbox 3531 4705 3772 4774; x_wconf 82' lang='lat' dir='ltr'><strong>impera-</strong></span> 
     </span>
    </p>
   </div>
   <div class='ocr_carea' id='block_1_102' title="bbox 2943 4786 3770 4870">
    <p class='ocr_par' dir='ltr' id='par_1_102' title="bbox 2943 4786 3770 4870">
     <span class='ocr_line' id='line_1_103' title="bbox 2943 4786 3770 4870; baseline 0.024 -34"><span class='ocrx_word' id='word_1_683' title='bbox 2943 4786 3230 4842; x_wconf 67' lang='lat' dir='ltr'><strong>raadatione</strong></span> <span class='ocrx_word' id='word_1_684' title='bbox 3285 4806 3648 4870; x_wconf 76' lang='lat' dir='ltr'><strong>revertentes,</strong></span> <span class='ocrx_word' id='word_1_685' title='bbox 3721 4805 3770 4856; x_wconf 88' lang='lat' dir='ltr'><strong>in</strong></span> 
     </span>
    </p>
   </div>
   <div class='ocr_carea' id='block_1_103' title="bbox 2943 4879 3772 4951">
    <p class='ocr_par' dir='ltr' id='par_1_103' title="bbox 2943 4879 3772 4951">
     <span class='ocr_line' id='line_1_104' title="bbox 2943 4879 3772 4951; baseline 0.025 -22"><span class='ocrx_word' id='word_1_686' title='bbox 2943 4891 3009 4930; x_wconf 88' lang='lat' dir='ltr'><strong>eo</strong></span> <span class='ocrx_word' id='word_1_687' title='bbox 3067 4879 3394 4940; x_wconf 83' lang='lat' dir='ltr'><strong>delectatum</strong></span> <span class='ocrx_word' id='word_1_688' title='bbox 3445 4899 3772 4951; x_wconf 81' lang='lat' dir='ltr'><strong>strenuitate</strong></span> 
     </span>
    </p>
   </div>
   <div class='ocr_carea' id='block_1_104' title="bbox 2385 5054 3768 5142">
    <p class='ocr_par' dir='ltr' id='par_1_104' title="bbox 2385 5054 3768 5142">
     <span class='ocr_line' id='line_1_105' title="bbox 2385 5054 3768 5142; baseline 0.022 -38"><span class='ocrx_word' id='word_1_689' title='bbox 2385 5054 2656 5124; x_wconf 85' lang='grc' dir='ltr'>ασχόντας</span> <span class='ocrx_word' id='word_1_690' title='bbox 2688 5057 2744 5110; x_wconf 83' lang='grc' dir='ltr'>δὲ</span> <span class='ocrx_word' id='word_1_691' title='bbox 2780 5058 2876 5129; x_wconf 79' lang='grc' dir='ltr'>τὴν</span> <span class='ocrx_word' id='word_1_692' title='bbox 2907 5061 3108 5133; x_wconf 85' lang='grc' dir='ltr'>Γολόην</span> <span class='ocrx_word' id='word_1_693' title='bbox 3139 5068 3263 5130; x_wconf 86' lang='grc' dir='ltr'>τοὺς</span> <span class='ocrx_word' id='word_1_694' title='bbox 3289 5071 3588 5142; x_wconf 83' lang='grc' dir='ltr'>Κομάνους</span> <span class='ocrx_word' id='word_1_695' title='bbox 3647 5081 3768 5134; x_wconf 86' lang='grc' dir='ltr'>θεα-</span> 
     </span>
    </p>
   </div>
   <div class='ocr_carea' id='block_1_105' title="bbox 2184 5140 3764 5240">
    <p class='ocr_par' dir='ltr' id='par_1_105' title="bbox 2184 5140 3764 5240">
     <span class='ocr_line' id='line_1_106' title="bbox 2184 5140 3764 5240; baseline 0.022 -50"><span class='ocrx_word' id='word_1_696' title='bbox 2184 5140 2293 5208; x_wconf 68' lang='grc' dir='ltr'><strong>σίν</strong></span> <span class='ocrx_word' id='word_1_697' title='bbox 2305 5158 2418 5194; x_wconf 84' lang='grc' dir='ltr'>ενοι</span> <span class='ocrx_word' id='word_1_698' title='bbox 2441 5145 2490 5196; x_wconf 85' lang='grc' dir='ltr'><strong>οε</strong></span> <span class='ocrx_word' id='word_1_699' title='bbox 2521 5145 2631 5198; x_wconf 82' lang='grc' dir='ltr'><strong>τῶν</strong></span> <span class='ocrx_word' id='word_1_700' title='bbox 2657 5151 3087 5219; x_wconf 77' lang='grc' dir='ltr'>παρακειμένων</span> <span class='ocrx_word' id='word_1_701' title='bbox 3104 5140 3572 5220; x_wconf 72' lang='grc' dir='ltr'>πόλεωνιέποικοι</span> <span class='ocrx_word' id='word_1_702' title='bbox 3595 5171 3764 5240; x_wconf 83' lang='grc' dir='ltr'>Διαμ-</span> 
     </span>
    </p>
   </div>
   <div class='ocr_carea' id='block_1_106' title="bbox 1538 5237 2666 5328">
    <p class='ocr_par' dir='ltr' id='par_1_106' title="bbox 1538 5237 2666 5328">
     <span class='ocr_line' id='line_1_107' title="bbox 1538 5237 2666 5328; baseline 0.027 -31"><span class='ocrx_word' id='word_1_703' title='bbox 1538 5237 1739 5301; x_wconf 61' lang='lat' dir='ltr'><strong>Variae</strong></span> <span class='ocrx_word' id='word_1_704' title='bbox 1765 5241 2072 5311; x_wconf 88' lang='lat' dir='ltr'><strong>lectiones</strong></span> <span class='ocrx_word' id='word_1_705' title='bbox 2119 5269 2196 5314; x_wconf 83' lang='lat' dir='ltr'><strong>ex</strong></span> <span class='ocrx_word' id='word_1_706' title='bbox 2227 5257 2369 5319; x_wconf 93' lang='lat' dir='ltr'><strong>cod.</strong></span> <span class='ocrx_word' id='word_1_707' title='bbox 2399 5260 2666 5328; x_wconf 89' lang='lat' dir='ltr'><strong>Coislin.</strong></span> 
     </span>
    </p>
   </div>
   <div class='ocr_carea' id='block_1_107' title="bbox 571 5319 953 5398">
    <p class='ocr_par' dir='ltr' id='par_1_107' title="bbox 571 5319 953 5398">
     <span class='ocr_line' id='line_1_108' title="bbox 571 5319 953 5398; baseline 0.024 -27"><span class='ocrx_word' id='word_1_708' title='bbox 571 5319 614 5352; x_wconf 77' lang='grc'>³⁸</span> <span class='ocrx_word' id='word_1_709' title='bbox 647 5321 953 5398; x_wconf 78' lang='grc' dir='ltr'>Σκαλιάρη,</span> 
     </span>
    </p>
   </div>
   <div class='ocr_carea' id='block_1_108' title="bbox 1035 5329 2597 5424">
    <p class='ocr_par' dir='ltr' id='par_1_108' title="bbox 1035 5329 2597 5424">
     <span class='ocr_line' id='line_1_109' title="bbox 1035 5329 2597 5424; baseline 0.024 -42"><span class='ocrx_word' id='word_1_710' title='bbox 1035 5329 1082 5361; x_wconf 86' lang='grc'><em>³⁸</em></span> <span class='ocrx_word' id='word_1_711' title='bbox 1110 5333 1362 5406; x_wconf 71' lang='grc' dir='ltr'>ὲκεπηνῖ.</span> <span class='ocrx_word' id='word_1_712' title='bbox 1443 5339 1485 5370; x_wconf 84' lang='grc'>³⁷</span> <span class='ocrx_word' id='word_1_713' title='bbox 1511 5341 1642 5395; x_wconf 86' lang='grc' dir='ltr'>τῶν.</span> <span class='ocrx_word' id='word_1_714' title='bbox 1719 5345 1764 5378; x_wconf 80' lang='grc'><strong>³⁸</strong></span> <span class='ocrx_word' id='word_1_715' title='bbox 1792 5347 2236 5424; x_wconf 86' lang='grc' dir='ltr'>Ταρχανέιώτης.</span> <span class='ocrx_word' id='word_1_716' title='bbox 2313 5361 2357 5393; x_wconf 79' lang='grc'><strong><em>³⁸</em></strong></span> <span class='ocrx_word' id='word_1_717' title='bbox 2386 5363 2597 5422; x_wconf 80' lang='grc' dir='ltr'>τοῦτον.</span> 
     </span>
    </p>
   </div>
   <div class='ocr_carea' id='block_1_109' title="bbox 1574 5438 2676 5532">
    <p class='ocr_par' dir='ltr' id='par_1_109' title="bbox 1574 5438 2676 5532">
     <span class='ocr_line' id='line_1_110' title="bbox 1574 5438 2676 5532; baseline 0.025 -36"><span class='ocrx_word' id='word_1_718' title='bbox 1574 5438 1711 5498; x_wconf 85' lang='lat' dir='ltr'><strong>Car.</strong></span> <span class='ocrx_word' id='word_1_719' title='bbox 1747 5441 2073 5505; x_wconf 86' lang='lat' dir='ltr'><strong>Dufresnii</strong></span> <span class='ocrx_word' id='word_1_720' title='bbox 2117 5451 2208 5510; x_wconf 92' lang='lat' dir='ltr'><strong>Du</strong></span> <span class='ocrx_word' id='word_1_721' title='bbox 2245 5453 2462 5532; x_wconf 86' lang='lat' dir='ltr'><strong>Cangii</strong></span> <span class='ocrx_word' id='word_1_722' title='bbox 2489 5467 2676 5522; x_wconf 71' lang='lat' dir='ltr'><strong>notua.</strong></span> 
     </span>
    </p>
   </div>
   <div class='ocr_carea' id='block_1_110' title="bbox 566 5519 1584 5610">
    <p class='ocr_par' dir='ltr' id='par_1_110' title="bbox 566 5519 1584 5610">
     <span class='ocr_line' id='line_1_111' title="bbox 566 5519 1584 5610; baseline 0.025 -39"><span class='ocrx_word' id='word_1_723' title='bbox 566 5519 676 5588; x_wconf 60' lang='grc'>(94)</span> <span class='ocrx_word' id='word_1_724' title='bbox 708 5525 936 5610; x_wconf 40' lang='lat' dir='ltr'><strong>ﬁgant.</strong></span> <span class='ocrx_word' id='word_1_725' title='bbox 990 5530 1264 5610; x_wconf 36' lang='grc' dir='ltr'>(Θρᾴκιον-ι</span> <span class='ocrx_word' id='word_1_726' title='bbox 1317 5536 1584 5610; x_wconf 83' lang='grc' dir='ltr'>πόλισμα.</span> 
     </span>
    </p>
   </div>
   <div class='ocr_carea' id='block_1_111' title="bbox 495 5585 1286 5660">
    <p class='ocr_par' dir='ltr' id='par_1_111' title="bbox 495 5585 1286 5660">
     <span class='ocr_line' id='line_1_112' title="bbox 495 5585 1286 5660; baseline 0.025 -23"><span class='ocrx_word' id='word_1_727' title='bbox 495 5585 616 5660; x_wconf 67' lang='lat' dir='ltr'><strong>Not.</strong></span> <span class='ocrx_word' id='word_1_728' title='bbox 648 5595 717 5660; x_wconf 68' lang='lat' dir='ltr'><strong>an</strong></span> <span class='ocrx_word' id='word_1_729' title='bbox 762 5585 1116 5660; x_wconf 24' lang='lat' dir='ltr'><strong>\vil-lhardxn&#39;.</strong></span> <span class='ocrx_word' id='word_1_730' title='bbox 1155 5603 1286 5656; x_wconf 71' lang='lat'><strong>255.</strong></span> 
     </span>
    </p>
   </div>
   <div class='ocr_carea' id='block_1_112' title="bbox 565 5659 2079 5743">
    <p class='ocr_par' dir='ltr' id='par_1_112' title="bbox 565 5659 2079 5743">
     <span class='ocr_line' id='line_1_113' title="bbox 565 5659 2079 5743; baseline 0.022 -33"><span class='ocrx_word' id='word_1_731' title='bbox 721 5659 1190 5743; x_wconf 63' lang='grc' dir='ltr'>Τριρχαγειώτης.</span> <span class='ocrx_word' id='word_1_732' title='bbox 1261 5673 1753 5738; x_wconf 86' lang='lat' dir='ltr'><strong>Tarchauiotarum</strong></span> <span class='ocrx_word' id='word_1_733' title='bbox 1816 5687 2079 5743; x_wconf 82' lang='lat' dir='ltr'><strong>familiam</strong></span> 
     </span>
    </p>
   </div>
   <div class='ocr_carea' id='block_1_113' title="bbox 489 5729 2077 5824">
    <p class='ocr_par' dir='ltr' id='par_1_113' title="bbox 489 5729 2077 5824">
     <span class='ocr_line' id='line_1_114' title="bbox 489 5729 2077 5824; baseline 0.025 -49"><span class='ocrx_word' id='word_1_734' title='bbox 489 5739 554 5806; x_wconf 54' lang='lat' dir='ltr'><strong>es</strong></span> <span class='ocrx_word' id='word_1_735' title='bbox 579 5729 908 5824; x_wconf 48' lang='lat' dir='ltr'><strong>ldlil&#39;t&quot;ctit)flizlt&#39;</strong></span> <span class='ocrx_word' id='word_1_736' title='bbox 936 5729 1223 5824; x_wconf 62' lang='lat' dir='ltr'><strong>oriundum</strong></span> <span class='ocrx_word' id='word_1_737' title='bbox 1261 5729 1453 5824; x_wconf 63' lang='lat' dir='ltr'><strong>auctor</strong></span> <span class='ocrx_word' id='word_1_738' title='bbox 1476 5763 1558 5804; x_wconf 89' lang='lat' dir='ltr'><strong>est</strong></span> <span class='ocrx_word' id='word_1_739' title='bbox 1591 5751 1878 5824; x_wconf 84' lang='lat' dir='ltr'><strong>Scylitzes.</strong></span> <span class='ocrx_word' id='word_1_740' title='bbox 1907 5759 1981 5811; x_wconf 80' lang='lat' dir='ltr'><strong>Ex</strong></span> <span class='ocrx_word' id='word_1_741' title='bbox 2017 5776 2077 5814; x_wconf 86' lang='lat' dir='ltr'><strong>ea</strong></span> 
     </span>
    </p>
   </div>
   <div class='ocr_carea' id='block_1_114' title="bbox 491 5797 2080 5894">
    <p class='ocr_par' dir='ltr' id='par_1_114' title="bbox 491 5797 2080 5894">
     <span class='ocr_line' id='line_1_115' title="bbox 491 5797 2080 5894; baseline 0.028 -52"><span class='ocrx_word' id='word_1_742' title='bbox 491 5797 590 5848; x_wconf 61' lang='grc' dir='ltr'>τινί</span> <span class='ocrx_word' id='word_1_743' title='bbox 630 5800 835 5868; x_wconf 78' lang='lat' dir='ltr'><strong>aliquot</strong></span> <span class='ocrx_word' id='word_1_744' title='bbox 861 5805 1218 5874; x_wconf 82' lang='lat' dir='ltr'><strong>dignitatibus</strong></span> <span class='ocrx_word' id='word_1_745' title='bbox 1265 5797 1507 5876; x_wconf 64' lang='lat' dir='ltr'><strong>illustres</strong></span> <span class='ocrx_word' id='word_1_746' title='bbox 1545 5797 1922 5894; x_wconf 60' lang='lat' dir='ltr'><strong>recc-inseritur,</strong></span> <span class='ocrx_word' id='word_1_747' title='bbox 1977 5829 2080 5885; x_wconf 83' lang='lat' dir='ltr'><strong>Ba-</strong></span> 
     </span>
    </p>
   </div>
   <div class='ocr_carea' id='block_1_115' title="bbox 1675 5543 2086 5606">
    <p class='ocr_par' dir='ltr' id='par_1_115' title="bbox 1675 5543 2086 5606">
     <span class='ocr_line' id='line_1_116' title="bbox 1675 5543 2086 5606; baseline 0.022 -9"><span class='ocrx_word' id='word_1_748' title='bbox 1675 5543 1879 5602; x_wconf 83' lang='lat' dir='ltr'><strong>Suidae.</strong></span> <span class='ocrx_word' id='word_1_749' title='bbox 1951 5548 2086 5606; x_wconf 79' lang='lat' dir='ltr'><strong>Vide</strong></span> 
     </span>
    </p>
   </div>
   <div class='ocr_carea' id='block_1_116' title="bbox 2189 5558 3750 5654">
    <p class='ocr_par' dir='ltr' id='par_1_116' title="bbox 2189 5558 3750 5654">
     <span class='ocr_line' id='line_1_117' title="bbox 2189 5558 3750 5654; baseline 0.019 -45"><span class='ocrx_word' id='word_1_750' title='bbox 2189 5558 2719 5654; x_wconf 51' lang='lat' dir='ltr'><strong>silinslsnb‘l‘saacio</strong></span> <span class='ocrx_word' id='word_1_751' title='bbox 2777 5569 3057 5654; x_wconf 75' lang='lat' dir='ltr'><strong>Co_m_nenu</strong></span> <span class='ocrx_word' id='word_1_752' title='bbox 3115 5579 3252 5654; x_wconf 66' lang='lat' dir='ltr'><strong>apud</strong></span> <span class='ocrx_word' id='word_1_753' title='bbox 3298 5580 3550 5635; x_wconf 88' lang='lat' dir='ltr'><strong>eumdem</strong></span> <span class='ocrx_word' id='word_1_754' title='bbox 3613 5584 3750 5654; x_wconf 67' lang='lat' dir='ltr'><strong>chl.</strong></span> 
     </span>
    </p>
   </div>
   <div class='ocr_carea' id='block_1_117' title="bbox 2187 5623 3752 5718">
    <p class='ocr_par' dir='ltr' id='par_1_117' title="bbox 2187 5623 3752 5718">
     <span class='ocr_line' id='line_1_118' title="bbox 2187 5623 3752 5718; baseline 0.019 -40"><span class='ocrx_word' id='word_1_755' title='bbox 2187 5623 2456 5696; x_wconf 74' lang='lat' dir='ltr'><strong>Josepbus</strong></span> <span class='ocrx_word' id='word_1_756' title='bbox 2488 5633 2741 5718; x_wconf 37' lang='lat' dir='ltr'><strong>magister</strong></span> <span class='ocrx_word' id='word_1_757' title='bbox 2777 5644 2875 5718; x_wconf 75' lang='lat' dir='ltr'><strong>sub</strong></span> 
     </span>
    </p>
   </div>
   <div class='ocr_carea' id='block_1_118' title="bbox 2185 5704 3723 5788">
    <p class='ocr_par' dir='ltr' id='par_1_118' title="bbox 2185 5704 3723 5788">
     <span class='ocr_line' id='line_1_119' title="bbox 2185 5704 3723 5788; baseline 0.019 -42"><span class='ocrx_word' id='word_1_758' title='bbox 2185 5713 2373 5753; x_wconf 79' lang='lat' dir='ltr'><strong>narum</strong></span> <span class='ocrx_word' id='word_1_759' title='bbox 2404 5716 2465 5788; x_wconf 52' lang='lat' dir='ltr'><strong>let</strong></span> <span class='ocrx_word' id='word_1_760' title='bbox 2497 5704 2688 5788; x_wconf 63' lang='lat' dir='ltr'><strong>§&lt;&#39;)&#39;iil.</strong></span> <span class='ocrx_word' id='word_1_761' title='bbox 2715 5719 2768 5788; x_wconf 55' lang='lat' dir='ltr'><strong>et</strong></span> <span class='ocrx_word' id='word_1_762' title='bbox 2795 5711 2998 5778; x_wconf 83' lang='lat' dir='ltr'><strong>aliquot</strong></span> <span class='ocrx_word' id='word_1_763' title='bbox 3023 5704 3516 5788; x_wconf 51' lang='lat' dir='ltr'><strong>alii__apndvAcrop:</strong></span> <span class='ocrx_word' id='word_1_764' title='bbox 3559 5704 3723 5776; x_wconf 54' lang='lat' dir='ltr'><strong>(ian—Ia</strong></span> 
     </span>
    </p>
   </div>
   <div class='ocr_carea' id='block_1_119' title="bbox 2183 5773 3746 5848">
    <p class='ocr_par' dir='ltr' id='par_1_119' title="bbox 2183 5773 3746 5848">
     <span class='ocr_line' id='line_1_120' title="bbox 2183 5773 3746 5848; baseline 0.022 -33"><span class='ocrx_word' id='word_1_765' title='bbox 2183 5782 2375 5848; x_wconf 74' lang='lat' dir='ltr'><strong>cnzen.</strong></span> <span class='ocrx_word' id='word_1_766' title='bbox 2401 5773 2687 5848; x_wconf 72' lang='lat' dir='ltr'><strong>Cotlinurn,</strong></span> <span class='ocrx_word' id='word_1_767' title='bbox 2715 5773 2940 5842; x_wconf 77' lang='lat' dir='ltr'><strong>Ducam,</strong></span> <span class='ocrx_word' id='word_1_768' title='bbox 2975 5793 3080 5838; x_wconf 85' lang='lat' dir='ltr'><strong>etc.</strong></span> <span class='ocrx_word' id='word_1_769' title='bbox 3109 5773 3242 5840; x_wconf 74' lang='lat' dir='ltr'><strong>Vide</strong></span> <span class='ocrx_word' id='word_1_770' title='bbox 3274 5773 3511 5844; x_wconf 66' lang='lat' dir='ltr'><strong>Stenmia</strong></span> <span class='ocrx_word' id='word_1_771' title='bbox 3543 5773 3746 5848; x_wconf 45' lang='lat' dir='ltr'><strong>Palico-</strong></span> 
     </span>
    </p>
   </div>
   <div class='ocr_carea' id='block_1_120' title="bbox 2178 5837 3140 5921">
    <p class='ocr_par' dir='ltr' id='par_1_120' title="bbox 2178 5837 3140 5921">
     <span class='ocr_line' id='line_1_121' title="bbox 2178 5837 3140 5921; baseline 0.021 -33"><span class='ocrx_word' id='word_1_772' title='bbox 2178 5837 2286 5905; x_wconf 77' lang='lat' dir='ltr'><strong>log.</strong></span> <span class='ocrx_word' id='word_1_773' title='bbox 2325 5839 2374 5894; x_wconf 88' lang='lat' dir='ltr'><strong>in</strong></span> <span class='ocrx_word' id='word_1_774' title='bbox 2409 5837 2885 5904; x_wconf 23' lang='lat' dir='ltr'><strong>Fumiliis&#39;nostris</strong></span> <span class='ocrx_word' id='word_1_775' title='bbox 2914 5837 3140 5921; x_wconf 75' lang='lat' dir='ltr'><strong>Byzuut.</strong></span> 
     </span>
    </p>
   </div>
  </div>
