4024 6270
297 373 404 434 7οθ

296 481 516 540 erilem;

295 665 508 730 πόλεις,
555 665 919 735 ἐπευφήμουν
955 682 1016 718 τε
1051 667 1145 719 τὸν
1194 667 1551 738 ψευδώνυμον
1597 669 1881 739 Διογένηνε

303 761 401 821 ’³ος
427 758 568 827 μετά
607 761 670 811 τὸ
700 760 922 813 πάντων
951 761 1231 831 ἐγκρατὴς
1260 762 1519 829 γενέσθαι
1544 763 1884 832 ἀναλαϐόμε⁴

297 866 382 910 νος
413 850 560 903 ἅπαν
595 851 656 903 τὸ
684 853 1005 920 Κομανικδν
1063 853 1402 922 στράτευμα,
1459 854 1884 923 καταλαμϐάνει

297 946 394 1012 τὴν
436 941 724 1012 Ἀγχίαλον
754 945 1170 1012 ἀποπειρᾶσθαι
1221 947 1364 1013 τάχα
1413 944 1738 1014 βουλόμενος
1770 945 1880 997 τῶν

294 1037 505 1104 ταύτης
553 1037 774 1105 τειχῶν.
823 1038 883 1090 '0
916 1037 972 1090 δὲ
1014 1037 1269 1106 βασιλεὺς
1305 1039 1455 1100 ἐντὸς
1489 1037 1565 1090 ὢν
1610 1040 1705 1090 καὶ
1745 1038 1878 1090 πολ·

298 1129 395 1197 λὴν
425 1129 728 1198 ὲμπειρὶαν
794 1130 918 1199 περὶ
962 1129 1031 1181 τὰ
1069 1132 1441 1199 στρατιωτικὰ
1497 1131 1561 1181 ὲκ
1601 1133 1799 1199 νηπίου
1833 1129 1877 1159 ¹⁸²

295 1222 662 1288 κεκτημένος,
694 1221 816 1272 ἐπεὶ
862 1223 962 1290 τὴν
994 1221 1085 1273 τοῦ
1123 1221 1289 1273 τόπου
1332 1221 1481 1274 θέσιν
1519 1222 1716 1288 διέγνω
1752 1223 1880 1283 τοὺς

296 1314 395 1380 μὲν
432 1313 721 1380 Κομὰνους
773 1313 1148 1381 ἀπείργουσαν
1206 1315 1306 1382 τῆς
1357 1315 1558 1382 ὁρμῆς,
1611 1312 1877 1382 ὀχύρωμα

291 1406 346 1455 δὲ
395 1403 490 1454 τοῦ
536 1405 754 1473 τείχους
818 1403 1006 1465 οὖσαν,
1060 1401 1254 1456 διελὼν
1308 1407 1406 1465 τὰς
1453 1402 1716 1472 δυνάμεις
1778 1399 1879 1453 καὶΙ

293 1497 390 1556 τὰς
420 1494 597 1557 πύλας
641 1496 992 1557 ἀναπετάσας
1026 1495 1122 1548 τοῦ
1156 1498 1407 1565 κάστρου
1444 1495 1644 1560 ἔξωθεν
1683 1493 1874 1546 τούτου

293 1587 709 1657 συνησπικότας
738 1587 919 1640 ἰλαδὸν
955 1588 1317 1657 κατέστησεν.
1357 1586 1495 1655 Περὶ
1519 1585 1578 1638 δὲ
1609 1585 1671 1636 τὸ
1705 1584 1876 1654 ἄκρον

293 1679 392 1748 τῆς
443 1679 770 1746 Κομανικῆς
817 1677 1184 1746 παρατάξεως
1216 1675 1624 1747 ὲγκεκραγότος
1670 1676 1875 1744 μέρους

293 1770 390 1837 τῆς
433 1769 751 1839 Ῥωμαῖκῆς
793 1769 1095 1838 φάλαγγος,
1131 1770 1431 1839 ἐτρέψαντο
1466 1769 1659 1840 μέχρις
1706 1768 1877 1835 αὐτῆς

1580 376 1993 437 ALEXIADIS
2036 379 2181 438 LIB.
2233 381 2281 438 Χ

604 495 664 530 τε
741 479 837 531 καὶ
882 478 988 531 τῶν
1029 479 1255 546 λοιπῶν,
1325 481 1796 552 προσεληλυθότες
1844 483 1875 516 ⁶⁴

1995 491 2253 548 Comauis
2290 488 2508 552 Goloes,
2542 499 2684 542 UIU'O
2731 499 3102 553 accesserunt,
3139 492 3206 545 ad
3253 507 3420 562 seque
3468 511 3565 550 vo-

294 575 459 626 αὐτὸν
499 571 542 603 ⁸¹
593 571 828 641 ἄσμενοι
885 573 1220 642 ὑπεδέχοντο
1271 576 1368 627 καὶ
1419 575 1744 645 παρεδίδουν
1786 575 1889 639 τὰς

3449 382 3559 445 ἹῙΟ

1987 593 2181 637 carnnt
2244 582 2530 644 Barbaros,
2585 581 2945 649 civitatesque
3004 597 3131 636 suas
3187 592 3378 651 sponte
3435 586 3566 655 ipsis

1985 675 2344 736 dediderunt,
2405 672 2982 741 Psettdo-Diogeuem
3033 676 3332 742 Augustum
3382 680 3566 732 accla-

1989 777 2200 821 mantes
2236 768 2462 836 passim.
2520 766 2682 836 2⁵15
2729 769 2828 832 Qui
2876 767 3011 821 locis
3057 770 3260 822 circum
3312 772 3566 827 omnibus

1987 859 2206 928 impune
2239 858 2540 926 Sttbjttnctis
2584 859 2775 912 ditioni
2828 876 2936 913 suae
2973 861 3202 914 collecto
3232 863 3297 914 ad
3329 877 3385 916 se
3413 864 3564 918 omni

1985 950 2281 1005 Contanico
2318 952 2583 1015 exercitu,
2618 951 2939 1004 Anchialum
2971 966 3120 1006 reeta
3153 957 3347 1022 pergit,
3397 972 3565 1024 expe-

1984 1042 2080 1095 riri
2135 1044 2588 1110 oppugnationem
2643 1042 2764 1110 ejus
2821 1045 2970 1096 urbis
3016 1054 3219 1098 certus.
3274 1047 3399 1098 Erat
3451 1057 3563 1098 tum

1990 1135 2131 1188 intra
2170 1135 2341 1201 ipsum
2374 1136 2668 1201 imperator
2700 1136 2788 1202 qui
2823 1151 2920 1202 pro
2955 1151 3017 1188 ea
3045 1152 3204 1204 quam
3241 1138 3513 1191 coutinuis
3534 1153 3566 1190 a

1980 1227 2214 1296 pueritia
2247 1226 2684 1295 expeditionibus
2717 1236 3002 1294 paraverat
3047 1227 3240 1295 peritia
3288 1229 3366 1282 rei
3417 1228 3564 1281 utili-

1983 1317 2140 1380 taris,
2171 1331 2293 1369 cum
2344 1324 2396 1368 et
2428 1316 2591 1369 situm
2649 1315 2751 1367 loci
2796 1316 2861 1368 ad
2911 1317 3182 1368 Cumanos
3228 1317 3567 1385 repellendos

1980 1408 2524 1474 Opportunissimutu,
2567 1417 2622 1459 et
2675 1409 3138 1460 munimentorum
3176 1423 3240 1462 ac
3283 1409 3420 1461 muri
3471 1409 3566 1462 lir-

1983 1501 2225 1553 mitatem
2295 1498 2467 1551 cuivis
2535 1498 2882 1566 impressioni
2957 1499 3290 1552 sustinenda:
3350 1501 3566 1554 abunde

1984 1606 2168 1658 parum
2200 1588 2366 1655 probe
2403 1599 2610 1652 nosset,
2639 1589 2774 1642 adeo
2803 1603 3032 1641 securus
3059 1588 3442 1654 opperiebatur
3470 1589 3567 1643 ad-

1984 1693 2205 1734 ventum
2246 1681 2506 1739 hostium,
2540 1691 2596 1731 ut
2627 1680 2786 1732 simul
2827 1679 2899 1732 illi
2933 1695 3254 1746 apparuere.
3293 1681 3406 1746 ipse
3431 1695 3565 1734 con-

1983 1785 2062 1827 tra
2100 1772 2272 1841 portis
2304 1772 2560 1826 omnibus
2591 1772 2795 1839 apertis
2823 1786 2952 1824 suos
2979 1773 3228 1825 eduxerit
3280 1773 3567 1840 aciemque

293 1863 575 1930 θαλάσσης
612 1862 926 1926 διώξαντες.
980 1862 1153 1914 Τοῦτο
1183 1863 1211 1913 ὁ
1253 1862 1620 1931 αὐτοκράτωρ
1672 1859 1872 1911 θεασά-

1987 1867 2328 1918 instruxerit.
2357 1865 2596 1933 ldipsum
2633 1880 2754 1917 cum
2787 1879 2851 1917 ex
2884 1865 3120 1918 adverso
3163 1863 3389 1918 Cumani
3426 1880 3566 1933 quo-

292 1972 455 2024 μενος
505 1958 601 2008 καὶ
659 1955 798 2024 πρὸς
847 1955 1094 2008 τοσαῦτα
1159 1954 1344 2020 πλήθη
1405 1955 1480 2024 μὴ
1531 1952 1877 2021 ὲξαρκούσας

292 2043 432 2115 ἔχων
497 2044 780 2114 δυνάμεις,
834 2045 974 2115 μήτε
1035 2045 1502 2113 ἀντικαταστῆναι
1557 2043 1874 2109 δυνάμενος,

295 2138 559 2190 ἐκέλευσε
596 2137 691 2190 τοῦ
748 2136 939 2189 λοιποῦ
998 2137 1401 2207 συνησπικότας
1438 2136 1687 2196 ἅπαντας
1722 2134 1876 2186 ἵστα-

294 2230 442 2292 σθαι,
478 2231 572 2281 κα“ι
607 2229 815 2298 μηδένα
846 2228 1098 2300 πραθέειν
1127 2231 1226 2298 τῆς
1282 2228 1664 2292 παρατάξεως.
1709 2227 1770 2278 Ui
1817 2223 1876 2278 δὲ

292 2323 542 2392 Κομάνοι
577 2323 1030 2391 παραταξάμενοι
1070 2322 1290 2373 ἵσταντο
1341 2321 1436 2372 καὶ
1467 2322 1624 2371 αὐτοὶ
1660 2333 1874 2388 προμε-

292 2414 487 2466 τώπιοι
531 2412 578 2443 ⁸³
613 2415 711 2482 τῆς
767 2413 1084 2481 Ῥωμαῖκῆς
1134 2411 1437 2480 φάλαγγος,
1485 2410 1558 2479 μὴ
1601 2408 1876 2477 προσϐάλ-

289 2505 472 2568 λοντες
502 2505 558 2558 δὲ
592 2505 741 2573 ὅμως
776 2506 910 2573 μηδὲ
965 2504 1142 2555 αὐτοί.
1187 2503 1362 2553 Τοῦτο
1408 2502 1466 2552 δὲ
1503 2489 1740 2552 ἐτελεῖτο
1779 2502 1874 2551 ἐπὶ

289 2599 472 2667 τρισὶν
512 2599 751 2666 ἡμέραις
783 2599 848 2648 ὲκ
896 2595 1115 2665 πρωῒας
1154 2595 1352 2664 μέχρις
1398 2594 1641 2664 ἑσπέρας
1673 2593 1774 2661 τῆς
1811 2608 1872 2650 τε

291 2687 386 2739 τοῦ
417 2688 588 2740 τόπου
616 2687 819 2747 θέσεως
852 2687 1228 2755 ἀπειργούσης
1251 2684 1477 2747 τούτους
1516 2684 1558 2715 ⁸⁸
1589 2685 1874 2746 ἐθέλοντας

295 2778 570 2849 μάχεσθαι
605 2779 697 2830 καὶ
733 2778 826 2830 τοῦ
867 2779 1072 2847 μηδένα
1103 2777 1204 2845 τῆς
1243 2778 1560 2846 Ῥωμαῖκῆς
1594 2778 1874 2846 φάλαγγος

293 2869 692 2937 προεκτρέχειν
738 2867 859 2920 κατ’
899 2867 1102 2920 αὐτῶν.
1138 2868 1211 2919 Τὸ
1259 2867 1316 2920 δὲ
1365 2868 1606 2938 κάστρον
1648 2871 1680 2937 ἡ
1750 2871 1876 2936 Ἀγ-

294 2962 480 3032 χῐαλος
533 2960 795 3029 τοιαύτης
837 2959 998 3028 ἔτυχε
1059 2959 1282 3022 θέσεως.
1331 2959 1577 3024 Δεξιόθεν
1621 2961 1719 3030 μὲν
1775 2963 1874 3029 τὴν

296 3054 574 3124 ποντηράν
606 3049 719 3123 εἶχε
785 3054 1084 3116 θάλασσαν,
1134 3052 1193 3115 ἐξ
1228 3052 1525 3120 εὐωνύμων
1560 3052 1617 3104 δὲ
1668 3052 1872 3122 τραχύν

299 3163 418 3198 τινα
484 3144 654 3196 τόπον
715 3142 811 3196 καὶ
876 3143 1144 3195 δύσὸατον
1198 3145 1288 3194 καὶ
1360 3143 1704 3212 ὑπαμπεὶον,
1779 3145 1944 3226 static

295 3239 407 3299 τοῖς
461 3237 721 3299 ἱππόταις
779 3234 970 3289 εὔοδον·
1012 3240 1104 3289 τὸν
1149 3236 1350 3307 δρόμον
1408 3237 1484 3306 μὴ
1535 3236 1869 3306 παρέχοντα.

293 3330 357 3382 Τί
392 3330 448 3382 τὸ
489 3330 582 3381 ἐπὶ
606 3327 856 3394 τούτοις;
893 3328 1006 3398 Τὴν
1031 3327 1127 3380 τοῦ
1157 3326 1424 3396 βασιλέως
1455 3328 1794 3396 θεασάμενον
1825 3327 1871 3357 ⁸³

293 3424 590 3491 καρτερίαν
619 3423 664 3473 οἱ
709 3420 990 3489 Βὰρόαροι
1023 3421 1116 3472 καὶ
1156 3423 1224 3472 τὰ
1257 3419 1660 3489 βεϐουλευμένα
1693 3419 1871 3488 ἀπηλ-

295 3517 539 3577 πικότες,
584 3516 670 3580 ἐφ’
706 3514 900 3582 ἑτέραν
932 3514 1177 3582 ἀτραπὸν
1217 3513 1316 3580 τὴν
1364 3512 1496 3580 πρὸς
1560 3511 1872 3579 Ἀδριανού-

295 3611 450 3661 πολιν
537 3607 864 3675 ἐτράποντο’
931 3603 1314 3669 ὲξαπατῶντος
1358 3606 1556 3666 αὐτοὺς
1608 3604 1703 3656 τοῦ
1735 3605 1867 3673 ψευ-

293 3700 543 3768 δωνύμου
594 3698 688 3750 καὶ
722 3697 998 3764 λέγοντος,
1033 3700 1108 3753 ὡς
1150 3695 1420 3765 Ὀπηνίκα
1455 3715 1521 3765 με
1557 3697 1654 3765 τὴν
1695 3697 1870 3765 Ἀδρι-

293 3792 589 3846 ανούπολιν
642 3793 670 3842 ό
727 3790 1045 3860 Νικηφόρος
1121 3787 1412 3860 Βρυέννιος
1487 3789 1906 3843 καταλαεόνται

293 3885 524 3955 ἀκούσῃ,
585 3881 808 3944 ἀνοίξας
873 3881 974 3942 τὰς
1022 3879 1197 3943 πύλας
1258 3882 1396 3949 μετά
1459 3881 1789 3950 περιχαρίας
1823 3881 1868 3911 ⁸⁸

294 3975 643 4038 ὐποίέξεται,
670 3972 929 4042 χρήματὰ
966 3988 1026 4024 τε
1070 3971 1299 4041 παρέξει
1339 3972 1434 4022 καὶ⁹
1478 3974 1741 4033 παντοίας
1774 3990 1864 4039 φι-

290 4065 627 4136 λοφροσύνης
666 4065 893 4128 ἀξιώσει
917 4081 930 4095 ο
963 4064 1067 4118 κᾶν
1094 4065 1204 4132 γὰρ
1240 4063 1312 4132 μὴ
1350 4066 1413 4116 ἐκ
1463 4063 1700 4132 φύσεως,
1735 4064 1869 4117 αλλά

289 4177 350 4230 γε
381 4165 445 4213 ἐκ
477 4159 861 4228 προαιρέσεως
885 4159 985 4226 τὴν
1015 4157 1152 4225 πρὸς
1173 4157 1266 4207 τὸν
1294 4155 1428 4223 ἐμὸν
1465 4157 1678 4226 πατέρα
1710 4158 1867 4210 ἀδελ-

290 4255 455 4325 φικὴν
482 4244 608 4321 ἔσχε
664 4249 931 4301 διάθεσιν.
1000 4249 1168 4300 Ἐπὲιν
1222 4247 1279 4299 δὲ
1329 4248 1390 4299 τὸ
1449 4249 1686 4316 κάστρον
1732 4253 1867 4321 ἡμῖν

290 4345 596 4418 παραδοθῇ,
629 4342 802 4403 οὕτως
841 4342 943 4410 τῆς
989 4340 1083 4398 ἐπὶ
1109 4342 1175 4393 τὰ
1220 4341 1535 4410 ἔμπροσθεν
1584 4345 1676 4397 καὶ
1727 4346 1867 4414 πρὸς

289 4442 382 4505 τὴν
421 4433 818 4507 βασιλεύουσαν
844 4430 1118 4501 φερούσης
1149 4429 1423 4498 ἁψόμεθα.
1469 4435 1626 4486 Θεῖον
1676 4435 1732 4486 δὲ
1769 4435 1862 4486 τὸν

1980 1972 2084 2024 que
2115 1956 2398 2014 fecissent.
2443 1956 2662 2025 quidam
2699 1971 2729 2009 ε
2762 1955 3004 2008 Romana
3042 1955 3306 2025 phalange
3352 1955 3563 2022 injussu

1979 2049 2255 2118 progressi
2318 2049 2562 2114 obiectos
2629 2049 2734 2102 sibi
2800 2049 3068 2102 Barbaros
3127 2049 3272 2102 circa
3332 2052 3564 2116 primam

1981 2143 2221 2208 ipsorum
2259 2142 2429 2193 at-iem
2470 2156 2640 2207 usque
2670 2144 2734 2194 ad
2770 2147 2924 2194 mare
2953 2142 3132 2211 ipsum
3166 2139 3313 2194 l'usos
3364 2143 3561 2209 abege-

1981 2241 2128 2284 runt.
2171 2231 2224 2284 ld
2278 2233 2555 2301 Augustus
2602 2233 2952 2299 conspicatus
3005 2241 3061 2285 et
3116 2247 3455 2300 nequaquam
3503 2246 3565 2287 se

1976 2325 2111 2378 satis
2142 2340 2490 2379 numerosum
2523 2326 2589 2376 ad
2621 2325 2992 2379 dimicandum
3021 2325 3176 2392 plena
3212 2326 3326 2377 acie
3363 2325 3565 2378 habere

1977 2417 2278 2469 exercitum
2309 2417 2408 2470 sibi
2441 2418 2715 2482 conscius,
2747 2417 2919 2471 edixit
2951 2431 3018 2470 ne
3049 2417 3168 2485 quis
3202 2415 3253 2469 iu
3284 2423 3564 2483 posterum-

1981 2503 2120 2556 ultra
2151 2504 2376 2557 ordines
2409 2514 2781 2574 procurreret,
2807 2505 2904 2558 sed
2935 2521 3125 2560 omnes
3171 2506 3300 2558 tecti
3355 2505 3567 2574 clypeis

1977 2593 2155 2647 locqu
2176 2597 2408 2663 quisque
2436 2612 2594 2649 suutn
2618 2604 2670 2649 et
2693 2597 2976 2667 phalangis
3001 2597 3226 2665 ﬁguram
3255 2608 3559 2652 luerentur.

1977 2683 2097 2738 Pari
2129 2688 2388 2741 cautione
2411 2688 2638 2742 Comaui
2675 2689 2940 2755 explicata
2978 2703 3044 2742 ex
3071 2691 3302 2744 adverso
3329 2687 3556 2743 Romani

1976 2776 2250 2828 exercitus
2284 2775 2402 2829 acie
2455 2791 2577 2840 sua,
2638 2779 2855 2839 stabant
2915 2777 2968 2830 itt
3030 2778 3260 2846 vestigio
3317 2789 3371 2831 et
3407 2777 3558 2846 ipsi,

1979 2876 2195 2934 tresque
2227 2869 2344 2922 dies
2376 2869 2668 2924 continuos
2703 2870 2753 2922 in
2785 2869 2888 2922 illis
2915 2870 3076 2924 minis
3107 2879 3161 2923 et
3189 2869 3558 2924 ostentatione

1977 2959 2195 3026 utrique
2231 2967 2574 3022 manserunt,
2601 2958 2704 3012 loci
2741 2967 2936 3011 natura
2959 2957 3250 3023 Barbaros,
3288 2957 3558 3025 paucitate

1977 3051 2190 3118 propria
2228 3050 2509 3105 Romanos
2543 3053 2853 3104 tleterrente
2906 3065 2933 3102 a
2977 3051 3165 3116 prtclio
3196 3050 3342 3102 ultro
3383 3049 3560 3104 Iaces-

1979 3147 2170 3209 sentio,
2222 3145 2484 3198 ambobus
2551 3159 2680 3196 vero
2738 3145 2939 3197 {rustra
2993 3145 3439 3220 exsttectautibus
3497 3153 3559 3198 ut

1978 3251 2170 3304 pugna:
2203 3236 2417 3289 initium
2461 3236 2614 3289 alteri
2662 3235 2927 3288 lacerent.
2982 3236 3140 3288 Arcis
3188 3251 3350 3302 porro
3394 3235 3558 3302 huius

1976 3327 2229 3381 Anchiali
2260 3328 2396 3380 situs
2430 3327 2554 3380 talis
2586 3335 2690 3380 est.
2728 3324 2908 3378 llabet
2941 3341 2970 3377 a
2999 3325 3208 3378 dextris
3236 3340 3384 3378 mare
3416 3325 3558 3379 Pon-

1977 3421 2168 3480 ticum,
2226 3436 2253 3471 a
2306 3420 2542 3473 sinistris
2583 3431 2782 3485 aspero
2835 3424 2890 3470 et
2944 3417 3145 3470 vitibus
3191 3417 3452 3484 implicito
3493 3433 3558 3471 ac

1975 3524 2261 3582 propterea
2311 3527 2418 3565 non
2463 3509 2741 3579 equitabili
2785 3509 2901 3564 solo
2952 3509 3274 3579 protegitur.
3321 3509 3556 3563 Tandem

1975 3605 2283 3660 constantia
2323 3603 2671 3671 imperatoris
2727 3602 2780 3655 in
2831 3603 2950 3656 loco
3001 3603 3201 3655 tuendo
3243 3601 3379 3654 satis
3430 3616 3558 3669 per-

1973 3711 2156 3766 specta
2193 3697 2414 3752 Barbati
2453 3696 2852 3763 desperatoque
2879 3709 3160 3756 successu,
3191 3693 3350 3746 aliam
3385 3693 3552 3745 secuti

1975 3792 2114 3842 viam
2155 3787 2565 3854 Adrianopolim
2618 3796 2836 3855 petunt,
2896 3785 3052 3840 vanis
3108 3785 3175 3838 ad
3239 3785 3293 3838 id
3348 3787 3555 3838 inducti

1981 3876 2441 3945 promissionibtts
2480 3871 2988 3939 Pseudo-Diogenis
3023 3872 3114 3940 qtti
3143 3872 3347 3940 passim
3380 3871 3555 3940 jacta-

1973 3969 2064 4022 bat
2092 3967 2458 4034 Nicephorum
2507 3964 2794 4033 Bryettium
2827 3962 3358 4031 Adrianopolitarum
3395 3962 3560 4018 facile

1971 4062 2271 4131 principem
2324 4067 2378 4112 et
2446 4071 2535 4110 res
2600 4057 2710 4110 illic
2762 4056 2907 4110 haud
2961 4054 3123 4109 dubie
3181 4058 3553 4109 moderantem

1971 4156 2130 4226 plane
2176 4171 2331 4209 suum
2367 4168 2513 4216 esse,
2548 4152 2763 4220 sibique
2805 4166 2926 4206 esse
2974 4161 3347 4220 perspectum,
3390 4151 3554 4206 simul

1970 4249 2262 4317 Diogenem
2289 4245 2575 4298 advenisse
2608 4246 2652 4298 is
2679 4244 2949 4308 rescierit,
2979 4245 3165 4297 statim
3198 4253 3552 4310 excepturum

1971 4343 2146 4410 ipsum
2184 4338 2494 4407 patentibus
2520 4335 2674 4392 ostiis
2703 4337 2986 4405 obviisque
3019 4336 3154 4391 ulnis
3181 4336 3552 4404 pecuniasque

1972 4447 2036 4485 ac
2065 4440 2402 4485 commeatus
2447 4429 2660 4483 abunde
2691 4428 3062 4496 praebiturum,
3095 4430 3290 4498 quippe
3312 4430 3430 4498 ejus
3454 4430 3552 4484 viri

291 4533 581 4601 Βρυέννιον
628 4524 903 4594 ὠνόμαζε,
941 4524 1318 4593 παρακουσμά
1347 4541 1400 4575 τι
1441 4524 1579 4594 ἔχων
1629 4527 1866 4596 ἀληθοῦς

1978 4524 2144 4578 lilium
2180 4523 2400 4590 quicum
2432 4519 2700 4592 Bryenius
2723 4520 2848 4573 olim
2885 4536 2994 4574 non
3029 4531 3224 4574 natura
3270 4538 3528 4592 compara

290 4625 620 4684 ὑποθέσεως.
647 4620 757 4671 Καὶ
780 4618 886 4686 γὰρ
911 4619 938 4669 ὁ
960 4618 1130 4668 πάλαι
1150 4616 1552 4680 βεϐασιλευκὼς
1584 4619 1867 4688 Ῥωμανὸς

290 4720 315 4769 ὁ
341 4716 600 4781 Διογένης
632 4709 806 4777 ἄνδρα
833 4707 1047 4759 τουτονὶ
1078 4706 1176 4758 τὸν
1212 4705 1500 4775 Βρυέννιον
1549 4705 1860 4773 γινώσκων,

292 4811 550 4877 φρονήσει
591 4819 652 4854 τε
683 4800 1024 4869 ὑπερέχοντα
1067 4801 1287 4850 πάντων
1326 4798 1432 4849 τῶν
1467 4799 1609 4862 τότε,
1635 4797 1770 4866 εὺθῆ
1803 4816 1864 4850 τε

290 4904 386 4971 τὴν
420 4900 650 4967 γνώμην
672 4895 770 4947 καὶ
801 4891 1212 4962 ὲπαληθεύοντα
1237 4890 1312 4951 ὡς
1367 4889 1571 4942 ἐπίπαν
1601 4892 1659 4941 ὲν
1692 4890 1870 4956 λόγοις

290 4996 384 5046 καὶ
407 4993 673 5062 πράξεσιν
697 4983 892 5038 τοῦτον
923 4982 1175 5052 ἀκριϐῶς
1217 4982 1605 5050 ἐπιστάμενος,
1639 4980 1869 5050 ἀδελφὸν

292 5079 717 5151 εἰσεποιηοασθαι
743 5077 856 5146 (96)
883 5075 1186 5145 ἠϐουλήθη.
1238 5076 1346 5126 Καὶ
1381 5074 1446 5144 δὴ
1481 5075 1574 5126 καὶ
1624 5075 1682 5126 τὸ
1712 5075 1872 5144 ἔργον

290 5179 569 5228 τετέλεστο
601 5172 811 5241 ἀμφοῖν
861 5167 1052 5220 τούτου
1088 5166 1460 5228 συνδόξαντος.
1506 5165 1666 5219 Ἀλλά
1696 5166 1874 5218 ταῦτα

294 5271 386 5338 μὲν
419 5269 590 5340 ἀληθῆ
626 5265 726 5318 καὶ
756 5261 904 5332 παρὰ
946 5260 1167 5313 πάντων
1198 5257 1343 5311 οὕτω
1378 5258 1736 5334 γινώσκεται.
1799 5257 1860 5310 Ὀ

1977 4625 2110 4681 tam,
2172 4615 2265 4668 sed
2325 4613 2703 4667 benevolentia
2731 4613 2806 4681 [et
2855 4613 3075 4667 virtutis
3117 4628 3181 4666 ac
3215 4613 3553 4668 voluntatum
3602 4675 3604 4678 ν

1977 4705 2336 4761 similitudine
2389 4704 2676 4758 conﬂatam
2748 4704 3204 4758 necessitudinem
3254 4704 3556 4760 fraternam

1976 4800 2240 4854 coluisset
2271 4816 2285 4852 :
2328 4808 2474 4852 tanta
2508 4812 2672 4865 porro
2699 4796 2988 4865 (subdebat
3016 4796 3555 4866 Pseudo-Diogenes)

1971 4907 2036 4947 ac
2077 4906 2183 4945 tam
2215 4890 2392 4944 valida
2421 4890 2685 4945 beneflcio
2713 4889 2818 4942 mei
2853 4889 3028 4956 patrui
3057 4889 3189 4942 urbe
3237 4903 3337 4942 nos
3375 4888 3554 4954 potiti,

1972 5001 2202 5054 pronum
2228 4983 2340 5052 jam
2383 4981 2486 5034 iter
2516 4989 2573 5034 et
2617 4979 2928 5045 expeditum
2962 4980 3030 5032 ad
3082 4978 3293 5044 imperii
3353 4988 3558 5030 metro—

1973 5077 2136 5143 politn
2166 5075 2335 5142 ipsam
2371 5071 2712 5126 habebimus.
2749 5069 2824 5122 lta
2862 5069 2951 5122 ille
2981 5067 3343 5146 pro‘suscepti
3394 5066 3554 5132 plagii

1982 5164 2316 5234 impudentia
2345 5174 2748 5232 consequenter
2767 5176 2830 5213 ac
2859 5159 3032 5212 val‘re.
3061 5159 3258 5212 Verum
3284 5156 3554 5226 siquidem

1981 5268 2100 5312 erat
2137 5273 2202 5309 ac
2242 5257 2456 5309 celebre
2506 5256 2808 5312 Romanum
2858 5253 3153 5322 Diogenem
3197 5252 3326 5304 olim
3373 5254 3558 5318 Augu-

1338 5331 1534 5412 Varite
1581 5350 1890 5412 lectiones
1922 5365 1996 5409 ex
2033 5349 2176 5408 cod.
2207 5345 2479 5406 Coislin.

354 5457 918 5536 ⁵³προσεληλυθότες,
1030 5461 1070 5489 δι
1107 5454 1324 5518 αὐτούς.
1422 5453 1468 5484 ⁸³
1510 5444 1707 5504 υῑόθεῗι.

279 5540 530 5611 χαρεέας.

1811 5450 1858 5482 ’⁵³
1894 5450 2298 5521 προμετώπιον.

2397 5447 2444 5479 δ”
2465 5451 2589 5512 τούς
2623 5448 2691 5504 τ’.
2799 5445 2842 5474 ⁸⁵
2875 5446 3223 5514 θεασάμενοι.
3318 5443 3364 5475 ⁸⁸
3401 5459 3556 5513 περι-

1367 5621 1503 5681 Car.
1545 5618 1870 5680 Dufresnii
1905 5621 2002 5678 Du
2043 5615 2262 5692 Cangii
2296 5618 2483 5672 notsa.

336 5741 452 5816 (96)
507 5727 806 5797 Ἀδελρὸν
843 5724 1333 5793 εἰσποιήσασϐαι.
1367 5720 1437 5775 De
1471 5723 1849 5790 adoptionibus

1978 5720 2183 5772 'ratt'em
2242 5718 2356 5770 fuse
2404 5713 2763 5768 disseruimus
2815 5709 2881 5761 ad
2952 5706 3279 5768 Joinvillam,
3340 5704 3555 5758 Disser-

280 5821 358 5868 lat.
397 5827 513 5864 xxi.
