4024 6270
477 375 586 439 715

1771 363 1996 424 ΑΝΝᾸΕ
2033 363 2418 424 ΟΟΜΝΕΝΕ

3613 365 3715 429 7l6

479 484 998 554 imploraturumque
1024 476 1197 545 ipsum
1235 474 1498 528 vindicem
1530 485 1713 527 earum
1757 483 2038 526 contume-

2145 473 2242 541 τὴν
2275 473 2609 541 ἐπαγγελίαν
2641 475 2741 528 οὐκ
2789 475 3019 544 ἤγαγεν.
3063 471 3210 526 Ἀλλ’
3251 474 3369 544 ἅμα
3397 493 3454 529 τε
3499 477 3528 530 ὁ
3560 476 3717 546 βασι-ο

479 577 668 630 liarum
706 586 840 640 quas
889 583 1050 622 causa
1103 567 1270 636 ipsius
1317 565 1525 620 scilicet
1586 564 1654 618 ab
1707 563 2040 631 imperatore

476 683 662 735 passus
692 671 857 716 esset.
918 659 1041 713 llaec
1082 659 1170 712 ille
1213 657 1521 724 neutiquam
1569 670 1706 709 vane
1761 664 2040 709 ostentans

474 759 639 820 dixit,
695 741 842 806 more
899 752 1112 804 illorum
1147 749 1238 817 qui
1289 749 1467 802 verbis
1510 747 1824 816 magniﬁci,
1879 747 2038 801 rebus

473 848 640 911 cauti,
675 847 824 914 plura
859 844 1136 896 minantur
1165 855 1320 908 quam
1355 849 1614 908 praestare
1647 838 1905 907 cogitent.
1941 838 2039 892 llic

473 945 652 988 autent
687 931 844 985 simul
884 929 1268 983 animadvertit
1295 928 1511 994 probari
1545 927 1831 980 consilium
1868 926 2013 994 impe

473 1029 660 1086 ratori,
701 1022 843 1075 nulla
880 1036 1027 1074 mora
1075 1023 1312 1088 seipsum
1349 1019 1401 1072 in
1449 1019 1584 1072 l‘acie
1623 1019 1846 1084 lacerat,
1880 1029 2040 1070 caete-

473 1132 636 1183 mque
687 1127 911 1181 corpore
968 1111 1236 1164 vibicibus
1293 1123 1347 1162 et
1395 1109 1567 1178 plagis
1631 1119 1915 1162 cruentato
1972 1107 2038 1159 ad

471 1205 1000 1272 Psemln~Diogeuem
1037 1201 1196 1270 fugit,
1225 1201 1382 1267 eique
1415 1216 1536 1253 eum
1570 1199 1672 1252 alia
1703 1213 2036 1254 comn‘tetno-

471 1301 606 1351 ravit
639 1297 808 1352 multa
838 1297 902 1348 ad
941 1294 1279 1364 prepositum
1316 1291 1593 1356 facientia,
1632 1302 1742 1344 tum
1771 1292 1824 1344 in
1851 1292 2040 1358 primis

471 1402 706 1443 veterem
739 1390 878 1440 inter
917 1387 1060 1452 ipsos
1109 1384 1401 1436 amicitiam
1448 1401 1459 1437 :
1497 1383 1662 1450 Cujus
1708 1399 1870 1435 causa
1921 1397 2040 1434 cum

469 1479 649 1532 ticerbe
671 1489 820 1546 atque
853 1476 1082 1542 indigne,
1110 1483 1164 1525 ut
1193 1473 1328 1526 vides
1361 1473 1705 1543 (inquiebat),
1749 1474 1812 1525 ab
1857 1488 1917 1524 eo
1955 1472 2044 1540 qui

469 1571 562 1624 tibi
589 1569 820 1622 debitum
849 1568 1121 1634 imperium
1149 1565 1342 1617 detinet
1389 1564 1571 1616 Alexio
1619 1573 1898 1626 tractarer,
1950 1580 2042 1617 ea:-

469 1662 629 1732 plieui
658 1678 735 1712 me
766 1661 991 1722 tandem,
1027 1667 1074 1710 et
1106 1658 1282 1725 fugam
1343 1656 1574 1720 expedivi
1611 1656 1676 1706 ad
1713 1655 2041 1724 majestate»:

472 1765 650 1818 luant,
687 1767 990 1822 magnopere
1024 1753 1186 1803 nitens
1239 1766 1298 1800 ea
1354 1749 1551 1816 ﬁducia
1583 1765 1739 1818 quam
1789 1759 1911 1802 nota
1947 1748 2034 1814 [a-

2143 565 2263 628 λεὺς
2293 566 2480 636 ἐπῄνει
2505 566 2600 636 τὴν
2629 567 2940 636 συμϐουλὴν
2969 568 3066 620 καὶ
3088 570 3115 620 ὁ
3151 568 3486 632 ’Λλακασεῦς
3513 571 3573 622 ὲν
3599 573 3715 642 χρῷ

2141 675 2199 709 τε
2223 657 2267 689 ³⁸
2301 657 2526 726 κουρίας
2579 659 2793 725 ἐγίνετο
2837 661 2932 711 καὶ
2977 659 3074 721 τὰς
3133 659 3344 727 σάρκας
3391 660 3714 731 κατῄκιστο,

2143 753 2236 802 καὶ
2270 751 2404 819 πρὸς
2427 751 2518 802 τὸν
2544 751 2878 803 ἐπίπλαστον
2910 752 3168 821 Διογένην
3199 752 3408 804 ἐκεῖνον
3437 753 3716 821 ὲφοίτησε·

2103 847 2243 924 ἣκαΣ
2279 845 2349 896 τά
2377 861 2438 896 τε
2469 845 2606 896 ἄλλα
2645 845 2738 897 καὶ
2771 846 2870 914 τὴν
2911 847 3149 898 παλαιὰν
3182 847 3464 916 ὑπέμνησε
3512 847 3717 914 φιλίαν,

2077 982 2104 991 ,,
2143 935 2237 985 καὶ
2274 935 2347 998 ὡς
2379 937 2584 987 Πολλὰ
2619 934 2784 988 δεινὰ
2813 934 2970 1002 παρὰ
3005 937 3109 990 τοῦ
3142 936 3586 1004 αὐτοκράτορος
3617 953 3722 992 πε-

2141 1025 2376 1090 πονθὼς
2391 1025 2663 1087 Ἀλεξίου
2702 1025 2826 1092 ἥκω
2863 1029 3012 1095 πρὸς
3043 1027 3119 1080 σὲ
3154 1029 3485 1094 θαρῤήσας,
3513 1029 3718 1096 ἔλεγεν,

2140 1117 2238 1170 ἐπὶ
2271 1116 2338 1184 τῇ
2385 1117 2633 1170 πάνῖαιδτ
2663 1117 2767 1170 τοῦ
2815 1119 2944 1188 ’μοιῖ
2993 1119 3218 1185 πατρὸς
3254 1120 3400 1186 πρὸς
3448 1121 3564 1186 τὴν
3598 1122 3722 1183 σὺν

2136 1207 2461 1270 ,ϐασιλείαν
2484 1207 2834 1275 γνησιότητι
2864 1207 2954 1274 ἐφ’
2979 1201 3024 1273 ᾧ
3042 1207 3420 1274 συνάρασθαί
3449 1223 3548 1260 σοι
3573 1210 3720 1274 πρὸς

2143 1301 2210 1352 τὸ
2248 1302 2668 1368 προκείμενον.
2713 1301 2943 1371 Ἐχρῆτο
2969 1301 3074 1370 γὰρ
3101 1300 3196 1354 καὶ
3233 1301 3496 1362 τοιούτοις
3527 1302 3720 1369 ὀνόμα-

2145 1407 2229 1442 σιν
2282 1394 2686 1453 κολακευτικοῖς
2734 1392 2820 1444 ἵνα
2865 1391 3024 1443 πλέον
3060 1391 3456 1460 ὲςρελκύσηται,
3507 1395 3601 1444 καὶ
3631 1395 3715 1444 ἵνα

2145 1476 2478 1544 πλατύτερον
2521 1477 2588 1529 τὰ
2633 1478 2750 1529 κατ’
2779 1479 2942 1532 αὑτὸν
2976 1479 3311 1549 διηγήσομαι
3337 1481 3402 1546 ⁸⁸,
3437 1481 3618 1534 λαϐὼν
3655 1481 3714 1533 τὸ

2143 1571 2425 1639 ἐνδόσιμον
2497 1571 2645 1639 παρὰ
2697 1571 2790 1623 τοῦ
2851 1571 3254 1644 αὐτοκράτορος
3320 1573 3557 1640 Ἀλεξίου
3625 1575 3716 1626 καὶ

2143 1663 2361 1730 γραφὰς
2399 1661 2662 1726 ὡσαύτως
2709 1663 3126 1732 παραδηλούσας
3163 1667 3298 1734 πρὸς
3338 1666 3437 1735 τὴν
3469 1667 3717 1734 φυλακὴν

2148 1749 2430 1824 πολιχνίου
2468 1755 2610 1816 τινος
2654 1755 2898 1824 ΙΙούτζης
2933 1757 3045 1826 (99)
3092 1757 3483 1826 ὠνομασμένον
3547 1776 3715 1811 πεπι-

473 1845 754 1900 milinritas
791 1855 998 1911 patrum
1022 1842 1158 1894 inter
1187 1857 1240 1893 se
1266 1851 1558 1892 nostrorum
1591 1850 1636 1893 et
1673 1851 1773 1892 luat
1800 1839 2041 1891 bonitatis

2152 1853 2468 1915 στευμένον,
2515 1849 2590 1911 ὡς
2623 1851 2808 1918 Ὅπερ
2848 1851 2924 1904 ἂν
2953 1856 2984 1905 ό
3016 1853 3220 1919 παρών
3265 1869 3362 1906 σοι
3399 1857 3714 1921 ὑπόθηται,

474 1936 560 1988 isti
585 1935 720 2001 quod
745 1935 947 1986 obtines
973 1933 1188 2000 fastigio
1207 1931 1557 1998 congruentis,
1581 1930 1764 1980 merito
1789 1930 2034 1996 suggerit.

471 2028 548 2080 lta
595 2028 682 2078 ille
731 2041 829 2078 suo
861 2039 1132 2092 quemque
1163 2025 1321 2075 hamo
1361 2020 1557 2088 piscari
1605 2021 1828 2082 doetus,
1861 2019 2036 2071 ambi-

474 2121 668 2172 tiosum
703 2115 1020 2168 nebulonem
1051 2115 1202 2182 regni
1237 2123 1292 2166 et
1339 2111 1638 2178 maiestatis
1669 2109 2041 2180 appellatioiii—

469 2211 574 2264 bus
625 2207 860 2261 illudens
925 2205 1322 2259 demerebatur.
1385 2201 1496 2256 Nec
1551 2203 1724 2255 caruit
1784 2217 2036 2254 successu

469 2309 682 2367 ceptum
717 2299 791 2362 id,
819 2297 958 2364 quod
993 2296 1248 2364 deinceps
1291 2310 1506 2362 pergam
1545 2294 1792 2361 exsequi.
1828 2292 2035 2346 Etenim

470 2403 590 2442 cum
623 2388 906 2440 abeuntem
934 2385 1252 2440 Alacaseum
1308 2385 1500 2438 litteris
1546 2382 1892 2436 instruxisset
1946 2382 2041 2434 im-

469 2492 688 2551 perator
716 2484 780 2533 ad
816 2481 1123 2548 pratl'ectum
1155 2477 1296 2531 arcis
1320 2477 1620 2546 cujusdam,
1651 2475 1830 2528 Putzae
1861 2474 2038 2528 numi-

469 2583 630 2638 tiatm,
671 2573 722 2626 in
777 2574 918 2626 hunc
956 2573 1174 2625 nmdum
1231 2570 1488 2638 scriptis:
1524 2567 1788 2636 Quidquid
1833 2568 1926 2619 tibi
1952 2567 2040 2632 qui

469 2669 562 2718 has
598 2666 796 2718 litteras
823 2667 998 2717 reddet
1027 2663 1238 2724 dixerit,
1277 2663 1328 2712 id
1372 2669 1621 2728 tanquam
1650 2675 1680 2710 a
1706 2675 1786 2711 me
1811 2660 2040 2724 impera-

472 2767 582 2807 tum
607 2755 717 2808 sine
747 2771 890 2806 mora
915 2754 1000 2822 fac
1029 2755 1168 2822 (erat
1199 2767 1359 2819 porro
1392 2751 1510 2805 ideo
1539 2750 1744 2804 delecta
1773 2749 1892 2803 talis
1917 2765 2039 2816 arx,

469 2849 611 2918 quod
665 2847 781 2901 loco
813 2845 1097 2900 commodo
1152 2847 1219 2898 ab
1273 2843 1622 2912 Alrianopoli
1699 2842 2041 2896 moventibus

469 2955 764 2995 occurrens
808 2940 872 2992 ad
924 2939 1223 2992 destinatas
1273 2936 1494 2989 insidias
1543 2937 1734 2989 idonea
1777 2933 1892 2988 visa
1925 2943 2040 3022 est)

473 3047 598 3085 cum
633 3030 716 3084 liis
749 3029 840 3083 ille
886 3031 1106 3084 adortus
1153 3028 1709 3096 Psendo-Diogenem,
1768 3027 2044 3096 plagisque

477 3139 538 3178 ac
571 3124 832 3178 vibicibus
860 3123 1120 3186 ostensis,
1147 3135 1367 3176 carcere
1396 3120 1524 3187 quin
1559 3121 1720 3174 etiam
1754 3133 1815 3171 ac
1853 3116 2042 3170 ferreis

473 3214 698 3268 vinculis
723 3229 840 3282 quae
876 3215 1043 3281 ipsius
1059 3213 1344 3267 occasione
1375 3210 1660 3264 tolerasset
1683 3211 1752 3263 ob
1785 3209 2040 3262 invidiam

473 3309 722 3362 amicitia:
763 3316 1022 3374 patenter,
1053 3304 1276 3373 querule
1306 3319 1368 3356 ac
1429 3302 1674 3356 dolenter
1703 3299 1996 3370 deploratis
2027 3338 2043 3364 ,

475 3399 626 3452 facile
652 3398 1046 3466 persuasiteam
1071 3397 1170 3450 sibi
1198 3398 1262 3448 ad
1295 3396 1468 3464 ipsum
1497 3395 1770 3448 dOminuttt
1799 3391 2048 3446 videlicet

475 3505 537 3543 ac
567 3489 908 3542 liberatorem
964 3503 1117 3542 suum
1170 3502 1389 3540 causam
1457 3486 1730 3538 exstitisse
1781 3484 2042 3553 fugiendi.

478 3581 697 3650 Excepit
725 3581 1020 3649 supplicem
1079 3579 1316 3632 larvatus
1354 3580 1601 3646 princeps
1648 3576 2046 3630 benevolentis-

473 3677 629 3736 sime,
667 3673 734 3726 ab
759 3686 932 3738 eoque
956 3672 1109 3740 petiit
1146 3670 1273 3739 quid
1309 3670 1412 3722 sibi
1446 3677 1636 3721 auctor
1661 3677 1806 3722 esset
1857 3675 1913 3720 ut
1963 3667 2044 3719 ta-

474 3776 636 3820 ceret.
667 3766 801 3820 Tum
844 3765 1138 3818 Alacaseus
1165 3779 1178 3815 :
1227 3762 1403 3828 Viles,
1438 3762 1640 3829 inquit,
1665 3777 1838 3813 arcem
1869 3759 2042 3824 illam,

473 3871 520 3912 et
547 3859 628 3912 illi
659 3858 942 3926 subjectum
974 3856 1137 3908 latam
1189 3854 1456 3922 planitiem
1485 3869 1550 3906 ex.
1575 3869 1677 3922 qua
1725 3861 2044 3904 commeatus

473 3948 898 4017 in-quanmmltos
929 3947 1063 4000 voles
1091 3947 1200 3998 dies
1247 3946 1340 3998 toti
1370 3954 1533 3999 uestro
1576 3944 1832 4010 equitatui
1879 3945 2044 4010 possit

474 4049 760 4108 suppetere.
798 4037 862 4090 In
887 4055 944 4090 ea
989 4047 1037 4090 te
1067 4053 1186 4090 arce
1225 4038 1395 4090 locum
1447 4036 1540 4088 tibi
1597 4050 1796 4088 sumere
1849 4034 1936 4086 aio
1959 4035 2050 4086 de-

475 4133 613 4197 bere,
641 4131 1002 4198 Comanosque
1035 4139 1149 4180 tuos
1183 4129 1380 4180 circum
1412 4127 1480 4180 ad
1508 4144 1602 4194 pra
1619 4131 1736 4179 dant
1767 4143 2005 4194 spargere
2027 4143 2045 4180 :

474 4229 913 4286 compertumque,
963 4225 1216 4286 quantum
1251 4211 1382 4268 satis
1421 4217 1527 4280 sit,
1561 4231 1769 4267 annona
1795 4253 1809 4277 ,
1851 4217 2046 4268 deinde

475 4323 612 4363 recta
639 4311 846 4377 imperii
871 4317 1026 4375 caput
1049 4305 1554 4372 Constantinopolim
1600 4315 1788 4373 petere.
1827 4304 1892 4357 Id
1921 4307 1961 4357 si
1991 4316 2045 4358 tu

476 4403 648 4469 facere
687 4403 738 4453 in
767 4402 998 4452 animum
1029 4399 1322 4461 induxeris,
1363 4399 1551 4464 recipio
1580 4413 1658 4450 me
1691 4413 1864 4449 arcem
1891 4399 2042 4450 istum

2145 1941 2406 2003 ποίησον
2451 1939 2821 2006 ἀδιστάκτως
2869 1944 3226 2008 ὑπακούσας
3279 1944 3502 1997 αὐτοῦ’
3539 1946 3714 1998 ὲκεῖςε

2143 2032 2252 2100 γὰρ
2293 2035 2320 2083 ὁ
2373 2031 2628 2101 βασιλεὺς
2677 2032 2859 2096 καλῶς
2894 2035 3226 2103 ἐστοχάσατο
3269 2037 3394 2098 τοὺς
3430 2037 3712 2104 Κομάνους

2146 2124 2470 2177 καταλαϐεῖν
2507 2125 2614 2178 ἀπὸ
2657 2126 3155 2196 Ἀδριανουπὸλεως
3181 2129 3524 2197 ἀπάραντας.
3567 2129 3712 2182 Τού-

2145 2230 2251 2266 των
2297 2213 2467 2276 οὕτως
2510 2215 2990 2285 οἰκονομηθέντων,
3033 2219 3450 2288 προσηκάμενος
3481 2220 3508 2270 ὁ
3553 2219 3712 2270 Ἀλα-

2147 2307 2371 2371 κασεὺς,
2424 2308 2676 2376 καθάπερ
2714 2309 2940 2377 εἴπομεν
2971 2310 3034 2374 ⁸³,
3069 2311 3168 2380 τὴν
3212 2311 3270 2362 ὲν
3323 2308 3440 2379 χρῷ
3471 2311 3711 2378 κουρίαν,

2149 2397 2399 2464 πρόσεισι
2432 2397 2509 2467 τῷ
2534 2396 2870 2468 ψευδωνύμῳ
2903 2399 3075 2466 λέγων
3105 2415 3118 2428 ·
3156 2399 3253 2452 Διὰ
3289 2400 3344 2451 σὲ
3374 2399 3548 2452 πολλὰ
3569 2400 3716 2452 δεινὰ

2148 2487 2411 2551 πέπονθα,
2443 2488 2528 2540 διὰ
2561 2490 2618 2541 σὲ
2677 2489 2941 2559 ὑϐρίσθην
2991 2491 3086 2542 καὶ
3127 2491 3461 2560 σιδηρόδετος
3497 2492 3715 2558 γέγονα,

2147 2579 2234 2632 διὰ
2263 2581 2321 2632 σὲ
2351 2579 2686 2650 καθείρχθην
2733 2581 2824 2634 ἐπὶ
2869 2581 3094 2644 πολλαῖς
3125 2582 3223 2652 ἠδη
3260 2583 3503 2652 ἡμέραις
3535 2583 3716 2647 ἐξὸτου

2147 2673 2254 2725 τῶν
2319 2674 2642 2742 Ῥωμαϊκῶν
2687 2676 2851 2744 ὁρίων
2897 2675 3103 2744 ἐπέϐης
3139 2675 3323 2740 αὐτὸς,
3355 2676 3600 2739 ὕποπτος
3635 2677 3718 2730 διὰ

2147 2761 2246 2832 τὴν
2293 2762 2386 2814 τοῦ
2418 2762 2552 2832 ἐμοῦ
2599 2765 2804 2834 πατρὸς
2837 2765 2971 2834 πρὸς
3009 2765 3067 2816 σὲ
3114 2765 3295 2833 φιλίαν
3325 2765 3484 2830 δόξας
3515 2769 3596 2836 τῷ
3630 2769 3720 2820 αύ-

2151 2855 2467 2924 τοκρὰτορι.
2500 2856 2697 2909 Λαῦὼν
2751 2855 2842 2910 οὖν
2885 2859 3076 2920 αὐτὸς,
3124 2859 3208 2910 σοὶ
3234 2859 3310 2928 τῷ
3341 2859 3457 2930 ἐμῷ
3485 2861 3723 2932 δεσπότῃ

2151 2946 2559 3016 προσπέφευγα,
2596 2949 2832 3018 ἐμαυτόν
2865 2967 2922 3001 τε
2954 2949 3062 3002 τῶν
3094 2951 3308 3019 δεσμῶν
3347 2951 3722 3021 ἐλευθερώσας

2151 3037 2247 3090 καὶ
2300 3041 2381 3090 σοὶ
2436 3040 2502 3092 τὰ
2549 3040 2870 3092 συνοίσοντα
2919 3040 3275 3108 ὑποθέμενος.
3319 3041 3376 3093 Ὀ
3412 3042 3492 3104 δὲ,
3541 3045 3722 3104 καλιῖς

2151 3129 2338 3182 τοῦτον
2359 3130 2781 3200 ὑποδεξάμενος,
2809 3131 3136 3184 ἐπυνθάνετο
3163 3133 3190 3184 ὂ
3213 3149 3261 3184 τι
3287 3133 3368 3185 δεῖ
3390 3137 3544 3186 ποεῖν
3577 3136 3660 3202 ἐφ’

2153 3221 2221 3274 τὰ
2253 3221 2395 3274 κατὰ
2442 3224 2642 3276 σκοπὸν
2693 3226 3001 3295 πληρῶσαι.
3050 3227 3154 3277 Καὶ
3199 3226 3290 3289 ὃς·
3343 3225 3518 3294 Ὀρᾷς
3557 3228 3720 3281 τουτὶ

2149 3313 2213 3365 τὸ
2245 3313 2566 3381 πολίχνιον
2593 3314 2691 3367 καὶ
2745 3315 2862 3382 τὴν
2914 3316 3151 3383 εὐρεῖαν
3199 3317 3428 3384 ταύτην
3469 3317 3722 3370 πεδιάδα

2149 3402 2516 3472 ἀποχρῶσαν
2553 3407 2702 3472 πρὸς
2751 3411 2937 3474 νομὰς
2981 3406 3096 3460 τῶν
3121 3409 3321 3462 ἵππων
3350 3411 3444 3478 ἐφ’
3475 3409 3722 3479 ἡμέραις

2148 3495 2320 3560 ὅσαις
2359 3495 2578 3559 ,βούλει
2633 3497 3043 3551 διαναπαῦσαι
3103 3503 3334 3552 σαυτόν
3399 3517 3464 3553 τε
3509 3502 3604 3553 καὶ
3655 3500 3722 3552 τὸ

2150 3585 2267 3638 σόν
2321 3585 2679 3654 στράτευμα.
2751 3586 2872 3655 Χρὴ
2936 3583 3050 3642 οὖν
3094 3589 3180 3657 μὴ
3231 3592 3550 3659 περαιτέρω
3581 3591 3725 3658 τὲως

2151 3677 2302 3744 ἡμᾶς
2347 3679 2711 3744 προϐαίνειν,
2757 3678 2895 3731 ἀλλ’
2921 3680 3176 3733 ἐνταῦθα
3201 3682 3724 3750 προσκαρτερῆσαι

2145 3767 2380 3834 μικρὸν,
2409 3766 2500 3834 ἐφ’
2525 3760 2572 3833 ᾧ
2597 3767 2693 3820 καὶ
2721 3767 2796 3820 σὲ
2822 3768 3281 3836 ἀνακτήσασθαι
3311 3769 3376 3821 τὸ
3400 3772 3726 3837 πολίχνιον

2149 3858 2325 3911 τοῦτο
2367 3860 2754 3927 κατασχόντα
2789 3859 2890 3914 καὶ
2921 3859 3058 3925 τοὺς
3091 3859 3408 3928 Κομάνους
3443 3861 3728 3924 ἐξελθόν-

2149 3963 2274 4010 τας,
2307 3949 2376 4000 τὰ
2420 3949 2569 4014 πρὸς
2615 3949 2826 4016 χρείαν
2855 3952 3244 4017 κομθσασθαι,
3281 3951 3376 4003 καὶ
3411 3951 3566 4003 οὕτω
3611 3952 3728 4018 τῆς

2151 4039 2300 4105 πρὸς
2335 4039 2450 4106 τὴν
2483 4041 2944 4103 βασιλεύουσαν
3003 4041 3290 4110 ἅψασθαι.
3354 4043 3462 4096 Καὶ
3503 4045 3552 4096 εὶ
3597 4045 3656 4110 ἀι
3675 4061 3732 4096 ε·

2153 4131 2307 4182 στὸν
2347 4131 2516 4183 δοκεῖ
2549 4147 2648 4183 σοι
2681 4131 2792 4184 τὸν
2837 4131 2942 4184 τοῦ
2977 4133 3294 4199 πολιχνίου
3335 4134 3580 4200 φύλακα
3607 4135 3730 4185 πά·

2150 4226 2251 4276 λαι
2298 4224 2445 4275 ὅλοιν
2474 4221 2620 4290 ἐμὸν
2659 4222 2826 4282 ὄντα,
2865 4223 3154 4291 θεάσομαί
3197 4241 3261 4277 τε
3311 4224 3410 4277 καὶ
3463 4225 3728 4292 ἀμαχητὶ

2151 4314 2594 4380 παρασκευάσω
2637 4311 3010 4381 παραδοῦναι
3073 4329 3170 4366 σοι
3219 4315 3417 4368 τοῦτο.
3488 4317 3730 4384 Ἥρεσεν

2151 4404 2404 4465 ὁσκοπδς
2456 4403 2640 4455 οὑτοσὶ
2691 4403 2769 4472 τῷ
2829 4405 3096 4470 Διογένει.
3156 4405 3256 4456 Διὰ
3283 4406 3384 4472 τῆς
3434 4405 3632 4466 νυκτὸς
3669 4405 3730 4456 δὲ

475 4497 586 4547 sine
617 4494 898 4546 certamine
927 4493 1020 4545 tibi
1048 4494 1383 4545 traditurum.
1417 4490 1512 4544 Est
1555 4493 1667 4561 ejus
1695 4503 1868 4546 custos
1916 4493 2041 4545 mihi

2151 4495 2248 4564 τὴν
2291 4493 2580 4564 βασιλικὴν
2633 4495 2912 4564 δεσμήσας
2989 4494 3208 4564 γραφὴν
3262 4496 3290 4546 ὁ
3357 4497 3728 4559 Ἀλακασεὺς,

477 4585 602 4636 olim
639 4593 818 4645 notus,
845 4591 1084 4651 totusque
1127 4582 1384 4636 addictus.
1437 4582 1610 4635 Visam
1661 4585 1920 4634 hominem
1948 4625 1962 4648 ,
1997 4597 2042 4636 et

2143 4589 2354 4656 πέμπει
2399 4588 2488 4639 διὰ
2547 4587 2733 4657 βέλους
2785 4585 2937 4649 έντὸς
2987 4587 3078 4640 τοῦ
3131 4589 3390 4656 κὰστρου.
3443 4590 3544 4639 Ἢν
3587 4588 3732 4639 ὐπα-

479 4676 734 4744 negotium
771 4683 1028 4726 momento
1059 4674 1357 4738 conﬁciam.
1392 4673 1586 4738 Quidni
1632 4675 1757 4726 talia
1792 4678 2041 4742 probare“.

2154 4681 2376 4745 λαγνοὺς
2421 4683 2449 4732 ὁ
2505 4681 2664 4731 τοῦτο
2719 4680 3030 4748 φυλάσσων,
3093 4679 3524 4747 παρεσκευάσθη
3586 4677 3731 4748 πρὸς

479 4765 1024 4833 l’scudo—Diogenes?
1059 4763 1200 4831 Ergo
1231 4765 1391 4818 Alaca
1405 4780 1531 4816 scus
1584 4776 1743 4817 noctu
1768 4765 2046 4832 epistolam

480 4858 686 4925 sagitta:
723 4856 975 4925 illigatum
1011 4857 1062 4908 in
1093 4871 1273 4909 arcem
1305 4854 1561 4923 conjeeit,
1609 4871 1711 4924 qua
1765 4855 2050 4924 praefectus

480 4951 636 5014 lecra,
671 4959 918 5018 paratum
975 4963 1035 5002 se
1085 4947 1313 5016 praebuit
1349 4953 1414 5001 ad
1457 4947 1755 5002 dedendum
1785 4959 2046 5002 castrum.

479 5041 735 5096 Proximo
771 5039 935 5110 279
967 5037 1200 5094 diluculo
1229 5079 1244 5103 ,
1273 5040 1482 5093 accedit
1534 5039 1599 5090 ad
1650 5048 1833 5106 portas
1873 5041 2053 5108 oppidi

478 5133 770 5187 Alacaseus
823 5133 1076 5199 praelecto
1121 5132 1356 5198 praesidii
1412 5129 1794 5184 collocuturus.
1843 5129 2058 5183 Consti-

481 5230 655 5274 tuet-at
684 5229 859 5274 autem
901 5219 1053 5288 prius
1085 5218 1306 5288 Diogeni
1343 5219 1580 5285 signum,
1607 5231 1712 5285 quo
1743 5235 1770 5269 a
1802 5233 1860 5272 se
1889 5219 2053 5283 edito,

482 5312 762 5367 confestim
801 5313 845 5365 is
879 5325 997 5364 cum
1032 5309 1166 5364 lecta
1194 5324 1414 5364 suorum
1463 5323 1624 5361 manu
1653 5308 1860 5362 subiret
1904 5310 2055 5378 oppi-

2146 4770 2204 4820 τὸ
2263 4768 2450 4821 δοῦναι
2519 4771 2580 4822 τὸ
2645 4773 2938 4840 εἰρημένον
3006 4767 3300 4838 πολίχνιον.
3383 4769 3598 4838 Πρωῖας
3669 4768 3730 4820 δὲ

2147 4865 2174 4914 ὁ
2214 4862 2313 4930 μὲν
2387 4860 2739 4928 ’Δλακασεὺς,
2789 4861 3004 4930 πρῶτος
3059 4861 3176 4921 ταῖς
3225 4859 3426 4922 πύλαις
3481 4877 3724 4929 προσπε-

2150 4953 2340 5014 λάσας,
2401 4953 2610 5022 ὁμιλεῖν
2663 4954 2988 5023 ὑπεκρίνετο
3039 4952 3114 5021 τῷ
3169 4953 3392 5019 φύλακι,
3463 4953 3732 5020 πρότερον

2153 5047 2380 5112 σημεῖον
2430 5044 2553 5106 δοὺς
2609 5044 2686 5113 τῷ
2725 5045 2964 5111 Διογένει
3005 5043 3095 5107 ἵν’,
3127 5045 3364 5113 ὁπηνίκα
3401 5043 3560 5094 τοῦτο
3591 5040 3732 5092 θεα-

2155 5149 2336 5198 σοιτο,
2392 5135 2521 5187 εὐθὺ
2557 5135 2652 5187 τοῦ
2689 5136 2925 5202 κάστρου
2966 5136 3301 5205 χωρήσειενο
3335 5135 3419 5202 ἐφ’
3457 5127 3638 5186 ἱκανὸν
3671 5129 3732 5182 δὲ

2157 5226 2630 5294 προσποιουμένου
2694 5229 2794 5294 τὴν
2833 5227 2970 5295 μετὰ
3015 5226 3110 5278 τοῦ
3173 5227 3416 5293 φύλακος
3483 5223 3728 5294 ὁμιλίαν,

2156 5317 2251 5366 καὶ
2288 5316 2426 5384 ὅπερ
2467 5317 2679 5383 φθάσας
2709 5317 2933 5370 δεδώκει
2963 5317 3040 5386 τῷ
3061 5317 3404 5388 ψευδωνύμῳ
3454 5317 3575 5383 ποιή
3591 5331 3732 5366 σαν-

1521 5418 1722 5480 Yarite
1779 5419 2081 5482 lectiones
2118 5441 2194 5485 ex
2228 5429 2365 5488 cod.
2402 5427 2670 5490 Coislin.

551 5521 594 5552 ⁸⁸
617 5521 776 5578 Deest
808 5525 998 5579 vocula
1023 5539 1100 5573 τε.
1177 5523 1220 5554 ⁵⁷
1263 5525 1422 5576 Deest
1457 5537 1554 5576 vox
1591 5521 1782 5574 παλαι.

1858 5521 1903 5552 ⁸⁸
1935 5522 2312 5596 διηγήσωμαι.

2390 5527 2437 5558 ⁸³
2467 5529 2673 5583 Desunt
2698 5544 2860 5584 voces
2901 5528 3158 5599 καθάπερ
3185 5529 3439 5600 εἴπομεν.

1539 5670 1676 5728 Car.
1724 5663 2052 5727 Dufresnii
2083 5667 2176 5726 Du
2219 5663 2438 5742 Caiigii
2475 5673 2666 5726 notte.

553 5787 662 5855 (99)
687 5789 966 5856 Ποὺτζης.
991 5791 1236 5848 Castrum
1265 5793 1318 5847 iu
1342 5791 1820 5861 Adrianopolitano
1848 5799 2040 5853 tractu,
2078 5788 2218 5856 quod
2253 5788 2480 5845 Pettlaee
2506 5801 2664 5848 vocat
2699 5790 3128 5860 Villbarduinus,
3161 5805 3216 5848 η.
3258 5792 3378 5848 186.
