4024 6270
311 380 418 445 71Ἱ

1581 373 1997 436 ALEXIADIS
2034 377 2181 437 LIB.
2222 376 2292 434 X.

3442 379 3547 440 718

319 515 412 560 τος
450 498 697 567 σημεῖον,
733 494 912 558 καθὼς
948 495 975 548 ό
1019 493 1277 564 Διογένης
1309 492 1451 547 τοῦτ’
1476 494 1758 558 ἐθεάσατο,
1791 511 1869 546 τι·

1977 493 2123 546 dum.
2148 492 2418 548 Producto
2443 507 2570 564 ergo
2591 495 2898 563 aliquandiu
2923 498 3264 552 deindustria
3297 513 3551 552 sermone

310 589 408 651 νὰς
458 585 864 656 ἀναλαϐόμενος
923 585 1262 654 στρατιώτας
1312 586 1372 638 οὗ
1435 586 1574 640 πάνυ
1631 586 1881 648 πολλοὺς,

311 681 628 750 θαρσαλέως
682 679 898 732 εἴσεισι.
953 679 1270 748 Περιχαρῶς
1309 678 1366 730 δὲ
1407 678 1514 731 τῶν
1568 677 1716 740 ἐντὸς
1749 679 1883 729 ὑπο-

311 771 627 839 δεξαμένων
661 771 844 833 αὺτὸν,
901 771 997 822 καὶ
1046 768 1136 822 τοῦ
1190 768 1554 838 φρουροῦντος
1598 769 1696 838 τὴν
1743 767 1882 820 Πού-

309 863 443 925 τζαν
477 862 572 914 ἐπὶ
597 863 658 914 τὺ
686 862 965 931 βαλανεῖον
1005 861 1168 913 αὑτὸν
1202 861 1670 928 προκαλουμένου,
1712 877 1884 912 συνω-

310 954 574 1022 θούμενός
626 971 688 1005 τε
735 955 828 1005 ἐπὶ
880 951 1037 1005 τοῦτο
1068 953 1161 1005 καὶ
1195 951 1346 1022 παρὰ
1374 952 1466 1006 τοῦ
1513 952 1879 1013 ’Λλακασέως,

311 1047 561 1098 πείθεται
622 1043 832 1104 τούτοις
899 1042 1080 1106 εὐθύς.
1137 1040 1269 1096 Εἶτα
1327 1043 1526 1113 δαψιλῆ
1595 1044 1877 1113 τράπεζαν

309 1135 458 1206 αὐτῷ
495 1154 556 1188 τε
608 1139 846 1198 καὶτοῖς
901 1134 1018 1204 μετ’
1066 1135 1231 1187 αὐτοῦ
1266 1136 1539 1204 Κομάνοις
1583 1136 1877 1205 παρέθετο.

309 1229 371 1283 Οἱ
407 1230 489 1291 δὲ,
533 1228 732 1288 πάντες
761 1227 896 1296 ὁμοῦ
942 1227 1146 1288 ἱκανῶς
1197 1227 1563 1297 εὐωχηθέντες
1610 1228 1879 1296 πλησθέν-

305 1337 394 1381 τες
427 1336 487 1370 τε
508 1320 674 1382 οἴνου,
700 1317 757 1370 ὃν
785 1318 843 1382 ἐξ
865 1318 1334 1387 ἐμπεπλησμένων
1363 1318 1545 1370 ἀσκῶν
1568 1318 1882 1388 ἀπερρόφη-

308 1427 429 1473 σαν,
464 1411 677 1462 ἔκειντο
732 1410 1036 1478 ρέγχοντες.
1081 1408 1464 1478 Περιελθόντες
1494 1409 1549 1460 δὲ
1576 1408 1736 1470 εὐθὺς
1781 1409 1878 1460 αύ-

309 1503 400 1564 τός
427 1519 488 1554 τε
515 1504 544 1554 ό
577 1500 908 1562 Ἀλακασεὺς
935 1501 1032 1552 καὶ
1055 1503 1080 1552 ὁ
1108 1501 1284 1568 φύλαξ
1317 1502 1454 1569 μετά
1482 1516 1643 1553 τινων
1673 1501 1878 1568 ἐτέρων

307 1595 429 1657 τούς
461 1610 519 1645 τε
548 1594 750 1653 ἵππους
787 1593 1111 1658 ἀφελόμενοι
1141 1595 1236 1643 καὶ
1271 1593 1338 1644 τά
1366 1593 1530 1652 ὅπλα.
1565 1592 1730 1644 αὐτὸν
1772 1591 1874 1660 μὲν

309 1687 471 1740 αὑτοῦ
507 1703 606 1738 που
632 1687 676 1717 ⁶⁰
703 1687 1180 1754 καταλιμπάνουσι
1212 1687 1498 1756 ρέγχοντα,
1525 1688 1652 1748 τοὺς
1701 1686 1746 1738 δ’
1784 1684 1878 1738 ὑπ’

308 1780 474 1833 αὐτὸν
505 1779 926 1850 άναιρήσαντες,
955 1780 1014 1831 ἐν
1045 1778 1267 1848 διώρυξε
1291 1795 1435 1831 τισιν
1459 1777 1661 1841 εὐθέως
1697 1779 1872 1848 ἀπέρ-

310 1871 494 1942 ριψαν,
527 1868 720 1940 ὥσπερ
775 1870 855 1934 εἷς
905 1885 1060 1932 τινας
1104 1871 1309 1938 τάφους
1340 1871 1656 1938 αὐτοφυεῖς.
1724 1870 1781 1921 Ὀ
1817 1870 1872 1920 δέ

313 1961 676 2024 Κατακαλὼν,
729 1963 1112 2029 παρεπόμενος
1146 1960 1223 2029 τῷ
1261 1959 1556 2030 Κομανικῷ
1614 1958 1871 2030 στρατεύ-

307 2067 438 2118 ματι
468 2051 612 2102 κατά
641 2052 739 2112 τὰς
778 2050 874 2103 τοῦ
926 2049 1195 2117 βασιλέως
1245 2050 1689 2119 ὑποθημοσύνας,
1750 2050 1872 2103 ἐπεὶ

304 2142 513 2192 ἐκεῖνον
551 2141 651 2210 μὲν
718 2142 867 2202 ἐντὸς
921 2140 1232 2192 εἰσελθόντα
1286 2140 1380 2192 τοῦ
1421 2140 1658 2208 κάστρου
1717 2139 1866 2192 ἐθεά-

304 2251 455 2297 σατο,
490 2234 622 2295 τοὺς
649 2232 704 2285 δέ
748 2249 810 2300 γε
861 2233 1152 2303 Κομὰνους
1205 2235 1286 2294 είς
1344 2233 1625 2303 προνομὴν
1651 2233 1871 2284 διασκε-

302 2325 624 2388 δασθέντας,
679 2323 932 2376 ἀπελθὼν
982 2325 1074 2375 τὸν
1124 2323 1346 2393 χάρακα
1402 2323 1639 2388 ἐπήξατο
1699 2322 1870 2390 ἀγχοῦ

302 2432 405 2468 που
440 2417 540 2484 τῆς
585 2415 792 2477 πόλεως
841 2416 908 2484 ἣν
962 2415 1268 2481 φθάσαντες
1319 2414 1670 2482 όνομάσαμεν
1696 2413 1760 2466 ⁶¹.
1813 2415 1870 2464 ’0

299 2507 355 2561 δὲ
394 2508 754 2571 Ἀλακασεὺς,
811 2508 920 2558 τῶν
959 2507 1229 2575 Κομάνων
1272 2505 1587 2574 ἁπανταχοῦ
1645 2506 1873 2557 διασπα-

301 2607 531 2674 ρέντων,
566 2603 665 2654 οὐκ
698 2602 972 2672 ἐθάρρησε
1001 2602 1244 2670 δηλῶσαι
1278 2601 1407 2669 περὶ
1432 2599 1621 2651 τούτου
1661 2599 1738 2668 τῷ
1770 2599 1865 2652 αὐ-

297 2698 590 2765 τοκράτορι
616 2712 628 2724 ·
656 2694 793 2748 ἀλλά
842 2693 1250 2762 ἀναλαϐόμενος
1281 2693 1472 2745 τοῦτον
1505 2692 1603 2760 τὴν
1631 2692 1867 2744 κατευθὺ

298 2787 638 2857 Τζουρουλοῦ
687 2787 917 2855 ἦλαυνεν
965 2787 1040 2848 ὡς
1095 2785 1232 2854 πρὸς
1268 2785 1422 2853 τὴνυ
1481 2785 1869 2855 βασιλεύουσαν

297 2878 689 2946 ἀπερχόμενος.
751 2874 1123 2944 Μεμαθηκυῖα
1146 2874 1200 2926 δὲ
1247 2876 1404 2926 τούτο
1429 2874 1461 2942 ἠ
1483 2873 1575 2924 τοῦ
1607 2871 1868 2942 βασιλέως

303 2968 484 3036 μήτηρ
518 2966 648 3036 περὶ
689 2965 757 3018 τὰ
793 2963 1043 3034 βασίλεια
1103 2962 1511 3033 ἐνδιατρίϐουσα
1570 2961 1731 3023 εὐθὺς
1775 2965 1866 3014 τὸν

300 3055 660 3126 δρουγγάριον
711 3054 805 3106 τοῦ
854 3054 1040 3107 στόλου
1097 3053 1460 3122 Κυμινειανδν
1485 3053 1530 3084 ⁸³
1581 3052 1674 3105 τὸν
1713 3054 1868 3106 ἐκτοο

1986 601 2108 639 cum
2132 584 2402 652 praal‘cctu,
2426 585 2652 655 datoque
2679 589 2890 640 tandem
2927 589 3079 657 signo
3102 591 3240 642 haud
3268 601 3550 644 cunctatus

1985 676 2241 729 θυσίαι-ιρι*
2267 675 2563 744 ingreditur
2612 692 2733 730 cum
2777 680 2961 746 paucis
3024 681 3300 750 Diogenes,
3358 683 3551 735 blande

1988 767 2159 832 ipsum
2191 784 2253 822 ac
2285 770 2538 822 benevole
2596 770 2982 839 accipientibus
3027 774 3115 839 qui
3171 774 3314 826 intus
3369 785 3546 829 erant.

1985 857 2104 912 Mox
2134 861 2463 928 gubernator
2507 863 2689 918 Putza:
2715 865 2944 918 comiter
2974 865 3236 932 hospitem
3288 866 3548 922 invitabat

1984 955 2048 1004 ad
2077 953 2352 1017 balneum,
2376 954 2664 1023 adjuvante
2691 957 2949 1008 Alacaseo
2968 963 3021 1008 et
3043 955 3235 1008 fabulae
3255 957 3544 1012 serviente.

1985 1042 2370 1098 Persuadetur.
2397 1047 2754 1113 Apponuntnr
2782 1046 3007 1113 copiosa:
3027 1045 3171 1099 lauto
3197 1046 3385 1114 epulae,
3411 1062 3547 1102 una-

1983 1151 2088 1201 que
2120 1134 2382 1191 famelicis
2410 1137 2685 1202 Cumanis,
2714 1139 2803 1207 qui
2859 1147 2965 1191 tam
3025 1147 3299 1192 strenuam
3347 1153 3548 1194 exone-

1983 1227 2166 1279 raudis
2197 1227 2457 1288 lancibus,
2488 1238 2540 1280 et
2571 1243 2741 1291 inero,
2768 1228 2910 1296 quod
2945 1229 3070 1282 totis
3101 1227 3312 1281 utribus
3359 1229 3550 1283 sorbe-

1981 1318 2132 1379 bant,
2194 1319 2566 1372 exhauriendo
2615 1328 2911 1386 posuerunt
2960 1334 3214 1388 operam,
3275 1327 3336 1373 ut
3398 1319 3545 1374 brevi

1980 1422 2170 1461 omnes
2204 1408 2462 1462 ebrietate
2489 1410 2644 1463 strati
2680 1409 2896 1462 r'0nchis
2926 1408 3032 1461 late
3062 1409 3378 1463 sonantibus
3407 1418 3547 1463 ster-

1985 1507 2176 1550 terent.
2214 1497 2351 1552 Tum
2380 1507 2537 1566 capto
2574 1510 2813 1567 tempore
2851 1497 3138 1565 praefectus
3167 1507 3224 1552 et
3253 1498 3548 1553 Alacasens

1981 1605 2101 1643 eum
2134 1591 2320 1656 paucis
2347 1590 2468 1643 aliis
2498 1591 2930 1646 circumveniunt
2953 1591 3075 1644 vino
3103 1599 3311 1660 captos,
3343 1600 3396 1645 et
3425 1608 3544 1644 cum

1983 1680 2212 1746 primum
2265 1697 2414 1733 arma
2472 1681 2714 1736 omnium
2763 1691 2821 1734 et
2879 1695 3051 1749 quIos
3116 1681 3493 1736 subduxissent
3532 1723 3544 1740 .

1983 1781 2206 1824 caeteros
2235 1772 2453 1840 quidem
2482 1773 2836 1836 interﬁciunt,
2875 1783 2928 1826 et
2961 1774 3228 1827 cadavera
3261 1788 3446 1827 eorum
3494 1775 3544 1825 in

1978 1864 2261 1930 voragines
2304 1865 2562 1930 quasdam
2604 1864 2747 1918 velut
2773 1864 2826 1918 in
2859 1875 3046 1935 sponte
3076 1876 3260 1933 parata
3299 1865 3544 1934 sepulcra

1978 1954 2294 2021 conjiciunt,
2335 1956 2506 2023 ipsum
2541 1958 2755 2010 interim
2790 1958 3106 2026 Diogenem,
3148 1967 3206 2012 nt
3229 1968 3366 2022 erat,
3409 1969 3547 2012 ster-

1977 2057 2180 2100 tentem
2219 2048 2287 2101 i'ni
2316 2049 2406 2101 ubi
2452 2065 2574 2102 eum
2619 2048 2838 2118 crapula
2877 2059 3222 2119 oppresserat
3258 2050 3543 2119 reliquere.

1974 2139 2188 2192 Interim
2219 2138 2490 2202 Catacalo,
2511 2148 2665 2207 prout
2689 2140 2873 2209 jussus
2893 2141 2961 2197 ab
2980 2141 3300 2210 imperatore
3340 2141 3542 2203 fuerat,

1974 2231 2199 2301 vestigia
2232 2231 2590 2286 Cumanorum
2618 2233 2822 2301 legens,
2850 2234 3010 2288 simul
3052 2234 3200 2287 illum
3243 2249 3368 2288 arce
3407 2247 3543 2288 con-

1975 2321 2180 2375 clusum
2213 2323 2362 2385 vidit,
2396 2322 2774 2392 Cumanosque
2822 2338 2956 2394 vaga
2998 2325 3274 2393 prtedandi
3326 2325 3540 2380 licentia

1975 2416 2173 2482 passim
2212 2429 2276 2469 ac
2297 2430 2488 2470 secure
2518 2417 2720 2471 circum
2770 2422 3020 2486 sparsos',
3051 2427 3226 2472 castra
3259 2433 3423 2488 prope
3455 2434 3545 2472 ur-

1974 2504 2091 2557 bem
2156 2507 2335 2571 posuit
2397 2521 2559 2575 quam
2617 2507 2775 2560 modo
2843 2509 3242 2563 nominavimus
3297 2509 3538 2565 Pulzam.

1975 2591 2173 2648 Verum
2199 2595 2491 2652 Alacaseus
2521 2598 2628 2652 late
2662 2599 2924 2653 insessam
2956 2598 3318 2654 Cumanorum
3351 2603 3544 2656 turmis

1970 2702 2184 2741 omnem
2217 2689 2360 2742 circa
2399 2690 2669 2757 regionem
2705 2701 2958 2760 reputans
2993 2693 3224 2748 mittere
3254 2694 3403 2751 illinc
3456 2697 3542 2751 in-

1971 2780 2144 2834 dicem
2175 2779 2426 2848 perfecta:
2457 2783 2529 2836 rei
2564 2783 2628 2836 ad
2664 2783 3046 2851 imperatorem
3076 2803 3180 2839 non
3222 2797 3306 2842 est
3335 2804 3499 2845 ausus
3523 2829 3540 2852 .

1971 2871 2063 2924 Sed
2095 2873 2308 2941 captivo
2353 2887 2452 2926 suo
2498 2888 2680 2927 secum
2735 2887 3012 2945 assumpto
3059 2889 3202 2931 recta
3247 2879 3540 2933 Tzurqu-n

1971 2962 2170 3030 petiit,
2228 2962 2752 3032 Constantinopolim
2809 2965 3088 3019 festinans.
3161 2969 3543 3022 [)iversabatur

1971 3052 2078 3106 illic
2107 3052 2159 3106 in
2186 3053 2385 3120 palatio
2423 3063 2599 3108 mater
2631 3055 2992 3124 imperatoris,
3029 3070 3148 3122 qme
3198 3056 3342 3111 fama
3396 3061 3538 3127 capti

303 3148 431 3216 μίαν
463 3145 766 3199 Εὑστάθιον
823 3145 913 3197 διὰ
959 3143 1159 3212 τάχους
1220 3144 1538 3196 ἀπέστειλεν
1571 3145 1657 3211 ἐφ’
1688 3138 1732 3211 ᾧ
1769 3145 1860 3196 τὸν

1973 3144 2464 3214 Pseudo—Diogenis
2518 3156 2785 3214 accepta,
2856 3148 3127 3213 extemplo
3191 3149 3538 3216 drungarium

295 3238 537 3290 τοιοῦτον
566 3237 906 3307 παραλαϐεῖν
937 3236 1033 3288 καὶ
1063 3237 1381 3304 εἰσαγαγεῖν
1420 3237 1500 3298 εἱς
1527 3235 1626 3304 τὴν
1683 3252 1860 3305 μεγα-

299 3327 539 3383 λόπολιν.
589 3329 650 3380 ’0
692 3327 751 3380 δὲ
779 3328 917 3398 ἔχων
949 3327 1068 3396 μεθ’
1099 3327 1292 3381 ἑαυτοῦ
1326 3325 1570 3395 Τοῦρκόν
1603 3343 1725 3379 τινα
1751 3318 1869 3379 Καέ

300 3422 480 3491 μύρην
506 3421 552 3452 ⁵⁸
604 3419 1006 3488 ὀνομαζόμενον
1051 3419 1117 3481 ⁸⁵,
1165 3419 1249 3478 είς
1303 3416 1402 3484 τὴν
1455 3414 1646 3470 τούτου
1695 3415 1855 3469 ἐγτύ-

297 3511 498 3580 φλωσιν
528 3510 606 3580 τῷ
636 3509 865 3579 τοιούτῳ
901 3511 1197 3579 ἐχρήσατο.

374 3782 435 3837 '0
461 3783 518 3839 δὲ
550 3783 908 3852 αὐτοκράτωρ
941 3783 1021 3835 ἔτι
1050 3785 1131 3845 εἰς
1169 3782 1456 3852 Ἀγχίαλον
1486 3787 1862 3854 ἐγκαρτερῶν,

299 3871 634 3944 μεμαθηκὼς
665 3871 758 3926 τὸν
791 3872 883 3925 ἐπὶ
911 3875 977 3942 τῇ
1010 3875 1260 3944 προνομῇ
1292 3872 1400 3925 τῶν
1431 3875 1866 3944 παρακειμένων

295 3966 490 4035 χωρῶν
536 3963 846 4032 σκεδασμὸν
893 3965 1002 4037 τῶν
1043 3965 1340 4033 Κομάνων,
1393 3965 1614 4033 ἀπάρας
1657 3966 1867 4017 ἐκεῖθεν

297 4056 704 4125 καταλαμϐάνει
743 4057 840 4125 τὴν
873 4055 1074 4124 μικρὰν
1113 4055 1371 4110 Νίκαιαν.
1416 4053 1501 4116 Ὠς
1531 4055 1586 4107 δέ
1620 4057 1867 4125 μεμαθή-

297 4164 379 4200 mi
415 4148 498 4200 ὃτι
533 4149 561 4198 ὁ
593 4147 821 4216 Κιτζῆς,
873 4146 1097 4216 ἡγεμὼν
1141 4147 1199 4199 δὲ
1252 4139 1406 4210 οὗτος
1434 4143 1514 4208 εἷς
1553 4147 1647 4199 τοῦ
1683 4149 1867 4214 Κομα-

295 4239 446 4292 νικοῦ
495 4239 924 4308 στρατεύματος,
982 4239 1386 4309 ἀναλαϐόμενος
1433 4241 1719 4307 Κομάνους
1767 4258 1866 4292 πο-

301 4332 598 4400 σουμένους
625 4331 704 4393 εἱς
735 4330 943 4384 δώδεκα
967 4331 1013 4365 ⁸⁸
1051 4331 1315 4400 χιλιάδας,
1350 4334 1442 4385 καὶ
1472 4333 1552 4395 είς
1585 4334 1866 4401 προνομὴν

297 4421 520 4481 τούτους
545 4419 867 4484 διασπείρας
893 4419 1042 4472 λείαν
1069 4436 1129 4472 τε
1162 4420 1364 4490 πολλὴν
1396 4419 1737 4487 συναγαγὼν,
1773 4420 1865 4472 τὸν

1968 3237 2156 3291 classis
2195 3237 2584 3306 Cymineanum
2623 3237 2923 3306 Spadouem
2953 3237 3288 3291 Eustatliium
3327 3256 3536 3292 summa

1965 3329 2243 3382 celeritate
2273 3329 2462 3391 misit,
2527 3327 2619 3396 qui
2676 3328 2953 3382 auctore‘m
2988 3330 3261 3384 tnrharmn
3312 3333 3378 3385 ab
3423 3332 3540 3402 ejus

1966 3419 2520 3487 comprehensoribus
2555 3419 2846 3487 acciperet.
2874 3420 2926 3472 in
2959 3420 3254 3491 urbemque
3317 3422 3540 3477 induce-

1968 3521 2077 3566 ret.
2109 3509 2206 3564 llic
2231 3525 2394 3581 porro
2409 3510 2689 3564 eunuchus
2711 3509 2945 3564 Turcum
2967 3514 3250 3579 quemdam
3271 3513 3534 3585 Camyreu

1966 3607 2168 3658 dictum
2207 3619 2389 3658 secum
2422 3603 2646 3668 habens,
2672 3603 2789 3672 ejus
2819 3619 2985 3672 Opera
3017 3605 3082 3656 ad
3120 3608 3532 3662 "sc:ecationc:n

1967 3696 2460 3765 Pseudo-Diogenis
2482 3705 2563 3749 est
2591 3711 2745 3750 usus.

2038 3788 2106 3839 At
2149 3788 2439 3854 imperator
2491 3786 2738 3839 Anchiali
2805 3787 2981 3838 adhuc
3049 3787 3300 3851 hiem-ns,
3351 3789 3532 3843 audita

1968 3877 2300 3942 dispersione
2324 3873 2684 3927 Comanorum
2719 3875 2784 3927 ad
2821 3875 3065 3942 regiones
3105 3876 3490 3945 deprzedandas
3516 3922 3528 3938 .

1969 3979 2243 4035 promovet
2266 3965 2388 4017 inde
2423 3977 2600 4018 castra
2632 3967 2697 4018 ad
2734 3982 2954 4029 parvam
2987 3966 3244 4021 Nicaeam.
3288 3968 3360 4022 Ibi
3409 3985 3531 4023 cuin

1967 4055 2315 4121 comperisset
2352 4053 2539 4106 Citzeu
2571 4055 2713 4121 (dux
2748 4055 2792 4108 is
2821 4065 2937 4109 erat
2985 4072 3124 4110 unus
3173 4073 3203 4112 e
3240 4057 3534 4113 Contanico

1966 4145 2236 4211 exercitu)
2268 4145 2553 4199 ducentem
2590 4159 2772 4199 secum
2806 4146 3090 4201 duodecim
3128 4149 3293 4203 millia
3330 4149 3530 4205 Barba-

1966 4250 2195 4298 rorum,
2244 4249 2380 4302 quos
2439 4245 2723 4304 postquam
2779 4237 2843 4287 ad
2905 4239 3247 4302 pra'daudum
3304 4241 3532 4307 dispersi

1964 4325 2215 4388 fuerant,
2255 4339 2441 4378 rursus
2489 4325 2710 4393 junctos
2740 4340 2844 4377 una
2897 4326 2948 4378 in
2989 4339 3165 4380 castra
3199 4330 3532 4398 collegerat,

1966 4432 2088 4472 cum
2121 4417 2188 4472 iis
2218 4416 2420 4483 ingenti
2451 4419 2628 4485 praeda
2653 4418 2868 4472 onustis
2899 4420 3207 4474 consedisse
3237 4422 3301 4474 ad
3329 4423 3530 4477 Collem

296 4513 498 4582 αὐχένα
528 4511 622 4564 τοῦ
651 4509 1028 4580 Ταυροκώμου
1057 4511 1101 4545 ⁸⁷
1137 4511 1460 4582 κατείληφε,
1494 4513 1591 4574 τὰς
1622 4512 1713 4563 ὑπ’
1761 4514 1860 4564 αύ-

1973 4510 2290 4565 Taurocomi
2313 4551 2325 4573 ,
2373 4511 2484 4564 suis
2527 4517 2581 4562 et
2623 4509 2737 4577 ipse
2768 4510 2940 4578 c0piis
2969 4526 3153 4565 secum
3185 4516 3411 4583 sumptis
3435 4517 3534 4569 de-

292 4604 384 4655 τὸν
415 4602 822 4671 ἀναλασόμενος
847 4602 1111 4671 δυνάμεις
1139 4602 1420 4655 κατελθὼν
1453 4605 1606 4674 παρά
1636 4604 1713 4674 τῷ
1747 4605 1861 4672 χεί-

296 4695 379 4747 λει
404 4693 451 4727 ⁸⁸
483 4697 729 4763 εἱστήκει
760 4691 855 4743 τοῦ
904 4691 1153 4761 ποταμοῦ
1186 4691 1279 4744 τοῦ
1312 4691 1451 4744 κατὰ
1494 4693 1593 4762 τὴν
1642 4694 1864 4746 πεδιάδα

293 4788 392 4854 τὴν
420 4787 669 4840 κάτωθεν
695 4784 790 4839 τοῦ
812 4786 1057 4838 τοιούτου
1084 4786 1312 4855 αὐχένος
1341 4784 1687 4854 διακειμένου
1717 4789 1863 4852 ῥέον·

293 4893 404 4940 τος.
443 4877 624 4940 Τόπος
657 4877 716 4930 δὲ
744 4870 898 4952 οὗτος
930 4875 1145 4945 πλήρης
1176 4874 1531 4944 χαμαιδρύων
1565 4877 1657 4928 καὶ
1681 4878 1726 4909 ⁸⁸
1761 4878 1860 4946 ἀρ-

294 4968 504 5036 τιφυῶν
543 4967 802 5037 δένδρων.
847 4966 1055 5018 Ἐκεῖσε
1100 4965 1233 5033 γοῦν
1258 4965 1356 5029 τὰς
1403 4965 1664 5035 δυνάμεις
1689 4984 1860 5020 κατα-

296 5059 658 5128 στησάμενος,
712 5056 1027 5125 ἀπόμοιραν
1072 5054 1335 5124 Τούρκων
1412 5057 1605 5126 ἱκανὴν
1660 5058 1858 5110 ἀποτε-

298 5151 525 5220 μόμενος
575 5149 679 5217 τῆς
732 5146 988 5210 τοξίαςτο
1041 5147 1328 5215 ἐκκρίτους
1376 5145 1664 5216 είδήμονας
1721 5149 1861 5202 κατά

292 5242 390 5294 τῶν
421 5241 700 5313 Κομάνων
735 5240 1038 5310 ἐπαφίησιν
1067 5238 1209 5292 ὥστε
1244 5245 1336 5291 τὸν
1369 5241 1486 5309 μετ’
1522 5241 1703 5293 αὐτῶν
1732 5257 1858 5292 συνο

294 5334 596 5402 τωμένους
650 5331 894 5398 πόλεμον
950 5332 1046 5384 καὶ
1107 5330 1378 5393 ἱππασίας
1429 5332 1580 5395 τινάς
1626 5348 1860 5401 ποιησα-

295 5444 475 5488 μᾲνΟυς
526 5422 952 5478 ἐπισπάσασθαι
981 5422 1204 5484 τούτους
1243 5423 1378 5492 πρὸς
1413 5422 1472 5474 τὸ
1523 5423 1752 5494 πρανὲς.
1793 5423 1858 5474 Οἱ

288 5514 333 5563 ιι
366 5518 620 5590 Κόμανοι
655 5513 1061 5585 προσϐαλόντες
1106 5513 1318 5574 τούτοις
1351 5512 1580 5568 ἐδίωκον
1607 5517 1649 5550 τί
1685 5516 1858 5584 ἀκρα-

1965 4603 2234 4658 sceudens
2266 4601 2417 4655 stetit
2458 4603 2524 4654 ad
2567 4600 2714 4668 ripas
2760 4602 2936 4655 amnis
2987 4619 3081 4670 per
3129 4605 3403 4672 planitiem
3443 4607 3530 4661 isti

1967 4695 2091 4747 colli
2139 4695 2411 4748 subditam
2449 4691 2685 4746 nitentis.
2719 4691 2892 4748 Locus
2917 4703 3034 4748 erat
3065 4695 3250 4762 plenus
3293 4700 3535 4764 trissagi-

1971 4785 2128 4838 nibus
2171 4794 2226 4840 et
2260 4787 2458 4838 teneris
2517 4785 2694 4840 adhuc
2753 4787 3016 4854 stirpibus
3071 4788 3399 4855 plantarum.
3453 4791 3530 4846 lbi

1962 4877 2242 4931 Subsidcre
2277 4894 2401 4931 suos
2423 4878 2604 4946 jussit,
2638 4877 2803 4947 280
2828 4877 3237 4947 Turcorumque
3289 4882 3524 4934 auxilia-

1965 4969 2100 5022 rium
2156 4971 2226 5022 ob
2277 4969 2547 5036 jacnlaudi
2606 4963 2859 5036 peritiam
2910 4969 3176 5022 delectum
3229 4985 3418 5039 agmen
3479 4972 3531 5024 in

1963 5060 2233 5112 (Iomauos
2283 5058 2530 5118 immisit,
2583 5073 2706 5110 cum
2759 5059 3030 5112 mandatis
3074 5067 3131 5110 ut
3179 5074 3273 5112 eos
3321 5059 3531 5113 eminus

1971 5153 2322 5210 lacesserent,
2355 5147 2886 5215 equitationibusque
2910 5159 3032 5214 apte
3069 5150 3378 5214 temperatis
3408 5164 3532 5203 sen-

1965 5243 2067 5295 sim
2097 5241 2292 5292 elicere
2322 5248 2648 5290 conarentur
2680 5238 2730 5288 iu
2750 5238 3116 5292 declivitatem
3137 5255 3256 5307 qua:
3279 5240 3533 5307 vergebat

1968 5333 2019 5386 in
2044 5343 2282 5396 campos.
2315 5326 2424 5381 Hos
2454 5326 2678 5380 Cumani
2707 5337 3028 5396 conspectos
3059 5327 3230 5383 effuse
3262 5333 3529 5398 persecuti

1967 5432 2090 5477 sunt
2120 5434 2290 5487 usque
2321 5419 2385 5470 ad
2419 5419 2590 5486 ipsam
2617 5415 2914 5473 Romanam
2937 5417 3286 5486 phalangem:
3317 5420 3536 5488 illicqne

1969 5518 2119 5569 freno
2154 5511 2385 5564 adducto
2411 5508 2678 5561 modicum
2716 5508 2968 5581 insistere
2999 5508 3205 5565 coactis
3241 5511 3396 5581 equis
3449 5511 3537 5567 in-

1335 5631 1533 5702 Varim
1566 5633 1870 5698 lectiones
1911 5653 1991 5699 ex
2022 5630 2162 5695 cod.
2200 5621 2466 5687 Coislin.

1059 5732 1102 5764 “
1121 5731 1386 5802 ὠνομάσα
1395 5741 1512 5801 μεν.

1118 5803 1163 5836 ⁸⁸
1189 5804 1250 5858 τὸ
1275 5802 1470 5860 γεῖλος.

338 5740 378 5767 "'°
422 5741 597 5796 Deest
622 5731 824 5788 aocnla
855 5750 980 5784 που.

302 5825 304 5829 ’
339 5813 496 5869 δέκα.
583 5807 630 5841 ⁸⁷
655 5804 1042 5858 Ταυοοκόαου.
1118 5804 1163 5836 ⁸⁸
1189 5804 1250 5858 τὸ
1275 5804 1470 5860 γεῖλος.
1547 5807 1590 5841 ⁸³
1624 5807 1718 5862 καὶ
1746 5809 1874 5864 τῶν.

1591 5738 1637 5770 ⁸³
1667 5739 1999 5804 τηνικαῦτα.

2077 5734 2122 5765 ⁸³
2152 5725 2518 5800 Κυμινιᾳγόῖο.
2624 5721 2672 5753 ⁸⁸
2700 5725 2999 5797 Καμύρηνο

3107 5726 3151 5757 ⁸⁸
3182 5725 3538 5802 καλούμενον.

2370 5797 2412 5827 ⁷⁸
2433 5795 2687 5848 -ὲδῗωκο-ι.

1972 5809 2018 5842 τε)
2045 5803 2273 5866 τοξείας.
