4024 6270
455 369 562 431 710

1758 359 1987 420 ΑΝΝᾹΞ
2018 358 2400 418 (ΞΟΜΝΕΝΑΞ

3583 359 3683 418 720

454 484 739 536 struebant
773 480 1013 543 ordines,
1040 477 1103 530 ad
1144 489 1262 529 mox
1313 475 1671 530 invadendum
1731 489 1855 529 cum
1906 486 2008 527 actt

2127 471 2234 535 τῶς
2268 473 2428 541 μέχρι
2470 471 2566 541 τῆς
2611 469 2926 540 Ῥωμαῖκῆς
2963 469 3262 537 φάλαγγος.
3325 463 3456 523 Εἶτα
3492 470 3686 538 μικρὸν

455 577 694 628 Ilomana
728 571 990 639 praelium.
1026 569 1096 620 At
1126 583 1251 621 ecce
1278 567 1484 635 prosilit
1521 567 1571 619 in
1598 565 1830 620 medium
1870 565 2010 618 ultra

449 678 668 718 suorum
704 661 926 714 ordines
984 659 1242 711 audacior
1286 659 1506 726 quidam
1540 671 1704 724 eques
1745 653 2014 707 Barbarus

449 755 697 808 lt'rnciter
751 751 1104 806 obambulans
1134 749 1564 823 despecmnsque
1610 748 1884 800 Romanas
1935 745 2014 797 le-

445 846 652 913 giones.
682 859 747 898 ac
771 855 980 897 tantum
1010 857 1111 894 non
1133 855 1434 909 provocans
1472 855 1636 892 unum
1665 838 1894 906 aliquem
1921 853 2010 905 qttt

445 937 690 990 conferre
717 951 898 990 secum
932 951 1146 988 manum
1179 935 1425 989 auderet.
1472 935 1623 988 "une
1691 936 2009 1003 jamdudum

447 1044 661 1080 mensus
708 1025 878 1080 oculis
906 1066 920 1088 ,
979 1041 1078 1079 nec
1123 1025 1356 1093 amplius
1419 1026 1746 1078 tolerabilem
1806 1028 2045 1100 ventosi,

446 1117 722 1171 tltrasonis
768 1115 1110 1168 insolentiam
1153 1124 1397 1168 statuens
1438 1115 1768 1181 imperator,
1838 1126 2010 1168 Stante
2046 1122 2054 1130 ‘

447 1212 695 1276 utrinque
727 1209 776 1259 itt
804 1206 1033 1274 vestigio
1063 1206 1254 1259 dextro
1285 1207 1523 1272 laevoque
1553 1221 1771 1259 SIIOT‘UIII
1802 1221 1966 1259 cornu
1995 1246 2008 1268 ,

445 1300 648 1366 primus
706 1298 818 1364 ipse
875 1312 938 1350 ac
993 1295 1138 1349 solus
1187 1295 1491 1349 calcaribus
1551 1310 1688 1363 equo
1777 1297 2010 1349 subditis

443 1400 845 1455 provoCatorcm
894 1389 1151 1439 audacem
1229 1386 1484 1440 invadens
1539 1387 1772 1439 medium
1832 1396 2009 1440 trans-

444 1480 691 1533 verberat
712 1479 866 1531 basta
891 1479 1015 1530 hinc
1042 1487 1192 1531 extra
1215 1489 1427 1546 pectus,
1455 1477 1599 1530 illinc
1624 1477 1760 1530 ultra
1787 1478 2008 1532 dorsum

443 1578 711 1631 exstante,
743 1584 974 1638 moxque
1003 1569 1302 1622 districtum
1340 1583 1520 1622 ensem
1554 1585 1647 1637 per
1673 1569 1793 1638 equi
1814 1585 2009 1638 corpus

446 1661 642 1729 adegit.
703 1675 768 1714 ne
817 1661 956 1713 bunc
987 1661 1199 1728 quidem
1255 1673 1352 1712 suo
1404 1660 1621 1712 domino
1664 1661 2007 1728 superstitem

444 1756 639 1808 ferens.
677 1751 805 1804 Tale
841 1751 1050 1804 facinus
1081 1766 1145 1803 eo
1173 1751 1260 1804 die
1294 1751 1513 1804 Alexius
1543 1753 1801 1813 ostendit,
1836 1751 2005 1806 milite

2123 563 2248 626 τοὺς
2303 565 2502 626 ἵππους
2553 565 3029 630 ἁνασειράσαντες,
3091 564 3182 614 καὶ
3226 564 3366 612 κατα
3396 563 3494 627 τῆς
3552 561 3687 614 Ῥω-

2125 655 2330 722 μαῖκῆς
2363 652 2674 723 ἐξορμῆσαι
2701 653 2978 719 φάλαγγος
3010 650 3365 718 ἡτοιμάζοντο
3396 651 3688 702 καθιστῶν-

2119 764 2211 808 τες
2262 747 2360 809 τὰς
2411 746 2768 816 παρατάξεις.
2831 745 2982 796 Ἐπεὶ
3027 744 3081 796 δὲ
3119 745 3369 808 Κόμαών
3401 761 3521 796 τινα
3553 745 3684 812 ἀγέ-

2124 857 2297 909 ρωχον
2323 841 2561 906 ἱππότην
2604 839 2702 906 τῆς
2759 837 3041 906 φάλαγγος
3077 837 3506 905 προπηδήσαντα
3532 837 3559 887 ὁ
3588 836 3684 886 αὺ-

2119 931 2406 1000 τοκράτωρ
2467 931 2730 983 ἐθεάσατο
2792 930 2884 981 καὶ
2945 929 3045 989 τάς
3117 927 3452 996 παρατάξεις
3510 944 3684 996 παρα-

2071 1065 2082 1075 .
2123 1021 2332 1085 θέοντα,
2387 1022 2479 1073 καὶ
2512 1020 2738 1089 μονονοὺ
2786 1021 2877 1070 τὸν
2935 1020 3052 1089 μετ’
3097 1018 3262 1070 αὐτοῦ
3307 1018 3682 1087 μαχεσάμενον

2117 1115 2410 1184 ἀναζητεῖν
2437 1115 2675 1175 ἐοικότα,
2708 1115 2808 1164 οὐκ
2845 1112 3041 1181 ἔφερεν
3072 1110 3193 1162 οὗτε
3225 1110 3288 1161 τὸ
3318 1111 3492 1175 δεξιὸν
3537 1127 3682 1178 καρ-

2117 1211 2318 1274 τερεῖν,
2348 1204 2470 1256 οὔτε
2502 1205 2562 1256 τδ
2601 1204 2887 1271 εὐώνυμον
2912 1203 3080 1268 κέρας
3149 1200 3291 1252 Ἀλλ’
3329 1199 3491 1259 αὐτος
3524 1199 3680 1267 παρὰ

2041 1298 2337 1388 «(tantum
2376 1297 2502 1359 ὅλας
2533 1297 2632 1357 τὰς
2683 1296 2840 1365 ἡνίας
2887 1294 3130 1362 χαλάσας
3175 1293 3264 1343 τὸν
3299 1290 3678 1361 ἀναζητοῦντα

2115 1388 2206 1440 τὸν
2239 1387 2472 1456 πόλεμον
2507 1386 2786 1456 βάρϐαρον
2818 1384 3050 1454 πρώτως
3092 1383 3244 1435 παίει
3269 1383 3356 1434 διὰ
3390 1382 3486 1434 τοῦ
3518 1383 3680 1452 δόρα-

2115 1495 2203 1541 τος
2231 1479 2325 1530 καὶ
2349 1479 2490 1547 ἀμφὶ
2522 1477 2775 1545 στήθεσιν
2800 1474 3096 1544 διαμπερὲς
3115 1474 3312 1536 ἐλάσας
3334 1472 3394 1525 τὸ
3411 1473 3565 1542 ξίφος
3587 1471 3676 1525 τοῦ

2116 1569 2282 1622 ἵππου
2324 1567 2623 1621 κατέϐαλλε
2669 1567 2808 1618 κατὰ
2838 1565 3040 1634 ταυτήν
3113 1567 3213 1632 τὴν
3250 1567 3460 1635 ἡμέραν
3520 1581 3680 1635 στρα-

2114 1659 2314 1728 τιώτην
2373 1659 2572 1726 μᾶλλον
2623 1657 2654 1726 ἢ
2706 1656 3007 1726 στρατηγὸν
3053 1655 3242 1708 ἑαυτὸν
3293 1654 3578 1718 ἀποδείξας
3612 1657 3672 1709 ⁷’.

2117 1751 2276 1818 Μέγα
2321 1751 2502 1803 τοίνυν
2554 1751 2669 1810 ταῖς
2732 1749 3072 1815 Ῥωμαϊκαῖς
3124 1747 3438 1816 παραυτίκα
3477 1746 3675 1816 θάρσος

443 1844 634 1911 aliquis
669 1843 908 1906 dixerit,
950 1856 1110 1909 quam
1165 1842 1490 1908 imperatore
1538 1841 1770 1907 dignius.
1808 1841 2008 1894 Tamen

2115 1841 2368 1911 ἐμϐαλὼν
2421 1839 2814 1908 παρατάξεσιν,
2869 1840 2969 1907 οὐχ
3014 1839 3221 1908 ἥσσονα
3252 1839 3307 1890 δὲ
3364 1840 3479 1899 τοῖς
3537 1836 3676 1890 Σκύο

442 1949 500 1985 ea
543 1950 648 1987 non
698 1933 890 2001 exigua
945 1947 1106 1990 causa
1159 1946 1279 1984 mox
1335 1941 1534 1984 secuta:
1585 1931 1824 1986 victoria:
1873 1931 2010 1997 fuit,

444 2026 701 2078 Romanis
726 2024 1027 2091 legionibus
1061 2037 1304 2089 magnam
1335 2021 1459 2075 inde
1506 2022 1752 2075 ﬁduciam
1781 2061 1797 2086 ,
1830 2038 2011 2088 parem

444 2126 643 2169 metum
679 2113 1109 2182 concipientibus
1143 2113 1402 2166 Cumanis
1448 2129 1722 2181 :quorum
1775 2115 1827 2166 in
1880 2129 2011 2168 con-

443 2208 639 2261 fertum
682 2222 873 2276 agmen
915 2206 1097 2261 statim
1130 2220 1158 2258 a
1195 2206 1368 2272 primo
1418 2204 1513 2258 illo
1564 2220 1855 2270 successu,
1892 2215 2012 2259 tan-

441 2315 597 2368 quam
628 2299 680 2350 itt
732 2298 966 2352 obsessa:
1017 2296 1164 2350 urbis
1207 2312 1387 2350 muros
1441 2297 1673 2363 seipsutn
1726 2296 2015 2365 imperator

443 2392 756 2453 admovens,
795 2389 1038 2458 perrupit
1073 2397 1381 2441 contextum
1417 2387 1697 2457 phalangis
1724 2426 1741 2454 ,
1773 2388 2012 2456 duasque

442 2483 493 2534 in
531 2491 712 2550 partes
749 2481 962 2534 diScidit
1011 2481 1206 2534 aciem.
1258 2479 1368 2534 Nec
1400 2481 1488 2533 diu
1536 2487 1718 2548 postea
1764 2481 2008 2549 praelium

439 2573 701 2624 constitit.
743 2571 884 2624 Fieri
940 2572 1179 2639 undique
1231 2571 1351 2640 fuga
1403 2581 1555 2639 cepta
1606 2569 2008 2635 Comanorum,

443 2664 770 2714 instantibus
804 2662 943 2716 haud
970 2663 1208 2730 segniter
1242 2661 1500 2716 Romanis
1536 2683 1547 2716 :
1584 2663 1672 2730 qui
1703 2671 1905 2730 septem
1947 2678 2011 2716 co

442 2753 527 2806 die
561 2754 920 2805 Barbarorum
977 2752 1142 2806 millia
1188 2751 1616 2815 interfecerunt,
1653 2753 1893 2821 captivos
1943 2753 2008 2805 ad

443 2845 540 2897 tria
570 2845 736 2897 millia
767 2845 1056 2897 duxerunt.
1087 2843 1217 2898 Cum
1243 2852 1421 2896 autem
1453 2844 1601 2897 omni
1633 2843 1813 2912 praeda
1844 2859 2006 2912 quam

443 2934 662 2988 Barbari
699 2943 1045 2989 corraserant
1074 2933 1224 3001 potiti
1256 2931 1484 2986 Romani
1512 2941 1715 2995 essent,
1746 2933 1886 2986 hami
1927 2942 2010 2987 est

443 3040 632 3094 passus
664 3028 952 3094 imperator
984 3040 1125 3086 eam,
1162 3034 1219 3076 ttt
1248 3023 1416 3079 moris
1441 3035 1525 3078 est
1555 3065 1569 3090 ,
1602 3025 1739 3077 inter
1770 3024 2006 3080 victores

440 3117 625 3180 dividi,
656 3117 796 3185 quod
851 3131 915 3170 ex
965 3115 1096 3169 vicis
1126 3115 1380 3184 agrisque
1431 3114 1672 3168 ﬁnitimis
1721 3123 1925 3182 raptam
1976 3130 2007 3169 a

441 3204 690 3259 Barbaris
725 3207 918 3270 sciret,
959 3206 1051 3259 scd
1085 3205 1227 3258 illam
1259 3203 1500 3259 decrevit
1531 3206 1761 3258 dominis
1782 3205 2010 3258 redden-

441 3297 583 3351 dam.
622 3296 869 3364 Dispersa
900 3306 985 3350 est
1016 3296 1220 3350 volucri
1242 3295 1524 3349 celeritate
1554 3295 1812 3365 tamjnsti
1843 3297 2006 3352 edicti

443 3389 580 3442 fama
623 3404 715 3456 per
754 3387 1227 3457 circumjacentem
1265 3389 1559 3457 regionem.
1594 3387 1920 3460 Collectique
1943 3391 2008 3444 ad

440 3489 618 3533 rastra
648 3479 850 3546 ingenti
889 3493 1117 3532 numero
1144 3478 1179 3531 ii
1223 3480 1310 3547 qui
1350 3479 1492 3546 passi
1539 3479 1779 3547 rapinam
1831 3493 1860 3532 a
1907 3478 2009 3533 Co-

443 3568 615 3623 manis
651 3567 887 3631 fuerant,
929 3582 1023 3620 sua
1058 3568 1257 3637 quique
1289 3569 1392 3622 rite
1423 3569 1602 3638 agnita
1647 3568 1999 3635 recipiebant,

441 3659 720 3712 tundentes
760 3671 996 3726 pectora,
1030 3669 1083 3713 et
1116 3660 1448 3728 supplicibus
1478 3661 1531 3713 iu
1555 3659 1720 3712 altum
1754 3660 2004 3713 manibus

439 3749 688 3816 Sublatis,
719 3748 894 3803 l'attsta
922 3751 1102 3803 omnia
1143 3763 1248 3803 tam
1285 3753 1526 3804 humano
1553 3788 1567 3812 ,
1597 3759 1706 3804 tam
1763 3751 2004 3805 beneﬁca

442 3843 750 3908 imperatori
777 3852 1056 3911 precantes
1083 3860 1096 3896 :
1125 3852 1446 3911 assurgente
1494 3842 1558 3896 ad
1607 3843 1800 3895 coelum
1831 3858 2004 3910 usque

443 3934 616 3988 mistis
654 3935 888 3987 virorum
929 3948 993 3986 ac
1025 3934 1309 3987 mulierum
1342 3936 1484 3989 votis
1512 3951 1575 3989 ac
1610 3937 1834 3991 Vocibus
1867 3951 2002 3990 sono

445 4027 734 4080 murmuris
785 4035 877 4078 aut
928 4025 1104 4094 potius
1146 4025 1548 4081 vociferationis
1585 4028 1835 4095 ingentis.
1891 4029 2000 4082 Sub

2114 1934 2236 1994 θαις
2273 1931 2458 2000 φόϐον,
2511 1932 2586 1993 ὡς
2627 1930 2838 2000 πύργος
2890 1931 3100 1991 τούτοις
3155 1929 3480 1999 προσϐαλὼν
3514 1930 3673 1982 διεῖλε

2113 2023 2171 2075 τὸ
2213 2024 2553 2092 στράτευμα.
2584 2021 2739 2074 Οῦτω
2765 2020 2896 2088 γοῦν
2940 2020 3039 2086 τῆς
3071 2022 3372 2088 ὁμαιχμίας
3408 2022 3518 2073 τῶν
3546 2021 3676 2091 Βαρ-

2113 2115 2294 2184 ϐάρων
2319 2113 2767 2182 διασπασθείσης,
2796 2113 3188 2180 διασπαρέντες
3213 2113 3501 2181 άπανταχῆ
3527 2113 3676 2181 ἐφευ-

2113 2224 2208 2274 γον
2238 2206 2517 2275 ἀκρατῶς.
2551 2206 2793 2275 Κόμανοι
2830 2205 2928 2274 μὲν
2955 2202 3050 2256 οὖν
3083 2205 3386 2273 τηνικαῦτα
3439 2205 3674 2258 πίπτουσι

2116 2315 2202 2350 σιν
2233 2300 2368 2350 ὡσεὶ
2397 2296 2638 2366 χιλιάδες
2696 2296 2852 2349 ἑπτά.
2919 2297 3173 2362 Ἀγονται
3222 2295 3278 2347 δὲ
3326 2298 3417 2349 καὶ
3466 2295 3673 2366 ζωγρία

2114 2391 2420 2460 τρισχίλιοι.
2453 2389 2566 2449 Τὴν
2609 2387 2788 2457 μέντοι
2822 2388 2968 2439 λείαν
3001 2387 3218 2440 ἅπασαν
3252 2389 3577 2456 άφελιξμενοι
3625 2392 3672 2442 oi

2110 2479 2204 2531 τοῦ
2251 2475 2568 2547 Ῥωμαϊκοῦ
2631 2476 3065 2545 στρατεύματος,
3102 2478 3164 2528 οὐ
3217 2478 3677 2547 συνεχωρήθησαν

2111 2569 2262 2638 παρὰ
2291 2569 2384 2619 τοῦ
2421 2567 2820 2636 αὐτοκράτορος
2845 2567 2890 2596 ⁷³
2932 2568 3071 2620 κατὰ
3111 2569 3169 2620 τὸ
3223 2568 3413 2630 εἰωθὸς
3467 2568 3672 2638 ταύτην

2111 2657 2577 2726 ἐπιμοιράσασθαι
2610 2656 2744 2708 καθὸ
2783 2656 2843 2721 ἐξ
2889 2657 3150 2724 ὑπογυίου
3182 2657 3289 2710 τῶν
3329 2661 3671 2728 παρακειμέ-

2111 2767 2214 2801 νων
2240 2749 2432 2817 χωρῶν
2463 2748 2791 2816 ὲσκυλεύθη,
2820 2748 2957 2800 ἀλλὰ
2987 2750 3210 2817 δοθῆναι
3259 2753 3368 2812 τοίς
3400 2751 3663 2811 ἐποίκοις.

2109 2839 2216 2891 Τοῦ
2245 2839 2374 2906 γοῦν
2422 2838 2706 2907 βασιλικοῦ
2761 2839 3204 2910 προστάγματος,
3255 2842 3462 2910 πτηνοῦ
3515 2843 3674 2912 δίκην

2109 2931 2187 2992 είς
2211 2932 2394 2982 πᾶσαν
2426 2930 2524 3000 τὴν
2544 2930 2852 3000 περίχωρον
2883 2931 3402 3002 διαδεδραμηκότος,
3440 2933 3671 2996 ἕκαστος

2108 3025 2216 3076 τῶν
2249 3024 2650 3078 σκυλευθέντων
2703 3025 3146 3094 παραγενόμενος
3197 3025 3580 3092 ἐπιγινώσκων
3612 3025 3670 3076 τὸ

2112 3114 2242 3168 ἴδιον
2260 3115 2666 3182 άνελαμϐάνετο
2688 3131 2703 3146 ο
2737 3117 3225 3183 στερνοτυποῦντες
3250 3114 3342 3169 οῦν
3374 3119 3466 3169 καὶ
3487 3120 3675 3186 χεῖρας

2112 3207 2351 3270 ἱκέτιδας
2390 3211 2469 3270 εἰς
2513 3207 2742 3278 οὐρανὸν
2774 3210 3020 3276 αἴροντες
3069 3208 3146 3277 τῷ
3203 3210 3568 3278 αὐτοκράτορι
3607 3210 3674 3260 τά

2107 3297 2281 3368 λῲονα
2313 3299 2643 3368 ἐπηύχοντο.
2681 3300 2787 3351 Καὶ
2839 3294 2907 3368 ἦν
2959 3300 3184 3352 ἀκούειν
3227 3302 3411 3370 φωνήν
3438 3303 3485 3333 ⁷⁸
3517 3303 3671 3370 σύμ-

2111 3404 2302 3458 μικτον
2333 3390 2544 3457 άνδρῦν
2573 3406 2631 3440 τε
2664 3389 2756 3441 καὶ⁵
2807 3391 3086 3456 γυναικῶν
3121 3390 3316 3460 μέχρις
3348 3394 3519 3462 αὐτῆς
3573 3395 3674 3463 τῆς

2107 3479 2438 3548 σεληνιακῆς
2471 3480 2706 3550 σφαίρας
2734 3480 3044 3547 φθάνουσαν
3068 3485 3134 3536 ⁷⁵.
3181 3484 3340 3536 Ἀλλά
3367 3485 3539 3538 ταῦτα
3573 3487 3673 3555 μὲν

2107 3569 2300 3631 οὕτως.
2349 3570 2406 3621 ’0
2442 3570 2495 3621 δέ
2546 3587 2606 3637 γε
2657 3571 3010 3642 αὐτοκράτωρ
3039 3572 3242 3642 χαίρων
3289 3575 3387 3636 τὰς
3418 3575 3675 3646 δυνάμεις

2108 3661 2579 3729 ἀνακτησάμενος,
2612 3663 2692 3723 είς
2723 3663 2820 3728 τὴν
2852 3663 3152 3733 εἰρημένην
3193 3667 3398 3735 μικρὰν
3429 3668 3674 3720 Νίκαιαν

2109 3749 2266 3815 αὖθις
2328 3752 2824 3820 ὲπαναζεύγνυσιν.
2905 3755 3117 3808 Ἐκεῖσε
3189 3756 3322 3824 γοῦν
3375 3759 3468 3811 ἐπὶ
3525 3760 3677 3812 δυσὶν

2108 3843 2341 3914 ἡμέραις
2391 3845 2828 3914 ἐγκαρτερήσας,
2886 3849 3130 3915 τριταῖος
3179 3851 3391 3903 ἐκεῖθεν
3439 3852 3676 3916 ἐξελθὼν

2109 3934 2525 4004 καταλαμϐάνει
2569 3937 2666 4006 τὴν
2723 3939 3170 4008 Ἀδριανούπολιν
3208 3942 3336 4011 περὶ
3367 3943 3467 4014 τὴν
3494 3945 3679 3999 οἰκίαν

2110 4025 2206 4078 τοῦ
2236 4025 2565 4096 Σιλϐέστρου
2601 4029 2810 4105 ἱκανὰς.
2853 4029 3198 4098 ὲνδιατρίψας
3222 4034 3460 4101 ἡμέρας.

446 4121 556 4174 btet:
587 4121 878 4188 imperator
916 4117 1067 4171 lautus
1099 4133 1164 4171 ac
1201 4118 1505 4187 gratulans,
1543 4120 1798 4174 victorem
1845 4118 2141 4172 exercitum
2199 4116 2415 4170 reduxit
2467 4119 2606 4171 unde
2665 4119 2906 4186 proxime
2958 4128 3208 4181 venerat‘.
3279 4124 3329 4176 in
3403 4125 3628 4176 Parvam
3659 4160 3676 4178 .

439 4229 558 4280 quae
589 4212 787 4265 dicitur
812 4249 829 4275 ,

899 4209 1125 4263 Nicaeam
1159 4251 1174 4276 ,
1225 4209 1313 4264 ubi
1353 4226 1473 4264 cum
1507 4210 1667 4264 biduo
1701 4209 2004 4274 reﬁciendis
2029 4207 2290 4262 militibus
2311 4208 2660 4272 substitisset,
2692 4209 2781 4264 die
2838 4211 2993 4264 tertia
3047 4227 3264 4268 movens
3310 4215 3360 4268 in
3385 4217 3432 4270 te
3479 4217 3683 4270 Adria-

445 4305 676 4370 nopolim
711 4305 902 4364 tenuit,
925 4303 1222 4369 multisque
1263 4301 1369 4356 illic
1415 4302 1604 4355 diebus
1661 4302 1714 4354 in
1765 4299 2008 4354 Silvestri
2041 4300 2244 4354 aedibus
2273 4311 2350 4353 est
2385 4301 2701 4355 diversatus.

512 4391 614 4444 Per
655 4392 706 4443 id
739 4403 949 4458 tempus
981 4390 1232 4458 przrcipui
1282 4389 1481 4460 quique
1521 4389 1882 4444 Comanorutn
1936 4388 2002 4442 ad

442 4483 820 4547 imperatorem
879 4479 1020 4532 ultro
1081 4491 1344 4534 venerunt
1397 4497 1646 4537 sermone
1705 4496 1768 4537 ac
1825 4481 2004 4549 specie

2179 4389 2300 4441 Τῶν
2322 4390 2452 4457 γοῦν
2498 4392 2768 4458 Κομάνων
2815 4395 2864 4446 oi
2900 4393 3124 4461 λογάδες
3157 4395 3397 4461 ἅπαντες
3433 4402 3680 4471 ἀποκριο

2109 4471 2362 4544 θέντες’⁷⁶
2418 4483 2510 4534 τοῦ
2561 4483 2750 4536 λοιποῦ
2813 4488 3245 4555 στρατεὲματος,
3308 4491 3676 4560 βουληθέντες

445 4585 640 4641 pacem
662 4569 956 4636 Optantium
987 4609 1002 4634 ,
1031 4581 1079 4623 et
1118 4570 1346 4625 militare
1375 4573 1628 4637 deinceps
1659 4572 1781 4641 ejus
1815 4573 1995 4640 auspi-

2108 4570 2294 4623 τοῦτον
2323 4573 2622 4642 ἀπατῆσαι,
2657 4572 3258 4650 προσέρχονται’τούτῳ
3305 4582 3379 4645 ὡς
3435 4588 3677 4655 αὐτομο-

443 4665 542 4714 t-iis
567 4671 902 4730 paraturam.
938 4661 1096 4729 281
1137 4659 1312 4714 Fueus
1341 4663 1425 4715 ltic
1454 4675 1569 4716 erat
1597 4673 1648 4715 et
1683 4678 1827 4715 mera
1863 4663 2000 4714 Indi-

447 4754 623 4805 ttcatio
655 4762 865 4820 tempus
897 4753 1134 4805 eximere
1163 4751 1477 4814 volentium,
1521 4766 1583 4803 ac
1608 4751 1839 4818 spatium
1874 4753 2003 4804 dare

440 4845 750 4898 Comanicis
783 4841 952 4909 copiis
984 4841 1206 4894 ulterius
1230 4841 1281 4893 itt
1315 4840 1426 4894 loca
1460 4854 1759 4910 opportuna
1793 4856 1852 4894 se
1879 4856 2006 4907 pro-

451 4933 702 5001 ripiendi.
733 4928 1099 4984 Tresomniuo
1134 4930 1249 4982 dies
1276 4930 1552 4983 simulatio
1584 4931 1798 4983 duravit
1829 4940 2004 4983 trans-

443 5025 684 5092 fugarum
719 5022 1100 5087 mendacium;
1130 5029 1319 5088 quarta
1361 5030 1517 5074 nocte
1567 5020 1786 5075 silentio
1833 5019 2000 5086 elapsi

441 5119 665 5184 patriam
698 5129 884 5169 versus
911 5113 1186 5180 fugerunt.
1217 5110 1462 5166 Oll'ensus
1495 5112 1784 5180 imperator
1809 5115 2001 5166 fraude

441 5225 500 5259 ac
532 5208 747 5275 perlidia
781 5205 1140 5261 Barbarorum
1197 5220 1293 5274 per
1323 5204 1726 5259 strenuissimos
1755 5221 2002 5258 cursores

443 5299 690 5350 mandata
732 5297 966 5349 destinat
1006 5294 1071 5349 ad
1123 5311 1214 5348 eos
1242 5295 1438 5363 quibus
1490 5306 1840 5363 augustnt‘um
1889 5294 2001 5364 jugi

446 5391 661 5442 callium
692 5388 936 5442 custodia
968 5398 1086 5442 erat
1121 5388 1320 5442 credita
1349 5425 1364 5452 ,
1396 5404 1462 5440 ne
1513 5388 1962 5440 indortulst-crt'ttt
1987 5427 2001 5450 ,

441 5479 531 5531 sed
556 5483 807 5546 obseptas
844 5479 914 5531 ita
951 5479 1065 5531 vias
1097 5492 1286 5531 omnes
1321 5478 1534 5531 aeribus
1557 5491 1609 5531 et
1655 5480 1884 5532 assiduis
1909 5495 2006 5530 ex-

2102 4661 2200 4722 λοι,
2249 4661 2575 4714 σπείσασθαι
2617 4665 2756 4732 τάχα
2805 4669 2923 4732 μετ’
2969 4667 3133 4719 αὐτοῦ
3177 4675 3671 4741 προσποιούμενοι,

2099 4750 2190 4804 ἵνα
2219 4752 2541 4820 τριϐομένου
2574 4755 2665 4806 τοῦ
2703 4756 2822 4823 μετ’
2853 4758 3078 4826 εἰρήνης
3110 4761 3304 4830 καιροῦ
3355 4769 3678 4837 προχωροίη

2099 4839 2159 4890 τι
2181 4841 2494 4909 Κομανικὸν
2515 4844 2828 4911 στράτευμα
2853 4848 2965 4906 τοῖς
2987 4846 3318 4916 ἔμπροσθεν.
3347 4852 3474 4905 Ἐπὶ
3491 4859 3682 4920 τρισὶν

2100 4933 2190 4983 οὒν
2223 4931 2456 5001 ἡμέραις
2475 4933 3000 5003 ἐγκαρτερήσαντες,
3032 4937 3172 5005 μετὰ
3192 4939 3287 5009 τὴν
3311 4942 3504 5010 τρίτην
3531 4944 3683 5012 ἡμέ-

2100 5040 2199 5090 ραν
2237 5023 2428 5084 νυκτὸς
2457 5024 2554 5092 τῆς
2583 5025 2718 5093 πρὸς
2747 5028 2814 5077 τά
2845 5027 2981 5080 οἶκοι
3020 5030 3291 5101 φερούσης
3317 5033 3550 5101 ἥψαντο.
3582 5037 3684 5087 Δί-

2108 5113 2366 5182 σθόλιενος
2388 5114 2443 5165 δὲ
2470 5115 2566 5183 τῆς
2593 5110 2696 5168 τῶν
2719 5117 2985 5184 Κομάνων
3012 5120 3228 5189 ἀπάτης
3253 5123 3280 5174 ὁ
3302 5124 3682 5194 αὐτοκράτωρ

2100 5206 2439 5275 ὑποπτέρους
2473 5209 2801 5271 ἀποστείλας
2831 5210 2981 5279 δηλοί
3023 5211 3180 5263 τοῦτο
3207 5215 3319 5272 τοῖς
3355 5229 3674 5267 πεπιστευ-

2105 5298 2285 5365 μένοις
2309 5298 2406 5367 τὴν
2442 5300 2688 5369 φυλακην
2715 5301 2823 5352 τῶν
2854 5301 2949 5353 τοῦ
2992 5301 3158 5370 ζυγοῦ
3196 5305 3460 5373 ἀτραπῶν
3486 5307 3583 5373 ἐφ’

2107 5388 2180 5457 μὴ
2219 5391 2544 5441 ἀναπίπτειν
2589 5392 2701 5444 ἀλλ’
2755 5395 3115 5463 ἐγρηγορέναι
3142 5395 3460 5458 διαπαντὸς,
3510 5397 3682 5450 εἵπου

2104 5481 2327 5544 τούτους
2371 5484 2716 5554 κατάσχοιεν.
2767 5487 2938 5549 Αὐτὸς
2982 5486 3038 5539 δὲ
3090 5488 3150 5538 τὸ
3198 5487 3321 5540 ὃλον
3352 5488 3682 5544 στράτευμα

1470 5619 1666 5678 Varia}
1708 5617 2008 5680 lectiones
2045 5637 2122 5682 ex
2167 5625 2308 5684 cod.
2356 5623 2619 5686 Coislin.

512 5743 560 5774 "
605 5741 908 5808 ὑποδείξας.

986 5746 1031 5777 ⁷³
1057 5744 1264 5799 Desunt
1303 5759 1460 5800 voces
1483 5745 1630 5814 παρᾶ
1656 5745 1748 5798 τοῦ
1777 5746 2196 5818 αὐτοκράτορος.

2280 5751 2325 5782 ⁷⁸
2358 5752 2563 5820 φωνῆς.
2668 5754 2710 5784 ’³
2757 5753 3080 5825 φθανούσής.
3179 5757 3225 5788 ⁷⁸
3255 5753 3670 5824 διακριθέντες.
