4024 6270
482 377 590 438 ἹΞΊ

561 482 823 554 Sangarls
849 480 1068 548 ﬂuvius,
1097 494 1220 534 cum
1250 492 1343 534 ora
1370 477 1639 534 maritima
1689 489 1840 534 recto
1868 479 2051 534 littore
2080 487 2126 543 Α

484 593 656 649 rsque
680 578 744 631 ad
777 575 998 631 Chelem
1019 573 1274 643 oppidum
1303 585 1554 642 protensa
1579 612 1594 638 ,
1631 571 1864 642 indeque
1889 587 1947 626 se
1981 573 2047 626 ad

483 669 917 738 Septentrionem
972 666 1264 730 flectente,
1300 665 1432 720 satis
1477 679 1722 733 magnam
1776 667 2046 734 regionem

481 759 960 822 circumscribunt,
1016 759 1066 812 in
1113 773 1272 823 quam
1307 766 1611 824 opportuno
1661 756 1792 810 illati
1824 757 2046 824 trajectu

479 853 604 906 mali
641 849 800 904 vicini
832 849 1133 912 lsmaelitzp,
1162 851 1446 902 observata
1478 849 1751 917 paucitate
1780 849 2050 917 praesidia-

480 945 685 996 riorum
715 981 731 1006 ,
787 954 884 1009 per
918 939 1340 1010 Maryandenos,
1369 948 1422 991 et
1469 954 1564 1006 per
1613 953 1706 991 eos
1758 939 1848 1008 qni
1905 939 2046 992 ultra

478 1030 762 1100 Sangarim
825 1030 1110 1095 habitant,
1181 1029 1338 1083 facile
1404 1029 1547 1082 illam
1601 1029 2054 1098 depraedabantur

478 1125 870 1191 vastabantque
905 1121 1271 1175 Nicoinediam
1306 1123 1603 1189 praesertim
1630 1135 1786 1174 amne
1820 1121 2050 1176 transito

477 1214 823 1268 infestantes.
875 1211 1186 1266 Fraanatr'aa
1219 1213 1269 1264 in
1299 1222 1572 1281 posterum
1599 1212 1682 1264 isti
1715 1212 1970 1274 licentiae,
2017 1229 2044 1264 a

478 1321 581 1373 qua
615 1321 886 1372 nunquam
924 1305 975 1358 in
1008 1305 1290 1357 occasione
1320 1303 1567 1356 voluntas
1598 1305 1851 1358 maleﬁca;
1877 1307 2050 1374 gentis

480 1405 844 1467 temperatura
898 1397 1000 1450 sibi
1051 1404 1227 1458 esset,
1255 1396 1529 1462 quaerebat
1562 1396 1855 1463 imperator
1879 1405 2047 1450 artem

475 1505 541 1544 ac
575 1491 814 1545 modum.
847 1489 982 1543 Cum
1005 1502 1136 1557 ergo
1158 1490 1258 1541 hac
1291 1487 1400 1555 ipsa
1429 1486 1672 1541 ﬁrmandi
1710 1503 1835 1541 cura
1867 1483 2051 1542 limitis

478 1581 643 1647 illius,
671 1580 970 1650 praesertim
999 1595 1125 1633 vero
1157 1579 1507 1634 nobilissima)
1533 1580 1767 1633 civitatis
1800 1579 2050 1634 Nicome-

476 1673 577 1727 dia:
608 1673 887 1728 securitati
917 1671 1257 1735 consulendi,
1295 1674 1410 1725 loca
1445 1671 1532 1725 illa
1569 1673 1840 1734 lustraret,
1874 1671 2047 1724 anim-

475 1765 704 1819 advertit
724 1764 1092 1832 longissimam
1121 1765 1314 1818 fossam
1342 1761 1480 1816 infra
1505 1763 1752 1832 paludem
1775 1763 2007 1816 Baanam
2033 1780 2048 1817 :

474 1945 734 2013 plorando
764 1947 1035 2014 persequi,
1068 1945 1225 2013 plane
1276 1946 1466 1998 statuit
1495 1959 1556 1998 ex
1607 1943 1778 1997 forma
1827 1959 1890 1998 ac
1919 1944 2048 2009 situ,

478 2038 787 2105 neutiquam
822 2035 874 2090 id
906 2046 1110 2088 naturae
1135 2050 1287 2103 opus,
1323 2037 1417 2089 sed
1445 2035 1576 2090 artis
1605 2050 1664 2089 ac
1692 2048 1881 2087 manus
1909 2049 2046 2088 esse.

477 2125 818 2196 Perqnirenti
852 2127 1121 2182 curiosius
1156 2128 1282 2194 quid
1324 2143 1385 2181 ea
1427 2129 1490 2182 de
1549 2142 1605 2180 re
1662 2126 1926 2196 indigena:
1959 2142 2046 2179 se-

477 2215 660 2270 niores
689 2214 910 2278 ferrent,
943 2218 1142 2283 reperit
1173 2217 1457 2270 obseuram
1498 2215 1695 2268 famam
1728 2230 1848 2284 qua:
1887 2215 2048 2267 istmn

481 2306 691 2361 alveum
723 2305 877 2376 jussu
901 2307 1026 2361 olim
1064 2307 1330 2361 Anastasii
1368 2307 1546 2362 Dicuri
1575 2319 1892 2362 excavatum
1935 2321 2047 2361 me-

484 2407 738 2462 moraret,
765 2415 866 2464 qua
927 2399 977 2451 id
1029 2399 1315 2453 occasione
1349 2413 1523 2469 quove
1560 2399 1800 2453 'consilio
1849 2398 2046 2451 factum

481 2501 572 2542 aut
612 2489 885 2543 decretum
915 2489 1095 2544 dicere
1124 2491 1391 2559 nequiret.
1437 2490 1703 2551 Caeterum
1756 2492 2049 2558 imperator

478 2581 698 2634 Alexius
735 2580 900 2635 ducta
939 2595 1004 2634 ex
1043 2591 1230 2635 natura
1263 2583 1370 2636 loci
1407 2582 1744 2652 conjectura,
1773 2583 2048 2637 studuisse

475 2686 870 2738 quemcumque
913 2672 1216 2726 molitorem
1273 2674 1429 2726 istius
1479 2673 1635 2726 fossae
1689 2675 1937 2726 derivare
1995 2677 2044 2726 in

478 2779 597 2815 uim
629 2761 874 2829 paludem
895 2763 1190 2830 proximam
1220 2766 1558 2818 autumabat.
1591 2766 1719 2820 Utnt
1751 2764 1912 2828 foret,
1950 2767 2049 2818 hac

483 2856 769 2908 occasione
817 2854 890 2906 uti
929 2855 992 2907 ad
1029 2869 1266 2922 prmsens
1293 2855 1628 2924 propositum
1667 2858 1873 2910 statuit.
1913 2857 2048 2909 Pur-

476 2945 592 3015 gari
624 2943 890 3014 eﬂ'odique
930 2945 1092 3000 altius
1144 2946 1305 3001 istum
1356 2947 1564 3000 alveum
1609 2947 1781 3011 jubet.
1828 2947 2047 3003 Veritus

477 3047 658 3090 autem
686 3052 752 3090 ne
779 3038 843 3090 ad
863 3035 1195 3092 conﬂuentes
1219 3052 1478 3106 aquarum
1502 3040 1724 3092 saburra
1748 3041 1871 3093 hinc
1889 3052 2047 3106 atque

477 3128 601 3182 inde
626 3144 720 3198 per
750 3127 944 3184 ﬂuetus
975 3129 1122 3182 illata
1165 3143 1426 3198 processu
1458 3131 1714 3198 temporis
1739 3132 1870 3183 vada
1903 3133 2045 3184 exsi-

477 3232 684 3276 SIerent
722 3221 1027 3290 trajectioni
1060 3220 1423 3276 Barbarorum
1453 3232 1773 3289 opportuna.
1805 3224 2044 3278 evcitare

477 3314 711 3368 instituit
750 3313 870 3368 loco
901 3312 1108 3368 delecto
1140 3329 1319 3368 arcem
1360 3329 1389 3366 a
1433 3312 1799 3370 fundamentis
1841 3313 2043 3368 ﬁrmis-

475 3406 705 3471 simam,
757 3421 915 3475 quam
973 3415 1026 3460 et
1080 3406 1304 3461 aﬂluxns
1367 3407 1542 3461 amnis
1575 3405 1787 3475 objectu
1853 3407 2044 3458 nativae

477 3511 692 3564 semper
726 3496 1078 3552 redundantis
1112 3499 1287 3559 fossze,
1325 3507 1376 3551 et
1410 3499 1676 3566 przecipue
1723 3498 1858 3549 muri
1891 3512 2045 3550 eras-

477 3589 630 3643 sities
661 3597 820 3657 atque
864 3590 1135 3657 altitudo,
1176 3595 1568 3657 strueturaeque
1615 3597 1725 3644 tota
1777 3591 1916 3643 ratio
1979 3605 2044 3643 ac

478 3678 650 3732 forma
705 3679 940 3734 muniret
997 3682 1132 3736 adeo
1195 3695 1387 3735 utnon
1437 3680 1714 3734 immerito
1765 3682 1908 3733 arcis
1955 3690 2045 3734 aut

481 3771 644 3824 turris
671 3768 882 3826 Ferrea;
915 3787 1130 3838 nomen,
1161 3774 1302 3841 quod
1335 3773 1601 3842 hodieque
1630 3771 1854 3837 obtinet,
1885 3773 2046 3825 susti-

478 3874 605 3914 nere
626 3874 689 3915 ac
717 3871 973 3925 praastare
999 3872 1202 3929 posset.
1233 3862 1367 3916 lluic
1413 3865 1564 3930 quasi
1616 3861 1920 3932 procivitati
1978 3861 2044 3915 ad

479 3949 825 4003 securitatem
855 3951 1091 4005 civitatis
1139 3951 1567 4006 Nicomediensis
1610 3950 1915 4004 Barbaricis
1947 3965 2044 4003 ex-

478 4047 820 4101 cursionibus
849 4045 1132 4115 oppositae,
1164 4055 1214 4098 et
1242 4045 1387 4098 velut
1419 4044 1737 4097 antemnrali
1797 4043 2046 4097 Nicome-

477 4138 744 4192 diensium
776 4139 1059 4200 moenium,
1099 4137 1390 4204 imperator
1423 4135 1753 4190 exstruendo
1780 4134 2048 4202 quotidia-

481 4245 602 4281 nam
632 4233 992 4284 attentionem
1041 4238 1094 4282 et
1145 4241 1366 4296 operam
1402 4227 1564 4280 dabat
1612 4241 1642 4278 a
1684 4227 1857 4294 primo
1889 4239 2047 4279 mane

479 4335 647 4385 usque
696 4321 761 4373 ad
811 4333 1100 4388 vesperum
1152 4317 1327 4370 :nihil
1370 4315 1516 4369 illum
1545 4331 1745 4385 vapore
1795 4316 2047 4370 torrentis

479 4410 605 4462 solis
635 4413 878 4464 mstivum
915 4419 1043 4462 tunc
1074 4410 1339 4474 tropicum
1392 4404 1645 4460 obeuntis
1692 4406 2001 4458 deterrente
2031 4443 2046 4468 ,

480 4499 640 4568 283
674 4513 768 4551 nec
804 4500 1023 4567 pulvere
1055 4507 1215 4550 tanta:
1263 4495 1555 4549 Inolitionis
1611 4509 1719 4563 quo
1763 4493 2046 4560 conspergi

483 4603 704 4645 necesse
731 4598 848 4641 erat
878 4589 1150 4642 assiduum
1187 4589 1365 4655 cperis
1397 4595 1586 4641 testem
1624 4599 1688 4639 ac
1713 4584 1992 4652 praesidem
2027 4601 2041 4650 ;

482 4680 650 4733 multo
685 4693 812 4733 vero
852 4677 1029 4732 minus
1061 4677 1298 4746 pecunia;
1329 4679 1570 4745 pepercit
1602 4675 1761 4729 ullive
1807 4674 2042 4746 sumptui

483 4787 589 4840 quo
612 4771 678 4824 ad
707 4771 1013 4824 lirnzitatem
1041 4770 1181 4823 arcis
1199 4785 1360 4839 quam
1383 4768 1802 4822 munitissimam
1834 4776 2047 4836 optaret

1776 372 2002 432 ANN/E
2037 369 2431 433 COIviNENIE’

2235 478 2296 530 '0
2331 476 2440 546 γὰρ
2463 476 2742 543 Σαγγαρις
2779 468 2856 544 (l)
2913 463 3160 536 ποταμὸς
3203 459 3296 516 καὶ
3346 461 3381 533 ἡ
3418 457 3719 530 παραλίαὴ

2161 571 2321 642 μέχρι
2358 568 2453 621 τοῦ
2493 566 2693 635 χωρίου
2739 561 2925 632 Χηλῆς
2956 559 3061 631 (9.),
3115 553 3371 615 ἰθυτενῶς
3411 550 3719 642 καταφερό-

2157 640 2312 730 μενος
2341 659 2435 712 καὶ
2465 660 2497 726 ἠ
2531 657 2668 724 πρὸς
2695 655 2907 725 Βορρᾶν
2947 649 3386 715 ἀνακάμπτουσα
3411 645 3479 706 ⁸¹,
3524 640 3722 711 πολλὴν

2154 752 2301 804 ἔνδον
2352 747 2728 817 περικλείουσι
2781 747 2827 776 ⁸³
2878 741 3086 814 χώραν.
3127 737 3347 804 Ταύτην
3395 734 3579 788 τοίνυν
3628 733 3723 801 τὴν

2152 843 2337 914 χώραν
2395 839 2628 910 πονηροὶ
2676 837 2918 906 γείτονες
2976 830 3269 902 γεγονότες
3337 829 3468 894 ἡμῖν
3515 827 3566 878 οἱ
3631 822 3721 876 τοῦ

2151 933 2381 1003 ἰσμαὴλ
2416 931 2559 984 κατά
2605 929 2808 996 πολλὴν
2857 925 3095 996 ἐρημίαν
3133 921 3242 973 τῶν
3278 919 3606 972 κωλυόντων
3635 915 3720 968 διὸ.

2151 1045 2211 1080 τε
2255 1021 2668 1092 Μαρυανδηνῶν
2711 1019 2757 1052 ⁸³
2808 1019 2882 1090 (3)
2934 1017 3028 1070 καὶ
3071 1014 3179 1066 τῶν
3209 1013 3356 1082 πέρα
3389 1010 3721 1077 Σαγγάρεως

2153 1117 2352 1186 ῥᾳδίως
2385 1114 2787 1184 κατεληῖζοντο,
2817 1109 2914 1162 καὶ
2943 1106 3146 1176 μᾶλλον
3177 1105 3278 1172 τὴν
3308 1101 3656 1170 Νικομήδους
3678 1100 3721 1131 ⁸⁵

2151 1207 2439 1261 ὲπέθλιὸον
2468 1207 2558 1258 τὸν
2587 1203 2829 1271 ποταμὸν
2859 1195 3364 1268 διαπεραιούμενοι.
3400 1194 3512 1262 Τὴν
3544 1191 3724 1244 τοιαύο

2151 1317 2249 1366 την
2280 1301 2460 1351 τοίνυν
2492 1295 2670 1364 ὁρμὴν
2703 1293 2811 1346 τῶν
2849 1290 3156 1361 Βαρϐάρων
3190 1286 3523 1341 ἀνακόπτων
3559 1286 3587 1337 6
3627 1283 3724 1353 βα-

2153 1389 2332 1447 σιλεὺς
2365 1385 2459 1438 καὶ
2482 1384 2582 1454 τὴν
2617 1383 2716 1452 τῆς
2755 1381 2935 1450 χώρας
2977 1377 3326 1446 καταδρομὴν
3362 1375 3455 1427 καὶ
3484 1372 3722 1442 μάλιστα

2150 1479 2249 1548 τὴν
2266 1477 2612 1547 Νικομήδους
2632 1472 3068 1540 ἀσφαλιζόμενος
3081 1469 3375 1537 κατωτέρω
3393 1468 3487 1535 τῆς
3507 1467 3722 1535 Βαάνης

2150 1570 2346 1640 λίμνης
2377 1568 2717 1640 μακρότατον
2745 1566 2964 1635 ὄρυγμα
2995 1561 3225 1616 κατιδὼν
3261 1559 3356 1612 καὶ
3381 1558 3727 1628 παρακολου-

2153 1664 2325 1732 θήσας
2371 1661 2502 1714 αὐτὸ
2558 1659 2719 1731 μέχρι
2786 1657 3042 1726 πέρατος,
3078 1650 3326 1706 κατενόει
3371 1649 3478 1701 ἀπό
3518 1663 3580 1698 τε
3627 1646 3725 1715 τῆς

2153 1753 2358 1814 θέσεως
2385 1749 2478 1803 τοῦ
2523 1750 2801 1819 σχήματος
2836 1747 2912 1807 ὡς
2957 1744 3065 1812 ἄρα
3091 1744 3119 1794 ὁ
3151 1739 3315 1802 τόπος
3355 1739 3455 1791 οὐκ
3488 1739 3554 1790 ὲκ
3597 1754 3725 1789 ταυ-

2154 1937 2291 1991 ὰλλὰ
2315 1937 2495 2007 χειρός
2523 1950 2671 1996 τινος
2705 1933 2922 2000 ὑπῆρχε
2963 1927 3282 1998 μηχάνημα.
3321 1923 3726 1990 Πολυπραγμοο

2153 2033 2321 2098 νήσας
2352 2025 2446 2082 οὖν
2477 2028 2538 2080 τὸ
2574 2025 2665 2080 τοῦ
2720 2025 2908 2087 τόπου,
2948 2020 3210 2092 μανθὰνει
3263 2017 3417 2088 παρά
3446 2032 3612 2068 τινων
3652 2012 3724 2074 ὡς

2153 2121 2260 2187 ἄρα
2298 2119 2394 2182 τῆς
2426 2117 2690 2184 τοιαύτης
2729 2114 3000 2184 διώρυχος
3054 2108 3405 2168 Ἀναστάσιος
3444 2107 3472 2157 6
3526 2103 3722 2155 Δίκου-

2155 2223 2246 2276 ρος
2283 2207 2328 2237 ⁸⁵
2364 2205 2726 2273 ὲπεστάτησε.
2779 2203 2844 2254 Τί
2892 2203 2989 2270 μὲν
3042 2197 3364 2268 βουλόμενος
3428 2194 3530 2246 ούκ
3583 2189 3728 2260 εἶχον

2150 2298 2352 2368 λέγειν.
2393 2296 2680 2364 Ἑφαίνετο
2706 2293 2750 2347 δ’
2777 2288 2873 2346 οὖν
2905 2290 2982 2360 τῷ
3018 2288 3228 2359 βασιλεῖ
3279 2284 3529 2355 Ἀλεξίῳ,
3565 2282 3643 2344 ὡς
3667 2281 3728 2350 δὴ

2151 2392 2178 2444 ὁ
2203 2388 2563 2461 αὗτοκράτωρ
2591 2388 2796 2448 ἐκεῖνος
2819 2382 3068 2436 ἐϐούλετο
3094 2379 3202 2433 ἀπὸ
3225 2379 3323 2448 τῆς
3350 2377 3554 2446 λίμνης
3579 2373 3727 2441 ὕδωρ

2159 2479 2536 2550 μετοχετεύειν
2561 2480 2618 2539 ἒς
2642 2476 2868 2543 ταυτηνὶ
2887 2475 2983 2544 τὴν
3010 2470 3392 2543 χειροποίητον
3414 2466 3726 2537 χαράδραν.

2152 2572 2296 2642 Πρὸς
2317 2573 2577 2640 τοιαύτην
2598 2569 2777 2622 τοίνυν
2799 2565 3098 2634 ἐνθύμησιν
3122 2561 3380 2632 ἀναχθεὶς
3403 2562 3428 2609 6
3454 2556 3733 2626 αὐτοκρά-

2149 2659 2560 2744 τωρκἊλέξιος,
2595 2659 2696 2726 τήν
2727 2674 2786 2708 τε
2824 2656 3028 2722 τάφρον
3064 2653 3145 2714 είς
3185 2649 3348 2719 βάθος
3383 2645 3728 2744 ἱκανώτατον

2149 2739 2454 2827 διορύσσειν
2486 2752 2724 2805 ἐκέλευε·
2753 2747 3007 2812 δεδοικὼς
3039 2747 3095 2800 δὲ.
3131 2746 3204 2816 μή
3242 2760 3370 2797 ποτε
3395 2741 3499 2796 καὶ
3526 2739 3730 2809 πορεύ-

2152 2869 2286 2920 σιμα
2345 2850 2557 2917 γένοιτο
2590 2848 2656 2900 τὰ
2707 2847 2814 2899 τῶν
2854 2842 3116 2912 ποταμῶν
3165 2840 3305 2894 κατὰ
3342 2838 3440 2900 τὰς
3483 2837 3732 2904 συναφὰς

2149 2945 2256 2996 τῶν
2291 2941 2595 3012 ῥευμάτων,
2623 2941 2814 3008 ἀνιστᾷ
2847 2935 3103 3007 φρούριον
3135 2933 3528 3003 ἐρυμνότατον,
3587 2946 3728 2981 παν-

2148 3032 2375 3102 ταχόθεν
2407 3032 2466 3084 τὸ
2496 3031 2736 3098 ἀσφαλὲς
2766 3031 2861 3082 καὶ
2894 3028 2952 3079 τὸ
2985 3023 3402 3094 ἀνεπιχείρητον
3431 3020 3584 3090 ἔχον,
3620 3016 3726 3072 ἀπό

2149 3140 2206 3175 τε
2232 3124 2326 3176 τοῦ
2370 3121 2617 3190 ποταμοῦ
2652 3121 2745 3173 καὶ
2791 3121 2888 3185 τῆς
2922 3119 3001 3178 εἰς
3039 3114 3170 3182 ὕψος
3203 3114 3296 3166 καὶ
3333 3112 3508 3178 πὰχος
3554 3123 3728 3177 τειχο-

2071 3185 2111 3242 c
2148 3213 2331 3277 ποίας,
2367 3213 2488 3266 ὅθεν
2525 3214 2619 3264 καὶ
2652 3210 2749 3279 τὴν
2804 3210 3040 3278 Σιδηρᾶν
3094 3204 3450 3270 ἀπηνέγκατο
3504 3201 3729 3269 κλῆσιν,

2145 3307 2255 3361 Kal.
2289 3305 2404 3359 ἔστι
2433 3304 2530 3357 νῦν
2560 3304 2620 3356 τὸ
2651 3299 2904 3371 σιδηροῦν
2929 3297 3078 3351 τουτὶ
3106 3296 3361 3365 πυργίον,
3403 3293 3570 3352 πόλις
3600 3308 3734 3361 προ-

2146 3400 2353 3462 πόλεως
2378 3399 2424 3430 ⁸⁸
2449 3397 2544 3450 καὶ
2584 3394 2798 3463 τείχους
2851 3391 3234 3460 προτείχισμα.
3282 3385 3454 3446 Αὐτὸς
3495 3384 3558 3437 δὲ
3583 3387 3612 3436 6
3638 3382 3734 3435 αύ-

2144 3489 2430 3560 τοκράτωρ
2465 3487 2717 3555 ὲιρίστατο
2766 3485 2832 3552 τῇ
2883 3480 2975 3534 τοῦ
3011 3478 3286 3548 πολιχνίου
3319 3475 3590 3544 οἰκοδομῇ
3626 3471 3734 3526 ἀπὸ

2150 3581 2366 3651 πρωΐας
2401 3579 2590 3647 μέχρις
2631 3575 2886 3644 ἑσπέρας.
2921 3573 3114 3625 Καίτοι
3167 3569 3368 3637 πολλῆς
3423 3565 3530 3635 τῆς
3569 3566 3736 3626 ἀλέας

2145 3671 2312 3740 οὔσης
2334 3672 2423 3723 τὶν
2447 3669 2657 3738 θερινὸν
2676 3666 2938 3735 τροπικὸν
2955 3663 3048 3716 τοῦ
3075 3663 3226 3730 ἡλίου
3249 3659 3726 3730 διαπορευομένου

2146 3765 2240 3817 καὶ
2267 3763 2543 3821 καύσωνος
2571 3757 2828 3827 ἠνείχετο
2862 3757 2956 3808 καὶ
3006 3754 3191 3816 κονίας
3230 3753 3324 3806 καὶ
3377 3751 3595 3820 πολλὴν
3633 3750 3732 3817 τὴν

2148 3855 2391 3924 δαπάνην
2417 3851 2800 3914 κατεϐάλλετο,
2838 3848 2913 3910 ὡς
2940 3847 3190 3900 ἐντεῦθεν
3223 3847 3607 3916 ἐρυμνότατον
3637 3857 3732 3908 γεο

2147 3945 2361 4011 γονέναι
2396 3943 2440 3974 ⁸⁷
2470 3941 2529 3995 τὸ
2557 3943 2740 4010 τεῖχος
2767 3939 2862 3990 καὶ
2891 3936 3256 4007 ἀπρόσμαχον
3285 3935 3413 3995 τοὺς
3449 3932 3734 4002 σύροντας

2146 4039 2376 4090 ἕκαστον
2402 4035 2509 4088 τῶν
2541 4033 2702 4086 λίθων
2761 4030 2952 4099 ἔτυχεν
3006 4029 3053 4060 ⁸⁸
3115 4024 3255 4080 εἶναι
3314 4020 3733 4092 πεντήκονταῆ

2148 4129 2340 4182 ἑκατὸν
2359 4127 2555 4196 ἄνδρας
2583 4123 2816 4186 δαψιλῶς
2847 4117 3420 4190 ἐπιφιλοτιμούμενος.
3440 4115 3738 4168 Ἐντεῦθεν

2148 4220 2204 4272 δὲ
2250 4219 2309 4272 ού
2339 4217 2445 4271 τῶν
2493 4215 2782 4284 τυχόντων,
2837 4211 2976 4266 ἀλλά
3023 4211 3117 4264 καὶ
3182 4207 3534 4278 στρατιώτης
3589 4208 3740 4262 ἄπας

2149 4311 2243 4364 καὶ
2272 4307 2551 4378 ὑπηρέτης
2577 4304 2854 4372 αὐτόχθων
2879 4320 2936 4356 τε
2965 4304 3059 4356 καὶ
3088 4301 3145 4367 ἐξ
3173 4301 3486 4367 ἀλλοδαπῆς
3541 4295 3740 4366 ὁρμώ-

2153 4415 2333 4469 μενος,
2357 4398 2490 4468 πρδς
2507 4396 2604 4466 τὴν
2625 4395 2732 4448 τῶν
2754 4394 3015 4448 τοιούτων
3038 4393 3202 4446 λίθων
3220 4392 3385 4461 ὁλκὴν
3410 4390 3732 4457 ἐκεκίνητο,

2149 4488 2388 4558 δαψιλεῖς
2416 4487 2652 4557 ὁρῶντες
2679 4486 2806 4548 τοὺς
2861 4484 3108 4554 μισθοὺς,
3138 4482 3235 4535 καὶ
3286 4482 3451 4534 αὑτὸν
3490 4481 3591 4534 τὸν
3629 4481 3735 4532 αύο

2149 4581 2456 4651 τοκράτορα
2480 4577 2732 4648 καθάπερ
2760 4577 3058 4646 ἀθλοθέτην
3083 4578 3206 4629 τινὰ
3233 4576 3621 4644 ἐπιστάμενον
3644 4574 3691 4604 ⁸⁸
3718 4590 3734 4607 ο

2149 4675 2313 4742 τέχνη
2347 4673 2454 4742 γὰρ
2506 4667 2574 4742 ἦν
2626 4670 2718 4724 καὶ
2766 4669 2926 4722 τοῦτο
2974 4669 3062 4720 ἵνα
3109 4667 3326 4720 πολλῶν
3374 4667 3735 4738 συρρεόντων

2153 4768 2282 4838 ῥᾷον
2319 4767 2352 4836 ἡ
2401 4765 2533 4834 ὁλκὴ
2575 4763 2684 4816 τῶν
2736 4761 3109 4831 παμμεγὲθων
3145 4758 3374 4813 ἐκείνων
3433 4757 3611 4812 λίθων
3634 4756 3733 4824 γέο

1514 4879 1713 4956 Varias
1743 4878 2047 4940 lectiones
2091 4895 2169 4940 ex
2213 4877 2355 4939 cod.
2393 4875 2660 4936 Coislin.

1174 4981 1218 5015 ⁸¹
1252 4981 1642 5051 περικλείεται.

1238 5053 1285 5086 ⁸⁸
1309 5053 1358 5104 εί
1390 5052 1602 5125 ἔτυχεν.

549 4987 593 5018 ⁸¹
621 4985 981 5050 ἀνακάμπτου
989 5001 1100 5039 σαι.

478 5055 709 5121 πόλεως.
803 5055 849 5088 ⁸⁷
883 5055 1161 5125 γενέσθαι.

1721 4980 1768 5012 ⁸³
1803 4981 1894 5033 Mat
1905 4979 2223 5048 ριανδηνῶν.

1699 5049 1745 5081 ⁸⁹
1778 5051 2162 5120 ἐφιστάμενον.

2328 4976 2376 5008 ⁸⁵
2409 4976 2535 5039 τοὺς
2567 4975 2663 5044 τῆς
2693 4971 3083 5044 Νικομηδείας.
3159 4972 3206 5004 ⁸⁸
3229 4970 3478 5035 Δίκοπος.
3545 4971 3598 5003 ⁸⁸
3631 4967 3735 5038 πρὸ

1542 5197 1678 5258 Car.
1729 5193 2052 5256 Dufresnii
2083 5195 2178 5254 Du
2210 5188 2430 5267 Cangii
2476 5193 2666 5249 nota).

551 5345 625 5412 (l)
656 5343 966 5413 Σάγγαρις.
1003 5342 1222 5396 Flnvius
1269 5342 1407 5396 Asiae
1437 5341 1680 5404 Minoris,
1738 5357 1828 5413 seu
1862 5341 2035 5413 Phry;

479 5410 693 5476 piam—de
720 5410 826 5481 quo
863 5415 1030 5466 nutlta
1059 5413 1291 5481 Philipp.
1321 5413 1630 5466 Maussacns
1682 5413 1732 5464 in
1763 5410 1914 5465 Notis
1965 5411 2030 5461 ad

479 5484 759 5537 Plutarch.
796 5485 860 5538 de
895 5485 1070 5537 Flnm.
1126 5482 1348 5536 Pontem
1376 5482 1648 5550 lapideum
1679 5482 1730 5534 in
1763 5481 2029 5548 Sangario

478 5553 643 5605 ﬂuvio
674 5554 1008 5606 exstrnxisse
1051 5552 1412 5605 Justinianum
1469 5563 1656 5605 auctor
1683 5563 1767 5603 est
1832 5551 2030 5602 l'roco-

487 5623 630 5690 pius,
660 5622 753 5675 lib.
796 5638 831 5675 tt
868 5622 940 5676 De
973 5622 1118 5690 wdif.
1154 5621 1295 5673 Just.
1330 5631 1385 5673 et
1412 5636 1474 5690 ex
1511 5636 1574 5673 eo
1604 5620 1901 5690 Cedrenus,
1937 5635 2026 5670 an.

485 5693 555 5745 55
582 5689 723 5743 Just.
758 5690 926 5759 Hujus
962 5689 1204 5744 meminit
1237 5691 1397 5759 etiam
1425 5689 1463 5742 S
1486 5690 1686 5759 -y|ilr.es
1716 5690 1767 5740 in
1804 5689 2029 5751 lsaacio,

480 5771 536 5814 ct
557 5756 948 5814 Constanti—nus
984 5760 1180 5828 Porph.
1217 5760 1268 5812 in
1297 5756 1557 5813 Thenn'te
1590 5756 1952 5826 Ohsequiaao.

2209 5338 2285 5410 (2)
2318 5335 2546 5410 Χηλῆς.
2579 5333 2848 5410 _Cheletn,
2886 5332 3064 5410 locum
3109 5330 3252 5410 inter
3289 5327 3660 5410 apolloniam‘
3677 5331 3733 5378 et

2139 5395 2668 5492 Saiigarinm'habet
2712 5395 2979 5457 Arrianus
3025 5403 3082 5455 in
3135 5395 3352 5468 Periplo
3390 5399 3557 5451 Ponti
3616 5395 3732 5451 Eu-

2144 5496 2280 5614 x'zgi
2322 5543 2794 5613 Μαρυανδηνῶν.
2862 5541 3000 5614 Asiae
3034 5539 3265 5614 populi,_
3290 5551 3526 5614 quorum
3588 5548 3722 5614 me-

2136 5604 2359 5682 trdpolis
2391 5604 2780 5681 Claudiopolis,
2817 5613 2905 5665 ubi
2945 5604 3198 5679 sequiore
3229 5604 3466 5682 Graecia_
3486 5604 3724 5682 exstitit

2133 5674 2338 5741 Thema
2371 5674 2852 5740 Buccellariorutn.
2882 5674 3195 5751 Porphyrus
3231 5679 3327 5733 lib.
3367 5693 3383 5732 ι
3429 5675 3508 5727 De
3571 5674 3712 5728 The~

2140 5768 2272 5811 mal.
