4024 6270
228 396 335 458 733

1523 380 1944 445 ALEXIADIS
1984 383 2134 442 LIB.
2172 382 2247 441 X.

3379 361 3488 426 734

231 531 398 569 κοντα
435 515 578 584 (i5),
604 515 814 568 ίππέων
841 513 896 568 δὲ
931 512 1188 582 χιλιάδων
1213 507 1422 580 ἀνδρῶν
1450 504 1664 561 ἑκατὸν,
1717 499 1810 553 καὶ

1925 500 2186 568 ιριοεῑιιια
2242 496 2504 557 millibus,
2539 503 2594 549 et
2655 498 2875 547 centum
2929 485 3171 540 millibus
3218 483 3485 552 equitnm.

232 609 319 663 διὰ
370 608 483 660 τῶν
550 607 736 678 μερῶν
796 607 894 673 τῆς
950 604 1226 674 Ούγγρίας
1261 603 1361 673 τὴν
1419 597 1814 669 βασιλεύουσαν

232 700 556 754 κατέλαϐεν.
617 702 774 753 Ἐστι
812 703 910 768 μὲν
942 701 1049 767 γὰρ
1073 699 1132 749 τὸ
1155 697 1260 750 τῶν
1284 695 1502 747 Κελτῶν
1541 693 1717 760 γένος,
1741 690 1816 751 ὼς

235 795 454 845 εἰκάσαι
481 793 496 824 ¹
529 793 677 852 τινὰ,
711 794 804 845 καὶ
832 793 1007 854 ἄλλως
1037 791 1158 844 λίαν
1180 789 1515 858 θερμότατον
1541 787 1634 839 καὶ
1667 784 1759 848 ὀξύ
1795 798 1809 813 ⁸

236 888 375 938 ἐπὰν
408 887 463 938 δὲ
499 885 595 938 καὶ
621 886 877 954 ἀφορμῆς
933 885 1182 954 δράξοιτο
1205 882 1531 936 ἀκάθεκτον.
1565 879 1683 931 Τῶν
1709 880 1729 908 ’
1755 877 1811 929 δὲ

239 978 506 1048 βασιλέως
542 978 684 1045 ἅπερ
719 978 745 1029 ὁ
781 979 985 1046 Πέτρος
1049 975 1447 1046 προεπεπόνθει
1499 971 1649 1039 παρὰ
1703 969 1812 1020 τῶν

237 1072 501 1139 Τούρκων
531 1071 900 1138 γινώσκοντος
928 1071 1021 1123 καὶ
1055 1088 1116 1122 συ
1127 1067 1515 1138 μϐουλεύοντος
1543 1064 1690 1130 αὐτῷ
1719 1061 1814 1113 καὶ

237 1165 336 1230 τὴν
368 1162 478 1216 τῶν
503 1161 710 1214 λοιπῶν
740 1163 997 1230 κομήτων
1027 1161 1367 1229 καρτερῆσαι
1393 1158 1412 1188 ³
1445 1158 1680 1216 ἔλευσιν,
1712 1155 1811 1204 οὐκ

239 1257 512 1321 ἐπείθετο,
577 1257 797 1327 θαρῤῶν
851 1258 930 1318 είς
951 1257 1010 1308 τὸ
1047 1255 1251 1322 πλῆθος
1282 1253 1390 1306 τῶν
1427 1249 1812 1317 συνεπομένων

239 1348 423 1418 αὐτῷ’
461 1350 559 1402 καὶ
620 1349 962 1418 διαπεράσας
1012 1349 1254 1416 ἐπήξατο
1308 1347 1397 1399 τὸν
1454 1346 1675 1415 χάρακα
1733 1342 1812 1400 εἷς

236 1460 290 1494 τι
319 1441 596 1509 πολίχνιον
638 1440 1152 1508 Ἐλενούπολινμῢ)
1198 1439 1618 1509 ὀνομαζόμενον.
1664 1435 1814 1488 Ἐπεὶ

236 1533 292 1585 δὲ
319 1534 418 1586 καὶ
443 1533 726 1602 Νορμάνοι
756 1537 932 1603 τούτῳ
958 1536 1277 1587 συνείποντο
1317 1535 1398 1596 εἰς
1447 1533 1579 1586 δέκα
1629 1529 1814 1600 χιλιά-

237 1625 333 1686 δας
363 1625 697 1692 ποσούμενοι
729 1625 1122 1695 ἀποκριθέντες
1173 1625 1267 1678 τοῦ
1313 1623 1503 1678 λοιποῦ
1558 1625 1818 1694 στρατεύ-

241 1742 414 1793 ματος
440 1723 507 1776 τά
537 1723 678 1775 κατά
706 1722 804 1791 τὴν
839 1718 1076 1772 Νίκαιαν
1123 1719 1420 1787 ἐληΐζοντο,
1451 1720 1618 1771 πᾶσιν
1671 1718 1814 1787 ὡμο-

239 1818 418 1878 τάτως
456 1813 814 1884 χρησάμενοι.
871 1811 991 1864 Τῶν
1037 1829 1096 1863 τε
1155 1811 1264 1878 γὰρ
1329 1809 1543 1880 βρεφῶν
1596 1808 1665 1861 τὰ
1712 1809 1812 1877 μὲν

131 1935 146 1950 -
238 1909 514 1976 ὲμέλιζον,
554 1907 622 1958 τὰ
649 1907 703 1958 δὲ
740 1905 918 1969 ξύλοις
977 1905 1414 1973 περιπείροντες,
1477 1901 1715 1966 ῶπτιςον
1755 1905 1812 1955 ὲν

239 2002 392 2070 πυρὶ,
429 1999 565 2068 πρὸς
607 1999 662 2051 δὲ
719 2000 845 2061 τοὺς
912 1998 988 2065 τῷ
1043 1997 1220 2068 χρόνῳ
1284 1997 1648 2064 προήκοντας,
1702 1996 1812 2046 πᾶν

238 2090 377 2156 εἶδος
414 2093 602 2162 ποινῆς
627 2091 1026 2144 ἐπεδείκνυντο.
1063 2091 1126 2142 οξ
1158 2089 1216 2142 δὲ
1247 2088 1398 2150 ἐντὸς
1428 2089 1536 2140 τῶν
1585 2086 1807 2156 γινομέ-

239 2204 346 2239 νων
379 2187 437 2237 ἐν
490 2185 744 2253 αἰσθήσει
781 2189 802 2215 ⁸
843 2184 1152 2251 γεγονότες,
1219 2182 1664 2242 ἀναπετάσαντες
1713 2183 1814 2242 τὰς

241 2278 417 2340 πύλας
449 2279 567 2330 κατ’
597 2277 774 2330 αὐτῶν
806 2275 1058 2346 ἐξῄεσαν.
1102 2274 1392 2344 Καρτεροῦ
1422 2273 1478 2326 δέ
1503 2272 1811 2340 τηνικαῦτα

244 2371 614 2442 συρραγέντος
644 2369 904 2436 πολέμου,
937 2368 1256 2438 παλίνορσοι
1285 2369 1415 2420 εἵσω
1447 2367 1542 2418 τοῦ
1573 2365 1812 2433 κάστρου

243 2464 531 2530 γεγόνασιν
562 2461 818 2530 ἐκθύμως
855 2462 965 2513 τῶν
1013 2461 1320 2530 Νορμάνων
1357 2456 1812 2525 ἀγωνισαμένων,

243 2557 338 2611 καὶ
369 2557 443 2617 ὡς
473 2555 572 2623 τὴν
619 2555 769 2606 λείαν
801 2555 1024 2606 ἅπασαν
1065 2551 1484 2619 ἀναλαϐόμενοι,
1518 2547 1816 2600 κατέλαϐον

241 2648 399 2712 αὖθις
449 2649 548 2718 τὴν
586 2647 982 2700 Ἐλενούπολιν.
1011 2646 1184 2712 Λόγου
1209 2644 1265 2696 δὲ
1299 2641 1611 2711 ἀναμεταξὺ
1636 2639 1816 2692 αὐτῶν

241 2759 302 2797 τι
325 2743 421 2796 καὶ
449 2741 560 2794 τῶν
613 2739 688 2809 μὴ
717 2740 814 2792 σὺν
859 2741 1044 2800 αὐτοῖς
1077 2736 1425 2790 ἀπελθόντων
1469 2733 1808 2802 κινηθέντοςο

239 2838 398 2888 ὁποῖα
429 2834 575 2901 φιλεῖ
607 2835 664 2886 ἐν
692 2835 804 2893 τοῖς
851 2831 1116 2893 τοιούτοις
1141 2829 1409 2897 γίνεσθαι,
1461 2827 1554 2881 τοῦ
1611 2826 1807 2894 φθόνου

243 2929 338 2982 τὸν
423 2927 597 2995 θυμὸν
679 2925 1078 2992 ἀναφλέγοντος
1151 2923 1261 2976 τῶν
1343 2919 1810 2989 ἀπολειφθέντων.

242 3021 562 3074 Κὰντεῦθεν
607 3019 920 3088 ἁψιμαχίας
975 3019 1184 3086 ἀμφοῖν
1232 3015 1556 3084 γενομένης,
1616 3015 1664 3066 οἱ
1693 3012 1818 3065 τολ-

247 3113 442 3183 μητίαι
471 3112 755 3180 Νορμάνοι
788 3109 1180 3178 ἀποκριθέντες
1216 3104 1370 3169 αὖθις
1398 3107 1494 3176 τὴν
1551 3103 1815 3174 Ξερίγορ-

241 3205 333 3258 δον
367 3204 479 3268 (i7)
530 3201 930 3261 καταλαϐόντες
955 3201 1014 3264 ἐξ
1058 3199 1249 3267 ἐφόδου
1283 3199 1573 3267 κατέσχον.
1612 3195 1816 3250 Μαθὼν

239 3297 298 3350 δὲ
338 3296 402 3347 τὸ
429 3293 652 3362 γεγονὸς
685 3293 714 3343 ὁ
760 3291 987 3344 σουλτάν
1015 3291 1136 3343 κατ’
1179 3290 1360 3343 αὐτῶν
1389 3291 1528 3358 μετά
1566 3287 1820 3359 ἀποχρώ-

243 3406 345 3456 σης
376 3389 656 3455 δυνάμεως
692 3385 966 3446 ἐκπέμπει
998 3384 1088 3436 τὸν
1133 3383 1419 3452 Ἐλχάνην.
1463 3383 1522 3434 Ὀ
1554 3383 1610 3433 δέ
1647 3399 1821 3435 κατα-

241 3480 447 3541 λαϐὼν,
482 3480 632 3549 αἱρεῖ
667 3478 766 3546 μὲν
797 3478 894 3544 τὴν
925 3475 1273 3545 Ξερίγορδον,
1299 3474 1404 3526 τῶν
1438 3475 1493 3526 δὲ
1515 3474 1820 3544 Νορμάνων

241 3575 370 3636 τοὺς
430 3572 530 3640 μὲν
592 3571 766 3636 ξιφίν
833 3567 1224 3635 παρανάλωμα
1255 3565 1573 3634 ἐποιήσατο,
1605 3567 1728 3626 τοὺς
1767 3565 1822 3617 δὲ

243 3665 337 3716 καὶ
393 3661 666 3730 ζωγρείαν
716 3656 818 3730 ἦγε
883 3660 1196 3728 μελετήσας
1250 3659 1366 3727 ἅμα
1395 3658 1487 3710 καὶ
1540 3659 1681 3711 κατά
1713 3658 1822 3709 τῶν

245 3752 787 3827 συναπολειφθέντων
815 3750 892 3818 τῷ
920 3749 1350 3818 Κουκουπέτρῳ,
1381 3749 1474 3801 καὶ
1503 3749 1694 3816 λόχους
1724 3750 1822 3817 μὲν

247 3851 307 3900 ἐν
350 3847 663 3915 ἐπικαίροις
713 3843 1064 3913 καταστήσας
1096 3842 1304 3907 τόποις,
1339 3842 1415 3904 ὡς
1457 3843 1522 3895 ἀν
1563 3841 1640 3910 τῷ
1683 3843 1825 3893 κατά

245 3945 346 4011 τῆς
371 3940 606 4002 Νικαίας
623 3936 1072 3998 ἀπιέναιτούτοις
1099 3937 1430 4005 ἀπροόπτω;
1456 3935 1824 4004 ἐμπίπτοντες

247 4033 604 4102 ἀναιρῶνται.
629 4028 919 4082 Γινώσκων
949 4028 1006 4081 δὲ
1042 4030 1135 4081 καὶ
1161 4029 1224 4080 τὸ
1258 4029 1366 4079 τῶν
1397 4027 1617 4079 Κελτῶν
1641 4029 1828 4096 ἐρασι-

248 4124 555 4190 χρήματον,
583 4119 678 4171 δύο
702 4120 854 4180 τινὰς
879 4119 1250 4188 δραστηρίους
1279 4117 1379 4189 τὴν
1398 4117 1624 4186 γνώμην
1659 4135 1826 4186 μετα⁶

249 4214 609 4284 πεμψάμενος
633 4212 934 4264 ἐνετείλατο
969 4211 1226 4264 ἀπελθεῖν
1245 4211 1381 4280 πρὸς
1411 4209 1471 4263 τδ
1502 4210 1828 4280 στράτευμα

249 4307 345 4360 τοῦ
378 4307 802 4372 Κουκουπέτρου
829 4303 1334 4372 διακηρυκεύοντας
1368 4301 1441 4365 ὡς
1472 4304 1518 4354 oi
1549 4303 1828 4372 Νορμάνοι

250 4397 623 4466 κατασχόντες
686 4394 786 4463 τὴν
851 4395 1111 4456 Νίκαιαν,
1177 4394 1384 4462 δασμὸν
1444 4394 1549 4446 τῶν
1593 4397 1651 4446 ὲν
1693 4396 1826 4465 αὐτῇ

1919 604 2013 656 per
2043 588 2328 656 llungaria:
2376 587 2512 640 lines
2553 577 3082 645 Constantinopolim
3115 590 3174 629 se
3228 573 3487 631 contulit.

1918 690 2063 734 tanta
2090 680 2398 742 velocitate,
2425 686 2486 730 ut
2514 677 2786 744 specimen
2821 673 2870 726 id
2903 673 3004 723 iter
3027 683 3148 722 esse
3173 675 3354 732 posset
3386 681 3474 718 ar-

1917 775 2093 826 dentis
2123 781 2175 822 et
2207 770 2367 824 facile
2395 769 2634 820 victricis
2679 778 2953 816 morarum
2974 761 3213 811 omnium
3246 755 3473 808 strenui-

1918 865 2046 918 tatis
2079 863 2419 932 ingeniorum
2445 859 2800 918 Gallicorum,
2833 854 2972 921 quod
3006 866 3173 920 genus
3205 849 3485 914 aliisjam-

1916 957 2124 1023 pridem
2161 954 2309 1006 ducti
2363 949 2690 1018 coniecturis
2746 947 3016 1001 homines,
3067 941 3385 1007 praefervida
3435 943 3487 987 et

1915 1045 2188 1113 imprimis
2241 1043 2446 1098 eﬂicaci
2494 1051 2684 1094 natura
2719 1037 3001 1108 przwlitnm
3057 1033 3254 1101 passim
3283 1029 3486 1084 ferunt.

1917 1137 2051 1190 llnic
2103 1135 2268 1190 Petro
2325 1136 2619 1200 imperator
2677 1132 2730 1183 in
2771 1128 2981 1181 Turcos
3038 1123 3248 1183 ruenti,
3283 1120 3488 1187 peritus

1917 1231 2031 1298 ipse
2061 1245 2238 1283 rerum
2277 1240 2597 1289 morumque
2642 1222 2822 1290 gentis
2851 1221 2988 1287 ejus,
3025 1216 3194 1268 multa
3227 1211 3488 1264 benevole

1918 1339 1977 1375 ac
2009 1319 2301 1388 prudentc‘r
2349 1317 2606 1370 suadebat
2638 1310 3046 1382 prmvcrtendis,
3071 1310 3124 1358 in
3154 1320 3272 1373 quae
3299 1303 3489 1354 deinde

1917 1413 1960 1466 is
2005 1412 2213 1474 incidit,
2253 1411 2408 1462 malis
2462 1411 2853 1475 pempportuna
2898 1416 2917 1454 :
2967 1401 3106 1452 inter
3137 1398 3236 1449 alia
3265 1407 3317 1448 ut
3352 1392 3489 1445 alio-

1915 1518 2032 1554 rum
2069 1501 2326 1553 comitum
2386 1513 2520 1565 quos
2554 1497 2606 1550 in
2664 1495 2859 1547 itinere
2903 1505 3026 1546 esse
3064 1495 3358 1546 constaret,
3389 1484 3489 1535 ad-

1920 1600 2134 1644 ventmn
2169 1588 2598 1655 praestolaretur.
2631 1583 2834 1637 Verum
2860 1581 3043 1634 omnia
3075 1578 3166 1631 ille
3194 1592 3287 1629 sua
3317 1575 3489 1626 fretus

1919 1679 2266 1735 multitudine
2312 1677 2660 1742 contempsit,
2721 1672 3165 1736 transmissisqne
3220 1666 3361 1720 freto
3392 1677 3486 1716 co-

1921 1773 2042 1839 piis.
2083 1771 2149 1824 ad
2209 1785 2432 1839 parvum
2487 1768 2764 1834 oppidum.
2807 1761 3177 1827 Helenopolim
3215 1765 3489 1818 vocatum,

1923 1864 2099 1931 posuit
2127 1870 2329 1915 castra.
2363 1858 2748 1925 Sequebantur
2775 1853 2924 1906 bunc
2951 1853 3143 1902 ducem
3201 1842 3488 1900 Nortmani

1921 1955 1985 2006 ad
2017 1954 2203 2006 decem
2251 1951 2437 2004 millia.
2488 1949 2550 2001 lli
2603 1955 2720 2000 tum
2766 1943 3032 2012 segregati
3067 1957 3094 1994 a
3125 1941 3328 2005 reliquo
3367 1951 3492 1988 cor-

1921 2060 2070 2114 pore,
2115 2043 2594 2112 circnmjacentem
2636 2037 2922 2090 vastabant
2960 2032 3149 2084 Niemze
3192 2030 3489 2095 regionem,

1923 2147 2073 2190 tanta
2136 2137 2189 2189 in
2242 2148 2432 2188 omnes
2464 2129 2786 2185 crudelitate
2826 2132 2886 2178 nt-
2931 2121 3185 2192 puerulos
3230 2119 3492 2171 lactentes

1921 2245 2048 2297 pars
2067 2230 2437 2295 discerperent
2474 2220 2839 2278 membratim,
2883 2230 3010 2284 pars
3051 2212 3241 2276 ligneis
3275 2207 3493 2262 transii-

1921 2335 2020 2374 xos
2047 2319 2286 2372 verubus
2323 2315 2433 2382 igni
2460 2321 2744 2373 assarcnt;
2784 2307 2983 2361 adultis
3015 2319 3145 2357 vero
3174 2317 3236 2353 ac
3267 2300 3490 2352 senibus

1921 2409 2099 2462 omnis
2131 2406 2370 2469 generis,
2405 2404 2547 2455 nulla
2604 2416 2709 2454 non
2745 2397 2993 2466 supplicii
3045 2410 3108 2447 ac
3153 2389 3496 2446 contumelia:

1924 2497 2267 2550 immanitate
2320 2493 2629 2546 illuderent.
2690 2488 2889 2542 Harum
2961 2499 3121 2538 sensu
3175 2480 3492 2543 iniuriarum

1921 2595 2272 2653 erumpentes
2298 2584 2473 2637 Nicaea
2506 2581 2694 2639 Turci,
2725 2578 2966 2647 praelium
3011 2591 3134 2630 cum
3183 2569 3494 2626 Nortmanis

1923 2690 2075 2733 atrox
2104 2685 2436 2737 conserurit;
2471 2675 2562 2728 sed
2606 2675 2690 2727 his
2727 2671 3023 2725 fortissime
3057 2663 3488 2734 repugnantibus

1930 2771 2084 2824 fracti
2116 2770 2347 2835 victique
2376 2774 2626 2836 repetunt
2657 2764 2866 2817 uibetn.
2890 2759 3159 2824 Victores,
3193 2756 3495 2820 Helenopo-

1925 2862 2014 2916 lim
2067 2865 2132 2915 ad
2173 2861 2442 2928 reliquum
2475 2857 2774 2912 exercitum
2807 2851 3058 2921 profecti,
3109 2851 3251 2903 baud
3285 2845 3496 2912 placide

1925 2969 1951 3005 a
1997 2952 2160 3006 sociis
2205 2949 2417 3018 excepti
2474 2957 2636 3011 sunt,
2686 2947 2944 2998 audacem
3016 2940 3324 3011 superbiam
3381 2949 3492 2990 rem

1924 3045 2156 3098 seorsim
2209 3057 2399 3110 gerere
2455 3041 2754 3094 volentium
2809 3033 3230 3092 incusantibus,
3280 3037 3334 3082 «ιι
3396 3027 3498 3080 alia

1848 3177 1890 3235 ϐ
1927 3133 2283 3202 querentibus
2314 3131 2497 3200 qualia
2533 3131 2621 3184 tali
2659 3140 2899 3194 tempore
2944 3126 3085 3177 inter
3139 3122 3275 3174 tales
3307 3132 3496 3186 perso-

1923 3241 2024 3281 nas
2049 3225 2248 3278 invidia
2292 3224 2477 3292 jacere
2525 3213 3497 3274 novitdiscordiarumirritamenta.

1925 3322 2033 3375 Res
2095 3321 2236 3374 haud
2287 3318 2472 3388 procul
2531 3316 2792 3370 seditione
2855 3326 2918 3365 ac
2950 3309 3092 3363 civili
3147 3306 3330 3369 prmlio
3369 3303 3492 3359 fuit.

1921 3413 2155 3467 Tandem
2180 3411 2386 3466 feroces
2415 3393 2716 3469 Nortmani,
2750 3402 2978 3470 sejuncti
3011 3414 3239 3467 rursus;a
3265 3396 3498 3462 caeteris,

1926 3505 2288 3574 Xerigordnm
2322 3503 2524 3571 impetu
2552 3499 2799 3566 capiunt,
2833 3507 3060 3561 eamque
3087 3491 3355 3544 obtinent.
3386 3486 3502 3552 Quo

1924 3599 2166 3651 snltaues
2194 3595 2378 3648 audito
2407 3609 2528 3647 cum
2562 3588 2772 3644 idoneis
2795 3587 2966 3654 copiis
2993 3583 3283 3635 Elcbanem
3313 3578 3500 3640 mittit,

1925 3691 2016 3758 qui
2084 3697 2296 3754 recepta
2352 3683 2652 3749 Xerigordo
2694 3680 3109 3732 Nortmanornm
3160 3671 3292 3722 alios
3331 3667 3504 3736 gladio

1925 3779 2144 3837 cecidit,
2199 3777 2332 3830 alios
2387 3774 2630 3841 captivos
2691 3767 2939 3825 abduxit,
3007 3761 3166 3817 simul
3244 3762 3504 3811 adversus

1928 3881 2154 3924 caateras
2186 3864 2477 3934 Cucnpetri
2511 3864 2694 3930 copias
2739 3857 2966 3914 consilia
2997 3861 3051 3907 et
3073 3853 3221 3905 dolos
3253 3850 3503 3904 moliens.

1927 3961 2063 4014 Nam
2101 3969 2156 4011 et
2179 3957 2404 4010 insidias
2437 3955 2612 4025 posuit
2643 3954 2774 4007 locis
2823 3951 3030 4005 idoneis
3060 3963 3156 4016 per
3173 3960 3290 4014 quze
3327 3952 3508 3996 trans-

1928 4053 2036 4106 i:us
2081 4057 2200 4102 erat
2239 4047 2547 4115 llelenopoli
2597 4045 2833 4100 Nicmam
2905 4041 3238 4111 petentibus,
3275 4045 3327 4114 et
3363 4032 3509 4087 Lati-

1928 4157 2123 4196 nornm
2172 4138 2400 4192 avaritia
2450 4145 2758 4206 perspecta,
2813 4138 2950 4188 duos
3004 4130 3270 4201 quosdam
3311 4112 3509 4178 'val'ros

1929 4229 2184 4287 submisit
2229 4227 2476 4281 homines
2511 4225 2564 4278 in
2619 4224 2761 4278 Petri
2803 4233 3006 4288 castra,
3042 4220 3131 4287 qui
3181 4217 3379 4286 passim
3419 4227 3511 4281 per

1931 4306 2232 4376 eiercitum
2276 4318 2480 4373 ferrent
2509 4313 2838 4369 Nortmanos
2908 4313 3119 4380 cepisse
3150 4309 3407 4367 Nicaeam,
3453 4301 3507 4354 in

1931 4426 2101 4482 eaque
2131 4426 2273 4465 nunc
2308 4408 2612 4478 diripienda
2651 4405 2878 4470 versari,
2909 4408 2997 4458 vix
3028 4416 3188 4473 pares
3206 4407 3506 4468 exportan-

251 4492 558 4543 ποιοῦνται.
599 4485 751 4554 Αὕτη
787 4487 818 4555 ή
876 4485 1036 4554 φήμη
1071 4483 1198 4546 τοὺς
1228 4483 1305 4552 τῷ
1346 4485 1538 4556 Πέτρῳ
1573 4489 1819 4550 συνόντας

1938 4509 2023 4561 dis
2067 4503 2350 4560 immensis
2385 4502 2600 4570 opibus,
2639 4500 2846 4554 interea
2894 4512 3026 4552 sane
3072 4495 3196 4549 dum
3232 4492 3330 4560 ipsi
3370 4485 3510 4555 apud

252 4581 645 4642 καταλαϐοῦσα
701 4579 892 4642 δεινῶς
941 4577 1274 4647 συνετάραξε
1301 4594 1314 4608 ⁸
1357 4579 1566 4647 δασμὸν
1597 4583 1706 4650 γὰρ
1742 4584 1837 4636 καὶ

253 4677 518 4746 χρήματα
567 4672 897 4742 ἀκηκοότες,
967 4671 1322 4740 παραχρῆμα
1376 4673 1475 4742 τῆς
1530 4676 1683 4743 παρὰ
1735 4674 1834 4746 τὴν

1941 4595 2314 4663 Helenopolim
2348 4594 2462 4646 otio
2496 4601 2794 4660 torperent.
2835 4589 3001 4643 Movit
3035 4582 3428 4641 incredibiliter
3450 4591 3512 4629 ea

1945 4689 2088 4742 fama
2141 4685 2336 4755 vulgus
2394 4683 2650 4749 militum,
2685 4698 2786 4738 nec
2844 4681 3017 4738 teneri
3070 4679 3215 4732 ultra
3249 4684 3513 4745 potuere:

1287 4784 1489 4846 Variae
1533 4787 1840 4859 lectiones
1884 4816 1966 4862 ex
2010 4799 2154 4862 cod.
2202 4795 2472 4861 Coislin.

329 4896 344 4927 ¹
375 4895 514 4948 ὡσεὶ
545 4892 714 4947 κατά.
809 4893 830 4924 ⁹
859 4889 976 4947 τοῦ.
1053 4888 1074 4920 ³
1104 4874 1420 4960 καρτερεῖν.
1495 4890 1516 4922 ⁸
1551 4895 1824 4967 αἰσθήσει,

1326 5009 1459 5072 Car.
1495 5009 1938 5086 DufresniiIDu
1963 5015 2179 5094 Cangii
2218 5019 2412 5075 notae.

325 5109 438 5194 (l5)
503 5107 804 5194 Χιλιᾴδων
858 5107 1248 5191 ὀτδοήιςοιςτα.
1325 5108 1606 5194 Exercitus
1650 5113 1823 5194 Ῥοιςί

260 5180 498 5258 τψῑοεω
549 5181 904 5258 [ιιὶιιεςμι-εηςι
939 5180 1100 5231 maris
1129 5180 1542 5246 innumerabilis,
1572 5184 1660 5246 qui
1687 5201 1716 5235 a
1746 5184 1827 5234 di-

262 5253 417 5304 uersis
445 5252 619 5320 regnis
659 5248 742 5320 illi
771 5249 1079 5320 conjnncms
1113 5251 1412 5312 advenerat,
1458 5251 1528 5302 ait
1572 5252 1823 5304 Albertus

262 5319 653 5389 Aquileiensis.
684 5319 778 5389 lib.
806 5335 844 5384 ι,
868 5335 988 5387 cap.
1019 5319 1072 5372 8.
1105 5320 1174 5371 At
1199 5321 1342 5389 idem,
1361 5321 1612 5388 scriptor.
1645 5336 1694 5374 c.
1733 5321 1823 5384 l5,

263 5387 440 5471 utine!
505 5404 569 5471 eo
605 5387 827 5469 Tyrius,
892 5388 988 5442 lib.
1045 5403 1084 5451 t,
1141 5402 1263 5454 cap.
1325 5388 1412 5453 19,
1446 5387 1824 5471 .quadraginta

263 5461 491 5514 tnillium
513 5460 794 5512 hominum
819 5473 1104 5512 nunterum
1130 5474 1232 5512 non
1250 5458 1551 5514 excessisse
1566 5458 1831 5514 scribunt.

333 5531 451 5598 (16)
501 5528 960 5582 Ἐλενούπολιν.
1008 5529 1351 5598 Transmisso
1402 5529 1564 5590 freto,
1615 5530 1836 5581 Petrum

261 5595 621 5663 ail‘portum,
674 5598 761 5664 qui
812 5607 1036 5652 vocatur
1113 5595 1324 5662 Civitot,
1384 5607 1832 5653 castramctatun

259 5671 451 5728 Scribit
479 5668 735 5722 Albertns
781 5665 1162 5735 Aquileiensis,
1218 5667 1312 5720 lib.
1373 5683 1411 5730 I,
1465 5684 1584 5737 cap.
1628 5668 1709 5723 lli.
1750 5669 1842 5720 Est

260 5758 388 5817 vero
419 5737 771 5817 Helenopolis
803 5737 1077 5817 Bithxniae.
1100 5737 1228 5815 urbs
1273 5735 1667 5817 ad_Dracontis
1696 5735 1841 5788 nnivii

261 5815 497 5873 ostium,
561 5805 1081 5864 in'Nicomediensi
1135 5808 1278 5872 sinu,
1343 5807 1645 5876 Drepanum
1713 5808 1840 5859 olim

1937 5117 2188 5174 dicta.et
2227 5115 2295 5167 ab
2352 5111 2553 5166 Helena
2610 5109 2950 5165 Constantini
3008 5107 3081 5160 M.
3133 5115 3327 5166 matre,
3356 5117 3515 5174 quam

1933 5185 1983 5237 ei
2018 5172 2253 5236 natalem
2305 5181 2474 5235 fuisse
2519 5183 2691 5239 aiunt.
2747 5187 3050 5236 nuncupata
3079 5217 3092 5234 ,
3151 5186 3205 5227 ut
3261 5184 3344 5226 est
3377 5172 3516 5238 apud

1931 5253 2272 5310 Cedreuum.
2338 5266 2424 5303 an.
2509 5250 2612 5313 9.0;
2679 5247 2960 5302 Constant.
3025 5244 3276 5313 Proc_o_p.,
3325 5243 3429 5313 lib.
3489 5254 3519 5289 v

1935 5322 2008 5374 De
2049 5319 2195 5386 ardif.
2242 5320 2384 5372 Just.
2439 5309 2752 5386 Ensebinsx
2789 5316 2880 5368 lib.
2927 5329 2977 5367 tv
3020 5312 3096 5365 De
3147 5311 3272 5386 _V_Ha
3299 5309 3522 5386 ροηδε..

1934 5407 2052 5458 cap.
2086 5380 2198 5454 6f;
2247 5389 2644 5458 Philostmgus,
2701 5385 2813 5458 lib._
2842 5399 2912 5458 ιι,
2965 5397 3085 5458 cap,
3128 5381 3245 5458 dii“;
3297 5380 3513 5458 Sprrut.

1935 5448 2196 5526 Pii-cepit..-
2226 5448 2646 5526 etc._Ejusdent
2692 5453 2872 5526 oppidi
2922 5449 3175 5526 meminit
3203 5448 3514 5526 Po_rpliyro-_-

1937 5517 2180 5598 genu-cla
2228 5529 2277 5598 in
2341 5517 2588 5598 Thémale
2659 5517 2860 5588 obseq.,
2919 5527 2976 5572 ut
3037 5525 3091 5569 et
3144 5517 3409 5586 Scylitzes
3461 5522 3518 5567 et

1938 5590 1982 5654 Ε
2006 5613 2135 5668 γοτιις
2167 5598 2220 5668 in
2247 5595 2489 5668 “eruntin
2522 5590 2779 5668 Diogene.

2013 5651 2123 5736 ll7)
2158 5664 2533 5730 Ξερίγορδοιο.
2569 5651 2822 5736 (155:9th
2854 5655 3013 5736 _nlt_ra
3070 5651 3329 5736 Eiemam,
3387 5651 3524 5736 ἐξέτρ-

1942 5721 2632 5805 νοάονῤοίιὴηἲιιψιιιιιιιι
2697 5725 3011 5783 Tudebodo.
3072 5721 3338 5788 Baldrico,
3387 5721 3520 5776 Gni-

1945 5804 2100 5863 berto
2125 5815 2178 5861 et
2199 5804 2386 5875 Tyri-0.
