4024 6270
551 363 656 426 739

1839 345 2065 408 ANN/E
2095 341 2486 406 COMNENIE

3676 331 3782 394 740
3838 328 3842 332 ’

552 474 720 533 lsaaci
755 463 1205 525 sebastocraloris
1246 462 1410 528 lilius,
1441 461 1504 515 tle
1531 475 1636 530 quo
1662 460 1912 530 superius
1935 468 2112 514 actum

2228 456 2313 508 καὶ
2341 455 2408 506 τὰ
2444 452 2658 521 πελάγη
2694 449 3048 520 περισκοπῶν
3091 448 3168 511 ὡς
3202 447 3277 518 μὴ
3307 445 3523 502 λάθοιεν
3552 447 3714 500 αὐτὸν
3748 447 3782 480 ‘-'

549 578 652 622 est.
686 562 856 618 Classi
910 573 1037 612 vero
1071 556 1218 610 circa
1279 553 1562 623 Dyrrachii
1598 562 1807 620 portum
1863 550 2114 604 discretis

555 651 876 710 stationibus
913 647 1218 699 imminenti
1271 644 1322 696 in
1377 642 1802 711 speculationem
1833 655 1897 693 ac
1931 651 2111 693 custo-

555 749 697 800 diam
754 742 920 795 maris
976 738 1096 806 ejus
1150 736 1336 798 totius,
1388 750 1510 785 cum
1561 741 1824 801 potestate
1885 740 2114 800 prmerat

550 836 806 890 Nit-olatis
839 827 1290 888 MaurOcatacalo,
1337 825 1545 878 crebris
1598 825 1746 878 illinc
1778 823 2113 878 excursioni-

548 932 646 982 bus
678 938 985 990 erumpens,
1019 921 1425 984 observansqne
1459 917 1562 969 late
1593 931 1658 969 ne
1693 930 1793 982 qua
1827 916 2116 983 improviso

550 1019 773 1087 piratica
825 1015 975 1066 navis
1009 1011 1248 1062 Romana
1301 1008 1481 1060 littora
1537 1015 1790 1059 tentaret.
1861 1007 1938 1058 Ad
1970 1007 2114 1058 hunc

548 1119 834 1171 utrumque
871 1103 1163 1168 imperator
1185 1095 1423 1162 acceptis
1454 1093 1690 1164 llugonis
1721 1093 1934 1156 litteris,
1967 1107 2117 1144 seor-

549 1215 664 1252 Slltii
699 1195 912 1257 scribit,
999 1188 1193 1243 Joanni
1230 1187 1446 1254 quidem
1498 1187 1620 1238 duci
1654 1185 1931 1254 Dyrrachii
1965 1199 2115 1234 mati-

550 1291 686 1342 dans
725 1297 779 1338 ιιι
811 1301 838 1336 a
887 1283 1202 1335 continente
1256 1286 1418 1345 atque
1454 1293 1548 1328 ora
1589 1276 1812 1329 Iittorali
1855 1274 2114 1328 Calabriae

548 1383 770 1434 adversa
803 1375 938 1430 Galli
966 1374 1253 1425 adventum
1281 1368 1643 1437 opperiretur,
1669 1370 1838 1434 deque
1867 1380 1930 1418 eo
1954 1379 2112 1432 quam

547 1471 830 1525 celerrime
883 1467 947 1518 ad
986 1480 1042 1518 se
1092 1463 1310 1515 nuntios
1361 1462 1533 1524 daret,
1580 1459 1850 1523 litigonem
1901 1457 2114 1509 interim

551 1564 719 1628 ipsum
750 1562 1023 1626 exciperet
1058 1559 1376 1622 magnifice;
1416 1555 1602 1607 ducem
1648 1566 1777 1603 vero
1810 1550 1998 1602 classis
2034 1549 2115 1601 vi-

551 1652 718 1720 gilare
740 1649 957 1713 jubehat
993 1647 1206 1697 acribus
1244 1653 1296 1696 et
1323 1643 1552 1695 assiduis
1585 1640 1825 1692 excubiis
1856 1639 2116 1691 intentum

548 1747 601 1794 iii
631 1741 968 1794 oceasioneni
1008 1753 1221 1790 omnem
1255 1747 1309 1788 et
1357 1747 1570 1800 semper
1615 1740 1860 1800 paratum
1905 1732 1971 1782 ad
2004 1743 2114 1782 rem

550 1833 856 1901 gerendam.
907 1829 1126 1882 Interim
1186 1827 1250 1880 ad
1288 1841 1436 1879 oram
1487 1822 1871 1892 Longohardiae
1911 1821 2116 1873 mariti-

552 1939 690 1974 mam
727 1919 877 1988 Hngo
930 1928 1215 1986 provectus
1253 1917 1456 1983 legatos
1505 1917 1570 1966 atl
1617 1915 1804 1966 ducem
1840 1911 2118 1981 Dyrrachii

553 2013 716 2065 mittit
745 2020 976 2076 quatuor
995 2023 1156 2075 supra
1177 2006 1384 2073 viginti,
1408 2005 1590 2056 loricis
1606 2017 1793 2055 omnes
1816 2002 2122 2068 ocreisqne,

554 2119 673 2153 cnni
708 2112 980 2154 armatura
1031 2081 1246 2159 caziera,
1280 2097 1660 2162 cataphractos
1694 2093 1894 2145 aureis.
1958 2090 2123 2143 Erant

555 2210 674 2244 cum
717 2193 796 2246 eis
830 2206 1012 2244 comes
1063 2187 1506 2256 Tzerpenterius,
1535 2195 1586 2238 et
1620 2183 1802 2237 llclias
1831 2185 1921 2252 qui
1955 2181 2124 2236 Thes-

554 2285 792 2337 salonica
822 2283 889 2334 ab
927 2283 1254 2348 imperatore
1285 2278 1614 2346 profugerat.
1654 2275 1855 2327 Horum
1905 2274 1971 2327 ad
2019 2274 2121 2325 dti-

553 2389 668 2428 rein
689 2375 800 2426 haec
829 2371 1000 2424 oratio
1033 2369 1160 2423 fuit:
1186 2368 1381 2422 Notum
1408 2367 1500 2420 tibi
1531 2369 1620 2428 sit,
1646 2383 1674 2418 ο
1699 2365 1827 2429 dux,
1853 2365 2122 2417 dominum

555 2479 784 2519 nostrum
842 2463 1118 2532 Hagonem
1179 2461 1565 2531 quamprimunt
1626 2458 1725 2510 huc
1783 2457 2123 2526 trajecturuni

553 2569 756 2624 sumpto
805 2573 968 2624 nuper
1022 2555 1197 2608 Roma:
1231 2570 1390 2606 aureo
1424 2552 1608 2605 vexillo
1641 2550 1697 2605 S.
1739 2549 1910 2603 Petri.
1970 2547 2123 2602 Scias

557 2667 712 2714 porro
755 2651 924 2715 ipsum
947 2664 1057 2700 esse
1091 2661 1352 2698 summum
1383 2648 1562 2697 ducem
1599 2642 1873 2695 Francica:
1921 2643 2126 2694 militia:

558 2742 826 2794 universis.
861 2738 1004 2791 Para
1042 2739 1203 2807 igitur
1239 2748 1284 2790 te
1319 2739 1390 2788 ad
1433 2752 1550 2789 eum
1585 2736 1970 2803 exercitumque
2012 2733 2126 2800 ejus

554 2847 648 2900 pro
686 2831 938 2899 dignitate
971 2830 1135 2896 ipsius
1170 2827 1554 2896 excipiendum,
1601 2826 2000 2894 meminerisque
2040 2841 2128 2877 oc-

555 2936 765 2971 cursum
795 2919 876 2970 illi
901 2917 1124 2970 debitum
1155 2918 1388 2968 reddere.
1418 2914 1566 2968 Talia
1595 2917 1720 2968 dum
1751 2915 1836 2968 isti
1871 2917 2127 2967 mandant

555 3008 706 3076 Hugo
737 3008 906 3061 Roma
941 3008 992 3060 in
1024 3007 1352 3067 Calabriam,
1391 3016 1450 3060 tit
1484 3007 1688 3060 dictum
1733 3013 1840 3069 est,
1891 3005 2122 3070 delatus,

2215 546 2505 618 λῃστρικώ
2545 545 2671 610 νῆες
2697 542 3175 612 παραπλεύσασιιι·
3197 543 3224 592 ὁ
3247 540 3611 608 αὐτοκράτωρ
3631 540 3786 604 εὐθὺς

2212 639 2520 706 γράμματα
2551 636 2689 704 πρὸς
2719 633 3064 703 ἀμφοτέρους
3087 631 3362 700 ἐκπέμπει
3406 630 3786 699 ἐντειλάμενος

2212 732 2302 782 τὸν
2333 730 2430 796 μὲν
2465 728 2634 780 δοῦκα
2677 725 2983 797 Δυρραχίου
3036 723 3125 776 διὰ
3165 727 3263 790 τῆς
3309 722 3540 792 ἠπείρου
3575 721 3787 788 καὶτῆς

2213 818 2482 888 παραλίας
2510 815 2824 884 ἐφεδρεύειν
2854 816 2952 883 τὴν
2975 812 3168 866 τούτου
3204 813 3438 875 ἐλευσιν,
3470 811 3564 863 καὶ
3603 827 3784 880 παρα-

2213 911 2406 979 χρῆμα.
2434 909 2511 978 τῷ
2542 908 2906 974 αὐτοκράτορι
2930 909 3147 972 ταχεῖαν
3180 905 3276 972 τῆς
3302 903 3494 956 τούτου
3523 903 3791 965 ἐλεύσεως

2214 1005 2398 1056 δοῦναι
2419 1004 2644 1069 γνῶσιν,
2669 1001 2732 1052 αὑ
2746 1000 2826 1050 τὸν
2856 999 2912 1051 δὲ
2931 999 3019 1050 τὸν
3034 995 3208 1049 υῦϐον
3231 996 3595 1050 ὑποδέξασθαι
3626 1013 3792 1064 μεγα-

2214 1093 2525 1163 λοπρεπῶς,
2555 1091 2648 1143 τὸν
2679 1090 2734 1141 δὲ
2761 1090 2929 1142 δοῦκα
2954 1088 3047 1140 τοῦ
3072 1087 3258 1140 στόλου
3277 1086 3792 1156 παρακελεύσασθιι

2219 1183 2482 1252 μηδαμῶς
2517 1181 2974 1234 ἀναπεπτωκέναι
3013 1177 3148 1248 μηδὲ
3177 1176 3644 1248 καταρρᾳθυμείν,
3673 1177 3788 1228 ἀλλ’

2217 1275 2581 1345 ἐγρηγορέναι
2615 1271 2925 1333 διαπαντός.
2962 1272 3118 1322 Κατὰ
3161 1270 3259 1338 τὴν
3294 1269 3570 1338 παραλίαν
3605 1268 3662 1321 δὲ
3693 1270 3792 1335 τῆς

2217 1367 2614 1436 Λογγιὸαρδίας
2642 1369 2668 1418 ὁ
2686 1362 2856 1426 0ὖὸος
2879 1361 3164 1421 διασωθεὶς
3195 1359 3454 1429 πρέσϐεις
3485 1363 3791 1430 τηνικαῦτα

2219 1461 2497 1528 ἐκπέμπει
2547 1458 2683 1526 πρὶς
2717 1457 2809 1509 τὸν
2867 1454 3035 1508 δοῦκα
3079 1453 3385 1524 Δυρραχίου
3432 1454 3608 1506 εἴκοσι
3659 1456 3792 1522 arpi;

2218 1555 2326 1613 τοῖς
2380 1549 2636 1618 τέσσαρσι
2693 1547 2783 1599 τὸν
2841 1545 3094 1614 ἀριθμὸν.
3149 1542 3356 1613 θώραξι
3391 1545 3651 1613 χρυσέοις
3694 1546 3789 1596 σὺν

2221 1645 2410 1705 αὐταῖς
2455 1644 2680 1710 κνημῖσι
2717 1637 3274 1710 περιπεφραγμένους
3321 1639 3456 1706 μετὰ
3490 1637 3589 1690 τοῦ
3622 1637 3793 1706 κόμη-

2220 1752 2312 1798 τος
2356 1732 2792 1802 Τζερπεντηρίου
2818 1731 2932 1798 (‘25)
2968 1732 3061 1782 καὶ
3101 1728 3261 1781 Ἥλία
3291 1729 3384 1781 τοῦ
3425 1731 3489 1781 ὲκ
3516 1729 3794 1782 Θεσσαλι-

2157 1807 2196 1858 B
2223 1826 2376 1892 νίκης
2405 1824 2809 1894 ἀποδράσαντος
2833 1823 2940 1874 ἀπὸ
2967 1821 3062 1873 τοῦ
3098 1823 3142 1854 ¹³
3169 1820 3594 1889 αὐτοκράτορος.
3638 1821 3704 1872 Οἱ
3739 1819 3793 1871 δὲ

2224 1919 2360 1988 προς
2419 1919 2508 1968 τὸν
2568 1915 2735 1969 δοῦκα
2787 1915 3014 1968 τοιαῦτα
3049 1913 3234 1980 ἔλεγον
3265 1928 3279 1944 ⁸
3308 1914 3602 1966 Γνωστὸν
3641 1912 3796 1966 ἔστω

2223 2028 2346 2072 σοι,
2399 2009 2570 2072 δοὺξ,
2612 2009 2699 2062 ὅτι
2740 2011 2771 2062 ὀ
2812 2009 3017 2074 κύριος
3059 2006 3228 2074 ἡμῶν
3258 2001 3468 2069 Οὖὸος,
3499 2005 3656 2058 ὅσον
3683 2004 3794 2070 ήδη

2223 2100 2686 2170 καταλαμϐάνει,
2731 2101 3181 2165 ἀναλαϐόμενος
3235 2098 3346 2150 ἀπὸ
3417 2095 3641 2163 Ῥώμης
3689 2095 3797 2158 τὴν

2224 2190 2578 2259 χρυσῆν-τοῦ
2605 2191 2778 2256 ἁγίου
2807 2187 3031 2254 Πέτρου
3059 2190 3328 2254 σημαίαν
3346 2186 3476 2254 (96).
3513 2185 3800 2254 Ἀρχηγὲν

2223 2282 2291 2333 δὲ
2325 2280 2540 2333 τοῦτον
2566 2279 2862 2332 ἐπίστασο
2908 2278 3015 2331 τοῦ
3050 2277 3382 2345 stipam-mat}
3420 2277 3798 2344 στρατεύμα-

2224 2391 2325 2436 τος
2340 2372 2624 2436 ἅπαντος.
2657 2369 3058 2436 Ἑτοιμάσθητι
3069 2370 3112 2400 ¹⁸
3133 2369 3278 2436 γοῦν
3293 2368 3440 2434 πρὸς
3457 2386 3485 2420 τ
3497 2367 3572 2431 ὴν
3585 2369 3801 2421 τούτων

2225 2465 2323 2518 καὶ
2354 2463 2472 2516 τῶν
2517 2465 2620 2517 ὑπ’
2661 2463 2848 2516 αὑτὸν
2883 2462 3198 2529 δυνάμεων
3232 2460 3425 2527 δοχὴν
3470 2459 3658 2523 ἀξίαν
3695 2459 3798 2525 τῆς

2223 2558 2410 2610 αὐτοῦ
2453 2555 2743 2618 ἐξουσίας
2797 2553 2894 2605 καὶ
2941 2553 3056 2618 τὴν
3103 2552 3252 2618 πρὸς
3286 2551 3473 2604 αὑτὸν
3518 2549 3799 2613 ὑπαντὴν

2227 2648 2654 2715 ποιησόμενος.
2729 2644 2950 2699 Τούτων
3011 2643 3238 2697 τοιαῦτα
3298 2642 3435 2712 πρὸς
3485 2641 3578 2694 τὸν
3634 2640 3798 2694 δοῦκα

2223 2740 2510 2806 λεγόντων,
2547 2739 2575 2790 ὸ
2601 2734 2773 2798 0560;
2807 2736 2895 2789 διὰ
2938 2739 3037 2805 τῆς
3085 2733 3308 2802 Ῥώμης
3364 2736 3441 2795 εἰς
3489 2731 3798 2802 Λογγιὸαρο

2225 2831 2366 2896 δίαν,
2395 2830 2469 2892 ὡς
2501 2829 2736 2898 εἴρηται,
2772 2827 3045 2881 κατελθὼν
3102 2827 3198 2880 καὶ
3221 2825 3310 2879 διὰ
3336 2825 3432 2894 τῆς
3466 2825 3694 2894 Βάρςως
3733 2823 3801 2884 ὡς

2226 2922 2362 2992 πρὸς
2415 2920 2474 2972 τὸ
2514 2918 2810 2988 Ἰλλυρικὸν
2835 2917 2928 2969 τὸν
2969 2917 3247 2968 ἀπόπλουν
3284 2913 3640 2983 ποιούμενος,
3671 2912 3802 2965 κλύε

2226 3011 2352 3064 δωνι
2389 3011 2634 3080 μεγίστῳ
2660 3009 2772 3078 (27)
2803 3007 3116 3079 περιπεσὼν
3147 3005 3391 3059 ἀπώλεσε
3418 3005 3486 3058 τὰ
3508 3003 3686 3059 πλείω
3706 3004 3809 3056 τῶν

1615 3141 1814 3202 Variae
1870 3141 2173 3210 lectiones
2205 3165 2281 3210 ex
2320 3147 2464 3208 cod.
2499 3145 2766 3208 Coislin.

630 3243 668 3275 ”
705 3243 867 3298 Deest
901 3257 1004 3297 vox
1024 3242 1210 3298 αὐτόν.
1296 3244 1340 3274 ⁸⁸
1376 3243 1809 3313 Ζερπεντηρίου.
1888 3241 1932 3274 ¹³
1961 3243 2080 3300 τοῦ.

2157 3249 2202 3279 ¹⁸
2229 3245 2524 3316 ἑτοιμάσαι
2549 3241 2862 3313 τοιγαροῦν.

1613 3358 1748 3417 Car.
1785 3359 2118 3422 Dufresnii
2156 3366 2273 3433 ,Du
2313 3359 2528 3438 Cangii
2570 3366 2758 3418 notae.
3081 3391 3090 3404 ο

625 3459 735 3525 (25)
787 3457 1260 3525 Τζερπεντηριου.
1293 3455 1417 3528 Fuit
1460 3456 1507 3510 is
1543 3455 1848 3510 Willelmus
1877 3457 2122 3527 Carpeno

2236 3476 2356 3528 cap.
2389 3459 2442 3516 9.
2473 3470 2525 3511 ei
2549 3457 2699 3511 Will.
2733 3455 2945 3526 Tyrius.
2995 3457 3085 3512 lib.
3121 3471 3180 3528 ii,
3213 3471 3331 3522 cap.
3364 3457 3418 3512 5.
3445 3460 3522 3514 De
3544 3459 3701 3516 Helia
3727 3461 3810 3516 hic

561 3532 750 3594 larius,
811 3543 904 3579 seu
957 3539 1010 3578 ut
1041 3529 1246 3580 Gallico
1292 3525 1619 3580 efferebatur
1660 3536 1788 3578 tunc
1845 3525 2122 3592 idiomate,

557 3600 700 3664 quod
769 3613 868 3650 suo
929 3597 1162 3649 reddidit
1209 3597 1402 3656 Anna,
1458 3595 1815 3662 (.‘harpentier.
1881 3595 1954 3649 De
2009 3597 2126 3661 ejus

559 3663 757 3720 familia
788 3675 841 3720 et
887 3669 1233 3734 cognomine,
1267 3666 1344 3716 sic
1380 3664 1647 3717 lioberttis
1692 3663 1856 3734 Μοιι..
1892 3666 1985 3718 lib.
2017 3682 2069 3718 tv
2105 3682 2119 3718 :

559 3737 854 3790 Willelmus
891 3733 970 3788 de,
995 3736 1158 3804 regali
1199 3736 1444 3804 prosapia
1480 3743 1625 3804 ortus
1678 3733 1801 3797 l'uit,
1848 3745 1892 3786 et
1936 3736 2124 3788 viceco-

557 3823 663 3860 mes
719 3806 999 3874 cujusdam
1050 3801 1309 3874 τιιιςιείιὶ,⁸
1341 3805 1477 3868 quod
1533 3801 1852 3855 Miliaunum
1908 3807 2124 3867 dicitur,

558 3877 681 3927 olim
722 3872 941 3937 exstitit,
982 3875 1072 3942 qui
1117 3877 1230 3926 ideo
1273 3872 1648 3939 Carpentarius
1681 3874 1827 3939 cozpit
1862 3876 2128 3942 cognomi-

560 3947 696 4004 nari,
726 3946 844 4013 quia
884 3945 939 3996 in
983 3941 1113 3996 bello
1164 3944 1341 3997 nullus
1393 3944 1596 3995 valebat
1632 3941 1939 3996 occursari.’
1962 3941 2128 3996 Nulla

558 4014 696 4066 enim
723 4015 885 4066 lorica
909 4023 1047 4076 erat,
1072 4013 1221 4082 galea
1257 4015 1329 4065 vel
1362 4014 1588 4078 clypeus,
1636 4014 1726 4081 qui
1753 4018 1910 4082 duros
1933 4014 2129 4065 lancete

560 4084 725 4145 illius,
782 4086 884 4136 sive
939 4079 1200 4135 mucronis
1259 4087 1533 4134 sustineret
1605 4079 1757 4134 ictus.
1817 4079 2128 4144 Guilierttts,

563 4155 655 4204 ΙιΙ).
715 4168 788 4209 iv.
844 4167 967 4220 cap.
1025 4153 1080 4214 7,
1115 4153 1214 4204 hoc
1271 4151 1432 4203 etiam
1495 4152 1817 4216 cognomine
1872 4152 2127 4220 donatum

564 4223 639 4273 ait
671 4219 1028 4282 Willelmutn,
1065 4237 1169 4273 non
1204 4223 1326 4288 quia
1360 4221 1505 4286 faber
1549 4220 1808 4288 lignarius
1851 4232 2003 4284 esset,
2039 4219 2127 4272 sed

563 4293 687 4358 quia
731 4293 782 4343 in
809 4290 954 4342 bellis
986 4296 1257 4353 credendo,
1286 4305 1428 4341 more
1471 4289 1814 4354 curpentarii,
1847 4289 2129 4344 insisteret.

565 4364 635 4410 At
671 4374 774 4413 ii0ti
812 4363 1006 4412 desunt
1035 4363 1120 4423 qui
1150 4358 1483 4424 Carpentarii
1519 4359 1840 4424 cognomine
1874 4360 2128 4410 donatum

569 4440 776 4494 putant,
813 4442 1032 4496 pmpicr
1073 4430 1327 4480 eximiam
1383 4428 1504 4494 ejus
1560 4428 1612 4480 in
1661 4428 1991 4496 fabricandis
2024 4428 2132 4479 bel-

571 4500 689 4549 licis
738 4495 1003 4549 machinis
1063 4498 1365 4559 solertiam,
1407 4498 1857 4564 quemadmodum
1905 4495 2132 4548 Fulche-

576 4568 685 4616 ritis
716 4566 922 4632 primus
959 4567 1416 4620 Lemovicensium
1447 4581 1635 4618 comes
1659 4566 1947 4619 industrius
1987 4565 2133 4634 faber

566 4637 620 4687 in
647 4635 798 4703 lignis
832 4635 995 4688 fuisse
1014 4639 1199 4687 eadem
1229 4638 1292 4687 de
1323 4650 1480 4688 causa
1524 4635 1717 4688 dicitur
1752 4637 1817 4688 ab
1841 4635 2108 4688 Ademaro

565 4705 770 4758 Catian.
835 4706 887 4756 iii
948 4707 1078 4757 Chr.
1136 4720 1224 4758 an.
1259 4703 1382 4756 876.
1421 4704 1690 4756 Rolierlus
1757 4719 1939 4757 comes
1991 4703 2132 4757 Brli-

575 4776 829 4836 smensis,
861 4773 916 4826 in
953 4774 1278 4826 exstruendis
1307 4773 1543 4839 adiﬁciis
1577 4783 1623 4824 et
1662 4773 1939 4836 machinis,
1985 4776 2136 4827 aliis-

566 4860 666 4912 que
700 4844 884 4897 arduis
917 4843 1155 4912 operibus
1196 4843 1490 4912 ingeniosus
1535 4841 1748 4910 artifex,
1776 4849 1842 4894 ab
1872 4841 2130 4898 Ortlerit-o

573 4911 756 4976 V'iiali,
805 4913 899 4965 lib.
947 4927 1063 4971 vni.
1102 4911 1480 4976 Carpentarius
1543 4926 1702 4978 porro
1750 4911 1902 4980 faber
1958 4913 2128 4980 ligna-

570 4986 683 5036 rius
717 4998 782 5034 ex
814 4982 1167 5048 scriptoribus
1191 4983 1288 5035 ervi
1324 4981 1607 5049 sequioris.
1641 4979 1780 5034 Idem
1813 4978 2125 5046 Orderii-us,

572 5053 664 5106 lib.
700 5067 774 5105 itit
805 5070 817 5105 :
849 5050 1217 5117 Carpentarios
1249 5053 1544 5118 berfredum
1590 5051 1840 5118 facientes
1888 5053 2125 5105 docebat.

569 5121 942 5189 Carpeuturius
975 5136 1172 5186 servus,
1203 5123 1258 5175 iii
1306 5122 1341 5174 l.
1401 5119 1510 5172 Sal.
1571 5124 1653 5174 tit.
1680 5120 1797 5190 7M,
1993 5119 2129 5174 Car-

570 5188 780 5258 pentuta
805 5192 1050 5256 a’diﬁcia,
1095 5190 1148 5243 id
1208 5201 1289 5244 est
1335 5191 1528 5258 lignea,
1569 5190 1622 5242 in
1664 5188 1886 5258 Speculo
1909 5188 2133 5255 Saxum,

576 5262 665 5312 lib.
728 5277 759 5320 t,
820 5271 922 5311 art.
969 5259 1058 5314 20.
1111 5260 1477 5328 Carpentaria,
1531 5259 1680 5312 locus
1735 5262 1822 5312 tibi
1870 5258 2008 5312 fabri
2069 5261 2132 5312 Ii-

575 5332 745 5396 guarii
774 5330 954 5394 operis
985 5330 1097 5382 suis
1129 5330 1468 5390 incumbunt,
1497 5332 1634 5394 apud
1660 5329 2032 5382 Innocentium
2065 5329 2133 5381 Ill

575 5397 698 5461 ΙΨ,
740 5399 832 5450 l.b.
882 5413 1001 5464 xiii,
1033 5399 1258 5465 epiStola
1298 5400 1386 5451 55.
1429 5397 1682 5450 Willelmi
1721 5400 1948 5451 Vil‘ltlles
1980 5399 2136 5467 longe

575 5470 828 5532 deprimit
863 5484 926 5519 ac
973 5471 1144 5520 elevat
1200 5467 1489 5520 Gitibertus
1532 5469 1648 5520 loco
1706 5471 1894 5531 citato,
1926 5483 2033 5534 quo
2079 5479 2130 5520 et

575 5552 690 5598 ejus
755 5539 804 5586 in
853 5535 1164 5604 Hispaniam
1210 5541 1605 5602 expeditionem
1658 5540 1869 5604 tangit,
1918 5541 1982 5590 de
2028 5553 2129 5604 qua

577 5608 736 5656 ctiam
794 5617 956 5666 agunt
1009 5603 1368 5667 Tudehodus,
1426 5607 1518 5659 lib.
1574 5621 1618 5663 I,
1685 5603 2007 5661 etilieslitis
2048 5603 2130 5660 ίιιι

577 5671 768 5725 Comit.
823 5673 983 5732 l’ici.,
1039 5689 1156 5740 cap.
1208 5676 1270 5727 l8
1313 5685 1366 5726 et
1413 5677 1500 5728 3U.
1569 5673 1684 5728 Utta
1736 5692 1856 5729 cum
1912 5675 2134 5742 Hugone

579 5749 792 5806 Captum
851 5750 1116 5795 testantur
1170 5743 1422 5798 Alberius
1475 5745 1857 5812 Aquileiensis,
1919 5746 2012 5800 lib.
2071 5759 2134 5800 tt.

2229 3527 2531 3583 memorato
2556 3528 2686 3579 nihil
2713 3529 3016 3590 succurrit;
3052 3527 3227 3578 nullus
3251 3531 3414 3590 enim,
3439 3532 3584 3590 quod
3611 3536 3810 3592 sciam,

2227 3600 2328 3653 hoc
2359 3597 2573 3648 nomine
2597 3600 2866 3660 reperitur
2889 3598 3028 3664 apud
3057 3600 3350 3662 scriptores
3377 3613 3561 3652 rerum
3589 3600 3808 3654 llieros.

2299 3668 2410 3737 (26)
2441 3664 2562 3732 Τὴν
2591 3664 2835 3737 χρυσῆν
2863 3666 2972 3719 τοῦ
3007 3667 3178 3737 ᾀγίου
3229 3667 3460 3732 Πέτρου
3507 3673 3808 3735 σημαίαν.

2230 3735 2363 3808 llinc
2396 3735 2611 3808 dicitur
2673 3736 2822 3808 lltigo
2868 3735 3087 3806 signifer
3111 3740 3338 3808 el__du.i_:_
3377 3737 3602 3800 militiae.
3666 3743 3806 3808 apud

2228 3805 2526 3858 iiobertntii
2564 3804 2730 3868 illum,
2773 3807 2864 3858 lib.
2907 3803 2964 3862 it.
3009 3803 3110 3874 pag
3163 3803 3252 3857 55.
3299 3805 3641 3873 Vexillarius,
3674 3803 3813 3874 apud

2227 3878 2498 3948 eumdem,
2551 3875 2642 3928 lib.
2701 3889 2855 3948 yi-et
2909 3891 3004 3935 VII,
3043 3891 3161 3942 pag.
3202 3875 3367 3948 5_8_cl
3417 3875 3508 3929 64.
3573 3875 3816 3948 δὶθιιὶίιυτ

2227 3954 2276 3998 et
2322 3945 2529 4008 ductor,
2565 3944 2716 4013 apud
2763 3945 3042 3998 Albertum
3091 3946 3523 4013 Aquileiensem,
3572 3944 3678 4005 ιιιῑ.
3738 3944 3810 4006 iv,

2229 4029 2348 4080 cap.
2410 4014 2497 4066 47.
2564 4012 2732 4066 Vetus
2792 4015 2844 4066 id
2909 4016 3005 4066 fuit
3058 4012 3368 4081 pontificum
3428 4012 3812 4072 Romanormit

2233 4084 2558 4144 lllalllullllll,
2589 4097 2641 4135 ιιι
2674 4082 2738 4135 ad
2773 4085 3042 4150 principes
3095 4081 3347 4136 Romana:
3387 4085 3652 4140 Ecclesiae
3714 4103 3806 4139 ve.

2232 4155 2414 4204 xillunt
2441 4153 2734 4216 mitterent,
2774 4167 2880 4218 quo
2906 4163 3190 4205 uterentur
3230 4155 3280 4204 in
3319 4153 3521 4220 praeliis
3556 4166 3616 4208 et
3658 4157 3815 4210 hellis

2233 4233 2420 4273 contra
2474 4222 2593 4274 fidei
2645 4223 2845 4274 hostes.
2883 4222 2956 4274 Ita
2987 4223 3125 4289 apud
3157 4223 3508 4275 Anastasitim
3545 4224 3809 4279 Biblioth.

2232 4291 2460 4356 legimus
2511 4291 2743 4343 donasse
2795 4289 3028 4344 Leonem
3079 4291 3183 4344 PP.
3219 4293 3414 4343 Carolo
3442 4289 3515 4345 Μ.
3551 4294 3814 4348 Ecclesia

2233 4361 2510 4422 vexillum,
2541 4362 2688 4427 quod
2719 4360 2862 4413 illius
2906 4371 3051 4412 esset
3087 4361 3424 4422 defensoret
3463 4365 3812 4427 advocatus;

2231 4441 2285 4481 ct
2335 4431 2386 4481 iii
2445 4427 2613 4482 Gestis
2669 4426 2963 4482 Innocentii
3034 4428 3172 4492 I’P.,
3230 4446 3350 4496 pag.
3404 4431 3494 4489 59.
3553 4426 3810 4486 ciiiiideni

2234 4501 2541 4564 pontificem
2591 4500 2768 4551 simile
2817 4502 3028 4551 misisse
3058 4501 3304 4552 vexillum
3352 4501 3416 4552 ad
3467 4499 3808 4554 Joaniiitium

2241 4566 2589 4637 Bulgarorum
2649 4584 2852 4637 regem,
2909 4585 3009 4633 quo
3059 4579 3240 4620 rontm
3287 4569 3404 4622 illos
3443 4579 3688 4623 uteretur
3725 4586 3811 4637 qui

2241 4636 2500 4689 honorant
2535 4639 2689 4689 labiis
2730 4635 3052 4706 Cruci/iitum
3076 4655 3093 4700 ;
3121 4654 3209 4689 cor
3237 4648 3412 4691 autem
3459 4657 3648 4693 eorum
3699 4635 3813 4694 lon-

2236 4709 2485 4775 ginquum
2507 4717 2579 4758 est
2614 4707 2678 4757 ab
2723 4709 2857 4774 ipso,
2896 4713 2995 4760 hoc
3026 4719 3109 4759 est
3145 4721 3335 4759 contra
3370 4709 3594 4764 Graecos
3630 4713 3808 4766 scitis-

2240 4779 2489 4837 inaticos,
2559 4787 2614 4826 tit
2657 4788 2741 4828 est
2796 4781 2845 4828 in
2902 4777 3138 4843 Epistula
3194 4779 3521 4840 ltinoceiitii,
3577 4798 3644 4833 ιιι
3705 4796 3806 4844 qua

2279 4857 2494 4897 raeterea
2547 4846 2990 4914 docetiittr_t'ruce
3025 4857 3077 4897 et
3111 4849 3356 4899 clavibus
3398 4852 3634 4914 geminis
3683 4850 3809 4900 illitd

2237 4860 2494 4967 praeterea
2547 4860 2801 4898 docemur
2834 4863 2990 4898 cruce
3025 4860 3077 4897 et
3111 4860 3356 4899 ctavnms
3398 4864 3634 4914 geminis
3683 4860 3809 4900 iltnd

2263 4917 2403 4968 uisse
2427 4915 2735 4981 insignitum
2766 4931 2778 4967 :
2810 4912 3090 4968 Prwtendit
3113 4927 3308 4976 autent,
3343 4917 3514 4982 inquit
3541 4917 3809 4982 pontifex,

2238 5000 2337 5054 non
2388 4987 2499 5037 sine
2561 4986 2805 5050 iitysterio
2835 4999 3038 5036 crucem
3081 4996 3127 5036 et
3186 4987 3353 5038 claves
3390 5001 3409 5038 :
3449 4989 3577 5054 quin
3625 4990 3809 5042 beatus

2241 5053 2427 5106 Petrus
2485 5059 2750 5120 apostolus
2803 5064 2850 5106 et
2900 5069 3103 5104 crucem
3160 5055 3217 5105 in
3257 5053 3467 5109 Christo
3527 5062 3806 5116 sustiuutl,

2238 5133 2287 5174 et
2338 5119 2525 5176 claves,
2565 5138 2596 5172 a
2647 5119 2855 5175 Christo
2905 5125 3149 5188 suscepit.
3209 5121 3566 5193 Repra'sentat
3626 5131 3809 5193 itaque

2232 5193 2437 5261 signum
2493 5193 2684 5253 crucis,
2719 5204 2891 5256 utpote
2929 5194 2979 5244 in
3031 5208 3133 5259 quo
3188 5191 3429 5246 Christus
3477 5198 3569 5262 qui
3616 5191 3804 5254 vincit,

2232 5272 2407 5327 regnat
2434 5273 2478 5313 et
2516 5263 2754 5326 impertit,
2794 5261 3066 5313 debellavit
3122 5278 3296 5313 aerias
3350 5261 3664 5326 potestates.
3701 5282 3806 5318 etc.

2237 5330 2448 5384 Clavem
2508 5341 2682 5382 autem
2731 5346 2987 5398 geminum
3035 5341 3410 5396 repra'sentat,
3472 5336 3808 5387 discretionis

2238 5402 2484 5464 alteram,
2515 5401 2735 5450 alterum
2768 5402 3058 5466 potestatis.
3091 5404 3274 5453 Exstat
3331 5403 3381 5453 iii
3433 5401 3809 5456 Ctt’i‘emouiui

2242 5468 2475 5522 Romano
2521 5470 2750 5540 formula
2787 5471 3181 5540 benedictionis
3209 5481 3262 5522 et
3302 5471 3618 5540 traditionis
3665 5476 3810 5540 (ἠυθ-

2244 5541 2386 5591 iiiodi
2424 5538 2620 5609 vexilli,
2667 5539 2760 5609 lib.
2810 5553 2849 5609 t,
2884 5538 3104 5609 sect.i7.
3143 5537 3272 5591 Vide
3298 5538 3598 5609 Philippum
3630 5537 3809 5594 Mal--

2244 5608 2415 5678 rium,
2459 5610 2511 5662 iit
2558 5605 2675 5678 ‘t’ita
2724 5608 2778 5661 S.
2835 5607 3268 5678 l’etriTLhOtnasi
3309 5605 3634 5678 patriarcha:
3669 5611 3805 5673 ΕΡ..

2241 5692 2356 5746 cap.
2388 5677 2441 5739 5,
2477 5681 2612 5742 apud
2643 5676 2909 5739 Bolland.,
2940 5677 3009 5730 29
3034 5676 3296 5730 Januarii.

2316 5747 2424 5816 (‘27)
2456 5747 2727 5800 κλύδωνι
2757 5747 3040 5816 μεγίστῳ.
3091 5747 3253 5818 Atqui
3302 5748 3446 5804 nulla
3492 5749 3632 5819 apud
3667 5751 3807 5804 scri-
