4040 6280
192 356 281 418 753

1408 361 1827 422 ALEXIADIS
1871 365 2016 427 Llll.
2061 367 2136 425 Χ.

3279 368 3387 434 ’154

192 465 338 519 oculis
383 464 458 519 vir
509 462 865 533 sanguinnm:
924 464 1110 533 quidni
1166 468 1268 522 hoc
1315 469 1458 523 enim
1510 471 1602 524 tali
1648 488 1711 527 ex
1743 472 1972 527 Psalmis
2008 473 2276 530 Davidicis
2307 490 2507 531 nonen
2543 478 2806 546 aptetur?
2881 477 3029 533 Adeo
3089 479 3382 538 barbarum

187 558 274 609 hoc
303 571 458 627 genus
485 572 583 610 non
617 558 797 611 minus
825 557 927 612 sibi
959 557 1080 612 belli
1115 573 1179 612 ac
1214 558 1379 628 gladii
1407 563 1495 629 jus
1530 578 1804 632 usumque
1839 574 2056 634 arrogat
2085 580 2245 635 quam
2296 572 2585 626 sacerdotii
2666 571 2869 642 apicem
2918 574 3181 642 deposcit.
3243 574 3393 631 Unde

188 655 262 709 hic
289 655 612 722 belligerator
641 656 813 725 magis
846 671 1005 725 quam
1039 658 1319 712 sacrificus
1373 663 1560 716 eodem
1630 673 1880 734 tempore
1941 674 1996 718 et
2051 667 2243 721 stolam
2295 668 2683 722 sacerdotalem
2731 669 2926 735 induit,
3006 677 3061 723 et
3107 670 3392 724 manubrio

182 746 254 799 vel
279 745 399 799 remi
425 745 507 799 vel
546 745 702 816 gladii
756 762 972 801 manum
1009 749 1250 805 admovit
1284 768 1476 820 pugnae
1527 755 1707 809 navali
1747 755 2075 812 lacessendae
2102 769 2445 829 promptam:
2490 760 2602 828 ipse
2624 761 2689 813 ad
2752 759 3095 830 pugnandum
3157 776 3394 831 cumque

185 840 299 894 mari
330 853 545 907 cumque
576 840 706 893 viris
736 841 892 894 simul
938 857 1005 896 ex
1037 858 1193 910 mque
1229 857 1470 914 paratus.
1533 851 1705 916 Quem
1745 853 1990 920 equidem
2028 856 2260 923 quando,
2291 856 2434 925 quod
2472 855 2649 910 facere
2673 855 2836 925 coepi,
2878 870 2999 909 cum
3066 858 3396 912 nostratibus

183 934 346 1003 mystis
372 946 635 1001 comparo,
672 932 818 987 illum
851 945 901 988 et
926 936 1042 1005 ejus
1072 938 1274 992 similes
1311 940 1625 994 bellicosum
1658 955 1723 994 ac
1758 940 2028 999 Pharaoni
2056 955 2203 1000 terra
2237 947 2485 1011 marique
2515 944 2769 1000 infestum
2834 943 2997 999 Mosis
3056 943 3397 1018 Aaronisque

184 1040 347 1094 gerere
371 1027 720 1081 sacerdotium
767 1030 1046 1111 arbitror:
1090 1043 1310 1088 nostros
1346 1037 1611 1090 mansueti
1650 1034 1885 1103 Domini,
1955 1040 2043 1109 qui
2086 1042 2338 1111 princeps
2395 1041 2762 1103 Christianum
2830 1043 3195 1098 sacerdotium
3244 1044 3399 1098 insti-

181 1116 281 1180 tuit,
312 1132 541 1184 agnosco
566 1134 938 1178 successores.

256 1210 403 1263 Ἀλλά
461 1213 561 1281 τῆς

181 1305 330 1376 μέσης
360 1305 457 1370 τῆς
517 1305 918 1375 ἐπιρραινούσης
978 1309 1194 1380 ἡμέρας
1239 1314 1521 1382 καρτερᾶς
1564 1331 1728 1384 γεγο-

178 1398 336 1459 νυίας,
370 1398 658 1450 ὑπείκουσι
706 1398 811 1453 κᾶν
850 1400 927 1470 μὴ
985 1401 1269 1457 ἐϐούλοντο
1308 1406 1358 1457 οἱ
1394 1407 1613 1459 Λατῖνοι
1644 1405 1723 1476 τῷ

174 1484 437 1554 Μαριανῷ,
492 1486 655 1552 λόγον
711 1486 985 1551 ἀπαθείας
1030 1488 1090 1553 ἐξ
1143 1490 1312 1544 αὐτοῦ
1364 1494 1725 1564 αἰτησάμενοι

175 1575 260 1627 καὶ
302 1576 575 1644 τυχόντες.
639 1577 700 1630 ’0
751 1577 810 1630 δέ
842 1595 905 1646 γε
945 1583 1333 1651 μαχιμώτατος
1373 1587 1553 1653 ἱερεὺς
1585 1589 1724 1641 ἐκεῖ·

174 1679 266 1728 νος,
289 1665 401 1719 οὐδὲ
431 1667 538 1721 τῶν
569 1668 870 1737 εἰρηνικῶν
917 1672 1161 1727 σπονδῶν
1199 1676 1571 1747 τελουμένων,
1626 1681 1728 1749 τῆς

172 1758 333 1827 μάχης
358 1760 665 1823 Ξπέπαυτο,
693 1760 829 1815 ἀλλὰ
853 1763 947 1817 τὸν
970 1767 1215 1836 γωρυτὸν
1275 1769 1387 1822 τῶν
1424 1771 1593 1841 βελῶν
1644 1775 1733 1828 ὲκ-

627 1214 809 1283 μάχης
879 1215 938 1279 ἐξ
1001 1217 1244 1289 ἑσπέρας
1312 1220 1484 1290 αὐτῆς
1562 1222 1802 1294 μέχριΑ

1905 1223 2097 1279 Verum
2132 1235 2191 1280 ut
2223 1228 2287 1280 de
2323 1241 2498 1295 pugna
2534 1238 2835 1295 pertexam,
2888 1235 3060 1280 tracta
3094 1243 3155 1280 ea
3194 1228 3402 1296 magnis

1831 1319 2105 1385 utrimque
2141 1317 2338 1372 animis
2376 1332 2404 1370 a
2439 1331 2662 1387 vespera
2689 1316 2752 1369 ad
2782 1318 3168 1386 postridianam
3203 1318 3401 1379 lucem,

1833 1408 2056 1461 Latinos
2092 1408 2306 1461 tandem
2356 1407 2438 1459 vel
2495 1408 2743 1475 ingratiis
2795 1408 2989 1461 cedere
3038 1408 3321 1476 compulit,
3350 1418 3406 1459 et

1832 1513 1952 1552 cum
2006 1497 2248 1551 Mariano
2302 1497 2629 1550 deditionem
2686 1511 2782 1565 pro
2853 1496 3249 1552 incolumitatis
3302 1496 3408 1550 fide

1834 1589 2055 1657 pacisci.
2093 1588 2160 1641 At
2191 1587 2620 1657 pugnacissimus
2675 1587 2761 1640 ille
2809 1586 3070 1642 sacerdos
3124 1587 3405 1656 haudqua—

1834 1694 1994 1749 quam
2036 1679 2109 1732 nti
2139 1678 2313 1748 gratia
2348 1678 2530 1732 oblata
2567 1677 2843 1742 sustinuit,
2901 1687 2994 1732 aut
3026 1679 3079 1731 in
3114 1678 3263 1731 lucro
3310 1694 3409 1748 po-

1837 1787 1966 1827 nere
1998 1772 2300 1840 precariam
2338 1771 2588 1825 salutem.
2625 1769 2764 1836 Quin
2819 1779 2973 1838 pacta
3005 1770 3255 1839 quamvis
3281 1785 3408 1839 pro-

169 1847 390 1913 κενώσας
421 1851 681 1921 χερμάδα
712 1852 1121 1924 ἁναλαϐόμενος
1138 1857 1286 1912 λίθον
1331 1862 1539 1931 πέμπει
1591 1866 1732 1919 κατὰ

163 1939 244 1991 τοῦ
265 1942 567 2011 Μαριανοῦ.
603 1943 712 1995 ’1ὀῦ
733 1944 790 1997 δὲ
820 1944 922 2015 τὴν
945 1949 1188 2018 κεφαλὴν
1230 1951 1321 2005 διὰ
1348 1952 1449 2024 τῆς
1505 1956 1732 2020 ἀσπίδος

166 2034 623 2102 περιφράττοντος
656 2036 869 2106 πλήξας
895 2038 995 2107 τὴν
1031 2041 1236 2096 ἀσπίδα
1257 2043 1419 2099 διεῖλε
1465 2050 1734 2119 τετραχῆ,

159 2120 244 2171 καὶ
268 2121 362 2190 τὴν
392 2124 615 2194 κόρυθα
650 2126 1049 2196 κατέθραυσεν.
1088 2131 1148 2183 Ὀ
1165 2132 1220 2184 δὲ
1243 2134 1522 2203 Μαριανὸς
1544 2140 1610 2208 τῇ
1639 2137 1734 2191 τοῦ

1847 2137 2113 2204 provisam
2165 2135 2256 2189 ille
2292 2134 2486 2189 molem
2546 2134 2763 2191 sublato
2807 2135 2862 2188 in
2911 2136 3170 2188 verticem
3201 2133 3417 2203 excepit

158 2208 291 2263 λίθου
314 2214 438 2285 βολῇ
467 2217 773 2289 συγχυθεὶς
795 2219 1160 2299 ἀπολωλεκὼς
1182 2224 1242 2276 τὺ
1266 2227 1500 2296 φρονοῦν
1521 2230 1623 2298 τῆς
1635 2229 1738 2298 dau-

1847 2237 2015 2285 scuto.
2047 2229 2220 2284 Porro
2251 2229 2386 2298 lapis
2420 2237 2573 2281 tanto
2604 2228 2805 2294 impetu
2830 2226 3041 2292 ruebat,
3085 2235 3143 2278 ut
3174 2232 3334 2280 scuto
3360 2224 3412 2279 in

151 2306 264 2371 χῆς,
291 2305 524 2372 ἄναυδος
548 2311 905 2381 παραχρῆμα
934 2313 1019 2382 ἐφ’
1044 2315 1229 2367 ἱκανὸν
1261 2316 1466 2384 ἔκειτο,
1495 2318 1686 2392 ὥσπερ
1715 2324 1743 2375 ὁ

1847 2330 2026 2390 partes
2057 2331 2289 2389 quatuor
2334 2317 2581 2372 diffracto
2614 2316 2819 2383 galeam
2872 2315 3231 2381 perforaverit
3261 2336 3273 2370 :
3310 2331 3421 2382 quo

155 2395 360 2468 Ἕκτωρ
390 2400 615 2464 ἐκεῖνος
640 2402 748 2454 ἀπὸ
780 2403 880 2473 τῆς
908 2404 1003 2456 τοῦ
1037 2405 1189 2458 λίθου
1210 2407 1371 2476 βολῆς
1393 2409 1490 2462 τοῦ
1516 2412 1740 2476 Αἴαντος

1847 2413 1954 2466 ictu
1989 2426 2291 2465 concussus
2324 2409 2692 2478 confususque
2734 2423 2796 2461 ac
2826 2415 3033 2460 tantum
3079 2422 3183 2460 non
3229 2406 3419 2459 exani-

153 2490 337 2558 μικροῦ
349 2492 464 2546 δεῖν
488 2494 1033 2564 ἐψυχοράγει.Μόλις
1049 2496 1094 2550 δ’
1105 2497 1171 2551 ἂν
1185 2498 1421 2567 ἐνεγκὼν
1439 2503 1533 2554 καὶ
1550 2504 1741 2558 ἑαυτὸν

1848 2517 2023 2558 matus
2058 2504 2334 2556 Marianus
2378 2503 2465 2556 ditt
2507 2500 2621 2555 sine
2675 2514 2825 2565 voce,
2855 2501 2972 2552 sine
3012 2513 3175 2551 sensu
3218 2496 3418 2566 jacuit,

153 2586 467 2652 συναγαγὼν
497 2590 806 2658 τρισσάκις
838 2589 929 2643 τὸν
962 2591 1234 2646 παίσαντα
1267 2594 1492 2664 ἔπληξε,
1531 2597 1734 2667 βέλεμ-

1847 2610 1902 2651 ttt
1938 2596 2137 2651 llector
2182 2595 2268 2648 ille
2299 2594 2477 2664 lapide
2516 2593 2790 2662 appetitus
2823 2592 2890 2644 ab
2926 2591 3110 2659 Ajace,
3162 2588 3317 2656 cujus
3365 2587 3418 2640 vi

149 2691 218 2741 μα
248 2677 290 2708 ²⁹
313 2679 440 2731 κατ’
470 2678 660 2733 αὐτοῦ
692 2682 948 2748 ἐπαφείς.
977 2682 1040 2736 '0
1066 2682 1123 2736 δὲ
1151 2685 1499 2757 πολέμαρχος
1527 2691 1734 2755 ἐκεῖνος

1847 2696 1972 2764 quin
2027 2691 2326 2758 exspiraret
2378 2702 2565 2756 parum
2621 2684 2812 2739 abfuit.
2867 2684 3069 2738 Tamen
3134 2692 3418 2751 postquam

152 2766 340 2831 μᾶλλον
389 2770 422 2839 ἦ
483 2771 687 2841 ἱερεὺς
740 2772 1011 2841 μηδέποτε
1069 2776 1250 2845 μάχης
1310 2780 1739 2850 κορεννύμενος,

1849 2802 1987 2856 aegre
2017 2801 2073 2838 se
2104 2784 2301 2852 recepit
2332 2780 2492 2850 293
2539 2778 2885 2845 restituitque
2912 2777 2965 2831 in
2991 2776 3175 2845 pedes,
3207 2774 3423 2844 copiose

144 2858 257 2912 ἐπεὶ
319 2863 419 2916 καὶ
484 2866 630 2928 τοὺς
691 2863 879 2927 λίθους
925 2865 1177 2930 ἅπαντας
1221 2869 1590 2942 ἀπεπέμψατο
1628 2875 1737 2928 τῶν

1853 2880 1998 2932 ultus
2057 2887 2438 2944 percussorem
2482 2870 2667 2925 multis
2710 2870 3005 2938 appetitum
3056 2867 3179 2921 telis
3225 2865 3424 2934 triplici

144 2953 357 3020 χειρῶν,
386 2957 484 3008 καὶ
534 2954 741 3018 ἁπλῶς
782 2951 875 3027 ἦν,
912 2958 1007 3009 καὶ
1046 2958 1208 3012 λίθων
1224 2963 1380 3024 κενὸς
1420 2966 1512 3017 καὶ
1541 2966 1738 3035 βελῶν,

1853 2971 2075 3021 vulnere
2126 2965 2327 3020 aﬂ'ecit.
2379 2965 2447 3017 At
2494 2961 2743 3016 tribunus
2784 2961 2885 3012 iste
2949 2959 3199 3012 militaris
3245 2956 3428 3008 verius

138 3039 232 3093 οὐκ
262 3042 410 3114 ἔχων
456 3046 488 3099 ὃ
521 3064 584 3100 τι
614 3047 718 3099 καὶ
753 3046 1040 3117 δράσειεν,
1078 3051 1199 3103 οὐδὲ
1246 3053 1313 3105 δι’
1347 3047 1421 3108 ὧν
1452 3056 1742 3122 ἀμυνεῖται

1853 3072 2016 3123 quam
2078 3053 2336 3109 sacerdos
2397 3050 2585 3105 satiari
2641 3063 2917 3117 nunquam
2956 3062 3129 3116 pugna
3189 3050 3423 3111 poterat.

139 3130 222 3183 τὸν
251 3135 572 3191 ἀντίπαλον
600 3179 617 3203 ,
663 3139 938 3207 ἐσφάδαζε
972 3141 1071 3210 μὲν
1112 3144 1350 3197 ἐνταῦθα
1400 3148 1488 3199 καὶ
1523 3147 1743 3216 ἐξεφλέ-

1852 3148 2049 3204 Vcrum
2077 3145 2258 3197 animo
2304 3142 2478 3196 adhuc
2525 3140 2738 3193 ardenti
2787 3138 3008 3191 deerant
3061 3136 3428 3189 instrumenta

141 3239 258 3290 γετο
312 3229 416 3282 καὶ
485 3228 785 3301 ὲμεμήνει
839 3230 1097 3303 καθάπερ
1158 3233 1352 3304 θηρίον
1409 3239 1489 3300 είς
1553 3239 1743 3293 ἑαυτὸν

1856 3240 1949 3290 ira:
1979 3252 1994 3302 ;
2035 3250 2158 3288 nam
2203 3241 2255 3287 et
2281 3231 2549 3287 exhausta
2579 3229 2728 3298 prius
2763 3229 3017 3296 pharetra
3048 3224 3242 3292 jaculis
3271 3236 3427 3276 care-

140 3325 612 3395 συστρεφόμενος
655 3341 670 3356 ⁸
704 3327 825 3389 τοῖς
874 3325 1008 3394 γοῦν
1061 3330 1483 3400 παρατυχοῦσιν
1544 3332 1743 3385 αὐτίκα

1858 3331 1971 3393 bat,
1995 3336 2049 3382 et
2080 3341 2209 3381 saxa
2243 3339 2362 3393 quae
2409 3321 2820 3376 succenturiare
2857 3317 2977 3371 telis
3011 3323 3263 3384 ceperat.
3310 3315 3427 3382 ipsa

137 3416 223 3470 καὶ
273 3418 717 3489 ἀποχρώμενος
772 3411 861 3486 ἦν.
917 3416 1133 3471 Σάκκον
1187 3415 1280 3470 οὖν
1337 3419 1517 3489 μάζης
1549 3423 1743 3490 μεστὸν

1859 3436 2071 3492 quoque
2096 3420 2424 3474 defecerant.
2455 3415 2553 3469 llic
2581 3416 2743 3469 homo
2763 3421 2993 3466 :estuare
3027 3422 3228 3472 tamen,
3251 3406 3430 3477 jacta-

132 3505 533 3578 ἐφευράςλενος
608 3509 828 3562 ἐκεῖθεν
894 3508 1004 3561 ἀπὸ
1060 3510 1156 3562 τοῦ
1214 3510 1423 3564 σάκκου
1492 3514 1743 3586 καθάπερ

1857 3529 2022 3581 reque
2054 3527 2113 3564 se
2138 3526 2199 3564 ac
2234 3511 2283 3563 in
2339 3523 2555 3562 onmem
2594 3514 2802 3571 partem
2828 3517 3134 3570 erumpere,
3163 3501 3434 3566 impetens

128 3602 419 3671 χερμάδας
456 3604 571 3667 τὰς
626 3601 803 3668 μάζας
834 3601 1079 3667 ἔϐαλλεν,
1106 3602 1298 3673 ὥσπερ
1331 3606 1630 3675 ίερατεὺων
1653 3609 1743 3660 καὶ

1857 3590 1983 3664 Suis
2022 3615 2073 3659 et
2102 3603 2243 3674 quod
2275 3602 2416 3657 hosti
2453 3616 2559 3667 quo
2598 3599 2715 3669 plus
2749 3611 2944 3651 nocere
2978 3599 3221 3662 cuperet.
3254 3590 3434 3642 minus

128 3692 354 3764 τελετήν
424 3714 571 3750 τινα.
656 3693 989 3763 ποιούμενος
1043 3696 1139 3748 καὶ
1203 3696 1605 3767 ίεροτελεστίαν
1658 3702 1743 3754 τὸν

1860 3707 2069 3769 posset,
2097 3696 2385 3751 deficiente
2420 3693 2651 3747 telorum
2684 3690 2860 3759 copia,
2897 3701 3000 3740 non
3029 3684 3223 3739 minori
3253 3680 3436 3735 furore

134 3783 397 3855 πόλεμον.
423 3788 662 3853 Μάζαν
692 3785 827 3854 γοῦν
859 3804 983 3840 τινα
1030 3787 1162 3857 μίαν
1203 3789 1613 3860 ἀναλαϐόμενος
1658 3793 1743 3844 καλ

1860 3808 2020 3863 quam
2054 3789 2299 3843 irritatus
2332 3800 2460 3855 aper
2486 3796 2579 3837 aut
2610 3783 2712 3836 alia
2756 3780 3037 3836 venabulis
3067 3779 3434 3833 circumventa

124 3873 215 3946 ὅλῃ
241 3880 404 3947 χειρὶ
442 3880 728 3949 πιθήσας
749 3919 763 3941 ,
801 3878 1074 3948 ἐπαφίησι
1107 3877 1316 3948 ταύτην
1348 3881 1492 3934 κατὰ
1521 3884 1621 3950 τῆς
1654 3881 1743 3935 τοῦ

1859 3882 2031 3939 bestia
2076 3882 2131 3934 in
2182 3881 2420 3947 seipsum
2472 3875 2762 3930 incurrens
2826 3887 2995 3939 seque
3045 3878 3433 3934 contorquens.

126 3965 429 4037 Μαριανοῦ
494 3970 737 4040 ὅψεως,
797 3971 892 4024 καὶ
938 3970 1168 4042 πλήττει
1222 3968 1415 4023 τοῦτον
1462 3971 1604 4024 κατὰ
1661 3974 1743 4041 τῆς

1862 3975 2002 4045 Ergo
2026 3989 2146 4028 cum
2177 3968 2440 4040 quidquid
2467 3969 2517 4022 ei
2565 3976 2676 4021 tum
2708 3964 2847 4020 forte
2881 3963 2946 4017 ad
2980 3974 3195 4017 manum
3226 3955 3437 4012 accide-

125 4064 392 4129 παρειάς.
427 4065 654 4117 Ταῦτα
694 4061 794 4131 μὲν
818 4059 911 4116 οὖν
940 4064 1011 4115 τὰ
1047 4063 1188 4116 κατὰ
1216 4062 1307 4115 τὸν
1341 4063 1495 4132 ἱερέα
1549 4065 1743 4117 ἐκεῖνος

1863 4073 1947 4120 rat
1974 4062 2137 4117 telum
2183 4062 2260 4114 ira
2293 4058 2516 4120 faceret,
2561 4070 2775 4110 saccum
2827 4053 3172 4122 conspicatus
3221 4048 3436 4118 plenum

129 4155 223 4202 aut
252 4155 363 4224 τὴν
403 4155 565 4209 ναῦν
610 4155 711 4208 καὶ
742 4154 868 4216 τοὺς
897 4154 1190 4218 ἐπιϐάτας.
1235 4156 1296 4209 Ὁ
1334 4154 1392 4209 δὲ
1415 4155 1592 4226 κόμης
1622 4158 1743 4229 Πρε-

1864 4157 2115 4229 panibus,
2150 4152 2341 4221 cupide
2373 4148 2628 4218 arripuit,
2681 4144 3124 4214 expromptisque
3156 4143 3280 4195 inde
3307 4155 3441 4209 pon-

119 4243 367 4317 Εέντζης
405 4246 750 4309 πιστεύσας
779 4247 975 4299 ἑαυτὸν
1009 4248 1108 4300 σὺν
1137 4248 1276 4319 αὐτῇ
1300 4252 1367 4320 τῇ
1405 4249 1496 4315 νηῒ
1520 4249 1617 4302 καὶ
1647 4252 1743 4310 τοῖς

1866 4247 2084 4304 deribns
2109 4245 2173 4298 ad
2204 4242 2444 4314 prtelium
2480 4242 2726 4306 abutens,
2759 4241 2979 4292 duratos
3013 4233 3247 4288 nautica:
3272 4245 3441 4286 anno-

123 4336 216 4389 ὑπ’
241 4340 453 4403 αὑτὸν,
478 4338 808 4410 προθύμως
826 4338 904 4407 τῷ
931 4340 1204 4410 Μαριανῷ
1222 4340 1410 4394 εἵπετο
1431 4339 1525 4394 τοῦ
1549 4339 1738 4394 λοιποῦ

1866 4353 1949 4392 nae
1972 4336 2128 4391 bolos
2158 4343 2415 4403 tanquam
2456 4330 2665 4402 lapides
2697 4327 2749 4383 in
2777 4327 2950 4398 capita
2977 4325 3216 4380 hostium
3244 4322 3445 4377 libera-

128 4429 289 4484 Ἐπεὶ
317 4432 383 4485 δὲ
420 4433 603 4486 κατά
638 4429 740 4499 τὴν
770 4431 970 4500 χέρσον
998 4430 1293 4500 γενόμενοι
1329 4431 1633 4485 ἀπέϐαινον
1663 4430 1743 4500 τῆς

1864 4430 2071 4506 lissime
2095 4426 2402 4495 torquebat,
2433 4424 2582 4480 velut
2606 4436 2672 4477 ne
2702 4422 2782 4476 sic
2806 4418 3023 4490 quidem
3056 4431 3085 4469 a
3114 4412 3445 4472 saccrdomli

119 4520 251 4587 νηδς
277 4561 294 4583 ,
368 4522 584 4576 πολλὰ
627 4521 728 4574 καὶ
760 4520 1025 4584 πολλάκις
1056 4523 1084 4576 ὁ
1117 4523 1296 4593 ἱερεὺς
1326 4523 1538 4586 ἐκεῖνος
1577 4523 1738 4593 ὲζήτε

1868 4520 2148 4575 iunctione
2188 4516 2469 4583 deficiens,
2506 4516 2600 4571 sed
2631 4529 2824 4585 panem
2863 4510 2948 4564 vel
2987 4519 3115 4564 tunc
3168 4510 3219 4563 in
3266 4520 3449 4579 pugna

112 4611 210 4663 τὸν
226 4614 597 4686 Μαρια-ιον,
622 4612 937 4684 τὴν“κλῆσιν
956 4614 1058 4685 μὲν
1076 4613 1242 4667 αὐτοῦ
1261 4612 1337 4683 μὴ
1359 4612 1743 4682 ἐπιγινώσκων

1869 4610 2221 4676 distribuens,
2266 4620 2319 4663 et
2344 4606 2586 4677 eulogias
2623 4618 2905 4676 spargens,
2942 4601 3095 4672 quasi
3124 4610 3181 4654 ut
3223 4599 3446 4670 sangui-

117 4703 228 4756 ἀπὸ
247 4706 313 4758 δὲ
340 4706 454 4760 τοῦ
484 4703 811 4776 χρώματος
837 4703 949 4759 τῶν
980 4704 1204 4775 ἁμερίων
1234 4706 1423 4759 τοῦτον
1457 4705 1743 4761 άνακαλού

1870 4703 2081 4759 narium
2113 4702 2354 4757 furorem
2395 4700 2519 4755 belli
2573 4714 2701 4754 cum
2748 4695 2978 4766 paciftco
3027 4706 3305 4748 sacrorum
3345 4706 3448 4744 usu

112 4814 312 4864 μενος.
348 4797 733 4871 Προσελθὼν
763 4798 820 4851 δὲ
861 4798 908 4830 ³⁰
957 4797 1286 4870 περιχυθεὶς
1328 4799 1723 4868 κατησπάζετο
1750 4839 1765 4861 ,

109 4890 609 4962 ἑγκαυχώμενος
652 4889 792 4961 ἅμα,
822 4890 898 4954 ὡς
927 4891 1003 4946 ΕΖ
1048 4908 1151 4961 μοι
1182 4889 1333 4946 κατὰ
1377 4890 1493 4958 τὴν
1539 4890 1768 4960 χέρσον

101 4982 655 5057 ἐντετυχήκατε,
689 4983 911 5037 πολλοὶ
973 4983 1052 5038 ἂν
1121 4982 1251 5048 ταῖς
1321 4982 1490 5052 ἐμαῖς
1556 4984 1772 5052 χερσὶν

101 5076 521 5146 ἀνηρέθητε.
585 5073 876 5128 Ἐκϐαλὼν
906 5074 951 5126 δ’
982 5074 1262 5128 ἐπιδίδωσι
1293 5074 1470 5144 τούτῳ
1490 5075 1771 5145 ἀργυροῦν

97 5167 473 5241 θηρίκλειον
501 5165 680 5238 (40),
720 5167 886 5237 τιμῆς
927 5167 1218 5239 στατήρων
1249 5166 1442 5219 ἑκατὸν
1481 5170 1619 5237 πρὸς
1655 5168 1768 5229 τοῖς

1835 1864 2182 1932 clamataque
2228 1862 2341 1932 jam
2403 1862 2721 1925 concordia,
2776 1860 2946 1914 nihilo
2994 1860 3173 1915 minus
3213 1860 3411 1915 acriter

1836 1971 2069 2026 pugnam
2129 1955 2377 2023 urgebat,
2433 1969 2496 2008 ac
2522 1956 2662 2021 quod
2698 1955 2973 2009 exinanita
3014 1953 3177 2007 telum
3227 1950 3409 2006 manui

1838 2047 2089 2117 pharetra
2122 2053 2362 2115 negaret,
2394 2059 2582 2099 saxum
2616 2045 2668 2098 in
2702 2044 2927 2099 Mariani
2967 2053 3127 2113 caput
3151 2043 3406 2113 impegit;

1870 4776 2210 4846 conciliaret.
2257 4788 2582 4856 Correptum
2629 4800 2758 4855 ergo
2808 4782 2982 4836 valide
3026 4794 3301 4846 manuque
3341 4777 3448 4831 im-

1870 4884 2084 4955 pulsum
2113 4891 2219 4936 tota
2251 4895 2440 4949 panem
2476 4893 2641 4931 unum
2673 4877 2723 4929 in
2752 4872 2976 4928 Mariani
3009 4873 3211 4924 vultum
3244 4866 3446 4933 impin-

1871 4990 2004 5046 gens
2039 4975 2089 5028 in
2126 4990 2260 5043 gena
2288 4973 2437 5026 illum
2480 4970 2733 5040 percutit.
2779 4965 3056 5020 “actenus
3089 4963 3154 5016 de
3188 4974 3327 5013 nave
3356 4956 3447 5010 illa

1872 5066 2149 5135 Gallisque
2195 5064 2526 5127 vectoribus,
2582 5059 2949 5131 praeclareque
3005 5053 3059 5107 in
3114 5049 3305 5121 primis
3342 5048 3449 5107 isto

1875 5158 2175 5214 sacerdote.
2223 5154 2488 5208 Caeterum
2531 5150 2824 5222 provincia:
2863 5158 3044 5199 comes
3072 5142 3154 5197 sui
3189 5139 3448 5199 navisque

1258 5349 1777 5411 Varimlecttones
1808 5365 1883 5408 ex
1934 5344 2076 5406 cod.
2128 5338 2365 5402 Coislin

166 5481 225 5514 ”
269 5479 607 5551 βέλεμνα.
688 5474 733 5507 ³⁸
768 5474 823 5527 δὲ
846 5476 1043 5546 τούτῳ.

1286 5631 1418 5689 Car.
1458 5622 1773 5687 Dufresnii
1808 5622 1899 5683 Du
1928 5617 2143 5696 Cangii
2172 5621 2362 5678 notua.

162 5790 296 5860 (ιθ)
334 5779 789 5856 Θηρίκλειον.
821 5778 1029 5837 Nicetas
1060 5779 1112 5833 in
1134 5775 1276 5831 Man.
1305 5775 1397 5833 lib.
1420 5789 1500 5843 ιιι,
1534 5790 1587 5830 n.
1620 5772 1674 5829 6.
1705 5775 1742 5826 Α

1847 5788 1855 5825 ι
1891 5766 2165 5825 lloesehel.
2201 5767 2253 5822 in
2286 5764 2411 5821 Not.
