4040 6280
272 334 375 399 ται

1592 338 1784 397 ALEX
1796 336 1866 396 IA
1879 337 1999 398 DIS
2035 339 2180 403 LIB.
2219 341 2298 403 Χ.

3426 338 3534 404 762

275 452 336 503 τὸ
367 450 700 522 μεταίχμιον
758 453 1138 515 ἀποστενωθὲν
1194 453 1504 518 θεάσαιντο,
1551 455 1849 523 τηνικαῦτα

1959 455 2129 508 muris
2177 458 2344 521 urbis,
2403 457 2594 512 surdos
2627 457 2694 512 ad
2721 465 2909 527 pacata
2951 457 3156 519 omnia,
3205 464 3316 510 tum
3355 456 3530 509 enim-

274 547 384 606 τοῖς
413 546 879 615 συνεφεπομὲνοις
909 547 1095 608 αὐτοῖς
1141 547 1387 612 τοξόταις
1436 550 1850 618 παρακελευσάο

279 651 438 703 μενος
479 637 720 698 πυκνοὺς
742 636 1026 708 ἐκπέμψαι
1081 640 1207 700 τοὺς
1260 641 1476 702 ὀϊστοὺς
1547 641 1690 694 κατᾶ
1746 641 1854 693 τῶν

278 721 483 783 ἵππων,
513 723 575 775 οὐ
608 725 714 774 τῶν
744 726 1151 794 ὲποχουμένων,
1187 726 1317 789 ὅλας
1345 726 1502 797 ἡνίας
1546 728 1685 780 κατὰ
1747 728 1855 780 τῶν

276 813 522 868 Λατίνιον
574 815 734 870 λῦσαι
763 831 777 845 ’
821 816 883 870 τὸ
943 817 1042 887 μὲν
1082 818 1170 872 ἵνα
1224 819 1408 872 ἵππων
1468 820 1883 888 πληττομένωνν

277 905 636 975 ἀποπαύηται
669 907 729 959 τὺ
758 908 894 962 πολὺ
928 909 1025 978 τῆς
1049 910 1227 980 ὁρμῆς
1251 910 1358 963 τῶν
1389 911 1613 965 Κελτῶν
1640 913 1733 966 καὶ
1777 915 1851 983 μὴ

279 997 476 1068 ῥᾳδίως
515 999 653 1050 κατὰ
689 998 796 1052 τῶν
841 1000 1132 1068 Ῥωμαίων
1156 1003 1524 1068 ίππάζωνται,
1573 1004 1635 1057 τὸ
1687 1006 1742 1058 δέ
1798 1024 1850 1057 τι

274 1089 303 1140 ό
325 1089 372 1120 δι
405 1090 496 1143 καὶ
532 1092 730 1159 μᾶλλον
763 1093 850 1146 ἵνα
891 1098 969 1164 μὴ
990 1096 1314 1165 Χριστιανοὶ
1346 1098 1689 1152 κτείνωνται.
1727 1099 1854 1152 Ἐκ-

279 1180 466 1250 esse;
497 1182 678 1234 τοίνυν
709 1185 768 1236 τὸ
801 1184 1084 1254 βασιλικὸν
1118 1190 1478 1261 ἀπεπλήρουν
1501 1191 1852 1262 πρόσταγμ’

279 1276 370 1327 καὶ
393 1274 492 1337 τὰς
524 1275 700 1339 πύλας
737 1279 1203 1346 ἀναπετάσαντες,
1236 1284 1332 1336 καὶ
1389 1284 1520 1336 ποτὲ
1582 1285 1681 1352 μὲν
1732 1285 1857 1349 τοὺς

281 1369 521 1438 ῥυτῆρας
549 1370 670 1422 κατ’
696 1370 875 1422 αὐτῶν
906 1372 1222 1436 ἐνδιδόντες,
1254 1375 1385 1428 ποτὲ
1415 1375 1472 1427 δὲ
1502 1375 1632 1438 τοὺς
1655 1376 1854 1436 ἵππους

278 1460 756 1531 ἀνασειράζοντες,
819 1465 1092 1518 κτείνουσι
1158 1468 1256 1536 μὲν
1343 1467 1593 1532 πολλοὺς,
1685 1467 1854 1534 ὀλίγοι

277 1553 321 1605 δ’
350 1554 407 1619 ἐξ
457 1555 638 1608 αὐτῶν
691 1557 829 1610 κατὰ
859 1560 1090 1628 ταυτηνὶ
1114 1560 1213 1629 τὴν
1254 1561 1472 1630 ἡμέραν
1513 1560 1852 1631 ἐτρώθησαν.

277 1637 438 1697 Οὗτοι
499 1647 598 1714 μὲν
628 1643 722 1700 οὖν
785 1649 1083 1721 ἐρρἐοων.
1156 1652 1214 1703 Ὀ
1245 1655 1291 1706 δ’
1337 1654 1470 1724 sps;
1518 1655 1784 1724 δεσπότης
1828 1657 1854 1709 ὁ

278 1739 496 1808 Καῖσαρ
519 1739 944 1809 άναλαϐόμενος,
976 1742 1049 1805 ὡς
1084 1743 1325 1814 εἴρηται,
1355 1747 1481 1806 τοὺς
1514 1747 1613 1814 τῆς
1641 1747 1854 1813 τοξείας

275 1829 567 1900 εἰδήμονας
587 1833 681 1884 ἐπὶ
719 1833 827 1885 τῶν
867 1833 1092 1905 πύργων
1156 1835 1341 1890 ἵστατο
1393 1841 1504 1902 τοῖς
1545 1838 1854 1910 Βαρϐάροις

273 1918 749 1988 ὲπιτοξαζόμενος.
808 1923 918 1974 Καὶ
988 1923 1186 1987 πάντες
1242 1925 1342 1994 μὲν
1395 1922 1539 1994 εἶχον
1591 1927 1719 1992 τόξα
1763 1929 1858 1982 καὶ

274 2008 504 2079 εὔστοχα
561 2013 655 2063 καὶ
700 2013 1122 2069 εὐθυόολώτατα
1175 2016 1257 2048 ⁸⁵·
1304 2018 1513 2071 νεανίαι
1561 2019 1668 2090 γὰρ
1716 2015 1857 2088 ἦσαν

274 2100 591 2169 σύμπαντες
660 2104 760 2172 οὐχ
805 2105 1002 2176 ἦττους
1069 2105 1167 2159 τοῦ
1239 2108 1540 2177 Ὁμηρικοῦ
1604 2108 1855 2179 Τεύκρου

272 2195 350 2255 εἰς
389 2193 614 2262 τοξικὴν
645 2195 962 2265 ἐμπειρίαν.
999 2197 1073 2249 Τὸ
1117 2198 1171 2251 δὲ
1205 2199 1356 2263 τόξον
1410 2200 1503 2252 τοῦ
1556 2202 1855 2273 Καίσαρος,

283 2285 618 2350 Ἀπόλλωνος
653 2283 720 2358 ἦν
748 2290 856 2360 ἄρα
903 2289 1057 2353 τόξον
1080 2290 1318 2362 αὐτόχρη
1331 2309 1426 2359 μα’
1450 2293 1569 2344 οὐδὲ
1605 2294 1713 2362 γὰρ
1735 2296 1858 2348 κατ’

271 2379 507 2439 ἐκείνους
538 2381 662 2438 τοὺς
702 2380 1040 2447 Ὁμηρικοὺς
1070 2380 1341 2450 Ἕλληνας
1360 2383 1588 2452 νευρῆν
1604 2385 1719 2451 μὲν
1742 2403 1857 2453 μα-

271 2465 361 2531 ζῷ,
394 2468 549 2532 τόξῳ
588 2469 656 2521 δὲ
689 2469 947 2538 σίδηρον
963 2467 1064 2543 ἦγέ
1086 2489 1144 2524 τε
1167 2475 1260 2526 καὶ
1283 2475 1588 2544 ὲιρήρμοττε
1622 2493 1859 2544 κυνηγε-

270 2559 378 2612 τῶν
404 2561 608 2630 ὰρετὴν
630 2561 1041 2633 ἐνδεικνύμενος
1065 2563 1186 2616 κατ’
1207 2563 1471 2629 ἐκείνους,
1498 2566 1614 2618 ἀλλ’
1665 2566 1856 2638 ὥσπερ

271 2669 353 2715 τις
390 2655 674 2724 Ἠρακλῆς
695 2657 765 2719 ἐξ
778 2655 1092 2710 ἀθανάτων
1117 2656 1312 2719 τόξων
1335 2660 1860 2726 θανασίμουςάπέ-

271 2757 508 2811 πεμπεν
524 2745 791 2811 ὀϊστοὺς,
813 2751 906 2798 καὶ
929 2739 1101 2815 οὗπερ
1122 2747 1188 2800 ἂν
1219 2748 1541 2816 στοχάσαιτο
1569 2767 1860 2802 κατευστο-

272 2835 381 2904 χῶν
442 2839 490 2888 εί
531 2839 691 2906 μόνον
743 2839 1013 2910 θελήσειε.
1045 2843 1153 2894 Καὶ
1191 2841 1299 2911 γὰρ
1328 2844 1387 2894 ὲν
1411 2843 1590 2907 ἄλλοις
1625 2848 1856 2916 καιροῖς,

273 2929 519 2992 ὁπηνίκα
579 2931 770 2995 καιρὸς
809 2932 1020 2999 ἀγῶνος
1060 2934 1152 2986 καὶ
1187 2933 1368 3004 μάχης
1409 2938 1614 3006 παρῆν,
1675 2938 1856 2991 ὅντινα

272 3020 367 3071 καὶ
413 3023 616 3074 σκοπὸν
643 3021 815 3087 ἔθετο,
842 3024 1003 3087 εὐθὺς
1027 3025 1125 3078 οὐκ
1167 3027 1394 3095 ἄστοχον
1417 3027 1660 3091 ἔϐαλλεν,
1693 3032 1786 3084 καὶ
1815 3025 1859 3098 ᾧ
1887 3058 1889 3060 ·

271 3115 338 3167 ἂν
368 3115 523 3184 μέρει
559 3117 952 3181 ἐπετοξάσατο,
986 3119 1336 3172 κατ’ἐκείνου
1351 3121 1443 3173 τοῦ
1475 3121 1674 3190 μέρους
1692 3124 1854 3187 εὐθὺς
1882 3141 1925 3198 c

269 3207 603 3275 ἐτίτρωσκεν
634 3208 741 3259 άεί·
775 3207 948 3272 οὕτως
985 3211 1207 3279 ἰσχυρὸν
1241 3211 1410 3264 ἔτεινε
1440 3213 1594 3277 τόξον
1627 3216 1851 3278 ’ἐκεῖνος

269 3299 356 3351 καί
394 3299 546 3366 βέλος
574 3299 725 3367 ἠφίει
755 3299 1036 3366 ὀξύτατον,
1069 3303 1170 3354 κάν
1199 3303 1265 3371 τῇ
1296 3301 1480 3374 τοξείᾳ.
1500 3305 1555 3356 δὲ
1584 3306 1681 3358 καὶ⁸
1710 3305 1853 3376 ὑπὲρ

267 3392 358 3443 τὸν
407 3391 652 3460 Τεῦκρον
705 3392 870 3444 αὐτὶν
905 3395 994 3446 καὶ
1043 3397 1168 3456 τοὺς
1215 3395 1455 3458 Αἴαντας
1504 3398 1848 3468 φαινόμενος.

281 3483 444 3534 ’Λλλὰ
481 3484 686 3552 καίτερ
713 3484 956 3546 τοιοῦτος
996 3482 1294 3551 ὣν,δεδιὼε
1327 3486 1390 3540 τὺ
1421 3488 1521 3557 τῆς
1547 3488 1592 3519 ⁸⁸
1639 3489 1852 3558 ἡμέρας

270 3574 556 3642 αἰδέσιμον
608 3577 699 3626 καὶ
739 3576 837 3645 τὴν
885 3576 978 3628 τοῦ
1033 3578 1440 3647 αὐτοκράτορος
1473 3555 1852 3648 παραγγελίαν

271 3667 560 3736 ἐγκάρδιον
615 3667 776 3736 ἔχων,
824 3667 993 3720 ἔτεινε
1051 3668 1148 3737 μὲν
1199 3669 1350 3735 τόξον
1386 3671 1593 3740 ίταμῶς
1628 3672 1853 3736 τούτους

272 3762 361 3811 καῖ
427 3760 642 3826 ἀλόγως
696 3762 810 3823 τοῖς
871 3762 1078 3831 τείχεσι
1137 3761 1479 3826 πελάζοντας
1534 3764 1698 3833 ὁρῶν,
1758 3764 1852 3816 καὶ

272 3851 440 3921 κυνέῃ
493 3851 585 3902 καὶ
633 3851 861 3903 ἀσπίσιν
903 3851 1128 3914 ἑαυτοὺς
1167 3854 1642 3922 περιφράττοντας
1671 3854 1730 3906 τί)
1765 3854 1854 3923 βέ-

271 3943 360 4005 λος
416 3942 630 3994 ὲτίοετο
689 3945 752 4010 τῇ
808 3945 999 4012 νευρᾷ,
1061 3943 1178 3995 ἀλλ’
1220 3944 1371 4007 ὅμως
1426 3944 1628 4014 ἄστοχα
1682 3945 1852 3998 Οέλων

271 4034 520 4094 ἔϐαλλεν,
550 4035 684 4085 ὅπου
723 4033 822 4102 μὲν
857 4034 984 4087 εἴσω
1014 4035 1273 4105 πέμπων,
1310 4035 1443 4088 ὅπου
1475 4036 1532 4088 δὲ
1559 4038 1652 4088 καὶ
1684 4040 1851 4108 ὕπερ-

271 4125 534 4192 πέμπων.
591 4124 712 4176 Κᾶν
759 4124 819 4176 δὲ
863 4125 952 4178 διὰ
990 4125 1088 4196 τὴν
1139 4127 1447 4180 ἐνεστῶσαν
1478 4127 1694 4196 ἡμέραν
1751 4131 1854 4180 ὑπ-

272 4217 556 4270 εστέλλετο
590 4215 864 4284 εὐστόχως
891 4216 1032 4269 κατὰ
1059 4217 1164 4268 τῶν
1200 4218 1454 4271 Λατίνων
1509 4218 1710 4288 βαλεῖν,
1738 4220 1850 4273 ἀλλ’

269 4307 393 4361 ἐπεὶ
435 4307 666 4369 Λατῖνός
711 4324 795 4368 τις
851 4307 1042 4376 ἰταμὸς
1073 4309 1168 4360 καὶ
1197 4308 1559 4379 ἀναίσχυντος
1590 4311 1651 4362 οὐ
1689 4311 1850 4378 μόνον

271 4400 413 4453 κατὰ
466 4399 576 4450 τῶν
631 4397 840 4452 ἄνωθεν
889 4399 1194 4468 ἱσταμένων
1244 4403 1485 4462 πυκνοὺς
1533 4401 1849 4467 ἐξέπεμπεν

1959 561 2087 597 vero
2135 546 2241 600 alio
2293 549 2529 602 remedio
2583 557 2792 614 tempus
2841 563 3000 618 egere
3039 555 3208 610 ratus,
3270 560 3532 616 generum

1957 640 2186 706 primum
2216 641 2452 694 onrnium
2489 645 2721 695 accersit
2759 657 2912 694 suum
2939 639 3300 705 Nicephorum
3333 640 3529 690 'meum
3589 667 3592 669 -

1956 730 2248 791 C=esarem,
2281 733 2440 802 eique
2480 734 2709 802 imperat
2749 743 2807 786 ιιι
2838 733 2971 785 viris
3005 747 3186 783 secum
3223 730 3532 782 fortissimis

1959 827 2254 892 assumptis
2296 841 2361 880 ex
2407 841 2634 879 numero
2667 842 2850 880 eorum
2884 827 2972 893 qui
3013 824 3179 895 296
3215 832 3330 876 arte
3362 823 3532 889 sagit-

1958 919 2102 968 tandi
2139 926 2458 984 prrestarent
2486 933 2743 971 coronam
2795 933 3068 968 murorum
3121 929 3356 984 superne
3388 915 3530 965 obti-

1961 1020 2132 1071 neret,
2169 1026 2401 1078 suosque
2438 1011 2546 1064 illie
2579 1011 2908 1078 jaeulatores
2958 1011 3110 1078 longa
3161 1010 3301 1061 serie
3349 1008 3530 1073 dispo-

1958 1113 2134 1166 neret,
2177 1103 2442 1157 mandans
2475 1105 2540 1156 iis
2580 1116 2635 1156 ιιι
2667 1120 2826 1172 quant
2872 1103 3203 1155 creberrima
3236 1115 3300 1153 ex
3334 1099 3444 1153 alto
3476 1101 3528 1152 in

1957 1194 2141 1248 Gallos
2183 1193 2283 1246 tcla
2334 1195 2629 1258 mitterent,
2671 1193 2762 1246 scd
2797 1194 3056 1261 pleraque
3093 1193 3333 1252 innoxia,
3371 1191 3534 1244 aber-

1959 1289 2166 1339 ratione
2198 1286 2486 1351 affectata;
2521 1302 2626 1338 non
2655 1285 2797 1338 enim
2835 1283 3068 1337 interfici
3110 1282 3321 1335 volebat
3362 1282 3533 1347 impe-

1960 1391 2107 1431 rator
2164 1379 2366 1440 hostes,
2400 1388 2510 1431 tum
2573 1376 2861 1446 religioni,
2919 1385 2977 1426 ιιι
3040 1374 3315 1437 diximus,
3380 1372 3530 1436 diei,

1959 1481 2068 1523 tum
2119 1472 2352 1539 propriae
2403 1469 2606 1523 lenitati
2657 1479 2710 1523 et
2784 1467 3024 1521 civilium
3093 1466 3352 1519 bellorum
3408 1465 3532 1517 odio

1956 1562 2168 1616 cuidam
2213 1563 2398 1615 innato
2427 1561 2672 1615 serviens
2704 1578 2717 1614 :
2755 1560 2996 1628 satisque
3032 1557 3292 1619 habebat,
3320 1555 3362 1608 si
3397 1555 3533 1609 dena

1958 1652 2033 1705 sis
2061 1651 2346 1705 missilium
2398 1649 2667 1704 imbribus
2691 1663 2757 1703 ex
2789 1649 2898 1702 alto
2921 1647 3224 1717 ejaculatis.
3254 1644 3532 1700 confiden-

1962 1742 2232 1796 tissimum
2272 1756 2442 1810 genus
2473 1750 2684 1794 terrore
2737 1748 2920 1807 posset
2969 1738 3154 1806 aliquo
3215 1735 3529 1803 percellcre.

1959 1832 2155 1887 Eodem
2192 1841 2434 1899 tempore
2477 1831 2819 1900 eruptionem
2854 1831 3076 1883 instruit
3107 1828 3267 1880 simili
3306 1826 3535 1880 consilio

1961 1927 2130 1996 magis
2181 1925 2483 1993 speciosam
2525 1937 2686 1992 quam
2741 1921 3126 1988 perniciosam.
3187 1917 3536 1973 Lcetissimos

1961 2019 2124 2071 duces
2153 2033 2273 2070 cum
2310 2016 2424 2070 suis
2452 2029 2723 2084 quemque
2749 2014 3063 2068 cohortibus
3105 2023 3310 2079 partem
3362 2008 3537 2061 maxi—

1960 2125 2102 2164 mam
2134 2109 2430 2162 instructos
2466 2107 2721 2168 arcubus,
2769 2105 3055 2159 nonnullos
3087 2112 3328 2156 armatos
3361 2099 3535 2168 longis

1960 2199 2181 2256 lanceis.
2236 2199 2457 2267 prodire
2503 2198 2680 2251 subito
2715 2196 2870 2262 jubet
2907 2211 2967 2250 ea
3001 2205 3152 2262 porta
3187 2208 3304 2261 quae
3343 2199 3535 2245 sancto

1959 2291 2202 2344 Romano
2227 2297 2307 2342 est
2333 2287 2601 2357 proxima,
2654 2289 2838 2353 sicque
2889 2285 3266 2339 vehementem
3299 2282 3533 2349 impresc

1969 2384 2174 2436 sionem
2206 2389 2482 2433 ostentare
2517 2379 2679 2432 hosti.
2722 2378 2870 2432 Ordo
2910 2377 3155 2429 euntium
3189 2374 3275 2428 hic
3309 2386 3427 2426 erat
3469 2371 3537 2424 ab

1961 2475 2287 2542 imperatore
2330 2471 2682 2539 przescriptus
2729 2470 2868 2537 ipso.
2913 2466 3263 2520 Hastatorum
3307 2464 3537 2533 quisque

1960 2567 2100 2620 inter
2130 2565 2374 2632 arquitas
2407 2564 2540 2616 duos
2583 2562 2859 2629 clypeatos
2907 2561 3018 2613 ibat
3060 2559 3274 2612 medius
3305 2570 3536 2624 quorum

1959 2659 2185 2729 objectis
2222 2657 2497 2726 utrimque
2539 2657 2704 2710 cetris
2731 2655 3138 2722 protegebatur.
3181 2652 3271 2704 Sic
3306 2649 3536 2713 disposi-

1959 2751 2028 2804 tis
2074 2749 2312 2804 edictum
2346 2758 2403 2799 ut
2454 2747 2602 2799 lente
2653 2746 2703 2796 in
2763 2745 2978 2798 hostem
3020 2741 3302 2800 vaderent.
3350 2739 3537 2808 paucis

1961 2840 2178 2893 interim
2240 2837 2539 2907 sagittariis
2599 2834 2662 2889 ad
2692 2834 2874 2890 Gallos
2929 2835 3140 2887 eminus
3188 2829 3538 2885 lacessendos

1957 2931 2276 3002 pra-missis.
2309 2929 2516 2995 Quibus
2549 2929 2861 2981 mandatum
2901 2941 2968 2978 ne
2993 2940 3153 2978 unam
3184 2923 3442 2977 continuo
3483 2923 3535 2973 in

1958 3034 2167 3094 partem
2224 3023 2584 3079 intuerentur,
2649 3019 2742 3072 sed
2793 3019 2988 3071 crebro
3046 3017 3151 3069 huc
3190 3015 3425 3083 illucque
3477 3025 3537 3066 se

1959 3123 2254 3170 verterent.
2289 3114 2392 3169 Ubi
2443 3113 2578 3165 satis
2619 3112 2835 3165 admota
2870 3124 3046 3178 pugna
3079 3115 3245 3169 esset,
3278 3113 3536 3170 angusto-
3605 3164 3607 3166 η

1962 3209 2198 3278 quejam
2242 3205 2418 3273 spatio
2451 3203 2596 3256 acies
2632 3201 2918 3261 distarent,
2955 3209 3065 3253 tum
3103 3212 3237 3264 quos
3270 3196 3336 3249 ad
3363 3196 3532 3246 latera

1962 3298 2217 3354 lancearii
2271 3295 2581 3360 sagittarios
2619 3292 2925 3354 haberent,
2959 3289 3209 3357 juberent
3250 3287 3328 3340 uti
3369 3300 3533 3345 arcu,

1963 3390 2284 3446 collimamlo
2333 3387 2386 3438 in
2430 3397 2596 3450 equos
2623 3381 2867 3442 hostiles,
2903 3378 3172 3449 parcendo
3206 3375 3536 3433 sessoribus,

1962 3480 2123 3537 simul
2169 3479 2270 3546 ipsi
2316 3491 2436 3530 cmn
2484 3474 2549 3526 iis
2592 3472 2794 3539 pariter
2855 3469 3097 3523 remissis
3145 3466 3373 3519 habenis
3426 3475 3538 3517 toto

1960 3585 2222 3642 equorum
2260 3570 2458 3636 impetu
2490 3565 2542 3618 in
2581 3562 2762 3618 Gallos
2803 3561 3207 3615 inveherentur.
3249 3557 3345 3611 His
3386 3570 3540 3608 nem-

1961 3681 2026 3735 pe
2073 3665 2232 3715 rebus
2263 3658 2513 3728 sperabat
2546 3671 2605 3711 se
2640 3663 3054 3709 consecuturum
3100 3648 3394 3717 AuguStIIS,
3423 3647 3537 3712 pri-

1962 3772 2108 3812 mum
2147 3763 2202 3807 ut
2235 3753 2390 3819 equis
2428 3748 2726 3804 vulneratis
2755 3742 3116 3800 formidabilis
3155 3740 3244 3795 ille
3275 3736 3539 3790 Romanis

1962 3848 2172 3916 primus
2231 3842 2420 3897 Gallici
2491 3841 2766 3900 equitatus
2826 3837 3057 3904 impetus
3119 3833 3535 3898 languesceret,

1962 3939 2156 3994 deinde
2192 3936 2244 3989 id
2272 3931 2417 4002 quod
2439 3930 2777 4000 potissimum
2811 3927 3051 3995 optabat.
3084 3933 3142 3977 ut
3175 3937 3336 3992 quam
3372 3918 3537 3972 ῐιιὶηἰο

1961 4047 2111 4086 mum
2167 4025 2461 4081 Christiani
2521 4019 2796 4088 sanguinis
2845 4017 3195 4071 funderetur.
3266 4011 3539 4066 Fecerunt

1963 4128 2017 4180 hi
2076 4122 2220 4194 quod
2264 4118 2399 4190 jussi
2451 4124 2507 4171 et
2539 4113 2710 4168 valvis
2742 4117 2964 4178 repente
3009 4105 3300 4176 patefactis
3341 4104 3394 4155 in
3436 4100 3539 4154 bo-

1963 4193 2102 4271 stem
2133 4215 2357 4274 vadunt,
2387 4208 2544 4278 equis
2577 4205 2738 4258 modo
2769 4200 3047 4262 admissis,
3075 4199 3234 4251 modo
3271 4193 3532 4256 reductis,

1963 4313 2279 4377 impetuque
2307 4311 2422 4355 arte
2445 4298 2595 4352 varia
2623 4296 2967 4364 dispensato,
2999 4297 3054 4343 at
3082 4303 3148 4344 eo
3171 4300 3451 4348 successu,
3474 4292 3534 4337 ut

1964 4375 2113 4452 multi
2152 4411 2216 4450 eo
2253 4394 2338 4446 die
2368 4388 2668 4445 ceciderint
2699 4383 2976 4445 hostium,
3033 4395 3098 4434 ex
3125 4377 3328 4433 nostris
3372 4375 3531 4444 pauci

268 4491 505 4553 ὀϊστοὺς,
557 4490 700 4543 ἀλλὰ
748 4493 845 4543 καὶ
878 4495 945 4561 τῇ
979 4491 1084 4561 ίδία
1130 4492 1400 4563 διαλέκτῳ
1435 4494 1608 4546 πολλὰ
1659 4495 1852 4562 φωνῶν

1961 4495 2217 4544 duntaxat
2265 4481 2534 4536 vulnerati
2579 4476 2804 4532 fuerint.
2840 4473 3044 4527 Verum
3093 4470 3178 4523 his
3217 4465 3435 4521 omissis
3467 4465 3536 4519 ad

269 4580 517 4654 ὑϐρίζειν
548 4583 754 4646 ἐδόκει,
781 4583 947 4637 τείνει
992 4585 1089 4657 μὲν
1122 4585 1242 4638 κατ’
1272 4585 1441 4637 αὑτοῦ
1476 4587 1504 4638 ὁ
1539 4587 1760 4657 Καῖσαρ
1795 4588 1855 4640 τὸ

270 4675 440 4738 τόξον.
473 4675 583 4730 Τοῦ
615 4676 662 4728 δ’
695 4676 793 4744 οὐχ
823 4675 973 4728 ἅλιον
1007 4675 1160 4745 βέλος
1217 4675 1411 4745 ἔκθορε
1461 4678 1665 4747 χειρὸς,
1718 4655 1857 4731 άλλά

267 4768 518 4839 διέτρησε
554 4769 662 4839 μὲν
687 4766 778 4820 τὸν
808 4767 994 4838 Θερεόν
1027 4768 1070 4798 ⁸⁷
1098 4784 1111 4798 ο
1146 4768 1236 4819 τὸν
1288 4768 1345 4819 δὲ
1399 4768 1692 4835 φολιδωτὸν
1742 4767 1855 4821 θώ-

270 4882 409 4934 ρακα
453 4864 556 4916 σὺν
611 4859 768 4929 αὐτῷ
809 4859 1001 4912 διελὼν
1051 4859 1312 4930 βραχίωνι
1341 4860 1386 4891 ⁵³
1437 4862 1502 4929 τῇ
1547 4860 1758 4931 πλευρᾷ
1797 4860 1857 4913 τὸ

262 4960 412 5030 βέλος
454 4953 844 5028 περιέπειρεν.
891 4953 947 5004 Ὀ
985 4952 1029 5003 δ’
1055 4952 1217 5014 εὐθὺς
1255 4951 1467 5019 ἄφωνος
1508 4953 1689 5005 ἔκειτο
1754 4970 1850 5022 χα-

259 5055 422 5126 μάζε,
458 5050 614 5106 κατὰ
647 5048 740 5099 τδν
768 5048 1020 5117 ποιητήν.
1051 5047 1209 5115 Φωνὴ
1244 5046 1290 5098 δ’
1315 5046 1546 5116 οὐρανὸν
1587 5041 1714 5114 ἧκε,
1745 5046 1854 5098 τῶν

259 5152 358 5220 μὲν
391 5141 910 5210 ὲπαγγαλλομένων
938 5141 983 5172 δ’
1010 5139 1087 5207 τῷ
1117 5140 1379 5206 Καίσαρι,
1407 5136 1516 5189 τῶν
1549 5137 1605 5189 δὲ
1641 5138 1734 5189 ἐπὶ
1778 5137 1854 5204 τῷ

260 5237 588 5292 πεπτωκότι
624 5231 1064 5301 ὀλοφυρομένων.
1101 5231 1400 5301 Καρτερῶς
1431 5229 1476 5282 δ’
1499 5229 1544 5262 ⁸ο
1577 5225 1670 5282 οὖν
1699 5228 1854 5289 αὖθις

259 5331 372 5383 τῶν
429 5347 490 5382 τε
550 5325 773 5379 ἱππέων
823 5324 1030 5377 ἐκεῖθεν
1062 5326 1104 5358 ⁸⁸
1143 5323 1488 5392 μαχομένων,
1538 5321 1648 5372 τῶν
1678 5337 1738 5372 τε
1797 5320 1856 5370 ὲν

262 5423 377 5482 τοῖς
406 5421 661 5489 τείχεσιν
694 5414 1028 5484 ἱσταμένων,
1065 5414 1235 5485 βαρὺς
1266 5413 1360 5465 καὶ
1389 5410 1562 5473 δεινὸς
1598 5409 1655 5475 ἐξ
1680 5411 1857 5478 ἀμφο-

257 5512 434 5582 τέρων
461 5506 859 5578 ἀνερῥιπίξετο
893 5506 1150 5571 πόλεμος.
1204 5503 1508 5556 Ἐπιϐαλὼν
1541 5501 1590 5552 δ’
1623 5497 1779 5560 αὖθις
1813 5499 1841 5549 ὁ

1956 4600 2014 4638 se
2061 4596 2158 4637 suo
2226 4592 2310 4630 me
2355 4574 2474 4642 iure
2524 4579 2682 4625 vocat
2737 4567 2988 4622 dominus
3037 4577 3191 4617 meus
3243 4559 3446 4614 Caesar.
3485 4555 3539 4612 Is

1956 4691 2079 4729 cum
2145 4669 2356 4742 peritis,
2411 4675 2470 4721 ut
2505 4665 2710 4719 dictum
2757 4669 2863 4723 est,
2909 4655 3208 4726 sagittariis
3271 4651 3540 4707 insidebat

1958 4781 2137 4823 turres
2168 4775 2405 4834 superne
2441 4757 2696 4812 hostibus
2728 4754 3043 4808 imminens.
3075 4749 3272 4803 Areum
3307 4745 3539 4813 quisque

1955 4874 2110 4912 suum
2174 4865 2279 4906 tam
2330 4851 2446 4920 ipse
2485 4862 2647 4917 quam
2677 4843 2873 4912 singuli
2929 4841 3046 4910 ejus
3093 4839 3327 4892 comites
3371 4835 3537 4888 babe-

1954 4953 2103 5004 l)aut.
2147 4946 2214 5000 Et
2253 4959 2318 4998 eo
2369 4941 2419 4994 bi
2473 4938 2690 5006 quidem
2721 4936 3014 4988 utebantur
3045 4929 3283 4998 egregie,
3326 4940 3425 4979 nec
3468 4924 3537 4976 iis

1954 5041 2241 5106 quisquam
2280 5039 2375 5083 aut
2413 5028 2736 5082 collinearet
2769 5023 2994 5082 certius,
3069 5027 3162 5069 aut
3207 5015 3408 5068 rectius
3437 5028 3538 5065 ex-

1955 5103 2254 5192 peditinsve
2277 5120 2510 5172 laxatam
2536 5113 2796 5170 cltordam
2832 5109 3094 5169 temleret,
3124 5116 3332 5159 tensam
3373 5103 3528 5155 laxa-

1954 5191 2060 5269 ret.
2090 5213 2298 5280 Quippe
2327 5209 2541 5261 illorum
2570 5219 2728 5260 nemo
2760 5197 3046 5268 sagittandi
3091 5194 3284 5262 peritia
3327 5191 3526 5246 Home-

1961 5308 2074 5362 rico
2132 5304 2222 5357 illo
2282 5299 2492 5354 Teucro
2540 5294 2889 5350 concederet.
2947 5287 3015 5341 At
3064 5284 3262 5339 Caesari
3342 5296 3532 5336 arcum

1963 5394 2337 5457 commodasse
2374 5405 2528 5444 suum
2565 5389 2677 5455 ipse
2720 5385 2877 5453 longe
2903 5378 3151 5448 jaeulans
3204 5378 3339 5432 deus
3374 5371 3532 5428 vide-

1962 5494 2143 5554 batur,
2181 5485 2314 5537 adeo
2349 5482 2395 5534 is
2432 5479 2790 5534 nihilominus
2831 5468 3106 5526 eminebat
3141 5484 3303 5537 supra
3356 5465 3534 5520 socios

1349 5618 1547 5680 Variae
1579 5615 1878 5677 lectiones
1910 5624 1984 5670 ex
2018 5601 2161 5664 cod.
2200 5593 2476 5658 Coislin.

332 5725 380 5757 “
421 5724 468 5774 ὃ.
600 5719 646 5747 ⁸⁵
690 5719 972 5774 εὑούὸολα.

261 5798 305 5829 ⁸⁸
350 5792 618 5848 ἐκείνων.

1081 5720 1125 5751 *⁸
1154 5721 1251 5789 τὴν
1310 5718 1507 5787 αὐτῆς.

1623 5716 1666 5747 ⁸⁷
1710 5711 1924 5784 Ουρεόν.

2531 5691 2574 5723 ⁸³
2603 5683 3077 5755 ὲπαγαλλομένων.
3191 5682 3236 5716 ⁸⁰
3267 5679 3430 5734 Deest
3463 5675 3533 5731 δ’.

2051 5703 2095 5734 ιδ
2129 5695 2395 5772 βραχίονι.
