4040 6280
473 384 586 451 ’163

1759 376 1986 438 ANN/E
2025 356 2405 437 COMNEN/E

3636 345 3740 425 ἰιι

481 518 644 574 quam
683 501 873 573 Apollo
906 514 1070 565 supra
1095 499 1388 554 Teucrum.
1425 495 1542 552 Non
1577 494 1668 550 hic
1693 507 1846 556 sane,
1877 500 1938 545 ut
1973 490 2055 544 illi

2183 487 2523 557 ιὺτοκρὰτωρ
2560 483 2660 546 τὰς
2692 481 2829 546 ἰδίας
2858 480 3141 552 δυνάμεις,
3183 474 3265 542 εἰς
3290 474 3471 548 φυγὴν
3501 471 3600 537 τὰς
3637 475 3740 526 τῶν

477 594 619 663 apud
673 592 964 646 Homerum
996 592 1168 648 (ἓτεεοὶ
1190 630 1206 656 ,
1238 607 1453 646 nervum
1480 602 1754 649 mammw,
1800 593 2057 652 costwque

2166 579 2417 633 Λατίνων
2446 575 2836 649 προύτρέψατο
2865 573 3176 645 φάλαγγας.

475 658 729 755 sagittam
818 684 1076 753 aptabant
1131 692 1306 737 tractu
1369 684 1540 745 vario,
1591 677 1890 733 venatorius
1962 675 2226 728 duntaxat
2286 670 2563 740 specimen
2613 668 2838 723 edentes
2918 666 3087 731 artis,
3159 663 3252 718 sed
3331 660 3475 714 velut
3531 658 3742 755 quidam

476 753 758 840 Hercules.
799 778 921 832 Tela
953 777 1244 830 immortali
1267 775 1486 829 lethalia
1529 772 1758 826 destinat
1792 783 1943 830 arcu,
1981 779 2098 832 Quae
2127 763 2328 816 frustra
2361 761 2600 829 effugere
2639 761 2763 830 quis
2793 765 3009 828 speret,
3038 756 3084 812 si
3129 755 3291 825 297
3324 757 3483 808 modo
3535 753 3589 807 in
3625 767 3745 807 eum

477 874 568 928 ine
626 871 909 926 collimare
995 868 1128 920 rami
1187 866 1442 930 duxerit;
1489 863 1622 916 nihil
1673 860 1816 914 enim
1874 855 2094 925 petebat
2131 853 2276 922 quod
2297 868 2405 907 non
2431 860 2840 920 assequeretur,
2876 848 3004 902 nulli
3035 848 3184 902 serio
3217 847 3528 902 minabatur
3587 862 3745 915 quem

479 984 585 1022 non
644 964 848 1018 feriret.
904 959 1088 1028 Neque
1131 961 1235 1014 hoc
1285 961 1386 1012 ista
1426 956 1598 1010 solum
1645 952 1930 1008 occasione
1971 955 2036 1005 de
2069 949 2414 1021 qualoquor,
2443 945 2911 1000 animadversum.
2957 943 3107 1000 Alias
3158 954 3214 998 et
3272 941 3423 1006 alibi,
3490 955 3747 1009 quascun-

480 1076 586 1129 que
623 1059 815 1112 ludicri
847 1054 1186 1116 certaminis,
1216 1061 1310 1105 aut
1347 1052 1457 1104 veri
1493 1047 1662 1117 praelii
1693 1047 1846 1115 copia
1871 1059 1933 1099 se
1962 1044 2132 1106 dedit,
2169 1041 2432 1111 quidquid
2502 1048 2598 1092 aut
2665 1053 3044 1107 quemcunque
3112 1036 3216 1092 sibi
3251 1052 3376 1129 pro
3431 1049 3599 1106 scopo
3627 1049 3750 1129 pro-

477 1127 680 1219 posuit,
723 1149 879 1217 plane
912 1145 1179 1216 percussit
1220 1144 1327 1196 ictu
1377 1138 1696 1194 iuevitabili.
1740 1135 1879 1202 Quid
1919 1150 2115 1204 corpus
2171 1133 2326 1188 dico?
2402 1130 2782 1200 qualecunque
2864 1130 3116 1199 quamvis
3191 1128 3482 1191 minutum,
3569 1127 3752 1195 cujus-

481 1259 697 1311 cunque
769 1241 1073 1295 membrum
1127 1247 1219 1290 aut
1263 1245 1471 1305 partem
1525 1233 1687 1286 ferire
1779 1230 2107 1284 collimando
2177 1237 2422 1296 cuperet,
2484 1227 2668 1281 statim
2728 1224 2948 1295 displosi
3005 1224 3095 1279 teli
3147 1224 3293 1278 acies
3326 1223 3544 1292 ﬁgebat.
3606 1226 3754 1277 Adeo

480 1343 639 1410 longe
686 1341 898 1392 Teucro
958 1346 1012 1387 et
1079 1334 1274 1400 Aiaces
1327 1347 1516 1386 omnes
1559 1330 1741 1384 Caesar
1795 1328 2060 1398 Brycnius
2127 1327 2320 1380 robore
2380 1323 2639 1378 tondendi
2709 1337 2905 1386 arcus,
2983 1332 3039 1376 et
3095 1321 3377 1378 celeritate
3443 1321 3753 1377 excutiendi

475 1431 644 1502 jaculi
711 1428 1036 1482 antecellere
1088 1426 1399 1477 videbatur.
1446 1422 1712 1475 Caeterum
1790 1426 2070 1487 utcunque
2109 1417 2232 1472 talis
2258 1432 2322 1471 ac
2352 1425 2534 1470 tantus
2567 1416 2619 1469 iu
2659 1425 2774 1470 arte
2794 1415 3066 1486 jaculandi
3096 1412 3218 1478 fuit,
3260 1423 3440 1470 tamen
3503 1431 3627 1469 eum
3689 1425 3746 1472 et

480 1526 587 1580 diei
652 1522 839 1592 religio
878 1536 1051 1576 sacrae
1139 1528 1194 1573 et
1253 1517 1563 1570 mandatum
1627 1513 1970 1580 imperatoris
2026 1512 2097 1564 ita
2177 1511 2414 1580 placavit
2489 1511 2759 1573 hostibus,
2825 1521 2884 1564 ut
2928 1510 2996 1565 iis
3031 1512 3282 1580 quamvis
3313 1510 3468 1565 iratis
3509 1518 3563 1565 et
3613 1512 3751 1565 mori

484 1616 816 1670 merentibus
846 1614 1034 1668 volens
1057 1618 1323 1681 parceret.
1376 1608 1438 1660 Et
1485 1608 1702 1660 obstare
1737 1606 1860 1658 licet
1889 1603 2152 1658 simulans
2183 1604 2237 1657 in
2271 1619 2366 1658 eos
2397 1603 2644 1673 galeatos
2686 1605 3074 1674 clypeatosque
3146 1620 3207 1658 ac
3277 1618 3337 1659 se
3399 1613 3510 1659 toto
3573 1603 3758 1660 furore

481 1709 839 1763 admoventes
873 1707 1144 1760 moenibus
1183 1717 1418 1772 superne
1456 1715 1762 1769 repugnans
1791 1697 2151 1766 jacularetur,
2181 1698 2486 1752 voluntaria
2560 1709 2738 1753 tamen
2802 1697 3174 1752 misericordia
3244 1699 3504 1767 perdebat
3565 1698 3755 1762 ictum,

488 1803 596 1856 alio
627 1816 788 1870 quam
833 1799 885 1852 in
922 1797 1106 1853 vitalia
1152 1799 1470 1864 declinans;
1529 1795 1802 1849 interdum
1858 1805 1912 1848 et
1956 1794 2071 1847 solo
2145 1793 2375 1861 strepitu
2459 1805 2664 1850 terrere
2709 1805 3020 1850 contentus.
3076 1794 3355 1864 Expressit
3417 1802 3597 1848 tamen
3651 1795 3756 1846 im-

487 1903 722 1963 portuna
764 1891 1107 1945 contumacia
1153 1890 1506 1960 quantumvis
1549 1889 1832 1958 ignoscere
1876 1896 2068 1956 parato
2109 1886 2312 1942 letbale
2344 1887 2542 1942 vulnus
2575 1889 2740 1944 unius
2780 1905 2811 1944 e
2851 1888 3061 1944 Latinis
3119 1889 3418 1945 Thrasonis
3493 1891 3756 1942 amentia.

491 1983 546 2038 Is
619 1997 724 2036 non
775 1993 1066 2038 contentus
1125 1983 1472 2037 creberrimis
1527 1997 1692 2051 quam
1775 1979 2081 2034 rectissime
2153 1979 2378 2034 vibratis
2444 1995 2679 2050 superne
2718 1981 2772 2035 in
2807 1982 2947 2036 muri
2972 1995 3173 2036 corona
3199 1981 3638 2051 stantessagittis
3664 1994 3755 2035 as-

494 2072 651 2128 sidue
679 2075 970 2142 lacessere,
1007 2075 1170 2129 etiam
1205 2076 1386 2145 lingua
1419 2074 1633 2143 prepria
1666 2074 1834 2127 multa
1863 2071 2284 2137 vociferabatur,
2319 2089 2438 2143 qua:
2460 2088 2592 2128 sono
2627 2075 2767 2144 ipso,
2835 2075 2962 2130 licet
3013 2090 3196 2130 rerum
3255 2074 3579 2130 sententiam
3643 2088 3750 2127 non
3779 2075 3782 2077 ‘

483 2169 794 2238 perciperes
822 2209 838 2234 ,
894 2169 1287 2224 contumeliose
1335 2168 1531 2236 jactari
1596 2153 1972 2236 probroseque
2020 2164 2071 2216 in
2113 2179 2211 2218 nos
2242 2174 2551 2234 appareret.
2586 2167 2640 2220 ln
2669 2168 2813 2221 hunc
2842 2166 2920 2222 sic
2949 2168 3204 2222 meritum
3273 2165 3506 2222 intendit
3565 2180 3753 2228 arcum

486 2259 706 2327 Casar;
764 2271 822 2314 at
883 2260 961 2314 illi
1007 2276 1101 2330 per
1141 2261 1388 2331 clypeum
1434 2273 1640 2328 perque
1708 2259 1934 2311 interius
1987 2257 2224 2311 thoracis
2271 2258 2522 2312 adactum
2576 2260 2739 2314 telum
2821 2262 2974 2316 lateri
3015 2261 3292 2317 brachium
3335 2261 3568 2315 censuit.
3619 2259 3757 2315 Tum

485 2374 615 2413 vero
689 2359 779 2414 ille
821 2360 1042 2429 quidem
1124 2359 1372 2428 dejectus
1424 2358 1588 2410 humo
1651 2369 1940 2425 motusque
1989 2354 2229 2422 jacebat.
2273 2354 2513 2410 Vocibus
2543 2366 2598 2410 at
2662 2356 2848 2412 mixtis
2905 2358 3177 2426 perfertur
3202 2359 3254 2412 in
3293 2358 3497 2414 aethera
3523 2358 3756 2421 clamor.

484 2461 794 2504 nostrorum
816 2449 1018 2505 Caesari
1053 2450 1486 2520 gratulantium:
1559 2448 1798 2502 hostium
1867 2449 1947 2502 sui
2006 2445 2302 2501 Thrasonis
2350 2447 2502 2502 clade
2553 2463 2618 2504 ac
2663 2464 2791 2504 casu
2855 2450 3172 2508 dolentium.
3221 2450 3360 2507 Hine
3405 2451 3518 2520 jam
3574 2461 3758 2507 coorta

489 2545 675 2612 gravis
724 2561 900 2614 pugna
947 2553 1052 2607 est,
1101 2545 1303 2598 nostris
1357 2559 1466 2597 uno
1499 2555 1740 2611 tempore
1769 2542 1859 2609 qui
1911 2541 2471 2610 exierantequitihus
2501 2551 2556 2595 et
2588 2543 2673 2595 his
2705 2545 2773 2597 de
2839 2560 2995 2600 muro
3057 2546 3360 2615 sagittariis
3428 2547 3482 2600 in
3547 2546 3754 2600 hostem

484 2635 841 2690 vehementer
910 2633 1369 2688 incumbentibus.
1420 2633 1538 2696 Quo
1627 2629 1982 2684 nihilominus
2032 2639 2308 2696 perstante
2366 2632 2621 2686 submisit
2671 2635 2736 2687 ad
2787 2645 3089 2689 extremum
3162 2635 3460 2706 imperator
3508 2634 3751 2704 proprias

488 2727 659 2796 ipsius
727 2730 954 2796 copias;
1033 2741 1263 2794 quarum
1331 2727 1566 2778 adventu
1624 2723 1936 2790 impetuque
1985 2723 2286 2777 recentium
2375 2723 2533 2779 facile
2626 2725 2757 2780 fusa:
2803 2727 3106 2809 fugataeque
3191 2726 3514 2783 Latinorum
3580 2728 3748 2797 copia:

487 2817 664 2873 fuere.

567 2910 1006 2980 Postridiellugo
1039 2909 1313 2980 profectus
1341 2909 1404 2963 ad
1428 2908 1848 2964 Gotthofredum
1879 2921 2070 2964 auctor

2242 2912 2322 2982 Τῇ
2361 2909 2419 2962 δὲ
2457 2907 2578 2977 μετ’
2606 2908 2778 2980 αὐτὴν
2808 2907 3061 2962 ἀπελθὼν
3088 2912 3118 2964 ὁ
3148 2905 3322 2974 Οὖὸος
3358 2911 3473 2980 (53)
3511 2911 3758 2968 συνεϐού-

489 3007 541 3062 ei
562 3018 889 3073 magnopere
909 3002 1008 3056 fuit
1026 3005 1174 3068 pacis
1189 3017 1254 3055 eu
1268 3019 1316 3055 m
1337 3003 1657 3068 imperatore
1675 3001 1962 3067 faciundae,
1977 3003 2075 3057 de-

488 3099 771 3158 nuntians,
798 3096 1078 3163 nisi,quod
1104 3095 1354 3164 exigebat
1376 3094 1487 3156 illc,
1518 3094 1727 3148 fidelem
1751 3094 1823 3147 illi
1846 3109 1904 3149 se
1926 3093 2074 3148 futu-

496 3201 618 3240 rum
639 3184 992 3254 jurejurando
1011 3185 1331 3252 interposito
1348 3185 1636 3251 sponderet
1658 3183 2071 3249 Gottbofredus,

490 3277 789 3348 periculum
808 3291 930 3329 esse
947 3290 1186 3342 praesens
1205 3290 1270 3328 ne
1283 3277 1451 3342 capia:
1465 3275 1631 3344 ipsius
1649 3291 1675 3327 a
1697 3286 1954 3330 veterano
1971 3280 2075 3330 du-

489 3381 552 3420 ce
572 3379 858 3420 veteranas
883 3366 947 3417 ad
974 3379 1186 3417 manum
1227 3364 1457 3418 habente
1488 3366 1727 3434 legiones
1747 3382 1939 3420 novam
1973 3369 2076 3421 ite-

488 3467 612 3512 rato
657 3458 864 3510 cladem
893 3461 1222 3524 acciperent.
1274 3456 1498 3523 Accepit
1527 3457 1800 3510 hominem
1829 3459 2077 3526 asperius

487 3547 898 3612 Gotthofredus,
926 3549 1239 3618 indigua,ut
1261 3550 1505 3617 putabat,
1525 3549 1844 3602 suadentem
1873 3549 2074 3616 :Tune,

488 3639 772 3707 inquiens,
805 3648 1078 3709 postquam
1113 3639 1256 3708 regio
1294 3642 1550 3692 comitatu
1582 3641 1869 3708 spirituque
1907 3656 2077 3708 egres-

489 3747 580 3784 sus
625 3731 781 3785 domo
825 3749 944 3785 cum
991 3732 1154 3785 tantis
1183 3734 1348 3800 copiis
1375 3744 1420 3786 et
1454 3733 1663 3801 opibus,
1707 3735 1761 3785 in
1804 3733 2076 3802 fortunam

489 3822 944 3891 conditionemque
974 3823 1187 3876 humilis
1221 3824 1430 3876 clientis
1459 3823 1688 3891 abjicere
1721 3832 1770 3876 te
1803 3824 1874 3876 ad
1902 3823 2078 3876 Alexii

487 3913 640 3982 pedes
665 3916 903 3984 potuisti,
936 3916 1096 3968 etiam
1115 3915 1280 3969 audes
1308 3926 1564 3986 tanquam
1587 3917 1661 3969 rei
1683 3915 1959 3984 prazcl'araa
1982 3915 2078 3968 tibi

490 4009 757 4072 conscius,
779 4008 921 4061 ultro
935 4024 1219 4075 provocare
1239 4025 1319 4062 me
1340 4009 1408 4062 ad
1431 4009 1657 4061 imitatio
1669 4024 1784 4061 nem
1799 4010 1896 4071 tui,
1912 4007 2080 4078 298

486 4107 540 4153 et
563 4108 672 4152 tam
709 4115 900 4169 parum
936 4109 1286 4153 consentanea
1329 4117 1457 4154 mea:
1487 4101 1742 4170 dignitati
1777 4101 2080 4156 consulere?

488 4190 586 4247 Cui
612 4190 794 4262 Hugo,
829 4191 991 4262 Atqui
1026 4194 1254 4261 primum
1279 4192 1516 4244 omnium
1550 4192 1845 4260 oportebat,
1880 4193 2078 4261 inquit,

489 4300 596 4339 non
621 4286 908 4339 excessisse
942 4301 1059 4349 nos,
1092 4286 1236 4337 ausis
1278 4284 1558 4352 improbis,
1591 4293 1641 4336 et
1676 4287 1808 4337 votis
1843 4300 1933 4352 spe
1974 4301 2079 4338 non
2105 4258 2150 4316 θ

491 4375 594 4429 nisi
625 4373 788 4427 dubia
833 4374 1096 4437 subnixis,
1142 4375 1285 4426 ultra
1347 4373 1478 4442 ﬁnes
1531 4382 1837 4427 nostrarum
1891 4391 2083 4428 unum-

487 4483 742 4538 quemque
767 4467 1053 4530 ditionum,
1077 4466 1522 4536 cupiditatemque
1543 4476 1700 4536 atque
1726 4469 1979 4537 impetum
2014 4470 2080 4523 ab

493 4558 685 4611 alienis
737 4559 892 4612 rebus
928 4559 1255 4612 abstinuisse
1293 4567 1566 4612 contentos
1610 4561 1868 4629 propriis.
1919 4559 2084 4612 Post-

492 4665 654 4721 quam
701 4665 820 4703 vero
854 4649 1202 4720 qualicunque
1242 4651 1459 4704 consilio
1489 4651 1589 4703 huc
1612 4653 1713 4704 loci
1736 4653 1966 4718 provecti
1992 4671 2085 4707 su-

492 4757 633 4804 mus,
684 4743 772 4795 ubi
797 4743 910 4796 sine
941 4743 1188 4796 benevola
1227 4759 1355 4796 cura
1393 4752 1444 4796 et
1473 4744 1800 4811 prouidentia
1835 4746 1948 4814 ejus
1987 4747 2078 4816 qui

491 4836 577 4888 hic
599 4836 819 4904 imperat
863 4834 998 4889 salvi
1035 4852 1146 4890 esse
1178 4853 1280 4888 non
1305 4851 1618 4902 possumus,
1649 4836 1806 4904 plane
1851 4840 1899 4892 si
1935 4841 2081 4906 sapi-

494 4945 633 4993 mus,
659 4930 788 4982 dare
837 4929 1083 4983 debemus
1150 4946 1387 4998 operam,
1442 4931 1706 4984 audiendo
1744 4949 1826 4998 eo,
1868 4933 2083 5003 ejusque

492 5022 772 5090 postulatis
819 5023 1121 5085 annuendo,
1185 5032 1240 5076 ut
1275 5023 1448 5088 ipsum
1497 5023 1861 5077 demereamur
1908 5026 2080 5087 nobis,

494 5113 695 5183 alioqui
747 5113 946 5182 frustra
989 5104 1188 5182 felicem
1231 5115 1428 5168 exitum
1506 5131 1817 5184 magnorum
1889 5126 2083 5183 caepto-

497 5220 616 5258 rum
663 5209 980 5274 speraturis.
1028 5206 1267 5262 Reverso
1311 5206 1531 5278 Hogone
1576 5223 1636 5262 re
1681 5208 1904 5272 infecta,
1965 5224 2087 5262 cer-

497 5292 602 5345 tior
627 5294 847 5348 aliunde
879 5295 1051 5349 factus
1081 5297 1382 5364 imperator
1403 5335 1418 5359 ,
1452 5296 1590 5350 alios
1623 5312 1758 5366 quos
1801 5299 1852 5352 in
1891 5299 2086 5352 itinere

497 5385 782 5438 constabat
817 5400 936 5441 esse
957 5427 972 5452 ,
1005 5401 1251 5458 quosque
1278 5387 1671 5442 Gotthot‘redus
1704 5390 2080 5458 exSpectabat,

2177 3005 2303 3058 λευε
2345 3005 2424 3072 τῷ
2462 3004 2501 3056 Γ
2505 3003 2736 3072 οντοφρὲ
2775 3000 2853 3072 τῷ
2882 3002 2977 3055 τοῦ
3019 3002 3288 3071 βασιλέως
3339 3002 3558 3068 ὑπεῖξαι
3595 3004 3762 3073 θελή-

2183 3113 2334 3168 ματι,
2368 3098 2416 3148 εί
2452 3097 2528 3166 μὴ
2569 3097 2665 3148 καὶ
2695 3094 2954 3164 δευτέρας
2996 3094 3246 3164 βούλοιτο
3270 3095 3373 3165 τῆς
3405 3093 3607 3149 τούτου
3638 3097 3768 3167 περὶ

2178 3188 2246 3241 τὰ
2277 3180 2556 3255 πολεμικὰ
2585 3185 2882 3255 ἐμπειρίας
2930 3185 3127 3251 πεῖραν
3161 3183 3367 3250 λαϐεῖν,
3401 3186 3497 3237 καὶ
3535 3186 3768 3256 ὀμωμο-

2179 3281 2335 3332 κέναι
2377 3276 2628 3346 καθαρὰν
2661 3274 2848 3327 πίστιν
2880 3273 3174 3343 φυλάττειν
3208 3275 3380 3344 αὐτῷ.
3415 3275 3473 3327 Ὀ
3501 3275 3558 3327 δὲ
3599 3276 3772 3328 πολλὰ

2179 3371 2365 3424 τοῦτον
2406 3368 2802 3438 κατεμέμφετο
2827 3367 3003 3436 λέγων
3029 3385 3043 3398 ·
3075 3367 3159 3420 Σὺ
3199 3367 3277 3432 ὠς
3311 3367 3625 3436 βασιλεὺς
3661 3369 3772 3437 τῆς

2177 3463 2334 3527 ἰδίας
2363 3461 2748 3527 ἐξεληλυθὼς
2777 3457 2972 3528 χώρας
2988 3459 3138 3527 μετὰ
3167 3460 3465 3513 τοσούτου
3496 3463 3772 3516 πλούτου

2180 3555 2279 3608 καὶ
2330 3553 2796 3621 στρατεύματος,
2844 3550 2962 3604 νῦν
3003 3551 3068 3614 ἐξ
3108 3549 3310 3618 ὕψους
3353 3551 3658 3605 τοσούτου
3691 3551 3778 3612 εἰς

2180 3646 2406 3700 δούλου
2440 3643 2616 3708 τάξιν
2642 3643 2859 3697 ἑαυτὸν
2881 3642 3268 3708 συνήλασας.
3297 3641 3444 3695 Εἶτα
3486 3641 3572 3706 ὡς
3618 3642 3777 3712 μέγα

2180 3758 2236 3794 τι
2295 3737 2684 3805 κατορθωκὼς
2717 3777 2733 3800 ,
2793 3735 2971 3803 κάμοί
3029 3733 3276 3788 τοιαῦτα
3325 3734 3780 3802 συμϐουλεύων

2182 3831 2370 3900 ἥκεις.
2401 3827 2460 3881 Ὀ
2485 3828 2564 3890 δὲ,
2583 3825 2805 3894 Ἐχρῆν
2821 3825 2940 3894 μὲν
2971 3820 3146 3890 ἡμᾶς,
3177 3821 3302 3890 ἔφη,
3329 3820 3402 3874 ἐν
3423 3818 3551 3885 ταῖς
3587 3820 3775 3884 ἰδίαις

2181 3920 2550 3990 προσμένειν
2589 3919 2826 3986 χώραις,
2862 3912 3112 3968 καὶτῶν
3158 3911 3501 3978 ἀλλοτρίων
3546 3909 3780 3980 ἀπέχε-

2181 4017 2346 4079 σθαι,
2377 4010 2506 4064 ἐπεὶ
2539 4008 2608 4064 δὲ
2635 4009 2846 4078 μέχρις
2870 4001 2986 4061 ὦδε
3024 4005 3430 4072 κατήλθομεν,
3452 4005 3705 4072 πολλῆς
3735 4004 3780 4036 ⁸¹

2183 4105 2294 4173 τῆς
2348 4105 2452 4158 τοῦ
2494 4100 2805 4168 βασιλέως
2851 4097 3215 4168 κηδεμονίας
3253 4097 3548 4166 δεόμενοι,
3587 4097 3647 4149 εί
3692 4091 3781 4162 μὴ

2183 4198 2306 4264 τοῖς
2361 4197 2548 4251 αὐτοῦ
2601 4196 2921 4260 πειθόμεθα
2959 4191 3334 4260 λόγοις,οὐκ
3388 4189 3587 4257 ἀγαθὰ
3637 4185 3786 4256 ἡμῖν

2182 4289 2584 4357 συμϐήσεται.
2629 4287 2718 4350 Ὦς
2756 4285 2815 4339 δὲ
2883 4284 3040 4338 κενὸν
3071 4283 3165 4336 τὸν
3199 4279 3373 4337 Οὖδον
3419 4281 3642 4334 ἐκεῖθεν
3697 4279 3785 4343 ἑξε-

2181 4380 2419 4450 έπεμψε,
2448 4376 2888 4448 πληροφορηθεὶς
2917 4377 2944 4430 ὁ
2974 4374 3232 4444 βασιλεὺς
3264 4373 3358 4426 καὶ
3388 4372 3516 4434 τοὺς
3544 4369 3787 4424 ὄπισθεν

2183 4475 2512 4544 ἐρχομένους
2549 4470 2793 4539 ἐγγίζειν
2832 4469 2935 4540 ἤδη
2972 4468 3246 4537 κομήτας,
3301 4463 3644 4527 ἀποστείλας
3676 4462 3788 4514 τῶν

2182 4567 2466 4636 ἡγεμόνων
2507 4563 2799 4634 ἐκκρίτους
2851 4563 3011 4621 τινας
3070 4560 3211 4629 μετὰ
3261 4558 3370 4611 τῶν
3433 4555 3526 4610 ὑπ’
3569 4555 3785 4617 αὐτοὺς

2184 4658 2490 4728 δυνάμεων,
2524 4654 2841 4725 ἐπέσκηψεν
2876 4649 3035 4715 αὖθις
3073 4648 3594 4719 συμϐουλεύσασθαι
3631 4643 3786 4716 αὺτῷ

2184 4753 2280 4806 καὶ
2330 4749 2756 4815 καταναγκάσαι
2803 4746 3155 4815 διαπερᾶσαι.
3204 4744 3446 4807 Τούτους
3473 4745 3523 4795 οἱ
3553 4743 3786 4796 Λατῖνοι

2186 4844 2522 4913 θεασάμενοι
2569 4843 2665 4894 καὶ
2719 4841 2855 4912 μηδὲ
2917 4837 3114 4908 μικρὸν
3150 4836 3577 4906 ἀναμείναντες,
3643 4834 3786 4902 μήτε

2190 4937 2295 5007 μὴν
2346 4936 2406 4988 τὸ
2454 4935 2499 4966 ⁵³
2552 4934 2603 4986 τί
2657 4933 2725 4986 ἂν
2772 4931 3048 5002 βούλοιντο
3111 4929 3599 4998 ὲπερωτήσαντες,
3643 4923 3786 4993 πρὸς

2185 5030 2461 5098 πολέμους
2490 5029 2582 5080 καὶ
2613 5027 2788 5096 μάχα;
2818 5027 3082 5094 ἐχώρουν.
3104 5022 3351 5090 Πολέμου
3376 5020 3434 5073 δὲ
3457 5015 3784 5086 ἀναμεταξῦ

2189 5123 2560 5192 συρραγέντος
2618 5118 2868 5189 ίσχυροῦ,
2909 5117 3206 5168 πίπτουσιν
3247 5113 3305 5179 ἐξ
3355 5110 3630 5178 ἑκατέρου
3690 5109 3788 5177 μὲ-

2193 5227 2320 5281 ρους
2368 5208 2569 5262 ἱκανοί.
2623 5204 3037 5277 Τιτρὼσκονται
3075 5202 3132 5255 δὲ
3161 5202 3210 5254 οἱ
3239 5199 3333 5253 τοῦ
3369 5195 3785 5265 αὐτοκράτορος

2194 5302 2384 5353 ὁπόσοι
2439 5298 2934 5369 ἀναισχυντότερον
2960 5295 3109 5366 αὐτῷ
3149 5290 3539 5364 προσέϐαλλον.
3587 5287 3788 5340 Ἐκθυ·

2211 5391 2440 5462 μότερον
2477 5391 2534 5444 δὲ
2559 5391 2769 5444 τούτων
2799 5389 3127 5461 μαχομένων
3179 5389 3247 5441 τὰ
3277 5387 3424 5439 νῶτα
3468 5382 3517 5436 οἱ
3549 5380 3784 5435 Λατῖνοι

1569 5505 1776 5568 Variae
1806 5507 2122 5574 lectiones
2152 5526 2229 5571 ex
2256 5509 2401 5572 cod.
2433 5505 2693 5570 Coislin.

573 5599 619 5632 "
657 5601 807 5655 Deest
842 5618 945 5658 vox
985 5604 1210 5676 πολλῆς.
1285 5607 1332 5639 ⁸³
1364 5605 1525 5664 Deest
1554 5610 1750 5662 vocula
1789 5610 1875 5664 τό.

1584 5723 1723 5783 Car.
1754 5720 2085 5784 Dufresnii
2116 5723 2210 5786 Du
2243 5721 2468 5801 Cangii
2502 5727 2692 5783 notae.

578 5814 693 5886 (53)
731 5812 936 5883 Οὗσος.
970 5817 1100 5875 Vile
1133 5821 1474 5886 Guibcrtum,
1502 5821 1593 5875 lib.
1623 5837 1683 5876 tl.
1717 5837 1836 5891 cap.
1881 5823 1967 5875 19.
