4040 6280
436 317 542 384 767

1715 314 1936 378 ANNAE
1965 313 2345 376 COMNEN/E

3571 309 3670 372 768

441 429 662 485 fortium
735 431 928 484 itinere
981 426 1224 482 terrestri
1273 428 1340 480 ad
1405 431 1580 482 castra
1633 427 1820 482 Baulis
1853 427 2005 498 jubet

2109 419 2655 490 παρακελευσάμενος
2711 418 3127 485 καταναγκάσαι
3171 416 3359 470 τούτου
3403 419 3502 489 τὴν
3555 422 3672 475 δια-

441 523 686 586 tendere,
719 533 986 587 agereque
1024 527 1181 586 prout
1225 533 1312 574 res
1348 516 1515 574 ferret
1555 522 1731 575 modis
1759 521 2008 575 omnibus

440 623 501 666 ut
569 611 968 681 quamprimum
1041 610 1086 664 is
1171 625 1301 665 suos
1352 625 1540 664 omnes
1597 611 1734 664 ultra
1803 609 2002 664 fretum

438 702 622 756 volens
658 701 822 772 299
858 702 1112 756 nolensve
1157 703 1486 772 deportaret.
1526 703 1792 772 Expertus
1831 715 2006 760 tenta-

437 795 636 846 mentis
674 794 863 859 primis
903 791 1051 862 Opus
1081 793 1357 848 Gallomm
1401 796 1610 848 animos
1651 796 1806 849 facile
1840 799 2006 852 sensit

437 883 750 950 neutiquam
805 894 1024 950 paratos
1084 885 1150 939 ad
1197 887 1600 953 obsequendum
1649 887 2004 954 imperatori:

440 975 570 1042 quin
619 973 778 1027 etiam
833 974 1127 1029 insolentes
1179 992 1362 1030 eorum
1405 977 1456 1030 in
1496 977 1668 1046 ipsum
1705 979 1877 1032 minas
1913 994 2008 1032 au-

439 1063 558 1118 dire
587 1065 814 1132 amplius
853 1081 960 1119 non
1003 1067 1277 1121 sustinens
1307 1068 1578 1135 expedivit
1604 1083 1756 1122 arma
1785 1087 1797 1122 :
1833 1072 2005 1138 magis

367 1212 370 1214 γ
439 1152 527 1206 ille
562 1155 778 1222 quidem
809 1158 1110 1210 ostentandi
1144 1159 1323 1212 animo
1355 1174 1513 1228 quam
1561 1160 1824 1214 inferendi
1859 1162 2003 1216 belli.

440 1245 546 1300 Sed
587 1248 744 1319 longe
770 1251 1020 1318 opinione
1060 1250 1224 1306 falsus
1255 1261 1339 1307 est
1367 1254 1460 1322 qui
1489 1268 1625 1307 vana
1659 1253 2004 1309 simulatione

437 1337 704 1394 inferendi
739 1341 906 1409 pra-lii
945 1353 1208 1397 terrorem
1252 1345 1497 1400 incutere
1529 1359 1586 1399 se
1608 1361 1764 1414 posse
1796 1363 2004 1416 pngna—
2049 1394 2079 1402 η

436 1430 667 1483 cissima:
729 1433 876 1501 genti
937 1435 1212 1488 credidit:
1263 1437 1448 1504 eisque
1495 1437 1558 1488 ad
1604 1449 1802 1491 metum
1852 1439 2004 1505 obje-

439 1520 638 1574 ctando
683 1537 803 1590 quae
853 1524 905 1576 in
954 1525 1094 1578 votis
1156 1525 1357 1580 habere
1419 1543 1483 1581 ac
1537 1545 1756 1596 sperare
1807 1531 2000 1596 solent,

437 1610 752 1666 adacturum
787 1614 970 1669 Gallos
1016 1616 1083 1670 ad
1119 1619 1492 1672 maturandam
1525 1621 1896 1687 traiectionem
1947 1637 2005 1675 se

437 1703 815 1759 arbitraretur.
851 1707 986 1760 Rat'tl
1018 1705 1188 1776 Opum
1229 1709 1470 1772 pratlium
1502 1723 1780 1779 parantem
1815 1715 2004 1768 videns

2111 512 2432 580 περαίωσιν.
2483 511 2638 563 Ἐπεὶ
2702 509 2758 562 δὲ
2802 509 2989 563 τοῦτον
3057 508 3201 578 ἐώρα
3263 511 3341 580 τῷ
3405 510 3668 584 βασιλικῷ

2114 603 2379 672 μηδαμῶς
2435 604 2728 656 ὑπείκοντα
2791 602 3196 671 προστάγματι,
3229 601 3343 656 ἀλλ’
3377 605 3670 674 ἀναισχυν-

2109 696 2304 748 τοῦντα
2367 695 2462 748 καὶ
2529 695 2699 748 πολλὰ
2764 695 2904 747 κατά
2969 693 3061 746 τοῦ
3132 693 3400 763 βασιλέως
3467 713 3673 766 φρυατ-

2108 789 2356 857 τόμενον,
2380 787 2744 857 ὁπλισάμενος
2779 784 3139 856 παρετάξατο,
3169 786 3674 857 μορμολυττόμενος

2110 881 2252 949 τάχα
2283 881 2372 933 τὸν
2407 881 2706 951 βάρϐαρον,
2743 879 2837 932 καὶ
2866 877 2957 932 διὰ
2993 876 3153 930 τοῦτο
3190 878 3437 946 οἰόμενος
3468 879 3674 932 πείσειν

2111 972 2276 1024 αὐτὸν
2333 973 2468 1041 πρὸς
2531 972 2633 1042 τὴν
2691 971 2928 1042 περαίαν
2987 970 3447 1026 διαπλωῖσασοαι.
3519 973 3578 1024 '0
3617 973 3673 1026 δὲ

2110 1064 2304 1116 θᾶττον
2408 1064 2569 1132 λόγος
2605 1064 2744 1133 μετὰ
2783 1064 2898 1115 τῶν
2951 1063 3222 1116 συνόντων
3255 1063 3406 1132 αὐτῷ
3457 1064 3674 1117 Κελτῶν

2109 1155 2582 1225 παραταξάμενος,
2615 1158 2690 1218 ὡς
2712 1155 2846 1209 λέων
2888 1157 3060 1228 ἐχάρη
3091 1156 3312 1226 μεγάλῳ
3343 1156 3436 1209 ἐπὶ⁸
3463 1156 3671 1224 σώματι

2106 1248 2337 1316 κύρσας,
2369 1249 2464 1301 καὶ
2487 1247 2789 1317 τηνικαῦτα
2823 1249 2960 1317 μετὰ
2982 1247 3077 1300 τοῦ
3109 1249 3282 1300 Ὠπου
3325 1247 3500 1316 μέγαν
3533 1249 3676 1300 συνί-

2110 1357 2268 1408 στησι
2321 1339 2577 1409 πόλεμον.
2641 1338 2978 1393 Καταλαϐὼν
3033 1340 3088 1392 δὲ
3145 1341 3241 1392 καὶ
3263 1341 3308 1372 ⁵³
3339 1342 3368 1392 ὀ
3399 1339 3674 1408 Πηγάσιος

2101 1431 2415 1492 ’διαπόντιος
2449 1429 2538 1498 ἐφ’
2564 1425 2608 1498 ᾧ
2631 1431 2853 1494 τούτους
2885 1433 3173 1500 διαπερᾷν.
3201 1432 3312 1484 Καὶ
3339 1431 3671 1500 θεασάμενος

2105 1521 2202 1592 τὴν
2255 1523 2400 1575 κατὰ
2445 1523 2540 1592 τὴν
2591 1525 2820 1594 ἤπειρον
2877 1524 3056 1594 μάχην
3105 1522 3198 1576 καὶ
3254 1525 3378 1585 τοὺς
3435 1523 3673 1585 Κελτοὺς

2109 1613 2447 1684 ἰταμώτερον
2495 1614 2572 1683 τῷ
2621 1613 2918 1683 Ῥωμαϊκῷ
2979 1613 3355 1684 στρατεύματι
3403 1615 3674 1686 προσϐάλ-

2103 1703 2315 1769 λοντας,
2352 1705 2460 1758 τῶν
2505 1704 2648 1772 νηῶν
2703 1704 3062 1772 ἐξεληλυθὼς,
3117 1705 3174 1769 ἐξ
3205 1705 3468 1758 ὀπισθίων
3499 1723 3669 1774 προσ·

435 1793 630 1858 gaudet
677 1800 734 1846 ut
801 1794 980 1850 oblata
1027 1799 1206 1863 magni
1272 1799 1356 1854 leo
1397 1803 1638 1868 corporis
1683 1817 1848 1869 esca;
1901 1819 2005 1858 nec

2109 1795 2292 1848 ϐάλλει
2343 1796 2438 1848 καὶ
2473 1797 2632 1858 αὐτὸς
2660 1799 2772 1858 τοῖς
2795 1798 3044 1860 Κελτοῖς.
3085 1797 3464 1866 ’Λναιροῦνται
3489 1797 3666 1850 τοίνυν

435 1893 588 1932 mora
631 1881 739 1933 ulla
803 1883 948 1938 dicto
981 1888 1142 1940 citius
1181 1903 1312 1942 suos
1353 1891 1402 1942 in
1434 1879 1721 1946 adversum
1767 1895 2004 1960 instruit,

432 1965 596 2036 inque
668 1969 840 2038 Opum
897 1975 1167 2028 invehitur
1239 1977 1438 2047 impetu
1505 1982 2004 2038 vehementissimo.

432 2059 596 2114 Forte
640 2063 936 2118 advenerat
967 2066 1153 2118 eodem
1199 2083 1294 2135 per
1335 2084 1484 2123 oram
1521 2073 1690 2127 maris
1746 2075 2006 2143 Pegasius

433 2159 654 2206 evectus
679 2167 804 2206 cum
833 2157 1058 2210 navibus
1089 2155 1278 2212 Baulis
1301 2161 1508 2230 copias,
1537 2163 1580 2216 si
1617 2164 1664 2216 ci
1692 2169 2006 2232 persuaderi

431 2243 690 2312 trajectio
731 2255 938 2315 posset,
985 2250 1038 2302 in
1088 2251 1271 2306 Asiam
1299 2259 1770 2323 transportaturis.
1821 2258 1919 2314 Hic
1971 2276 2004 2316 e

431 2337 568 2390 mari
609 2338 923 2406 speculatus
971 2339 1258 2396 littoralem
1301 2361 1534 2414 pugnam
1561 2385 1576 2408 ,
1613 2348 1854 2417 satisque
1884 2350 2001 2406 visu

431 2425 550 2496 ipso
586 2431 866 2484 :eslimans
906 2431 1048 2486 baud
1101 2449 1256 2501 pares
1299 2437 1364 2490 ad
1402 2449 1700 2492 extremum
1730 2440 2001 2497 Romanos

431 2515 547 2570 fore
588 2521 766 2573 ardori
814 2521 1233 2592 flagrantissimo
1269 2541 1374 2593 quo
1414 2543 1576 2582 ruere
1627 2531 1678 2582 in
1717 2545 1810 2585 eos
1863 2531 2002 2586 Galli

430 2607 540 2676 jam
569 2623 849 2680 ceperant,
901 2617 1108 2669 otiosus
1135 2617 1287 2670 testis
1317 2619 1487 2673 cladis
1518 2635 1735 2675 suorum
1766 2641 1886 2678 esse
1910 2641 2007 2679 no-

434 2699 552 2752 luit.
611 2702 977 2758 Exsccnsione
1041 2707 1204 2775 igitur
1256 2720 1480 2776 repente
1543 2711 1686 2766 facta
1741 2714 1924 2768 Gallos
1977 2731 2006 2770 a

433 2797 584 2858 tergo
630 2791 853 2847 invadit.
911 2795 1099 2850 Cmdes
1163 2799 1289 2854 hinc
1349 2801 1685 2870 multorum,
1747 2805 2010 2875 longeque

433 2877 663 2945 plurium
704 2882 945 2936 vulnera.
979 2884 1186 2949 Quibus
1230 2887 1392 2941 rebus
1461 2887 1631 2942 fracta
1669 2896 2008 2946 contumacia

431 2973 780 3040 supchtitum
814 2973 1088 3030 Gallorum
1131 2977 1195 3030 ad
1233 2979 1604 3048 trajectionem
1637 2982 1782 3036 ultro
1813 2991 2006 3051 peten-

2108 1887 2413 1957 τηνικαῦτα
2460 1889 2680 1940 πολλοί·
2736 1889 2980 1942 πλεῖστοι
3021 1889 3076 1940 δὲ
3128 1891 3222 1941 καὶ
3253 1888 3671 1958 τιτρώσκονται,

2111 1979 2207 2030 καὶ
2253 1979 2428 2042 οὕτως
2473 1980 2523 2032 οἱ
2565 1980 2832 2043 σωθέντες
2872 1979 3274 2033 ἀνακαλοῦνται
3327 1980 3428 2048 τὴν
3485 1979 3678 2033 διαπε-

2112 2071 2358 2139 ραίωσιν.
2405 2073 2463 2125 Ὀ
2492 2071 2548 2124 δὲ
2583 2072 2842 2140 βασιλεὺς
2887 2071 3336 2142 μηχανικὼτατος
3387 2071 3464 2124 ῶν
3513 2074 3677 2141 ἀνὴρ,

2111 2164 2449 2233 σκεψάμενος
2508 2165 2581 2234 μὴ
2637 2165 2712 2232 τῷ
2779 2163 3052 2233 Γοντοφρὲ
3107 2162 3403 2226 ἑνωθέντες
3451 2163 3549 2216 καὶ
3609 2164 3676 2215 τὰ

2115 2255 2400 2322 συμϐάντα
2431 2255 2646 2317 τούτοις
2678 2256 3126 2324 ἀφηγησάμενοι,
3157 2253 3347 2305 τοῦτον
3401 2255 3528 2306 κατ’
3577 2253 3674 2304 αύ-

2111 2345 2206 2397 τοῦ
2233 2347 2545 2417 ἐρεθίσωσι,
2580 2347 2679 2414 τὴν
2707 2349 2927 2414 αἴτησιν
2981 2345 3186 2398 τούτων
3235 2345 3488 2414 ἀσμένως
3521 2343 3677 2408 δεξὰ-

2117 2454 2296 2506 μενος.
2335 2441 2392 2490 ἐν
2441 2437 2648 2494 πλοίοις
2697 2437 2918 2500 τούτους
2953 2437 3152 2505 ἐνίησι,
3191 2437 3285 2490 καὶ
3335 2435 3677 2499 διαποντίους

2115 2529 2248 2596 πρὸς
2275 2529 2361 2579 τὸν
2413 2529 2506 2580 τοῦ
2539 2529 2790 2597 Σωτῆρος
2820 2529 2986 2596 τάφον
3035 2527 3338 2596 ἐκπέμπει,
3387 2528 3553 2580 τοῦτο
3585 2529 3672 2580 καὶ

2109 2621 2290 2674 αὐτῶν
2353 2621 2823 2691 ἐξαιτησαμένων.
2871 2621 3217 2673 Ἀποστέλλει
3275 2619 3334 2673 δὲ
3398 2619 3668 2690 καὶπρὸς

2107 2712 2234 2772 τοὺς
2262 2713 2652 2780 ἐλπιζομένους
2707 2714 2956 2780 κόμητας
2991 2713 3085 2764 καὶ
3117 2712 3524 2782 φιλοφροσύνης
3564 2729 3664 2781 μη-

2109 2802 2222 2855 νύει
2251 2804 2742 2874 ﬁmum,“an
2773 2805 2956 2866 αὐτοῖς
2987 2803 3206 2867 ἐλπίδας
3232 2803 3426 2867 διδούς.
3464 2803 3532 2855 DZ
3581 2803 3673 2856 καὶ

2110 2895 2510 2957 καταλαϐόντες
2565 2897 2673 2948 πᾶν
2740 2896 2798 2947 τὺ
2853 2893 3325 2964 προσταττόμενον
3381 2893 3678 2964 προθύμως

2113 2987 2406 3054 ἐπλήρουν.

431 3065 554 3118 dam
589 3065 834 3118 inclinari
874 3081 994 3122 sese
1024 3082 1180 3135 passa
1211 3079 1314 3124 est.
1349 3072 1758 3141 Atimperator,
1829 3091 1924 3144 pro
1985 3093 2080 3132 sua
2121 3081 2586 3148 perspicacissima
2655 3079 2936 3148 prudentia
2968 3121 2984 3144 ,
3049 3077 3229 3133 statim
3305 3076 3684 3130 animadverso

431 3173 570 3212 novo
597 3159 864 3226 periculo,
905 3160 950 3214 si
980 3163 1252 3216 exercitus
1280 3164 1360 3218 sic
1393 3163 1638 3218 irritatus
1667 3167 1854 3221 eadem
1891 3169 1998 3232 via,
2045 3186 2150 3239 qua
2187 3169 2581 3225 Gotthofrcdus
2610 3171 2768 3238 paulo
2797 3180 2920 3224 ante
2949 3178 3324 3238 prtecesserat,
3385 3168 3466 3222 ire
3535 3169 3684 3223 sine-

429 3261 580 3306 retur
637 3255 786 3323 (hinc
841 3253 984 3308 enim
1043 3264 1159 3308 erat
1211 3256 1543 3324 verisimile,
1581 3256 1766 3314 Baulis
1810 3261 2008 3316 milites
2081 3278 2202 3317 mox
2275 3273 2620 3318 assecuturos
2655 3261 3150 3328 Gotthofredianos,
3185 3263 3506 3331 impleturos
3539 3261 3687 3332 ipsos

429 3346 666 3415 querelis
694 3350 956 3401 adversus
987 3345 1310 3403 Romanos:
1346 3347 1608 3416 facileque
1635 3367 1990 3420 persuasuros
2037 3364 2094 3409 ut
2136 3354 2450 3423 conjunctis
2502 3355 2742 3408 consiliis
2782 3365 2836 3407 et
2902 3355 3108 3408 viribus
3157 3355 3416 3409 ultionem
3486 3354 3559 3408 de
3619 3355 3682 3408 iis

431 3439 769 3508 sumerent),
797 3439 1046 3507 petitioni
1097 3440 1312 3505 quidem
1403 3439 1733 3507 perlibenter
1787 3445 2019 3497 annuit:
2085 3453 2340 3498 caeterum
2418 3444 2871 3513 compendiosiori
2929 3444 3392 3513 commodiorique
3439 3445 3578 3512 ipsis
3625 3459 3690 3506 se.

431 3532 552 3586 illos
585 3545 690 3598 quo
722 3529 1006 3584 tenderent
1043 3529 1394 3582 deducturum
1443 3527 1524 3580 via
1571 3529 1852 3596 profitens,
1892 3531 2170 3600 impositos
2213 3535 2263 3588 in
2295 3547 2462 3589 naves
2493 3534 2684 3588 itinere
2753 3534 3021 3588 maritimo
3088 3533 3155 3588 ad
3225 3534 3432 3589 Domini
3501 3537 3683 3609 sepul-

432 3637 585 3678 crum
617 3621 762 3676 misit
787 3638 802 3674 :
834 3621 886 3674 id
915 3620 1044 3688 ipsis
1065 3633 1398 3690 magnopere
1426 3617 1756 3674 volentibus.

503 3716 676 3784 Atque
707 3715 972 3768 hactenus
1002 3713 1067 3766 de
1099 3713 1298 3766 comite
1327 3710 1517 3766 Rat‘tle.
1548 3709 1718 3765 Porro
1761 3726 1994 3782 sequen-

2171 3711 2415 3766 Τοιαῦτα
2446 3712 2543 3780 μὲν
2566 3711 2658 3764 οὖν
2689 3711 2756 3765 τὰ
2781 3712 2826 3742 ⁵⁸
2857 3711 2950 3762 τοῦ
2989 3711 3228 3780 κόμητος
3271 3711 3486 3764 Ῥαούλ.
3533 3714 3683 3766 Ἀνα-

432 3806 577 3860 tibus
613 3807 783 3872 ipsum
820 3804 1034 3858 inlinito
1057 3818 1195 3871 pene
1223 3816 1454 3856 numero
1484 3802 1721 3869 regibus,
1749 3803 1999 3868 ducibus,

433 3896 743 3956 comitibus,
781 3895 1021 3964 ipsisque
1067 3894 1201 3948 adeo
1230 3893 1521 3962 episcopis,
1569 3909 1692 3947 cum
1726 3893 1880 3962 longe
1919 3894 2003 3947 in-

433 3988 930 4043 numerabilissima
961 3986 1310 4039 multitudine
1337 3999 1404 4040 ex
1438 3985 1660 4040 Gallicis
1691 3985 1862 4040 ferme
1887 4001 2000 4039 om-

432 4079 594 4134 nibus
618 4078 913 4147 provinciis
935 4085 988 4130 et
1013 4077 1322 4146 regionibus
1339 4076 1585 4138 collecta,
1615 4077 1765 4128 misit
1791 4075 2000 4128 obviam

433 4186 560 4226 suos
597 4172 892 4239 imperator
917 4184 1040 4222 cum
1076 4167 1270 4233 litteris
1304 4165 1720 4220 olliciosissimis
1767 4163 1939 4218 fausta
1970 4181 1998 4216 a

433 4277 492 4316 se
530 4261 876 4330 benignaque
908 4259 1091 4314 omnia
1123 4272 1341 4326 sperare
1365 4258 1514 4326 ipsos
1531 4255 1869 4325 jubentibus.
1895 4255 2005 4309 Nec

431 4354 674 4422 vulgaris
724 4353 833 4406 ista
878 4350 1146 4420 sapientia
1189 4349 1287 4402 fuit
1328 4347 1758 4417 prmoccupantis
1809 4347 2005 4400 infidos

434 4445 666 4504 animos,
695 4451 749 4496 et
779 4443 924 4497 ultro
949 4449 1332 4509 reprzesentata
1357 4439 1686 4494 liberalitate
1721 4437 2005 4508 pellicien-

435 4535 506 4590 tis
536 4534 684 4604 ipsos
719 4533 960 4587 suaviter
991 4531 1057 4586 ad
1107 4545 1315 4586 morem
1349 4532 1452 4585 sibi
1499 4531 1820 4599 gerendum.
1863 4529 1998 4584 Nam

434 4626 542 4680 hoc
567 4625 634 4678 ab
668 4625 800 4694 ipsis
834 4624 926 4678 tali
978 4623 1138 4678 modo
1178 4622 1420 4676 delinitis
1461 4623 1552 4676 ubi
1603 4622 2000 4677 Constantino-

433 4717 599 4786 polim
629 4730 946 4785 pervenere,
979 4717 1271 4785 imperator
1318 4713 1516 4768 deinde
1563 4714 1820 4768 omnibus
1865 4713 2007 4767 obti-

437 4810 579 4864 nuit.
611 4809 726 4864 Nec
767 4807 940 4862 ofﬁcia
987 4809 1102 4863 sola
1135 4808 1422 4862 verborum
1455 4815 1630 4858 erant.
1665 4805 1798 4860 Nam
1847 4805 2008 4859 simul

436 4901 826 4971 dabatoperam
849 4916 914 4955 ex
930 4914 1036 4969 quo
1061 4913 1159 4968 per
1177 4907 1348 4952 terras
1365 4896 1596 4965 imperio
1616 4895 2016 4965 subjectasGal-

2112 3805 2385 3875 ριθμήτου
2418 3803 2473 3855 δὲ
2501 3805 2594 3854 καὶ
2626 3803 2816 3872 ἐτέρου
2849 3801 3084 3871 πλήθους
3119 3801 3342 3854 ὄπισθεν
3373 3803 3676 3871 ἐρχομένου

2111 3897 2423 3966 συμμίγδην
2463 3895 2522 3958 ἐξ
2571 3894 2800 3946 ἁπασῶν
2855 3894 3055 3964 μικροῦ
3109 3893 3216 3944 τῶν
3259 3893 3550 3948 Κελτικῶν
3573 3912 3680 3964 χω-

2111 3987 2218 4058 ρῶν
2269 3987 2704 4054 συνειλεγμένων
2756 3985 2894 4054 μετὰ
2942 3985 3050 4036 τῶν
3115 3985 3434 4051 ἀγαγόντων
3485 3986 3681 4047 αὐτοὺς

2109 4080 2414 4148 ἡγεμόνων,
2475 4079 2659 4147 ρηγῶν
2687 4076 2798 4146 (59)
2849 4093 2929 4140 τε,
2967 4075 3060 4128 καὶ
3096 4075 3323 4140 δουκῶν,
3381 4077 3476 4128 καὶ
3508 4077 3680 4146 κομή-

2109 4187 2238 4234 των,
2267 4171 2362 4222 καὶ
2401 4169 2578 4222 αὐτῶν
2617 4169 2950 4231 ἐπισκόπων,
2984 4167 3324 4220 ἀποστέλλων
3355 4169 3381 4218 ὁ
3411 4166 3682 4236 αὐτοκρά-

2111 4279 2245 4330 τωρ,
2280 4261 2619 4329 φιλοφρόνως
2668 4260 2866 4322 αὐτοὺς
2899 4259 3214 4326 ὑπεδέχετο,
3247 4258 3342 4310 καὶ
3379 4257 3683 4319 ἐπιεικείας

2109 4353 2384 4420 ἐξέπεμπε
2431 4352 2620 4420 λόγους
2667 4352 2851 4412 ὁποῖος
2909 4351 3110 4410 ἐκεῖνος
3159 4349 3330 4410 δεινὸς
3379 4348 3440 4400 τὸ
3491 4348 3682 4417 μέλλον

2111 4443 2613 4514 προμηϐεύσασθαι,
2641 4443 2732 4496 καὶ
2761 4441 3109 4512 προαρπάσαι
3137 4441 3196 4492 τδ
3223 4439 3684 4508 συμφέρον.Ἐπι·

2108 4537 2340 4606 σκήπτει
2371 4536 2428 4589 δὲ
2459 4538 2550 4588 καὶ
2577 4535 2644 4588 τὰ
2675 4535 2899 4604 ζωαρκῆ
2948 4533 3157 4594 τούτοις
3205 4531 3530 4602 ἐρχομένοις
3567 4533 3685 4582 ἐπι-

2105 4629 2361 4698 χορηγεῖν
2388 4629 2500 4690 τοῖς
2529 4627 2618 4680 ἐπ’
2660 4625 2812 4694 αὐτῷ
2856 4623 3030 4692 τούτῳ
3073 4621 3456 4690 τεταγμένοις,
3491 4623 3571 4684 ὡς
3614 4620 3684 4688 μὴ

2105 4718 2279 4790 λαϐὴν
2314 4721 2512 4782 αὐτοὺς
2553 4721 2612 4771 τδ
2649 4718 2916 4788 παράπαν
2951 4715 3245 4785 ἐσχηκέναι
3285 4714 3410 4781 μηδ’
3455 4713 3514 4777 ἐξ
3569 4711 3683 4769 οἵας

2109 4805 2201 4864 οὖν
2224 4810 2425 4874 αἰτίας.
2459 4812 2521 4863 0i
2553 4809 2606 4862 δὲ
2644 4811 2780 4880 πρὸς
2823 4808 2920 4878 τὴν
2956 4805 3318 4877 μεγαλόπολιν
3347 4805 3644 4873 ἠπείγοντο
3665 4812 3682 4829 ·

2110 4901 2252 4970 τάχα
2295 4900 2351 4954 δὲ
2400 4899 2523 4954 εἶπέ
2553 4919 2636 4964 τις
2669 4897 2898 4969 ούρανοῦ
2931 4898 3167 4966 ἀστέρας
3197 4893 3341 4948 εἶναι
3373 4893 3605 4953 τούτους
3643 4889 3674 4957 ἢ

437 4993 523 5048 1ἰοί
549 4994 822 5049 exercitus
851 4993 1120 5049 habebant
1141 4991 1330 5058 iter,ut
1349 4989 1521 5060 ampla
1546 4989 1674 5058 ipsis
1699 4989 2005 5058 ubicunque

2111 4992 2338 5060 ψάμμον
2361 4994 2513 5062 παρα
2542 4993 2618 5063 τῷ
2641 4993 2808 5062 χείλει
2830 4993 2930 5062 τῆς
2961 4990 3236 5058 θαλάσσης
3265 4985 3674 5056 ἐκκεχυμένην’

1539 5101 1736 5164 Variae
1763 5102 2070 5166 lectiones
2095 5121 2174 5166 ex
2199 5105 2341 5167 cod.
2375 5105 2634 5167 Coislin.

506 5208 552 5241 ⁸⁸
581 5207 740 5263 Deest
773 5208 964 5262 vocula
991 5208 1104 5262 καί.
1179 5208 1226 5240 ⁵⁸
1253 5207 1345 5260 καὶ
1364 5206 1450 5260 τά.

1511 5318 1648 5380 Car.
1675 5315 2005 5378 Dufresnii
2039 5319 2138 5377 Du
2172 5317 2392 5395 Cangii
2427 5323 2616 5378 notae.

522 5441 637 5514 (59)
680 5441 936 5514 ΪΡηγῶν.
975 5444 1134 5510 Atqui
1169 5457 1322 5514 reges
1348 5442 1530 5514 nullos
1568 5457 1640 5514 ea
1685 5447 2006 5510 tempestate

446 5513 994 5584 Ilierosolymitanum
1021 5513 1321 5584 arripuisse
1347 5513 1450 5564 iter
1481 5513 1706 5584 legimus
1732 5526 1766 5584 ;_
1814 5524 2002 5584 regum

442 5597 576 5636 vero
601 5579 737 5638 lilio's
785 5585 1007 5650 aliquot,
1063 5579 1325 5644 Francize,
1355 5579 1582 5649 Anglia},
1637 5579 1817 5650 Dania:
1848 5597 1862 5632 :
1898 5579 2001 5650 nisi

445 5651 717 5719 Edgarnm
746 5647 1058 5718 Adelingnm
1090 5666 1247 5718 quem
1295 5651 1350 5703 in
1397 5647 1577 5718 regem
1630 5647 2002 5719 Angligeele-

450 5717 594 5776 ctuin
625 5720 701 5774 ait
728 5717 1042 5784 Orderieus,
1077 5717 1169 5774 lib.
1207 5733 1259 5788 ν,
1306 5719 1592 5786 intelligat,
1643 5717 1736 5771 aut
1785 5717 1998 5772 Ericum

2113 5448 2295 5496 Dama:
2325 5455 2530 5512 regem,
2559 5437 2820 5512 qui_circa
2840 5451 2960 5512 _ea__
2989 5443 3230 5502 tempora
3276 5429 3668 5512 qustantjpo:

2112 5513 2274 5578 polim
2301 5503 2546 5578 perVeuit
2578 5503 2814 5576 indeque
2839 5507 2890 5560 in
2921 5503 3156 5578 Cyprum
3195 5503 3430 5578 appn_lit,
3492 5503 3586 5578 _I_Ibi
3617 5507 3670 5552 et

2108 5571 2388 5636 vitaedi'em
2418 5579 2611 5632 clausit
2636 5571 3064 5644 ext‘remumﬂiti
3091 5571 3282 5630 narrat
3312 5572 3454 5628 Saxo
3485 5571 3670 5626 Gram-

2109 5652 2360 5720 maticus,
2389 5649 2490 5705 lib.
2527 5663 2628 5702 xu.
