4040 6280
358 332 467 396 769

1642 341 2059 402 ALEXIADIS
2088 345 2238 406 LlB.
2263 348 2338 407 Χ.

3515 361 3626 427 πο

354 441 501 515 ἦσαν
530 444 641 516 γὰρ
672 445 789 499 ὅσα
814 446 1022 515 φύλλα
1051 447 1150 500 καὶ
1185 444 1368 501 ἄνθεα
1397 445 1621 516 γίνεται
1648 446 1794 520 ὥρῃ.
1822 448 1910 504 καί

2049 465 2316 520 prostaret
2335 455 2488 525 copia
2521 457 2730 515 utilium
2754 461 2822 516 ad
2846 462 3045 521 victum
3085 467 3398 540 cultumque
3421 487 3623 543 rerum,

357 538 636 608 Ὅμηρον,
667 541 732 609 τῇ
790 538 1207 591 Κωνσταντίνου
1251 539 1510 604 πελάζειν
1540 540 1640 612 ἤδη
1680 559 1938 594 κατεπει-

355 632 608 701 γόμενοι.
654 632 763 694 Τὰς
793 630 851 684 δὲ
881 630 990 684 τῶν
1049 632 1338 701 ἡγεμόνων
1388 632 1612 698 κλήσεις
1652 638 1744 688 καὶ
1805 652 1941 705 προ-

355 720 675 793 θυμουμένη
721 739 828 793 περ
874 722 1135 790 ἐξειπεῖν,
1188 723 1249 775 οὐ
1296 723 1578 794 βούλομαι·
1617 729 1795 798 ναρκᾷ
1831 729 1939 797 γάρ

356 832 448 884 μοι
475 816 521 847 ⁸⁷
577 818 605 869 ὁ
644 815 841 884 λόγος,
902 819 963 870 τὸ
1024 819 1208 887 μέντοι
1237 817 1283 848 ⁵³
1338 816 1682 889 βαρϐαρικὰς
1752 820 1935 889 φωνὰς

351 908 731 977 ἀπαγγέλλειν
788 909 1131 982 ἀδυνατούσῃ
1193 912 1279 965 διὰ
1329 913 1391 965 τὸ
1435 911 1730 983 ἄναρθρον,
1786 913 1845 965 τὸ
1879 914 1935 966 δέ

350 1019 404 1054 τι
432 1002 528 1055 καὶ
564 1003 704 1073 πρὸς
737 1002 799 1056 τὸ
854 1004 1056 1075 πλῆθος
1098 1006 1323 1059 ἐκείνων
1371 1004 1787 1077 ἀποδλεπούσῃ.
1823 1007 1935 1059 Καὶ

353 1093 442 1147 ἶνα
479 1094 535 1148 τί
597 1094 857 1149 τοσούτου
918 1096 1161 1168 πλήθους
1217 1097 1437 1166 κλήσεις
1499 1097 1934 1168 ἁπαριθμεῖσθαι

353 1186 704 1259 πειρώμεθα,
775 1188 868 1253 οὓς
921 1192 1013 1243 καὶ
1066 1190 1117 1243 οἱ
1183 1192 1305 1244 τότε
1373 1191 1644 1260 παρόντες
1703 1189 1934 1260 ἁκηδίας

348 1280 688 1351 ἐπληροῦντο
717 1283 948 1353 ὁρῶντες
978 1301 992 1351 ;
1035 1283 1125 1345 Ὠς
1163 1282 1255 1335 οὖν
1284 1282 1382 1352 τὴν
1413 1280 1775 1352 μεγαλόπολιν
1802 1298 1936 1335 κατ-

351 1372 543 1425 έλαϐον
613 1374 1005 1439 κατατίθεντας
1030 1377 1076 1409 ⁸³
1143 1376 1214 1428 τὰ
1264 1374 1472 1428 τούτων
1547 1373 1935 1444 στρατεύματα

348 1461 648 1534 ἐπισκήψει
682 1465 777 1518 τοῦ
807 1467 1215 1537 αὐτοκράτορος
1273 1465 1447 1536 ἀγχοῦ
1478 1465 1582 1535 τῆς
1613 1465 1785 1535 μονῆς
1818 1466 1928 1517 Ko-

347 1554 593 1623 σμιδίου,
628 1558 726 1610 καὶ
755 1559 952 1629 μέχρις
979 1558 1146 1612 αὑτοῦ
1174 1557 1436 1626 διήκοντα
1463 1554 1610 1627 ἱεροῦ
1637 1555 1772 1626 (60).
1816 1556 1930 1607 Οὐκ

341 1648 499 1700 ἐννέα
533 1648 591 1701 δὲ
619 1651 863 1720 κήρυκες
894 1651 1150 1722 καθάπερ
1189 1651 1321 1705 ποτὲ
1361 1649 1422 1704 τὸ
1458 1649 1776 1719 Ἑλληνικὸν
1807 1648 1931 1702 τού-

340 1754 469 1802 τους
505 1740 770 1809 βοόωντες
818 1742 1073 1815 ἐρήτυον,
1129 1741 1246 1796 ἀλλ’
1308 1740 1489 1795 ἱκανοὶ
1540 1740 1636 1793 καὶ⁸
1687 1742 1928 1807 γενναῖοι

2047 562 2114 599 ne
2143 564 2246 616 qua
2274 550 2404 618 ipsis
2428 552 2645 606 occasio
2672 553 2753 609 vel
2786 556 2852 609 ad
2882 568 3202 625 praetextum
3228 563 3629 633 relinqueretur

2043 637 2242 691 bostile
2296 639 2592 708 quidquam
2642 643 2894 699 audemli.
2948 644 3069 700 Jam
3117 649 3210 717 qui
3265 652 3626 711 multitudinis

2044 744 2270 799 prorsus
2331 732 2750 790 innumerabilis
2816 734 3345 812 Constantinopolim
3411 746 3623 802 infinita

2043 826 2185 880 serie
2216 828 2451 894 petentis
2474 827 2775 886 informare
2806 832 3096 902 imaginem
3122 838 3455 909 cogitatione
3474 843 3622 911 velit,

2042 915 2089 970 is
2129 916 2319 973 stellas
2376 930 2507 987 quot
2555 920 2718 991 300
2758 923 3007 979 relucent
3064 927 3251 984 innubi
3299 942 3475 999 nocte,
3529 946 3625 990 aut

2041 1023 2222 1064 arenae
2249 1010 2459 1079 copiam
2493 1024 2697 1079 quanta
2721 1015 2868 1083 jacet
2896 1017 2966 1072 ad
2996 1019 3166 1075 maris
3188 1021 3360 1087 littus.
3385 1026 3623 1096 objicere

2040 1117 2153 1156 suae
2182 1105 2349 1157 menti
2386 1104 2601 1159 debeat.
2646 1106 2792 1161 Sane
2830 1110 2977 1164 enim
3012 1111 3295 1168 hominum
3328 1119 3509 1186 capita
3546 1128 3626 1175 tot

2039 1200 2196 1246 erant
2222 1203 2345 1263 quo!
2378 1193 2511 1262 {alia
2548 1209 2595 1250 et
2632 1199 2790 1266 ﬂores
2831 1216 2919 1254 ver
2963 1204 3220 1270 parturit,
3253 1215 3312 1261 ut
3354 1206 3625 1267 llomerus

2040 1283 2265 1339 diceret.
2314 1284 2485 1340 Porro
2519 1287 2718 1343 ducum
2769 1291 3012 1360 ipsorum
3059 1297 3474 1370 principumque
3523 1318 3623 1356 no-

2041 1376 2185 1429 mina
2217 1378 2320 1431 etsi
2352 1381 2615 1434 memoria
2666 1385 2933 1453 suggerit,
2968 1401 3079 1441 non
3134 1397 3313 1443 tamen
3364 1393 3623 1448 inducere

2039 1467 2093 1521 in
2128 1470 2369 1525 animum
2400 1486 2633 1539 possum
2679 1485 2736 1527 ut
2778 1479 2956 1543 edam,
3007 1478 3062 1533 id
3088 1477 3326 1536 Historia
3353 1483 3488 1552 ,ipsa
3536 1501 3624 1540 rc-

2048 1570 2302 1629 spuente,
2341 1563 2501 1632 cujus
2532 1567 2714 1620 nativa
2757 1570 3070 1636 mundities,
3109 1572 3211 1627 ista
3241 1573 3471 1631 colluvie
3495 1576 3622 1631 bar-

2035 1652 2295 1708 barorum
2333 1656 2749 1724 vocabulorum,
2785 1660 2850 1714 ad
2881 1676 3111 1730 quorum
3141 1666 3407 1721 absurdos
3438 1670 3622 1737 expri-

2040 1748 2264 1800 mendos
2299 1762 2467 1802 sonos
2530 1765 2595 1803 ne
2651 1749 2887 1819 linguam
2935 1754 3156 1824 quidem
3211 1759 3369 1813 nobis
3412 1760 3619 1818 Graecis

340 1830 563 1886 ὀπλίται
597 1835 647 1886 οἱ
677 1835 891 1896 τούτοις
926 1834 1262 1905 ἐφεπόμενοι
1292 1835 1407 1896 τοῖς
1450 1829 1545 1884 τοῦ
1586 1830 1910 1901 αὐτοκράτο-

2037 1848 2231 1892 natura
2285 1837 2441 1892 finxit
2490 1840 2621 1895 satis
2672 1841 2929 1909 docilem,
2985 1848 3346 1903 contaminari
3398 1854 3615 1907 metuit.

341 1937 437 1990 ρος
473 1922 811 1994 κελεύμασιν
834 1925 879 1957 ⁵⁸
914 1926 1165 1979 ὑπείκειν
1200 1924 1514 1979 ἀνέπειθον.

2035 1925 2329 1986 Enimvero
2364 1931 2491 1998 quid
2551 1932 2747 1988 attinet
2796 1936 3023 2002 perdere
3069 1954 3288 2008 operam
3338 1942 3616 2000 immensis

342 2016 716 2082 producendis
772 2018 1037 2090 catalogis
1092 2021 1422 2075 absonorum
1474 2017 1754 2073 nominum
1799 2036 1813 2073 :
1883 2029 1937 2074 et
1991 2021 2218 2076 reddere
2276 2024 2452 2079 oculis
2504 2025 2783 2081 hominum
2856 2032 3179 2086 nostratium
3213 2034 3330 2091 banc
3364 2036 3613 2099 lecturis,

340 2123 446 2178 qua
489 2110 760 2179 perfuncti
794 2125 923 2170 sunt
956 2114 1259 2170 molestiam
1292 2131 1305 2168 :
1345 2122 1402 2167 ut
1435 2128 1556 2168 cum
1592 2130 1658 2169 eo
1687 2125 1931 2181 tempore
1973 2133 2078 2173 non
2135 2134 2325 2187 parum
2366 2119 2735 2178 laboraverint
2771 2124 2822 2179 in
2869 2130 3182 2196 spectaculo
3249 2130 3462 2200 ingrato
3536 2144 3615 2188 tot

338 2205 823 2260 iunumerabilimn
847 2210 1186 2263 exercituum
1215 2204 1745 2277 Constantinopolim
1816 2210 2075 2263 continua
2156 2211 2296 2266 serie
2363 2215 2761 2279 accedentium,
2808 2234 2954 2275 nunc
3037 2223 3352 2280 nominibus
3396 2239 3612 2296 qnoque

337 2296 558 2352 illorum
602 2299 654 2353 in
704 2300 808 2355 hoc
851 2315 1014 2370 apere
1062 2300 1303 2371 legendis
1353 2300 1629 2369 negotium
1678 2300 1913 2355 habeant
1957 2301 2331 2383 plenissimum
2364 2304 2536 2360 taedii.
2569 2305 2634 2360 Hi
2668 2322 2833 2376 porro
2869 2309 3032 2365 simul
3059 2312 3125 2366 ad
3189 2329 3441 2383 magnam
3521 2332 3613 2371 ur-

339 2388 460 2444 bem
491 2394 1188 2461 perveneruntexereitus,
1219 2391 1381 2462 jussu
1432 2394 1787 2463 imperatoris
1817 2394 2110 2449 stationem
2149 2378 2255 2451 sibi
2308 2395 2931 2467 designatamibabuere
2998 2418 3168 2474 prope
3219 2411 3607 2464 monasterium

340 2482 632 2550 Cosmidii,
668 2497 779 2540 tam
819 2486 930 2541 late
970 2484 1287 2554 patentibus
1337 2488 1534 2541 castris
1599 2495 1657 2541 ut
1735 2486 1801 2540 ad
1854 2486 2111 2557 templum
2161 2487 2339 2556 ipsum
2399 2491 2771 2560 pervenirent.
2845 2492 3075 2547 Tantam
3132 2511 3294 2565 porro
3369 2499 3619 2554 multitu-

332 2580 516 2636 dinem
548 2595 657 2637 non
703 2581 1035 2637 utGrzecum
1061 2580 1191 2635 olim
1258 2580 1452 2651 vulgus
1521 2581 1650 2636 illud
1689 2592 1967 2652 prmcoixes
2004 2583 2192 2638 decem
2247 2584 2577 2641 clamoribus
2626 2587 2880 2657 regebant
2962 2590 3397 2663 coercebantque
3444 2612 3458 2649 :

3511 2594 3610 2652 Sid

330 2675 537 2731 milites
573 2675 1018 2730 idoneOnomero
1050 2673 1222 2729 fortes
1261 2688 1323 2729 ac
1353 2675 1563 2731 strenui
1644 2675 1736 2746 qui
1778 2673 2050 2732 ellicaeem
2121 2694 2343 2750 operam
2390 2679 2591 2736 dabant
2673 2691 2731 2735 ut
2808 2681 2986 2738 Latini
3033 2684 3205 2754 jussis
3260 2686 3608 2757 imperatoris

328 2766 620 2822 audieutes
646 2778 851 2822 essent.

404 2856 747 2925 Βουλόμενος
801 2856 856 2909 δὲ
913 2858 1139 2923 τούτους
1169 2861 1197 2914 ὁ
1226 2860 1484 2931 βασιλεὺς
1540 2860 1646 2914 ὑπὸ
1676 2860 1786 2914 τῶν
1820 2860 1914 2915 τοῦ

328 2948 371 3001 Γ
372 2949 604 3018 οντοφρέ
639 2948 935 3003 συνελάσαι
984 2950 1188 3021 ὅρκων,
1248 2952 1605 3023 διῃρημένως
1643 2970 1921 3024 προσεκα-

326 3041 475 3095 λεῖτο
506 3042 635 3112 ἰδίᾳ,
672 3042 1026 3113 προσομιλῶν
1056 3043 1193 3097 ἆττα
1226 3049 1319 3097 καὶ
1354 3044 1624 3114 βούλοιτο,
1668 3045 1762 3099 καὶ
1806 3048 1920 3109 τοῖς

326 3134 865 3205 εὐγνωμονεστέροις
917 3135 1209 3205 χρώμενος
1252 3139 1557 3206 μεσασταῖς
1602 3136 1714 3190 τῶν
1759 3138 1919 3189 ἀπει-

325 3223 630 3296 θεστέρων.
669 3225 825 3279 Ἐπεὶ
863 3226 917 3277 δὲ
945 3227 1045 3280 οὐκ
1079 3225 1497 3298 ἐπείθοντο,τὴν
1520 3227 1614 3279 τοῦ
1647 3225 1917 3295 Βαῖμούνο

323 3334 424 3370 του
449 3317 891 3390 καραδοκοῦντες
922 3317 1154 3384 ἐλευσιν,
1183 3318 1321 3372 ἀλλὰ
1358 3319 1621 3372 ποικίλων
1674 3319 1912 3388 τρόπους

322 3411 685 3482 εὑρίσκοντες
710 3410 1066 3481 ἑξαιτήσεων,
1095 3412 1210 3465 ἀλλ’
1241 3413 1379 3467 ἅττα
1402 3410 1914 3483 προσαπαιτοῦντες

323 3499 491 3574 ἦσαν,
552 3502 582 3555 ό
641 3501 902 3573 βασιλεὺς
963 3503 1023 3557 τὸ
1084 3503 1217 3572 παρ’
1272 3504 1456 3556 αὐτῶν
1514 3503 1913 3572 προτιθέμενον

324 3597 502 3666 ῥᾷστα
534 3594 791 3658 διαλύων,
854 3596 948 3648 καὶ
999 3596 1275 3659 παντοίως
1321 3596 1548 3661 τούτους
1603 3595 1904 3667 μετελθὼν,

323 3687 635 3756 συνήλασεν
687 3688 769 3748 είς
804 3686 896 3740 τὸν
941 3686 1036 3739 τοῦ
1087 3687 1360 3757 Γοντοφρὲ
1411 3688 1574 3758 ὅρκον
1620 3705 1907 3759 μεταπεμ-

320 3778 569 3848 ψάμενος
598 3780 694 3833 καὶ
725 3779 889 3832 αὑτὸν
920 3779 1026 3832 ἀπὸ
1058 3779 1154 3832 τοῦ
1186 3779 1491 3834 Πελεκάνου
1528 3781 1620 3834 ἐπὶ
1655 3782 1731 3849 τῷ
1761 3799 1905 3849 παρ-

323 3872 469 3924 ειναι
518 3869 614 3923 τοῦ
670 3872 839 3941 ὅρκου
909 3868 1237 3940 τελουμένου
1293 3870 1621 3925 διαπόντιον.
1682 3871 1908 3926 Πάντων

319 3960 416 4016 οὖν
444 3961 819 4016 συνελθόντων
867 3961 961 4015 καὶ
994 3960 1162 4013 αὑτοῦ
1211 3959 1275 4029 δὴ
1305 3959 1400 4013 τοῦ
1450 3961 1742 4029 Γοντοφρὲ,
1782 3961 1907 4015 ἐπεὶ

320 4056 419 4109 καὶ
450 4057 479 4108 ὁ
507 4055 670 4123 ὅρκος
705 4054 810 4124 ἤδη
838 4052 1146 4116 τετέλεστο,
1179 4052 1461 4125 τολμήσας
1495 4069 1579 4116 τις
1608 4052 1717 4105 ἀπὸ
1752 4054 1891 4107 πάνυ

318 4163 430 4199 των
452 4146 561 4199 τῶν
582 4145 843 4214 κομὴτων
867 4143 1120 4213 εὐγενὴς,
1156 4145 1235 4208 εἰς
1259 4143 1351 4197 τὸν
1379 4142 1655 4214 σκίμποδα
1686 4142 1780 4197 τοῦ
1804 4142 1900 4214 βα⁹

319 4235 517 4300 σιλέως
541 4233 823 4290 ἐκάθισεν.
860 4234 920 4288 ’0
943 4234 999 4288 δὲ
1025 4233 1279 4303 βασιλεὺς
1312 4234 1557 4305 ἠνείχετο
1579 4236 1771 4288 τούτου
1797 4252 1901 4307 μη-

2085 2855 2296 2912 lnterea
2326 2857 2608 2930 satagebat
2654 2860 2955 2929 imperator
2984 2871 3043 2918 ut
3083 2861 3262 2919 Latini
3302 2868 3467 2924 duces
3510 2886 3605 2925 co-

2016 2950 2287 3019 mitesque
2313 2950 2683 3020 juramentum
2713 2938 2814 3006 sibi
2847 2965 3174 3021 praestarent
3201 2958 3342 3014 idem
3381 2963 3521 3031 quod
3568 2982 3598 3020 a

2016 3039 2379 3095 Gottbofredo
2411 3040 2572 3109 paulo
2602 3053 2730 3096 ante
2758 3043 3166 3112 impetraverat.
3197 3047 3254 3101 ln
3303 3065 3421 3105 Catil
3448 3068 3598 3122 spem

2019 3132 2251 3187 vocabat
2283 3132 2349 3186 ad
2389 3148 2448 3187 se
2479 3134 2722 3200 singulos
2751 3150 2998 3189 seorsum
3030 3155 3154 3192 cum
3204 3141 3378 3210 iisque
3424 3148 3601 3202 otiose

2019 3223 2297 3276 disserens
2331 3224 2483 3276 varie
2515 3223 2736 3279 affectos
2765 3228 3169 3294 experiebatur.
3206 3247 3270 3284 ac
3323 3238 3591 3300 quosdam

2018 3313 2235 3380 quidem
2272 3310 2551 3368 faciliores
2583 3324 2776 3368 nactus
2814 3314 2879 3367 iis
2914 3317 2979 3370 ad
3028 3320 3447 3378 obstinationem
3498 3328 3602 3383 du-

2017 3404 2224 3458 riorum
2292 3404 2640 3459 molliendam
2695 3404 3035 3474 atljutoribus
3086 3421 3262 3479 utens,
3308 3418 3599 3490 omniaque

2013 3510 2261 3561 movens;
2286 3495 2484 3550 frustra
2518 3504 2636 3551 erat
2664 3507 2862 3564 tamen,
2901 3506 3341 3569 exspectantibus
3364 3511 3597 3579 surapis

2011 3586 2310 3643 instantem
2344 3591 2636 3643 adventum
2675 3588 2961 3643 Baimundi
3000 3598 3055 3644 et
3088 3594 3420 3663 prmcipumn
3451 3600 3501 3651 in
3529 3616 3594 3653 eo

2013 3696 2194 3734 rerum
2250 3697 2470 3736 suarum
2534 3693 2866 3735 momentum
2920 3683 3268 3750 ponentibus.
3322 3686 3593 3745 (Ia-terum

2008 3769 2409 3823 cunctationem
2454 3770 2615 3823 istam
2665 3779 2781 3824 arte
2824 3768 3180 3840 furabantur;
3226 3790 3327 3828 nec
3383 3792 3492 3843 pra:
3534 3795 3594 3834 se

2007 3858 2261 3914 ferebant
2294 3875 2463 3916 mora:
2491 3874 2735 3915 causam.
2778 3859 3046 3917 Nimirum
3103 3880 3241 3923 nova
3282 3877 3336 3920 et
3374 3868 3592 3925 diversa

2006 3952 2394 4023 excogitabaut
2437 3968 2560 4022 qua:
2603 3953 2672 4008 ab
2723 3941 3057 4023 imperatore
3106 3960 3482 4026 postularent,
3533 3972 3595 4018 nt

2007 4048 2224 4103 interim
2258 4048 2326 4103 de
2352 4048 2436 4104 bis
2470 4048 2559 4105 ille
2601 4048 2947 4111 deliberaret,
2998 4067 3234 4120 iiioxque
3279 4071 3402 4107 cum
3459 4057 3592 4124 ipsis

2011 4140 2363 4208 disceptaret,
2398 4149 2610 4210 tempus
2638 4141 2841 4197 sensim
2871 4143 3221 4198 eximeretur.
3264 4144 3586 4213 Imperator,

2016 4231 2108 4287 eui
2136 4248 2244 4288 non
2275 4232 2437 4289 facile
2476 4233 2826 4301 illodcbatur,
2872 4235 3046 4292 sensit
3085 4238 3405 4308 disiecitque
3443 4241 3588 4295 cele-

1406 4364 1605 4427 Varim
1627 4363 1938 4428 lectiones
1964 4383 2042 4428 ex
2070 4366 2215 4433 cod.
2250 4368 2483 4432 Coislin

387 4474 431 4505 ιτ
470 4489 596 4542 μου,
676 4471 726 4504 ⁵³
760 4487 835 4524 τι,
910 4468 959 4500 ⁸⁸
995 4468 1403 4523 κατατίθενται.

1481 4470 1529 4503 ⁸ο
1561 4471 1959 4542 κελεύσμασιν.

1410 4607 1546 4668 Car.
1583 4606 1901 4671 Dufresnii
1927 4611 2018 4672 Du
2048 4610 2265 4689 Cangii
2299 4615 2487 4673 notae.

387 4736 504 4808 (60)
546 4729 916 4808 Ἰεροῦ.“-ιιοοι
937 4736 1020 4783 est
1043 4744 1071 4782 a
1093 4728 1390 4793 Cosmidio,
1421 4731 1487 4808 ad
1516 4731 1688 4808 ipsum
1723 4746 1892 4808 usque
1919 4725 1972 4785 D
2001 4736 2196 4808 bantur
2259 4733 2607 4808 By_z_antium,
2640 4733 2830 4789 scribit
2878 4731 3292 4808 TbeOpbanes,‘
3332 4745 3385 4789 et
3415 4751 3477 4808 es
3510 4754 3581 4794 eo

316 4799 707 4862 Pointi'ostium
742 4800 1035 4855 distributa
1059 4809 1214 4853 erant
1236 4811 1414 4852 castra
1446 4799 1748 4854 Gallorum.
1802 4799 1901 4855 Ἷε-

351 4879 411 4932 δν
446 4880 593 4932 enim
626 4874 783 4928 locus
839 4869 962 4934 fuit,
1018 4885 1111 4939 seu
1168 4867 1609 4935 Promontorium
1668 4871 1723 4924 in
1781 4873 1898 4939 ipso

356 4953 468 5002 onti
504 4946 672 5008 ostio,
709 4943 762 4994 iu
797 4941 978 4995 littore
1013 4938 1389 5006 Europaeano;
1421 4941 1561 4995 unde
1584 4955 1612 4992 a
1640 4940 1747 4994 situ
1776 4938 1896 4995 στό-

416 5018 516 5070 τοῦ
549 5015 764 5068 Πόντου
799 5012 1092 5064 vocitatum
1147 5010 1276 5063 olim
1337 5008 1507 5063 fuisse
1564 5022 1757 5065 auctor
1812 5022 1895 5067 est

416 5036 516 5070 του
549 5036 764 5068 ιιοντου
802 5036 1092 5064 “tumtum
1147 5036 1276 5063 υιιιιι
1337 5036 1507 5063 Iuram:
1564 5036 1747 5065 uucrur
1812 5036 1895 5067 cst

311 5036 656 5157 meepborus
689 5082 988 5157 ﬁregoras,
1027 5080 1118 5133 lib.
1151 5095 1198 5157 ν.
1228 5077 1445 5157 _Scj'lax
1472 5148 1483 5157 _
1506 5078 1895 5157 Catyandenus

312 5160 365 5212 in
396 5148 620 5225 Periplo
648 5152 729 5225 ait
759 5150 1039 5225 ἀνάπλουν
1089 5149 1377 5225 καλεῖσθαι
1433 5148 1527 5225 τὸν
1555 5148 1738 5225 ’τόπον
1789 5150 1892 5225 ἄνα

308 5218 595 5297 Βόσπορον
624 5220 1082 5297 μέχριςῂἃν-ἐλθῃ
1112 5219 1196 5288 ἐφ’
1235 5219 1425 5297 Ἱερόν.
1452 5218 1524 5297 _A
1555 5219 1777 5297 Temple
1830 5221 1892 5272 l2

309 5300 415 5353 diis
445 5290 517 5351 al}
548 5290 886 5364 Argonautis
919 5290 1099 5364 dicata
1132 5300 1185 5364 et
1230 5291 1504 5364 aediﬁcato
1559 5291 1889 5357 appellatum

310 5370 504 5423 scribit
538 5359 875 5421 sclfoliastes
905 5360 1193 5426 Apollonii,
1227 5361 1320 5413 lib.
1351 5374 1387 5411 ιι
1419 5359 1717 5428 Argonaut.
1747 5374 1887 5412 vers.

307 5437 448 5505 55‘;
477 5436 924 5510 Cantaculettus!
956 5430 1049 5510 ιιι».
1082 5446 1163 5510 ιιι,
1199 5444 1343 5510 cap;
1365 5429 1512 5510 ξρρι
1556 5429 1644 5494 9|,
1685 5428 1888 5510 ,Ἱερὸν

305 5498 515 5579 pariter
547 5502 922 5579 statuilhxata‘i
949 5500 1011 5579 τὸ
1048 5502 1220 5579 στόμα
1250 5498 1361 5579 τοὶ
1381 5498 1613 5579 Πόντου.
1646 5498 1749 5579 “Ad
1782 5498 1889 5579 ,Ριξ-

306 5566 418 5634 iras
451 5577 722 5637 Cyanaeas
750 5569 1069 5637 Procopius,
1103 5566 1196 5625 lib.
1226 5585 1264 5632 ι,
1318 5568 1394 5622 De
1443 5569 1578 5621 bello
1646 5566 1874 5622 l’andal.

306 5594 418 5634 [ras
451 5594 494 5634 ιλ
538 5594 722 5628 ιιιιᾶξςιδ
750 5594 1069 5637 rrucuplus,
1103 5594 1196 5625 Ilu.
1226 5594 1264 5632 ι,
1318 5594 1394 5622 ue
1443 5594 1578 5621 ucuu
1650 5594 1874 5622 Ianum.

302 5594 565 5718 πορθμΞν
606 5645 742 5718 facit
769 5641 1275 5718 Gregoras__lib.__u,
1332 5650 1385 5691 et
1438 5638 1761 5717 Anastasius
1823 5640 1874 5718 in

297 5708 689 5777 Ουίιιὲιαηεὶε,
724 5726 846 5781 pag.
882 5714 1013 5789 106.
1039 5708 1117 5765 lbi
1151 5710 1277 5763 olim
1312 5709 1546 5789 pointoria
1597 5719 1651 5789 et
1700 5709 1874 5789 vecti-

295 5791 442 5862 galia
476 5786 670 5845 soluta
708 5777 818 5851 pro
831 5781 1126 5846 mercibus,
1174 5793 1292 5850 quae
1321 5791 1352 5833 ο
1382 5777 1553 5857 Ponto
1611 5777 1875 5849 importa-

2001 4804 2434 4859 CedreuusIllis
2473 4815 2841 4875 consentanea
2874 4815 3001 4875 sunt
3032 4819 3155 4875 quae
3207 4805 3372 4859 habet
3437 4806 3580 4861 Cati-

2004 4883 2324 4938 taeuzenus,
2364 4875 2458 4931 lib.
2494 4890 2580 4935 ιιι,
2607 4890 2726 4941 cap.
2760 4872 3030 4928 85.‘Unde
3050 4872 3275 4943 evidens
3302 4885 3384 4927 est
3410 4890 3579 4943 quam

1996 4947 2239 5010 graviter
2283 4944 2569 5012 impcgerit
2611 4945 2694 4995 vir
2737 4944 3088 5012 doctissimus
3140 4942 3573 5012 Nicolaiis‘i’Ala-

1996 5028 2230 5069 manuus
2266 5015 2316 5067 in
2350 5010 2506 5068 Notis
2537 5013 2604 5066 ad
2638 5012 2914 5066 Auecdota
2952 5011 3224 5077 Procopii,
3257 5013 3349 5078 qui
3388 5010 3573 5067 Theo-

1995 5085 2189 5149 phanis
2221 5084 2382 5137 verba
2432 5085 2497 5135 de
2546 5080 2943 5134 Blacberniauo
2983 5080 3200 5149 templo
3252 5080 3575 5149 accipienda

1995 5147 2235 5212 censuit,
2289 5154 2431 5218 quod
2477 5153 2640 5206 etiam
2693 5149 2928 5202 advertit
2980 5147 3286 5203 Maliretus.
3344 5147 3579 5205 Exstitit

1991 5219 2166 5292 aliud?
2210 5220 2743 5292 'lapvaitropposito
2791 5218 2975 5292 littore
3032 5218 3295 5292 Asiatico,
3363 5218 3573 5292 ἵναπερ

1988 5289 2051 5359 τὸ
2077 5286 2407 5359 στόμα’τοῦ
2464 5291 2696 5351 Πόντου,
2761 5287 2984 5354 perinde
3045 5305 3109 5359 ac
3173 5286 3565 5359 Europaaanum

1988 5356 2236 5427 llierum,
2277 5360 2356 5414 sic
2386 5368 2845 5427 nuncupatum_a
2893 5356 3094 5427 templo
3149 5357 3273 5419 Διὸς
3305 5359 3572 5427 -Ούρίου,

1986 5423 2331 5492 ΡυιΊιιεζδθιι
2372 5423 2670 5495 ἀφετήριον
2728 5423 2838 5495 τῶν
2884 5425 2973 5495 εἰς
3009 5423 3226 5478 Πόντον
3262 5423 3568 5494 πλεόντων,

1990 5510 2047 5551 ιιι
2081 5509 2163 5553 est
2195 5500 2334 5566 apud
2361 5493 2765 5566 Artemidorum
2799 5493 3090 5566 Ephesium
3153 5494 3458 5566 inhGeogr.
3492 5498 3570 5552 de

1988 5583 2097 5634 quo
2125 5560 2289 5621 etiam
2349 5566 2615 5619 Arrianus
2657 5560 2983 5634 in_l’eriplo
3017 5563 3176 5617 Ponti
3214 5560 3449 5627 Euximi,
3510 5577 3573 5622 et

1988 5630 2210 5691 Tabula:
2238 5634 2691 5707 Peutiiigeriatim.
2726 5630 2921 5707 Veneri
2957 5633 3199 5688 dicatum
3228 5634 3395 5690 fuisse
3423 5636 3569 5690 scri-

1985 5708 2067 5764 bit
2092 5707 2416 5764 l’tolemzeus
2439 5705 2536 5760 lib.
2567 5718 2620 5758 v.
