4040 6280
254 324 356 387 ’ἱΐό

1523 341 1938 402 ALEXIADIS
1968 346 2112 404 LIB.
2154 347 2207 405 X

3403 357 3520 420 Ἰτᾶ

257 438 285 486 ό
349 435 849 504 προθυμούμενος
930 440 1120 508 μόνος
1184 441 1334 510 πρὸς
1375 445 1574 514 μόνην
1629 451 1804 519 μάχητ

1905 453 2075 516 ,δεόίε
2130 456 2408 524 participes
2465 458 2674 512 habere.
2743 461 2959 530 Oportet
3028 475 3224 532 autem,
3284 469 3330 522 si
3383 471 3518 523 nihil

250 525 669 580 ιῖναδύσικγθαι
713 530 804 594 εις
836 532 1186 600 μονομάχου
1214 533 1387 598 τάξιν
1427 537 1648 593 ἑαυτὸν
1684 559 1826 595 κατ-

251 615 556 684 (ιχθιὲσας,
618 623 1103 690 προσερχόμενος
1127 626 1422 693 ,βοήθειαν
1439 631 1556 698 μὲν
1583 632 1696 699 τὴν
1722 634 1828 687 τοῦ

248 709 408 761 θείου
463 709 696 764 ἐκεῖθεν
750 713 1016 776 αἰτεῖται,
1073 716 1371 783 βραδύνει
1444 720 1514 773 δὲ
1555 723 1664 776 τὸν
1687 724 1828 776 κατ’

1537 815 1679 866 Καθ’
1746 813 1827 880 ἢν

246 796 432 850 αὐτοῦ
501 800 892 868 τολμήσαντα
951 805 1452 876 ἀπεκδεχόμενος.

245 891 479 954 τρίοδον
500 891 790 958 ἐχρόνισα
814 896 908 948 καὶ
942 900 1145 962 αὐτὸς,
1170 901 1485 967 σχολάζων
1511 906 1607 957 καὶ
1635 905 1824 972 ζητῶν

244 982 348 1033 τόν
397 984 526 1050 μετ’
556 985 703 1051 ἐμοῦ
727 990 1163 1056 μαχεούμενον.
1210 994 1274 1046 '0
1307 995 1374 1046 δὲ
1404 997 1576 1050 τοῦτο
1599 1002 1821 1068 τολμής-

255 1088 405 1138 σων,
472 1076 765 1146 οὐδαμοῦ.
830 1080 1012 1134 Ταῦτα
1041 1085 1067 1134 ὁ
1102 1083 1354 1152 βασιλεὺς
1384 1089 1660 1160 ἀκηκοὼς,
1690 1093 1818 1164 ἔφη·

239 1167 593 1236 ιίιπετλεμον
651 1173 786 1224 τότε
846 1173 1032 1240 ζητῶν
1081 1180 1194 1246 οὐχ
1221 1175 1411 1248 εὗρες,
1436 1181 1693 1251 πάρεστί
1720 1204 1820 1240 σοι

243 1259 450 1324 καιρός
480 1264 511 1312 o'
552 1262 804 1316 πολλῶν
835 1281 910 1318 σε
950 1269 1234 1337 πολέμων
1283 1273 1633 1340 ἐμπλήσων.
1667 1280 1820 1344 Παρ-

239 1348 531 1419 εγγυῶμαι
561 1351 628 1405 δέ
654 1369 753 1407 σοι
803 1358 958 1425 μήτε
986 1364 1134 1426 πριί-ς·
1193 1366 1480 1434 οὐραγίαν
1490 1369 1644 1435 μήτε
1667 1373 1818 1437 πρὸς

239 1442 534 1510 λοχαγίαν
555 1445 666 1514 (65)
688 1445 970 1503 ἵστασθαι
993 1451 1322 1522 φάλαγγος,
1352 1457 1516 1511 ἀλλά
1547 1459 1612 1512 τὸ
1627 1461 1817 1525 μέσον

238 1533 400 1600 ἔχειν
426 1535 545 1588 τῶν
576 1538 959 1608 ἡμιλοχιτῶν·
991 1547 1337 1616 ἐπιστήμην
1395 1554 1505 1620 γὰρ
1558 1553 1670 1622 τῆς
1706 1573 1813 1623 με·

239 1626 417 1680 θιτὸου
444 1628 567 1682 τῶν
593 1633 932 1701 πολέμων⁸⁸
965 1641 1237 1706 Τούρκων
1265 1644 1333 1695 ἐκ
1356 1645 1583 1711 μακροῦ
1627 1649 1811 1716 ἐσχη-

238 1733 332 1770 κα.
386 1721 502 1773 Οὐκ
531 1723 681 1789 αὐτῷ
715 1725 769 1776 δὲ
797 1729 946 1798 μόνῳ
1002 1731 1174 1784 ταῦτα
1209 1736 1621 1802 συνεϐούλευεν,
1672 1741 1810 1793 ἀλλὰ

1937 543 2107 609 aliud,
2139 551 2537 604 consuetudines
2581 562 2753 609 tenere
2794 557 3016 624 regionis
3069 558 3124 610 in
3172 576 3276 627 qua
3308 578 3510 616 sumus.

1939 635 2065 690 Haec
2113 637 2206 692 ille
2253 640 2503 708 audiens,
2546 641 2808 699 Baltluino
2889 648 3106 714 quidem
3167 651 3304 704 nihil
3354 654 3514 720 dixit,

1932 736 2188 783 carterum
2240 733 2455 788 acribus
2480 737 2652 790 oculis
2677 739 3053 806 imperatorem
3089 743 3302 798 intuens
3342 749 3514 814 patria

1931 820 2110 888 lingua
2182 841 2366 879 secum
2429 832 2872 885 immurmuravit
2934 833 3189 900 quiddam
3243 840 3385 905 quod
3451 839 3502 891 in

1929 918 2170 964 nostram
2207 916 2476 968 redditum
2549 921 2630 970 sic
2674 930 2830 972 sonat
2883 939 2896 974 :
2945 921 3027 976 En
3072 923 3242 991 qualis
3288 931 3514 981 rusticus

1924 1005 2066 1055 sedet
2093 1005 2257 1072 solus,
2299 1008 2596 1060 astantibus
2625 1011 2674 1062 ei
2702 1010 2896 1064 talibus
2927 1013 3170 1068 ducibus.
3200 1014 3317 1070 Non
3351 1020 3510 1073 latuit

1926 1093 2230 1163 Augustum
2267 1109 2441 1152 motus
2483 1099 2748 1154 Iabiorum
2789 1104 3026 1160 heminis
3064 1123 3078 1160 :
3131 1113 3506 1179 ad\'ocatoqtte

1925 1185 2114 1239 statim
2158 1188 2477 1256 interprete,
2514 1207 2636 1244 cum
2688 1193 2819 1247 dicti
2853 1196 3181 1250 sententiam
3228 1201 3508 1266 rescisset,

1924 1276 2057 1329 nihil
2097 1277 2288 1332 Latino
2327 1290 2436 1333 tum
2478 1283 2694 1350 quidem
2729 1286 2900 1352 dixit;
2936 1297 2990 1339 at
3023 1289 3113 1341 ubi
3161 1305 3219 1342 re
3267 1291 3504 1357 perlecta

1925 1371 2189 1424 recessuri
2229 1373 2456 1428 comites
2515 1376 2831 1443 imperatori
2864 1395 2962 1448 pro
3007 1395 3065 1434 se
3105 1383 3336 1452 quisque
3384 1385 3506 1438 vale

1922 1459 2200 1526 dicebant,
2239 1465 2618 1530 pra‘tumidmn
2656 1467 2819 1520 istum
2848 1469 3324 1544 impudentemque
3349 1473 3508 1529 Lati-

1919 1565 2048 1603 num
2106 1568 2353 1606 seorsum
2404 1556 2730 1610 accersitum
2781 1559 3134 1630 intetrogavit
3180 1565 3501 1633 Augustus:

1920 1639 2039 1707 quis
2057 1649 2109 1694 et
2127 1641 2393 1696 undenatn
2416 1657 2579 1712 esset,
2607 1647 2819 1714 qualive
2848 1657 2999 1702 ortus
3025 1653 3258 1718 genere?
3281 1656 3348 1708 At
3377 1657 3494 1722 ille,

1916 1727 2094 1783 Purus
2144 1744 2325 1799 putus,
2380 1735 2572 1803 inquit,
2629 1735 2873 1792 Francus
2916 1758 3054 1807 sum,
3090 1759 3155 1796 ea:
3204 1747 3501 1812 nobilibus;

237 1812 460 1875 καὶτοῖς
504 1815 689 1878 ἄλλοις
753 1823 919 1872 πᾶσιν
964 1823 1136 1875 ὁπόσα
1180 1825 1392 1890 τούτοις
1444 1832 1804 1902 συναντήσειν

1920 1840 2078 1875 unum
2117 1836 2294 1878 autent
2350 1829 2482 1893 scio,
2541 1830 2592 1880 in
2651 1832 2807 1885 trivio
2860 1835 3085 1902 regionis
3135 1837 3273 1889 unde
3324 1838 3501 1906 prodii

233 1903 454 1971 ἔμελλεν
543 1908 943 1980 ἀπερχομένοις
997 1917 1141 1968 κατὰ
1185 1919 1284 1987 τὴν
1339 1920 1455 1972 ὁδὸν
1492 1923 1802 1992 προλέγων,

233 2000 596 2064 παρηγγυᾶτο
633 2003 707 2070 μὴ
725 2005 982 2074 ἀκρατῶς
1009 2007 1228 2064 διώκειν
1260 2013 1500 2080 ὁπηνίκα
1527 2014 1623 2084 τὴν
1650 2017 1807 2086 νίκην

230 2086 412 2149 αὐτοῖς
471 2091 615 2142 κατὰ
668 2092 777 2143 τῶν
840 2095 1141 2165 Βαρϐάρων
1203 2099 1317 2169 δοίη
1375 2101 1528 2166 Θεὸς,
1590 2103 1673 2157 ἴνα
1731 2106 1805 2173 μὴ

230 2182 341 2239 rei;
399 2181 748 2252 ἐνεδρεύουσι
835 2187 1091 2257 λοχαγοῖς
1170 2193 1600 2261 περιπίπτοντες
1653 2195 1809 2248 ἀναι-

232 2285 448 2334 ρωνται.

1915 1918 2165 1983 templum
2193 1933 2302 1970 esse
2340 1918 2465 1971 olim
2499 1922 2842 1988 a'diﬁcatum,
2876 1925 2930 1977 in
2983 1943 3106 1993 quo,
3153 1929 3239 1980 cui
3290 1931 3500 1983 animus

1912 2019 1985 2059 est
2013 2008 2111 2060 soli
2150 2026 2270 2062 cum
2303 2011 2415 2063 solo
2464 2014 2722 2081 singulari
2768 2030 2944 2084 pugna
2988 2020 3255 2088 congredi,
3305 2022 3504 2088 quique

1913 2103 1964 2153 in
2005 2101 2381 2167 professionem
2436 2105 2680 2158 audacia:
2710 2107 2864 2160 istius
2921 2124 3107 2162 nomen
3156 2113 3310 2164 edere
3339 2127 3495 2164 suum

1913 2192 2090 2258 palam
2153 2211 2256 2246 non
2319 2194 2552 2260 dubitat,
2603 2199 2864 2251 auxilium
2918 2199 3171 2253 Numinis
3210 2203 3502 2271 implorat:

1917 2289 2228 2352 consuevit;
2267 2303 2472 2340 moram
2505 2289 2574 2340 ibi
2614 2291 2825 2342 trahens
2856 2291 3018 2344 donec
3050 2293 3357 2360 apparuerit
3400 2303 3500 2346 ad-

229 2362 479 2413 tersuritts
505 2364 595 2430 qui
624 2382 892 2421 conserere
917 2387 1033 2424 eum
1067 2388 1125 2424 eo
1157 2389 1367 2426 manuni
1399 2374 1560 2427 ausit.
1631 2375 1712 2426 Ad
1767 2374 1822 2426 id
1875 2374 2084 2426 trivium
2116 2373 2270 2440 longo
2322 2392 2413 2445 ego
2464 2379 2636 2430 mansi
2718 2390 2965 2446 tempore,
3040 2383 3241 2449 [rustra
3294 2397 3502 2450 semper

226 2465 552 2522 (aspectans.
611 2457 781 2515 Nemo
834 2465 968 2517 enim
1004 2483 1235 2533 unquam
1287 2468 1384 2534 fuit
1447 2471 1537 2537 qui
1590 2486 1644 2522 se
1713 2469 1839 2521 mihi
1867 2470 2056 2537 offerre
2126 2469 2399 2522 adversum
2475 2472 2710 2526 auderet.
2793 2453 3240 2541 llis‘imperator
3270 2479 3495 2547 auditis,

225 2548 378 2617 Atqui
408 2554 454 2603 si
483 2563 628 2612 tunc,
663 2553 858 2619 inquit,
887 2553 1086 2608 hostem
1118 2573 1356 2624 qutrrens
1407 2575 1509 2611 non
1562 2560 1834 2624 invenisti,
1881 2569 2081 2626 tempus
2112 2561 2343 2614 imminet
2383 2563 2640 2616 bellorum
2669 2565 2763 2617 tibi
2793 2574 2838 2616 et
2870 2564 3097 2618 hostium
3168 2569 3486 2639 suppedita-

225 2661 397 2710 ptrum
437 2645 667 2711 aﬂ'atim.
693 2643 766 2696 Tu
793 2663 932 2712 vero,
964 2649 1010 2700 si
1038 2649 1164 2717 quid
1196 2650 1322 2702 mihi
1343 2652 1532 2717 credis,
1561 2664 1813 2706 memento
1853 2670 2015 2723 neque
2046 2655 2182 2707 inter
2214 2673 2300 2709 eos
2330 2658 2422 2726 qui
2490 2675 2675 2728 agmen
2720 2661 2970 2716 claudent
3015 2663 3068 2717 in
3108 2676 3370 2732 postrema
3443 2682 3494 2724 te

225 2741 331 2790 acie
359 2739 556 2802 locare,
585 2755 746 2808 neque
783 2743 1012 2794 eminere
1057 2743 1194 2796 inter
1220 2745 1420 2809 primos
1499 2745 1587 2812 qui
1633 2748 1836 2799 hastam
1910 2748 2118 2799 vibrant
2167 2749 2218 2800 ir
2265 2749 2437 2810 fronte
2486 2753 2744 2804 exercitus
2791 2755 2909 2806 novi
2957 2766 3202 2822 expertus
3237 2769 3400 2812 artem
3443 2771 3492 2813 et

227 2845 419 2881 morem
452 2829 687 2883 bellandi
725 2830 1042 2887 Turcorum.
1075 2832 1411 2889 I’ericulosus
1441 2836 1531 2888 ille
1579 2846 1798 2906 uterque
1834 2839 1977 2892 locus
2007 2851 2122 2905 est;
2163 2841 2215 2893 in
2249 2842 2472 2894 mediam
2503 2853 2552 2896 te
2625 2843 2758 2898 abde
2809 2845 3122 2899 triariorum
3207 2849 3488 2905 subsiden-

222 2921 352 2973 tium
388 2925 620 2986 turbam,
656 2923 742 2976 ubi
803 2927 908 2979 tuis
971 2937 1145 2994 septas
1217 2928 1444 2994 undique
1521 2929 2010 2985 circumventionem
2059 2933 2305 2987 hostilem
2339 2936 2490 2988 vites.
2543 2935 2721 3002 Atque
2796 2937 2898 2991 hoc
2944 2939 3183 2996 salutare
3225 2945 3487 2997 monitum

230 3033 333 3070 ron
371 3019 461 3071 isti
508 3018 683 3071 solum
725 3017 904 3073 minus
955 3020 1182 3073 merenti
1230 3020 1398 3084 dedit,
1447 3020 1541 3075 sed
1585 3031 1638 3074 ct
1685 3023 1809 3077 aliis
1847 3026 2345 3095 omnibus,quibus
2375 3027 2625 3095 praedixit
2707 3043 3046 3097 qurecunque
3116 3033 3308 3089 itinere
3384 3035 3490 3089 isto

221 3121 480 3164 eventura
547 3118 743 3176 erant,
804 3128 1128 3182 magnopere
1189 3115 1425 3168 suadens
1510 3130 1578 3168 ne
1635 3114 1840 3170 Turcos
1869 3116 2092 3172 eﬂusius
2125 3120 2562 3189 insequerentur,
2599 3122 2820 3188 quando
2891 3123 2984 3177 Dei
3035 3134 3168 3178 nutu
3220 3127 3342 3183 illos
3397 3129 3485 3180 vi-

219 3207 446 3270 cissent,
483 3212 578 3260 sed
611 3209 678 3262 ab
712 3206 924 3260 insidiis
955 3207 1111 3260 unice
1147 3218 1405 3262 caverent
1439 3209 1662 3263 omnino
1685 3210 1792 3264 sibi
1818 3226 1847 3263 a
1905 3224 2064 3280 gente
2090 3213 2314 3267 subdola
2351 3213 2740 3281 lraudibusque
2768 3227 2822 3269 et
2853 3217 3025 3271 cautis
3078 3221 3283 3274 artibus
3351 3236 3484 3275 cnn-

217 3300 382 3353 ﬁdere
414 3301 594 3364 solita,
634 3300 932 3354 struendis.

295 3389 462 3442 Ἀλλὰ
484 3390 659 3445 ταῦτα
691 3392 790 3461 μὲν
818 3390 886 3444 τὰ
911 3392 1054 3446 κατὰ
1083 3393 1173 3446 τὸν
1190 3394 1460 3466 Γοντοφρὲ
1491 3396 1797 3449 καὶῬαοὺλ

1971 3397 2149 3464 Atque
2173 3399 2289 3449 ιιωο
2311 3395 2582 3448 hactenus
2609 3394 2673 3448 de
2696 3393 3080 3461 Gotthofredo,
3115 3399 3305 3466 Baule,
3333 3404 3483 3461 aliis-

215 3484 307 3536 καὶ
342 3484 471 3545 τοὺς
497 3483 692 3548 ἄλλους
756 3483 880 3547 τοὺς
935 3487 1336 3555 συνεπομένους
1398 3489 1605 3551 αὐτοῖς.
1655 3487 1712 3542 '0
1743 3489 1799 3542 δέ

211 3591 275 3642 γε
307 3574 645 3645 Βαῖμοῦνδος
675 3576 815 3646 μετὰ
844 3577 952 3628 τῶν
979 3577 1157 3630 ἄλλων
1173 3578 1433 3648 κομήτων
1465 3580 1796 3633 καταλαϐὼν

209 3669 302 3718 τὶν
336 3667 583 3737 Ἀπρον,
644 3669 736 3720 καὶ
803 3669 940 3740 μήτε
969 3669 1025 3735 ὲξ
1077 3670 1316 3737 εὐγενῶν
1372 3671 1548 3738 φύντα
1601 3673 1797 3725 ἑαυτὸν

210 3758 620 3828 ἐπιγινώσκων,
655 3761 796 3832 μήτε
857 3761 1121 3832 δυνάμεις
1150 3762 1349 3826 πολλὰς
1401 3765 1519 3833 ((56)
1568 3781 1812 3818 συνεπα-

1903 3501 2008 3556 que
2059 3487 2206 3556 ipsos
2252 3485 2604 3553 sequentibus
2653 3483 2797 3538 dicta
2851 3485 2978 3540 sint.
3030 3488 3099 3542 At
3141 3490 3482 3552 Baimundus

1903 3594 2030 3633 cum
2093 3577 2214 3632 aliis
2263 3575 2552 3630 comitibus
2611 3575 2817 3644 Aprum
2873 3577 3150 3645 appulsus,
3207 3596 3326 3636 cum
3375 3587 3478 3639 sibi

1895 3680 2039 3725 esset
2077 3669 2330 3723 conscius
2373 3682 2551 3736 neque
2587 3682 2646 3720 se
2699 3682 2726 3719 a
2777 3669 2992 3735 proavis
3029 3669 3310 3727 nobilitate
3353 3689 3474 3730 cum

1923 3762 2043 3814 aliis
2065 3759 2233 3814 Gallis
2261 3760 2599 3828 principibus
2626 3760 2986 3829 comparanda
3032 3762 3342 3832 przeditum,
3375 3783 3480 3823 nec

1283 3878 1486 3940 Variae
1517 3877 1816 3940 lectiones
1847 3893 1925 3938 ex
1957 3875 2102 3939 cod.
2137 3874 2394 3937 Coislin.

281 4007 329 4040 ⁸⁸
371 4005 534 4062 Deest
561 4021 666 4062 vox
700 4007 980 4077 πολέμων.

1281 4097 1423 4158 Car.
1457 4093 1796 4163 Dufrcsnii
1826 4095 1922 4156 Du
1955 4093 2178 4173 Cangii
2211 4101 2396 4156 notia.

205 4225 393 4295 attigit
419 4227 563 4279 idem
597 4234 902 4301 poeta_no_n
947 4223 1138 4301 semel,
1177 4221 1476 4301 variisque
1502 4219 1555 4272 in
1607 4217 1786 4298 locis;

204 4299 297 4351 ubi
320 4291 478 4350 'etlim
512 4297 579 4350 de
599 4291 878 4360 Singulari
913 4294 1214 4370 certamine
1265 4291 1667 4370 _i_3m_tonieusem
1705 4291 1790 4370 in-

205 4377 292 4422 ter
309 4381 367 4420 et
391 4367 661 4419 Buvonem
689 4364 1008 4429 Bltl'guntliw
1029 4361 1480 4416 comi'esl’arisiis
1505 4361 1636 4412 inito
1657 4361 1788 4427 agit:

353 4439 394 4488 Α
428 4434 628 4487 Nostra
662 4434 827 4485 Dama
852 4449 910 4484 en
950 4441 1022 4484 est
1056 4432 1188 4483 Bués
1214 4434 1344 4492 ales,

355 4506 430 4557 La
459 4508 574 4557 nuit
615 4504 790 4562 veilla.
821 4513 865 4554 et
895 4501 1196 4556 Chevoliers
1223 4503 1388 4553 asses.

200 4597 372 4668 363
415 4598 556 4649 Alibi
595 4595 832 4648 duellum
883 4594 1232 4647 Froamndini
1294 4609 1415 4646 cum
1453 4591 1651 4648 Bovoni
1687 4589 1790 4643 Va-

199 4685 436 4722 sconum
473 4670 607 4721 duce
642 4681 908 4718 enarratis
937 4680 950 4715 :

281 4783 400 4837 Alés
434 4783 614 4834 veiller
647 4781 970 4835 Fromondin
999 4785 1147 4830 btans
1179 4778 1269 4831 des
1303 4777 1428 4844 luis.

279 4851 364 4905 En
407 4854 456 4904 la
492 4870 609 4906 nom
655 4852 763 4902 Dex
789 4851 876 4916 qui
907 4866 968 4901 en
996 4851 1045 4899 la
1079 4846 1226 4902 Crois
1254 4849 1311 4915 fu
1340 4849 1460 4909 mis,

280 4925 388 4986 Qui
415 4940 501 4976 vos
537 4924 758 4989 defende
790 4923 851 4970 de
883 4922 989 4970 mal
1020 4929 1067 4970 ct
1093 4920 1162 4989 de
1192 4918 1344 4982 peril,

276 4992 347 5047 Et
380 4995 418 5046 li
461 4987 613 5043 Vales
645 4991 753 5043 s‘en
791 4989 890 5040 vnit
922 4991 952 5041 ὰ
986 4990 1043 5042 S.
1076 4987 1312 5048 Sererin,

277 5063 361 5115 En
385 5082 443 5115 sa
478 5077 765 5132 campoque
792 5059 854 5109 de
882 5059 1239 5132 cltevaliet'set
1265 5059 1392 5132 vint,

280 5133 352 5186 La
395 5134 507 5187 nuit
539 5128 717 5194 vcilla,
751 5132 917 5197 grand
943 5128 1222 5180 luminaire
1254 5129 1336 5196 ﬁt,
1361 5137 1468 5182 etc.

194 5226 326 5278 A'io
347 5225 585 5293 denique
617 5225 763 5285 loco,
798 5222 884 5293 ubi
915 5222 981 5293 de
1009 5219 1247 5286 ejusdem
1283 5219 1634 5293 Fromomlini
1660 5235 1783 5274 cum

194 5294 468 5350 Gerberto
497 5290 877 5358 Lotharinghe
910 5290 1045 5343 duce
1078 5307 1251 5359 pugna
1285 5290 1541 5359 singulari
1571 5306 1585 5342 :

275 5387 394 5442 Ccle
426 5390 538 5442 nuit
572 5386 786 5440 reillent
819 5400 850 5435 α
880 5382 1060 5436 Sainte
1093 5383 1244 5436 Grais
1275 5385 1520 5444 moutier,

274 5457 475 5514 Dcvant
510 5458 728 5513 Girbert
754 5459 938 5506 ardent
973 5455 1102 5505 truis
1127 5455 1321 5520 ciergcs
1352 5455 1542 5506 entier.

191 5548 313 5604 nuc
343 5552 507 5606 etiam
562 5554 823 5617 sI-pectant
875 5547 1036 5595 verba
1089 5543 1342 5617 Ademari
1396 5543 1780 5617 Cabanensis:

190 5617 502 5674 Permansit
539 5614 850 5685 Stephanus
885 5630 1002 5666 vero
1030 5623 1076 5665 et
1107 5614 1350 5685 exsiliens
1400 5629 1612 5678 corpore
1645 5614 1780 5685 illa--

186 5705 303 5753 3m,
333 5694 516 5744 ραιίεηι
551 5683 686 5740 [mea
722 5685 879 5753 venit,
930 5699 1142 5736 currens
1174 5683 1393 5750 pedibus
1433 5687 1636 5750 gratias
1674 5684 1781 5735 Deo

188 5751 395 5829 referre
427 5765 497 5814 ad
523 5755 800 5814 tumulum
833 5751 896 5806 Β.
923 5753 1195 5822 Eparcltit,
1222 5754 1310 5805 ubi
1339 5763 1484 5805 nocte
1508 5757 1776 5822 pra'terita

1897 4217 2118 4289 pervigil
2143 4217 2479 4289 excubuerat.
2509 4219 2564 4272 Id
2596 4235 2808 4289 quoque
2832 4223 3054 4278 actitare
3076 4243 3468 4286 consueverant

1901 4289 1952 4341 in
1986 4288 2209 4344 ludicris
2243 4288 2656 4355 certaminibus,
2721 4293 2832 4347 sive
2861 4301 3253 4352 tornvnmcntis
3282 4302 3473 4354 det-er-

1900 4357 2082 4422 laturi,
2125 4365 2181 4410 ut
2214 4367 2405 4411 auctor
2431 4371 2513 4413 est
2546 4358 2782 4418 Joannes
2824 4366 2890 4416 de
2938 4364 3078 4419 Beka
3113 4369 3164 4422 in
3197 4369 3392 4424 Ottone
3428 4371 3467 4425 ΙΙ

1896 4427 2388 4502 episc._'l‘rajetjt.;
2420 4431 2546 4495 quin
2590 4432 2753 4486 etiam
2785 4435 2876 4502 qui
2924 4436 2974 4488 in
3032 4452 3252 4492 arenam
3307 4442 3466 4496 duelli

1897 4512 2055 4577 causa
2079 4497 2304 4577 ineundi
2356 4501 2690 4577 descendere
2723 4497 3074 4577 cogebantur,
3105 4526 3214 4577 quo
3249 4525 3368 4563 sese
3399 4515 3471 4566 ab

1896 4567 2434 4649 objectispurgareqt
2458 4567 2819 4649 criminibus;
2857 4574 3019 4649 [leum
3043 4567 3144 4631 sibi
3177 4581 3464 4649 propitium

1899 4637 2280 4699 conciliabant,
2331 4637 2545 4694 collatis
2598 4643 2650 4696 in
2699 4645 2960 4699 ecclesias
2992 4656 3046 4700 et
3103 4637 3247 4706 amics
3277 4637 3470 4705 sacras

1899 4706 2208 4780 donis,quae
2243 4708 2528 4780 oblationes
2546 4715 2877 4780 campionum
2900 4716 3154 4771 dicuntur
3189 4720 3241 4772 in
3263 4720 3467 4774 Charta

1897 4775 2158 4853 Manassw
2196 4778 2366 4853 episc.
2401 4778 2628 4853 Lingon.
2649 4775 2752 4853 an.
2781 4785 2916 4838 H85
2942 4825 2956 4849 ,
2999 4789 3138 4853 apud
3171 4787 3464 4844 Roverium

1817 4842 1862 4896 D
1897 4847 1947 4898 in
1985 4842 2244 4900 Reomaol
2278 4842 2587 4904 Chronic'on
2645 4851 2919 4908 Besuense
2943 4842 2959 4909 Ξ
2987 4842 3117 4910 Milo
3143 4875 3256 4910 cum
3285 4842 3468 4912 Oderis

1890 4915 2194 4996 piviqnensi
2249 4922 2552 4996 prteposito,
2602 4925 2691 4990 qui
2724 4935 2924 4990 neptem
2959 4930 3070 4992 ejus
3115 4929 3169 4979 in
3217 4928 3468 4996 conjugio

1889 4984 2130 5062 habebat,
2168 4984 2861 5062 monomachicertaturus
2893 4984 3090 5062 puqna,
3126 4984 3461 5049 attribuitvS.

1885 5052 2044 5108 Petro
2085 5067 2276 5109 terram
2311 5073 2467 5116 quam
2499 5059 2723 5114 habebat
2760 5064 2812 5114 in
2834 5052 2997 5116 Luco:

1957 5123 2428 5196 (ϐ5)ᾼοχαγίαν.
2465 5131 2616 5196 Apud
2652 5129 2886 5185 Leonem
2937 5135 2988 5184 in
3047 5131 3278 5186 Tacticis
3308 5149 3327 5184 :
3355 5133 3462 5185 Λο-

1884 5194 2306 5270 χαγὸς-λέχεται
2343 5197 2386 5270 ὁῗ
2409 5194 2628 5260 πρῶτος
2656 5201 2749 5251 τοῦ
2782 5199 2971 5268 στίχου
2997 5242 3009 5256 .
3040 5202 3160 5270 ἦτοι
3223 5201 3456 5270 ὸρδὲνου.

1885 5263 2120 5337 Consule
2145 5263 2448 5337 glossaria,
2480 5277 2531 5319 et
2565 5271 2816 5337 Annam,
2838 5263 2959 5337 pag.
2985 5263 3108 5322 579.

1961 5332 2080 5408 (66)»
2103 5333 2268 5401 Μήτε
2289 5333 2578 5408 ᾃυνάμεις
2619 5332 2878 5401 πολλάς.
2908 5332 3080 5408 Ἇιριιὶ
3116 5338 3344 5392 habebat
3376 5354 3461 5394 se-

1887 5418 2007 5456 cum
2049 5403 2393 5457 Boemundus
2432 5407 2483 5456 in
2517 5409 2612 5456 hac
2641 5403 3223 5472 expeditionddecem
3291 5408 3454 5461 millia

1886 5473 2151 5538 equitum,
2177 5483 2230 5526 et
2262 5473 2524 5539 plurimas
2550 5477 2736 5540 capias
2771 5479 3031 5543 peditum,
3059 5487 3116 5529 ut
3153 5489 3347 5531 auctor
3376 5489 3460 5532 est

1884 5543 2139 5596 Albertus
2169 5543 2270 5610 Aq.
2300 5543 2390 5596 lib.
2433 5559 2493 5603 tt,
2550 5558 2671 5609 cap.
2710 5544 2797 5597 ‘18.
2837 5545 3067 5598 Maxima
3128 5546 3270 5598 enim
3335 5563 3460 5611 pars

1882 5611 2157 5664 exercitus
2182 5613 2272 5680 qui
2307 5613 2556 5665 Atnallim
2592 5612 2874 5668 obsidione
2925 5618 3194 5677 cinxerat,
3263 5615 3457 5669 relicto

1883 5681 2133 5748 llogcrio.
2187 5681 2552 5735 Boetnuntlntn
2607 5694 2789 5736 secuta
2819 5695 2956 5738 erat.
3030 5686 3105 5738 Ita
3137 5682 3386 5738 Urbanus
3410 5683 3456 5738 ll

1880 5751 1981 5806 ιιι».
2036 5754 2087 5804 in
2131 5751 2300 5822 Epist.
2342 5753 2408 5808 ad
2448 5753 2694 5806 Alcxium
2754 5753 2897 5822 apud
2952 5753 3074 5807 Bar.
3143 5769 3232 5808 an.
3291 5755 3453 5817 1097,
