4040 6280
308 354 415 376 ιιι-ρ-

323 375 411 415 ltt

1549 342 1960 405 ALEXlADIS
2005 341 2155 401 LIB.
2201 339 2275 398 Χ.

3439 333 3545 392 773

305 463 335 514 ὁ
356 461 469 529 γὰρ
501 457 674 520 δεινὸς
702 457 810 526 (68)
842 455 1172 526 Βαῖμοῦντος
1202 454 1307 506 τῶν
1331 453 1429 521 μὲν
1459 453 1604 520 ὄψων
1636 454 1695 504 οὐ
1726 451 1881 520 μόνον

1990 461 2346 511 ιιιιιδ;ιέι·ιιιιι
2412 447 2451 496 οἱ
2498 444 2606 498 [nec
2659 444 2750 496 tibi
2802 443 2934 510 forte
2988 443 3116 494 alibi
3148 442 3367 504 nutrito,
3397 441 3552 495 aliter

309 550 724 618 ἀπογεύσασθαι
771 549 907 611 ὅλως
939 589 954 614 ,
1006 548 1120 602 ἀλλ’
1180 547 1289 600 οὐδ’
1351 546 1543 616 ἄκροις
1591 545 1879 610 δακτύλοις

312 641 664 710 προσψαῦσαι
718 640 998 708 ἠνέσχετο,
1051 638 1164 690 ἀλλ’
1221 635 1482 689 ἁπώσατό
1505 651 1564 687 τε
1595 635 1758 695 εὐθὺς
1787 634 1879 685 καὶ

314 732 506 802 μηδενὶ
539 733 608 784 τὰ
626 733 720 802 τῆς
759 730 1183 800 ὑποδραμούσης
1213 730 1375 782 αὐτὸν
1410 729 1670 788 ὑπονοίας
1709 728 1878 795 ὲνφή-

311 842 401 885 νας
422 825 590 886 ⁶⁷τοίς
615 823 929 894 παρεστῶσι
955 824 1128 875 πάντα
1161 822 1416 890 διένειμε,
1449 820 1525 888 τῷ
1562 819 1660 883 μὲν
1696 835 1878 888 φαινο-

313 915 460 983 μένῳ
512 915 662 981 φιλος
683 912 954 980 ροντῖσθαι
980 910 1202 972 τούτους
1249 910 1699 978 ὑποκρινόμενος,
1729 911 1794 978 τῇ
1824 909 1879 958 δ’

309 1006 560 1074 ἀληθείᾳ,
597 1003 651 1055 εἴ
691 1021 773 1066 τις
807 1003 991 1064 καλῶς
1056 1001 1308 1070 σκοποίη,
1360 1000 1594 1052 Θανάτου
1623 1001 1878 1070 κρατῆρα

310 1100 549 1165 κεράσας
577 1096 784 1156 αὐτοῖς.
810 1095 943 1146 Οὐδὲ
966 1093 1055 1144 τὸν
1073 1093 1224 1144 δόλον
1247 1093 1591 1161 ἐπέκρυπτε,
1625 1090 1878 1144 τοσοῦτον

311 1187 798 1255 καταφρονητικῶς
835 1185 962 1252 περὶ
994 1186 1116 1245 τοὺς
1141 1184 1230 1234 ὑπ’
1267 1184 1308 1214 δ’
1334 1183 1495 1234 αὑτὸν
1521 1181 1771 1236 διέκειτο.
1799 1179 1880 1231 Τὰ

314 1279 586 1347 μὲν,ὼμὰ
639 1279 845 1344 κρέατα
901 1277 1040 1328 κατὰ
1098 1275 1158 1326 τὸ
1208 1275 1328 1334 ἔθος
1357 1278 1456 1343 τῆς
1502 1272 1880 1343 ἐνεγκαμένης

310 1373 419 1430 τοῖς
467 1370 617 1430 ἰδίοις
681 1369 956 1436 ὀψοποιοῖς
1010 1369 1424 1422 κατασκευάσαι
1479 1366 1766 1417 ἐπέταττε.
1801 1365 1879 1434 Τῇ

315 1465 430 1530 μετ’
464 1461 635 1528 αὐτὴν
658 1461 712 1511 δὲ
741 1461 862 1521 τοὺς
887 1459 992 1527 ὄψα
1015 1461 1059 1494 ⁸³
1085 1461 1268 1511 ἐκεῖνα
1303 1458 1623 1526 ἐδηδοκότας
1649 1456 1884 1515 ἐπυνθά-

312 1573 429 1608 νετο
468 1557 616 1616 ὅπως
664 1554 862 1615 αὐτοὺς
906 1552 1163 1604 διέθεντο.
1195 1552 1316 1604 Τῶν
1352 1552 1408 1603 δὲ
1441 1551 1533 1602 καὶ
1552 1550 1669 1602 λίαν
1705 1550 1884 1611 καλῶς

240 1636 250 1648 ’
310 1648 630 1716 εἰρηκότων,
662 1646 737 1709 ὡς
770 1645 902 1714 μηδὲ
933 1645 1028 1714 τῆς
1051 1644 1322 1714 τυχούσης
1351 1642 1633 1696 αἰσθέσθαι
1656 1641 1881 1711 βλάϐης,

311 1735 670 1803 ἀποκαλύψας
714 1736 896 1796 αὐτοῖς
930 1740 990 1785 τὸ
1037 1733 1349 1802 ἀπόρρητον
1398 1733 1530 1800 ἔφη·
1589 1730 1675 1791 Ὠς
1706 1730 1882 1796 ἔγωγε

1987 549 2217 602 assueto,
2251 537 2421 591 minus
2464 538 2758 601 arriserinl,
2814 553 2876 589 en
2924 553 3070 590 escas
3117 536 3347 588 incoctas
3379 533 3552 586 adhuc

1984 649 2101 701 qua:
2132 643 2279 697 prout
2308 631 2534 700 jusseris
2554 631 2745 698 tibique
2775 630 3008 697 sapuerit
3039 628 3246 681 condiri
3270 626 3552 696 pararique

1986 740 2018 775 a
2049 725 2234 790 quibus
2267 723 2403 776 voles
2431 732 2694 788 pater-unt.
2739 722 2794 776 ld
2833 723 2910 776 sic
2945 722 3236 788 imperator
3271 717 3553 772 constituit

1988 832 2082 883 pro
2115 831 2210 867 sua
2243 814 2547 868 incredibili
2587 814 2986 868 tractandorum
3017 812 3294 866 hominum
3332 809 3546 879 peritia.

1967 905 2116 959 Cum
2162 908 2326 967 enim,
2363 917 2417 957 ut.
2450 906 2659 960 solebat
2704 922 2768 959 ex
2810 905 2958 957 vultu
2996 919 3056 958 ac
3093 915 3222 957 nutu
3271 911 3555 970 penetrare

1990 1000 2041 1050 in
2069 1014 2266 1051 arcara
2299 1002 2580 1061 mentium,
2613 997 2768 1050 facile
2796 998 3150 1066 comperisset
3198 995 3554 1050 Bainzutnlum

1988 1091 2202 1161 ingenio
2247 1105 2368 1144 esse
2403 1097 2582 1143 astuto
2637 1105 2698 1144 ac
2730 1088 3016 1157 suSpicaci,
3055 1089 3287 1157 providit
3324 1088 3438 1141 fore
3461 1099 3557 1152 nt,

1987 1185 2030 1238 si
2076 1184 2125 1236 ei
2181 1192 2582 1252 apponerentur
2631 1195 2661 1233 a
2717 1180 3376 1249 ministrisimperatoris
3424 1179 3550 1233 olim

1990 1277 2160 1331 hostis
2189 1275 2294 1329 cibi
2321 1275 2482 1337 cocti,
2517 1283 2661 1328 metu
2703 1273 2934 1343 inspersi
2966 1282 3059 1326 aut
3099 1273 3316 1326 admisti
3359 1275 3557 1326 veneni

1993 1378 2274 1436 concepto,
2321 1367 2390 1421 iis
2444 1367 2584 1420 vesci
2643 1375 3011 1420 cunctaretur.
3041 1365 3151 1419 Nec
3203 1365 3394 1419 fefellit
3433 1380 3556 1418 eum

1993 1474 2091 1512 sua
2122 1455 2465 1523 conjectura;
2518 1441 2856 1509 Baimundus
2896 1456 3039 1508 enim
3081 1470 3146 1508 ne
3181 1459 3406 1510 summis
3435 1457 3559 1524 qui-

1990 1551 2110 1604 dem
2144 1549 2322 1617 digitis
2348 1547 2691 1615 jcontingere,
2738 1548 2934 1600 nedum
3010 1557 3250 1616 gustare,
3293 1547 3556 1600 sustinuit

1991 1648 2208 1710 paratos
2239 1640 2426 1704 cibos;
2462 1637 2666 1691 obtexit
2686 1645 2864 1690 tamen
2890 1637 3252 1705 suspicionem
3280 1649 3555 1695 ostentata

1993 1731 2332 1784 liberalitatis
2388 1729 2603 1798 specie;
2654 1743 2778 1781 nam
2828 1727 3168 1783 simulatione
3213 1730 3557 1798 gratificandi

316 1826 662 1897 μεμνημένος
681 1824 789 1876 τῶν
820 1823 939 1893 μετ’
959 1822 1122 1874 αὑτοῦ
1143 1822 1397 1891 πολέμων
1451 1823 1546 1873 καὶ
1579 1820 1678 1888 τῆς
1704 1820 1881 1889 μάχης

1990 1827 2294 1880 astantibus
2346 1834 2536 1879 cuncta
2589 1827 2670 1878 eis
2741 1823 2944 1878 fercula
3015 1824 3315 1890 distribuit,
3368 1840 3558 1880 revera

312 1919 547 1986 ἐκείνης,
574 1917 796 1969 ἐδεδίειν
827 1917 901 1986 μὴ
929 1915 1018 1967 τὴν
1049 1915 1178 1984 ἐμὸν
1206 1914 1336 1976 ἴσως
1365 1913 1641 1983 ἐξαρτήσῃ
1662 1913 1706 1942 "°
1727 1911 1889 1964 θάνα-

311 2027 426 2072 τον,
458 2008 759 2076 θανάσιμόν
809 2024 860 2058 τι
890 2007 1182 2075 φάρμακον
1211 2007 1324 2066 τοῖς
1350 2003 1500 2080 ὄψοις
1534 2001 1884 2070 insumi-xliv.

313 2101 553 2155 Τοιαῦτα
615 2102 712 2170 μὲν
763 2099 922 2152 τοῦτι
971 2096 1336 2166 Βαῖμούντου.
1428 2094 1569 2163 Ἐγὼ
1603 2094 1645 2147 δ’
1689 2094 1887 2147 οὕποτε

312 2193 551 2261 πονηρὸν
576 2190 916 2258 ἐθεασάμην,
961 2192 1034 2258 μὴ
1073 2187 1166 2240 τοῦ
1197 2185 1372 2254 ὀρθῶς
1408 2203 1462 2236 τι
1488 2187 1664 2237 ποιεῖν
1694 2185 1886 2254 ττόρρω

312 2302 414 2336 που
470 2287 529 2335 ὲν
590 2285 724 2335 πᾶσι
774 2283 953 2348 λόγοις
1013 2282 1106 2333 καὶ
1164 2279 1464 2348 πρακτέοις
1499 2278 1712 2338 θέοντα,
1743 2279 1880 2343 ὁπη-

310 2377 435 2427 νίκα
495 2377 604 2444 γάρ
653 2390 736 2436 τις
791 2373 892 2441 τῆς
947 2371 1243 2442 μεσότητος
1280 2371 1510 2439 ἐκσταίη
1564 2370 1701 2436 πρὸς
1755 2369 1885 2421 ὁπό-

311 2484 469 2538 τερον
497 2466 562 2518 ἂν
592 2465 700 2519 τῶν
761 2464 949 2535 ἄκρων
995 2464 1206 2518 νεύσειε
1241 2463 1526 2534 πόρρωθεν
1558 2463 1654 2530 τῆς
1684 2461 1886 2532 ἀρετῆς

309 2556 556 2622 ἔστηκεν.

1987 1918 2221 1986 pessime
2247 1918 2313 1971 de
2345 1916 2412 1970 iis
2457 1931 2694 1982 merens,
2735 1916 2932 1985 quibus
2963 1915 3115 1971 cibos
3159 1916 3413 1986 Opinione
3460 1934 3558 1972 sua

1990 2007 2223 2062 infectos
2258 2014 2312 2060 et
2341 2006 2655 2060 mortiferos
2686 2006 3044 2060 ministraret.
3073 2005 3184 2062 Nec
3212 2007 3560 2064 dissimulare

1985 2101 2178 2155 saltem
2213 2099 2398 2153 dolum
2429 2098 2634 2166 putavit
2667 2098 2821 2162 tanti,
2854 2098 2946 2152 sed
2979 2113 3081 2168 qua
3114 2109 3233 2154 erat
3281 2102 3558 2170 arroganti

1989 2193 2184 2245 fiducia
2249 2197 2669 2258 contemptuque
2715 2190 2973 2257 praeditus
3007 2205 3252 2253 suorum,
3289 2191 3404 2262 ipse
3433 2207 3558 2246 car-

1988 2285 2148 2338 nibus
2178 2284 2283 2338 sibi
2316 2283 2514 2337 oblatis
2547 2285 2727 2338 adhuc
2761 2285 2946 2338 crudis
2975 2299 3124 2338 more
3161 2287 3337 2354 patrio
3367 2302 3395 2339 a
3423 2301 3552 2355 pro-

1993 2377 2124 2444 priis
2151 2378 2344 2445 coqnis
2374 2375 2691 2444 prmparatis
2716 2389 2781 2429 eo
2813 2377 2898 2429 die
2927 2391 3080 2438 usus,
3121 2379 3380 2447 postridie
3431 2393 3559 2432 suos

1997 2470 2208 2536 regavit
2236 2467 2425 2535 ecquid
2475 2469 2749 2532 valerent,
2803 2467 2963 2537 303
2998 2476 3051 2522 et
3099 2479 3155 2521 ut
3199 2484 3292 2524 eos
3331 2469 3563 2538 juvissct

2001 2557 2245 2624 pridiana
2273 2571 2425 2612 creua
2455 2574 2468 2623 ;
2507 2557 2572 2611 iis
2599 2573 2729 2612 vero
2755 2560 3012 2627 praeclare
3046 2575 3103 2615 se
3135 2561 3337 2616 habere
3367 2563 3562 2616 aienti-

311 2651 434 2712 bus,
485 2666 587 2704 nec
630 2650 794 2704 ullum
845 2653 929 2707 vel
982 2652 1266 2707 minimum
1316 2651 1728 2708 incommodum
1773 2653 2035 2713 sensisse,
2105 2653 2265 2722 Atqui
2336 2669 2459 2720 ego,
2509 2653 2681 2722 inquit
2759 2669 3017 2710 arcanum
3099 2656 3379 2726 detegens,
3439 2674 3562 2712 cum

311 2745 577 2797 memoria
615 2756 914 2814 repeterem
948 2747 1085 2801 bella
1115 2748 1243 2802 olim
1271 2764 1300 2799 a
1329 2763 1412 2803 me
1440 2757 1587 2818 gesta
1625 2748 2291 2817 adversusimperatorem
2342 2757 2398 2803 et
2469 2766 2701 2820 pugnam
2785 2751 2929 2805 illam
2974 2768 3079 2822 qua
3123 2754 3297 2820 ipsum
3357 2753 3561 2827 fugavi,

309 2837 387 2888 uti
423 2838 562 2892 cibis
593 2839 712 2907 ejus
762 2839 915 2907 jussu
954 2843 1156 2910 paratis
1193 2843 1363 2908 nolui,
1414 2843 1608 2896 merito
1640 2855 1885 2896 metuens
1916 2859 1982 2895 ne
2019 2859 2282 2896 venenum
2313 2843 2380 2897 iis
2416 2845 2720 2912 inspersum
2753 2855 2922 2900 esset.
2971 2847 3049 2899 fta
3112 2847 3200 2901 ille
3267 2862 3399 2902 sane
3469 2850 3563 2903 im.

311 2936 644 3002 prudenter;
677 2938 877 3006 quippe
906 2938 956 2990 id
983 2939 1330 2991 committens
1373 2954 1436 2993 ac
1493 2954 1602 3007 pia:
1671 2954 1728 2991 sc
1785 2937 1964 2991 ferens
1989 2939 2340 3008 quamobrem
2391 2957 2420 2994 a
2454 2941 2566 2996 suis
2599 2940 2890 3008 superbum
2942 2941 3025 2994 sui
3074 2941 3386 3013 despectum
3431 2944 3564 3000 ulc?-

312 3030 594 3082 scentibus
627 3030 820 3082 merito
856 3031 1175 3098 proderetur
1205 3042 1298 3085 aut
1329 3030 1886 3095 desereretur:cujus
1920 3032 2056 3084 tanti
2090 3032 2313 3100 periculi
2350 3033 2519 3086 aleam
2580 3045 2855 3099 utcunque
2917 3035 3122 3105 alioqui
3182 3038 3412 3092 callidus
3479 3042 3563 3093 in-

311 3120 717 3175 CﬂllSlliliaSillle
769 3130 877 3170 tum
918 3119 1067 3184 jecit.
1122 3119 1262 3172 Raro
1297 3121 1438 3174 enim
1491 3121 1561 3186 (id
1596 3121 1738 3190 quod
1771 3135 1870 3188 ego
1899 3119 2056 3188 longo
2091 3137 2190 3174 usu
2258 3121 2634 3191 animadverti)
2679 3123 2924 3177 homines
2979 3125 3208 3191 improbi
3267 3129 3557 3197 quidquam

318 3221 466 3264 ret-te
515 3209 804 3263 consalnnt
849 3208 1162 3263 faciuntve:
1203 3213 1339 3264 adeo
1381 3229 1566 3265 verum
1641 3221 1725 3264 est
1794 3210 1937 3279 quod
1973 3212 2247 3278 sapientes
2278 3212 2536 3276 sciscunt,
2563 3213 2652 3265 ubi
2681 3213 2802 3279 quis
2833 3229 2862 3266 a
2912 3214 3291 3270 mediocritate
3339 3218 3562 3272 virtutis

313 3302 641 3365 excesserit,
679 3301 948 3353 utrumvis
983 3298 1035 3352 in
1063 3310 1366 3354 extremum
1417 3302 1647 3354 declinet
1697 3315 1882 3368 parum
1915 3300 2178 3352 interesse
2212 3315 2226 3363 ;
2261 3313 2471 3365 semper
2501 3301 2642 3352 enim
2672 3299 2830 3368 longe
2883 3299 3161 3356 intervallo
3213 3305 3278 3358 ab
3336 3307 3563 3362 honesto

308 3398 536 3452 distare.
1163 3446 1165 3448 .

382 3487 895 3556 Μεταπεμψάμενος
926 3485 1016 3540 οὖν
1051 3487 1140 3540 τὸν
1169 3485 1502 3557 Βαῖμοῦντον
1535 3486 1626 3538 τὸν
1657 3487 1863 3556 συνήθη

2045 3483 2306 3538 Caeterum
2349 3482 2641 3549 Augustus,
2678 3484 2938 3537 accersito
2987 3484 3178 3541 deinde
3231 3487 3555 3560 Baimnndn,

308 3581 422 3640 τοῖς
447 3578 704 3638 Λατίνοις
741 3579 835 3627 καὶ
869 3576 928 3638 ἐξ
963 3577 1128 3629 αὑτοῦ
1151 3576 1335 3646 ἐζήτει
1359 3579 1521 3645 ὅρκον
1555 3577 1687 3647 (69).
1719 3577 1778 3630 Ὀ
1805 3579 1882 3644 δὲ,

309 3675 379 3724 τα
413 3670 610 3723 ἑαυτοῦ
654 3670 1044 3736 ἐπιστάμενος,
1086 3669 1180 3722 καὶ
1210 3672 1292 3722 ὅτι
1320 3668 1442 3721 οὔτε
1487 3671 1550 3722 ὲκ
1607 3672 1890 3740 προγόνων

313 3763 635 3832 περιφανῶν
668 3761 936 3828 ἐγεγόνει,
964 3760 1088 3813 οὔτε
1111 3761 1415 3831 χρημάτων
1449 3763 1713 3832 εὐπορίαν
1754 3760 1886 3834 εἶχε,

309 3859 408 3912 καὶ
445 3859 531 3910 διὰ
556 3858 716 3910 τοῦτο
738 3857 858 3909 οὐδὲ
887 3858 1145 3924 δυνάμεις
1173 3857 1395 3920 πολλὰς,
1418 3858 1552 3911 ἀλλὰ
1581 3861 1817 3928 μετρίως
1842 3861 1887 3890 ⁷⁵⁸

313 3949 458 4000 πάνυ
492 3951 616 4010 τοὺς
645 3949 1044 4016 συνεπομένους
1098 3948 1246 4017 αύτῷ
1281 3949 1537 4010 Κελτοὺς,
1573 3951 1666 4001 καὶ
1715 3951 1888 4013 ἄλλως

309 4037 367 4088 δὲ
399 4037 557 4104 φύσει
589 4039 846 4105 ἐπίορκος
885 4035 979 4098 ῶν,
1014 4041 1158 4105 μάλα
1187 4037 1484 4106 προθύμως
1513 4037 1589 4106 τῷ
1609 4037 1702 4090 τοῦ
1733 4039 1891 4092 αὐτο.

309 4130 580 4198 κράτορος
608 4127 796 4191 ὑπεῖξε
851 4128 1134 4198 θελήματι,
1182 4124 1320 4199 Κᾷθ’
1342 4128 1513 4191 οὕτως
1551 4131 1579 4182 ὁ
1611 4129 1884 4198 βασιλεὺς,

311 4220 440 4286 περὶ
462 4220 532 4270 τὰ
569 4217 826 4286 βασίλεια
857 4219 1104 4270 οἰκίσκον
1143 4219 1265 4269 τινὰ
1295 4218 1585 4286 ἀφορίσας.
1643 4221 1723 4281 είς
1754 4219 1882 4271 τοῦ-

308 4309 474 4376 δαιρος
508 4310 863 4376 κατέστρωσε
925 4309 1195 4360 παντοίων
1247 4305 1387 4372 εἶδος
1443 4311 1742 4379 χρημάτων
1789 4313 1879 4364 καὶ

308 4403 550 4467 augis”,
586 4402 945 4470 χαράγματὸς
971 4400 1079 4471 (70}
1109 4418 1167 4452 τε
1206 4404 1431 4470 χρυσίου
1472 4405 1565 4455 καὶ
1612 4405 1878 4473 ἀργύρου,

309 4491 403 4540 καὶ
446 4492 544 4558 τῆς
580 4489 876 4557 κατωτέρω
913 4489 1068 4558 ὕλης,
1095 4493 1351 4558 τοσρύτον
1381 4495 1678 4561 πληρώσας
1708 4498 1767 4545 τὸ
1802 4496 1881 4546 οἵ-

309 4594 486 4644 κημα,
524 4577 598 4639 ὼς
638 4576 773 4645 μηίὲ
832 4575 1070 4644 βαδίζειν
1107 4577 1371 4630 δύνασθαί
1423 4596 1544 4630 τινα
1578 4579 1656 4646 τῷ
1687 4579 1882 4647 πλήθει

306 4669 512 4720 τούτων
549 4668 1035 4736 συμποδιζόμενον.
1082 4669 1171 4736 Τῷ
1211 4668 1267 4720 δὲ
1307 4669 1556 4736 μέλλοντι
1607 4670 1882 4734 ὑποδεῖξαι

1993 3585 2311 3630 consuetum
2339 3575 2547 3628 Latinis
2596 3575 2978 3645 jusjurandum
3009 3592 3062 3631 et
3097 3581 3164 3632 ab
3214 3581 3330 3650 ipso
3357 3588 3554 3655 exegit,

1991 3669 2101 3723 Nec
2124 3668 2388 3723 dubitavit
2413 3669 2504 3722 ille
2538 3679 2628 3721 aut
2659 3680 2947 3723 cunetatus
2981 3677 3060 3722 est
3093 3671 3172 3723 Vel
3203 3675 3342 3740 quod
3377 3679 3556 3731 minus

1992 3779 2050 3817 se
2081 3779 2110 3815 a
2142 3764 2357 3830 proavis
2394 3761 2654 3824 nobilem,
2695 3761 2989 3828 minusque
3037 3775 3065 3812 a
3099 3759 3317 3816 fortuna
3363 3767 3558 3833 Opibus

1992 3855 2364 3919 comitataque
2418 3852 2746 3904 instructum
2793 3853 2994 3916 sciens,
3049 3867 3266 3906 causam
3304 3870 3406 3907 non
3437 3873 3558 3910 esw,

1993 3942 2148 4004 vidit,
2185 3956 2280 3993 cur
2309 3939 2449 4009 quod
2479 3939 2568 3992 alii
2609 3939 2742 3993 Galli
2781 3940 3055 4008 principes
3095 3942 3255 3998 rebus
3302 3947 3557 3999 munitius

1995 4030 2402 4098 przcstantiores
2437 4044 2544 4082 non
2592 4040 2998 4093 recusaverant,
3029 4030 3143 4101 ipse
3183 4034 3506 4090 detrectaret
3539 4056 3555 4092 :

1992 4121 2072 4174 vel
2096 4121 2239 4188 quod
2271 4121 2434 4174 homo
2469 4122 2537 4174 ad
2574 4121 2855 4190 religionis
2877 4133 3244 4189 contemptum
3269 4126 3554 4193 educatus,

1987 4223 2042 4267 et
2079 4214 2238 4282 longo
2269 4229 2371 4266 usu
2396 4213 2548 4282 quasi
2576 4213 2809 4281 quadam
2863 4220 3061 4266 natura
3098 4214 3366 4282 perjnrus,
3421 4219 3557 4273 ridi.

1990 4305 2168 4358 culum
2222 4312 2442 4372 putaret
2495 4303 2548 4356 in
2601 4303 2908 4370 juramento
2966 4305 3337 4375 tergiversari,
3399 4313 3556 4377 cujus

1983 4399 2099 4465 ipse
2137 4411 2338 4464 susque
2371 4397 2545 4467 deque
2597 4396 2776 4450 habita
2856 4399 3154 4452 reverentia
3203 4401 3556 4457 nihilominus

1979 4504 2160 4546 CCI‘lllS
2197 4502 2363 4555 CSSCI,
2421 4507 2483 4546 ΕΟ
2527 4507 2634 4560 quo
2681 4506 2803 4558 spes
2857 4501 2911 4546 et
2957 4508 3087 4546 USIIS
3148 4507 3366 4549 vocaret
3413 4513 3558 4553 l‘(‘(:l:I

1982 4586 2225 4638 tendere.
2259 4584 2327 4636 At
2359 4586 2406 4636 ei
2437 4593 2726 4653 postquam
2750 4587 2819 4635 ita
2854 4591 3100 4652 prompte
3131 4601 3194 4638 ac
3224 4589 3554 4654 perlibenter

1979 4679 2343 4746 jar-amentum
2374 4677 2643 4745 praestitit,
2680 4689 2815 4729 nova
2857 4676 3246 4731 benevolentia:
3297 4695 3408 4732 sua:
3462 4683 3544 4748 pi-

305 4760 478 4812 ταῦτα
508 4760 585 4828 τῷ
614 4759 936 4828 Βαῖμούντῳ
977 4758 1274 4812 ἐπέταττεν
1316 4760 1512 4830 ἁθρόον
1569 4763 1667 4823 τὰς
1705 4763 1878 4824 πύλας

1987 4784 2152 4836 gnara
2185 4769 2372 4832 injecit
2408 4768 2724 4835 imperator.
2755 4764 2978 4819 Curavit
3010 4768 3264 4821 nimirum
3299 4771 3556 4824 conclave

306 4855 672 4907 ἀναπετάσαι.
727 4853 785 4902 '0
834 4851 889 4903 δὲ
913 4852 1008 4904 ἐπὶ
1049 4855 1108 4922 τῇ
1156 4852 1361 4904 τούτων
1433 4853 1530 4923 θέᾳ
1575 4856 1878 4920 ἐκπλαγείς

1991 4861 2262 4930 quoddam
2289 4857 2517 4927 Augusti
2550 4856 2730 4925 palatii
2761 4855 3072 4910 divitiarum
3117 4857 3296 4911 omnis
3340 4861 3552 4926 generis

306 4960 467 5014 φησιν
490 4958 505 4973 ·
531 4943 596 4995 Εἰ
627 4941 866 4994 τοσαῦτά
894 4960 983 5010 μοι
1025 4946 1233 5012 προσῆν
1259 4946 1541 5014 χρήματα,
1570 4946 1780 4998 πολλῶν
1812 4946 1877 4998 ἂν

304 5032 497 5102 χωρῶν
559 5031 758 5102 κύριος
814 5032 981 5085 πάλαι
1029 5036 1306 5102 ἐγεγόνειν
1373 5035 1558 5098 αὐτὸς.
1623 5037 1732 5090 Καὶ
1777 5037 1876 5100 ὃς·

1987 4950 2335 5019 conigestione
2389 4948 2459 4999 ita
2525 4931 2806 5014 compleri,
2855 4954 2908 4998 ut
2965 4946 3329 5014 pavimentum
3375 4947 3550 5013 ipsum

1989 5040 2228 5093 nummis
2259 5039 2458 5106 passim
2486 5035 2886 5103 monilibusque
2906 5047 2969 5088 ac
2993 5035 3226 5088 attalicis
3251 5037 3553 5091 conchilia-

1383 5148 1582 5209 Variw
1611 5149 1920 5210 lectiones
1949 5167 2026 5210 ex
2053 5149 2196 5210 cod.
2233 5144 2485 5206 Coislin.

369 5249 722 5318 ⁶⁷ὲμςιήνας.
815 5246 859 5278 ⁸³³
883 5247 992 5302 ἐπ’.
1070 5248 1113 5279 ⁶⁹
1149 5246 1216 5302 τὰ
1239 5247 1367 5317 ὄψα.
1444 5249 1487 5280 ⁷⁸³
1523 5249 1814 5319 ὲξαρτύσῃ.

1893 5250 1933 5280 ⁷¹
1973 5250 2042 5302 τὰ
2075 5248 2192 5303 τοῦ.

2265 5246 2308 5276 ⁷⁸
2346 5245 2621 5314 μετρίους.

1379 5369 1516 5431 Car.
1550 5367 1875 5430 Dufresnii
1911 5370 2009 5428 Du
2043 5364 2263 5444 Cangii
2306 5373 2491 5424 notes.

368 5499 479 5568 (68)
511 5497 577 5551 '0
605 5493 722 5563 τὰρ
747 5491 964 5568 δεινός.
987 5490 1322 5568 [infitiandus
1347 5491 1489 5568 ηιιίίο
1517 5494 1669 5543 modo
1693 5491 1872 5568 Alesia

295 5561 466 5632 ﬁdere.
497 5561 711 5637 poterat
738 5605 751 5628 ,
791 5562 965 5637 inquit
1009 5563 1217 5637 Albert.
1267 5561 1368 5637 Aq.
1530 5575 1588 5624 tt,
1624 5576 1744 5628 cap.

365 5631 507 5706 (69f
529 5633 758 5700 Ἑζήτει
790 5631 993 5706 ὅρκοντ
1016 5631 1265 5706 Allienus
1295 5631 1409 5706 Aq.‘
1429 5631 1520 5683 lib.
1545 5646 1605 5706 tl,
1641 5647 1760 5706 cap.
1783 5631 1867 5694 i8;

292 5699 553 5765 Pulcher.
590 5699 685 5756 lib.
731 5718 782 5761 I.
815 5717 932 5768 cap.
967 5702 1033 5763 ις
1065 5699 1332 5754 Robertus
1367 5701 1613 5755 Monach.
1667 5703 1762 5754 lib.
1807 5716 1868 5766 ιι,

287 5801 410 5854 pag.
443 5780 514 5833 58
541 5818 556 5841 ,
593 5772 812 5841 Tyrius,
844 5784 894 5824 et
931 5772 1041 5824 alii.

632 5870 908 5928 Ριτιιοιη
950 5869 1067 5928 Gtt.
1114 5869 1385 5930 CXXXI.

2047 5489 2158 5558 (70)
2181 5557 2192 5558 ί
2214 5486 2619 5558 Χαρὰγματος.
2653 5484 2816 5558 364
2854 5483 3108 5558 Albertus
3171 5483 3302 5558 Aq._
3336 5482 3453 5558 lib,
3484 5501 3547 5545 ιι.

1976 5552 2098 5626 cap.
2139 5552 2243 5610 i8:
2283 5553 2578 5621 Statimque
2628 5552 2815 5626 altera
2857 5561 2987 5626 sunt
3025 5552 3376 5626 iBojemundoj,
3411 5557 3546 5608 sicut

1979 5623 2283 5697 Gotlefrido,
2322 5640 2536 5676 munera
2569 5623 2688 5676 miri
2723 5633 2771 5676 et
2802 5623 3033 5697 inauditi
3066 5624 3298 5674 thesauri
3327 5624 3547 5697 in‘auro

1977 5707 2028 5749 et
2071 5693 2321 5764 argento;
2366 5709 2489 5746 vnsa
2538 5709 2737 5762 quoque
2786 5694 3011 5764 pretiosa
3059 5707 3210 5764 opere
3255 5701 3305 5745 et
3363 5693 3548 5746 ἀεί-ονε

1980 5762 2149 5820 multo
2175 5765 2456 5828 ainpliora,
2489 5779 2648 5831 quam
2675 5772 2730 5816 ut
2757 5764 2820 5816 ab
2853 5762 3030 5821 aliqua
3071 5763 3231 5829 possit
3269 5765 3542 5818 restituam

3083 5854 3160 5918 25
