4040 6280
312 360 412 426 7st
1579 355 1996 417 ALEXHDIS
2041 358 2184 416 Lm.
2231 358 2305 416 Χ.
3442 353 3550 417 78?.

313 475 566 542 Suspicio.
603 477 775 546 Atque
806 485 862 529 ut
895 475 1027 528 nihil
1078 475 1310 530 ditinem
1347 477 1408 529 de
1435 476 1696 529 simulatur
1728 476 2081 528 recusationis
2113 476 2312 538 causis,
2377 473 2720 542 acceptanda‘.
2792 472 3003 540 quidem
3068 471 3308 539 pecunia:
3372 475 3553 524 coasi-

310 566 431 619 linm
470 567 697 621 ambitio
728 567 975 621 dictavit.
1017 566 1239 619 Videbat
1282 568 1441 618 homo
1492 579 1671 619 vastus
1707 567 1869 618 animi
1904 566 2126 634 speique
2156 565 2474 619 immodicus
2550 581 2607 617 se
2655 565 2970 617 innutritum
3029 563 3340 632 cogitationi
3399 568 3546 631 regni

308 672 592 727 pthltlllalll
629 660 840 713 vivente
875 667 1025 727 patre
1051 674 1274 726 magnos
1303 661 1577 710 exercitus
1613 659 1951 719 ductaverat,
2014 672 2238 724 magnas
2301 672 2388 710 res
2437 666 2696 726 gesserat,
2756 666 2807 708 et
2871 656 2935 708 ad
2976 666 3279 708 extremum
3314 668 3377 708 eo
3431 657 3554 708 red-

307 759 479 803 actqu
531 759 590 804 ut
642 752 816 817 patria
867 751 1039 803 exiret
1087 765 1309 817 prorsus
1367 751 1621 810 extorris,
1669 751 1865 818 quippe
1897 749 1988 818 qui
2021 763 2117 802 nec
2146 758 2342 802 terram
2370 764 2464 802 nec
2494 748 2680 802 urbem
2709 748 2928 801 haberet
2980 746 3142 800 ullam
3207 761 3324 815 qua)
3375 745 3548 816 ipsum

308 839 580 890 dominum
620 847 708 890 aut
739 840 1034 909 principem
1093 849 1432 909 agnosceret.
1477 839 1618 908 Ergo
1679 839 1952 907 religionis
1983 839 2071 891 ille
2098 839 2312 908 quidem
2367 851 2422 894 et
2454 839 2763 893 vindicandi
2830 838 3092 892 Dominici
3144 839 3375 908 sepulcri
3444 839 3552 890 lar'

306 944 418 981 vam
471 929 754 996 rupiditati
808 930 1151 997 superposuit
1193 948 1206 985 :
1246 940 1499 983 crcterum
1559 945 1653 999 per
1705 931 1864 983 is:am
1898 933 2237 988 occasionem
2270 933 2414 985 omni
2483 934 2638 985 modo
2676 935 2990 984 decreverat
3035 931 3392 998 principatum
3445 929 3548 984 sibi

305 1021 530 1090 aliquem
566 1022 761 1074 alienbi
797 1038 1022 1091 parare:
1051 1021 1532 1085 necdubitaturus,
1585 1021 1627 1074 si
1657 1022 1892 1075 secunda
1917 1024 2149 1088 spiraret
2190 1039 2320 1075 aura
2375 1022 2637 1087 fortunze,
2696 1023 3000 1076 Romanum
3075 1024 3246 1092 ipsum
3315 1024 3552 1091 cogitare

305 1113 494 1165 solium
547 1125 602 1166 el
648 1114 834 1168 Alexio
867 1123 1086 1168 extruso
1142 1129 1201 1168 se
1251 1114 1630 1182 imperatorem
1703 1113 1902 1168 facere.
1973 1113 2259 1169 lla-rebant
2346 1117 2468 1170 imis
2546 1117 2797 1170 sensibus
2884 1115 3056 1184 patris
3131 1115 3334 1169 monita
3409 1116 3548 1171 bello

302 1206 544 1258 Alexium
600 1208 851 1275 persequi
907 1206 1168 1277 iubentis,
1209 1207 1263 1260 in
1306 1221 1373 1261 eo
1400 1221 1521 1262 esse
1571 1222 1633 1261 ac
1698 1209 1920 1273 morari,
1977 1224 2076 1263 nec
2111 1211 2210 1264 nisi
2267 1212 2420 1278 plena
2485 1220 2692 1278 patrata
2742 1212 2966 1263 victoria
3032 1211 3291 1264 desistere
3341 1229 3352 1266 :
3427 1212 3552 1267 inde

303 1297 439 1347 enim
487 1311 644 1360 rem,
694 1298 817 1350 inde
888 1313 1075 1365 spem,
1135 1296 1262 1350 inde
1310 1297 1431 1350 vita}
1497 1313 1560 1353 ac
1645 1298 1913 1351 rationum
1985 1309 2184 1352 statmn
2255 1300 2491 1366 amplum
2559 1309 2614 1353 et
2684 1302 3019 1353 commodum
3098 1301 3340 1354 ostendi.
3418 1301 3552 1356 Por-

307 1405 360 1441 ro
395 1391 536 1443 istuc
561 1391 820 1459 aspiranti
847 1407 1156 1456 magnarum
1183 1409 1343 1459 opum
1371 1402 1488 1446 erat
1517 1394 1882 1447 necessarium
1914 1394 2167 1447 viaticum
2203 1412 2215 1447 :
2249 1404 2301 1447 et
2336 1408 2571 1457 onmem,
2599 1461 2605 1468 ι
2636 1393 2778 1462 quod
2829 1394 3002 1455 aiunt,
3052 1404 3262 1447 moturo
3326 1392 3504 1447 funem
3534 1424 3547 1444 ι

319 1485 380 1536 ad
419 1495 624 1537 tantam
657 1486 756 1540 sibi
790 1487 1021 1555 przedam
1062 1487 1437 1540 attrahi-udam
1462 1527 1477 1552 ,
1531 1489 1709 1542 nervis
1733 1487 1983 1542 nimirum
2015 1503 2149 1556 opus
2181 1496 2297 1541 erat
2352 1487 2473 1542 belli
2522 1487 2746 1541 divitiis.
2804 1487 2968 1556 Igitur
2997 1487 3150 1540 istius
3227 1488 3278 1540 in
3347 1498 3550 1555 partem

310 1587 552 1644 sumptus
583 1578 723 1631 dona
760 1577 1103 1646 imperatoris
1136 1577 1465 1632 Baimundus
1495 1579 1749 1642 admisit;
1801 1579 1931 1633 satis
1955 1579 2066 1646 jam
2102 1579 2370 1634 sentiente
2405 1578 2646 1647 Augusto
2679 1579 2794 1648 ipso
2847 1595 2952 1646 quo
3014 1579 3177 1634 astuti
3238 1579 3373 1634 Galli
3420 1598 3551 1635 ron-

307 1668 418 1722 silia
484 1679 836 1738 spectarent;
899 1670 1149 1738 quocirca
1219 1670 1263 1721 is
1316 1669 1426 1738 jam
1485 1681 1596 1722 tum
1659 1669 1894 1723 incidere
1955 1669 2252 1722 clanculum
2301 1669 2506 1736 occepit
2586 1683 2708 1722 orsa
2766 1670 2947 1721 omnia
3000 1669 3130 1722 vafri
3184 1670 3452 1736 hominis,
3499 1685 3552 1727 et

302 1760 555 1829 quidquid
589 1760 673 1812 ille
697 1761 762 1814 ad
801 1776 924 1813 suas
956 1760 1264 1813 ambitiosas
1298 1777 1419 1828 spes
1450 1775 1512 1813 ex
1543 1761 1700 1828 longo
1727 1761 1926 1814 directa
1965 1763 2235 1826 nectebat,
2281 1776 2341 1813 ea
2404 1769 2610 1813 mature
2666 1767 2910 1828 tempore
2974 1769 3188 1830 captato
3247 1762 3553 1819 disturbare

303 1857 362 1900 ac
394 1850 645 1919 disjicere
683 1854 934 1918 pergebat
972 1853 1300 1920 iltlpt'l‘alnl‘;
1338 1853 1573 1904 rationes
1604 1852 1720 1915 ejus
1775 1866 1962 1906 omnes
2022 1853 2159 1903 haud
2240 1849 2447 1904 modice
2538 1851 2892 1904 conturbatis.
2952 1851 3118 1918 Hujus
3181 1853 3395 1921 generis
3451 1856 3554 1910 hoc

303 1945 604 2009 exeinplum
638 1944 729 1996 sit.
764 1944 906 1996 Satis
961 1960 1017 1995 se
1072 1945 1346 1996 admotum
1397 1944 1705 2012 imperatori
1756 1943 2082 1998 Baimuudus
2110 1943 2336 1997 credidit
2395 1943 2456 1995 ad
2536 1943 2947 1996 domesticatum
3016 1943 3251 1999 Orientis
3317 1947 3420 2000 sibi
3484 1951 3553 2003 ab

307 2039 367 2084 eo
395 2045 550 2102 pelcn
580 2035 706 2086 bnn.
768 2033 946 2087 Sensit
1001 2035 1269 2103 Augustus
1333 2050 1437 2102 quo
1469 2050 1553 2088 res
1587 2037 1870 2098 tenderet,
1908 2052 1969 2090 ac
2017 2035 2173 2088 facile
2236 2035 2366 2087 vidit
2421 2036 2580 2087 istum
2620 2037 2988 2102 magistratum
3065 2038 3378 2092 occasiones
3442 2043 3540 2094 ob.

307 2130 534 2182 latin-nm
596 2127 897 2180 Baimundo
929 2128 1185 2196 plurimas
1213 2128 1524 2183 demerendi
1579 2130 1678 2184 sibi
1736 2129 1959 2183 Latinos
1994 2129 2244 2191 comites,
2317 2138 2372 2182 et
2454 2127 2518 2179 ad
2578 2127 2833 2196 quidquid
2884 2128 3043 2182 vellet
3127 2131 3336 2200 sibique
3421 2134 3554 2188 utile

318 2235 550 2292 putaret.
621 2222 780 2291 305
849 2224 912 2274 ad
973 2232 1274 2276 extremum
1325 2223 1621 2278 obstrictos
1693 2223 2268 2290 impcllendi;idcirco
2292 2230 2464 2274 artem
2521 2218 2815 2288 (,lreticmn,
2865 2226 3008 2289 quod
3058 2223 3320 2293 Adagium
3367 2227 3552 2286 habet,

309 2321 576 2368 adversus
605 2316 919 2367 Cretensem
955 2315 1346 2381 experiundam
1367 2325 1542 2378 ratus,
1574 2316 1888 2384 plausibiles
1911 2315 2159 2383 qua:sivit
2185 2312 2413 2382 negandi
2442 2328 2672 2380 causas;
2705 2312 2912 2366 lactans
2972 2313 3184 2366 interim
3247 2315 3546 2373 inhiantem

307 2404 746 2475 ιιῳιιερυιιιιριις,
771 2422 840 2459 ne
865 2406 908 2458 is
928 2408 1132 2459 sentire
1154 2424 1210 2459 se
1233 2410 1630 2478 deprehensum
1657 2418 1871 2478 posset:
1907 2407 2179 2470 Nondum,
2208 2406 2481 2473 inquiens,
2515 2404 2829 2469 Baimunde,
2856 2414 3055 2469 tempus
3110 2417 3184 2459 est
3223 2408 3336 2471 ejus
3392 2427 3552 2478 quam

304 2501 431 2551 dicis
459 2499 554 2553 rei.
587 2499 700 2552 Erit
730 2515 846 2551 cum
882 2509 972 2550 tua
1005 2513 1276 2568 perspecta
1305 2502 1454 2555 rebus
1488 2503 1616 2570 ﬁdes
1645 2510 1694 2554 et
1740 2504 1905 2554 virtus
1941 2501 2319 2570 confessionem
2373 2503 2652 2570 evprimcnt
2707 2499 2948 2553 erunibus
3002 2515 3113 2553 esse
3163 2509 3210 2552 te
3277 2500 3394 2556 loco
3457 2506 3553 2574 illo

306 2593 464 2644 multo
496 2593 861 2661 dignissimmn
891 2609 907 2644 :
936 2594 1144 2659 quando
1189 2611 1357 2648 meum
1382 2597 1647 2666 judicium
1691 2598 2062 2648 corroborante
2113 2594 2261 2663 fama
2321 2591 2553 2663 publica,
2621 2592 2786 2644 multo
2865 2593 3063 2645 scilicet
3135 2594 3230 2646 tibi
3316 2595 3548 2663 amplius

305 2685 565 2754 tutiusque
595 2684 754 2751 fuerit
792 2702 906 2736 rore
935 2686 1198 2737 communi
1227 2689 1457 2740 omnium
1487 2689 1686 2755 e/Ierri,
1717 2703 1874 2756 quam
1902 2702 2040 2739 nunc
2073 2685 2249 2755 favore
2276 2684 2530 2752 principis
2559 2683 2750 2751 exponi
2775 2682 2844 2735 ad
2869 2683 3141 2737 invidiam.

380 2778 689 2845 Ὀμιλήσας
735 2777 914 2830 τοίνυν
953 2782 1134 2842 αὐτοῖς
1171 2784 1264 2834 και
1313 2783 1598 2836 παντοίαις
1640 2783 1874 2853 δωρεαῖς

2054 2780 2165 2833 Sub
2194 2781 2308 2834 haec
2338 2781 2612 2849 Augustus
2641 2778 2796 2832 donis.
2827 2779 3228 2848 lienoribnsque
3262 2783 3439 2836 omnis
3466 2799 3556 2848 ge.

307 2870 396 2920 καὶ
425 2873 610 2936 τιμαῖς
648 2869 1209 2939 φιλοφρονητάμενος,
1248 2877 1312 2945 τῇ
1357 2875 1476 2945 μετ’
1510 2875 1680 2946 αὐτὴν
1717 2877 1880 2937 αὐτὸς

307 2963 394 3012 ἐπὶ
423 2962 516 3014 τοῦ
549 2961 832 3032 βασιλικοῦ
876 2964 918 2994 ⁷⁵
960 2965 1204 3030 καθῆστο
1234 2966 1450 3036 Θρόνου.
1499 2969 1882 3038 Μεταπεμψά-

309 3071 468 3122 μενος
502 3055 557 3106 δὲ
592 3055 754 3107 αὐτόν
777 3072 835 3106 τε
874 3055 966 3106 τὸν
1000 3058 1338 3125 Βαῖμοῦντον
1399 3061 1493 3112 καὶ
1537 3063 1662 3122 τοὺς
1705 3061 1880 3130 κόμη·

310 3164 405 3209 τας
436 3149 681 3210 ἆπλντας
717 3149 845 3216 περὶ
895 3149 1003 3200 τῶν
1051 3153 1193 3202 κατὰ
1238 3153 1336 3221 τὴν
1371 3152 1487 3204 ὁδὸν
1518 3153 1700 3215 αὐτοῖς
1735 3169 1879 3223 συμ-

305 3240 627 3308 ϐησομένων
657 3239 887 3307 ὡμίλει,
920 3242 1310 3311 βουλευόμενος
1353 3245 1394 3275 ²⁶
1433 3246 1497 3296 τά
1539 3245 1882 3313 συμφέροντα

305 3334 689 3387 ἀναδιδάσκειν
715 3335 831 3402 ἅμα
858 3335 951 3386 καὶ
983 3330 1072 3396 αἷς
1115 3335 1373 3387 εἰώθασιν
1409 3337 1458 3387 οἱ
1496 3335 1729 3404 Ὶόῦρκοι
1750 3339 1883 3406 χρή-

309 3424 509 3476 σςισθαι
547 3423 861 3492 μεθοδείαις
895 3425 954 3475 ἐν
985 3428 1106 3485 ταῖς
1148 3427 1372 3493 μάχαις,
1408 3427 1500 3476 καὶ
1559 3425 1884 3494 ὑποτώέμε-

305 3533 394 3576 νος
421 3517 572 3574 ὅπως
611 3530 671 3566 τε
706 3515 1161 3582 παρατάττεσθαι
1212 3515 1340 3583 χρὴ,
1387 3518 1478 3566 καὶ
1511 3516 1701 3584 λόχους
1750 3517 1881 3568 καο-

313 3606 488 3674 zzz-sfw.
523 3607 619 3656 καὶ
653 3605 726 3671 μὴ
761 3605 854 3656 ἐπὶ
898 3604 1032 3656 πολὺ
1071 3605 1286 3656 διώκειν
1324 3605 1557 3672 ὁπηνίκα
1597 3607 1805 3670 τούτοις
1832 3609 1880 3660 οἱ

305 3693 541 3760 Τοῦρκοι
576 3695 641 3746 τά
670 3693 815 3746 νῶτα.
840 3695 1068 3746 διδίαςι.
1109 3697 1216 3746 Καὶ
1251 3694 1426 3758 οὕτως
1460 3697 1547 3748 διά
1575 3715 1629 3749 τε
1655 3701 1877 3767 χρημά-

303 3803 434 3847 των,
465 3787 553 3838 διά
582 3804 639 3838 τε
675 3788 848 3848 λόγων
893 3787 1288 3854 tea-rapa.leth
1343 3789 1522 3840 αὐτῶν
1560 3791 1618 3842 τὸ
1665 3792 1878 3860 ἄγριον,

307 3879 401 3929 καὶ
441 3877 507 3928 τὰ
553 3881 871 3930 συνοῖσοντοι
915 3879 1273 3944 ὑποθέμενος.
1332 3882 1429 3950 τὴν
1487 3883 1880 3953 διαπεράίωσιν

311 3970 721 4038 προύτρέψάτο.
761 3970 864 4022 Τὸν
896 3971 952 4022 δέ
985 3987 1046 4038 γε
1083 3972 1365 4040 Erasini)
1393 3973 1503 4042 (75)
1531 3973 1725 4041 ἠγάπα
1771 3975 1884 4027 δια-

1982 2878 2129 2933 neris
2193 2875 2434 2931 delinitis
2485 2874 2672 2937 Gallis,
2729 2871 2944 2927 tandem
2992 2889 3086 2928 eos
3128 2876 3423 2930 discessum
3465 2893 3554 2928 ur-

1980 2980 2168 3040 gentes
2198 2968 2531 3022 allocuturus
2562 2967 2808 3020 ultimum
2843 2966 3194 3036 imperatorio
3239 2967 3377 3021 solio
3420 2983 3553 3022 con-

1981 3062 2138 3115 sedit.
2173 3058 2492 3127 Vocatisque
2529 3057 2829 3110 Baimundo
2886 3071 2948 3110 ac
2996 3057 3285 3112 comitibus
3340 3061 3551 3115 cunctis

1983 3152 2148 3206 multa
2181 3150 2439 3206 disseruit
2464 3151 2527 3203 de
2559 3149 2718 3202 rebus
2752 3149 2880 3216 ipsis
2937 3164 3030 3216 per
3064 3151 3202 3201 viam
3237 3153 3550 3215 eventui-is;

1982 3243 2142 3299 simul
2191 3243 2258 3296 de
2292 3252 2404 3295 toto
2431 3256 2628 3310 genere
2659 3256 2721 3295 ac
2777 3241 2985 3293 ratione
3029 3239 3153 3294 belli
3204 3239 3441 3308 Turcici,
3487 3243 3554 3298 de

1984 3333 2228 3386 moribus
2280 3341 2440 3399 atque
2483 3331 2690 3383 artibus
2722 3330 2896 3399 gentis
2935 3332 3294 3401 universaque
3328 3348 3556 3390 consuc-

1984 3427 2168 3478 tudine
2205 3438 2552 3493 pugnarum;
2602 3423 2838 3492 quidque
2867 3422 3082 3476 illormn
3134 3425 3554 3480 machinationi-

1982 3518 2078 3572 bus
2119 3534 2180 3572 ac
2219 3519 2374 3579 dolis,
2409 3505 2680 3586 opponere
2705 3516 2976 3569 cautionis
3000 3516 3275 3585 expediat,
3307 3527 3364 3570 ut
3387 3519 3558 3586 expli-

1982 3621 2108 3663 care
2167 3616 2356 3661 contra
2412 3607 2531 3660 illus
2581 3607 2774 3670 aciem,
2832 3614 2887 3659 ut
2945 3606 3171 3660 insidias
3225 3608 3364 3674 aptis
3423 3609 3556 3662 locis

1986 3711 2220 3776 struere,
2260 3712 2316 3753 ιιι
2349 3715 2450 3754 non
2481 3699 2648 3752 eﬂ'use
2692 3699 2943 3767 persequi
2981 3708 3128 3765 terga
3171 3699 3235 3752 de
3290 3699 3556 3753 industria

1989 3793 2311 3860 praebentes,
2342 3801 2643 3860 caeli-raque
2675 3792 2743 3844 de
2774 3804 2970 3858 genere
3011 3791 3115 3845 hoc
3168 3793 3417 3860 pta-senti
3455 3795 3558 3847 sibi

1989 3884 2323 3952 experientia
2379 3893 2676 3949 comperta,
2736 3882 2862 3936 dum
2905 3883 3042 3936 bella
3087 3899 3207 3936 cum
3256 3894 3411 3951 gente
3460 3885 3558 3938 ista

1993 3977 2397 4044 variagereret,
2435 3974 2853 4028 faiiiiliarissime
2874 3977 2938 4027 ad
2965 3977 3113 4044 ipsos
3142 3976 3561 4031 humanissime-

1386 4064 1584 4124 Variae
1615 4064 1921 4128 lectiones
1952 4085 2028 4128 ex
2054 4067 2190 4128 eod.
2229 4066 2483 4127 Coislin.

380 4169 428 4199 "'
460 4165 775 4236 βασιλικοῦ.
852 4166 895 4196 ’⁷⁸
926 4163 1266 4233 βουλόμενος,

1387 4256 1526 4318 Car.
1565 4259 1894 4320 Dufresnii
1927 4265 2020 4323 Du
2057 4263 2278 4341 Cangii
2314 4271 2498 4325 notae.

385 4355 877 4432 (Ἱῦδ-ῨΣαγξέᾸην.
940 4355 1184 4432 Sapgele‘s
1243 4356 1555 4432 interpreti,
1607 4369 1661 4411 et
1717 4357 1890 4432 Tullio
1923 4365 1968 4422 Β
2003 4358 2318 4415 Heracleam
2344 4379 2484 4424 esse,
2515 4363 2581 4416 de
2616 4381 2718 4432 qua
2759 4365 2984 4429 Plinius,
3015 4365 3233 4431 quidam
3270 4362 3561 4416 Viridoma-

311 4425 456 4494 apud
491 4430 858 4488 Cinnamnm;
897 4429 1098 4478 rectius
1133 4426 1315 4479 Sancti
1345 4425 1767 4493 Aigidiicpmes,
1791 4430 1893 4484 huc

310 4504 459 4550 enim
487 4498 776 4559 vocabulo,
810 4507 864 4546 ut
890 4505 943 4547 et
973 4495 1288 4550 Cinnamus.
1322 4502 1588 4562 evpressit
1628 4499 1893 4553 Gallii-um

307 4567 666 4621 Sairit-Gilles
692 4607 706 4628 ,
747 4580 848 4636 seu
877 4567 922 4618 le
952 4572 1204 4636 comtede
1240 4563 1590 4636 sirint-pillea
1610 4608 1623 4632 ,
1650 4587 1752 4636 qua
1783 4581 1894 4621 tum

309 4640 681 4704 appellatione
716 4635 981 4704 gaudebat
1033 4634 1365 4688 liaimuudus
1416 4635 1621 4689 Tolosm
1670 4634 1726 4692 et
1761 4637 1894 4693 Pro-

312 4702 506 4761 vincia:
537 4702 743 4759 corites'.
779 4702 1084 4758 Willelmus
1119 4704 1282 4768 Brito,
1323 4704 1416 4757 lib.
1445 4720 1502 4758 ιιι
1542 4707 1770 4776 Philipp.
1804 4727 1821 4763 :

388 4822 493 4886 Qui
522 4818 707 4874 Sancti
737 4835 908 4872 comes
934 4817 1165 4888 JEgidii,
1196 4820 1498 4890 Totamque
1527 4832 1764 4878 vocatur.

310 4915 408 4968 Est
442 4925 624 4967 autem
659 4914 951 4966 comitatus
1009 4911 1066 4965 S.
1113 4911 1312 4980 Egidii
1367 4913 1734 4980 Septimaniae,
1800 4930 1894 4970 seu

308 4985 634 5044 Ueeilanite,
669 4984 823 5043 urbs,
858 4984 920 5033 ad
957 4980 1273 5035 Rhodanum
1300 5025 1314 5044 ,
1348 4985 1408 5037 S.
1443 4982 1642 5052 :Egidii
1680 4986 1894 5039 abbatia

310 5056 567 5122 insignis,
617 5069 646 5103 ιι
686 5065 794 5118 qua
825 5053 1054 5118 sumpsit
1101 5053 1538 5119 appellationem,
1573 5071 1734 5121 quam
1769 5071 1892 5107 cum

309 5127 364 5175 in
407 5123 749 5176 limreditatis
798 5132 1001 5173 sm-tem
1037 5123 1357 5176 obtinuisset
1406 5122 1763 5186 Raimundus,
1805 5141 1896 5176 su-

306 5195 544 5261 perstite
577 5193 758 5244 adhuc
801 5192 990 5263 fratre,
1022 5205 1201 5245 comes
1255 5194 1377 5244 inde
1432 5192 1894 5263 Sauctzegidianus

307 5273 586 5317 vocitatus
621 5272 728 5324 est,
763 5261 928 5313 etiam
966 5269 1088 5328 post
1132 5263 1382 5329 adeptum
1421 5261 1747 5316 Tolosanum
1801 5277 1896 5316 co-

309 5334 590 5386 mitatum.
628 5330 768 5384 Vide
799 5331 1088 5393 Catellum,
1143 5331 1234 5382 lib.
1271 5346 1286 5383 ι
1336 5330 1478 5384 Hist.
1514 5331 1629 5385 Τοι.
1674 5349 1795 5400 cap.
1825 5333 1890 5397 3;

303 5414 361 5455 et
403 5405 496 5455 lib.
533 5417 570 5454 ιι
597 5442 611 5465 ,
648 5415 773 5468 Cap.
809 5403 858 5453 1.
915 5400 1176 5465 Oppidum
1215 5411 1582 5467 pervetuslum
1630 5418 1787 5463 esse,
1839 5413 1894 5455 et

299 5484 488 5528 stante
522 5471 779 5525 Romano
811 5474 860 5521 in
891 5469 1078 5523 Galliis
1127 5471 1349 5537 imperio
1395 5483 1581 5524 notum
1643 5474 1694 5524 in
1759 5487 1888 5524 con-

296 5546 452 5597 fesso
492 5552 582 5595 est
610 5538 757 5608 apud
793 5554 1004 5600 mnnes.
1066 5550 1116 5591 et
1172 5556 1234 5591 ex
1289 5540 1592 5602 ruderibus,
1648 5553 1699 5593 et
1755 5540 1891 5593 anti-

291 5630 538 5684 quorum
573 5609 932 5684 artiﬁciorum
965 5611 1243 5677 parietinis
1268 5609 1794 5684 abumleﬂeolligitur.
1824 5611 1894 5662 At

2000 4449 2120 4498 gum
2181 4432 2486 4498 l’tolemaﬁ;
2554 4431 2816 4498 Catellus,
2875 4435 2970 4489 lib.
3035 4451 3090 4488 ιιι
3147 4433 3338 4486 Rerum
3389 4431 3557 4488 Occit.

2002 4499 2233 4573 Rhodam
2266 4512 2436 4567 putat,
2467 4502 2620 4568 cujus
2643 4506 2844 4557 mentio
2869 4504 3008 4573 apud
3038 4507 3282 4558 eunnlem
3306 4503 3558 4567 I’linium,

1998 4585 2093 4640 seu
2148 4569 2565 4635 Rliodannsiam,
2635 4569 3296 4631 Marciani'l-leracleotze.
3365 4592 3390 4625 a
3453 4591 3557 4640 qui

1997 4637 2293 4694 Rhodanus
2324 4643 2500 4696 dictus
2535 4643 2746 4696 ﬂuvius.
2803 4644 2998 4698 Verum
3031 4647 3072 4697 si
3105 4661 3224 4698 cum
3275 4647 3397 4699 aliis
3437 4637 3563 4696 licet

2000 4711 2278 4782 hariolari,
2307 4715 2609 4765 censuerim
2647 4714 2826 4781 potius
2877 4727 3028 4768 vetus
3059 4715 3357 4782 :Egidiaum
3411 4718 3560 4766 urlns

1999 4778 2486 4854 nomeu_Urgcnum
2537 4778 2724 4846 fuisse,
2778 4785 2854 4854 vel
2887 4778 3202 4854 Urgernunr,
3256 4793 3310 4836 ut
3361 4786 3562 4836 habent

2000 4865 2132 4904 mss.
2177 4851 2458 4903 Strabonis
2490 4855 2721 4917 eodiCes,
2780 4851 3034 4906 Sidonius
3081 4856 3133 4906 in
3165 4853 3364 4920 Paneg.
3403 4855 3560 4903 Avito

1998 4920 2183 4989 dicto,
2253 4920 2398 4984 iuxta
2463 4922 2732 4975 Sirmondi
2795 4924 3201 4989 conjecturam,
3256 4921 3560 4989 C3pt'ianus

2000 4987 2221 5041 Diacon.
2257 4991 2308 5040 in
2343 4991 2460 5041 Vita
2495 4989 2550 5043 S.
2577 4992 2796 5044 Csrsarii
2821 4987 3059 5054 Arelat.;
3091 4987 3316 5056 (ἐι-θεοιή
3351 4987 3554 5056 Turon.

2001 5057 2092 5126 lib.
2131 5074 2226 5111 vin
2271 5058 2415 5111 Hist.
2450 5075 2568 5126 cap.
2599 5062 2700 5124 5-0;
2752 5062 2844 5115 lib.
2876 5077 2959 5120 Ix,
3005 5073 3124 5125 cap.
3161 5055 3219 5121 7;
3253 5069 3304 5110 et
3340 5055 3559 5126 Tabula:

1997 5123 2306 5194 Pculigeri;
2357 5130 2435 5180 vel
2483 5123 2733 5196 denique,
2781 5141 2837 5180 ut
2884 5139 3022 5179 uola:
3056 5123 3306 5196 'i'yrouis,
3353 5124 3559 5196 Uggcr-

1997 5210 2142 5247 num.
2163 5193 2526 5249 Divinationis
2557 5193 2688 5250 mea:
2726 5197 2918 5250 fundus
2948 5209 3030 5249 est
3061 5193 3404 5257 Benjaminus
3449 5193 3558 5245 Tn-

1997 5264 2234 5315 delettsis
2265 5268 2314 5315 in
2347 5263 2537 5319 Itiner.
2573 5268 2660 5318 ubi
2692 5268 2943 5332 oppidum
2973 5266 3032 5320 ὃ.
3067 5262 3263 5331 [Egidii
3289 5263 3555 5330 Nogherea

1999 5343 2174 5396 vocat,
2203 5348 2295 5383 seu
2331 5344 2387 5384 ut
2431 5335 2594 5386 habet
2639 5334 2802 5387 editio
2832 5333 3169 5386 Constantini
3198 5332 3551 5397 t'lfmperenr,

1999 5399 2519 5470 Nogrestvocabulo
2569 5404 2706 5455 haud
2757 5408 2983 5455 multum
3027 5405 3092 5456 ab
3131 5401 3344 5470 Ugerno
3395 5404 3551 5453 ablu-

1998 5473 2186 5524 deutc:
2210 5469 2500 5540 Noghercs,
2522 5472 2716 5537 inquit,
2744 5472 2991 5540 oppidum
3019 5469 3217 5524 dir-unt
3236 5471 3294 5524 S.
3323 5470 3553 5541 Λῖθὶίιξί,

1998 5557 2106 5607 quo
2159 5541 2296 5603 loco,
2353 5542 2396 5591 si
2459 5542 2702 5595 criticatu
2765 5544 2926 5595 liceat
2988 5558 3202 5594 nianum
3263 5557 3554 5608 apponere,

2000 5611 2226 5680 Uglwres
2259 5610 2434 5678 potius
2465 5612 2830 5680 reportendum
2869 5613 3187 5674 putaverint.
3234 5613 3365 5663 llutc
3391 5627 3552 5676 porro

287 5677 408 5755 quo
439 5684 675 5738 nomine
707 5679 836 5759 olim
853 5717 882 5770 ,ε
908 5688 956 5759 et
991 5690 1116 5732 ante
1149 5691 1418 5770 receptam
1467 5680 1520 5733 S.
1552 5677 1757 5762 {Egidii
1793 5696 1890 5733 uo-
1918 5715 1958 5770 Ο
1996 5677 2339 5770 fonjcctura;
2381 5677 2567 5770 favent
2593 5677 2814 5770 Tabulie
2852 5681 3301 5770 [I’putingeriantm
3343 5696 3463 5747 quae
3503 5681 3553 5728 in

284 5749 738 5811 limuelatumnt,
776 5749 1170 5816 indigitaretur,
1193 5751 1491 5816 ambigunt.
1534 5767 1630 5802 nec
1655 5753 1884 5803 invicem

279 5825 668 5884 corrsentiuut
688 5819 1000 5886 scriptorcs.
1024 5821 1220 5873 l’oldus
1245 5822 1294 5873 in
1316 5822 1438 5871 Ant.
1463 5819 1618 5874 Nam.
1653 5818 1884 5875 credidit

1995 5753 2191 5804 Itinere
2241 5768 2268 5802 a
2299 5748 2494 5804 Tolosa
2540 5753 2812 5804 Arelatem
2860 5749 3156 5818 Ugliernuan
3190 5761 3466 5811 s-attinnt,
3523 5762 3554 5797 a

1994 5821 2260 5877 Ncmauso
2295 5830 2441 5889 octo,
2475 5822 2540 5878 ab
2573 5821 2792 5878 Arelate
2837 5838 2927 5877 sex
2964 5823 3280 5876 militaribus
3313 5820 3552 5884 disputa.
