4040 6280
315 358 416 424 781

1585 354 2001 414 ALEXlADlS
2046 355 2190 413 LIB.
2237 355 2311 414 X.

3447 351 3555 414 78?.

315 473 571 540 Suspicio.
608 475 781 543 Atque
812 482 868 527 ιιι
901 473 1033 526 nihil
1084 473 1316 526 divinent
1352 475 1414 526 de
1441 473 1701 526 simulata'
1733 473 2086 525 recusationis
2119 473 2318 534 causis,
2383 470 2725 539 aceeptandaa
2797 469 3008 537 quidem
3074 469 3314 536 pecunia:
3377 472 3559 521 ccasi-

312 563 436 616 lium
475 565 703 619 ambitio
734 565 980 619 dictavit.
1023 563 1246 616 Videbat
1288 565 1447 615 homo
1498 575 1677 616 vastus
1712 564 1875 615 animi
1909 564 2132 631 Speiqne
2162 563 2479 615 immodicus
2556 577 2612 614 se
2661 562 2976 614 innutritum
3035 560 3345 629 cogitationi
3405 565 3552 628 regni

311 669 597 724 postquam
634 657 847 710 vivente
881 665 1031 724 patre
1057 671 1280 724 magnos
1309 658 1582 708 exercitus
1619 655 1956 716 ductaverat,
2020 669 2244 721 magnas
2307 669 2393 707 res
2442 662 2701 723 gesserat,
2761 663 2813 704 et
2877 653 2940 704 ad
2981 663 3284 705 extremum
3319 666 3382 704 eo
3436 653 3559 705 red-

309 756 484 801 actum
535 757 595 802 ιιι
649 749 822 815 patria
873 748 1044 801 exiret
1092 762 1315 814 prorsus
1373 747 1626 807 extorris,
1675 748 1872 814 quippe
1903 746 1994 814 qui
2026 761 2123 798 nec
2151 754 2348 799 terram
2375 761 2470 799 nec
2500 744 2686 798 urbem
2715 745 2933 798 haberet
2986 743 3147 796 ullam
3213 757 3330 812 «pne
3380 742 3554 812 ipsum

310 836 586 888 dominum
625 845 714 888 aut
745 838 1040 906 principem
1098 846 1438 906 agnosceret.
1483 835 1624 904 Ergo
1685 836 1958 903 religionis
1989 835 2077 888 ille
2104 836 2318 904 quidem
2373 848 2428 890 et
2460 835 2768 890 vindicandi
2835 835 3098 889 Dominici
3150 835 3380 904 sepulcri
3449 836 3558 886 lar‘

308 942 424 979 vam
477 926 760 994 tupiditati
814 927 1157 995 superposuit

1199 945 1212 982 :
1252 937 1505 980 etcterutn
1565 943 1659 996 per
1711 928 1869 980 isaam
1903 929 2242 984 occasionem
2276 930 2419 982 omni
2489 931 2644 981 modo
2682 931 2996 980 decreverat
3041 927 3398 995 principatum
3451 926 3554 980 sibi

308 1019 537 1087 aliquem
573 1019 767 1072 alicubi
803 1036 1027 1088 parare:
1056 1034 1155 1073 nec
1174 1018 1538 1082 dubitaturns,
1591 1018 1633 1071 si
1663 1019 1898 1071 secunda
1922 1021 2154 1085 spiraret
2196 1035 2326 1073 aura
2380 1019 2642 1085 fortunae,
2701 1019 3006 1073 Romanum
3080 1021 3252 1089 ipsmu
3321 1021 3558 1087 cngitare

309 1111 500 1163 solium
553 1122 607 1163 ct
651 1111 840 1165 Alexio
873 1120 1092 1166 extruso
1148 1126 1207 1165 se
1257 1111 1636 1179 imperatorem
1709 1110 1909 1165 facere.
1979 1109 2264 1166 "ull'cbillll.
2351 1114 2473 1167 imis
2551 1114 2803 1167 sensibus
2890 1111 3062 1180 patris
3137 1112 3340 1166 monita
3415 1113 3554 1168 bello

306 1203 550 1256 Alexium
607 1206 857 1272 persequi
913 1205 1174 1274 iubentis,
1215 1204 1268 1257 in
1313 1218 1379 1258 eo
1406 1219 1526 1259 esse
1576 1219 1639 1258 ac
1703 1205 1926 1270 morari,
1983 1221 2081 1259 nec
2116 1207 2216 1260 nisi
2272 1209 2425 1275 plena
2490 1217 2697 1275 patrata
2747 1209 2972 1260 victoria
3037 1208 3297 1262 desistere
3347 1225 3358 1262 :

307 1295 446 1345 enim
493 1309 649 1357 rem,
699 1295 823 1347 inde
893 1309 1081 1362 spem,
1142 1294 1268 1348 inde
1316 1294 1437 1348 vita:
1503 1311 1566 1350 ac
1650 1296 1919 1349 rationum
1991 1306 2189 1349 statum
2261 1297 2497 1364 amplum
2565 1305 2620 1350 et
2690 1298 3025 1350 commodum
3104 1298 3347 1351 ostendi.

3433 1209 3558 1264 inde

3425 1298 3558 1353 Por-

310 1403 365 1438 ro
400 1388 543 1440 istuc
568 1389 826 1456 aSpiranti
853 1404 1162 1453 magnarum
1188 1405 1348 1456 opum
1377 1399 1494 1443 erat
1523 1391 1888 1444 necessarium
1919 1391 2173 1444 viaticum
2209 1409 2221 1444 :
2254 1401 2306 1444 et
2341 1405 2576 1454 onmem.
2605 1458 2611 1468 η
2642 1390 2783 1459 quod
2834 1391 3007 1451 aiunt,
3057 1401 3267 1443 moturo
3332 1389 3510 1444 funem
3539 1420 3553 1441 ι

324 1483 386 1534 ad
425 1492 630 1535 tantam
663 1483 762 1537 sibi
795 1484 1027 1553 prredam
1068 1484 1443 1537 attrahendum
1469 1524 1483 1549 ,
1537 1485 1715 1539 nervis
1739 1485 1989 1538 nimirum
2021 1499 2155 1554 opus
2188 1493 2303 1538 erat
2357 1484 2479 1537 belli
2528 1483 2752 1538 divitiis.
2810 1484 2973 1553 Igitur
3003 1484 3156 1537 istius
3233 1485 3284 1537 in
3353 1495 3556 1552 partem

315 1584 558 1641 sumptus
589 1576 728 1628 dona
766 1574 1109 1643 imperatoris
1142 1574 1471 1630 Baimundus
1501 1577 1755 1640 admisit;
1807 1576 1937 1630 satis
1961 1576 2072 1642 jam
2108 1576 2376 1630 sentiente
2410 1575 2652 1644 Angusto
2685 1576 2800 1644 ipso
2853 1592 2958 1642 quo
3019 1577 3183 1631 asmti
3244 1576 3379 1630 Galli
3426 1595 3557 1632 ron-

311 1666 425 1720 silia
490 1676 842 1735 spectarent;
904 1666 1155 1735 quocirca
1225 1667 1269 1718 is
1322 1665 1433 1734 jam
1492 1678 1602 1719 tum
1665 1667 1900 1720 incidere
1960 1666 2258 1719 clanculum
2307 1665 2513 1733 occepit
2592 1679 2714 1718 orsa
2771 1666 2952 1718 omnia
3006 1666 3136 1718 vafri
3190 1668 3458 1732 hominis.
3505 1681 3557 1723 et

307 1758 561 1827 q-tidquid
594 1757 679 1810 ille
702 1759 767 1811 ad
807 1773 930 1810 snas
962 1757 1270 1810 ambitiosas
1304 1773 1425 1824 spes
1456 1772 1518 1810 ex
1549 1758 1706 1825 longo
1733 1758 1932 1811 directa
1971 1759 2240 1822 nectebat,
2286 1772 2347 1810 ea
2410 1766 2617 1809 mature
2672 1764 2917 1824 tempore
2980 1766 3194 1826 captato
3253 1759 3559 1816 disturbare

308 1855 368 1897 ac
401 1847 651 1916 disjicere
688 1851 940 1915 pergebat
978 1850 1306 1917 llilpt’l'.ll-Il‘;
1345 1850 1579 1901 rationes
1610 1849 1726 1913 ejus
1781 1863 1886 1900 omt

2028 1849 2165 1900 haud
2246 1847 2453 1901 modice

2545 1848 2898 1901 conturbatis.
2957 1847 3124 1915 llnjus
3187 1850 3401 1918 generis
3457 1853 3560 1906 hoe

308 1943 610 2006 exetnplnm
645 1941 734 1993 sit.
770 1941 912 1993 Satis
967 1957 1023 1992 se
1078 1942 1352 1993 admotum
1403 1941 1711 2008 imperatori
1762 1939 2088 1994 Baimuntltts
2116 1940 2342 1994 credidit
2400 1940 2462 1992 ad
2542 1939 2953 1992 domesticatum
3023 1939 3258 1995 Orientis
3324 1944 3426 1997 sibi
3490 1945 3559 2000 ab

312 2036 373 2081 eo
402 2043 556 2099 pelctt
586 2032 712 2083 lunt.
774 2031 952 2084 Sensit
1006 2033 1275 2100 Augustus
1339 2047 1443 2100 quo
1475 2048 1559 2086 res
1593 2035 1833 2086 tenderet
1862 2075 1876 2096 .
1914 2049 1975 2087 ac
2023 2032 2179 2085 facile
2242 2031 2371 2084 vidit
2427 2032 2586 2084 istum
2625 2033 2995 2099 magistratum
3071 2034 3384 2089 occasiones
3448 2041 3546 2090 ob.

312 2128 540 2180 laturum
601 2125 902 2178 Baintundo
935 2125 1192 2194 plurimas
1219 2125 1530 2180 demerendi
1585 2127 1684 2180 sibi
1741 2126 1965 2180 Latinos
2000 2126 2250 2188 comites,
2323 2135 2378 2179 et
2459 2124 2524 2176 ad
2584 2124 2839 2192 quidquid
2891 2125 3050 2179 vellet
3134 2128 3342 2198 sibique
3428 2131 3560 2186 utile

323 2233 556 2290 putaret,
627 2219 785 2289 305
855 2221 919 2272 ad
979 2229 1280 2273 extremum
1331 2221 1627 2275 obstrictos
1699 2220 2273 2287 itnpellendi;idcirco
2298 2228 2470 2271 artem
2527 2216 2822 2284 (,JretiCam,
2871 2223 3015 2286 quod
3064 2221 3326 2290 Adagium
3373 2223 3558 2282 habet.

315 2320 581 2365 adversus
611 2314 925 2364 Cretensem
961 2313 1352 2379 experiundam
1373 2323 1548 2376 ratus,
1579 2313 1895 2382 plansibiles
1917 2312 2165 2380 quzesivit
2191 2310 2419 2380 negandi
2448 2325 2678 2377 causas;
2713 2309 2919 2362 lactans
2978 2309 3191 2363 interitu
3253 2312 3552 2369 inhiantem

313 2403 752 2473 :It:.StiSpClIdCl|S,
775 2419 846 2456 ne
871 2404 914 2455 is
934 2407 1138 2457 sentire
1161 2421 1216 2457 se
1239 2407 1636 2474 deprehensum
1663 2416 1877 2475 posset:
1914 2404 2185 2467 Nondum.
2214 2404 2487 2470 inquiens.
2521 2402 2835 2465 Baimunde,
2862 2410 3061 2466 tempus
3116 2414 3190 2456 est
3229 2404 3342 2467 ejus
3399 2423 3558 2475 quam

310 2497 437 2549 dicis
464 2497 559 2551 rei.
593 2496 706 2550 Erit
736 2512 852 2548 cum
888 2506 978 2547 tua
1011 2510 1282 2565 perspecta
1311 2499 1460 2552 rebus
1494 2500 1622 2567 ﬁdes
1651 2508 1700 2553 et
1746 2501 1911 2552 uirtus
1948 2498 2325 2567 confessionem
2380 2500 2658 2567 evpn‘mcnt
2713 2496 2954 2550 omnibus
3009 2511 3119 2549 esse
3169 2505 3216 2548 te
3283 2496 3400 2552 loco
3462 2502 3559 2557 illo

312 2591 469 2643 multo
501 2591 868 2659 dignissimum
896 2606 913 2642 :
943 2592 1150 2656 quando
1194 2608 1364 2645 meum
1387 2593 1653 2662 judicium
1697 2595 2068 2645 corroborante
2119 2591 2267 2660 fama
2327 2589 2559 2659 publica,
2628 2589 2792 2640 multo
2871 2589 3070 2642 scilicet
3141 2590 3236 2642 tibi

3323 2591 3554 2659 amplius

310 2683 570 2752 tutiusque
601 2682 761 2749 fuerit
799 2699 912 2733 rore
941 2683 1204 2735 communi
1233 2686 1463 2738 omnium
1493 2686 1692 2753 e/Ierri.
1724 2701 1880 2753 quam
1908 2699 2046 2736 nunc
2079 2682 2255 2751 favore
2283 2681 2536 2749 principis
2566 2681 2755 2748 exponi
2781 2679 2850 2732 ad
2875 2680 3147 2733 invidiam.

384 2775 695 2842 ’ομιλήσας
741 2775 920 2827 τοίνυν
959 2779 1140 2839 αὐτοῖς
1177 2781 1270 2831 καί
1319 2780 1604 2833 παντοίαις
1646 2780 1880 2850 δωρεαῖς
1912 2787 1954 2841 Α

311 2867 402 2917 καὶ
432 2869 615 2933 τιμαῖς
653 2867 1216 2937 φιλοφρονηῖῲνιενος,
1254 2874 1318 2941 τῇ
1364 2872 1482 2942 μετ’
1516 2871 1686 2943 αὐτὴν
1724 2873 1887 2934 αὐτὸς

311 2960 400 3010 ἐπὶ
428 2960 522 3011 τοῦ
555 2959 838 3029 βασιλικοῦ
882 2961 924 2991 ⁷⁵
966 2963 1210 3027 “Eligam
1240 2962 1456 3032 θρόνου.
1505 2965 1888 3035 Μεταπεμψά-

314 3069 473 3119 μενος
508 3052 562 3104 δὲ
597 3053 760 3104 αὐτόν
784 3070 840 3104 τε
879 3052 971 3104 τὸν
1007 3055 1344 3122 Βεχῖμοῦντον
1406 3059 1499 3108 καὶ
1543 3059 1668 3120 τοὺς
1711 3058 1887 3127 κόμη-

315 3161 411 3206 τας
441 3146 686 3208 ἆπιντας
722 3146 850 3214 περὶ
900 3147 1009 3197 τῶν
1057 3149 1199 3199 κατὰ
1245 3149 1343 3218 τὴν
1377 3149 1493 3201 ὁδὸν
1524 3150 1706 3211 αὐτοῖς
1741 3166 1886 3219 συμ-

311 3237 632 3306 6ησομένων
662 3237 892 3304 ὡμίλει,
925 3239 1316 3308 βουλευόμενος
1359 3242 1400 3272 ⁷⁸
1439 3242 1504 3293 τὰ
1545 3241 1888 3310 συμφέροντα.

310 3331 695 3384 ἀναδιδάσκειν
721 3332 837 3399 ἅμα
864 3333 956 3384 καὶ
989 3327 1078 3395 αἷς
1121 3332 1380 3385 εἰώθασιν
1415 3334 1464 3384 οἱ
1502 3333 1735 3401 Τοῦρκοι
1756 3335 1890 3403 χρή-

315 3421 516 3474 σασθαι
554 3421 867 3489 μεθοδείαις
901 3423 960 3473 ὲν
991 3425 1112 3483 ταῖς
1154 3424 1378 3490 μάχαις,
1415 3425 1507 3474 καὶ
1565 3423 1890 3491 ὑποτώὲμε-

311 3530 401 3574 νος
428 3513 578 3572 ὅπως
618 3527 678 3563 τε
712 3512 1167 3580 παρατάττεσθαι
1219 3513 1347 3581 χρὴ,
1393 3515 1484 3564 καὶ
1518 3513 1707 3580 λόχους
1757 3514 1888 3566 καθ-

320 3603 494 3670 ιιτᾷν,
530 3605 626 3654 καὶ
659 3603 733 3668 μὴ
769 3603 860 3653 ἐπὶ
904 3603 1038 3654 πολὺ
1077 3602 1292 3654 διώκειν
1330 3602 1564 3669 ὁπηνίκα
1603 3604 1812 3667 τούτοις
1839 3605 1887 3657 οἱ

312 3691 548 3757 Τοῧρκοι
583 3693 647 3743 τὰ
677 3691 822 3742 νῶτα
846 3693 1074 3744 διδῦατι.
1115 3693 1223 3744 Καὶ
1258 3692 1432 3755 οὕτως
1467 3694 1554 3745 διά
1581 3713 1636 3746 τε
1662 3698 1883 3765 χρημὰ-

312 3800 440 3844 των,
472 3784 560 3835 διὰ
589 3801 646 3835 τε
683 3785 855 3845 λόγων
899 3784 1295 3852 καταμαλάξκς
1349 3786 1529 3838 αὐτῶν
1567 3788 1624 3840 τὸ
1672 3790 1884 3857 ἄγριον,

315 3877 408 3925 καὶ
449 3875 514 3926 τὰ
560 3879 878 3927 ευνοῖσοντα
921 3877 1280 3942 ὑποθέμενος,
1338 3880 1436 3948 τὴν
1493 3880 1886 3951 διαπεραίωσιν

320 3967 728 4036 προύτρέψατο.
768 3967 871 4019 Τὸν
903 3969 958 4020 δέ
991 3985 1053 4036 γε
1090 3970 1372 4037 Σαγγέλην
1399 3970 1509 4038 (75)
1538 3971 1732 4039 ἠγάπα
1778 3973 1890 4025 δια-

2061 2777 2172 2830 Sub
2200 2778 2313 2831 btec
2346 2777 2617 2846 Augustus
2647 2775 2802 2829 donis
2833 2775 3235 2844 honoribusque
3268 2779 3446 2832 omnis
3471 2796 3562 2845 ge-

1988 2875 2136 2930 neris
2199 2871 2440 2928 delinitis
2492 2870 2678 2934 Gallis.
2735 2869 2950 2924 tandem
2999 2886 3092 2924 eos
3134 2873 3429 2926 discessum
3470 2889 3560 2924 nr-

1986 2977 2174 3036 gentes
2203 2965 2536 3019 allocuturus
2568 2965 2814 3018 ultimum
2850 2963 3200 3032 imperatorio
3245 2964 3383 3018 solio
3426 2979 3560 3019 eon-

1987 3059 2144 3112 sedit.
2179 3055 2499 3124 Vocatisque
2536 3054 2836 3108 Baimundo
2892 3068 2955 3108 ac
3002 3054 3291 3108 comitibus
3346 3058 3557 3112 cunctis

1989 3149 2155 3202 multa
2188 3147 2445 3202 disseruit
2471 3148 2533 3200 de
2565 3147 2724 3199 rebus
2759 3146 2886 3213 ipsis
2943 3161 3037 3212 per
3070 3147 3208 3198 viam
3243 3149 3556 3212 eventui-is;

1989 3241 2148 3296 simul
2197 3240 2264 3293 de
2299 3248 2410 3292 toto
2438 3254 2634 3307 genere
2665 3252 2727 3292 ac
2784 3238 2992 3290 ratione
3034 3235 3159 3291 belli
3210 3236 3446 3304 anciei,
3493 3240 3561 3294 de

1991 3331 2234 3384 moribus
2287 3339 2447 3396 atque
2491 3328 2696 3380 artibus
2728 3327 2902 3396 gentis
2942 3328 3300 3397 universaque
3333 3344 3562 3386 consue-

1991 3424 2176 3476 tudine
2211 3436 2558 3490 puguarutu;
2609 3420 2844 3488 quidque
2874 3418 3088 3472 illorum
3140 3421 3560 3476 machinationi-

1989 3516 2085 3570 bus
2125 3531 2186 3569 ac
2226 3516 2380 3576 dolis.
2416 3502 2686 3582 opponere
2711 3512 2983 3566 cautionis
3006 3513 3281 3582 expediat,
3313 3524 3371 3566 ut
3393 3515 3565 3582 expli-

1989 3619 2115 3660 care
2173 3615 2363 3658 contra
2419 3603 2538 3657 illus
2588 3604 2781 3666 aciem,
2838 3611 2894 3655 ut
2952 3603 3177 3656 insidias
3232 3604 3370 3671 aptis
3429 3605 3562 3658 locis

1993 3709 2227 3772 struere,
2267 3709 2322 3750 ut
2356 3712 2458 3750 non
2488 3696 2656 3750 eli'use
2699 3695 2950 3763 persequi
2988 3705 3133 3762 terga
3177 3695 3241 3748 de
3296 3695 3563 3750 industria

1996 3791 2318 3857 prtcbentes,
2348 3798 2650 3857 etalt-raque
2682 3789 2748 3841 de
2781 3801 2977 3856 genere
3017 3788 3121 3841 hoc
3174 3789 3424 3856 pra-senti
3462 3791 3564 3844 sibi

1996 3881 2330 3949 experientia
2386 3889 2682 3946 comperta,
2743 3879 2868 3933 dum
2912 3879 3048 3932 bella
3094 3895 3214 3932 cum
3263 3890 3418 3948 gente
3466 3882 3564 3934 ista

2000 3974 2144 4026 varia
2175 3981 2404 4041 gereret,
2441 3971 2860 4025 fatniliarissime
2881 3972 2945 4024 ad
2972 3973 3119 4041 ipsos
3149 3972 3567 4028 humanissime-

1393 4061 1590 4122 Variaa
1620 4062 1928 4125 lectiones
1959 4083 2036 4126 ex
2061 4064 2197 4126 eod.
2237 4063 2490 4124 Coislin.

388 4166 436 4196 "
468 4163 783 4234 βασιλικοῦ.
858 4163 902 4193 ⁷⁸
932 4161 1273 4231 βουλόμενος.

1394 4253 1534 4316 Car.
1573 4256 1901 4318 Dufresnii
1934 4262 2027 4320 Dn
2064 4260 2285 4338 Cangii
2320 4268 2505 4322 notae.

395 4357 505 4425 (73')
552 4352 884 4423 Σαγῖέληγ.
947 4353 1191 4428 Strageles
1250 4353 1562 4428 interpreti.
1615 4365 1668 4408 et
1723 4354 1896 4428 Tullio
1929 4362 1975 4419 Β
2010 4356 2325 4412 Heracleam
2351 4376 2491 4422 esse,
2523 4359 2588 4413 de
2623 4377 2726 4428 qua
2765 4361 2991 4425 Plinius,
3022 4361 3240 4427 quidam
3278 4359 3568 4412 Viridoma-

321 4423 465 4491 apntl
500 4427 865 4486 Cinuamutu;
904 4427 1106 4476 rectius
1140 4423 1321 4476 Sancti
1352 4423 1774 4491 Aigidiictimes.
1798 4427 1900 4481 hoc

320 4501 470 4547 enim
496 4496 784 4556 vocabulo,
817 4505 871 4543 ut.
897 4503 949 4546 et
979 4493 1295 4548 Cinnamus.
1329 4499 1596 4560 expressit
1635 4497 1900 4551 Gallicum

319 4564 674 4618 Saint-Gitles
700 4604 714 4625 .
755 4578 847 4614 seu
883 4565 928 4615 [ε
958 4576 1131 4633 comta
1151 4569 1211 4614 tle
1247 4560 1597 4633 Saint-Gilles
1617 4605 1630 4628 ,
1658 4583 1760 4633 qua
1790 4579 1901 4618 tum

319 4636 689 4701 appellatione
724 4633 987 4701 gaudi-bat
1040 4631 1372 4685 liaimuudus
1423 4632 1628 4686 Tolosa!
1677 4631 1734 4688 et
1768 4635 1901 4690 Pro-

323 4699 516 4758 vinciae
546 4699 750 4757 eomes.
787 4699 1091 4755 Willelmus
1126 4701 1290 4766 Brito.
1329 4701 1423 4754 lib.
1452 4717 1509 4756 ιιι
1549 4705 1778 4773 Philipp.
1811 4725 1829 4760 :

398 4819 502 4883 Qui
531 4816 715 4872 Sancti
745 4832 914 4869 comes
941 4815 1172 4885 zEgidii,
1204 4817 1506 4888 Totamque
1535 4829 1772 4874 vocatur.

322 4912 418 4965 Est
452 4922 632 4964 autem
667 4911 976 4978 comitatus
1016 4909 1074 4962 8.
1120 4909 1318 4978 A'igidii
1374 4911 1742 4978 Septimanizc,
1807 4927 1901 4966 seu

319 4982 642 5040 ()ccitaniaa,
677 4981 830 5041 urbs,
866 4982 927 5030 ad
964 4977 1280 5033 Rhodanum
1306 5022 1320 5042 .
1355 4982 1415 5034 S.
1449 4977 1649 5049 Egitlii
1687 4983 1902 5036 abbatia

323 5053 574 5118 insignis.
625 5066 654 5101 a
695 5063 802 5115 qua
832 5050 1062 5116 sumpsit
1109 5050 1545 5116 appellationem,
1580 5066 1741 5118 quam
1777 5067 1899 5104 eum

322 5125 374 5172 in
416 5120 757 5173 barreditatis
806 5129 1008 5170 sm-tem
1045 5121 1365 5174 obtinuisset
1414 5119 1770 5184 Raimundns,
1813 5137 1903 5173 su-

319 5192 552 5258 perstite
584 5190 766 5243 adhuc
808 5190 997 5250 fratre,
1029 5202 1208 5242 comes
1261 5191 1384 5241 inde
1439 5190 1901 5259 Sanetzcgidianus

319 5266 593 5315 vocitatus
628 5269 736 5321 est,
771 5259 935 5310 etiam
972 5266 1095 5325 post
1140 5260 1390 5326 adeptum
1427 5259 1754 5312 Tolosanum
1809 5274 1903 5312 co-

321 5332 596 5384 mitatum.
636 5328 775 5383 Vide
806 5328 1096 5390 Catellunt,
1151 5328 1241 5380 lib.
1279 5343 1294 5380 ι
1345 5328 1485 5382 Hist.
1522 5328 1637 5381 Tol.
1682 5345 1802 5396 cap.
1833 5330 1898 5393 5;

315 5411 371 5453 et
411 5403 503 5453 lib.
541 5415 576 5452 ιι
603 5440 618 5464 ,
655 5413 779 5465 cap.
815 5400 866 5450 1.
922 5397 1184 5464 Oppidum
1223 5408 1590 5464 pervetuslnm
1637 5415 1794 5460 esse,
1847 5409 1900 5452 et

312 5482 495 5526 Stante
529 5469 785 5524 Romano
819 5471 867 5518 in
897 5467 1086 5521 Galliis
1135 5469 1357 5534 imperio
1403 5482 1589 5521 nutum
1652 5470 1702 5520 in
1767 5484 1895 5521 coa-

308 5544 459 5595 ﬁ-sso
499 5550 588 5594 est
616 5536 764 5606 apud
799 5553 1010 5598 omnes.
1073 5547 1124 5588 et
1180 5552 1242 5588 ex
1297 5538 1600 5599 ruderibus,
1656 5549 1707 5589 et
1763 5537 1898 5590 anti-

303 5629 543 5682 quorum
579 5607 939 5682 aediﬁciorum
971 5608 1251 5675 parietinis
1277 5607 1802 5682 abunde_col_'l_igit_u_r.
1833 5607 1902 5659 At

2007 4446 2127 4496 gum
2188 4429 2493 4495 l’tnletna2i;
2561 4429 2823 4494 Catellns.
2881 4432 2976 4486 lib.
3041 4447 3096 4484 ιιι
3154 4429 3344 4483 Rerum
3395 4428 3564 4483 Occit.

2008 4497 2240 4570 Rhodam
2273 4509 2443 4564 putat.
2475 4499 2850 4570 cnjnstnentio
2875 4500 3014 4570 apud
3045 4503 3288 4554 eumdem
3313 4500 3564 4563 l’liniutn,

2006 4583 2100 4621 seu
2155 4567 2572 4632 R/todanusiant,
2643 4567 3302 4627 Marcianilleraclentm.
3371 4588 3398 4621 a
3459 4587 3564 4635 qua

2005 4635 2300 4691 Rhodanus
2331 4639 2507 4693 dictus
2542 4640 2752 4693 ﬂuvius.
2810 4640 3005 4694 Verum
3037 4643 3079 4693 si
3111 4657 3230 4693 cum
3282 4644 3404 4695 aliis
3443 4641 3569 4692 licet

2006 4708 2286 4778 hariolari,
2314 4711 2616 4762 censuerim
2654 4710 2833 4778 potius
2883 4724 3034 4765 vetns
3067 4710 3364 4778 .‘Egidiante
3418 4713 3567 4762 urbts

2005 4775 2493 4850 nomeIrUrgennm
2543 4775 2730 4842 fuisse,
2784 4782 2860 4850 γει
2894 4775 3208 4850 Urgernunt,
3263 4789 3318 4833 ut
3367 4782 3569 4833 habent.

2007 4863 2139 4902 mss.
2184 4848 2466 4900 Strabonis
2497 4851 2728 4912 codiCes,
2786 4848 3040 4903 Sidonius
3088 4852 3140 4901 in
3172 4849 3370 4917 Paneg.
3409 4851 3568 4900 Avito

2005 4917 2191 4986 dicto,
2261 4917 2405 4981 iuxta
2470 4919 2739 4972 Sirtnondi
2801 4921 3208 4986 conjecturam,
3263 4919 3567 4986 Cyprianus

2007 4985 2228 5038 Diacon.
2265 4989 2315 5038 ιιι
2351 4988 2468 5038 Vita
2501 4986 2558 5040 S.
2584 4988 2802 5040 Ca-sarii
2828 4991 3065 5049 Arelat.;
3097 4985 3323 5053 Gregor.
3359 4985 3561 5037 'l‘nron.

2007 5054 2100 5122 lib.
2138 5071 2234 5109 \‘lll
2279 5055 2422 5108 Ηίεε.
2457 5071 2575 5122 cap.
2606 5058 2707 5121 Et);
2759 5059 2850 5112 lib.
2882 5073 2966 5117 ιχ,
3012 5070 3131 5121 cap.
3169 5053 3226 5117 7;
3260 5067 3311 5108 et
3348 5053 3566 5122 Tabula:

2005 5121 2314 5191 Pentigeri;
2364 5127 2442 5177 vel
2490 5121 2740 5193 denique,
2789 5136 2844 5176 ut
2891 5135 3029 5176 nota:
3063 5124 3314 5193 :l'yrottis,
3361 5121 3566 5193 Ugggr-

2004 5189 2533 5246 numeivinationis
2564 5189 2695 5247 mete
2732 5195 2925 5246 fundus
2955 5206 3038 5246 est
3067 5189 3422 5254 Benjaminus
3456 5189 3565 5241 Tn-

2004 5262 2241 5313 deleusis
2273 5266 2322 5313 in
2354 5259 2544 5316 ltiner.
2580 5264 2667 5314 ubi
2699 5265 2950 5328 oppidum
2980 5263 3039 5316 ὃ.
3074 5259 3270 5328 rEgitlii
3297 5261 3562 5328 Noglteres

2007 5340 2182 5392 vocat,
2211 5345 2303 5381 seu
2339 5342 2394 5381 ut
2438 5332 2601 5383 habet
2646 5331 2810 5384 editio
2839 5330 3176 5383 Constantini
3205 5329 3558 5396 l’la‘mperenr,

2006 5397 2231 5467 Nogrcs.
2265 5398 2526 5451 vocabulo
2576 5401 2713 5452 haud
2764 5405 2990 5452 multum
3034 5402 3099 5452 ab
3138 5398 3351 5467 Ugerno
3403 5400 3558 5450 ablu-

2005 5471 2194 5522 deute:
2219 5467 2508 5537 Nogltercs,
2530 5469 2723 5534 inquit,
2751 5469 2998 5536 oppidum
3026 5469 3223 5520 dic-um
3244 5468 3302 5522 S.
3332 5468 3560 5538 zEgidii,

2006 5555 2113 5608 qua
2166 5539 2304 5600 loco.
2361 5539 2404 5608 si
2467 5540 2709 5591 criticum
2772 5541 2933 5592 liceat
2995 5555 3209 5590 manum
3271 5553 3561 5608 apponere,

2007 5607 2234 5678 Ugltvres
2266 5606 2442 5678 potius
2473 5609 2838 5678 repogentlutn
2876 5609 3194 5670 pntaverim.
3242 5606 3373 5662 llutc
3399 5623 3560 5678 porro

299 5675 414 5755 quo
445 5683 681 5737 nomine
713 5677 843 5758 olim
860 5715 890 5767 Ι.
915 5686 962 5758 et
998 5687 1124 5730 ante
1157 5688 1427 5767 receptam
1475 5677 1528 5730 S.
1560 5676 1765 5756 Aigidii
1801 5693 1898 5729 ιιο-
1926 5712 1966 5767 c
2004 5675 2347 5767 'CtilleCllll'ii
2390 5677 2575 5767 lavent
2601 5675 2821 5767 Tabula-
2860 5677 3309 5767 [:fetitiugt-rianm,
3352 5695 3471 5746 quae
3511 5677 3561 5723 in

293 5748 745 5811 litettt'laturam,
783 5748 1178 5814 indigitaretur,
1201 5748 1499 5814 ambigunt.
1542 5764 1638 5798 nec
1664 5749 1892 5798 invicem

289 5825 674 5885 consentiunt
694 5818 1006 5884 scriptores.
1031 5819 1229 5871 Poldns
1253 5819 1302 5870 in
1325 5819 1446 5868 Ant.
1471 5815 1626 5870 Nam.
1661 5815 1891 5870 credidit

2003 5749 2199 5801 Itinere
2250 5765 2276 5799 a
2307 5745 2503 5800 Tolosa
2549 5749 2820 5801 Arelatem
2867 5745 3164 5814 Ugltermuu
3198 5745 3474 5806 saturant.
3531 5757 3562 5793 a

2002 5817 2268 5874 Ncmauso
2302 5825 2449 5886 octo,
2483 5819 2548 5874 ab
2581 5819 2800 5875 Arelate
2845 5834 2934 5875 ses
2972 5819 3288 5872 tutlltaribus
3321 5819 3562 5883 dispara-
