4040 6280
299 450 409 513 793
1515 464 1927 526 ALEXIADIS
1954 469 2096 526 LlB.
2143 469 2247 529 Xl.
3426 480 3536 546 ’194

302 565 569 621 involant.
603 566 938 622 Colliduntur
966 566 1129 633 acies,
1169 568 1300 634 acri,
1365 571 1409 623 si
1456 586 1688 641 unquam
1743 576 1875 630 alias
1927 587 2020 632 aut
2064 577 2210 643 alibi,
2261 581 2410 649 gravi
2469 591 2519 637 et
2561 585 2726 639 atroci
2774 589 2978 655 praelia,
3025 605 3124 643 ncc
3184 594 3359 651 minus
3416 598 3539 651 diu-

304 669 522 760 ιιιι-ιιος
554 664 879 760 ηυιιιρυτιίε
917 665 1194 732 utriusque
1224 666 1456 719 obnoxia
1485 667 1779 733 pertinacia
1811 669 1862 723 in
1897 671 2201 739 mquilibrio
2260 676 2487 730 fortuna:
2541 680 2771 744 quodam
2820 690 2931 733 toto
2994 681 3160 739 ferme
3216 688 3302 740 die
3363 705 3536 760 pugna

302 756 576 809 constitit.
611 756 721 811 Sub
761 758 888 811 solis
914 767 1089 812 tamen
1115 774 1369 813 occasum
1405 764 1765 817 vertunturin
1796 764 1972 834 fugam
2031 766 2227 834 Turci;
2289 770 2681 838 intempestivis
2745 776 2934 831 victori
3002 778 3224 843 scilicM,
3284 756 3541 850 opportu-

303 850 387 900 nis
458 849 628 911 victo,
686 849 922 903 tenebris
976 849 1406 914 prohibentibus,
1467 868 1533 906 ne
1587 853 1863 923 fugacibus
1917 855 2287 924 insequendis,
2336 878 2619 917 Sttccessus
2691 865 2922 921 fructum
2994 871 3230 937 pcrnit-ie
3302 849 3537 929 hostium

300 940 436 995 ϐιιΙΙί
481 943 854 995 extenderent.
900 942 1058 1011 311
1116 943 1214 1008 Qui
1267 945 1559 1009 ειιιιξιιρξὶἀτρ
1642 947 1879 1001 victoriae
1904 962 2181 1016 compotcs
2240 955 2672 1017 triuntphalmndi
2745 961 3149 1013 revertebantur
3213 967 3264 1014 in
3333 975 3534 1022 castra,

297 1037 479 1097 capita
518 1048 795 1085 'rmsornm
851 1035 1083 1088 hostimn
1144 1035 1315 1103 longis
1361 1036 1643 1090 ltztslilihtts
1722 1039 1885 1094 inﬁxa
1945 1045 2327 1111 praeferentes.
2382 1047 2446 1099 ad
2515 1057 2774 1102 terrorem
2833 1051 3080 1105 videlicet
3162 1056 3535 1108 ObScssurum.

296 1141 434 1194 quos
467 1126 557 1179 ille
588 1132 910 1190 conspectus
938 1127 1004 1178 de
1034 1126 1185 1179 clade
1229 1141 1449 1179 suorum
1484 1129 1858 1184 adtnnniturus
1883 1143 2019 1197 erat,
2077 1148 2469 1206 creptnrttsque
2516 1142 2717 1195 eisdem
2801 1159 3013 1195 omnem
3090 1146 3302 1198 demunt
3384 1163 3534 1215 spem

295 1235 456 1289 quam
491 1220 543 1271 in
576 1218 807 1273 sultanis
840 1218 1042 1271 auxilio
1059 1219 1487 1283 constituerant;
1523 1235 1551 1271 a
1576 1235 1859 1290 quoquam
1896 1224 2031 1277 nihil
2072 1230 2492 1295 esspectandum
2561 1233 2718 1297 roret,
2799 1236 2932 1288 satis
3015 1246 3161 1290 esset
3217 1237 3369 1291 clade
3434 1241 3537 1293 ista

300 1316 471 1380 prima
510 1322 567 1365 et
590 1311 743 1379 quasi
778 1311 843 1364 ad
881 1310 1044 1365 limen
1077 1310 1373 1365 oﬂensione
1431 1313 1783 1378 declaratum,
1850 1331 1915 1370 ex
1968 1319 2160 1387 quibus
2208 1322 2523 1393 colligerent
2576 1323 2778 1380 frustra
2851 1330 3031 1382 vexari
3094 1344 3151 1383 se
3204 1346 3360 1387 casso
3456 1334 3537 1387 la-

300 1404 431 1457 bore
470 1406 841 1474 repugnandi,
897 1414 953 1459 et
1004 1406 1356 1472 pertinaciam
1414 1406 1568 1461 fracti
1622 1410 1981 1466 remitterent.

364 1496 606 1549 Τοιαῦτα
659 1497 759 1567 μὲν
812 1493 904 1550 οὖν
937 1499 985 1550 οἱ
1046 1500 1265 1550 Λατῖνοι
1318 1499 1635 1568 πεπράκασι
1680 1516 1739 1553 τε
1772 1502 1853 1553 καὟ

2045 1506 2159 1559 Tali
2180 1522 2274 1575 spc
2295 1523 2358 1561 ac
2374 1508 2601 1561 consilio
2626 1508 2798 1561 Latini
2824 1510 2944 1563 talia
2975 1512 3255 1579 gerebant.
3283 1512 3538 1570 Sultanes

296 1589 689 1655 διελογίσαντο.
735 1588 795 1642 '0
845 1589 901 1642 δὲ
948 1590 1258 1655 σουλτάνος,
1285 1592 1351 1642 τὰ
1400 1591 1603 1657 ἄπειρα
1664 1591 1853 1645 τούτωι

1972 1613 2120 1663 vero,
2153 1599 2495 1652 multitudine
2527 1600 2735 1653 illorum
2792 1601 3169 1655 innumerabili
3221 1614 3534 1671 conspecta,

298 1680 637 1747 Θεασάμενος
686 1680 886 1749 πλήθη,
940 1682 1038 1735 καὶ
1080 1680 1179 1751 τὴν
1228 1682 1526 1735 ἀκάθεκτον
1558 1683 1767 1751 τόλμαν
1811 1682 1853 1745 ἐξ

1969 1690 2075 1759 vim
2110 1705 2295 1744 eorum
2325 1692 2543 1758 insuper
2572 1699 2731 1758 atque
2764 1695 3043 1746 audaciam
3084 1694 3240 1761 plane
3272 1695 3536 1748 inelucta—

296 1770 464 1837 αὐτῆς
497 1769 805 1838 προσϐολῆς
832 1770 1110 1838 ἐγνωκὼς,
1137 1776 1251 1833 τοῖς
1272 1774 1425 1835 ἐντὸς
1447 1773 1681 1836 Νικαίας
1703 1773 1853 1844 Τούρι

1970 1782 2128 1835 bilem
2163 1790 2325 1850 atque
2357 1784 2612 1836 invictam
2643 1797 2898 1849 expertus
2924 1787 2975 1837 in
2999 1801 3313 1851 congressu,
3339 1786 3530 1840 Turcis

297 1872 415 1918 κοις
449 1856 510 1909 τὸ
561 1857 843 1925 ἐνδόσιμον
900 1858 1111 1921 δίδωσι,
1165 1862 1442 1929 Πράσσετε
1494 1863 1589 1915 τοῦ
1653 1864 1853 1929 λοιποῦ1

1967 1873 2056 1939 qui
2091 1871 2320 1927 Nicaeam
2354 1876 2770 1944 promtgnabant
2820 1877 3108 1945 signiﬁcari
3139 1879 3367 1937 curavit,
3402 1893 3527 1944 pcr-

297 1946 496 2013 λέγων,
529 1950 638 2001 πᾶν
661 1949 756 2001 ὃτι
789 1949 997 2019 βέλτιον
1029 1952 1266 2023 κρίνετε·
1298 1954 1416 2024 ᾔδει
1456 1957 1563 2023 γὰρ
1594 1956 1700 2026 πρὸ
1742 1956 1869 2009 πολ-

292 2037 388 2091 λοῦ
468 2038 545 2107 τῷ
593 2039 809 2107 βασιλεῖ
881 2043 1086 2109 μᾶλλον
1143 2047 1621 2114 προαιρουμένους
1683 2064 1864 2117 παρα-

291 2128 479 2182 δοῦναι
507 2131 605 2199 τὴν
638 2132 794 2185 πόλιν
819 2132 851 2200 ἢ
887 2134 1036 2201 παρὰ
1062 2135 1171 2188 τῶν
1201 2137 1420 2190 Κελτῶν
1444 2138 1667 2192 ἁλῶναι.
1711 2140 1770 2191 '0
1810 2138 1866 2192 δέ

293 2240 356 2291 γε
397 2224 702 2291 Σαγγέλης,
735 2224 827 2276 τοῦ
861 2227 1219 2294 προκειμένου
1254 2228 1507 2297 ἐχόμενος
1552 2228 1736 2298 ἔργου,
1772 2230 1866 2299 μό-

294 2330 430 2367 συνα
484 2314 793 2383 κυκλοτερῆ
852 2319 1289 2386 τεκτηνάμενος,
1342 2319 1436 2371 καὶ⁵
1493 2320 1550 2385 ἐξ
1603 2321 1864 2389 ἐκατέρου

297 2407 498 2476 μέρους
544 2407 773 2477 βύρσαις
793 2409 840 2442 ’⁸
898 2410 1063 2463 αὐτὸν
1110 2411 1481 2481 περιστείλας,
1527 2414 1669 2467 κατὰ
1700 2414 1756 2465 δὲ
1800 2414 1861 2467 τὸ

300 2500 462 2569 μέσον
480 2499 667 2566 λύγοις
695 2500 995 2565 διαπλέξας
1027 2505 1121 2555 καὶ
1153 2504 1420 2557 πάντοθεν
1451 2508 1863 2576 κατοχυρώσας,

296 2595 361 2663 τῇ
411 2595 624 2663 πλευρᾷ
644 2594 691 2625 ⁸⁸
736 2596 1115 2660 προσεπέλασε
1146 2596 1241 2649 τοῦ
1295 2597 1589 2664 λεγομένου
1633 2599 1864 2652 Γονάτου

302 2684 539 2754 πύργου.
598 2687 696 2748 Ὃς
753 2686 853 2754 τὴν
911 2688 1234 2754 ἐπωνυμίαν
1283 2690 1637 2759 ἐκληρώσατο
1668 2692 1859 2755 πάλαι,

294 2780 535 2847 ὁπηνίκα
565 2780 830 2846 Μανουὴλ
862 2781 974 2849 (85)
1004 2783 1213 2845 ἐκεῖνος
1241 2783 1270 2834 ὁ
1297 2783 1393 2836 τοῦ
1436 2784 1863 2853 προὸεσασι).ευ-

292 2874 453 2936 κότος
493 2872 769 2926 Ἰσαακίου
811 2874 906 2926 τοῦ
955 2877 1239 2943 Κομνηνοῦ
1265 2877 1350 2929 ὁ⁸⁷
1397 2878 1603 2947 πατὴρ,
1642 2875 1860 2931 καὶτοῦ

289 2964 524 3031 ἀδελφοῦ
541 2965 588 2998 ⁸⁸
622 2963 789 3018 αὐτοῦ
859 2966 1106 3019 Ἰωάννου
1152 2968 1247 3020 τοῦ
1299 2968 1434 3039 πρὸς
1475 2971 1681 3039 πατρὸς
1724 2971 1859 3040 ἐμοῦ

288 3061 542 3119 πάππου,
566 3059 876 3131 στρατηγὸς
900 3060 1257 3131 αὐτοκράτωρ
1304 3064 1404 3129 τῆς
1443 3064 1585 3132 ἑῴας
1614 3063 1857 3132 ἁπάσης,

289 3151 440 3219 παρὰ
468 3151 558 3204 τοῦ
585 3152 707 3203 τότε
735 3150 1110 3220 βασιλεύοντος
1141 3152 1422 3205 Βασιλείου
1453 3153 1856 3225 προύϐέϐλητοο

288 3242 376 3310 ἐφ’
423 3235 469 3310 ᾧ
516 3243 619 3310 τὴν
675 3242 815 3311 μετὰ
855 3242 948 3295 τοῦ
982 3241 1225 3311 Σκληροῢ
1273 3243 1475 3314 ἔχθραν
1518 3245 1786 3309 διαλῦσαι,
1822 3250 1855 3319 ἢ

286 3339 433 3408 χειρὶ
496 3337 638 3407 πρὸς
702 3336 889 3391 τοῦτον
946 3339 1350 3399 άντικαταστὰς
1407 3339 1440 3408 ἢ
1486 3338 1679 3411 γνώμῃ
1721 3342 1858 3408 πρὸς

284 3428 573 3495 εἰρηνικὰς
633 3430 867 3492 σπονδὰς
915 3431 1106 3483 τοῦτον
1151 3431 1473 3491 συνελάσας.
1540 3430 1692 3482 Ἐπεὶ
1737 3431 1782 3482 δ’
1829 3434 1858 3483 ὁ

282 3519 531 3587 Σκληρδς
568 3519 959 3590 μαχιμώτατος
995 3520 1071 3572 ὢν
1093 3521 1138 3553 ’⁸
1170 3523 1365 3589 αἵμασι
1398 3521 1604 3590 χαίρων
1632 3521 1719 3574 ἀεὶ
1758 3522 1856 3593 τὴν

287 3613 472 3681 μάχην
528 3611 628 3679 τῆς
694 3612 920 3681 εἰρήνης
985 3612 1189 3680 μᾶλλον
1242 3614 1561 3682 ἠσπάσατο,
1604 3613 1856 3682 πολέμων

285 3705 543 3775 μεγάλων
599 3703 728 3757 καθ’
786 3705 1025 3774 ἑκάστην
1083 3705 1576 3777 συρρηγνυμένων,
1631 3707 1703 3770 ὡς
1758 3707 1853 3760 τοῦ

282 3798 530 3866 Σκληροῦ
586 3799 659 3868 μὴ
714 3799 872 3867 μόνον
911 3800 1009 3868 τὴν
1054 3798 1276 3866 εἰρήνην
1312 3800 1385 3867 μὴ
1420 3798 1685 3862 θέλοντος,
1721 3800 1856 3852 ἀλλὰ

277 3890 346 3943 δι’
377 3890 681 3944 ἑλεπόλεων
729 3890 997 3958 γενναίων
1045 3889 1449 3958 ἀγωνιζομένου
1489 3890 1588 3959 τὴν
1618 3891 1854 3944 Νίκαιαν

277 3984 441 4050 ἑλεῖν,
464 3982 914 4054 καταρράξαντος
938 3982 1008 4036 τὰ
1026 3984 1178 4052 τείχη
1212 3980 1306 4033 τοῦ
1357 3981 1603 4044 πλείονος
1655 3983 1854 4051 μέρους

272 4074 372 4128 τοῦ
406 4074 622 4143 πύργου
657 4074 1124 4143 ποδοκοπηθέντος
1158 4074 1425 4137 κάτωθεν,
1462 4075 1661 4143 συνέϐη
1692 4075 1851 4140 σάξαι

1968 1964 2183 2017 mittere
2217 1981 2274 2019 se
2310 1966 2412 2019 illis
2444 1977 2496 2017 ut
2532 1966 2634 2019 sibi
2683 1983 2782 2035 pro
2834 1968 3098 2021 arbitrattt
3161 1969 3530 2024 cousntlcrent.

1967 2055 2276 2110 Consensus
2306 2057 2389 2110 hic
2422 2066 2541 2111 erat
2568 2059 2621 2111 in
2653 2058 3057 2112 conclusionem
3092 2062 3381 2114 deditionis
3431 2063 3528 2113 im-

1968 2150 2201 2218 peratori
2236 2150 2511 2215 faciendae,
2546 2151 2611 2204 ad
2645 2167 2802 2217 quem
2833 2151 3011 2221 potius
3044 2167 3205 2221 quam
3256 2153 3319 2205 ad
3350 2153 3533 2209 Gallos

1967 2246 2301 2311 propendere
2329 2244 2634 2298 Nicaeenses
2659 2244 2869 2299 Turcos
2917 2246 3134 2307 animis,
3185 2259 3471 2313 perspectu
3502 2266 3529 2297 ιι

1967 2336 2159 2389 sultani
2188 2335 2295 2401 iam
2325 2338 2530 2403 pridem
2583 2347 2720 2391 erat.
2756 2339 3022 2391 Catterum
3057 2337 3312 2405 Sangeles
3344 2354 3532 2393 susce-

1966 2437 2057 2492 pto
2086 2429 2294 2482 instans
2329 2430 2502 2496 operi,
2552 2440 2751 2482 turrem
2808 2429 3041 2499 ligneam
3075 2431 3314 2482 rotundae
3346 2429 3533 2483 formae

1966 2517 2377 2582 architectatus,
2410 2532 2525 2569 eam
2558 2518 2759 2572 bubulo
2783 2519 2931 2571 corio
2952 2518 3189 2585 undique
3215 2528 3517 2588 prolectant

1965 2621 2030 2661 ac
2062 2607 2206 2661 circa
2253 2606 2484 2661 medium
2530 2609 2787 2660 viminum
2831 2606 3225 2673 rantalinmqne
3281 2609 3527 2661 ﬁssorum

1965 2700 2124 2752 lcntis
2174 2699 2449 2751 astrictam
2489 2699 2843 2764 amplexibus,
2891 2709 3219 2763 caeteraque,
3265 2697 3411 2751 omni
3462 2710 3528 2750 ex

1966 2802 2136 2857 parte,
2161 2806 2278 2859 ane
2308 2791 2549 2845 adhiberi
2581 2806 2809 2859 cumque
2835 2793 3005 2857 potuit
3029 2805 3154 2843 cura
3184 2805 3245 2842 ac
3278 2790 3528 2843 cautione

1967 2887 2372 2947 communitam,
2415 2884 2648 2937 admovit
2703 2884 2879 2937 lmstili
2916 2884 3048 2937 turri
3085 2899 3203 2951 qua!
3232 2885 3527 2936 vocabatur

1964 2975 2215 3039 Conatos,
2265 2978 2421 3044 quasi
2478 2978 2708 3040 diceres,
2746 2992 2878 3045 genu
2925 2975 3062 3043 ﬂexo
3100 2975 3429 3028 inclinatam.
3467 2975 3524 3027 ltl

1961 3081 2022 3119 ea
2061 3070 2227 3121 turris
2277 3082 2468 3120 nomen
2512 3067 2638 3121 olim
2693 3068 3000 3121 obtinuerat
3048 3070 3260 3135 quando
3298 3068 3388 3119 ille
3423 3065 3523 3118 Mi-

1961 3156 2140 3219 chael,
2170 3158 2340 3210 isaaci
2367 3157 2623 3210 Comneni
2663 3156 3028 3223 imperatoris,
3065 3167 3112 3206 et
3145 3153 3369 3208 Joannis
3414 3153 3525 3206 fra-

1963 3249 2061 3300 tris
2113 3246 2232 3316 ejus
2281 3247 2490 3315 patcrni
2537 3248 2639 3299 mei
2690 3246 2795 3307 avi,
2852 3255 3024 3312 pater,
3064 3244 3352 3313 prtefectos
3404 3260 3524 3297 cum

1961 3353 2171 3392 summa
2204 3347 2473 3405 potestate
2504 3338 2769 3390 universa:
2802 3336 3053 3389 orientali
3087 3337 3293 3390 militia:
3312 3336 3432 3401 fuit,
3459 3338 3525 3389 ah

1958 3446 2025 3485 eo
2065 3432 2154 3499 qui
2192 3441 2301 3483 tum
2334 3430 2574 3482 habenas
2606 3430 2992 3484 moderabatur
3031 3430 3243 3497 imperii
3297 3427 3521 3482 Basilio.

1958 3522 2009 3577 ls
2039 3521 2183 3576 enim
2219 3520 2455 3574 Manueli
2498 3535 2683 3573 curam
2741 3521 2963 3574 dederat
3022 3520 3347 3573 terminandi
3392 3533 3527 3586 quo-

1959 3616 2330 3684 modocunque
2396 3615 2476 3667 vel
2533 3615 2854 3668 tractatione
2903 3614 3107 3677 sedata,
3172 3612 3255 3665 vel
3302 3622 3523 3667 cruenta

1958 3708 2207 3771 victoria,
2252 3707 2461 3760 dissidii
2498 3711 2640 3775 quod
2688 3706 2763 3759 illi
2813 3719 2974 3774 grave
3034 3718 3096 3757 ac
3153 3703 3520 3772 perniciosum

1956 3802 2321 3855 intercedebat
2350 3816 2470 3853 cum
2500 3799 2662 3854 Duro.
2700 3800 2766 3851 At
2792 3798 2965 3851 Durus
2994 3798 3148 3851 alteri
3176 3797 3309 3863 parti
3337 3797 3519 3865 optio-

1958 3894 2039 3946 nis
2067 3893 2202 3958 ejus.
2238 3893 2464 3960 placidae
2493 3907 2686 3960 nempe
2729 3891 3129 3959 compositioni,
3183 3890 3359 3944 locum
3394 3889 3520 3943 relic

1954 3986 2072 4054 quit
2099 3984 2339 4050 nullum;
2376 3985 2535 4037 homo
2564 3984 2904 4037 abhorrentis
2935 4001 2962 4036 ιι
3003 3997 3133 4050 pace
3168 3992 3395 4046 natura,
3424 3982 3516 4051 qui

1957 4073 2089 4125 nihil
2136 4074 2234 4126 nisi
2286 4073 2469 4141 pra'lia
2513 4073 2746 4140 spiraret
2797 4087 2860 4125 ac
2914 4072 3255 4137 sanguinem,
3304 4080 3358 4126 et
3413 4085 3516 4124 non

274 4169 367 4221 τὸν
421 4169 633 4238 πύργον
681 4169 758 4231 ὡς
818 4170 909 4223 ἐπὶ
960 4169 1092 4237 γόνυ
1120 4169 1299 4221 δοκεῖν
1342 4168 1706 4238 ὲπικλιθῆνσι,
1740 4172 1850 4222 κάκ

1957 4168 2093 4220 viam
2129 4177 2219 4219 aut
2272 4167 2698 4219 instrmnentum
2748 4167 2883 4232 spei,
2931 4166 3024 4220 sed
3082 4174 3324 4217 votorum
3368 4178 3517 4217 sutu-

271 4259 467 4313 τούτου
513 4261 612 4327 τῆς
664 4259 926 4322 τοιαύτης
1001 4259 1384 4329 μετειληχέναι
1446 4263 1846 4331 προσηγορίας.

271 4352 430 4404 Οὕτω
458 4350 560 4420 μὲν
582 4347 679 4403 οὖν
703 4350 772 4402 τὰ
797 4352 936 4403 κατὰ
961 4350 1052 4402 τὸν
1083 4350 1323 4418 Γονάτην
1347 4367 1497 4421 παρη
1509 4352 1847 4421 κολουοήκει.

281 4443 341 4490 '0
374 4443 432 4495 δὲ
478 4442 764 4509 Σαγγέ).ης
796 4444 887 4493 τὸν
913 4442 1015 4511 ἤδη
1062 4442 1298 4511 ρηθέντα
1329 4443 1537 4511 μόσυνα
1569 4443 1851 4516 ἐμπείρως

269 4535 412 4587 πάνυ
465 4531 918 4595 κατασκευάσας,
950 4532 1007 4584 ὃν
1052 4533 1105 4583 οἱ
1139 4532 1360 4583 πλείονα
1409 4533 1702 4602 ἐμπειρίαν
1742 4534 1849 4586 τῶν

269 4626 594 4694 μηχανικῶν
634 4624 968 4688 κεκτημένοι
1012 4621 1257 4691 χελώνην
1289 4622 1401 4685 (84)
1440 4625 1842 4694 κατονομάζου-

267 4735 373 4777 σιν,
408 4720 566 4779 ὲκτθς
602 4716 798 4770 τούτου
864 4716 1065 4783 ἄνδρας
1109 4717 1445 4785 ὁπλοφόρους
1484 4719 1837 4787 τειχεσιπλῆ-

265 4828 398 4868 2:1;
421 4810 436 4840 ⁸
476 4808 684 4872 εξσῆξε.
735 4805 827 4857 καὶ
875 4806 1096 4874 ἑτέρους
1128 4806 1253 4865 τοὺς
1284 4806 1374 4857 τὸν
1412 4805 1622 4874 πύργον
1657 4808 1838 4859 κάτω-

264 4903 357 4953 Οεν
407 4900 729 4955 κατασείειν
796 4897 885 4950 διὰ
936 4900 1169 4967 σιδήρων
1221 4899 1427 4957 εἰδότας
1469 4901 1553 4963 ἐφ’
1614 4894 1657 4966 ᾧ
1711 4902 1839 4963 τοὺς

270 4995 365 5057 μὲν
404 4995 539 5060 πρὸς
572 4992 702 5053 τοὺς
733 4990 936 5044 ἄνωθεν
962 4990 1054 5042 τοῦ
1073 4990 1283 5057 τείχους
1316 4991 1603 5058 μάγεσθκι,
1627 4993 1752 5055 τοὺς
1780 4994 1836 5045 δὲ

265 5086 573 5154 ἐκεχειρίαν
596 5083 746 5151 ἔχειν
774 5081 1023 5134 ἐντεῦθεν
1043 5086 1062 5114 ³
1088 5081 1177 5132 τὸν
1202 5081 1409 5151 πύργον
1431 5082 1754 5147 διορύττειν.
1777 5084 1840 5136 Οἳ

265 5178 358 5227 καὶ
389 5176 633 5245 κορμοὺς
662 5172 841 5239 ξύλων
868 5172 1086 5239 εἰσῆγον
1115 5174 1236 5225 ἀντὶ
1258 5174 1367 5226 τῶν
1393 5173 1741 5243 ἐξαγομένων
1766 5176 1844 5228 λί-

266 5265 580 5336 (iuvabunt.
605 5266 666 5319 δὲ
684 5264 784 5330 τῆς
818 5263 968 5327 ιντὺς
993 5263 1315 5331 ἐπιφανείας
1340 5264 1635 5332 ἐφθακότες
1652 5265 1726 5327 ὡς
1750 5265 1844 5318 καὶ

1950 4275 2091 4313 mam
2126 4258 2322 4312 bellum
2359 4261 2604 4314 haberet.
2647 4261 2836 4328 itaque
2872 4258 3211 4312 tractationis
3237 4271 3361 4324 spes
3394 4271 3516 4309 om-

1950 4349 2035 4403 nis
2061 4350 2427 4417 abrumpitur.
2463 4349 2638 4403 Nicaea
2667 4350 2797 4418 quin
2831 4350 2994 4404 etiam
3029 4348 3081 4402 in
3110 4364 3214 4417 qua
3249 4358 3365 4401 erat
3406 4347 3516 4402 na-

1946 4440 2094 4504 nnel,
2124 4455 2155 4496 a
2189 4442 2332 4494 Duro
2355 4443 2584 4497 summis
2617 4442 2810 4511 opibus
2855 4442 3227 4509 machinisque
3261 4440 3515 4495 omnibus

1949 4532 2182 4587 admotis
2228 4546 2589 4602 Oppugnatur.
2622 4536 2695 4587 Ac
2743 4533 2881 4588 forte
2914 4534 3156 4587 incubuit
3195 4533 3241 4587 is
3283 4533 3516 4601 impetus

1952 4623 2324 4677 vehementior
2366 4626 2415 4675 in
2452 4624 2606 4676 istam
2653 4625 2718 4676 de
2748 4638 2848 4689 qua
2882 4625 3089 4692 agimus
3120 4622 3333 4683 turrim,
3366 4618 3517 4685 cuius

1952 4715 2192 4769 inferiori
2255 4728 2408 4783 parte
2460 4716 2587 4768 Duri
2653 4717 3016 4783 oppugnantis
3068 4713 3332 4766 machinis
3372 4726 3514 4762 com-

1948 4823 2127 4862 ntursa
2163 4808 2568 4876 subtractaque,
2603 4808 2826 4876 contigit
2873 4805 3152 4859 subsidere
3198 4813 3419 4871 repente
3454 4802 3506 4853 in

1950 4901 2174 4969 vestigio
2202 4902 2535 4965 superiorem
2573 4902 2786 4961 molem,
2820 4914 2942 4967 qua:
2991 4897 3266 4965 inopinate
3292 4895 3508 4959 fastigio

1946 4993 2218 5045 submisso
2243 4994 2389 5043 velut
2417 4994 2468 5044 in
2499 5007 2670 5060 genua
2708 4991 3062 5057 proconthere
3104 4987 3216 5039 visa
3250 4994 3348 5046 est,
3380 4985 3507 5037 hinc

1941 5082 2175 5137 Gonatos
2205 5084 2501 5151 appellata.
2546 5083 2711 5135 Suum
2742 5083 2805 5133 ad
2842 5082 2980 5133 hanc
3023 5079 3269 5131 eamdem
3316 5089 3511 5142 sugge-

1942 5186 2084 5229 stum
2120 5176 2350 5243 ligneum
2379 5184 2501 5241 apte
2534 5173 2855 5226 fabricatum
2887 5172 3097 5235 (talium
3134 5169 3291 5235 periti
3329 5177 3504 5220 testu-

1946 5266 2125 5320 diuetn
2163 5267 2427 5335 dicerent)
2471 5267 2605 5320 scite
2636 5266 2794 5334 plane
2824 5262 3081 5330 Sangeles
3107 5260 3368 5312 admovit.
3398 5256 3503 5310 Nec

1345 5372 1880 5438 Varim‘lectiones
1915 5393 1992 5439 ex
2022 5376 2166 5438 cod.
2201 5376 2457 5438 Coislin.

334 5480 379 5551 ιι
407 5479 641 5551 βύρσας,
778 5478 824 5515 ³⁸
846 5479 966 5543 ταῖς
1000 5476 1287 5549 πλευραῖς.

265 5548 284 5580 ¹
314 5548 475 5606 ὥστε.

1392 5480 1439 5511 ⁸⁷
1473 5478 1635 5535 Deest
1663 5478 1852 5531 vocula
1881 5479 1931 5532 ὁ.

2602 5479 2649 5511 ”
2678 5476 2754 5530 ὣν
2788 5476 2902 5531 καί.
3012 5475 3030 5506 ¹
3056 5470 3499 5541 τειχεσιπλῆτας.

2042 5479 2089 5510 ’⁸
2132 5478 2490 5548 αὑταδέλφου.

1350 5689 1482 5750 Car.
1517 5686 1831 5750 Dufresnii
1855 5688 1945 5750 Du
1974 5685 2188 5763 Cangii
2225 5690 2416 5746 notas.

328 5810 437 5877 (85)
483 5802 810 5882 Μᾳνουῄλ.
877 5805 1011 5882 Vide
1059 5807 1422 5876 Nicephorum
1492 5813 1819 5882 Bryenium,

266 5872 343 5934 lib.
376 5872 427 5947 ι,
452 5896 511 5935 n.
542 5878 595 5943 ‘l,
628 5886 681 5929 et
713 5873 947 5931 Stcmnta
967 5872 1228 5934 Comnen.

2004 5809 2113 5876 (Si)
2141 5808 2436 5872 Χελώνην.
2466 5807 2595 5863 Vide
2624 5808 2826 5863 Albert.
2873 5807 2974 5876 Aq.
3007 5802 3098 5858 lib.
3132 5817 3189 5869 tt,
3240 5819 3355 5874 cap.
3387 5802 3449 5857 3|
3479 5817 3494 5866 ;

1940 5894 1992 5938 et
2023 5880 2214 5951 ltigalt.
2248 5881 2311 5934 ad
2347 5879 2619 5936 Ouosand.
2647 5893 2766 5951 pag.
2806 5877 2893 5933 57.
