4040 6280
523 414 635 479 ’795

1807 417 2036 479 ΑΝΝιΕ
2076 416 2464 479 ΟΟΜΝΕΝΕ

3664 433 3765 496 796

523 529 751 581 deerant
810 538 963 582 extra
1017 529 1323 584 machinam
1380 530 1483 585 viri
1543 528 1713 587 fortes
1772 531 1862 600 qui
1926 531 2096 586 turris

2229 532 2370 603 ,ύτήν
2403 552 2524 587 τινα
2564 534 2778 590 ἐκεῖθεν
2808 536 3090 593 εἰσιοῦσαν
3124 540 3431 597 θεάσασθαι
3468 545 3579 615 πῦρ
3610 548 3778 619 ἰμϐα-

523 621 758 673 obsessa!
805 619 971 674 latera
1031 624 1268 690 ttndiqtte
1320 622 1566 676 foderent
1620 631 1674 676 et
1719 622 2097 691 perterebrare

523 723 874 776 conarentur,
910 714 1070 768 simul
1106 716 1271 769 additi
1305 725 1358 769 ct
1385 716 1471 768 alii
1499 717 1927 770 subruendorum
1958 731 2093 771 mm-

503 806 670 857 "nium
707 816 877 859 artem
910 808 1212 862 callentes:
1241 809 1330 878 qui
1368 810 1504 863 clam
1542 810 1800 863 submissi
1833 824 2096 877 muroque

524 897 714 951 inﬁmo
754 901 991 969 appliciti
1046 901 1392 954 fundamenta
1431 902 1595 955 turris
1624 902 1743 967 ipsa
1787 913 2099 956 scrutaren-

2201 625 2387 688 λόντες
2437 626 2750 697 ἐνέπρησαν
2800 631 2927 692 τοὺς
2973 633 3234 702 κορμούς.
3268 636 3489 690 Τούτων
3528 639 3585 692 δὲ
3623 640 3772 693 ἔκτε-

2202 717 2530 786 φρωθέντων
2582 721 2779 789 συνέϐη
2823 721 2916 773 τὸν
2967 722 3213 794 Γονάτην
3262 727 3354 778 ἐπὶ
3387 728 3552 781 πλέον
3600 730 3774 799 κλιθῆ-

2203 826 2292 863 ναι
2326 808 2461 878 (85).
2491 810 2564 873 ὡς
2600 811 2675 880 μὴ
2720 811 3057 866 ἀπολωλέναι
3100 816 3199 885 τὴν
3234 817 3452 887 κλῆσιν.
3495 820 3772 890 Ἐμϐὀλοις

2200 899 2258 954 δὲ
2309 902 2403 955 καὶ
2450 902 2717 970 οἰκήμασι
2766 905 2830 956 τὸ
2879 904 3161 960 ἐπίλοιπον
3212 913 3617 978 περιζώσαντες
3670 913 3776 967 τῶν

526 997 636 1051 tur,
668 992 1056 1058 ltarpaginibus
1084 995 1363 1049 molientes
1385 1007 1547 1065 atque
1572 996 1744 1059 uncis,
1772 997 2100 1049 instrumen-

2229 993 2420 1061 σιγῶν,
2457 994 2551 1045 καὶ⁷
2577 997 2678 1061 τὴν
2739 997 2897 1059 ἐκτὸς
2937 1000 3144 1056 τούτων
3191 1001 3543 1074 διακειμένην
3576 1006 3775 1075 τάφρον

527 1081 702 1149 lisque
757 1084 806 1136 id
855 1101 1028 1151 genus
1083 1084 1274 1139 fert-eis
1308 1105 1320 1139 :
1353 1089 1548 1154 quibus
1605 1102 1740 1154 quos
1793 1087 2098 1140 evolleltant

525 1167 759 1239 lapides,
801 1190 903 1243 pro
944 1177 1011 1228 iis
1051 1177 1274 1244 singulis
1326 1178 1542 1229 codices
1601 1188 1691 1230 aut
1743 1177 1990 1231 tibicines
2039 1177 2103 1229 li-

527 1277 699 1328 gneos
726 1267 852 1319 moli
886 1270 1403 1340 sustinendmalz
1441 1271 1654 1324 interim
1688 1272 2100 1337 supponebant;

2208 1084 2282 1146 ὡς
2304 1084 2362 1135 ὲν
2398 1086 2536 1153 ῥοπῇ
2558 1087 2579 1115 ³
2606 1085 2996 1155 πληρώσαντες
3025 1093 3232 1155 κόνεως
3259 1093 3335 1153 ὥς
3366 1095 3447 1157 είς
3495 1095 3629 1164 μίαν
3662 1098 3779 1150 ἑπι-

2210 1177 2437 1243 φάνειαν
2491 1177 2831 1245 συναφθῆναι
2860 1184 2982 1245 ταῖς
3032 1183 3120 1250 ἐφ’
3169 1186 3408 1254 ἑκάτερα
3435 1188 3779 1258 παρακειμέ-

2209 1285 2329 1331 ναις
2358 1267 2626 1333 πεδιάσιν,
2661 1268 2734 1331 ὡς
2761 1270 2878 1323 ἐνὸν
2909 1272 3010 1341 τῆς
3043 1275 3359 1346 πολιορκίας
3385 1278 3619 1347 εῐχοντο.

528 1353 690 1422 idque
716 1360 948 1425 agebant
980 1359 1326 1422 inobservati,
1380 1360 1630 1427 quoniam
1661 1360 1749 1427 qui
1789 1367 2220 1428 propugnatores
2291 1359 2442 1412 urbis
2498 1357 2752 1426 petebant.
2814 1359 3034 1427 jaculis,
3093 1375 3145 1419 et
3206 1366 3381 1420 minas
3434 1368 3778 1423 ostentabant

526 1449 736 1508 insilire
760 1452 811 1507 in
850 1471 1030 1511 muros
1057 1460 1384 1527 parantium,
1443 1460 1798 1513 attentionem
1866 1439 2237 1513 .Nicazensium
2294 1459 2347 1512 in
2400 1474 2457 1513 se
2509 1467 2677 1512 totam
2723 1469 3022 1515 verterant.
3092 1457 3201 1513 Isto
3272 1472 3401 1526 ergo
3469 1446 3779 1513 continuato

526 1542 714 1600 labore
749 1549 1084 1605 terebrandze
1111 1552 1294 1614 turris.
1329 1553 1540 1605 tandem
1570 1552 1836 1621 lapidibus
1868 1553 2125 1607 eruendis
2156 1552 2428 1621 tignisque
2456 1553 2852 1608 substituendis
2890 1554 3025 1605 adeo
3056 1549 3356 1620 profectum
3402 1561 3487 1605 est
3546 1560 3609 1603 ut
3670 1550 3776 1617 jam

528 1655 701 1711 llSqllc
730 1642 970 1695 intimam
1046 1644 1184 1696 muri
1241 1646 1582 1710 superﬁciem
1646 1663 1766 1717 qua:
1808 1647 1993 1700 urbem
2049 1646 2268 1715 respicit
2325 1661 2462 1715 opus
2496 1645 2848 1715 pertingeret.
2888 1645 2958 1698 ita
2993 1654 3051 1696 ut
3075 1645 3228 1698 rimis
3259 1645 3326 1698 ab
3358 1644 3444 1697 illa
3477 1654 3634 1713 parte
3668 1658 3784 1711 pcr-

532 1732 637 1786 viis
694 1733 1049 1789 translueerct
1106 1736 1241 1793 dies.
1303 1736 1437 1789 Tum
1498 1752 1628 1791 vero
1678 1739 1908 1807 injectus
1964 1738 2106 1806 ignis
2144 1737 2515 1804 supplementa
2549 1737 2638 1790 illa
2669 1737 2845 1806 lignea
2900 1736 3238 1804 consumpsit
3305 1737 3581 1804 molesque
3657 1735 3782 1791 tedi-

530 1822 642 1877 ﬁcii
677 1833 999 1892 superstans
1037 1826 1203 1880 l‘nmto
1256 1828 1572 1884 subsidente
1620 1828 1671 1882 in
1713 1844 1771 1883 se
1804 1827 2049 1882 incubuit
2093 1845 2107 1881 :
2162 1842 2303 1882 novo
2362 1826 2639 1882 aﬁirmans
2665 1836 2859 1882 eventu
2887 1826 3303 1896 appellationem
3330 1835 3567 1879 veterem
3640 1821 3786 1879 incli-

532 1925 672 1968 natm
705 1916 755 1969 in
779 1933 948 1982 genua
987 1922 1171 1974 turris.
1205 1917 1456 1984 instabat
1482 1921 1585 1976 sub
1613 1920 1729 1975 inec
1770 1920 2033 1990 Sangeles
2061 1926 2115 1975 et
2148 1920 2334 1974 exetcri
2379 1935 2479 1989 pro
2508 1934 2567 1975 se
2639 1920 2873 1988 quisque
2912 1917 3313 1973 circumdandae
3379 1915 3544 1981 vallo,
3603 1927 3786 1984 aggere

532 2005 846 2075 bellicisque
891 2011 1166 2078 operibus,
1202 2013 1468 2067 universa:
1512 2028 1608 2080 per
1645 2015 1909 2069 ambitum
1964 2014 2196 2069 civitati.
2249 2014 2588 2083 Fossamque
2634 2016 2744 2083 jam
2798 2019 3137 2083 comportata
3185 2023 3327 2065 terra
3402 2011 3483 2065 sic
3548 2009 3781 2076 undique

533 2102 906 2171 oppleverant,
963 2115 1018 2159 ut
1063 2108 1259 2177 aequali
1318 2120 1599 2180 coarquata
1641 2112 1929 2182 superﬁcie
1979 2127 2100 2169 cum
2140 2113 2352 2181 campis
2383 2113 2776 2181 adjacentibus,
2812 2110 3134 2166 inoﬂ'ersam
3181 2123 3351 2178 usque
3428 2107 3497 2161 ad
3570 2121 3777 2161 murum

536 2200 802 2267 pra-heret
833 2201 989 2257 viam.

611 2286 734 2341 ll.rc
769 2305 1075 2359 quanquam
1112 2294 1182 2345 ita
1221 2304 1395 2359 erant,
1444 2304 1623 2352 timen
1654 2298 1951 2367 imperator
1981 2300 2110 2353 sub-
2149 2297 2188 2351 Β

537 2378 719 2435 ductis
756 2395 1008 2437 accurate
1038 2385 1361 2451 rationibus,
1394 2388 1593 2455 sepius
1629 2389 1767 2458 apud
1812 2405 1869 2444 se
1901 2399 2112 2445 statue-

539 2482 624 2525 rat
657 2488 990 2543 nequaquam
1042 2492 1199 2544 posse
1232 2479 1349 2546 capi
1408 2478 1640 2535 Nicaaam
1674 2496 1702 2535 a
1739 2480 1967 2546 Latinis,
2028 2493 2111 2537 ut-

541 2578 757 2633 cunque
791 2567 864 2620 illi
916 2569 1269 2625 multitudine
1318 2571 1702 2627 innumerabili
1753 2575 2112 2631 abundarent.

541 2653 685 2723 Ergo
710 2655 764 2709 in
793 2668 1002 2723 partem
1038 2660 1154 2727 ipse
1184 2664 1491 2717 communis
1528 2664 1633 2717 voti
1673 2663 1923 2718 conferre
1974 2664 2114 2731 quod

543 2761 702 2801 suum
727 2757 846 2802 erat
876 2760 1026 2803 ratus
1052 2763 1440 2820 opportunum,
1475 2770 1727 2822 magnam
1771 2756 1965 2809 conﬁci
2008 2756 2113 2808 vim

539 2837 706 2907 jussit
726 2842 1093 2895 machinarum
1118 2847 1493 2914 oppugnandis
1525 2847 1748 2901 urbibus
1769 2848 2067 2903 cﬂicacium
2099 2866 2114 2902 :

546 2947 649 2986 nec
681 2948 865 2987 carum
899 2935 1057 2987 modo
1086 2951 1316 3005 quarum
1362 2939 1499 2991 ratio
1545 2947 1597 2992 et
1641 2939 1945 3009 designatio
1993 2951 2117 2995 nota

546 3035 689 3088 erat,
742 3025 1045 3094 vulgarium
1109 3028 1404 3083 artillcium
1455 3030 1694 3086 inventis
1746 3033 2121 3101 experimento

548 3118 916 3185 comprobatis
950 3136 965 3176 :
999 3121 1092 3174 sed
1146 3136 1409 3176 novarum
1443 3138 1683 3193 quoque,
1736 3140 1968 3195 quarum
2004 3126 2121 3195 ipse

549 3218 722 3264 artem
755 3212 962 3279 primus
990 3213 1421 3281 excogitaverat,
1471 3215 1743 3286 istamquc
1774 3233 1987 3272 omnem
2026 3234 2122 3273 co-

552 3303 695 3371 piam
747 3302 919 3358 Gallis
973 3303 1260 3359 comitibus
1318 3306 1467 3361 misit
1530 3308 1672 3363 haud
1724 3311 2124 3369 dissimulanter

554 3392 879 3447 mirantibus
911 3393 1400 3467 vel_liberalitatem
1438 3398 1518 3452 vel
1551 3400 1823 3469 ingenium
1867 3404 2118 3473 Augusti.

554 3485 821 3540 Caeterum
853 3487 970 3556 ipse
1001 3503 1122 3543 cum
1161 3491 1229 3545 iis
1260 3506 1397 3556 quas
1441 3492 1581 3547 forte
1616 3503 1909 3562 praesentes
1938 3498 2125 3552 habuit

556 3578 921 3635 translretans
953 3581 1123 3650 copiis
1163 3581 1509 3648 Pelecanum,
1536 3593 1597 3638 ut
1627 3586 1759 3653 dixi,
1792 3589 1985 3649 tenuit.
2021 3590 2124 3644 ibi-

557 3686 662 3736 quc
716 3673 916 3727 mansit
966 3690 1132 3742 prope
1178 3675 1356 3731 locum
1405 3674 1729 3746 Mesampela
1776 3690 2043 3745 vocatum,
2094 3699 2122 3735 a

554 3766 837 3821 vinearum
865 3767 1115 3823 videlicet
1142 3770 1458 3824 continuata
1494 3771 1857 3835 multitudine.
1889 3775 2125 3829 medium

559 3857 664 3908 late
720 3858 950 3925 spatium
1009 3858 1289 3928 implente,
1346 3860 1436 3913 ubi
1495 3868 1551 3914 et
1603 3868 1941 3915 exstructum
1995 3865 2125 3919 olim

560 3948 813 4015 templum
852 3949 1043 4005 visitur
1079 3951 1133 4004 in
1175 3953 1394 4007 nomine
1429 3951 1614 4009 Sancti
1651 3952 1829 4020 magni
1875 3956 2129 4026 martyris

558 4036 798 4108 Georgii.
832 4041 1200 4108 Propendcrat
1239 4043 1528 4112 aliquando
1559 4044 1613 4099 in
1658 4059 1778 4098 eam
1828 4055 2037 4114 partem
2073 4057 2133 4101 ut

562 4132 868 4196 conjunctis
898 4132 1008 4189 suis
1033 4148 1153 4192 cum
1188 4132 1505 4199 Latinorum
1548 4116 1793 4191 exercitu
1823 4138 1994 4205 copiis
2023 4154 2134 4194 uno

562 4222 788 4285 consilio
818 4233 979 4290 atque
1010 4224 1208 4292 impetu
1242 4226 1437 4283 bellum
1471 4228 1730 4291 adversus
1752 4228 1965 4284 atlteatn
1994 4230 2136 4285 Tur.-

563 4330 751 4375 corum
784 4327 995 4384 gentem
1026 4328 1354 4384 capesseret.
1417 4318 1614 4381 Postea
1661 4328 1842 4376 tamen
1890 4336 2015 4376 cum
2048 4333 2133 4379 at,

562 4417 712 4463 tenta
785 4407 1224 4464 consideratione
1304 4419 1610 4479 reputasset
1682 4413 2135 4473 innumerabilem

563 4496 965 4561 multitudinem
1037 4509 1339 4557 castrorum
1406 4501 1816 4572 Francicorutn,
1876 4506 2137 4561 adversus

566 4602 730 4656 quam
766 4586 1023 4646 Romanae
1052 4592 1218 4660 copiae
1250 4593 1451 4648 nullam
1488 4596 1890 4665 proportionem
1912 4613 2136 4667 compa-

568 4683 754 4741 rabilis
797 4684 1007 4741 numeri
1054 4684 1160 4741 ulla
1197 4700 1263 4740 ex
1296 4695 1449 4754 parte
1507 4689 1644 4744 tueri
1676 4698 1915 4756 possent,
1952 4690 2140 4745 adlimc

569 4773 915 4831 desultoriam
950 4776 1127 4841 gentis
1155 4776 1423 4833 levitatem
1455 4776 1505 4828 in
1541 4777 1787 4831 consiliis
1822 4778 2138 4845 mutandis;

570 4877 827 4934 praetcrea
873 4864 1089 4925 inﬁdam
1136 4866 1449 4921 societatem
1483 4865 1799 4933 cupidarum
1827 4875 1883 4921 et
1913 4866 2143 4921 instabi-

565 4961 696 5017 lium
725 4962 1007 5023 mentium,
1078 4960 1262 5030 Euripi
1310 4961 1418 5015 rilu
1471 4975 1591 5017 sese
1641 4961 1884 5025 assidue,
1919 4961 1973 5015 in
2006 4974 2142 5016 con-

568 5056 735 5107 traria
764 5055 1100 5125 plerumque,
1139 5055 1590 5123 reciprocantium
1627 5068 1692 5107 ac
1720 5068 1829 5122 prze
1852 5054 2140 5122 impotenti
2175 5019 2221 5075 Β

568 5139 821 5211 avaritia,
853 5162 950 5217 pro
986 5163 1082 5215 spe
1106 5163 1267 5218 quam
1298 5147 1550 5209 vilissimi
1586 5146 1764 5202 oblata
1802 5146 1961 5209 lucri,
1996 5162 2137 5201 uxo-

2295 2295 2355 2345 Ὀ
2394 2292 2448 2343 δὲ
2496 2290 2771 2358 βασιλεὺς,
2802 2287 2968 2341 πολλᾶ
3008 2286 3269 2348 πολλάκις
3302 2286 3789 2354 ἀκριϐολογισέμε-

2215 2396 2346 2446 vat‘
2392 2392 2484 2442 καὶ
2538 2386 2788 2452 διαγνοὺς
2839 2387 3124 2452 ἀμήχανον
3171 2379 3309 2434 εἶναι
3366 2381 3465 2450 τὴν
3512 2383 3784 2434 Νίκαιαν⁵

2216 2484 2367 2552 παρὰ
2403 2480 2510 2532 τῶν
2547 2477 2793 2531 Λατίνων
2824 2475 3054 2537 ἁλῶναι,
3077 2476 3181 2528 κᾶν
3216 2474 3394 2526 πάντα
3423 2474 3788 2542 ὑπερέϐαλλον

2215 2574 2472 2645 ἀριθμὸν,
2518 2573 2578 2623 ὲν
2619 2571 2775 2639 μέρει
2821 2568 2921 2638 μὲν
2950 2569 3180 2620 παντοῖα
3223 2567 3337 2635 εἴδη
3374 2566 3673 2619 ἑλεπόλεων
3697 2584 3789 2619 κα·

2214 2664 2598 2725 τασκευάσας“,
2635 2662 2732 2715 καὶ
2777 2662 2845 2713 τὰ
2888 2660 3065 2713 πλείω
3120 2658 3330 2712 τούτων
3379 2660 3442 2712 οὗ
3481 2659 3614 2711 κατὰ
3662 2659 3782 2719 τοὺς

2215 2759 2324 2813 τῶν
2363 2756 2683 2828 μηχανικῶν
2728 2754 2991 2825 τρόπους,
3044 2752 3181 2806 ἀλλὰ
3213 2751 3339 2806 καθ’
3377 2752 3595 2822 ἐτέρους
3640 2751 3785 2813 τινας

2216 2846 2414 2915 λόγους
2441 2844 2588 2915 αὐτῷ
2620 2844 2940 2904 δοκοῦντας,
2973 2843 3001 2896 ὃ
3034 2846 3130 2895 καὶ
3162 2842 3348 2912 θαῦμα
3380 2844 3515 2895 πᾶσι
3546 2844 3791 2909 παρεῖχε,

2218 2942 2333 3002 τοῖς
2376 2941 2616 3007 κόμησιν
2669 2938 3020 3003 ἑκπέπομφε.
3094 2935 3336 2998 Ἐκεῖνος
3384 2934 3443 2987 δὲ
3508 2932 3650 3003 μετὰ
3693 2931 3792 2987 τῶν

2219 3032 2656 3102 παρατυχόντων
2687 3029 3031 3101 διαπεράσας
3052 3067 3068 3090 ,
3117 3027 3193 3091 ὡς
3222 3027 3325 3097 ἤδη
3360 3024 3575 3093 φθάσας
3599 3027 3627 3078 ὁ
3650 3024 3794 3091 λὸγῡς

2221 3127 2482 3198 ἐδήλωσε,
2565 3124 2711 3178 κατὰ
2773 3122 2866 3176 τὸν
2935 3118 3247 3175 Πελεκάνον
3297 3119 3571 3187 διέτριϐεν
3631 3113 3794 3185 ἀγχοῦ

2220 3218 2327 3270 τῶν
2371 3215 2783 3285 Μεσαμπέλων,
2812 3206 2875 3268 οὗ
2921 3212 3020 3267 καὶ
3057 3213 3288 3280 τέμενος
3329 3209 3418 3262 ἐπ’
3448 3209 3677 3277 ὀνόματι
3707 3204 3796 3259 τοῦ

2238 3306 2421 3373 ’Λγίου
2443 3305 2935 3374 μεγαλομάρτυρος
2956 3302 3234 3372 Γεωργίου
3261 3299 3430 3354 πάλαι
3458 3298 3796 3368 ᾠκοδόμητο.

2227 3398 2426 3451 Ἤθελε
2488 3397 2589 3467 μὲν
2647 3392 2741 3450 οὖν
2799 3395 2976 3458 οὕτως
3024 3396 3053 3449 ό
3102 3391 3463 3463 αὐτοκράτωρ
3517 3393 3658 3460 μετὰ
3696 3388 3795 3441 τῶν

2224 3489 2476 3544 Λατίνων
2531 3489 2676 3543 κατὰ
2722 3488 2832 3541 τῶν
2866 3487 3046 3541 ἀθέων
3096 3483 3461 3539 συναπελϐεἴν
3517 3483 3798 3553 Τούρκων·

2225 3581 2567 3637 ταλαντεύων
2615 3582 2674 3635 δὲ
2725 3581 2827 3636 τὴν
2861 3581 3118 3633 ὑπόθεσιν
3153 3577 3247 3631 καὶ
3289 3577 3352 3630 τὸ
3394 3573 3802 3644 ἀπειροπληθὲς

2232 3674 2327 3727 τοῦ
2372 3672 2689 3743 Φραγγικοῦ
2733 3674 3006 3740 φοσσάτου
3061 3671 3138 3733 ὡς
3192 3669 3330 3738 πρὸς
3385 3668 3449 3720 τὸ
3499 3664 3804 3735 Ῥωμαϊκὸν

2235 3768 2561 3837 στράτευμα
2605 3765 2888 3819 κατανοῶν
2941 3764 3378 3832 ἀνυπέρϐλητον,
3432 3763 3531 3815 καὶ⁸
3563 3761 3665 3829 τὴν
3710 3774 3804 3812 πα-

2234 3859 2568 3929 λίμϐουλον⁸
2617 3859 2728 3914 τῶν
2766 3859 3012 3915 Λατίνων
3068 3856 3297 3925 γνώμην
3328 3858 3392 3907 ὲκ
3433 3853 3653 3923 μακροῦ
3686 3853 3804 3904 ἔπι-

2237 3953 2526 4020 στάμενος,
2557 3952 2767 4023 ἀπέστη
2820 3951 2915 4003 τοῦ
2948 3951 3384 4020 ἐγχειρήματος·
3416 3948 3478 3999 οὑ
3513 3947 3603 3999 διὰ
3652 3942 3807 3997 τοῦτο

2235 4045 2293 4099 δὲ
2339 4045 2524 4115 μόνον,
2558 4043 2699 4099 ἀλλὰ
2748 4043 2845 4097 καὶ
2873 4042 2933 4095 τὸ
2979 4041 3238 4096 ἀϐέϐαιον
3282 4038 3512 4092 ἐκείνων
3543 4037 3641 4089 καὶ
3689 4034 3807 4087 ἇπι·

2239 4154 2365 4192 στον
2415 4134 2683 4207 προειδὼς
2747 4134 2992 4205 Εὐρίπου
3051 4134 3208 4200 δίκην
3247 4129 3719 4201 μεταφερομένων
3758 4125 3810 4183 ἐς

2239 4225 2504 4281 τάναντία
2549 4224 2814 4287 πολλάκις
2835 4264 2851 4285 ,
2901 4222 3002 4285 τάς
3029 4239 3089 4276 τε
3119 4223 3387 4288 γυναῖκας
3428 4219 3525 4270 καὶ
3555 4217 3624 4272 τὰ
3656 4216 3810 4269 τέκνα

2241 4319 2478 4385 ἑτοίμως
2533 4316 2770 4386 ἐχόντων
2814 4311 3005 4368 ὀϐολοῦ
3050 4312 3171 4374 Mc
3211 4309 3560 4378 ἀπεμπολεῖν
3602 4307 3692 4361 διὰ
3734 4321 3812 4372 φι-

2241 4408 2588 4479 λοχρήματον
2633 4403 2882 4475 γνώμην.
2946 4403 3175 4463 Τούτοις
3212 4402 3314 4471 μὶν
3370 4401 3486 4461 τοῖς
3538 4394 3811 4463 λογισμοῖς

2244 4501 2438 4556 ἑαυτὸν
2470 4498 2548 4570 τῷ
2579 4499 2701 4553 τότε
2722 4499 2743 4530 ⁷
2777 4496 3036 4568 ἀπεῖρξεν
3064 4497 3092 4548 ὁ
3118 4492 3482 4561 αὐτοκράτωρ
3507 4489 3606 4543 τοῦ
3645 4490 3811 4555 ὲγχει·

2247 4593 2522 4662 ρήματοςεῑ
2551 4589 2659 4642 δεῖν
2710 4588 2769 4641 δὲ
2824 4587 2968 4655 ἔγνω
3011 4583 3086 4654 μὴ
3136 4583 3511 4652 συμπαρεῖναι
3565 4579 3664 4648 μὲν
3709 4575 3811 4634 τοῖς

2247 4682 2492 4745 Κελτοῖς,
2521 4681 2796 4750 τοσαύτην
2825 4680 2884 4733 δὲ
2923 4679 3106 4739 αὐτοῖς
3131 4676 3334 4729 διδόναι
3388 4672 3559 4742 ῥοπὴν
3613 4668 3811 4731 ὁπόσην

2247 4777 2316 4829 ἂν
2338 4775 2433 4828 καὶ
2464 4773 2676 4844 παρών.
2708 4773 2782 4826 Τὸ
2808 4771 2900 4826 οὖν
2925 4770 3297 4841 ἐρυμνότατον
3320 4766 3431 4819 τῶν
3460 4764 3560 4831 τῆς
3591 4758 3813 4816 Νικαίας

2246 4866 2443 4938 τειχῶν
2464 4866 2772 4935 γινώσκων,
2807 4863 3076 4919 ἀδύνατον
3107 4860 3207 4930 τὴν
3239 4858 3442 4926 ταύτης
3486 4855 3810 4920 κατάσχεσιν

2251 4960 2407 5030 παρὰ
2468 4960 2579 5013 τῶν
2634 4958 2884 5012 Λατίνων
2946 4955 3243 5025 ἠπίστατο.
3300 4948 3605 5005 Μανθάνων
3650 4945 3706 4995 δὲ
3740 4942 3813 4991 ὅτι

2254 5053 2452 5126 ῥᾳδίως
2489 5051 2578 5106 διὰ
2603 5052 2704 5121 τῆς
2735 5048 3147 5119 παρακειμένης
3186 5044 3385 5114 λίμνης
3417 5038 3528 5112 (86)
3567 5037 3814 5126 δυνάμεις

2247 5124 2443 5207 ίκανὰς
2507 5146 2603 5198 καὶ
2665 5143 2737 5197 τὰ
2787 5140 3014 5211 ζωαρκῆ
3079 5139 3260 5191 πάντα
3315 5137 3344 5187 ὁ
3404 5130 3695 5189 σουλτάνος
3742 5124 3813 5183 εἰς

1633 5275 1837 5338 Variae
1872 5275 2179 5339 lectiones
2207 5293 2284 5338 ex
2313 5275 2455 5339 cod.
2492 5275 2751 5337 Coislin.

644 5379 814 5451 ³ριπῇ
889 5382 911 5412 ⁸
937 5378 1532 5450 ἀκριϐολογησᾶμενος.
1605 5380 1628 5413 ⁸
1659 5377 1867 5433 Desunt
1899 5392 2060 5434 voces
2094 5378 2193 5449 τὴν
2216 5378 2477 5433 Νίκαιαν.
2557 5379 2578 5410 ⁸
2610 5375 2969 5445 παλίμϐολον.
3048 5374 3069 5405 ν
3100 5371 3260 5434 τέως.

1649 5515 1786 5577 Car.
1818 5511 2135 5575 Dufresnii
2167 5513 2260 5575 Du
2291 5512 2507 5591 Cangii
2536 5520 2731 5573 notae.

648 5636 760 5703 (85)
790 5637 1104 5705 κλιθῆναι.
1122 5637 1398 5692 Tudebod.
1425 5636 1518 5691 lib.
1542 5651 1616 5701 tv,
1634 5650 1755 5705 pag.
1774 5636 1872 5690 ’781
1901 5654 1915 5702 ;
1938 5634 2144 5690 Albcrt.

575 5705 681 5773 Λα.
723 5708 817 5759 lib.
855 5724 915 5769 tt,
953 5724 1072 5775 cap.
1106 5708 1194 5761 56.

654 5776 764 5846 (86)
798 5774 1046 5845 Λίμνης.
1078 5776 1214 5833 Rem
1246 5788 1469 5830 narrant.
1519 5776 1776 5833 Albertus
1805 5775 1906 5840 Aq.
1944 5774 2104 5846 lilt._tt
2127 5813 2142 5833 .

586 5843 706 5923 cap.
739 5843 880 5908 '52,—
910 5847 1254 5923 liaymundus
1306 5848 1371 5900 de
1421 5846 1619 5917 Agilcs,
1682 5862 1802 5914 pag.
1850 5845 1968 5911 Hi,
2008 5843 2143 5911 πως

2259 5635 2483 5691 Robert.
2549 5633 2690 5688 lion.
2746 5632 2997 5703 libum,
3048 5644 3167 5698 pag.
3203 5615 3804 5703 40;“Ba_l_dric.pllib.

2254 5687 2525 5775 pag-.796;
2566 5702 2812 5757 Guilterl.
2852 5701 2946 5755 lib.
2988 5687 3263 5767 tut-,Vcap.
3293 5687 3367 5761 '8;
3421 5694 3542 5762 'l'yr.
3593 5687 3688 5740 lib.
3738 5693 3811 5745 ut,

2255 5792 2373 5844 cap.
2416 5774 2450 5831 6
2477 5788 2529 5830 ct.
2562 5774 2615 5828 7.
