4040 6280
237 349 340 410 ξοι

1548 351 1960 411 ALEXIADIS
1995 353 2144 415 LIB.
2183 355 2284 416 ΧΙ.

3408 360 3517 424 802

240 465 382 515 νεεῖν
432 464 731 534 ἀποϐαῖεν,
799 467 1141 537 παραχρῆμα
1177 465 1561 536 ἐκπέμπεσθαι
1623 464 1834 526 τούτους

1946 481 2008 519 ac
2037 467 2246 521 honore
2301 466 2589 538 imaginis,
2637 469 2835 543 quibus
2892 471 2967 525 illi
3023 472 3165 540 capti
3222 473 3419 541 spebus
3457 486 3513 530 ct

248 555 387 624 πρὸς
421 556 520 609 τὸν
571 559 952 628 αὐτοκράτορα
990 559 1082 611 καὶ
1121 559 1254 627 μηδέ
1288 557 1422 626 πρὸς
1458 556 1667 626 βραχύν
1715 572 1836 608 τινα

249 647 443 714 χρόνον
477 650 891 719 παρακατέχειν
921 651 1136 713 αὐτοὺς,
1169 651 1252 701 ἶνα
1291 651 1385 717 μὴ,
1423 649 1561 717 μετὰ
1579 647 1686 698 τῶν
1711 647 1836 698 61c:-

255 737 381 787 σθεν
435 739 812 806 πεμπομένων
871 738 1131 807 Τούρκων
1187 739 1498 800 ἐνωοέντες,
1551 738 1740 790 σκαιόν
1782 753 1835 787 τι

256 822 376 872 κατ’
410 824 594 876 αὐτῶν
631 825 1008 894 μελετήσαιεν.
1060 825 1133 877 Τὸ
1163 827 1218 878 δὲ
1270 826 1377 895 ἄρα
1431 826 1740 895 προφητεία
1767 821 1836 893 ἦν

257 911 518 982 ἄντικρυς
539 930 553 944 ·
588 916 681 966 καὶ
700 916 799 986 τῆς
830 917 1028 982 πολλῆς
1050 917 1143 969 τοῦ
1173 917 1363 986 ἀνδρὸς
1397 919 1607 970 ἐκείνου
1643 921 1835 984 ἐμπει-

257 1008 379 1075 ρίας
416 1007 724 1076 στοχασμὸς
758 1007 1172 1079 ἀναντίρρητος.
1205 1009 1312 1062 Καὶ
1337 1009 1446 1078 γὰρ
1472 1009 1582 1061 ἐστ’
1605 1009 1670 1062 ἂν
1698 1010 1834 1078 ταχὺ

257 1098 392 1164 πρὸς
428 1098 518 1149 τὸν
551 1098 936 1169 αὐτοκράτορα
981 1103 1108 1163 τοὺς
1157 1101 1684 1168 καταλαμϐάνοντας
1751 1098 1837 1160 ἐξ·

256 1195 531 1258 ἔπεμπον,
564 1193 622 1244 ἐν
650 1193 918 1264 ἀσφαλείᾳ
944 1212 1004 1246 τε
1021 1191 1177 1264 ἦσαν,
1197 1195 1291 1248 καὶ
1309 1195 1484 1258 οὐδεὶς
1514 1196 1695 1258 αὐτοῖς
1717 1197 1834 1248 κίν-

256 1281 409 1344 δυνος
438 1280 772 1351 ἐφειστήκει.
819 1284 990 1336 Ἐπὰν
1029 1285 1084 1337 δὲ
1110 1285 1599 1350 ἀναπεπτώκεσαν,
1630 1285 1658 1337 ὁ
1686 1286 1836 1354 παρὰ

255 1372 365 1423 τῶν
394 1372 695 1441 Βαρϐάρων
726 1371 818 1435 οὓς
865 1375 972 1444 ἄρα
1025 1375 1448 1445 παρακατέσχον
1505 1377 1624 1428 κατ’
1655 1375 1834 1428 αὐτῶν

259 1461 554 1531 ἐξηρτύετο
591 1465 862 1530 κίνδυνος.
910 1467 1018 1518 Καὶ
1070 1469 1180 1537 γὰρ
1227 1467 1627 1530 πλεονάσαντες
1681 1468 1834 1520 ἐδου-

258 1553 476 1606 λεύοντο
519 1554 666 1606 δυεῖν
698 1555 982 1627 Θάτερονῆ
1029 1557 1223 1620 νυκτὸς
1262 1557 1576 1626 ἐπιθέμενοι
1620 1557 1834 1620 τούτοις

257 1648 596 1710 ἀποκτεῖναι,
632 1646 662 1716 ἢ
689 1647 976 1717 δεσμώτας
1003 1649 1080 1716 τῷ
1117 1649 1394 1717 σουλτάνῳ
1421 1652 1829 1719 προσενεγκεῖν.

256 1737 618 1803 Συνδόξαντός
645 1755 704 1790 τε
738 1741 928 1792 τούτου
979 1742 1113 1794 πᾶσι
1145 1740 1438 1810 βελτίονος,
1498 1741 1693 1804 νυκτὸς
1737 1741 1833 1792 αὑ-

254 1827 368 1887 τοῖς
399 1825 716 1896 ἐπιθέμενοι
747 1827 1030 1898 δεσμώτας
1057 1828 1200 1883 κατὰ
1226 1830 1294 1882 τὰ
1323 1829 1833 1899 προϐεϐουλευμέια

255 1914 650 1984 περιάγοντες,
682 1916 896 1970 ἐκεῖθεν
917 1916 1147 1988 ἐξῄεσαν
1171 1933 1186 1948 ·
1221 1914 1342 1972 εἶτα
1375 1918 1439 1989 δὴ
1472 1919 1571 1988 τὴν
1606 1920 1835 1988 ἀκρολο-

256 2006 384 2074 φίαν
409 2005 504 2059 τοῦ
544 2007 740 2071 Ἁζαλᾶ
770 2010 1163 2078 κατειληφότες
1184 2027 1198 2042 ο
1235 2011 1398 2073 τόπος
1425 2011 1481 2062 δὲ
1514 2005 1669 2072 οὗτος
1699 2028 1832 2063 στα-

255 2097 401 2160 δίους
421 2137 436 2151 .
461 2133 478 2151 .
500 2135 516 2151 .
539 2135 554 2151 .
593 2098 703 2152 τῶν
735 2101 931 2169 τειχῶν
960 2102 1195 2163 Νικαίας
1228 2103 1446 2170 ἀπέχων
1468 2118 1482 2133 ο
1510 2102 1649 2154 κεῖθι
1679 2102 1830 2170 γοῦν,

255 2191 330 2251 ώς
356 2188 537 2256 λόγος,
571 2192 1008 2260 παραγενόμενοι
1042 2193 1147 2246 τῶν
1176 2194 1358 2247 ἵππων
1381 2195 1684 2257 ἀποϐάντες
1711 2195 1834 2248 τού-

255 2297 378 2343 τους
409 2281 699 2351 ἀνέψυχον.
746 2282 902 2336 Ἐπεὶ
933 2283 979 2336 δ’
1006 2284 1034 2335 ὁ
1066 2284 1168 2353 μὲν
1218 2285 1541 2355 Μοναστρᾶς
1573 2285 1833 2356 μιξοϐάρ-

258 2372 424 2441 ϐαρος
457 2368 526 2442 ἦν
555 2375 647 2426 καὶ
673 2374 773 2444 τῆς
798 2375 1108 2447 Τουρκικῆς
1138 2377 1379 2448 εἰδήμων
1409 2378 1714 2445 διαλέκτου,
1737 2382 1830 2434 καὶ

259 2463 421 2525 αὐτὸς
451 2465 479 2514 ὁ
522 2462 846 2532 Ῥοδομηρὺς
874 2465 1042 2518 πάλαι
1067 2465 1202 2534 πρὸς
1232 2467 1341 2518 τῶν
1367 2467 1629 2536 Τούρκων
1666 2487 1832 2523 κατα·

263 2552 476 2621 σχεοεὶς
508 2555 599 2606 καὶ
629 2555 820 2622 χρόνον
853 2556 1046 2624 συχνὸν
1095 2556 1214 2624 μετ’
1245 2557 1425 2610 αὐτῶν
1458 2560 1829 2629 ἐνδιατρίψας,

256 2644 367 2696 036'
395 2645 558 2707 αὐτὸς
606 2645 774 2714 ἀδαὴς
804 2646 898 2716 τῆς
924 2647 1182 2715 τοιαύτης
1213 2642 1282 2717 ἦν
1311 2647 1618 2714 διαλέκτου,
1675 2651 1834 2703 πιθα-

259 2737 377 2798 νοὺς
415 2735 548 2806 πρὸς
575 2736 768 2798 αὐτοὺς
803 2737 1010 2806 συχνῶς
1038 2737 1316 2790 ἀνεκίνουν
1343 2739 1550 2808 λόγους,
1576 2742 1717 2799 ,Ἵνα
1755 2745 1831 2810 τί,

256 2827 534 2893 λέγοντες,
570 2826 713 2896 ἡμῖν
737 2830 853 2896 μὲν
898 2828 1159 2884 θανάτου
1219 2831 1510 2899 ποτήριον
1569 2834 1829 2902 κιρνᾶτε,

257 2913 397 2968 οὐδὲ
416 2911 644 2982 μικράν
687 2930 818 2966 τινα
875 2914 987 2982 τὴν
1028 2914 1244 2982 ὄνησιν
1289 2917 1522 2985 ἑαυτοῖς
1553 2919 1832 2976 ἐντεῦθεν

257 3001 852 3069 πραγματευόμενοι;
884 3000 1054 3070 ὑμεῖς
1102 3001 1170 3054 δὲ
1203 3003 1321 3055 τῶν
1353 3005 1556 3058 ἄλλων
1592 3007 1832 3062 πάντων

253 3096 536 3161 μεγάλων
591 3091 951 3160 δωρημάτων
1021 3091 1180 3161 παρὰ
1238 3094 1341 3148 τοῦ
1391 3099 1829 3169 αὐτοκράτορος
1857 3145 1899 3202 C

256 3183 742 3238 ἀπολαυσάντων
763 3184 861 3235 καὶ
880 3185 1138 3252 ἐτησίων
1152 3186 1470 3254 χρημάτων
1513 3191 1705 3260 λῆψιν
1734 3210 1831 3246 τυ-

255 3277 574 3329 πωθέντων
596 3273 712 3328 τῶν
721 3274 1058 3343 βαρϐάρων,
1078 3279 1184 3342 οὓς
1215 3278 1326 3346 ἄρα
1347 3285 1691 3348 παρακατέσ
1696 3301 1829 3351 χον,

254 3369 513 3433 ἑαυτοὺς
561 3368 865 3421 τοσούτων
909 3368 950 3398 ¹¹
1005 3368 1408 3436 ἀποστερεῖτε.
1473 3373 1569 3442 Μὴ
1626 3377 1834 3429 τοίνυν

256 3462 411 3515 οὕτω
441 3459 574 3527 περὶ
599 3457 829 3512 ἑαυτῶν
865 3460 1134 3527 φρονεῖτε
1151 3479 1170 3525 ;
1201 3464 1306 3518 Καὶ
1331 3463 1472 3526 ἐξὸν
1501 3465 1833 3533 ἀκινδύνως

255 3551 549 3612 σώζεσθαι
583 3551 683 3604 καὶ
713 3551 952 3615 πλούτῳ
983 3550 1290 3620 κομῶντας
1338 3555 1425 3618 εις
1461 3558 1532 3609 τὰ
1574 3557 1833 3624 σφέτερα

255 3644 737 3711 ἐπαναστρέφειν
792 3642 834 3673 ¹³
902 3643 999 3696 καὶ
1065 3643 1270 3712 χωρῶν
1322 3645 1621 3714 ἐγκρατεῖς
1685 3651 1834 3715 ἴσως

258 3733 535 3803 γενέσθαι
554 3737 640 3800 εἰς
655 3730 962 3802 προῦπτον
978 3736 1229 3798 ἑαυτοὺς
1248 3737 1615 3806 ἐπιρρίπτετε
1633 3742 1834 3795 κίνδυ-

256 3842 388 3878 νον.
452 3827 601 3890 ισως
640 3827 749 3892 γὰρ
771 3826 862 3878 καὶ
893 3825 1015 3892 τοῖς
1039 3824 1307 3894 λοχῶσιν
1330 3829 1516 3882 αὑτοῦ
1538 3848 1655 3883 που
1697 3831 1836 3884 Ῥω-

253 3917 455 3990 μαίοις
504 3917 866 3984 ἐντυχόντες
902 3919 1134 3985 ῥύακας
1193 3918 1325 3970 ταῖν
1381 3919 1582 3987 χεροῖν
1615 3922 1835 3975 ἐπιδεί-

258 4013 478 4078 ξαντες
500 4011 596 4064 καὶ
625 4010 870 4075 ἑλώδεις
909 4011 1130 4076 τόπους
1175 4011 1671 4077 ἁναιρηθήσεσθε.
1725 4017 1832 4070 Καὶ

259 4093 368 4174 γὰρ
391 4102 818 4170 ἐνεδρεύουσιν
843 4099 995 4170 ὑμᾶς
1011 4101 1176 4169 μάλα
1204 4117 1269 4168 γε
1301 4100 1573 4154 πλεῖστοι
1597 4103 1666 4156 οὐ
1685 4108 1834 4158 Κελ-

258 4199 348 4252 τοὶ
388 4196 488 4252 καὶ
544 4197 832 4262 Βάρϐαροι
865 4193 1095 4261 μόνον,
1155 4193 1315 4246 ἀλλὰ
1380 4193 1476 4246 καὶ
1542 4196 1837 4264 Ῥωμαίων

258 4290 494 4358 πλῆθος
523 4290 592 4340 οὺ
624 4285 944 4353 μετρητόν.
981 4287 1050 4336 Εἰ
1090 4286 1236 4351 γοῦν
1272 4285 1415 4352 ὑμῖν
1451 4285 1493 4316 ’⁵
1537 4289 1833 4356 πείθεσθε,

257 4382 632 4449 στρέψαντες
657 4375 764 4440 τὰς
790 4375 958 4442 ἡνίας
985 4375 1131 4442 ὁμοῦ
1155 4374 1532 4444 φοιτήσωμεν
1559 4377 1703 4444 πρὸς
1731 4381 1838 4431 τίν

1941 558 2105 613 facile
2141 561 2350 614 assensi
2383 571 2541 614 noctu
2576 577 2669 630 per
2704 562 2879 617 lacum
2913 564 3142 620 subinde
3163 566 3322 620 simul
3354 567 3511 634 pauci

1939 650 2333 704 etnittebanlur
2367 653 2434 705 ad
2475 652 2873 708 Rhodomerum
2909 666 2962 707 et
3011 657 3288 724 ltyln-idam
3335 657 3512 710 Muna-

1938 749 2129 806 stram,
2156 743 2243 810 qui
2272 745 2415 796 circa
2441 745 2752 813 Oppidulum
2777 761 2805 797 a
2830 748 3045 800 domino
3068 746 3296 813 Georgio
3315 764 3508 802 nomen

1939 832 2225 894 obtinens,
2281 840 2652 890 morabantur.
2710 838 2918 902 Quibus
2949 840 3247 892 Bummites
3295 841 3357 892 ad
3397 843 3512 893 sin-

1937 927 2089 993 gulas
2124 930 2567 984 trnnsmissiones
2603 942 2936 997 s:'lt'aparum
2972 933 3156 985 sedulo
3199 936 3506 997 tt‘iatnlnlml,

1936 1016 2083 1085 ipsos
2109 1030 2167 1073 ut
2201 1022 2318 1074 sine
2354 1038 2520 1085 mura,
2554 1024 2633 1075 sic
2667 1038 2758 1090 per
2797 1034 2998 1078 turmas
3022 1029 3258 1077 modiea~
3293 1041 3510 1089 separa-

1939 1117 2020 1164 tos
2070 1114 2298 1165 seorsim
2348 1115 2414 1165 ad
2471 1115 2850 1183 imperatorem
2911 1117 3139 1171 subinde
3194 1127 3508 1182 Ittlltctcm;

1937 1215 2274 1270 nequaquam
2327 1212 2715 1269 exspectantes
2770 1206 2946 1273 quoad
2998 1223 3135 1261 unus
3203 1209 3509 1276 manipulus

1936 1308 2118 1346 eorum
2146 1309 2265 1347 cum
2296 1304 2557 1364 sequente
2579 1297 2826 1366 conjungi
2863 1308 3046 1365 posset
3071 1317 3082 1350 :
3105 1299 3312 1366 quodasi
3333 1302 3506 1366 ﬁeret,

1935 1386 2231 1452 periculum
2289 1397 2404 1440 erat
2453 1403 2517 1442 ne
2572 1389 2643 1441 illi
2686 1391 3072 1457 conjunctione
3100 1391 3190 1443 tali
3235 1395 3506 1458 praevalidi

1937 1479 2112 1531 audax
2165 1479 2440 1547 quippiam
2482 1481 2532 1534 in
2567 1481 2842 1535 Romanos
2878 1493 3227 1537 attentarenl.
3269 1483 3509 1536 Prudens

1937 1569 2050 1622 hmc
2083 1571 2347 1637 sapientis
2401 1573 2502 1626 viri
2543 1573 2722 1627 cautio
2751 1577 3044 1642 prophetia:
3083 1577 3292 1642 pondus
3323 1578 3405 1628 ita!
3430 1577 3509 1629 uit

1935 1660 2285 1714 Cassandreae
2307 1661 2586 1728 cujusdam
2609 1667 2829 1718 et'smo
2855 1669 3090 1718 creditae.
3120 1667 3309 1720 Primae
3336 1679 3511 1722 trans.

1939 1754 2224 1807 missiones
2261 1763 2387 1806 tuta:
2437 1763 2598 1822 atque
2642 1756 2871 1809 innoxiae
2923 1756 3174 1820 fuerunt,
3233 1773 3361 1810 cura
3405 1756 3508 1810 ista

1938 1861 2096 1913 quam
2129 1846 2364 1899 diximus
2417 1845 2578 1915 315
2621 1847 2886 1900 adhibita.
2922 1847 3149 1914 Deinde,
3183 1859 3242 1901 ut
3283 1851 3340 1904 lit
3389 1851 3509 1903 dili-

1934 1936 2113 2004 gentia
2162 1936 2580 2002 elanguescente
2602 1975 2616 2000 ,
2673 1935 2943 1989 conﬂuere
2975 1937 3222 2003 permissi
3255 1954 3413 1991 unam
3453 1940 3505 1992 in

1937 2043 2152 2079 manuni
2193 2027 2615 2079 numerosiorem
2667 2041 2826 2094 quam
2876 2043 2970 2095 pro
2995 2029 3275 2082 ductorum
3325 2030 3508 2093 pauci.

1938 2127 2066 2179 tate,
2107 2117 2329 2170 Barbari
2356 2156 2371 2181 ,
2403 2131 2461 2170 se
2490 2117 2909 2184 circumspicere
2937 2119 3188 2187 viresque
3233 2121 3508 2174 aestimare

1935 2209 2206 2276 proprias,
2273 2207 2699 2278 ducentibusque
2730 2207 2987 2263 Romanis
3031 2222 3120 2263 aut
3168 2211 3366 2264 easdem
3415 2220 3508 2264 aut

1934 2302 2248 2354 servitutem
2280 2301 2574 2353 decernere
2604 2310 2916 2368 coeperunt,
2949 2303 3080 2356 satis
3110 2305 3257 2373 gnari
3292 2315 3506 2373 gratum

1935 2403 1994 2443 se
2043 2403 2238 2442 munus
2295 2389 2573 2442 oblaturos
2628 2389 2843 2444 sultano
2891 2391 2979 2444 sui
3025 2393 3068 2446 si
3101 2392 3370 2449 ltotnanos
3431 2396 3506 2450 illi

1935 2479 2073 2535 tales
2133 2489 2188 2534 et
2245 2489 2395 2534 tanto
2435 2494 2662 2535 nmnero
2695 2482 2937 2550 captivos
2976 2485 3326 2540 adducerent.
3364 2486 3506 2556 Ergo

1935 2572 2009 2625 ita
2045 2581 2358 2640 comparato
2415 2571 2642 2627 consilio
2687 2583 2745 2626 ut
2800 2588 2993 2640 capere
3025 2574 3296 2630 Romanos
3341 2592 3503 2645 quam

1934 2663 2185 2716 occidere
2217 2665 2390 2717 satius
2451 2664 2732 2728 ducerent,
2756 2673 2922 2718 noctu
2974 2666 3028 2718 in
3060 2681 3154 2720 eos
3181 2665 3462 2734 insurgunt
3488 2710 3502 2729 ,

1935 2754 2286 2822 vinciuntque
2313 2764 2572 2808 cunctos:
2594 2763 2648 2808 et
2669 2765 2876 2808 mutata
2897 2768 3117 2824 repente
3140 2759 3360 2826 regione
3384 2773 3413 2810 v
3435 2773 3507 2821 ae,

1935 2844 1987 2897 in
2018 2857 2137 2898 eam
2174 2855 2382 2911 partem
2421 2845 2524 2898 iter
2553 2859 2673 2898 cum
2712 2847 2776 2899 iis
2815 2846 3101 2900 intendunt
3142 2864 3246 2914 qua
3283 2862 3504 2917 tergere

1933 2935 2221 3001 oportebat
2259 2934 2326 2987 ad
2359 2933 2629 2988 sultanem
2663 2936 2858 2990 ituros.
2904 2933 2996 2989 Sic
3024 2946 3213 2991 euntes
3246 2952 3507 3006 pervenc-

1937 3032 2060 3077 runt
2107 3024 2160 3078 in
2193 3024 2446 3078 verticem
2502 3024 2682 3079 Azalaa
2733 3025 2926 3092 (locus
2988 3027 3076 3080 llic
3137 3039 3218 3080 est
3270 3042 3301 3079 a
3364 3028 3506 3082 muri

1936 3114 2250 3169 Nicaeae"...
2285 3115 2472 3169 stadiis
2505 3115 2745 3186 dissitas)
2777 3116 2884 3170 illic
2911 3116 3338 3186 interquiescere
3368 3118 3503 3171 Bar-

1936 3209 2085 3262 baris
2115 3208 2308 3261 visum.
2333 3207 2434 3271 Qui
2463 3208 2626 3261 etiam
2655 3207 2963 3261 desilientes
2991 3223 3056 3260 ex
3086 3209 3239 3276 equis
3263 3210 3502 3277 captivos

1935 3313 2063 3352 suos
2135 3297 2391 3350 nonnulla
2474 3297 2812 3350 humanitate
2874 3279 3314 3350 coasnlubantur.
3377 3298 3504 3351 Erat

1934 3387 2264 3447 Monastras,
2309 3395 2366 3438 ut
2426 3385 2577 3446 dixi,
2628 3401 2692 3438 cx
2752 3383 2941 3438 Turcis
2991 3383 3217 3454 hybrida
3272 3383 3549 3452 indeque‘

1935 3475 2131 3544 lingua:
2161 3474 2403 3542 ipsorum
2441 3472 2667 3527 callens.
2699 3469 3075 3525 Rbodomerus
3114 3487 3262 3538 vero,
3297 3475 3441 3541 quod
3471 3487 3502 3525 a

1935 3564 2128 3619 Turcis
2151 3563 2277 3618 olim
2305 3573 2496 3632 captus
2519 3564 2691 3616 multo
2718 3578 2839 3616 cum
2887 3563 2953 3614 iis
2999 3571 3240 3631 tempore
3283 3561 3458 3614 fuerat
3482 3602 3498 3626 ,

1936 3671 2035 3710 nec
2082 3656 2193 3724 ipse
2245 3655 2462 3722 ignarus
2502 3654 2774 3706 idiomatis
2833 3652 3072 3706 Turcici.
3125 3652 3295 3704 Ambo
3340 3652 3504 3720 igitur

1935 3748 2062 3800 data
2093 3745 2380 3798 occasione
2409 3743 2551 3796 haud
2591 3742 2690 3796 sibi
2731 3740 2950 3794 defuere
2974 3742 3262 3807 quominus
3292 3741 3503 3796 blandis

1935 3848 1989 3892 et
2027 3834 2404 3906 plausibilibus
2445 3833 2788 3889 sermonibus
2818 3849 3036 3887 causam
3079 3833 3219 3902 apud
3254 3842 3500 3900 satrapas

1937 3931 2253 3994 perorarent
2311 3939 2518 3977 suam:
2571 3921 2872 3989 Quorsum,
2929 3924 3269 3990 inquientes,
3316 3923 3501 3975 attinet

1935 4017 2125 4073 letltale
2161 4015 2307 4068 nobis
2330 4013 2574 4082 poculum
2604 4015 2716 4067 sine
2770 4014 2882 4066 ulla
2916 4013 2992 4068 vel
3023 4015 3241 4066 minima
3275 4013 3504 4064 utilitate

1937 4119 2106 4164 vestra
2133 4106 2389 4160 miscere?
2415 4107 2516 4157 into
2565 4121 2752 4174 magno
2797 4121 2910 4157 cum
2947 4109 3139 4157 damno
3164 4103 3499 4170 jacturaque.

1937 4200 2024 4255 Sic
2072 4202 2208 4253 enim
2240 4215 2326 4252 vos
2361 4199 2459 4251 soli
2495 4213 2560 4250 ea:
2586 4198 2823 4249 omnibus
2869 4199 3094 4263 satrapis
3121 4196 3419 4248 muneribus
3453 4204 3500 4246 et

1937 4293 2222 4346 honoribus
2249 4291 2470 4359 Augusti
2504 4290 2764 4352 carebitis,
2795 4291 2980 4357 quibus
3025 4289 3118 4339 alii
3145 4292 3230 4354 qui
3258 4287 3366 4354 iam
3400 4286 3504 4336 im-

1938 4395 2230 4454 peratorem
2257 4393 2628 4452 prwcesserunt
2659 4382 3037 4435 commilitones
3087 4382 3393 4448 collegwque
3424 4392 3507 4428 ve-

259 4467 686 4537 αὐτοκράτορα,
721 4465 817 4516 καὶ
850 4463 998 4516 Θεὸν
1042 4462 1182 4529 ὑμῖν
1209 4465 1587 4532 ἐπομνύμεθα
1611 4469 1834 4535 μυρίων

1941 4479 2038 4530 stri
2061 4477 2266 4528 abunde
2300 4475 2651 4529 cumulantur.
2681 4474 2781 4539 Qui
2811 4491 2989 4538 nempe
3005 4474 3102 4525 hoc
3134 4473 3245 4538 ipso
3279 4481 3507 4540 tempore

257 4563 607 4619 ἀπολαῦσαι
644 4557 763 4611 τῶν
823 4554 890 4618 ἐξ
921 4554 1107 4607 αὑτοῦ
1153 4553 1543 4622 δωρημάτων,
1585 4557 1835 4610 κᾶπειτα

211 4719 216 4721 _
260 4657 378 4724 ὅπη
406 4651 728 4719 ,ϐουλητὸν
764 4648 906 4716 ὑμῖν
941 4647 1358 4701 ἀπελεύσεσθε
1411 4647 1635 4713 ἀνέτως
1668 4651 1708 4680 ’⁵
1758 4651 1837 4715 ὼς

258 4748 582 4812 ἐλεύθεροι.
628 4739 913 4792 Πείθονται
951 4740 1060 4799 τοῖς
1114 4737 1318 4788 τούτων
1349 4736 1528 4804 λόγοις
1587 4740 1637 4790 οἱ
1667 4740 1709 4790 Τ
1714 4739 1841 4810 οὖρ-

260 4857 366 4901 κοι,
400 4838 495 4890 καὶ
532 4834 750 4893 πίστεις
786 4830 918 4899 πρὸς
950 4828 1221 4897 ἀλλήλους
1262 4827 1447 4890 δόντες
1471 4828 1586 4898 ἅμα
1615 4837 1708 4882 καὶ
1741 4831 1836 4883 λαμ

260 4933 443 4990 εόντες
478 4929 576 4998 τῆς
600 4924 737 4994 πρὸς
765 4921 856 4973 τὸν
880 4922 1260 4989 αὐτοκράτορα
1306 4919 1581 4988 φερούσης
1605 4920 1833 4991 εἴχοντο.

257 5021 695 5075 Καταλαὸόντων
725 5015 782 5067 δὲ
805 5014 893 5066 τὸν
919 5012 1242 5077 Πελεκάνον,
1267 5011 1341 5073 ώς
1368 5011 1587 5074 τούτους
1614 5015 1640 5066 ὁ
1672 5017 1826 5066 αὑτο-

258 5118 484 5185 κρὰτωρ
521 5111 811 5171 ἐθεάσατο,
874 5105 992 5176 μεθ’
1046 5104 1233 5173 ἱλαροῦ
1285 5105 1453 5156 πᾶσιν
1517 5107 1833 5168 ἐνατενίσας

261 5208 602 5277 βλέμματος,
656 5197 836 5252 καίτοι
889 5195 1060 5249 πολλὰ
1092 5197 1181 5247 τὸν
1223 5193 1548 5264 Ῥοδομηρὸν
1595 5199 1688 5248 καὶ
1742 5197 1834 5249 τὸν

259 5297 586 5367 Μοναστρᾶν
614 5291 749 5362 παρ’
776 5289 954 5358 έαυτῷ
1003 5287 1270 5356 νεμεσῶν,
1293 5286 1354 5338 τὸ
1384 5287 1481 5354 μὲν
1511 5286 1684 5355 παρὸν
1707 5290 1835 5339 ἀνα-

257 5385 714 5455 παυοησομένους
749 5381 792 5412 ⁸⁸
834 5378 1053 5441 τούτους
1078 5375 1448 5441 ἐξαπέστειλε.
1479 5377 1636 5430 Κατά
1655 5377 1712 5429 δὲ
1739 5377 1837 5444 τὴν

259 5477 527 5532 ἐπιοῦσαν
585 5475 783 5528 ὁπόσοι
847 5472 947 5540 μὲν
995 5469 1106 5522 τῶν
1136 5467 1400 5537 Τούρκων
1451 5466 1600 5537 αύτῷ
1650 5466 1840 5536 θητεῦ-

1936 4575 1985 4618 et
2016 4564 2152 4616 dona
2187 4565 2360 4630 utique
2387 4563 2617 4630 ingentia
2643 4565 2809 4628 primo
2833 4562 3012 4613 statim
3038 4561 3181 4610 aditu
3206 4573 3508 4627 congressu-

1939 4672 2033 4724 que
2058 4656 2121 4707 ab
2158 4655 2472 4721 imperatam
2499 4663 2740 4722 congesta
2771 4653 3004 4706 obtinent
3033 4667 3050 4702 :
3080 4662 3127 4703 et
3166 4652 3233 4702 ad
3275 4650 3510 4703 cet-tissi-

1937 4763 2076 4799 mam
2108 4747 2405 4815 futurorum
2434 4762 2572 4813 spem
2605 4748 2819 4799 nomina
2851 4761 2947 4796 sua
2982 4743 3168 4816 referri
3192 4743 3425 4796 viderunt
3453 4741 3505 4791 in

1939 4837 2206 4904 catalogos
2237 4851 2415 4888 eorum
2447 4836 2635 4902 quibus
2679 4835 2946 4902 pensiones
2998 4847 3188 4884 annua:
3237 4850 3266 4881 tt
3292 4831 3417 4895 fisco
3452 4829 3506 4878 in

1940 4943 2089 4978 omne
2117 4937 2314 4992 tempus
2365 4928 2666 4976 constitqu
2697 4934 2836 4974 sunt.
2874 4921 2997 4972 Esto
3025 4936 3144 4985 ergo
3196 4935 3253 4970 su
3274 4918 3421 4968 tumis
3453 4916 3504 4964 iit

1941 5034 2032 5070 nos
2064 5028 2336 5082 utcumque
2363 5015 2612 5066 metitos.
2647 5015 2786 5064 vobis
2818 5012 2940 5079 qmd
2963 5011 3160 5076 fecistis
3189 5013 3282 5068 ipsi
3318 5022 3472 5072 quam

1936 5106 2112 5156 obrem
2159 5116 2325 5156 restro
2366 5104 2597 5170 ipsorum
2643 5118 2726 5154 vos
2752 5101 2953 5167 judicio
2985 5099 3208 5148 inuitare
3259 5107 3328 5145 tot
3358 5101 3502 5144 bonis

1939 5195 2187 5245 debeatis.
2235 5193 2435 5243 Etcum
2485 5197 2536 5243 in
2585 5207 2746 5242 manu
2799 5199 2992 5249 vestra,
3042 5189 3084 5239 si
3122 5187 3311 5244 velitis,
3344 5186 3405 5235 sit
3455 5198 3503 5234 et

1938 5283 2212 5352 pecuniam
2261 5285 2312 5333 in
2343 5297 2566 5348 prwsens
2600 5283 2853 5348 ingentem
2907 5277 3166 5344 adipisci,
3216 5287 3263 5328 et
3305 5285 3502 5326 certum

1941 5376 1994 5426 in
2023 5373 2264 5439 futurum
2298 5372 2612 5438 con/innare
2643 5371 2779 5422 vobis
2809 5385 3014 5420 censum
3048 5383 3304 5430 annuum,
3329 5367 3503 5432 sicque

1945 5463 2359 5530 circum/luentes
2404 5477 2590 5512 secura
2637 5459 2806 5526 copia,
2841 5459 3035 5509 honore
3069 5472 3134 5508 ac
3166 5458 3359 5510 divitiis
3408 5458 3503 5523 [lo-

1340 5624 1545 5684 Variea
1585 5622 1889 5684 lectiones
1933 5639 2007 5682 ex
2048 5623 2188 5706 cod.
2229 5619 2480 5680 Coisli-i.

335 5758 377 5789 "
409 5755 698 5809 ἁπάντων.
780 5747 1380 5820 ¹³ὲπαναστρέφεσθᾱα
1458 5748 1666 5818 ¹⁵ὲμοί.

1747 5750 1786 5780 ¹⁶
1819 5748 1972 5802 Deest
2006 5762 2104 5801 vox
2136 5748 2362 5808 ὰλιέτως.

2443 5745 2485 5776 ¹⁸
2520 5738 3131 5811 αναπαυσῦησομένους.
