4040 6280
347 412 456 470 817

1273 528 1372 548 θον

1623 414 2036 480 ALEXlADI‘S
2078 419 2224 482 LIB.
2250 421 2356 481 ΧΙ.

3483 427 3584 489 818

359 525 617 592 'Analpya
652 522 698 576 δ’
725 523 888 576 αὐτὸν
916 525 1119 595 καίπερ
1157 528 1522 594 σφαδάζοντα,
1563 531 1592 600 ἡ
1626 531 1735 583 τῶν
1779 533 1910 586 κατὰ

2027 547 2142 588 rum
2191 546 2462 606 utcunque
2545 538 2848 606 cupientem
2909 538 3150 594 cohibuit
3190 540 3473 595 maritimae.
3511 547 3582 593 ret

344 616 620 670 θάλατταν
649 618 1014 687 διακειμένων
1051 620 1257 674 πόλεών
1291 640 1348 675 τε
1383 624 1477 676 καὶ
1510 625 1703 694 χωρῶν
1726 625 1922 695 λεηλα-

344 709 438 760 σία
485 708 582 760 καὶ
635 709 902 777 παντελὴς
955 711 1247 780 ἐρείπωσις
1275 729 1287 742 ·
1319 713 1346 765 ὁ
1400 713 1497 781 μὲν
1542 714 1652 786 γὰρ
1701 715 1920 786 Τζαχᾶς

338 803 441 869 τὴν
486 803 741 873 Σμύρνην
791 803 980 873 ὥσπερ
1018 804 1145 858 ἴδιόν
1197 823 1251 858 τι
1299 807 1462 877 λάχος
1499 811 1771 877 κατεῖχεν,
1805 812 1832 862 ὁ
1863 809 1918 862 δέ

343 911 408 960 γε
438 895 876 966 Ταγγριπερμῆς
921 898 1260 966 καλούμενος
1295 901 1451 952 πόλιν
1480 903 1605 954 τινὰ
1650 904 1917 970 Ἐφεσίων

343 988 517 1058 ἀγχοῦ
553 990 649 1056 τῆς
680 990 951 1058 Θαλάττης
979 994 1335 1064 διακειμένην
1365 998 1423 1048 ὲν
1537 997 1704 1050 πάλαι
1756 998 1918 1066 τέμε-

341 1098 434 1142 νος
466 1081 554 1132 ἐπ’
581 1081 804 1149 ὀνόματι
833 1084 878 1114 ⁸¹
923 1084 1170 1138 Ἰωάννου
1208 1087 1508 1140 ἀποστόλου
1536 1090 1628 1141 τοῦ
1662 1089 1915 1156 θεολόγον

343 1170 552 1242 ἵδρυτο.
607 1173 717 1224 Καὶ
777 1175 935 1236 ἄλλος
989 1177 1122 1230 ἄλλα
1177 1179 1411 1248 φρούρια
1465 1182 1576 1234 τῶν
1626 1183 1917 1252 σατραπῶν

341 1263 688 1333 κατέχοντες,
751 1266 826 1329 ὡς
893 1270 1311 1338 ἀργυρωνήτοις
1381 1274 1495 1332 τοῖς
1563 1274 1915 1342 Χριστιανοῖς

342 1355 645 1426 ἐκέχρηντο
689 1356 904 1412 ἅπαντα
935 1361 1266 1430 ληϊζόμενοι.
1307 1365 1468 1417 Ἀλλὰ
1514 1365 1611 1418 καὶ
1649 1367 1816 1430 αὐτὰς
1850 1367 1915 1438 δὴ

341 1448 443 1508 τὰς
473 1451 672 1516 νήσους
699 1451 831 1505 Χίον
862 1471 918 1505 τε
953 1456 1048 1508 καὶ
1092 1456 1292 1518 Ῥόδον,
1327 1458 1422 1510 καὶ
1471 1460 1570 1522 τάς
1599 1459 1915 1518 ἐπιλοίπους

345 1541 528 1601 πάσας
559 1542 840 1612 κατέσχον,
876 1547 1135 1616 λῃστικᾶς
1166 1549 1377 1600 ἐκεῖθεν
1406 1551 1915 1614 κατασκευάσαντες

341 1631 499 1695 ναῦς.
532 1633 632 1686 Διά
686 1650 767 1686 τοι
796 1635 970 1688 ταῦτα
1004 1637 1114 1690 δεῖν
1149 1639 1470 1706 ὲλογίσαντο
1503 1645 1774 1712 πρότερον
1804 1645 1913 1696 τῶν

337 1724 480 1776 κατὰ
515 1724 785 1777 θάλατταν
814 1727 910 1778 καὶ
963 1727 1058 1779 τὸν
1114 1729 1335 1799 Τζαχᾶν
1371 1733 1631 1802 πρόνοιαν
1675 1737 1912 1806 ποιήσαιο

341 1816 489 1880 σθαι,
521 1816 616 1868 καὶ
640 1817 898 1886 δυνάμεις
923 1819 1011 1872 διὰ
1043 1820 1215 1888 ξηρᾶς
1256 1823 1534 1893 ἀρκούσας
1587 1828 1680 1879 καί
1725 1828 1914 1882 στόλον

342 1906 528 1958 ἱκανὸν
578 1907 936 1961 καταλιπεῖν·
987 1906 1109 1963 εἶτα
1141 1912 1209 1964 δι’
1248 1914 1451 1979 αὐτῶν,
1478 1917 1578 1980 τὰς
1620 1918 1730 1970 τῶν
1774 1921 1910 1990 Βαρ-

339 1993 527 2063 ϐάρων
601 1996 972 2065 ἀναχαιτίζειν
1031 1999 1207 2068 ὁρμὰς
1263 2005 1358 2056 καὶ
1424 2005 1914 2062 ἀντικαθίστασθαι

340 2088 550 2149 αὐτοῖς,
587 2083 710 2158 κᾷθ’
743 2088 916 2154 οὕτως
961 2093 1098 2158 μετὰ
1128 2093 1222 2146 τοῦ
1266 2093 1456 2148 λοιποῦ
1494 2099 1916 2169 στρατεύματος

339 2177 442 2244 τῆς
466 2179 604 2247 πρὸς
651 2179 983 2249 Ἀντιόχειαν
1019 2184 1296 2254 φερούσης
1338 2187 1599 2257 ἅψασθαι,
1636 2193 1777 2261 μετὰ
1807 2195 1916 2248 τῶν

340 2269 658 2337 ἀναμεταξὺ
687 2272 992 2343 Βαρϐάρων
1047 2275 1124 2339 ὡς
1178 2277 1300 2330 ἐνὸν
1355 2282 1688 2352 μαχόμενος.
1731 2287 1916 2340 Μετα-

338 2360 700 2429 πεμψάμενος
728 2364 906 2416 τοίνυν
950 2363 1202 2435 Ἰωάννην
1235 2367 1325 2420 τὸν
1358 2369 1566 2424 Δούκαν
1591 2373 1686 2428 καὶ
1722 2392 1913 2438 γυναιο

335 2449 601 2516 κάδελφον
632 2451 821 2518 αὐτοῦ,
862 2454 1198 2522 παραδίδωσι
1229 2457 1493 2529 δυνάμεις
1529 2462 1596 2516 ὲκ
1632 2462 1911 2535 διαφόρων

337 2542 762 2610 συνειλεγμένας
801 2547 1018 2615 χωρῶν,
1056 2550 1148 2602 καὶ
1181 2551 1368 2605 στόλον
1404 2554 1737 2624 ἀποχρῶντα
1774 2561 1912 2628 πρὸς

334 2634 433 2704 τὴν
476 2636 588 2688 τῶν
625 2638 906 2707 παραλίων
953 2637 1162 2694 πόλεων
1212 2643 1556 2717 πολιορκίαν,
1606 2651 1701 2705 καὶ
1736 2654 1910 2726 αὐτὴν

332 2726 389 2780 δὲ
450 2728 554 2795 τὴν
602 2729 697 2783 τοῦ
753 2731 940 2802 Τζαχᾶ
969 2732 1248 2804 θυγατέρα
1286 2741 1718 2809 κατασχεθείσαν
1773 2748 1912 2816 μετά

331 2815 441 2868 τῶν
483 2816 662 2870 ἄλλων
707 2819 896 2872 ὀπόσοι
938 2822 1090 2886 ἐντὸς
1129 2824 1229 2894 τῆς
1279 2826 1517 2891 Νικαίας
1561 2833 1684 2886 τότε
1717 2815 1911 2907 ἔτυχον

333 2908 648 3000 έπισκήψας
690 2909 1109 2983 διακηρυκεύειν
1161 2916 1262 2985 μὲν
1306 2920 1584 2994 πανταχοῦ
1649 2925 1748 2996 τὴν
1811 2930 1911 3000 τῆς

331 2999 572 3094 Νικαίας
623 3001 862 3057 ἀλωσιν·
899 3007 948 3058 εί
1000 3006 1058 3060 δὲ
1119 3008 1195 3081 μὴ
1239 3016 1587 3073 πιστεύοιντο
1636 3020 1702 3086 ⁵³,
1739 2999 1910 3094 αὺτῆν

332 3093 433 3163 τὴν
459 3093 558 3148 τοῦ
589 3096 780 3166 Τζαχᾶ
812 3096 1089 3171 θυγατέρα
1117 3103 1499 3163 ὑποδεικνύναι
1540 3115 1654 3174 τοῖς
1712 3093 1912 3186 σατρά-

330 3203 462 3251 παις
518 3187 626 3244 τῶν
683 3190 946 3262 Τούρκων
993 3194 1086 3248 καὶ
1143 3199 1259 3262 τοῖς
1325 3201 1396 3254 τὰ
1444 3204 1577 3273 περὶ
1631 3205 1906 3264 θάλατταν

329 3282 653 3350 νεμομένοις
689 3283 1033 3356 Βαρδάροις,
1067 3288 1141 3351 ὡς
1172 3289 1239 3343 ἂν
1270 3293 1322 3345 oi
1362 3297 1461 3359 τὰς
1509 3298 1608 3368 ήδη
1643 3301 1908 3369 ῥηθείσας

331 3372 518 3433 πόλεις
564 3375 915 3444 κατέχοντες,
970 3379 1210 3448 ὁρῶντες
1254 3383 1462 3455 ταύτην
1505 3391 1600 3442 καὶ
1650 3390 1908 3460 βεϐαιού-

331 3481 486 3534 μενοι
520 3466 620 3534 τὴν
654 3467 756 3535 τῆς
789 3468 1024 3535 Νικαίας
1057 3473 1284 3540 ἅλωσιν,
1305 3476 1634 3545 ἀπογνόντες
1657 3483 1909 3554 ἀμαχητὶ

331 3557 628 3626 παραδοῖεν
672 3560 774 3625 τὰς
805 3561 1012 3626 πόλεις.
1053 3565 1378 3633 Ἐφοδιάσας
1424 3570 1516 3624 οὖν
1573 3571 1774 3638 ἱκανῶς
1820 3576 1910 3630 διὰ

329 3649 602 3704 παντοίων
630 3651 723 3705 τὸν
771 3651 1022 3726 Ἰωάννην
1057 3658 1359 3727 ἐκπέμπει.

2023 628 2337 696 proﬂigatus
2406 639 2581 685 status
2643 637 2697 685 cl.
2742 632 3038 686 insularum
3090 632 3588 699 maritimarumque

2021 738 2238 776 orarum
2278 731 2440 790 atque
2479 723 2688 778 urbium
2722 724 3024 780 miserrima
3055 727 3306 790 vastatio,
3364 739 3454 780 aut
3492 729 3584 782 de-

2022 814 2250 868 structio
2311 815 2489 883 potius
2535 824 2590 869 et
2655 815 2930 872 desolatio
2989 828 3252 874 extrema.
3325 818 3585 873 Nimirum

2024 909 2312 981 Smyrnam
2354 913 2596 972 Tzachas
2629 927 2685 971 ιιι
2718 925 2922 973 sortem
2972 925 3026 969 et
3069 915 3434 970 bzereditatem
3466 932 3590 982 pro-

2024 1007 2194 1074 priam
2226 1010 2462 1063 tenebat.
2516 1010 2743 1075 Quidam
2785 1010 2925 1064 alius
2953 1008 3370 1076 Tangripermcs
3413 1006 3588 1059 dictus

2025 1099 2210 1152 urbem
2251 1101 2536 1168 quamdam
2594 1101 2947 1168 Ephesiorum
2986 1117 3150 1170 prope
3205 1116 3289 1154 ma
3325 1115 3354 1154 e
3403 1100 3584 1164 sitam,

2023 1191 2074 1243 in
2122 1207 2228 1258 qua
2288 1192 2416 1246 olim
2470 1192 3080 1260 exstructumtemplnm
3131 1202 3211 1246 est
3267 1193 3319 1245 in
3374 1193 3589 1246 nomine

2022 1283 2194 1337 sancti
2238 1281 2463 1338 Joannis
2506 1284 2732 1353 apostoli
2781 1284 3073 1353 Theologi;
3117 1285 3206 1337 alii
3255 1285 3462 1339 similes
3509 1285 3588 1337 la-

2025 1377 2252 1430 trunculi
2324 1377 2455 1431 alias
2510 1377 2831 1447 Opportunis
2891 1377 3026 1431 locis
3074 1391 3227 1430 arccs
3283 1377 3585 1454 iuyaseraut

2021 1469 2392 1537 praesidiisque
2446 1469 2788 1538 occupabant
2844 1487 2858 1524 :
2909 1485 2940 1524 c
2993 1470 3190 1538 quibus
3243 1480 3587 1534 erumpentes

2020 1561 2216 1615 infesta
2258 1561 2363 1614 late
2400 1562 2672 1616 habebant
2699 1561 2902 1624 omnia,
2935 1560 3262 1616 Christianis
3306 1578 3441 1631 quos
3483 1577 3592 1615 tna~

2024 1667 2131 1720 gno
2162 1653 2760 1721 captivabant-numero
2794 1654 2846 1708 in
2879 1655 3194 1708 vilissimum
3228 1665 3278 1708 ct
3324 1671 3590 1708 acrrumum

2020 1749 2291 1802 sissimam
2327 1749 2639 1804 servitutem
2689 1749 3083 1818 mancipandis.
3133 1748 3237 1804 Sed
3292 1760 3345 1803 et
3384 1751 3588 1802 insulas

1947 1859 1989 1914 Β
2017 1839 2236 1906 Chium,
2272 1841 2522 1897 Rhodum
2557 1857 2621 1896 ac
2656 1842 2939 1912 plerasque
2983 1852 3214 1896 ceteras
3253 1842 3585 1902 insederant,

2018 1948 2221 2005 easque
2253 1945 2365 1990 tum
2407 1950 2505 2004 pro
2537 1936 2820 1990 navalibus
2873 1936 3163 1997 habebant,
3197 1935 3285 1988 ubi
3331 1933 3588 2003 piraticus

2017 2028 2352 2082 aediﬁcarent
2384 2026 2606 2090 classes,
2641 2034 2755 2080 tum
2805 2043 2903 2095 pro
2951 2027 3078 2081 tutis
3118 2025 3473 2094 receptaculis
3525 2039 3588 2077 ac

2017 2120 2280 2187 portubus
2335 2120 2386 2172 in
2437 2118 2634 2186 quibus
2698 2118 2935 2186 praedam
3002 2119 3179 2172 onusti
3230 2119 3583 2183 deponerent.

2017 2212 2257 2265 Primum
2293 2211 2457 2281 igitur
2483 2210 2722 2264 omnium
2779 2209 3088 2264 faciendum
3149 2209 3251 2262 sibi
3311 2211 3588 2278 Augustus

2016 2301 2203 2354 statuit
2261 2309 2319 2353 ut
2381 2309 2438 2354 et
2491 2299 2624 2353 mari
2709 2299 2939 2354 classem
3022 2299 3322 2367 imponeret
3399 2299 3588 2353 idonee

2017 2393 2338 2446 instructam
2395 2393 2463 2445 ad
2515 2392 2874 2446 coercendum
2940 2390 3236 2453 Tzacbam,
3289 2400 3344 2444 et
3411 2391 3586 2446 conti—

2017 2484 2218 2548 uentis,
2270 2499 2374 2553 qua
2427 2498 2576 2536 mare
2637 2483 2876 2552 respicit,
2941 2483 3292 2550 disponendis
3350 2499 3443 2547 per
3501 2484 3587 2534 lit-

2017 2575 2240 2628 toralem
2305 2589 2454 2628 oram
2535 2587 2638 2642 qua
2718 2572 3063 2627 terrestribus
3131 2587 3235 2639 qua
3307 2572 3586 2624 navalibus

2017 2668 2280 2736 prmsidiis
2335 2667 2513 2721 tutelae
2552 2666 2895 2734 provideret,
2940 2681 3043 2718 non
3103 2664 3273 2718 solum
3323 2675 3582 2728 quantum

2014 2771 2130 2814 erat
2179 2773 2312 2826 opus
2360 2757 2426 2811 ad
2482 2757 2852 2826 reprimendas
2917 2756 3250 2809 incursiones
3315 2754 3582 2809 Barbaro-

2015 2863 2168 2911 rnm,
2223 2847 2386 2917 322
2446 2862 2632 2901 verum
2686 2846 2757 2899 ita
2816 2855 2875 2900 ιιι
2926 2845 2991 2900 ad
3046 2845 3190 2913 ipsos
3236 2859 3484 2915 quoque,
3533 2844 3578 2900 si

2016 2955 2103 2996 res
2167 2936 2373 3004 ferret,
2448 2937 2786 2994 lacessendos
2865 2937 3319 3004 debetlaudosqne
3405 2935 3582 2991 missa:

2015 3041 2203 3087 contra
2250 3045 2343 3085 eos
2364 3029 2537 3100 copiae
2575 3028 2899 3085 snﬂieereut.
2947 3025 3042 3084 llis
3067 3030 3153 3082 ubi
3190 3026 3357 3098 magis
3387 3041 3585 3098 urgen-

2015 3125 2158 3180 tibus
2217 3123 2570 3179 satisfecisset
2622 3122 2767 3176 curis
2814 3121 3078 3190 reliquum
3129 3134 3364 3183 omnem,
3420 3133 3584 3188 quam

1931 3181 1978 3246 δ
2010 3230 2202 3284 cogere
2273 3212 2774 3267 numerosissimum
2857 3181 3074 3279 posset,
3161 3210 3385 3264 ductare
3469 3211 3586 3277 ipso

2004 3306 2282 3375 Augustus
2320 3318 2558 3372 praesens
2597 3302 2896 3356 exercitum
2939 3301 3255 3354 decreverat
3306 3300 3585 3369 suppetias

2005 3397 2248 3453 obsessis
2303 3395 2602 3449 Antiochia:
2650 3391 2877 3454 Latinis,
2937 3405 3060 3445 cum
3116 3404 3288 3459 eoque
3341 3402 3584 3460 pugnare

2007 3485 2135 3540 totis
2198 3484 2404 3538 viribus
2475 3483 2736 3536 adversus
2809 3479 3077 3534 Barbaros
3146 3479 3237 3548 qui
3311 3493 3404 3534 eos
3472 3477 3582 3532 illic

2007 3577 2410 3646 oppugnabant.
2455 3573 2577 3628 llaec
2643 3572 2807 3626 animi
2861 3570 3110 3626 consulta
3181 3585 3288 3639 quo
3347 3569 3401 3625 in
3466 3585 3582 3624 rem

2009 3669 2286 3724 conferret
2346 3667 2584 3722 accersit
2637 3664 2899 3721 Joannem
2965 3663 3164 3717 Ducam
3221 3662 3407 3716 uxoris
3473 3675 3584 3717 sua:

329 3744 575 3811 fratrem,
623 3750 780 3818 eique
813 3750 973 3804 tradit
1005 3753 1190 3820 copias
1239 3769 1304 3808 ex
1360 3755 1588 3811 diversis
1633 3758 1894 3814 collectas
1933 3759 2268 3828 regionibus,
2297 3759 2636 3825 classemque
2660 3755 2794 3810 satis
2843 3753 3078 3808 validam
3138 3753 3203 3806 ad
3265 3767 3579 3823 oppugnan-

327 3841 424 3895 das
458 3841 722 3896 littorales
748 3857 902 3899 arces
931 3859 1050 3912 qua:
1116 3861 1146 3899 a
1192 3847 1383 3914 piratis
1463 3848 1773 3905 istiusmou.
1825 3853 2170 3906 '.enebantur.
2243 3851 2397 3905 Dedit
2427 3849 2590 3903 etiam
2624 3847 2786 3900 ﬁliam
2819 3846 3048 3900 Tzachre
3078 3861 3248 3915 nuper
3309 3861 3431 3900 cum
3463 3846 3582 3901 aliis

327 3947 360 3986 e
391 3932 671 4002 principali
705 3932 1008 3990 Turcorum
1041 3935 1243 3992 familia
1269 3938 1359 4005 qui
1406 3935 1601 3994 Nicaea:
1644 3950 1769 3994 sunt
1813 3942 2034 4009 reperti,
2067 3942 2353 3996 occasione
2402 3937 2692 3993 deditionis
2729 3937 2968 3991 civitatis
3016 3935 3134 4004 ejus
3190 3935 3297 3990 illic
3344 3947 3579 4005 captain.

327 4023 482 4078 Dedit
515 4034 836 4078 autemeam
870 4025 920 4078 in
960 4041 1115 4082 usum
1144 4028 1521 4093 conﬁrmandi,
1573 4031 1886 4086 ostensione
1939 4033 2128 4100 puella:
2162 4032 2339 4095 istius,
2403 4044 2567 4099 quam
2623 4028 2828 4082 servari
2885 4027 3022 4096 apud
3071 4026 3307 4082 Nicaeam
3392 4037 3578 4081 notum

324 4124 446 4171 erat
493 4115 708 4182 Turcis,
762 4118 996 4173 nondum
1050 4122 1184 4176 satis
1225 4121 1430 4192 vulgati
1488 4125 1666 4176 nttntii
1725 4134 2048 4195 expugnata:
2108 4125 2323 4180 Nic-tuae.
2386 4125 2572 4188 Quem.
2622 4123 2838 4190 quidem
2882 4121 2986 4176 late
3039 4120 3221 4190 spargi
3289 4135 3318 4174 a
3371 4119 3579 4174 Joanne

327 4207 620 4261 mandabat
659 4208 995 4277 imperator:
1027 4219 1082 4265 et
1129 4214 1390 4286 satrapis,
1424 4214 1658 4285 aliisque
1705 4217 1895 4286 piratis
1940 4216 2218 4281 Barbaris,
2251 4217 2294 4270 si
2330 4231 2468 4284 quos
2496 4214 2564 4269 ad
2603 4221 2808 4267 tantam
2871 4227 2980 4265 rem
3051 4212 3378 4266 credendam
3429 4211 3580 4264 inve-

325 4297 468 4352 niret
502 4300 692 4362 duros,
716 4301 822 4355 tale
854 4305 1124 4371 captivum
1197 4279 1359 4376 caput
1402 4307 1454 4362 in
1524 4309 1646 4366 lldei
1694 4322 2073 4379 argumentum
2162 4308 2505 4364 ineluctabile
2579 4304 2890 4361 monstrari.
2953 4303 3083 4358 Inde
3136 4304 3280 4358 enim
3337 4303 3576 4357 futurum

325 4389 582 4456 sperabat
631 4399 704 4464 ιιι⁵
738 4390 876 4442 certi
931 4389 1025 4445 tali
1083 4395 1392 4451 testimonio
1429 4412 1495 4453 ac
1553 4400 1777 4468 pignore
1829 4401 1897 4456 de
1931 4402 2106 4455 Nicaea
2177 4402 2356 4455 dedita
2391 4401 2632 4454 latrones
2668 4396 2854 4464 Turci,
2890 4399 3053 4452 rebus
3081 4396 3193 4465 jam
3257 4397 3371 4451 suis
3443 4394 3580 4449 ditii-

325 4485 541 4545 dentes,
577 4497 715 4551 quas
766 4482 1086 4537 obtinebant
1137 4501 1291 4542 arces
1335 4505 1429 4555 pro
1459 4491 1564 4546 vita
1605 4503 1659 4547 et
1705 4510 1898 4549 securo
1929 4497 2078 4550 abitu
2109 4495 2404 4548 incruenta.
2424 4492 2823 4560 compositione
2866 4489 3294 4558 paciscerentur.

408 4573 618 4627 Ὀπόσα
663 4573 721 4626 δὲ
769 4575 910 4628 κατά
957 4574 1050 4628 τοῦ
1079 4575 1271 4646 Τζαχᾶ
1302 4579 1534 4649 τρόπαια
1561 4575 1714 4646 οὗτος
1743 4585 1906 4655 ἑστή-

2083 4581 2202 4637 .Ιιιιιι
2230 4583 2485 4650 deinceps
2527 4580 2833 4636 faciendum
2883 4580 3012 4634 inilti
3070 4588 3156 4635 est
3191 4587 3248 4633 ut
3296 4593 3430 4647 quas
3473 4578 3582 4634 isto

324 4683 460 4721 σατο
495 4665 591 4719 καὶ
637 4667 786 4728 ὅπως
833 4664 1023 4718 τοῦτον
1079 4667 1290 4721 ἐκεῖθεν
1339 4672 1589 4740 ἀπήλασε
1630 4675 1840 4744 προιὼν
1873 4679 1900 4730 ό

2010 4675 2150 4730 bello
2192 4674 2446 4728 victorias
2467 4671 2706 4727 Joannes
2749 4672 2921 4726 Ducas
2958 4672 3257 4741 reportavit
3309 4670 3410 4724 hoc
3446 4670 3578 4739 _loec

321 4761 482 4826 λόγος
541 4757 859 4827 δηλώσειεν.
932 4758 990 4810 '0
1047 4759 1148 4827 μὲν
1215 4777 1309 4813 ουν
1355 4763 1491 4829 Δοὺξ
1544 4767 1640 4819 καὶ
1681 4767 1823 4828 θεῖος
1872 4770 1900 4820 ὁ

2010 4783 2322 4825 memorem.
2361 4766 2410 4820 ls
2443 4767 2573 4830 dux,
2604 4765 2907 4820 avunculus
2939 4779 3110 4829 meus,
3141 4765 3219 4818 sic
3261 4765 3571 4825 instructus,

318 4850 454 4919 ἐμὸς
485 4849 552 4914 ⁸³,
581 4849 720 4918 πρὸς
753 4847 960 4918 μητρὸς
989 4849 1068 4919 τῷ
1103 4849 1318 4917 βασιλεῖ
1357 4854 1759 4924 συνταξάμενος
1799 4861 1898 4930 τῆς

2010 4861 2082 4914 ιιιὶ
2112 4860 2245 4923 dixi,
2284 4861 2401 4913 vale
2427 4859 2741 4929 imperatori
2776 4859 2941 4923 dicto,
2980 4873 3011 4912 e
3043 4872 3233 4924 magna
3278 4858 3409 4909 urbe
3456 4870 3577 4922 pro-

325 4942 782 5013 μεγσλουπόλεως
810 4941 1000 5008 ἔξεισι,
1027 4944 1121 4995 καὶ
1161 4943 1502 5012 διαπεράσας
1532 4949 1630 5016 τὴν
1663 4949 1895 5004 ’Ἄϐυδον

2010 4950 2276 5015 ﬁcisceus,
2329 4967 2448 5004 cum
2505 4951 2806 5018 trajecisset
2859 4949 2910 5002 in
2980 4948 3266 5016 Abydum,
3315 4945 3575 4998 accersito

326 5034 833 5103 μεταπεμψάμενος
863 5034 956 5086 τὸν
1006 5033 1344 5103 καλούμενον
1393 5039 1670 5093 Κάσπακα
1702 5043 1802 5112 τήν
1835 5061 1896 5096 τε

320 5127 414 5180 τοῦ
479 5127 670 5179 στόλου
720 5126 970 5190 ἐξουσίαν
1024 5127 1118 5179 καὶ
1175 5127 1272 5197 τὴν
1327 5129 1423 5182 τοῦ
1479 5131 1643 5195 πλοὸς
1678 5133 1900 5188 ἃπασαν

319 5217 638 5285 οἰκονομίαν
669 5214 818 5285 αὑτῷ
847 5215 1092 5280 ἀνέθετο,
1123 5217 1498 5288 ὑποσχόμενος
1532 5222 1606 5286 ὡς
1631 5225 1678 5276 εἰ
1718 5224 1898 5288 καλῶς

317 5309 646 5378 ἀγωνίσοιτο
678 5309 918 5376 ὁπηνὶκα
961 5309 1206 5379 συμϐαίη
1255 5310 1354 5381 τὴν
1389 5311 1645 5383 Σμύρνην
1689 5315 1896 5368 ἁλῶναι

319 5403 571 5471 ἡγεμόνα
600 5399 817 5453 ’τοῦτον
874 5402 1042 5470 αὐτῆς
1089 5419 1149 5455 τε
1201 5401 1299 5472 τῆς
1339 5404 1615 5475 Σμύρνης,
1655 5408 1748 5460 καὶ
1788 5408 1899 5461 τῶν

316 5493 674 5563 ὁμορούντων
708 5492 926 5543 πάντων
978 5493 1114 5562 αὐτῇ
1175 5498 1539 5564 καταστῆσαι.
1583 5497 1894 5565 Ἐκπέμπει

315 5585 496 5637 τοίνυν
524 5582 691 5637 αὐτόν
721 5583 1031 5636 διαπόντιον
1059 5583 1546 5656 θαλασσοκράτορα
1573 5587 1664 5641 τοῦ
1700 5588 1888 5640 στόλου

2003 5040 2252 5109 Caspaci,
2304 5041 2496 5096 classis
2537 5043 2910 5109 prchecturant
2954 5051 3252 5104 curamque
3299 5049 3570 5090 commcn-

2001 5134 2184 5198 davit;
2218 5133 2488 5200 promisso
2524 5133 2596 5198 ei,
2637 5132 2680 5185 si
2717 5136 2970 5183 navasset
3000 5128 3102 5182 ista
3141 5127 3191 5180 in
3246 5142 3302 5182 re
3325 5142 3565 5195 operam,

2001 5225 2308 5291 principatu
2369 5223 2605 5278 civitatis
2659 5221 2938 5290 Smyrnae,
2993 5218 3568 5284 conterminarumqim

2001 5314 2302 5381 regionum,
2336 5313 2425 5366 ubi
2459 5329 2520 5367 ea
2552 5327 2648 5381 per
2675 5325 2767 5365 eos
2796 5319 2951 5377 capta
2978 5308 3316 5378 imperioque
3360 5307 3566 5361 reddita

2000 5407 2191 5460 civitas
2243 5404 2400 5458 foret.
2433 5405 2566 5459 Cum
2625 5405 2725 5456 hac
2784 5416 2879 5470 spe
2933 5416 2996 5453 ac
3053 5399 3308 5451 mandato
3358 5397 3568 5468 Caspas

2002 5497 2226 5551 classem
2257 5495 2420 5547 solvit
2452 5495 2738 5564 Smyrnam
2786 5506 2994 5553 versus,
3027 5489 3235 5543 Joanne
3283 5493 3569 5542 terrestres

1998 5588 2180 5658 capias
2212 5601 2306 5654 per
2345 5586 2707 5640 continentem
2733 5582 2920 5636 eodem
2957 5596 3052 5650 per
3079 5595 3138 5635 se
3163 5580 3434 5633 ductante.
3457 5575 3568 5634 Nec

1403 5723 1602 5784 Varias
1646 5723 1960 5786 lectiones
2003 5742 2083 5785 ex
2125 5722 2265 5786 cod.
2303 5723 2537 5784 Coislin

415 5844 458 5873 ⁸¹
498 5842 710 5896 Desunt
749 5857 908 5898 voces
943 5844 1029 5898 ἐπ’
1063 5845 1312 5906 ὀνόματι.
1391 5848 1434 5880 ⁸³
1463 5848 1793 5903 πιστεύοιτο.

1876 5849 1922 5880 ⁸³
1949 5849 2138 5912 οὐαός.
