4040 6280
372 444 477 508 821

1644 453 1922 514 ALEXIA
1933 455 2055 517 DIS
2095 458 2242 524 LIB.
2273 461 2382 522 XI.

3513 481 3625 538 82‘?

375 557 515 610 ἀλλὰ
559 557 656 611 καὶ
712 559 894 614 αὐτων
944 578 1054 617 των
1117 565 1420 636 σατραπῶν
1469 566 1518 619 oi
1575 565 1822 633 πλείους,
1872 571 1935 632 ὡς

2053 582 2140 628 tur
2160 576 2418 631 atrociter
2441 587 2498 634 et
2520 578 2633 644 diu,
2651 579 2870 650 vigente
2895 582 2946 637 in
2979 582 3266 638 maximam
3297 584 3400 641 diei
3417 598 3622 657 partem

376 648 801 717 συμποσούσθαι
856 654 984 717 τοὺς
1034 655 1347 719 ἑαλωκότας
1397 660 1477 721 είς
1533 659 1782 729 χιλιάδας
1833 661 1946 714 δύο.

377 742 516 807 Περὶ
589 739 665 794 ὧν
732 745 1073 813 μεμαθηκὼς
1149 750 1177 800 ὁ
1244 748 1497 818 βασιλεὺς
1578 751 1947 819 διασπαρῆναι

373 833 604 898 τούτους
628 837 709 897 εἰς
734 837 833 900 τὰς
859 839 1059 905 νήσους
1092 842 1456 911 προσέταξεν.
1489 842 1554 896 Οἱ
1584 844 1642 896 δὲ
1685 845 1947 897 καταλει-

374 923 604 990 φθέντες
637 927 744 978 τῶν
777 927 1042 997 Τούρκων
1075 932 1164 984 διὰ
1195 934 1290 986 τοῦ
1329 935 1580 1002 ποταμοῦ
1627 936 1945 1006 Μαιάνδρου

375 1015 514 1084 πρὸς
558 1017 618 1068 τὸ
674 1019 976 1072 Πολυϐοτὸν
1024 1023 1399 1094 ἀπερχόμενοι
1454 1029 1946 1097 καταφρονητικῶς

371 1106 716 1180 διετέθησαν,
752 1113 843 1165 τὸν
873 1113 1084 1166 Δθύκαν
1115 1115 1297 1168 τέλεον
1328 1119 1731 1184 ἀπελπίξαντες
1762 1122 1828 1176 ⁸³.
1873 1122 1946 1175 Τὸ

371 1199 427 1252 δὲ
475 1201 575 1270 οὐχ
632 1187 806 1265 οὕτως
874 1201 1058 1276 εἶχενο
1098 1208 1232 1260 ἀλλὰ
1291 1209 1384 1260 τὸν
1447 1211 1688 1275 Πετςέαν
1747 1214 1945 1266 δούκαν

370 1293 610 1359 ταυτησὶ
645 1293 748 1360 τῆς
791 1295 1000 1357 πόλεως
1046 1298 1405 1363 καταλιπὼν,
1457 1303 1620 1364 αὐτὸς
1663 1305 1944 1358 ὁπλιτικὸν

372 1381 514 1433 ἆπαν
563 1383 972 1452 ἀναλαϐόμενος
1020 1391 1333 1458 παραυτίκα
1365 1392 1590 1444 ὄπισθεν
1641 1397 1702 1447 οὐ
1735 1396 1943 1466 φύρδην

372 1471 488 1523 ἀλλ’
509 1473 555 1504 ⁸⁸
585 1474 862 1540 εὐτάκτως
881 1480 974 1532 καὶ
1000 1481 1078 1542 ὡς
1105 1482 1274 1551 ἐχρῆν
1295 1484 1688 1554 ἐμπειρότατον
1709 1505 1942 1559 στρατη-

371 1561 464 1626 γλν
485 1564 626 1614 κατὰ
648 1563 757 1618 τῶν
785 1568 1037 1621 ἐναντίων
1064 1570 1218 1636 ἰέναι,
1236 1574 1431 1642 ἤλαυνε
1455 1577 1594 1628 κατὰ
1615 1578 1713 1640 τὰς
1742 1579 1944 1648 ὑποθη-

369 1654 608 1720 μοσύνας
633 1657 723 1708 τοῦ
753 1660 1182 1732 αὐτοκράτορος.
1223 1665 1284 1716 Οἱ
1325 1667 1509 1734 μέντοι
1533 1668 1768 1738 Τοῦρκοι
1803 1671 1941 1722 καθά

365 1761 426 1810 γε
463 1747 680 1816 εἴρηται
708 1750 794 1804 διά
827 1769 885 1804 τε
905 1754 1224 1826 Μαιάνδρου
1254 1759 1347 1810 καὶ
1379 1760 1488 1811 τῶν
1519 1764 1942 1830 παρακειμένων

366 1836 518 1906 αὐτῷ
553 1840 763 1895 πόλεων
793 1843 1118 1910 ὁδεύσαντες
1160 1849 1646 1917 καταλαμϐάνουσι
1674 1854 1734 1906 τὸ
1764 1855 1938 1907 Πολυ-

365 1929 522 1981 ϐοτόν
550 1945 566 1960 ⁸
592 1934 619 1984 ὁ
648 1933 705 1986 δὲ
754 1934 878 2000 δοὺξ
909 1938 970 1989 οὐ
1018 1940 1331 2004 καταπόδας
1364 1942 1564 2006 αὐτοὺς
1609 1945 1651 1976 ⁶¹
1690 1946 1934 2013 ἐδίωκεν,

363 2021 503 2074 ἀλλὰ
532 2023 631 2093 τὴν
660 2031 1077 2100 συντομωτέραν
1112 2033 1336 2097 ὁδεύσας
1365 2038 1461 2100 τάς
1492 2056 1550 2090 τε
1592 2041 1818 2110 Σάρδεις
1847 2047 1940 2097 καὶ

359 2115 461 2181 τὴν
486 2117 852 2186 Φιλαδελφίαν
876 2121 936 2185 ἐξ
961 2125 1271 2195 ἐπιδρομῆς
1309 2119 1565 2200 κατέσχε,
1601 2133 1699 2202 τὴν
1729 2135 1938 2190 τούτων

363 2207 614 2277 φρουρὰν
669 2212 889 2280 Μιχαὴλ
915 2213 992 2284 τῷ
1023 2217 1366 2288 Κεκαυμένῳ
1396 2223 1717 2287 πιστεύσας.
1754 2227 1939 2279 Κατα-

358 2299 548 2353 λαϐὼν
593 2301 651 2354 δὲ
698 2305 798 2372 τὴν
847 2306 1178 2362 Λαοδίκειαν
1225 2313 1318 2364 καὶ
1366 2313 1586 2366 πάντων
1621 2319 1937 2384 παραυτίκα

361 2393 856 2463 προσεληλυθότων
901 2399 1071 2470 αὐτῷ,
1128 2402 1313 2466 αὐτοῖς
1365 2406 1463 2474 μὲν
1512 2405 1586 2468 ὡς
1618 2408 1938 2477 αὐτομόλοις

360 2487 716 2554 χρησάμενος
751 2490 848 2541 καὶ
881 2490 1242 2562 τεθαρρηκὼς
1269 2531 1284 2556 ,
1324 2495 1532 2559 ἀνέτως
1579 2497 1647 2548 τὰ
1697 2499 1939 2570 σφέτερα

360 2579 642 2630 κατοικεῖν
721 2581 872 2633 εἴασε
950 2583 1084 2652 μηδὲ
1163 2585 1441 2654 ἡγεμόνας
1503 2588 1546 2620 ⁶¹
1609 2590 1936 2659 ἐπιστήσας.

371 2666 622 2720 Ἐκεῖθεν
673 2670 730 2723 δὲ
777 2671 864 2724 διὰ
918 2674 1014 2725 τοῦ
1062 2674 1331 2744 Χώματος
1383 2678 1609 2731 διελθὼν
1657 2681 1757 2744 τὴν
1785 2682 1938 2752 Λάμ-

356 2777 474 2821 πην
503 2761 619 2829 (l9)
655 2765 951 2828 κατέλαϐε,
1001 2769 1105 2819 κάν
1153 2769 1327 2841 ταύτῃ
1372 2772 1465 2823 καὶ
1508 2773 1600 2823 τὸν
1647 2774 1936 2842 Καμύτζιν

364 2852 673 2906 Εὐστάθιον
701 2859 1010 2928 στρατηγὸν
1047 2861 1374 2929 ἐπέστησεν.
1421 2863 1710 2932 Ἐφθακὼς
1751 2866 1808 2919 δὲ
1855 2869 1935 2930 είς

354 2943 421 2994 τὺ
456 2944 761 3000 Πολυϐοτδν
801 2950 1217 3021 καταλαμϐάνει
1247 2953 1507 3024 Τούρκων
1538 2955 1743 3021 πλῆθος
1771 2958 1928 3010 πολύ·

361 3037 461 3088 καὶ
505 3039 857 3092 ἐπεισπεσὼν
886 3043 1070 3105 αὐτοῖς
1107 3045 1232 3114 ἄρτι
1261 3047 1360 3107 τὰς
1409 3048 1616 3109 σκευὰς
1645 3050 1933 3102 κατατιθε-

361 3126 549 3196 μένοις
581 3130 875 3199 ξυμϐαλὼν
900 3136 1218 3204 παραυτίκα
1252 3139 1381 3207 νικᾷ
1414 3141 1764 3208 κατακράτος
1790 3158 1804 3172 ο
1841 3143 1935 3194 καὶ

2053 668 2329 738 utrimque
2372 673 2690 728 certamine.
2716 673 2956 730 Tandem
3015 687 3134 745 post
3177 677 3389 746 longum
3413 680 3607 747 aequili-

2051 756 2226 811 brium
2255 759 2432 814 dubiae
2479 759 2732 828 fortuna‘,
2763 765 2926 818 'l‘urci
2983 765 3146 833 tergis
3178 768 3420 836 praebitis
3466 769 3623 836 plane

2049 848 2177 915 fusi,
2231 850 2411 921 fugam
2464 864 2743 910 cruentam
2793 868 2846 911 ct
2896 858 3145 912 infestam
3208 860 3621 928 insequentibus

2049 943 2249 997 nostris
2281 959 2411 998 nece
2433 960 2496 999 ac
2526 948 2786 1003 servitute
2826 951 3116 1004 multorum
3146 968 3175 1004 e
3218 954 3328 1006 suis
3359 954 3618 1009 habuere.

2050 1031 2195 1087 lnter
2249 1036 2514 1104 captivos,
2569 1053 2798 1107 quorum
2849 1042 3137 1096 universus
3184 1047 3249 1096 ad
3298 1043 3408 1097 duo
3455 1045 3618 1099 millia

2049 1143 2308 1183 numerus
2359 1132 2625 1196 ascendit,
2665 1133 2908 1202 plerique
2957 1146 3186 1203 satrapa!
3228 1139 3428 1207 reperti
3483 1157 3497 1192 :
3554 1140 3620 1191 de

2047 1221 2243 1289 quibus
2271 1224 2551 1278 consultus
2587 1225 2882 1293 imperator
2915 1229 3093 1293 spargi
3143 1245 3236 1282 eos
3268 1245 3360 1296 per
3416 1231 3620 1284 insulas

2042 1315 2224 1382 jussit.
2261 1314 2478 1368 Residui
2515 1315 2674 1371 Turci
2724 1333 2819 1385 per
2850 1319 3178 1372 Maeandrum
3229 1330 3443 1374 amnem
3494 1337 3619 1388 pro-

2049 1407 2173 1460 fecti
2229 1407 2588 1478 Polybotum,
2652 1411 2783 1464 satis
2843 1411 2951 1464 illic
3006 1425 3196 1465 secure
3243 1417 3618 1474 morabantur,

2047 1500 2465 1569 haudquaquam
2508 1502 2885 1557 existimantes
2930 1501 3194 1558 Joannem
3251 1520 3315 1558 eo
3352 1507 3613 1574 cogitatu-

2047 1608 2185 1644 rum.
2232 1592 2432 1646 Verum
2468 1595 2580 1646 hinc
2641 1609 2735 1647 eos
2787 1596 3004 1663 quidem
3057 1597 3249 1650 fiducia
3307 1598 3517 1651 fefellit.
3572 1597 3620 1651 Is

2043 1685 2188 1737 enim
2226 1685 2416 1738 reliCto
2447 1685 2641 1738 Petzea
2679 1685 2767 1753 qui
2808 1688 2923 1739 urbi
2958 1687 3240 1755 Ephesinze
3289 1689 3445 1743 ducis
3495 1690 3617 1755 jure

2047 1776 2368 1845 homineque
2391 1789 2670 1845 pricesset,
2690 1780 2932 1831 exercitu
2957 1789 3232 1848 assumpto
3247 1795 3426 1833 secum
3448 1781 3617 1840 omni,

2044 1883 2152 1920 non
2179 1868 2529 1922 tumultuario
2552 1883 2615 1922 ac
2638 1870 2851 1937 cupide,
2881 1870 2974 1922 sed
3004 1877 3061 1923 ut
3090 1871 3614 1937 experientissimum

2045 1959 2270 2012 decebat
2303 1961 2511 2021 ducem,
2540 1961 2867 2026 pedetentim
2911 1963 3268 2030 ordinateque
3320 1963 3371 2015 in
3405 1963 3616 2017 Turcos

2045 2052 2232 2113 movit,
2270 2051 2540 2104 mandatis
2589 2052 2916 2120 monitisque
2956 2054 3297 2121 imperatoris
3348 2053 3437 2106 tali
3484 2068 3614 2107 cau-

2043 2144 2189 2197 tione
2237 2145 2495 2199 adversus
2520 2142 2683 2214 324
2713 2157 2832 2196 eam
2866 2152 3080 2212 gentem
3143 2144 3338 2196 bellum
3395 2157 3612 2211 gerens.

2041 2235 2435 2288 Pro-cesserant
2467 2245 2524 2288 ιιι
2554 2236 2787 2288 diximus
2819 2234 2981 2289 Turci
3024 2233 3368 2306 Polyboutm.
3410 2235 3612 2288 Horum

2042 2325 2166 2377 illuc
2201 2325 2599 2392 properantium
2628 2327 2854 2394 vestigia
2892 2341 3138 2393 premere
3165 2327 3248 2379 via
3299 2327 3486 2381 eadem
3527 2340 3614 2380 se-

2040 2419 2250 2484 quenda
2303 2415 2542 2470 Joannes
2593 2417 2807 2479 noluit;
2860 2417 2952 2470 sed
2995 2417 3449 2483 compendiosiori
3506 2417 3609 2470 alia

2042 2519 2156 2562 tuto
2191 2510 2437 2564 invectus
2483 2508 2701 2563 Sardeis
2739 2509 2919 2563 obiter
2945 2518 2998 2562 et
3051 2507 3478 2576 Philadelphiam
3517 2523 3612 2563 oc-

2039 2601 2272 2667 cupavit,
2330 2616 2556 2667 quarum
2609 2600 2911 2654 custodiam
2966 2600 3209 2653 Mirhaeli
3269 2600 3611 2654 Cecaumeno

2038 2693 2290 2747 credidit.
2341 2692 2475 2746 llinc
2513 2691 2832 2747 Laodiceam
2885 2708 3004 2746 cum
3055 2693 3378 2746 accessisset
3423 2691 3610 2746 obvios

2038 2784 2206 2839 etl‘uso
2240 2800 2465 2839 accursu
2495 2787 2641 2838 cives
2683 2800 2870 2838 omnes
2921 2785 3107 2838 habuit
3151 2800 3210 2838 se
3252 2799 3454 2853 suaque
3500 2783 3611 2838 ala-

2038 2879 2202 2931 criter
2229 2879 2527 2942 dedentes;
2556 2878 2622 2931 iis
2648 2876 2735 2930 ille
2767 2879 3077 2931 humaniter
3106 2877 3343 2946 acceptis
3403 2885 3606 2930 tantam
3694 2945 3699 2949 π

2040 2966 2197 3019 fidem
2231 2965 2420 3018 halmit
2445 2975 2501 3018 ut
2531 2966 2677 3018 nullo
2708 2966 2959 3034 imposito
2982 2965 3236 3034 przefecto
3266 2965 3607 3034 prtesidiove,

2038 3072 2134 3109 suo
2167 3059 2311 3124 ipsos
2342 3055 2450 3123 juri
2506 3056 2839 3124 arbitrioque
2889 3055 3248 3124 permitteret.
3294 3054 3424 3107 lnde
3469 3051 3611 3106 Cho-

2039 3156 2182 3200 mate
2209 3149 2438 3202 transito
2469 3145 2706 3212 Lampen
2761 3147 2923 3213 cepit,
2971 3147 3129 3212 eique
3171 3145 3456 3214 Camytzin
3500 3142 3611 3197 Eu-

357 3219 566 3273 κτείνει
599 3223 700 3290 μὲν
732 3224 962 3288 πολλούς
989 3242 1004 3258 ο
1034 3228 1416 3298 ἀναλαμϐάνει
1453 3229 1509 3282 δὲ
1536 3230 1689 3284 λείαν
1731 3231 1932 3303 πολλὴν

2040 3239 2300 3291 stathium
2331 3239 2524 3290 ducem
2568 3237 2847 3304 imposuit.
2881 3236 3197 3305 Polybotum
3237 3235 3470 3302 denique
3501 3247 3608 3287 non

352 3311 456 3364 καὶ
485 3312 582 3366 τοῦ
615 3315 860 3386 πλήθους
889 3318 1157 3386 ἀνάλογον

2037 3330 2125 3382 ditt
2157 3339 2279 3398 post
2313 3328 2521 3382 Turcos
2549 3343 2613 3382 eo
2666 3338 2912 3396 receptos
2953 3327 3196 3395 pervenit
3232 3342 3245 3379 :
3281 3339 3510 3395 quorum
3553 3324 3607 3377 in

352 3409 572 3462 turbam
602 3427 666 3463 ex
702 3413 896 3466 itinere
928 3429 1120 3469 securo
1153 3417 1329 3471 adhuc
1376 3419 1732 3484 inconditam,
1763 3425 2102 3494 sarcinisque
2175 3426 2264 3478 vix
2320 3425 2457 3477 bene
2505 3422 2764 3490 depositis
2844 3421 3180 3490 implicitam,
3255 3420 3613 3488 impressione
3658 3453 3663 3458 -

352 3508 604 3562 invectus
643 3508 776 3575 acri,
808 3509 1012 3564 cladem
1039 3511 1146 3567 illis
1177 3510 1342 3568 infert
1387 3517 1700 3580 maximam,
1746 3533 1850 3584 qua
1878 3527 1932 3572 et
1972 3520 2092 3573 cassi
2128 3520 2342 3588 plurimi
2383 3519 2748 3572 Barbarorum
2829 3525 2976 3582 sunt,
3025 3517 3312 3585 prtedaaue
3391 3517 3609 3583 ingens9

352 3617 460 3656 nec
491 3599 667 3652 minor
697 3601 1031 3670 captivorum
1066 3620 1323 3659 numerus
1365 3616 1448 3662 est
1481 3616 1749 3677 receptus.

433 3679 636 3742 Τούτου
662 3690 794 3757 γοῦν
827 3693 1012 3762 μήπου
1035 3694 1078 3725 ⁸³
1108 3697 1567 3766 ἐπανεληλυθότος
1589 3703 1703 3755 ἀλλ’
1726 3703 1928 3770 ἀγωνι-

356 3779 593 3849 ζομένου
628 3780 772 3832 κατὰ
803 3781 909 3834 τῶν
953 3782 1214 3855 Τούρκων
1243 3789 1270 3840 ὁ
1297 3787 1556 3856 βασιλεὺς
1586 3793 1931 3862 ὲτοιμασθετς

355 3873 442 3931 είς
491 3871 756 3943 ἀρῤωγὴν
792 3871 838 3903 ⁸⁸
887 3874 998 3926 τῶν
1047 3876 1178 3945 περὶ
1212 3879 1311 3945 τὴν
1342 3877 1674 3950 Ἀντιόχειαν
1726 3883 1928 3950 φθάσαι

351 3961 600 4026 Κελτῶν,
632 3965 758 4016 ἐπεὶ
783 3965 842 4017 τὸ
864 3966 1194 4036 Φιλομήλιον
1223 3967 1333 4036 (20)
1361 3972 1630 4024 κατέλαϐε
1660 3975 1756 4025 σὺν
1777 3976 1926 4038 ὅλαις

348 4055 620 4126 δυνάμεσι
642 4057 874 4120 πολλοὺς
905 4060 964 4110 ὲν
995 4059 1072 4127 τῷ
1094 4060 1298 4128 μεταξὺ
1333 4061 1548 4126 κτείνας
1577 4064 1920 4135 Βαρϐάρους,

350 4147 562 4210 πολλὰς
604 4148 660 4201 δὲ
710 4149 806 4200 καὶ
857 4149 1044 4212 πόλεις
1075 4150 1428 4221 δῃωσάμενος
1457 4152 1551 4204 ὑπ’
1583 4154 1760 4208 αὐτῶν
1792 4157 1922 4225 πρὶν

350 4242 740 4311 κατεχομένας
768 4282 783 4306 ,
823 4241 1014 4310 φθάνει
1047 4243 1354 4311 τηνικαῦτα
1393 4243 1587 4297 τοῦτον
1619 4245 1676 4310 ἐξ
1718 4247 1925 4299 Ἀντιο-

345 4334 506 4406 χείας
538 4334 836 4405 Γελίελμος
867 4334 916 4366 ⁸⁵
945 4336 974 4386 ό
1025 4335 1388 4406 Γραντεμανῆ
1425 4337 1470 4369 ⁸⁸
1497 4337 1612 4408 (‘21)
1655 4339 1750 4390 καὶ
1796 4339 1927 4392 Στέ-

2104 3706 2234 3756 Dum
2270 3704 2382 3755 huic
2411 3701 2645 3754 maxime
2677 3701 2914 3753 Joannes
2948 3707 3136 3750 contra
3199 3697 3406 3750 Turcos
3446 3697 3606 3763 gerit,

2034 3798 2330 3863 imperator
2385 3794 2590 3860 paratis
2653 3791 2826 3861 copiis
2895 3789 3168 3857 profectus
3227 3788 3280 3841 in
3339 3787 3602 3841 auxilium

2028 3886 2300 3940 Gallorum
2365 3882 2707 3938 Antiochiam
2781 3881 3264 3950 propugnantium,
3337 3877 3608 3932 Philome‘

2025 3980 2153 4033 lium
2182 3993 2303 4030 eum
2340 3976 2596 4030 universo
2626 3974 2865 4028 exercitu
2889 3972 3151 4042 pervenit,
3188 3970 3370 4024 multis
3432 3969 3607 4023 obiter

2031 4070 2186 4124 caasis
2221 4069 2476 4122 Barbaris
2511 4066 2848 4133 receptisque
2903 4064 3127 4118 urbibus
3153 4077 3276 4131 quae
3322 4071 3603 4128 occupatae

2033 4156 2188 4211 abiis
2214 4167 2370 4210 antea
2410 4155 2638 4210 fuerant.
2679 4153 2813 4208 Illic‘
2848 4169 2970 4208 eum
3021 4152 3353 4207 conveniunt
3398 4151 3600 4205 Guliel-

2033 4265 2151 4304 mus
2197 4250 2606 4312 Grantemanes,
2665 4246 2968 4314 Stephanus
3026 4260 3210 4300 comes
3258 4244 3523 4307 Franciae,
3550 4255 3604 4296 et

2035 4339 2226 4396 Petrus
2250 4339 2480 4408 Aliphae,
2505 4339 2724 4394 demissi
2749 4351 2847 4408 per
2879 4336 3034 4392 funes
3058 4350 3087 4390 e
3109 4335 3287 4406 pinnis
3323 4349 3598 4389 murormu

1389 4470 1588 4534 Varitc
1627 4472 1932 4537 lectiones
1963 4492 2041 4536 ex
2073 4476 2214 4539 cod.
2245 4473 2512 4537 Coislin.

419 4596 466 4631 τ’
492 4598 923 4660 ἀπελπίσαντες.
997 4597 1043 4630 ⁸⁸
1075 4596 1282 4653 Desunt
1318 4614 1480 4655 voces
1507 4602 1566 4654 οὐ
1605 4604 1816 4674 φύρδην
1849 4606 1986 4660 ἀλλ’.

419 4683 440 4722 c
482 4683 696 4738 semper
735 4683 857 4723 cum
889 4682 998 4722 uno
1021 4687 1072 4737 ρ.
1151 4669 1194 4701 ⁸⁵
1214 4668 1528 4738 Γελίαλμος.
1607 4675 1651 4706 ⁸⁸
1676 4675 2000 4747 Γρατεμανῇ

1719 4693 2000 4747 ρατεμανῃ
2011 4715 2024 4728 .

345 4667 440 4722 Sic
482 4683 696 4738 semper
735 4683 857 4723 cum
889 4682 998 4722 uno
1021 4687 1072 4737 ρ.
1151 4668 1528 4738 ⁸⁵Γελίαλμος.

2065 4607 2108 4639 ⁸⁸
2137 4605 2384 4668 τούτους.
2457 4607 2798 4675 ⁸³ήγσμόνα.
2878 4607 2922 4638 ⁸³
2971 4608 3162 4676 μήπω.
3241 4605 3289 4638 ⁸⁵
3349 4606 3597 4674 ἀρωγην.

1424 4787 1560 4849 Car.
1597 4789 1926 4852 Dufresnii
1956 4792 2050 4853 Du
2084 4795 2299 4873 Cangii
2333 4804 2525 4858 notas.

416 4907 530 4979 (19)
564 4908 844 4979 Λάμξτηκ.
882 4905 1080 4960 Paulus
1103 4906 1385 4979 episcopus
1406 4909 1646 4978 Λάμπης
1681 4915 1922 4970 interfuit
1951 4919 2002 4978 D

339 4977 577 5035 concilio
630 4977 924 5048 Ephesiuo,
988 4985 1140 5048 ut_ex
1163 4977 1320 5048 Actis
1351 4977 1610 5048 constat;
1657 4986 1749 5038 sed
1797 4991 1924 5040 urbs

343 5051 444 5103 ista
507 5049 558 5100 iu
621 5047 866 5100 Cretensi
931 5044 1205 5114 provincia
1264 5047 1385 5114 fuit,
1441 5061 1498 5102 ut
1552 5044 1628 5106 ibi
1686 5054 1928 5110 innttitur

343 5127 499 5167 narle
535 5132 593 5167 Il.
627 5126 734 5167 act.
772 5116 824 5167 1.

381 5127 499 5172 arte
534 5132 593 5176 ll,
627 5126 734 5170 act.
772 5126 824 5168 1.

342 5137 938 5262 ῗόἱὲῗλίἔέιὲἓλήᾟςον.
973 5185 1113 5240 Urbs
1139 5185 1402 5262 Phrygiae,
1428 5194 1751 5262 geOgrapbis
1772 5206 1916 5251 ηοω,

341 5259 481 5312 llinc
541 5258 758 5331 tandem
809 5257 1280 5331 docemur_oppidi
1320 5257 1558 5323 nomen,—
1589 5257 1731 5331 quod
1783 5267 1920 5319 mire

341 5331 699 5397 depravatum
735 5325 926 5397 legitur
950 5326 1086 5391 apud
1117 5328 1406 5397 scriptores
1434 5325 1622 5384 reruni
1648 5333 1910 5387 l-lierosol.

343 5394 641 5449 'l‘uelebodo
669 5395 838 5458 enim,
873 5397 963 5447 lib.
1012 5410 1080 5456 Iv,
1122 5394 1381 5465 Philemia
1426 5399 1660 5465 dicitur;
1693 5403 1915 5456 Alberto

340 5465 704 5535 Aquileiensi,
744 5465 837 5517 lib.
873 5481 954 5536 tv,
983 5480 1114 5536 cap.
1154 5464 1243 5526 40,
1291 5466 1381 5536 lib.
1425 5483 1542 5533 vttt,
1575 5487 1691 5534 cap.
1725 5473 1832 5536 53;
1867 5483 1919 5526 el.

340 5534 530 5605 Tyria,
563 5536 596 5585 Ι.
629 5550 701 5596 ιν,
723 5549 838 5600 Cap.
862 5534 950 5595 9.0,
979 5534 1068 5586 lib.
1090 5550 1160 5605 vt,
1190 5550 1306 5601 cap.
1344 5535 1425 5600 lO,
1457 5542 1577 5593 urbs
1607 5534 1918 5605 Finiminis;

339 5604 1003 5676 g-llubv-rloihmonacho,
1047 5604 1152 5676 lib.
1198 5618 1284 5676 vi;
1336 5605 1600 5674 llaldrico,
1661 5612 1755 5664 lib.
1818 5604 1914 5676 nt;

339 5675 626 5748 Guibetto,
661 5674 755 5748 lib_.
792 5687 842 5735 v,
880 5672 1155 5748 cap.
1204 5672 1426 5748 Szttttllo,
1480 5672 1649 5738 lil).'l.
1690 5691 1825 5748 part.
1858 5672 1918 5743 tl,

340 5745 530 5815 r-ap.__6
567 5753 620 5815 et
665 5742 822 5815 epist.
874 5743 961 5800 i7,
1013 5740 1306 5815 Philomela
1335 5740 1920 5815 ;—tlenique'Jacobo

340 5812 716 5889 (ρο-νιιςξίιιιρ,
750 5810 915 5889 lit_)_._t_,
940 5825 1058 5876 cnp.
1096 5811 1164 5866 99
1203 5821 1254 5865 et
1296 5818 1504 5870 auctori
1551 5810 1690 5873 llist.
1727 5821 1917 5889 expeti.

342 5883 511 5935 Asiat.
544 5881 751 5934 Frider.
789 5879 1121 5935 Philomena.

2102 4919 2238 4994 (21)Δ
2266 4918 2679 4994 Γραντεματςῆ.
2699 4917 3122 4994 lVillelninsude
3172 4914 3598 4994 Grentemaisnil.

2032 4985 2272 5064 Hugonis
2310 4985 2392 5044 ἐχ
2457 4985 2906 5064 ᾼἸρξίιοζ-Υνοηὶε
2955 4985 3600 5064 Bellimontani‘comltis

2030 5053 2153 5110 nata
2193 5059 2352 5119 filius,
2407 5059 2603 5111 nobilis
2635 5058 3002 5118 Normannus,
3043 5057 3126 5108 cui
3163 5070 3299 5106 uxor
3345 5053 3444 5107 fuit
3485 5053 3596 5105 Ma-

2024 5125 2152 5179 bilia
2202 5126 2420 5180 Roberti
2473 5127 2741 5180 Wiscardi
2789 5129 2916 5184 lilia,
2953 5125 3244 5177 Boemundi
3275 5139 3448 5176 soror.
3499 5124 3600 5172 Co-

2021 5197 2293 5262 guominis
2324 5207 2541 5264 etymon
2571 5198 2747 5263 prodit
2782 5194 3124 5264 Epitaphium
3156 5193 3417 5264 llugonis.
3457 5190 3598 5244 Wil-

2023 5261 2165 5316 lelmi
2205 5261 2463 5331 parentis.
2496 5261 2635 5333 apud
2687 5261 3006 5317 Ordericum
3047 5261 3304 5322 Vitalem,
3337 5261 3430 5314 lib.
3473 5276 3592 5314 vttt.

2161 5379 2368 5432 Mansio
2396 5375 2670 5430 Cremonis
2703 5376 2925 5428 munitio
2955 5376 3152 5428 dicitur
3173 5375 3312 5442 ejus,

2159 5446 2307 5500 Unde
2340 5448 2435 5517 fuit
2468 5463 2749 5514 cognomen
2776 5447 2822 5498 ei
2849 5446 3027 5497 multis
3056 5445 3178 5498 bene
3210 5456 3412 5498 notum.

2022 5542 2092 5594 De
2125 5540 2399 5596 Willelmo
2433 5549 2596 5605 agunt
2635 5539 2983 5602 Tudebodus,
3019 5539 3112 5592 lib.
3151 5555 3227 5600 tv,
3275 5555 3399 5602 pag.
3441 5539 3544 5593 796
3574 5558 3588 5603 ;

2019 5613 2272 5666 Albertus
2306 5610 2692 5677 Aquileiensis.
2730 5610 2822 5661 lib.
2859 5624 2934 5672 tv,
2966 5623 3085 5674 cap.
3115 5608 3224 5673 37;
3271 5607 3587 5671 Ordericus,

2021 5683 2113 5735 lib.
2143 5696 2235 5736 vut
2271 5693 2325 5733 ct.
2351 5696 2445 5744 tx;
2500 5680 2811 5747 Baldricus,
2852 5677 2942 5747 lib.
2991 5693 3052 5740 tt,
3099 5693 3221 5747 pag.
3271 5679 3372 5733 114
3404 5695 3418 5743 ;
3456 5679 3591 5733 Gui-

2030 5754 2238 5813 bertus,
2265 5752 2358 5803 lib.
2389 5765 2439 5814 ν,
2480 5764 2600 5816 cap.
2638 5749 2742 5813 l5;
2773 5746 2994 5816 Tyrius,
3033 5747 3126 5802 lib.
3160 5746 3232 5807 vt,
3263 5763 3381 5816 cap.
3413 5750 3465 5805 5.
3507 5751 3589 5808 tu,

2033 5823 2090 5874 il
2123 5840 2137 5880 :
2172 5819 2476 5877 Malaterra.
2514 5819 2609 5872 lib.
2649 5835 2724 5882 tv,
2757 5831 2877 5885 cap.
2915 5816 2976 5870 9!
3011 5833 3026 5881 ;
3074 5829 3128 5870 et
3159 5817 3496 5871 Baimnndus
3528 5817 3592 5866 de

2033 5892 2234 5956 Agiles,
2271 5907 2393 5958 oag.
2438 5890 2560 5953 152,
2608 5889 2698 5945 ubi
2740 5900 3019 5950 perperam
3067 5889 3133 5940 de
3171 5885 3465 5940 Granduna
3503 5897 3594 5936 co-
