4040 6280
271 404 382 471 8ξῦ

1525 428 1942 491 ALEXIADIS
1965 431 2124 494 LIB.
2169 437 2274 500 Χῐ.

3411 452 3521 516 826

456 525 558 632 τας
595 528 707 632 τῶν
737 531 960 586 Κελτῶν
986 534 1208 607 γνώμας
1244 540 1569 607 μεταλαϐεῖν
1595 546 1662 609 τ’,
1709 549 1834 616 μήτε

1948 567 2054 622 que
2074 555 2481 613 amensanimus
2493 557 2700 614 consilii
2722 562 2858 617 nihii
2877 564 3112 632 expedit;
3133 564 3384 619 nimirum
3406 566 3520 621 fru-

267 615 549 688 ξυμϐουλῇ
591 619 818 686 τούτους
863 625 1093 695 βελτίονι
1141 629 1223 692 εις
1261 631 1324 683 τὸ
1381 635 1660 704 συμφέρον
1711 615 1842 707 μετ-

271 712 521 776 ενεγκείν
551 711 871 782 δυνάμενος,
898 717 1014 771 δέον
1060 719 1336 790 ἐλογίζετο
1389 726 1462 795 μὴ
1503 732 1841 799 προσωτέρω

268 803 472 892 χωρεῖν
501 801 640 872 (25),
674 804 760 857 ἵνα
793 807 866 876 μὴ
908 809 988 872 εἰς
1014 811 1114 881 τὴν
1143 814 1240 883 τῆς
1286 817 1621 887 Ἀντιοχείας
1656 823 1844 892 ἀρρω-

267 887 374 957 γὴν
415 892 777 960 ἐπειγόμενος
816 901 911 952 καὶ
943 901 1043 970 τὴν
1085 904 1498 962 Κωνσταντίωυ
1541 887 1842 980 προσαπαι-

265 980 471 1036 λὲσειε.
509 984 776 1054 Πτοηθεὶς
809 989 866 1044 δὲ
911 993 986 1061 μὴ
1022 996 1652 1068 ἑπικαταλαμὸανόντων
1679 1008 1843 1062 αὐτὸν

265 1071 590 1167 Toupthth
629 1079 930 1152 ἀμυθητῶν
960 1085 1124 1148 λαῶν,
1173 1093 1218 1144 οἱ
1257 1094 1466 1148 ἔποικοι
1507 1096 1617 1150 τῶν
1660 1099 1842 1167 μερῶν

263 1165 602 1259 Φιλομηλιου
632 1175 1015 1247 παρανάλωμα
1055 1178 1398 1253 βαρϐαρικῆς
1428 1165 1698 1254 γένωνται
1734 1165 1844 1259 μαο

265 1258 489 1328 χαίρας,
523 1262 606 1324 εἰς
632 1265 757 1317 νοῦν
798 1266 1051 1335 βάλλεται
1084 1272 1514 1345 διακηρυκεῦσαι
1549 1281 1648 1348 μὲν
1677 1258 1842 1334 ἁπαν-

263 1350 405 1440 ταχῆ
456 1351 554 1422 τὴν
599 1357 710 1408 τῶν
764 1361 1082 1431 ’Δγαρηνῶν
1133 1365 1322 1434 ἔφοδον
1377 1370 1470 1422 καὶ
1525 1373 1840 1440 παραυτίκα

264 1439 716 1533 όιεκηρυκεύετο,
746 1451 840 1503 καὶ
869 1453 949 1505 ὅτι
988 1454 1218 1520 ἕκαστος
1257 1459 1289 1528 ἢ
1331 1461 1539 1531 ἑκάστη
1574 1439 1838 1533 προεξελ-

266 1529 408 1584 Θέτω
448 1533 548 1601 τῆς
577 1537 783 1590 τούτων
817 1540 1104 1606 ἐλεύσεως,
1130 1548 1200 1599 τὰ
1232 1548 1459 1618 σώματα
1489 1529 1630 1606 uiitti-
1655 1529 1744 1606 καλ
1771 1557 1838 1608 τὰ

264 1623 526 1691 χρήματα
546 1627 719 1682 ὁπόσα
742 1633 925 1703 φέρειν
943 1635 1195 1691 δύνανται
1211 1641 1594 1707 διασώζοντες.
1619 1647 1839 1715 Εἶχοντο

268 1715 368 1782 μὲν
393 1716 488 1770 οῦν
510 1719 751 1786 ἅπαντες
800 1728 960 1789 εὐθὺς
1007 1733 1332 1800 συνέψεσθαι
1361 1737 1438 1804 τῷ
1480 1738 1709 1806 βασιλεῖ,
1738 1743 1838 1794 οὐκ

1946 657 2118 703 strato
2141 652 2496 720 confusoque,
2524 666 2682 721 quem
2704 669 2869 708 unum
2905 670 3126 722 operum
3163 658 3399 710 onmium
3433 658 3520 709 in-

1944 750 2306 796 strumentum
2332 743 2512 805 habet,
2531 745 2744 798 vecordi
2760 760 2822 799 ac
2839 747 3095 814 praecipiti
3119 748 3315 801 furore.
3336 749 3514 814 Quor-

1945 849 2063 889 sum
2083 837 2246 906 igitur
2273 837 2344 891 ita
2367 836 2612 900 turbidis,
2645 837 2716 890 ita
2741 836 3038 906 desperatis
3057 839 3332 893 Gallorum
3357 843 3516 894 rebus

1947 931 2175 984 miscere
2240 944 2367 983 suas
2434 927 2712 984 Romanus
2775 931 2976 984 curet?
3029 931 3091 983 Et
3153 947 3272 985 cum
3341 947 3515 998 neque

1945 1023 2129 1091 copias
2159 1021 2350 1075 habeat
2374 1021 2654 1074 vincendis
2689 1022 2938 1074 Barbaris
2979 1023 3315 1076 Antiochiam
3344 1039 3519 1090 oppu-

1944 1114 2232 1180 gnantibus
2283 1127 2459 1179 pares,
2492 1127 2666 1180 neque
2703 1123 2796 1166 aut
2829 1112 3076 1166 conferre
3103 1115 3324 1166 consilia
3353 1114 3515 1180 (quod

1943 1221 2076 1273 opus
2106 1214 2222 1258 erat
2261 1204 2326 1257 ad
2361 1205 2724 1258 conditionem
2765 1207 2837 1258 rei
2871 1205 3144 1273 gerendae)
3172 1219 3294 1257 cum
3323 1207 3511 1256 obses-

1943 1298 2017 1351 sis
2036 1307 2197 1364 queat
2231 1313 2244 1348 :
2282 1310 2378 1349 nec
2405 1296 2447 1347 sl
2478 1295 2527 1346 id
2561 1295 2748 1358 liceat,
2779 1305 2954 1362 speret
2991 1303 3166 1347 tamen
3207 1297 3256 1347 in
3293 1306 3515 1348 senten-

1944 1391 2070 1442 tiam
2106 1403 2286 1443 secum
2321 1403 2485 1442 unam
2519 1387 2737 1441 trahere
2776 1401 2945 1456 genus
2990 1389 3240 1455 pervicax
3281 1396 3335 1440 et
3376 1384 3518 1438 arci-

1941 1478 2148 1547 piendis
2195 1477 2438 1531 consiliis
2501 1477 2763 1540 indocile,
2823 1475 3008 1545 utique
3063 1477 3195 1530 nihil
3267 1476 3517 1529 consulat

1943 1569 2261 1639 prudentius
2310 1584 2472 1636 quam
2521 1569 2609 1622 hic
2646 1569 2884 1622 sistere:
2921 1583 2988 1621 ne
3046 1568 3092 1621 si
3149 1568 3518 1636 pergat,etin

1941 1661 2025 1713 via
2066 1660 2205 1712 male
2230 1659 2361 1712 inita
2395 1660 2771 1728 progrediendi
2823 1658 3288 1727 perseverantiam
3349 1657 3518 1710 obsti—

1943 1760 2052 1814 net,
2088 1751 2217 1804 dum
2242 1748 2544 1804 Antiochiae
2575 1749 2831 1801 auxilium
2868 1749 3147 1814 importat,
3201 1746 3518 1800 Constanti-

260 1807 454 1917 ἄνδρες
490 1814 672 1880 μόνον,
698 1817 833 1870 ἀλλὰ
885 1822 980 1874 καὶ
1008 1825 1167 1876 αὑταὶ
1203 1831 1464 1893 γυναῖκες
1489 1842 1504 1860 ⁶
1548 1831 1690 1883 οὕτω
1737 1833 1834 1900 μὲν

1940 1842 2118 1910 nopoli
2179 1849 2420 1895 accersat
2502 1840 2754 1894 exitium.
2817 1840 3085 1894 Cuzterum
3171 1851 3516 1906 regressurus

261 1897 356 1954 οὖν
406 1904 477 1956 τὰ
529 1907 639 1959 τῶν
678 1911 1042 1978 αἰχμαλώτων
1102 1919 1419 1989 ᾠκονόμητο
1467 1922 1548 1992 τῷ
1600 1925 1831 1994 βασιλεῖ.

260 1994 446 2063 Μέρος
475 1998 531 2050 δὲ
565 2002 659 2053 τοῦ
701 2012 1098 2074 στρατιωτικοῦ
1128 2013 1535 2084 ἀποτεμόμενος
1562 2019 1836 2071 καὶτοῦτο

261 2085 342 2148 εἰς
387 2088 565 2142 πολλὰ
617 2091 804 2145 διελὼν
841 2096 967 2148 “tv
1011 2098 1225 2164 πολλοῖς
1278 2103 1472 2174 μέρεσι
1526 2107 1669 2158 κατὰ
1726 2109 1832 2160 τῶν

273 2177 596 2250 ’Δγαρηνῶν
614 2184 922 2246 ὲξαπόστει)
935 2209 990 2242 εν
1005 2192 1068 2251 π.
1093 2193 1266 2246 εἵπου
1283 2198 1666 2268 προεκδρομὰς
1686 2203 1834 2265 τινὰς

261 2271 626 2338 ποιουμένους
660 2277 788 2339 τοὺς
832 2280 1109 2351 Τούρκους
1161 2286 1371 2355 εὕροιεν
1425 2289 1833 2359 ξυμμιγνυσθαε

260 2377 318 2414 τε
365 2364 551 2428 αὐτοῖς
604 2369 700 2420 καὶ
741 2376 1025 2442 καρτερῶς
1082 2379 1423 2446 μαχομένους
1480 2382 1832 2438 ἀναστέλλειν

258 2453 355 2524 τὴν
390 2456 537 2509 κατὰ
568 2459 663 2511 τοῦ
695 2463 1102 2533 αὐτοκράτορος
1148 2468 1337 2536 ἔφοδον
1361 2487 1374 2499 ·
1417 2471 1579 2533 αὐτὸς
1609 2472 1664 2525 δὲ
1697 2476 1833 2542 μετὰ

258 2551 462 2612 παντὸς
489 2550 588 2605 τοῦ
633 2553 763 2606 λαοῦ
792 2554 903 2608 τῶν
941 2574 1002 2610 τε
1047 2559 1367 2614 ἑαλωκότων
1402 2563 1700 2632 Βαρϐάρων
1739 2569 1834 2621 καὶ

256 2640 368 2692 τῶν
409 2647 958 2714 προσκεχωρηκότων
994 2651 1339 2718 Χριστιανῶν
1393 2655 1831 2723 ἑπαναξεύγνυσι

256 2732 396 2802 προς
447 2733 548 2804 τὴν
598 2735 1006 2804 βασιλεύουσαν.
1072 2742 1132 2795 Ὀ
1173 2742 1229 2795 δέ
1286 2760 1350 2812 γε
1408 2747 1832 2817 ἀρχισατράπης

265 2825 490 2896 Ἰσμαὴλ
517 2828 859 2898 μεμαθηκὼς
893 2832 1023 2901 περὶ
1052 2833 1146 2886 τοῦ
1181 2834 1587 2907 αὐτοκράτορος
1615 2840 1698 2893 ὅτι
1728 2843 1829 2910 τῆς

250 2915 668 2974 Κωνεταντῑνου
701 2922 1043 2994 ἐξεληλυθὼς
1069 2927 1272 2993 πολλὴν
1303 2929 1402 2998 μὲν
1430 2931 1831 3002 ἀνδροκτασίαν

253 3009 596 3082 πεποιηκὼς,
637 3015 840 3078 πολλὰς
869 3017 928 3070 δὲ
957 3018 1053 3071 καὶ
1093 3021 1438 3089 κωμοπόλεις
1481 3025 1538 3078 ἐν
1577 3025 1652 3096 τῷ
1687 3025 1830 3098 διέρ-

250 3101 444 3170 χεσθαι
495 3105 778 3169 παντελῶς
828 3109 1174 3179 ὲρειπὼσας,
1200 3113 1402 3183 πολλήν
1430 3132 1490 3167 τε
1530 3117 1681 3170 λείαν
1733 3120 1828 3171 καὶ

1944 1937 2236 2002 imperator
2271 1949 2298 1984 a
2341 1932 2661 1986 Philomelio
2695 1933 3100 1986 misericordem
3141 1931 3384 1995 concepit
3419 1943 3513 1980 cu-

1942 2041 2057 2078 ram
2088 2026 2280 2080 salutis
2334 2039 2397 2078 ac
2447 2025 2714 2077 libertatis
2773 2023 3208 2078 Christianorum
3245 2023 3358 2073 loca
3418 2021 3518 2073 illa-

1943 2116 2311 2178 incolentium.
2341 2131 2475 2185 quos
2495 2117 2812 2171 imminente
2845 2115 3077 2168 adventu
3103 2112 3522 2165 barbaric-arum

1941 2208 2215 2273 copiarum
2247 2206 2716 2259 innumerabilium
2755 2204 3028 2257 occisione
3061 2202 3385 2257 occidendos
3441 2200 3516 2253 ab

1941 2299 2095 2352 iratis
2121 2298 2313 2352 Turcis
2344 2299 2692 2366 intrlligebat.
2725 2295 2900 2350 'l'anto
2947 2309 3077 2364 ergo
3107 2294 3249 2347 malo
3283 2303 3341 2346 ut
3370 2307 3516 2360 prae-

1937 2399 2176 2444 verteret
2207 2389 2405 2458 vulgari
2436 2390 2631 2456 passim
2661 2403 2758 2458 per
2782 2389 3052 2457 regionem
3070 2385 3274 2440 circum
3298 2397 3514 2439 omnem

1939 2484 2310 2554 Agarenorum
2340 2483 2736 2550 expeditionem
2758 2482 2943 2547 jussit,
2986 2489 3100 2536 tum
3126 2495 3222 2549 per
3239 2490 3518 2548 praecones

1938 2576 2077 2631 edici
2108 2586 2167 2630 ut
2197 2577 2290 2644 qui
2318 2591 2480 2630 sexus
2509 2575 2792 2642 atatisque
2836 2574 3015 2628 omnis
3054 2572 3187 2626 salvi
3237 2585 3357 2624 esse
3397 2568 3514 2623 vel-

1938 2670 2072 2731 lent,
2105 2669 2170 2721 ad
2195 2675 2376 2722 castra
2411 2668 2755 2735 imperatoris
2786 2667 2838 2718 in
2890 2674 3008 2718 tuta
3060 2678 3182 2717 mox
3240 2661 3517 2718 recessuri

1938 2776 2061 2818 sese
2091 2761 2210 2816 sine
2242 2774 2393 2813 mora
2427 2759 2787 2827 adiungerent
2815 2772 2936 2812 cum
2981 2761 3143 2812 rebus
3173 2770 3360 2810 omnes
3400 2754 3520 2809 suis

1937 2866 2288 2921 quascunque
2327 2849 2518 2904 eﬂ'erre
2545 2861 2790 2918 possent,
2821 2848 2900 2903 sic
2939 2847 3175 2901 futurum
3210 2856 3267 2899 ut
3299 2853 3352 2900 et
3377 2860 3516 2900 cor-

1936 2957 2066 3011 pora
2102 2953 2156 2996 et
2189 2957 2323 3008 opes
2339 2950 2493 2994 certo
2520 2941 2688 2993 exitio
2718 2939 3008 3006 eriperent.
3051 2938 3130 2990 Ad
3170 2939 3305 2999 hanc
3325 2949 3512 2988 vocem

1937 3043 2262 3102 congregata
2301 3031 2589 3086 multitudo
2613 3031 2802 3099 ingens
2833 3031 3073 3082 virorum
3114 3037 3170 3080 et
3232 3026 3516 3079 mulierum

1937 3123 2248 3189 imperatori
2287 3138 2468 3178 comes
2504 3122 2793 3176 revertenti
2846 3122 2986 3184 fuit;
3029 3121 3295 3172 immenso
3326 3129 3382 3172 et
3421 3131 3512 3170 ca-

250 3195 633 3267 δορυαλὼτους
661 3199 1064 3270 ἁναλαϐόμενος
1097 3205 1536 3275 ὲπαναζεύγνυσι
1572 3211 1707 3277 πρὸς
1729 3211 1828 3278 τὴν

1940 3217 2204 3280 ptivorum
2234 3231 2480 3278 numero,
2507 3223 2558 3268 el
2587 3227 2766 3266 rerum
2791 3212 2966 3278 prmda
2996 3209 3334 3262 barbaricam
3358 3207 3513 3273 cupi-

250 3288 650 3358 βασιλεύουσαν
699 3293 868 3362 μηδὲν
921 3294 1082 3364 ἔργον
1116 3297 1264 3366 αὐτῷ
1309 3301 1718 3363 καταλελοιπὼς
1757 3303 1833 3364 ὡς

246 3384 349 3453 τῆς
381 3384 560 3454 ἄγρας
628 3387 855 3452 ἀπέγνω
893 3389 950 3439 ὲν
1016 3389 1323 3459 ἀμηχάνοις
1370 3393 1683 3459 καθίστατο,
1736 3394 1834 3447 καὶ

249 3477 340 3541 ἐφ’
370 3477 567 3546 ἑτέραν
611 3479 957 3546 τραπόμενος
1005 3482 1065 3532 τὸ
1102 3483 1348 3549 Παῖπερτ
1385 3483 1495 3550 (‘26)
1537 3485 1822 3555 πολιορκῆ-

251 3583 343 3618 σαι
371 3567 612 3633 ἐπέγνω.
651 3570 832 3639 Ὅπερ
872 3571 978 3640 πρὸ
1022 3571 1224 3640 μικροῦ
1270 3574 1582 3644 κατασχὼν,
1626 3571 1771 3645 εἶχεν
1803 3579 1830 3629 ὀ

252 3673 320 3708 πε
330 3658 580 3726 piaclum;
602 3662 809 3725 ἐκεῖνος
836 3661 1055 3732 Γαὸρᾶς
1081 3663 1364 3732 Θεόδωρος
1391 3668 1484 3717 καὶ
1508 3667 1830 3719 καταλαϐὼν

247 3747 342 3799 τὸν
377 3748 550 3817 ἀγχοῦ
590 3750 784 3802 τούτου
846 3752 1036 3818 ῥέοντα
1087 3755 1358 3823 ποταμὸν,
1414 3756 1566 3808 ἅπαν
1620 3758 1739 3809 ἐκεῖ
1771 3758 1830 3810 τὸ

251 3843 655 3908 στρατιωτικὸν
713 3844 998 3896 κατέθετο.
1042 3845 1212 3898 Τοῦτο
1264 3847 1602 3915 μεμαθηκὼς
1649 3851 1677 3900 ὁ
1721 3850 1759 3900 Γ
1762 3868 1828 3901 α-

247 3934 390 4004 σρᾶς
423 3938 767 3991 διεσκοπεὴο
791 3939 984 4001 νυκτὸς
1009 3939 1360 3991 ἐπεισπεσείν
1398 3937 1567 4005 αὐτῷ.

1935 3306 2159 3360 ditatem
2191 3307 2484 3370 frustratis,
2515 3318 2621 3357 una
2652 3302 2934 3370 prudentia
2963 3299 3176 3353 consilii
3213 3306 3516 3365 opportune

1933 3395 2118 3461 oblati,
2140 3403 2352 3448 mature
2383 3394 2605 3460 accepti.
2638 3394 2805 3446 Porro
2841 3391 3134 3458 imperator
3156 3389 3417 3443 sollicitus
3449 3401 3515 3438 ne

1933 3490 2036 3544 sibi
2075 3490 2345 3543 recedenti
2376 3489 2603 3558 vestigia
2636 3487 2850 3540 barbari
2891 3503 3011 3541 cum
3048 3486 3290 3554 pernicie
3323 3495 3513 3550 magna

1935 3582 2202 3637 instantes
2237 3594 2568 3650 premerent,
2602 3593 2807 3650 partem
2843 3597 2934 3635 ex:
2961 3590 3072 3635 toto
3127 3593 3224 3632 suo
3277 3575 3514 3628 exercil"

1939 3674 2131 3742 selegit
2162 3673 2249 3727 cui
2279 3688 2464 3728 curam
2501 3675 2850 3728 deuiaudaret
2903 3670 3365 3740 reprimendarum
3431 3665 3515 3715 itt-

1937 3763 2250 3817 cursionum
2320 3764 2767 3828 Agarenicarnm.
2823 3763 2950 3814 Eam
2986 3769 3193 3829 partem
3236 3758 3286 3808 iu
3321 3752 3524 3805 multas.

1937 3853 2231 3919 particulas
2255 3853 2553 3916 subsecuit,
2591 3853 2790 3920 quibus
2824 3853 3006 3918 vagari
3031 3849 3230 3916 passim
3268 3861 3330 3898 ac
3363 3856 3514 3895 seor-

1937 3947 2039 3997 sim
2069 3944 2233 4009 jussis
2265 3945 2560 4008 mandavit,
2603 3953 2659 3995 ut
2691 3945 2734 3997 si
2769 3958 2904 4009 quos
2929 3940 3272 3994 offenderent
3302 3933 3516 3986 Turco-

249 4043 372 4082 rum
427 4031 751 4098 manipulos,
823 4030 1078 4085 audacter
1128 4031 1448 4084 invaderent
1507 4029 1830 4100 fortiterque
1856 4033 2021 4104 326
2088 4034 2357 4088 medendis
2407 4035 2472 4089 iis
2517 4049 2664 4102 spem
2715 4044 2768 4087 et
2848 4033 3225 4102 cogitationem
3304 4024 3518 4080 caclcris

249 4124 557 4177 adimerent
601 4125 942 4193 imperatoris
989 4125 1369 4192 persequendi.
1414 4122 1530 4191 Ipse
1574 4135 1754 4178 autem
1808 4142 1930 4180 cum
1974 4135 2170 4181 caetero
2217 4127 2474 4180 universo
2520 4127 2712 4197 populo
2747 4127 3082 4194 captivisque
3131 4119 3404 4182 Barbaris,
3452 4133 3513 4171 ac

249 4231 401 4276 metu
437 4222 800 4290 migrantibus
842 4222 1166 4277 Christianis
1192 4222 1846 4291 Constantii-epuliIanum
1888 4225 1991 4278 iter
2044 4224 2251 4279 terebat
2303 4241 2544 4280 securus.
2604 4224 2828 4287 Quando
2874 4220 3062 4273 Ismael
3120 4216 3510 4279 arcbisalrapa.

247 4321 342 4388 qui
371 4318 554 4372 caedes
575 4319 836 4380 virorum,
891 4317 1290 4373 destructiones
1335 4319 1576 4384 urbium,
1640 4333 1820 4373 rerum
1853 4335 2248 4388 corporumque
2292 4321 2520 4387 praedas,
2587 4321 2782 4387 quibus
2843 4317 3018 4369 modis
3077 4315 3272 4367 itinere
3326 4319 3436 4362 tom
3482 4325 3513 4364 a

249 4409 724 4476 ConstantinOpoli
761 4409 828 4461 ad
889 4407 1267 4463 Philomelium
1324 4421 1628 4478 grassatum
1692 4410 1746 4465 in
1809 4411 2014 4468 Turcos
2072 4415 2367 4480 Augustum
2431 4411 2715 4474 didicerat,
2771 4407 3044 4462 cumulate
3114 4418 3233 4457 sese
3323 4414 3510 4460 magna

249 4503 498 4559 vicissim
537 4503 705 4571 ipsius
754 4501 905 4556 clade
968 4503 1586 4572 speraveratulturum:
1649 4515 1821 4558 ttttum
1850 4504 1964 4572 jam
1997 4505 2336 4572 imperatoris
2384 4517 2662 4557 recessum
2694 4501 2944 4560 audiens,
3012 4495 3247 4549 dolorem
3312 4501 3516 4557 crepito

250 4596 448 4667 puellas
515 4602 702 4652 tantm.
761 4593 1182 4663 interversasque
1230 4595 1390 4659 spei,
1447 4597 1842 4663 oppugnatione
1875 4596 2108 4664 Paiperti
2150 4595 2417 4648 consolari
2474 4594 2686 4649 statuit.
2751 4594 2863 4645 Arx
2930 4605 2991 4644 ea
3071 4599 3190 4642 erat
3249 4592 3508 4650 occupatu

249 4689 418 4760 paulo
445 4696 569 4740 ante
596 4687 776 4740 abillo
805 4689 908 4741 late
943 4688 1143 4759 inclyto
1175 4689 1354 4743 Gabra
1401 4688 1689 4744 Theodoro
1730 4691 1821 4759 qui
1865 4690 2043 4744 factus
2074 4692 2276 4745 certior
2333 4693 2397 4747 de
2450 4689 2693 4745 lsmaelis
2772 4683 3021 4752 oonsilio,
3083 4685 3308 4752 jamque
3371 4679 3514 4731 illius

245 4782 439 4847 copias
473 4793 639 4848 prope
667 4794 882 4832 amnem
930 4781 1216 4834 munitioni
1254 4796 1362 4835 sua:
1419 4782 1507 4836 isti
1541 4783 1844 4850 proximum
1884 4783 2201 4840 consedisse
2227 4785 2422 4840 castris
2449 4783 2650 4852 positis
2691 4781 2928 4841 intuens,
2988 4777 3212 4832 consilia
3266 4772 3514 4834 versabat

247 4886 533 4933 nocturna!
584 4870 962 4941 impressinnis
1015 4871 1066 4922 in
1116 4871 1377 4926 Turcicas
1445 4875 1629 4943 cupias
1678 4873 2047 4943 experiundaa.

335 4965 477 5021 Ἀλλ’
532 4966 722 5018 ὁποῖον
767 4961 864 5028 μὲν
920 4959 1098 5028 πέρας
1154 4961 1223 5012 τὰ
1266 4961 1408 5014 κατὰ
1464 4963 1558 5016 τὸν
1612 4963 1650 5015 Γ
1655 4963 1831 5032 ασρᾶν

2025 4964 2219 5022 Verum
2247 4983 2404 5038 quem
2436 4974 2546 5021 tota
2581 4981 2666 5020 res
2711 4963 2959 5020 habuerit
3005 4961 3225 5017 exitium,
3263 4951 3421 5007 simul
3456 4959 3511 5002 et

250 5057 476 5127 ἔσχηκε,
521 5057 619 5109 καὶ
681 5051 806 5105 ὅθεν
855 5049 1015 5112 αὐτὸς
1067 5051 1314 5121 ὥρμητο,
1357 5050 1451 5104 καὶ
1505 5056 1686 5114 ὁποῖος
1743 5051 1832 5124 ἦν.

247 5146 646 5215 ταμιευσάσθω
686 5144 714 5195 ὁ
739 5141 898 5209 λόγος
936 5143 994 5202 ὲς
1021 5142 1113 5192 τὸν
1139 5143 1482 5210 προσήκοντα
1529 5144 1692 5195 τόπον
1725 5161 1739 5175 ·
1767 5145 1836 5196 τὰ

244 5238 342 5294 νῦν
381 5240 428 5292 δ’
471 5238 651 5308 ἐχέτω
707 5230 803 5284 τοῦ
843 5235 1226 5302 προκειμένου.
1274 5233 1336 5284 Οἱ
1385 5233 1439 5284 δέ
1492 5250 1554 5300 γε
1607 5237 1828 5286 Λατῖνοι

1945 5063 2083 5115 unde
2107 5073 2257 5116 ortus
2287 5062 2376 5114 hic
2402 5058 2609 5113 Gabras
2637 5065 2691 5112 et
2752 5056 2926 5124 qualis
2985 5051 3168 5108 fuerit,
3217 5042 3506 5097 dicendum

1943 5153 2135 5220 aptiori
2169 5153 2286 5204 loco
2331 5159 2658 5203 reservetur.
2729 5147 2880 5198 Nunc
2935 5142 3076 5209 quod
3135 5133 3510 5204 prODOSIIimUS

1945 5242 2100 5296 decet
2124 5243 2370 5312 exsequi,
2419 5243 2483 5294 de
2515 5235 2970 5293 Antiochensibus
3004 5229 3230 5284 Latinis.
3274 5225 3365 5293 qni
3398 5236 3510 5275 mtt—

1336 5370 1535 5431 Variae
1579 5372 1883 5439 lectiones
1915 5397 1989 5440 ex
2022 5380 2161 5442 cod.
2203 5379 2474 5440 Coislin.

307 5478 358 5545 ξ’
375 5474 744 5548 μεταβαλεῖν.
847 5471 889 5500 ⁷³
927 5469 1172 5539 διαιρῶν.
1249 5467 1292 5501 ⁷⁵
1327 5470 1730 5532 ἐξαπέστειλεν.

1324 5611 1462 5672 Car.
1497 5611 1824 5673 Dufresnii
1858 5612 1951 5670 Du
1985 5605 2202 5682 Cangii
2261 5609 2444 5664 uotae.

325 5746 439 5815 (25)
665 5735 1311 5815 προσωτέρωήχωρεινλ
1581 5717 1834 5815 Alt-ben“;

989 5801 1223 5869 40,41;
1275 5801 1569 5869 Βιιιὼῖιοῖιε,
1609 5807 1700 5858 lib.
1759 5820 1836 5868 Ill,

259 5811 522 5882 Mirans”
550 5811 650 5865 lib.
705 5824 775 5873 tv,
821 5825 937 5875 cap.

1945 5740 1995 5787 et
2020 5731 2138 5871 ξ’έῶ
2164 5800 2440 5866 Παΐπερτ.
2478 5796 2616 5852 Urbs
2645 5796 2693 5848 in
2719 5793 2990 5857 Armenia,
3026 5791 3162 5860 apud
3199 5791 3508 5864 bcylitzcm.
