4040 6280
545 380 654 442 843

1847 377 2074 437 ΛΝΝΆΕ
2114 375 2501 438 (ΣΟΜΝΕΝᾹΞ

3690 370 3786 432 8H

539 495 889 564 Evangelium
932 504 985 548 et
1030 508 1220 549 cruces
1268 495 1519 548 manibus
1577 493 1947 563 praeferentes.
2004 491 2107 544 Eos

2217 489 2597 560 σκηνὼσαντες
2663 487 2887 558 χάρακά
2934 504 2996 541 τι
3052 486 3381 556 πηξάμενοι,
3437 489 3536 546 τὰς
3603 486 3788 548 σκευὰς

531 588 892 642 nihilominus
923 586 1217 655 importuni
1251 585 1476 639 Barbari
1506 585 1625 654 pltrs
1652 599 1810 652 quam
1839 583 2111 636 hostiliter

539 679 820 744 excipiunt
852 687 906 730 et
936 693 1040 731 non
1077 678 1248 730 solum
1282 692 1470 732 sacros
1523 676 1802 728 ministros
1854 674 2109 738 fanatice,

538 772 630 822 sed
669 781 924 822 caeteram
983 783 1198 837 quoque
1248 767 1614 822 Christianam
1665 766 1875 818 turbam
1938 765 2110 819 ferina

536 861 854 913 crudelitate
921 859 1326 921 contrucidant,
1358 859 1563 927 talique
1590 858 1779 910 itubuti
1813 857 2020 910 scelere
2049 869 2114 908 ac

537 967 733 1006 cruore
764 951 1012 1020 sacrilegi
1047 960 1199 1018 cepta
1231 950 1314 1002 via
1343 951 1517 1003 securi
1553 947 1923 1018 procedebant
1951 947 2115 1000 Ama-

537 1061 680 1097 seam
740 1059 968 1106 versus,
1024 1046 1240 1111 quando
1311 1041 1773 1111 experientissirni
1851 1039 2110 1094 beilorum

537 1134 696 1188 Turci
747 1147 963 1188 arctare
1011 1134 1246 1203 primmn
1280 1148 1474 1200 cepere
1531 1131 1755 1186 advenis
1800 1145 2108 1194 annonam;

536 1227 750 1294 oppidis
785 1228 982 1295 quippe
1013 1242 1080 1279 ac
1111 1227 1246 1280 locis
1267 1241 1364 1294 per
1387 1241 1504 1293 qua:
1531 1225 1858 1279 transituros
1896 1232 2110 1286 norant,

536 1332 750 1371 mature
783 1318 1196 1387 praeoccupatis,
1246 1321 1407 1371 etiam
1458 1316 1676 1380 herbas,
1713 1332 2027 1383 camporum
2061 1327 2117 1371 et

537 1413 894 1466 animantium
929 1410 1126 1481 pabula
1165 1412 1273 1479 igni
1315 1419 1692 1478 corruperant.
1732 1407 1841 1462 Nec
1873 1408 1958 1462 his
1984 1424 2114 1461 con-

538 1503 671 1556 tenti
715 1503 984 1556 accedunt
1032 1502 1280 1556 cominus
1313 1498 1673 1570 Latinamque
1719 1502 1888 1554 aciem
1940 1501 2117 1554 laces-

533 1602 684 1647 sunt.
717 1592 874 1648 Feria
911 1602 1031 1648 erat
1055 1593 1324 1646 secunda.
1356 1591 1539 1661 Pugna
1583 1592 1940 1646 committitur
1968 1607 2113 1662 pra:-

535 1685 842 1738 valentibus
873 1685 1088 1738 Turcis.
1123 1683 1224 1748 Qui
1275 1683 1482 1738 Latinis
1530 1683 1648 1737 loco
1702 1683 1876 1751 pulsis
1929 1684 2108 1751 campi

537 1777 775 1842 Domini,
807 1777 1013 1830 vallum
1057 1777 1253 1829 ibidem
1298 1776 1468 1845 ﬁgunt
1517 1777 1900 1844 deponnntque
1938 1776 2111 1830 sarci-

2213 583 2570 635 ὲναπέθεντο.
2631 583 2709 651 Τῇ
2740 581 2797 633 δὲ
2833 582 2950 651 μετ’
2983 582 3156 650 αὐτὴν
3192 575 3347 640 αὖθις
3382 579 3427 608 9’
3463 579 3633 645 ἄμφω
3662 579 3786 645 ἐμά-

2214 693 2372 746 χοντο
2397 675 2466 728 τὰ
2501 675 2912 744 στρατεύματα.
2949 675 3015 726 Ui
3069 673 3126 725 δὲ
3166 672 3400 739 Τοῦρκοι
3454 669 3788 736 κυκλοτέρως

2216 767 2774 836 κατασκηνώσαντες,
2824 767 2886 819 ού
2917 765 3297 836 χορταγωγίας
3340 763 3528 831 χώραν
3589 763 3788 823 τούτοις

2213 855 2437 916 ἐδίδουν,
2481 854 2607 908 οὔτε
2647 855 2752 925 μὴν
2787 856 2858 909 τὰ
2905 854 3179 921 ὑποζύγια
3208 855 3304 905 καὶ
3337 854 3462 912 τοὺς
3493 853 3700 913 ἵππους
3744 855 3788 913 ὲς

2215 949 2379 1000 ποτὸν
2412 947 2630 1015 ἐξάγειν
2667 947 3030 1017 συνεχώρουν.
3059 946 3173 1016 Τὴν
3205 945 3418 998 ἑαυτῶν
3435 943 3529 996 οὖν
3558 944 3788 996 πανωλε-

2219 1039 2380 1110 θρίαν
2421 1039 2511 1092 ἐπ’
2542 1040 2844 1108 ὀφθαλμοῖς
2877 1039 2924 1072 ⁸³
2963 1038 3064 1109 ήδη
3105 1038 3340 1107 ὁρῶντες
3372 1037 3421 1088 οἱ
3451 1036 3671 1099 Κελτοὶ,
3703 1032 3788 1105 τῆς

2219 1134 2431 1186 ἑαυτῶν
2465 1133 2612 1202 ζωῆς
2645 1133 3060 1202 ἀφειδήσαντες,
3102 1133 3168 1199 τῇ
3199 1130 3317 1198 μετ’
3349 1130 3546 1198 αὐτὴν,
3603 1131 3788 1197 τετράς

2215 1225 2271 1278 δὲ
2300 1221 2393 1294 ἦν,
2434 1226 2721 1295 καρτερῶς
2748 1224 3130 1294 ὁπλισάμενοι,
3162 1223 3252 1274 τὸν
3290 1221 3427 1290 μετὰ
3449 1223 3562 1273 τῶν
3585 1221 3785 1290 Βαρὸἀ·

2220 1334 2328 1383 ρων
2357 1318 2677 1383 ἀνεδέξαντο
2706 1317 2964 1386 πόλεμον.
2999 1318 3061 1368 Οἱ
3117 1317 3174 1368 δὲ
3206 1315 3445 1386 Τοῦρκοι
3487 1317 3570 1376 εἰς
3617 1318 3787 1383 χεῖρας

2215 1408 2442 1469 τούτους
2472 1408 2692 1478 ἔχοντες
2729 1409 2828 1461 οὐκ
2853 1407 2933 1459 ἐτι
2972 1407 3111 1476 μετὰ
3153 1407 3262 1459 τῶν
3287 1407 3532 1478 δοράτων
3562 1407 3680 1458 οὐδὲ
3717 1405 3787 1456 διὰ

2215 1499 2388 1563 τόξων
2424 1500 2560 1568 πρὸς
2590 1501 2792 1562 αὐτοὺς
2832 1499 3208 1568 ἀπεμάχοντο,
3237 1499 3373 1551 ἀλλὰ
3405 1499 3473 1551 τὰ
3512 1499 3643 1566 ξίφη
3667 1515 3782 1548 om-

2219 1592 2470 1657 σάμενοι,
2496 1591 2590 1646 καὶ
2623 1590 2734 1641 τῶν
2765 1589 3004 1642 κουλεῶν
3027 1589 3441 1655 ἐξελκύσαντες,
3483 1590 3788 1656 ἀγχέμαχοι

2214 1683 2314 1749 τὴν
2343 1684 2524 1752 μάχην
2569 1683 2874 1748 ἐποιοῦντο,
2920 1686 3014 1735 καὶ
3063 1681 3321 1754 παρευθυ
3375 1683 3646 1750 τρέπουσι
3682 1682 3787 1742 τοὺς

2216 1775 2568 1844 Νορμάνους.
2620 1778 2682 1827 Οἱ
2715 1777 2772 1828 δὲ
2813 1775 3217 1837 καταλαϐόντες
3252 1775 3344 1828 τὶν
3397 1774 3531 1826 ἴδιον
3564 1773 3788 1842 χάρακα,

533 1886 655 1924 nas.
703 1871 975 1924 Postridie
1003 1869 1201 1924 iterum
1247 1871 1406 1922 ambo
1439 1869 1716 1922 exercitus
1753 1876 2110 1923 concurrunt.

2225 1865 2530 1934 σύμϐουλον
2567 1865 2885 1935 ἀνεζήτουν.
2938 1866 2996 1919 '0
3041 1867 3087 1918 δ’
3118 1866 3340 1935 ἄριστος
3395 1865 3788 1933 αὐτοκράτωρξ

533 1965 806 2018 Caeterum
858 1964 930 2016 ita
988 1961 1126 2016 locis
1174 1959 1570 2030 prreoccupatis
1619 1961 1824 2014 circum
1877 1961 2113 2027 undique

2217 1958 2276 2010 τά
2317 1957 2493 2028 λῴονα
2545 1959 2758 2022 τούτοις
2789 1959 3180 2027 ὑποτιθέμενος
3212 1957 3306 2010 καὶ
3332 1956 3406 2026 μὴ
3426 1957 3789 2018 εἰσακουσθεὶς

535 2055 1021 2121 tabernaculisque
1096 2053 1206 2106 lato
1263 2052 1497 2107 circuitu
1566 2052 1823 2120 expansis
1891 2051 2114 2106 Latinos

2217 2053 2269 2104 ού
2329 2056 2534 2121 παρῆν.
2594 2054 2797 2106 Λοιπὸν
2857 2055 2950 2105 ἐπὶ
2993 2055 3093 2122 τὴν
3125 2053 3221 2105 τοῦ
3279 2052 3530 2120 Σαγγέλη
3587 2049 3790 2104 καὶτοῦ

535 2147 1137 2210 Turciconclnserant,
1193 2156 1252 2198 ιιι
1307 2160 1407 2199 nec
1458 2159 1689 2197 annona=
1745 2155 1838 2198 aut
1890 2144 2117 2212 pabula-

536 2240 702 2294 tionis
734 2254 896 2294 causa
921 2239 1140 2307 prodire
1164 2252 1458 2306 quoquam,
1487 2250 1586 2288 nec
1612 2235 1856 2305 iumenta
1879 2250 2117 2304 equosve

539 2343 730 2402 potum
770 2333 974 2385 ducere
1009 2331 1216 2384 liceret.
1251 2327 1491 2394 Quorum
1525 2342 1690 2381 sensu
1743 2327 2113 2382 incommodo-

536 2439 653 2479 rum
705 2438 768 2478 ac
821 2423 1076 2492 prtesenti
1127 2432 1422 2489 conspectu
1477 2421 1717 2490 supremi
1773 2419 1925 2474 exitii
1972 2419 2116 2474 'Galii

535 2517 682 2572 velut
713 2516 1145 2584 desperabundi,
1175 2523 1229 2568 at
1254 2530 1365 2569 non
1402 2515 1629 2567 inultam
1664 2514 1877 2581 passuri
1925 2528 2114 2567 necem

535 2623 660 2661 cum
704 2610 874 2662 armis
924 2609 977 2660 in
1037 2610 1221 2660 hostes
1282 2613 1467 2658 ruunt.
1521 2603 1723 2669 Quarta
1780 2610 1900 2657 erat
1957 2603 2114 2656 feria.

536 2697 829 2751 Conﬂictus
859 2703 1122 2750 mlscetur
1172 2705 1351 2747 atrox.
1389 2693 1577 2760 Neque
1602 2693 1715 2760 jam
1751 2693 1986 2745 arcubus
2025 2700 2119 2744 aut

535 2791 709 2854 longis
737 2788 927 2851 hastis,
953 2788 1047 2840 sed
1093 2787 1311 2838 admoto
1343 2785 1408 2837 ad
1445 2799 1638 2836 manus
1672 2782 1859 2851 praelio
1899 2783 2114 2838 strictis

536 2881 786 2935 cominus
827 2879 1050 2933 ensibus
1077 2876 1240 2930 Tur-ci
1272 2874 1574 2929 Normanos
1617 2874 1726 2928 cito
1760 2883 1996 2928 vertunt.
2047 2874 2113 2928 lli

536 2973 752 3042 propria
783 2971 836 3025 in
873 2979 1054 3024 castra
1077 2968 1354 3036 compulsi
1381 2967 1595 3022 consilii
1635 2965 1792 3035 cujus
1815 2976 1970 3021 erant
1995 2967 2109 3036 jam

537 3067 723 3134 inopes
765 3071 1039 3117 auctorem
1097 3060 1353 3113 videlicet
1405 3058 1742 3127 quaerebant.
1789 3057 1952 3127 332
1998 3059 2112 3113 Nec

2215 2145 2389 2209 Τζίτα
2415 2144 2644 2215 γνώμην
2687 2145 3151 2214 καταφεύγουσιν.
3190 2144 3351 2213 ’Ἅμα
3374 2143 3432 2196 δὲ
3461 2144 3559 2196 καὶ
3585 2146 3635 2196 εἰ
3658 2146 3790 2212 χώρα

2212 2255 2296 2300 τις
2325 2235 2434 2289 τῶν
2479 2239 2584 2290 ὑπὸ
2611 2237 2702 2290 τὸν
2749 2238 3135 2308 αὐτοκράτορα
3183 2236 3408 2305 πλησίον
3473 2237 3790 2305 παράκειται

2215 2330 2586 2383 ἐπυνθάνοντο
2634 2329 3036 2398 ἀναζητοῦντες
3098 2329 3290 2399 αὑτήν.
3338 2329 3456 2381 ’Καὶ
3504 2329 3570 2398 δὴ
3599 2330 3698 2390 τάς
3743 2345 3790 2380 τε

2216 2423 2418 2486 σκευὰς
2478 2425 2572 2476 καὶ
2634 2422 2732 2486 τὰς
2789 2423 2996 2488 σκηνὰς
3031 2422 3125 2474 καὶ
3159 2422 3218 2474 τὸ
3253 2421 3420 2484 πεζὸν
3451 2422 3602 2475 ἅπαν
3645 2420 3793 2475 αὐτοῦ

2215 2533 2316 2568 που
2371 2515 2793 2577 καταλιπόντες,
2835 2517 2949 2576 τοῖς
3020 2515 3172 2576 ἰδίοις
3203 2515 3394 2578 ἵπποις
3443 2515 3792 2584 ὲποχηθέντε;

2214 2605 2289 2667 ὡς
2321 2600 2467 2674 εἶχον
2509 2606 2711 2674 τάχους
2753 2605 2890 2674 πρὸς
2922 2605 2991 2657 τά
3023 2607 3175 2674 παρὰ
3216 2606 3496 2659 θάλασσαν
3534 2605 3634 2658 τοῦ
3690 2607 3787 2674 ’Δρ-

2225 2698 2489 2766 μενιακοῦ
2525 2699 2621 2751 καὶ
2648 2698 2696 2728 ’δ
2729 2697 2826 2764 τῆς
2851 2698 3152 2767 Παυράκης
3180 2697 3353 2752 ἔθεον.
3412 2698 3787 2751 Ἐπεισπεσόν·

2218 2803 2310 2848 τες
2337 2787 2383 2837 δ’
2413 2785 2613 2856 ἁθρόον
2645 2788 2693 2838 οἱ
2741 2786 2973 2855 Τοῦρκοι
3006 2786 3208 2840 τούτων
3261 2788 3338 2857 τῷ
3391 2790 3600 2857 χάρακι
3637 2792 3794 2841 πάντα

2217 2876 2522 2945 ἀφείλοντο.
2564 2874 2696 2930 Εἶτα
2721 2879 2949 2930 κατόπιν
2984 2879 3189 2930 τούτων
3233 2879 3524 2945 διώξαντες
3550 2881 3616 2933 τὸ
3651 2881 3795 2945 πεζὸν

2217 2969 2364 3023 ἆπαν
2384 2970 2685 3038 ὲφθακότες
2725 2971 2960 3036 ἀνεῖλον,
3000 2973 3155 3034 τινας
3184 2973 3242 3024 δὲ
3281 2975 3376 3025 καὶ
3403 2975 3796 3043 κατασχόντες,

2219 3061 2354 3132 πρὸς
2384 3061 2476 3113 τὸν
2507 3063 2754 3132 Χοροσᾶν
2775 3063 2973 3132 δεῖγμα
3003 3065 3312 3133 ἀπήγαγον.

536 3157 720 3209 aderat
758 3153 1084 3222 imperator,
1149 3151 1239 3204 ille
1289 3149 1422 3204 olim
1513 3159 1727 3218 spretus
1774 3151 2142 3216 consiliarius,
2183 3167 2307 3207 cum
2368 3167 2499 3208 sana
2529 3165 2584 3209 et
2611 3169 2755 3209 nunc
2778 3171 2902 3209 sero
2935 3158 3285 3224 comprobata
3314 3159 3587 3211 suaderet.
3660 3158 3800 3225 Quod

535 3246 771 3302 re5tabat
795 3248 996 3299 adeunt
1016 3245 1122 3300 sibi
1157 3245 1315 3298 datos
1338 3247 1404 3300 ab
1441 3247 1557 3314 ipso
1585 3247 1684 3302 viae
1712 3247 1940 3302 comites
1968 3251 2256 3319 Sangelem
2289 3259 2343 3304 et
2366 3249 2579 3304 Tzitam
2636 3251 2775 3320 quid
2806 3266 2941 3319 opus
3004 3260 3291 3305 censerent
3361 3252 3507 3306 facto
3583 3270 3801 3324 percon-

536 3354 744 3406 tantes;
778 3357 840 3396 ac
869 3341 1116 3409 nunquid
1149 3351 1292 3393 esset
1325 3340 1436 3394 illic
1475 3341 1526 3394 in
1564 3340 1815 3408 proximo
1845 3341 2110 3411 quaepiam
2153 3344 2518 3412 imperatoria
2549 3343 2775 3397 ditionis
2818 3345 2964 3412 regio
3013 3341 3069 3395 in
3137 3359 3297 3412 quam
3333 3343 3535 3400 habere
3639 3358 3804 3401 tutum

537 3447 810 3505 receptum
869 3432 1129 3502 possent?
1219 3431 1340 3485 Mox
1391 3433 1623 3486 sarcinis
1674 3441 1726 3486 et
1794 3433 2161 3489 tabernaculis
2229 3433 2440 3490 relictis
2487 3435 2865 3503 peditatuque'
2907 3433 3094 3500 omni,
3150 3436 3334 3489 caeteri
3397 3438 3551 3503 equis
3619 3439 3803 3494 invecti

537 3546 694 3599 quam
728 3527 1107 3582 incitatissimo
1154 3535 1382 3578 currunt
1423 3525 1486 3577 ad
1525 3533 1734 3594 partem
1775 3526 2106 3580 maritimam
2149 3527 2460 3581 Armeniaci
2495 3526 2682 3580 limitis
2723 3535 2784 3579 et
2823 3525 3126 3580 Panracen.
3208 3527 3275 3580 At
3358 3528 3524 3582 Τιιωὶ
3578 3535 3806 3602 primum

537 3629 804 3678 irruentes
835 3621 887 3673 in
915 3627 1117 3682 castra,
1181 3627 1377 3671 cuncta
1422 3618 1707 3686 diripiunt.
1777 3617 1899 3670 Mox
1969 3619 2034 3671 ad
2111 3619 2506 3688 insequendum
2539 3618 2807 3688 fugientes
2853 3619 3020 3685 versi,
3055 3619 3346 3686 peditatum
3399 3625 3645 3692 primum
3695 3642 3806 3680 om-

537 3728 657 3768 nem
691 3711 1063 3766 internecione
1103 3709 1329 3764 delent:
1379 3710 1638 3778 quosdam
1685 3709 1848 3764 etiam
1880 3721 1947 3762 ex
1993 3710 2115 3764 aliis
2157 3711 2401 3765 assecuti
2437 3712 2502 3766 ad
2561 3710 2892 3765 Corosanem
2943 3711 3258 3780 specitninis
3315 3729 3481 3769 causa
3513 3717 3806 3776 duxerunt.

605 3804 756 3857 Talia
809 3803 1107 3856 Turcorum
1168 3802 1218 3852 in
1264 3799 1569 3855 Normauos
1619 3800 1874 3855 ‘facinora
1929 3800 2106 3856 ‘l'uere.
2136 3807 2179 3864 α

538 3897 705 3951 Porro
746 3896 1009 3964 Sangeles
1055 3905 1109 3948 et
1154 3893 1338 3948 Tzitas
1392 3909 1514 3947 cum
1567 3894 1802 3949 residuis
1847 3894 2120 3962 equitibus

537 3989 724 4058 paucis
770 3985 1300 4055 Constantinopolim
1335 3985 1544 4039 reversi
1569 3993 1719 4038 sunt.
1757 3983 1984 4054 Excepit
2023 3999 2118 4040 eos

538 4083 835 4149 imperator
893 4077 1331 4146 benignissime,
1399 4077 1754 4146 pecuniisque
1818 4076 2119 4131 liberaliter

538 4177 790 4234 donatos,
827 4186 890 4224 ac
942 4171 1130 4239 quiete
1179 4170 1374 4224 idonea
1425 4167 1666 4222 refectos
1715 4179 1906 4238 optare
1954 4167 2117 4236 jussit

539 4279 698 4332 quem
725 4261 959 4315 mallent
991 4260 1043 4313 in
1076 4261 1256 4315 locum
1287 4261 1386 4314 ire.
1422 4259 1802 4330 'Hierosolyma
1834 4275 1892 4314 se
1918 4274 2117 4330 cupere

539 4357 820 4407 dixerunt.
851 4351 960 4405 Eos
991 4352 1157 4420 igitur
1201 4350 1398 4404 iterum
1431 4351 1688 4403 muniﬁce
1737 4351 1964 4405 donatos
2015 4353 2119 4404 lm-

540 4443 690 4509 ponit
715 4440 966 4503 navibus.
997 4443 1379 4510 ducendosque
1411 4457 1518 4510 quo
1549 4440 1800 4496 volebant
1830 4441 2120 4497 navarchis

541 4533 742 4596 tradit,
774 4533 957 4586 omnia
995 4533 1128 4600 ipsis
1167 4547 1233 4587 ex
1265 4549 1453 4587 eorum
1486 4534 1761 4588 sententia
1807 4533 2116 4604 indulgens.

541 4623 804 4693 Sangcles
845 4633 1026 4676 autem
1062 4634 1286 4677 exorato
1325 4624 1393 4678 ab
1423 4625 1544 4677 aula
1575 4625 1818 4678 discessu
1851 4625 2117 4680 Constan-

539 4715 767 4785 tinopoli
817 4715 1083 4784 Tripolim
1141 4726 1396 4786 repetens
1441 4731 1600 4770 suum
1652 4716 1762 4770 illic
1812 4719 2114 4772 exercitum

539 4806 752 4868 revisit,
787 4805 1164 4874 incumbitque
1199 4806 1371 4859 nihilo
1401 4806 1580 4861 secius
1612 4808 1665 4860 in
1697 4818 1934 4863 veterem
1965 4826 2115 4880 spem

540 4897 807 4965 cupidiori
839 4907 1037 4951 conatu
1066 4913 1229 4967 quam
1263 4913 1498 4967 unquam
1531 4899 1931 4956 civitatisillius
1953 4919 2115 4967 quam

2299 3801 2459 3854 Ἀλλά
2525 3800 2700 3854 ταῦτα
2759 3800 2860 3870 μὲν
2888 3801 2958 3854 τὰ
3011 3802 3124 3854 τῶν
3189 3801 3452 3871 Τούρκων
3504 3809 3664 3862 κατά
3708 3809 3806 3862 τῶν

2218 3894 2525 3965 Νορμάνων
2567 3895 3058 3964 άνδραγαθήματα.
3104 3897 3159 3948 '0
3193 3897 3248 3948 δέ
3281 3913 3343 3964 γε
3379 3898 3687 3971 Σαγγέλης
3721 3902 3807 3954 καὶ

2216 3989 2246 4041 ὁ
2286 3987 2487 4052 Τζίτας
2523 3987 2664 4057 μετά
2692 3987 2802 4040 τῶν
2833 3988 3306 4056 καταλειφθέντων
3337 3991 3544 4058 ὀλίγων
3602 3994 3805 4047 ἱππέων

2215 4079 2317 4151 τὴν
2356 4080 2754 4151 βασιλεύουσαν
2787 4080 2898 4149 (60)
2925 4081 3440 4150 καταλαμϐάνουσι.
3503 4085 3806 4156 Δεξάμενος

2215 4173 2271 4226 δὲ
2304 4172 2532 4236 τούτους
2557 4174 2585 4225 ό
2614 4173 2976 4243 αὐτοκράτωρ
3018 4173 3114 4224 καὶ
3173 4175 3433 4243 χρήματα
3479 4176 3612 4241 δοὺς
3657 4177 3804 4230 ἱκανᾶ

2216 4261 2311 4312 καὶ
2363 4260 2765 4325 διαναπαύσας,
2829 4261 2998 4331 ἤρετο
3029 4261 3163 4313 ὅπου
3195 4262 3290 4314 τοῦ
3347 4264 3544 4319 λοιποῦ
3595 4269 3806 4336 αἱρετὸν

2217 4351 2401 4414 αὐτοῖς
2427 4352 2672 4407 ἀπιέναι.
2697 4352 2770 4404 Oi
2803 4353 2860 4404 δὲ
2905 4352 2975 4405 τά
3026 4351 3377 4424 Ἰεροσόλυμα
3404 4359 3716 4428 ὲπιζήτουν
3742 4359 3802 4411 ⁸⁵.

2215 4443 2730 4514 Φιλοτιμησάμενος
2763 4438 2856 4497 οὖν
2899 4443 3104 4506 αὐτοὺς
3157 4445 3418 4514 δαψιλῶς,
3459 4449 3805 4511 διαποντίους

2219 4535 2530 4605 ἐκπέμπει,
2563 4537 2628 4606 τῇ
2665 4534 2846 4588 αὐτῶν
2879 4533 3075 4610 γνώμῃ
3119 4535 3177 4588 τὸ
3210 4539 3316 4589 πᾶν
3341 4539 3712 4610 ἀναθέμενος.
3753 4543 3804 4594 '0

2223 4628 2281 4681 δέ
2313 4645 2376 4695 γε
2398 4627 2675 4697 Σαγγέλης
2713 4629 2777 4680 ὲκ
2815 4609 3232 4698 μεγαλοπόλεως
3266 4609 3652 4704 ὲξελθὼνῗτὴν
3678 4634 3804 4705 πρὸς

2224 4721 2285 4772 τὸ
2312 4719 2510 4772 οἰκεῖον
2571 4719 2886 4790 στράτευμα
2941 4718 3194 4790 ἀνεζήτει
3251 4722 3577 4791 ἀπέλευσιν,
3631 4729 3723 4779 καὶ
3747 4727 3804 4793 δὴ

2223 4810 2637 4881 καταλαμϐάνει
2700 4813 2857 4874 αὖθις
2897 4812 2998 4882 τὴν
3076 4813 3380 4884 Τρίπολιν,
3432 4818 3804 4887 χειρώσασθαι

2223 4903 2428 4975 ταύτην
2481 4904 2825 4974 γλιχόμενος.
2875 4904 3030 4957 Μετά
3096 4903 3268 4957 ταῦτα
3335 4906 3392 4959 δὲ
3439 4908 3586 4977 νόσῳ
3651 4911 3804 4961 eau-

541 4989 676 5042 inire
719 4989 1073 5059 concupierat
1103 4987 1437 5058 subigendae.
1472 4988 1673 5047 Verum
1704 4993 1995 5048 intervenit
2035 4995 2115 5050 le-

2226 4996 2372 5067 σίμῳ
2405 4996 2517 5068 (61)
2546 4997 2863 5068 περιπεσὼν
2897 5000 2992 5051 καὶ
3025 4998 3204 5050 πνέων
3227 4998 3274 5029 ⁹⁶
3301 4998 3367 5050 τά
3391 4997 3608 5068 ἔσχατα
3644 5015 3803 5071 μετα-

1613 5149 1811 5212 νοινίω
1844 5150 2159 5215 lectiones
2190 5173 2266 5216 ex
2301 5157 2442 5219 cod.
2477 5157 2747 5218 Coisim.

611 5296 655 5326 "
686 5292 846 5350 Deest
871 5309 970 5348 vox
1008 5289 1185 5357 αὖθις.
1262 5293 1308 5326 ³³
1338 5292 1659 5383 ὀφθαλμῷν.
1752 5295 1978 5351 “Deest
2004 5312 2108 5350 vox

2217 5299 2250 5354 ι.
2329 5300 2375 5332 ³⁸
2405 5299 2738 5372 ἐπεζήτουν.
2815 5302 2862 5334 ’⁸
2887 5301 3123 5358 πενθῶν.

1611 5434 1747 5494 Car.
1781 5433 2104 5496 Dufresnii
2137 5439 2228 5500 Du
2263 5440 2482 5518 Cangi'i
2518 5447 2710 5501 notae.

613 5552 760 5628 (60_)_
775 5553 892 5628 Τῂν
917 5555 1434 5628 ,ξιιιγιλεύουσίινξΔ
1455 5556 1667 5628 ᾼιὺρτι.
1707 5557 1806 5626 Aq.
1858 5559 1952 5615 lib.
1987 5576 2107 5628 vtll,

544 5623 780 5693 cap._1"t'.
803 5623 907 5688 2'2;
938 5625 1184 5680 Orderic.
1221 5639 1341 5693 pag.
1363 5623 1499 5693 7792,
1542 5627 1632 5682 lib.
1666 5643 1718 5680 π.

615 5691 730 5758 (61)
759 5694 933 5760 Νόσῳ
957 5691 1545 5763 θανασίμῲξΜοιδίιιιι*
1573 5694 1906 5754 Raimundus
1926 5714 2110 5756 comes

546 5758 847 5820 Tolosanus
897 5758 948 5817 in
983 5758 1413 5821 castro'montis
1468 5764 1882 5836 Peregrinarum
1935 5771 2108 5839 pridie

2216 5566 2342 5618 Kal.
2370 5565 2528 5618 Mart.
2558 5580 2647 5619 an.
2686 5565 2855 5628 “05;
2893 5566 3023 5633 Tyr.
3078 5565 3168 5620 lib.
3202 5583 3274 5627 tt.
3309 5582 3428 5634 cap.
3468 5568 3548 5626 2;
3591 5567 3795 5618 Albert.

2219 5638 2322 5706 ﬁtq.
2354 5637 2451 5706 lib.
2483 5651 2557 5700 rx,
2595 5651 2716 5702 cap.
2751 5636 2860 5706 δὶς
2905 5635 3092 5706 Eulclt.
3116 5637 3226 5706 lib.
3267 5653 3323 5700 tt,
3359 5654 3473 5706 cap.
3505 5636 3582 5689 29
3615 5648 3668 5690 et
3699 5635 3796 5699 ὗες

2217 5704 2372 5759 Gesta
2411 5705 2608 5759 Franc.
2635 5722 2757 5771 cap.
2790 5705 2890 5769 5i;
2924 5704 3064 5757 Hist.
3103 5705 3310 5762 llieros.
3347 5704 3434 5773 an.
3463 5707 3653 5772 “05;
3701 5705 3796 5758 Ca-

2221 5775 2396 5842 tullus,
2432 5776 2526 5832 lib.
2556 5792 2594 5832 tt
2624 5775 2762 5830 Hist.
2799 5774 2976 5830 Totos.
3006 5790 3128 5840 cap.
3164 5778 3215 5835 1.
