4040 6280
453 378 557 442 84⁸1

1757 373 1986 434 ANNZE
2027 368 2410 430 (ΣΟΜΝΕΝᾹῑΙ

3609 356 3706 418 8i8

456 491 778 561 excipiebat,
812 489 1022 559 culpam
1077 487 1130 542 in
1161 487 1462 557 Augustum
1510 483 1793 540 conferens
1841 498 2029 539 eorum

2149 483 2384 549 κόμεθα,
2411 477 2514 532 καί
2545 476 2726 546 λιμὸν
2752 469 2885 528 οἷον
2909 473 3110 539 οὐδείς
3138 487 3257 528 που
3279 472 3324 504 ’³
3358 469 3476 524 τῶν
3501 470 3714 536 ἀνθρώ-

454 599 577 652 qua:
615 584 729 650 ipse
758 595 1038 650 perperam
1079 588 1266 649 egerat
1297 595 1310 632 :
1339 577 1492 643 Quod
1519 592 1665 630 arces
1705 592 1808 628 non
1856 573 2034 627 reddi-

455 689 590 732 mus,
621 688 723 724 non
753 687 868 734 nos,
903 670 1096 738 inquit,
1121 671 1210 722 sed
1235 679 1291 722 tu
1323 669 1373 722 in
1417 685 1579 721 causa
1623 684 1698 720 es.
1747 667 2029 720 Pollicitus

454 764 592 815 enim
619 774 892 814 venturum
929 771 975 812 te
996 771 1119 830 post
1147 777 1240 813 nos
1271 776 1387 812 cum
1419 758 1608 813 validis
1649 759 1833 826 copiis,
1876 757 2031 826 ﬁdem

455 853 733 906 verborum
765 853 923 921 {actis
949 865 1202 922 prtestare
1227 853 1482 914 noluisti;
1522 851 1899 920 neglexistique
1945 867 2036 903 nos

457 963 572 998 cum
609 947 859 1015 periculis
881 947 1127 999 extremis
1157 954 1205 998 et
1235 947 1484 998 utrumuis
1531 947 1915 1013 conﬂictantes.
1943 959 2038 1012 per

453 1041 766 1092 trimestrem
801 1039 1124 1092 obsidionem
1158 1039 1451 1092 Antiocltiw
1477 1053 1496 1091 :
1526 1053 1626 1107 quo
1663 1047 1769 1090 toto
1809 1049 2037 1104 tempore

454 1143 647 1198 prwter
675 1131 1041 1196 infestationes
1084 1147 1351 1200 nunquam
1393 1130 1638 1182 remissas
1676 1127 2038 1198 pertinacissi-

453 1238 659 1274 rnorum
695 1223 945 1283 hostium,
979 1223 1141 1275 etiant
1176 1225 1367 1292 [autem
1397 1222 1770 1285 sustinuimus,
1821 1235 1940 1290 qua:
1989 1228 2040 1272 et

454 1330 635 1366 senum
672 1317 982 1368 memoriam
1017 1325 1065 1368 et
1101 1315 1359 1386 juvenum
1403 1331 1465 1368 ac
1508 1315 1740 1368 virorum
1793 1321 2042 1366 constan-

456 1406 584 1458 tiam
613 1409 856 1464 vinceret.
895 1406 1037 1460 Nam
1066 1425 1159 1461 nec
1183 1419 1484 1463 nostrorum
1515 1409 1791 1478 quisquam
1813 1406 2042 1461 similem

455 1515 508 1552 se
561 1500 848 1569 aliquando
903 1500 1270 1554 calamitatem
1322 1505 1435 1568 ejus
1475 1501 1677 1569 generis
1725 1500 2034 1552 meminerat

455 1605 727 1661 expertum
768 1611 786 1647 :

2141 583 2274 619 πων
2307 566 2600 630 τεθέαται,
2628 564 2708 629 ὡς
2731 563 2875 628 τοὺς
2907 561 3246 627 πλείστους
3276 559 3451 628 ἡμῶν
3485 560 3584 613 καί
3611 561 3716 613 ἀπ’

2139 659 2340 716 αὐτῶν
2378 658 2566 728 ὐπὲρί
2592 659 2697 712 τοῦ
2731 659 2922 726 νόμου
2975 653 3488 723 ἀπηγορευμένων
3531 653 3718 722 κρεῶν

2131 755 2521 824 βεϐρωκέναι.
2541 755 2665 824 Ἐφ’
2685 755 2896 809 ἱκανὸν
2907 753 2974 806 δὲ
2989 751 3512 821 ἐγκαρτερούντων
3533 747 3718 818 ήμῶν,

2136 850 2234 904 καί
2253 849 2436 916 αὐτὸς
2453 853 2485 902 ό
2499 847 2695 913 δοθεὶς
2721 845 2865 915 ἡμῖν
2885 847 2972 909 εις
2991 843 3234 912 ἀρωγὴν
3261 843 3620 904 πιστότατος
3641 842 3718 893 ol-

2135 942 2313 1008 κέτης
2329 941 2436 994 τοῦ
2456 938 2572 992 σοῦ
2597 938 2854 1008 κράτους
2877 936 3138 997 Τατίκιος
3162 933 3317 986 οὕτω
3337 932 3720 986 κινδυνεύον-

2135 1051 2244 1100 τας
2259 1033 2606 1088 καταλιπὼν
2626 1033 2781 1101 ἡμᾶς
2801 1031 3008 1100 ᾤχετο.
3033 1031 3294 1096 Εῖλομεν
3316 1026 3384 1080 δὲ
3408 1027 3525 1092 τὴν
3545 1028 3721 1078 πόλιν

2135 1126 2490 1194 παραδόξως
2560 1124 2659 1178 καί
2691 1123 2879 1187 αὑτὰς
2901 1123 3009 1188 τὰς
3054 1121 3175 1174 ἀπὸ
3205 1119 3313 1172 τοῦ
3341 1116 3620 1186 Χοροσᾶν
3639 1120 3721 1184 είς

2137 1219 2380 1290 ἀρωγὴν
2440 1217 2561 1270 τῶν
2624 1213 2970 1284 Ἀντιοχέων
3022 1213 3493 1273 καταλαϐούσας
3547 1209 3720 1262 δυνά-

2135 1330 2292 1383 μεις,
2329 1308 2929 1378 κατετροπωσάμεθα.
2967 1304 3080 1358 Kal
3129 1303 3254 1368 πῶς
3279 1301 3520 1356 δίκαιόν
3555 1301 3722 1355 ἐστιν

2141 1405 2295 1472 ἅπερ
2353 1406 2598 1468 οἰκείοις
2652 1399 2860 1468 ἱδρῶσι
2914 1397 3012 1452 καί
3077 1397 3287 1462 πόνοις
3319 1394 3721 1462 ἐκτησάμεθα,

2137 1498 2364 1567 ῥᾳδίως
2395 1495 2584 1560 οὕτως
2607 1491 3128 1560 ἀποποιήσασθαι.

827 1604 877 1648 et
919 1609 986 1648 ea:
1032 1595 1098 1648 iis
1145 1593 1360 1662 plurimi
1407 1595 1536 1646 cibis
1578 1595 1753 1647 uetitis
1793 1603 1949 1663 atque
1999 1592 2237 1662 infandis
2268 1607 2360 1646 ora
2403 1589 2634 1659 polluere
2683 1603 2874 1658 magno
2921 1586 3062 1639 malo
3103 1593 3225 1638 sunt
3265 1583 3460 1637 coacti.
3511 1580 3724 1634 Interim

457 1703 585 1742 sane
624 1687 748 1739 dum
779 1688 1072 1758 egregiusa
1105 1696 1153 1738 te
1175 1687 1322 1739 nobis
1389 1688 1693 1756 assignatus
1760 1686 2106 1756 expeditionis
2146 1701 2338 1746 comes,
2397 1683 2520 1737 belli
2575 1681 2770 1743 socius,
2834 1678 3076 1733 Taticius
3124 1678 3214 1732 ille
3271 1677 3561 1742 ﬁdissimus
3623 1691 3725 1726 ma-

456 1777 634 1840 iestati
671 1789 795 1838 tute.
830 1779 927 1829 tali
955 1795 1048 1830 nos
1081 1788 1328 1846 tempore,
1362 1788 1518 1847 atque
1563 1777 1790 1831 articulo
1831 1778 2053 1847 periculi
2091 1779 2346 1832 deseruit.
2377 1775 2444 1828 At
2491 1791 2594 1828 non
2639 1773 2864 1827 deseruit
2895 1771 3056 1836 Deus,
3087 1769 3240 1840 cujus
3274 1785 3368 1837 ope
3403 1766 3725 1821 admirabilis

456 1881 566 1939 post
604 1879 890 1924 vestrorum
926 1886 1200 1932 recessum,
1261 1871 1684 1940 supervenientes
1759 1889 1790 1922 a
1833 1869 2103 1923 Corosaue
2164 1869 2218 1922 in
2273 1867 2720 1922 Antiochenorum
2793 1863 3053 1918 auxilium
3111 1859 3518 1916 innumerabiles
3555 1859 3726 1926 cupias

457 1964 640 2033 prtelio
670 1965 907 2017 ricimus.
949 1962 1078 2027 Qua:
1109 1980 1224 2016 cum
1257 1965 1331 2016 ita
1357 1963 1483 2028 sint,
1512 1964 1600 2016 cui
1629 1963 1794 2018 uideri
1841 1979 2048 2032 (equum
2087 1963 2274 2032 possit,
2323 1978 2414 2016 nos
2439 1977 2503 2014 ea
2530 1977 2646 2032 quae
2687 1959 2892 2027 magnis
2941 1973 3004 2009 ac
3029 1956 3210 2008 multis
3241 1953 3440 2008 nostris
3471 1953 3726 2006 labat-ibat

457 2063 837 2128 sudoribusque
861 2061 1304 2126 compar-animus,
1346 2059 1572 2128 abjicere
1613 2069 1721 2112 tam
1762 2059 1942 2124 facile,
1975 2076 2038 2112 ac
2075 2061 2206 2130 eripi
2241 2058 2384 2112 nobis
2417 2057 2620 2110 sinere?

531 2153 627 2208 His
685 2154 878 2207 litteris
927 2151 1223 2222 legatorum
1277 2153 1449 2206 reditu
1499 2151 1565 2205 ad
1625 2166 1686 2206 se
1735 2153 1955 2222 perlatis
2023 2167 2055 2208 a
2087 2161 2126 2215 Β

459 2259 626 2315 seque
655 2243 903 2313 perlectis
939 2245 1276 2310 imperator,
1331 2241 1488 2296 facile
1537 2242 1762 2311 agnovit
1815 2241 2044 2297 rediisse

460 2336 732 2390 hominem
764 2335 829 2388 ad
859 2334 1131 2402 ingenium
1173 2333 1344 2401 prius,
1378 2347 1607 2386 excussa
1638 2331 1990 2386 simulatione
2025 2348 2040 2386 :

459 2429 726 2496 planeque
751 2428 902 2481 illum
942 2429 1118 2496 ipsum
1159 2437 1213 2480 et
1235 2426 1484 2480 eumdem
1518 2439 1642 2480 esse
1676 2427 2040 2480 Baimundum

461 2536 606 2574 nunc
635 2535 758 2574 cum
791 2521 1046 2584 maxime,
1078 2533 1238 2588 quem
1283 2527 1392 2572 tam
1423 2527 1638 2573 atroces
1673 2519 1800 2573 olint
1857 2534 2040 2574 secum

459 2611 775 2665 exercuisse
814 2610 1135 2664 inimicitias
1173 2610 1516 2665 meminerat.
1557 2609 1821 2676 Quocirca
1853 2625 2046 2665 neces-

461 2701 666 2756 sariqu
699 2701 853 2754 duxit
889 2700 1143 2754 violentis
1172 2701 1292 2769 ejus
1332 2715 1625 2755 occurrere
1659 2702 1882 2755 ausibus
1913 2739 1929 2766 ,
1991 2711 2046 2756 et

463 2792 664 2846 limites
709 2790 924 2858 imperii
972 2788 1204 2843 Romani
1238 2791 1438 2844 talibus
1472 2788 1686 2844 munire
1737 2791 2002 2858 prtesitliis
2029 2829 2043 2852 ,

461 2898 584 2954 quae
609 2882 868 2950 impetum
906 2881 1247 2936 vehementis
1287 2883 1460 2936 hostis
1501 2892 1724 2951 possent
1771 2881 2042 2952 frangere.

467 2975 672 3044 Delegit
693 2975 758 3028 ad
783 2973 884 3028 hoc
914 2973 1227 3028 Butumiten
1251 2989 1411 3044 quem
1438 2975 1519 3029 ire
1537 2975 1700 3042 jussit
1727 2977 1777 3028 in
1802 2973 2045 3030 Ciliciam

465 3083 588 3122 cum
626 3067 795 3134 copiis
825 3066 1161 3131 lectissimis,
1193 3076 1355 3137 atque
1386 3067 1520 3122 adeo
1543 3065 1674 3124 ﬂore
1703 3068 1817 3136 ipso
1844 3069 2048 3123 militia:

467 3161 723 3216 Romana:
745 3201 759 3223 ,
805 3159 950 3214 vires
977 3173 1164 3214 omnes
1203 3159 1534 3215 fortissimos
1563 3169 1616 3213 et
1659 3160 2047 3229 experimentis

467 3252 678 3320 magnis
737 3253 978 3320 probata:
1013 3249 1248 3306 virtutis.
1303 3249 1468 3305 Erant
1525 3251 1577 3303 itt
1637 3250 1702 3306 iis
1761 3249 1964 3308 Bardas
1993 3263 2048 3306 et

467 3347 852 3402 Pocillatorum
931 3347 1180 3416 princeps
1245 3345 1498 3411 Michael,
1569 3347 1824 3402 florentes
1888 3357 2048 3402 trtate

463 3439 694 3507 juvenes
726 3445 780 3493 et
823 3439 996 3508 prima
1047 3439 1300 3508 lanugine
1345 3439 1516 3493 malas
1561 3440 1878 3510 signantes:
1912 3455 2047 3508 quos

469 3545 496 3583 a
529 3531 702 3600 prima
737 3540 896 3584 aetate
931 3532 1230 3600 imperator
1263 3533 1496 3586 nutritas
1522 3533 1660 3600 apud
1693 3547 1773 3595 se,
1801 3533 2048 3587 imbuere

471 3619 797 3675 rudimentis
839 3621 1091 3676 militaris
1117 3624 1258 3678 artis
1293 3639 1386 3690 per
1419 3624 1658 3692 seipsum
1691 3625 1824 3678 tanti
1875 3625 2044 3678 duxe-

467 3724 593 3777 rat,
638 3715 856 3768 lteroica
898 3730 1186 3782 puerorum
1241 3715 1463 3776 indole.
1520 3715 1808 3784 studioque
1857 3717 1938 3770 sui
1985 3731 2048 3771 ac

468 3807 572 3859 title
623 3807 828 3874 majore
884 3807 1208 3861 delectatus.
1263 3806 1398 3862 Cum
1467 3807 1551 3862 his
1611 3818 1665 3860 et
1711 3807 1848 3862 alios
1905 3809 2050 3865 mille

469 3900 918 3968 generosissimus
950 3899 1290 3970 eximiosque
1317 3899 1608 3953 bellatores
1633 3901 1828 3970 partim
1867 3899 2050 3956 Gallos

466 3989 662 4058 partim
697 3988 966 4044 Romanos
1005 3990 1168 4043 tradit
1201 3990 1485 4043 Butuntita:
1531 3989 1731 4059 jubens
1779 4007 1872 4047 eos
1923 3991 2053 4046 sab-

465 4082 684 4135 mittere
729 4095 788 4136 se
833 4081 906 4134 illi
937 4089 992 4133 et
1023 4080 1504 4149 obtemperarejn
1547 4083 1839 4146 omnibus,
1889 4083 2051 4139 simul

465 4174 626 4227 etiam
659 4191 755 4242 pro
789 4173 1048 4243 peculiari
1103 4173 1208 4228 fide
1254 4175 1493 4243 ipsorum
1545 4175 1649 4230 illis
1701 4176 1964 4229 mandans
1995 4183 2052 4228 ut

467 4267 706 4321 omnium
739 4282 858 4336 qua:
891 4266 1204 4320 acciderent
1230 4266 1288 4319 vin
1339 4273 1610 4320 momenta
1653 4266 1862 4331 singula
1911 4267 2051 4321 indi-

467 4361 614 4412 cium
648 4360 831 4412 statim
867 4359 933 4410 ad
964 4358 1344 4426 imperatorem
1377 4358 1655 4412 deferrent
1690 4374 1784 4426 per
1821 4373 2052 4414 arcanas

475 4448 707 4502 litteras.
757 4448 928 4501 Porro
974 4447 1074 4499 hac
1118 4445 1461 4515 expeditione
1507 4447 1588 4500 sic
1616 4446 1928 4498 adornanda
1961 4447 2054 4500 tle-

472 4539 858 4605 cernentlaque
887 4537 1135 4603 cupiebat
1185 4538 1458 4605 Augustus
1505 4537 1725 4592 firmare
1778 4537 1880 4592 sibi
1930 4551 2052 4605 pus-

471 4629 771 4684 sessionem
809 4629 1010 4682 Ciliciae
1049 4627 1215 4699 33AI
1251 4629 1438 4695 totius,
1472 4630 1762 4698 provincia:
1793 4629 1847 4683 in
1865 4631 2053 4699 primis

468 4729 788 4791 opportunae
812 4721 879 4773 ad
905 4734 967 4774 ea
997 4720 1222 4774 consilia
1271 4735 1389 4788 quae
1439 4729 1550 4772 tum
1603 4729 1782 4774 mente
1815 4721 2052 4790 agitabat

2239 2149 2729 2221 ’Υποστρεψάντων
2777 2147 2822 2201 δ’
2875 2145 3085 2201 ἐκεῖθεν
3127 2145 3236 2199 τῶν
3295 2144 3608 2217 πρέσϐεων,
3663 2143 3728 2206 ὡς

2145 2245 2242 2306 τὰς
2301 2244 2398 2296 τοῦ
2459 2241 2800 2312 Βαῖμούντου
2859 2239 3150 2306 ὑπανέγνω
3205 2239 3447 2308 γραφὰς,
3485 2237 3728 2304 διαγνοὺς

2147 2336 2314 2388 αὐτὸν
2346 2337 2558 2387 ἐκεῖνον
2611 2329 2768 2394 αὖθις
2795 2329 2942 2384 εἶναι
2984 2331 3078 2384 τὸν
3108 2329 3458 2399 Βαῖμοῦντον
3479 2333 3729 2400 μηδοπω-

2148 2427 2276 2481 σοῦν
2303 2427 2398 2480 ἐπὶ
2443 2427 2504 2478 τὸ
2543 2425 2756 2496 βέλτιον
2814 2421 3250 2494 μεταϐληθέντα,
3286 2423 3398 2474 δεῖν
3447 2423 3600 2490 ἔγνω
3635 2423 3732 2474 τῶν

2145 2522 2308 2592 ὁρίων
2336 2521 2435 2590 τῆς
2481 2518 2760 2588 βασιλείας
2803 2517 3094 2586 Ῥωμαίων
3125 2513 3477 2584 ἀντέχεσθαι,
3513 2517 3616 2568 καὶ
3643 2515 3732 2584 τὴν

2147 2613 2450 2668 ἀκάθεκτον
2478 2609 2644 2663 αὐτοῦ
2669 2607 2852 2678 ὁρμὴν
2905 2607 2981 2670 ὡς
3014 2605 3136 2660 ὲνὸν
3173 2607 3531 2660 ἀνακόπτειν.
3565 2608 3731 2660 Δυνά-

2151 2718 2273 2768 μεις
2302 2700 2481 2752 τοίνυν
2514 2698 2719 2761 πολλὰς
2760 2697 2899 2768 μετὰ
2931 2696 3026 2749 τοῦ
3061 2697 3430 2766 Βουτουμίτου
3463 2699 3613 2750 κατὰ
3643 2699 3732 2766 τῆς

2149 2791 2406 2854 Κιλικίας
2437 2790 2739 2860 ἐξέπεμψε,
2763 2789 2860 2844 καὶ
2893 2791 2953 2842 τὸ
2989 2787 3429 2858 ἐλλογιμώτατον
3447 2789 3544 2842 τοῦ
3577 2807 3732 2860 στρα-

2148 2881 2406 2934 τιωτικοῦ
2475 2881 2784 2949 καταλόγου
2822 2921 2836 2946 ,
2889 2881 3094 2952 ἄνδρας
3161 2881 3600 2950 μαχιμωτάτους
3651 2881 3734 2934 καὶ

2153 2973 2352 3038 Ἄρεος
2413 2972 2766 3036 ὑπασπιστὰς
2825 2973 3098 3037 ἅπαντας,
3163 2973 3260 3028 καὶ
3325 2973 3494 3027 αὐτὸν
3533 2974 3607 3044 δὴ
3655 2975 3736 3027 τὸν

2149 3063 2363 3134 Βάρδαν
2415 3067 2510 3118 καὶ
2554 3065 2645 3119 τὸν
2703 3065 3068 3136 ἀρχιοινοχόον
3119 3064 3338 3136 Μιχαὴλ
3381 3065 3496 3136 (65)
3559 3067 3738 3134 ἀκμά-

2151 3157 2344 3220 ζοντας
2393 3156 2489 3209 καὶ
2545 3157 2832 3227 άρτιφυεῖς
2899 3158 2959 3209 τὸ
3015 3159 3245 3224 γένειον.
3301 3155 3412 3220 Οὓς
3476 3159 3739 3226 νηπιόθεν

2152 3245 2596 3318 προσλαϐόμενος
2629 3249 2657 3300 ὁ
2712 3248 3071 3319 αὐτοκράτωρ
3121 3251 3217 3301 καὶ
3259 3249 3330 3300 τὰ
3363 3253 3739 3312 στρατιωτικά

2151 3339 2514 3402 ἐκπαιδεύσας
2541 3338 2617 3402 ὼς
2650 3341 3046 3408 εὐνουστέρους
3080 3340 3194 3392 τῶν
3245 3341 3444 3405 ἄλλων,
3505 3343 3594 3410 τῷ
3620 3343 3742 3395 Βου-

2149 3431 2382 3500 τουμίτῃ
2452 3431 2796 3498 παραδίδωσι
2861 3432 2983 3500 μεθ’
3045 3433 3250 3502 ἐτέρων
3305 3433 3498 3503 χιλίων
3529 3435 3740 3506 ἀνδρῶν

2151 3521 2416 3590 γενναίων
2467 3522 2691 3576 Κελτῶν
2717 3524 2812 3576 καὶ
2853 3523 3164 3593 Ῥωμαίων,
3205 3524 3292 3592 ἐφ’
3345 3519 3390 3593 ᾧ
3453 3542 3742 3596 συμπαρο-

2154 3617 2386 3685 μαρτεῖν
2419 3632 2476 3668 τε
2506 3615 2658 3686 αὐτῴ
2725 3617 2821 3670 καὶ
2857 3616 3105 3671 ὑπείκειν
3139 3619 3197 3670 ὲν
3256 3617 3463 3671 ἅπασιν
3489 3658 3506 3686 ,
3541 3621 3666 3690 ἅμα
3687 3621 3740 3672 δὲ

2151 3707 2249 3761 καὶ
2293 3709 2354 3760 τὸ
2403 3708 2568 3780 τυχὸν
2619 3709 2725 3762 τῶν
2785 3710 2907 3762 καθ’
2989 3708 3140 3780 ὥραν
3187 3710 3626 3779 ξυμπιπτόντων
3669 3711 3742 3764 δι’

2152 3802 2490 3874 ἀπορρήτων
2516 3803 2867 3873 γραμμάτων
2917 3803 3114 3872 δηλοῦν
3145 3803 3316 3873 αὐτῷ.
3351 3805 3634 3861 Ἐσπευδε
3689 3806 3742 3858 δὲ

2152 3893 2248 3964 τὴν
2268 3893 2488 3946 ἃπασαν
2503 3893 2690 3963 χώραν
2719 3895 2814 3964 τῆς
2841 3895 3090 3958 Κιλικίας
3125 3900 3422 3967 κατασχεῖν
3447 3897 3516 3950 ἵν’
3559 3897 3744 3952 sursu-

2154 3985 2244 4038 Θεν
2277 3987 2407 4056 ῥᾷον
2441 3987 2508 4038 τὰ
2542 3987 2684 4039 κατὰ
2723 3987 2824 4054 τὴν
2867 3985 3198 4055 Ἀντιόχειαν
3216 3989 3479 4062 ὲξαρτὺῃ.
3500 3991 3744 4060 Ἀπάρεις

2153 4077 2298 4132 οὒνὸ
2327 4079 2698 4148 Βουτουμίτης
2754 4079 2854 4130 σὺν
2901 4079 3055 4142 ὅλαις
3101 4079 3390 4149 δυνάμεσι,
3467 4085 3566 4136 καὶ
3617 4083 3740 4153 περὶ

2156 4170 2253 4242 τὴν
2288 4163 2543 4223 ’Λττάλου
2589 4169 2701 4239 (66)
2763 4169 3042 4239 ἐφθακὼς,
3089 4171 3211 4221 ἐπεὶ
3257 4173 3350 4223 τὸν
3381 4173 3605 4242 Βάρδαν
3651 4175 3737 4226 καὶ

2153 4266 2245 4318 τὸν
2307 4265 2681 4336 ἀρχιοινοχόον
2724 4263 2944 4335 Μιχαὴλ
2973 4265 3050 4334 μὴ
3081 4265 3408 4327 ὐπείκοντας
3463 4267 3616 4338 ἑώρα
3667 4267 3738 4336 τῷ

2153 4355 2344 4408 τούτου
2376 4354 2644 4424 θελήματι
2699 4354 2790 4408 ἵνα
2849 4355 2923 4424 μὴ
2957 4356 3049 4407 καὶ
3079 4354 3139 4407 τὸ
3175 4354 3460 4408 ὁπλιτικὸν
3497 4356 3734 4426 συμϐαίη

2155 4451 2492 4513 στασιάζειν,
2544 4449 2656 4501 κάκ
2713 4445 2906 4500 τούτου
2967 4446 3326 4508 κενόσπουδος
3355 4447 3388 4514 ἡ
3433 4449 3646 4519 σπουδὴ
3673 4447 3742 4517 τῷ

2155 4540 2500 4611 Βουτουμίτῃ
2560 4539 2790 4608 γένηται
2845 4539 2938 4589 καὶ
2995 4535 3282 4606 ἄπρακτος
3335 4536 3436 4605 τῆς
3489 4537 3740 4598 Κιλικίας

2154 4633 2572 4702 ἁποπεμφθείη,
2630 4631 2979 4702 παραχρῆμα.
3009 4630 3079 4682 τὰ
3105 4629 3236 4698 περὶ
3268 4628 3463 4682 τούτου
3487 4631 3645 4702 δηλοῖ
3669 4627 3740 4698 τῷ

2155 4725 2546 4796 αὐτοκράτορι,
2614 4723 2713 4794 τὴν
2747 4719 2866 4790 μετ’
2903 4719 3087 4773 αὐτῶν
3119 4721 3512 4792 συνδιατριὸὴν
3541 4739 3740 4792 παραιο

467 4815 536 4868 de
585 4812 894 4870 Antiochia.
947 4812 1215 4867 (lictorum
1270 4812 1547 4880 prolectus
1587 4811 1890 4868 Butumites
1927 4829 2047 4868 cum

2154 4815 2438 4887 τούμενος.
2481 4815 2540 4867 '0
2564 4812 2742 4874 δὲτὰς
2774 4815 2838 4864 ὲκ
2868 4810 2974 4865 τῶν
3006 4810 3268 4864 τοιούτων
3302 4811 3565 4874 εἰωθυίας
3600 4811 3740 4879 γίνε-

474 4908 558 4960 Ιιὶε
597 4905 791 4974 copiis,
821 4906 912 4959 ubi
961 4907 1026 4960 ad
1077 4907 1262 4960 urbem
1314 4905 1476 4958 Attali
1509 4907 1776 4974 pervenit,
1824 4907 1958 4960 satis
1987 4923 2052 4962 eo

467 4999 662 5052 itinere
692 5009 948 5065 expertus
981 4997 1384 5052 contumaciam
1421 4995 1604 5050 Bardte
1633 5005 1688 5050 et
1715 4997 2046 5051 Archimno-

468 5092 590 5144 clioi
627 5090 903 5144 Michaelis
928 5132 941 5154 ,
979 5089 1070 5160 qui
1103 5089 1264 5143 ambo
1305 5087 1491 5141 favore
1532 5086 1791 5156 principis
1851 5095 2050 5156 pra-tu-

470 5184 624 5246 mitli,
660 5184 1040 5256 obtemperare
1071 5179 1172 5252 ipsi
1203 5182 1565 5244 recusabant;
1613 5189 1669 5234 et.
1722 5180 1930 5234 veritus
1987 5195 2056 5234 ne

2155 4911 2280 4962 συαι
2305 4907 2510 4976 βλάϐας
2541 4903 2850 4973 γινώσκων,
2883 4903 3100 4972 γοργῶς
3138 4903 3226 4972 ἐφ’
3253 4903 3450 4972 ἑτέραν
3479 4903 3734 4955 ὑπόθεσιν

2153 4999 2375 5060 τούτους
2409 5015 2468 5050 τε
2493 4999 2588 5050 καὶ
2617 4995 2852 5056 ὁπόσους
2877 4994 3154 5056 ὑπόπτους
3207 4989 3325 5064 εἷχε
3353 4993 3443 5046 διὰ
3469 4991 3738 5065 γραμμά-

2155 5108 2265 5142 των
2297 5089 2673 5158 προύτρέπετο
2711 5086 2796 5139 ἵνα
2825 5084 2923 5156 τὴν
2971 5085 3198 5154 Κύπρον
3265 5087 3449 5157 τάχιον
3498 5089 3738 5140 καταλα-

2159 5185 2364 5246 ϐόντες,
2397 5181 2478 5251 τῷ
2531 5179 2871 5252 Εὐφορὸηνῷ
2901 5181 3299 5252 Κωνσταντίνῳ
3337 5183 3435 5251 τὴν
3481 5179 3738 5248 δουκικὴν

1491 5295 1694 5358 Varias
1725 5293 2035 5358 lectiones
2070 5313 2150 5358 ex
2185 5293 2328 5356 cod.
2394 5291 2674 5355 Coislin.

540 5405 583 5437 ⁸³
607 5421 713 5457 πω.
793 5404 808 5434 ¹
834 5401 960 5455 ὑπό.

1536 5491 1678 5552 Car.
1715 5490 2045 5552 Dufresnii
2091 5490 2186 5551 Du
2211 5489 2438 5568 Cangii
2477 5497 2667 5552 notae.

547 5618 982 5717 Sﬁﬁgulmzmjl.
1055 5617 1325 5689 Dignitate
1387 5605 1776 5687 pinccruamf
1818 5617 1882 5670 de
1947 5629 2055 5684 quo

516 5707 524 5718 .
630 5695 650 5717 ι,
703 5692 735 5726 ο)

478 5691 819 5824 “fingit-liii»
855 5759 1163 5829 Ἀττάλου..
1209 5758 1548 5829 Ἀττάλειαν,
1585 5755 2055 5829 Patnpltyline_ttteo

481 5831 732 5898 lt'upulitzt
764 5829 814 5881 itt
854 5830 1090 5883 themate
1119 5825 1380 5883 Ot'ielttttli
1434 5831 1573 5896 apud
1605 5825 1890 5882 Constant.
1927 5826 2054 5881 Por-

2166 5616 2396 5684 pltyrog.
2429 5631 2586 5682 quam
2622 5628 2838 5670 demum
2875 5617 3204 5683 expugnavit
3233 5611 3526 5684 lcettien5ts
3577 5611 3732 5684 sulta-

2165 5682 2268 5738 ttus
2305 5703 2392 5740 an.
2425 5687 2580 5748 i‘2i‘2,
2616 5697 2673 5739 ιιι
2703 5696 2785 5740 est
2817 5687 2868 5736 in
2901 5682 3100 5738 Cltrtm.
3135 5684 3378 5736 Altisiod.
3407 5682 3730 5748 Describitur

2169 5771 2294 5808 vero
2321 5757 2544 5880 yrio
2570 5747 2672 5812 lib.
2693 5772 2802 5824 ut,
2821 5771 2939 5826 cap.
2967 5755 3056 5809 ‘26.
3091 5755 3222 5811 ‘t’tde
3253 5752 3534 5808 Leunclav.
3555 5747 3726 5800 Pand-

2166 5841 2287 5880 t:an.
2431 5865 2444 5880 .

2185 5841 2287 5895 :ap.
2321 5841 2444 5880 ιδυ.
