4040 6280
535 341 635 411 851

1833 347 2060 411 ANN/E
2101 347 2480 410 COMNEN/E

3451 267 3486 320 ἃ

3674 357 3763 422 85ἓ

535 462 590 516 in
618 459 862 516 eamdem
885 473 1064 514 secum
1085 457 1267 513 auxilii
1288 459 1792 532 Hierosolymitanis
1815 463 2089 517 adornand

2217 461 2489 530 Κορυφῶς
2521 463 2563 526 ⁸,
2593 459 2694 530 τῆς
2721 459 3094 532 Κεφαληνίας,
3123 461 3224 530 τῆς
3255 462 3528 528 Λευκάδος
3557 466 3650 519 καὶ
3681 469 3764 536 τῆς

533 567 720 606 curam
747 567 810 606 ac
841 553 1163 605 sententiam
1194 555 1499 620 pertractis.
1525 555 1633 610 Nec
1659 573 1806 610 mora
1829 557 2102 611 communi

531 653 644 697 tres
673 650 868 696 conatu
909 643 1281 698 incumbentes
1327 645 1378 699 in
1420 661 1556 716 opus
1609 649 2102 718 congregaudarum

531 733 770 800 undique
814 732 1100 786 biremium
1137 735 1550 806 triremiumque
1587 738 1906 792 dromonutn
1941 749 2104 794 caste-

528 837 819 889 rarumque
851 821 902 874 id
943 837 1112 892 genus
1145 825 1411 878 velocium
1445 827 1683 889 navium,
1717 837 1922 882 tantum
1953 830 2099 884 brevi

527 912 802 977 perfecere
858 921 916 966 ut
972 925 1363 981 nongentarum
1431 919 1610 972 omnis
1671 919 1858 974 forma:
1909 931 2100 990 parata

523 1005 720 1058 classis
770 1013 941 1058 staret
987 1021 1200 1075 :quam
1261 1011 1634 1066 conscendens
1705 1013 1818 1080 ipse
1871 1013 2100 1069 Pisanus

525 1095 738 1166 Syriam
770 1109 960 1153 versus
1006 1099 1070 1151 ad
1119 1115 1214 1155 eos
1251 1102 1340 1168 qui
1386 1117 1444 1156 se
1495 1113 1824 1158 vocaverant
1873 1105 2101 1160 intendit

523 1202 760 1242 rursum.
791 1185 989 1242 Verum
1017 1189 1068 1242 iu
1101 1190 1295 1246 itinere
1327 1207 1430 1246 non
1468 1195 1736 1249 modicam
1789 1197 1963 1260 istius}
1997 1215 2098 1250 nn-

520 1279 654 1331 meri
695 1289 906 1349 partem
941 1282 1158 1350 reliquit
1189 1285 1254 1336 ad
1307 1287 1528 1339 tutelam
1559 1287 1911 1357 Corcyrensis
1955 1291 2096 1344 arcis

519 1371 825 1442 Coryphus,
855 1373 1194 1441 Cephalenite
1221 1419 1236 1441 ,
1279 1376 1568 1434 Leneadis.
1599 1393 1651 1434 et
1685 1381 1971 1451 Zacynthi.
2006 1383 2096 1438 llis

519 1464 720 1517 auditis
754 1463 1048 1534 imperator
1071 1465 1122 1520 in
1159 1471 1368 1525 cunctis
1399 1471 1657 1526 Romana!
1680 1473 1902 1528 ditionis
1929 1491 2096 1528 nava-

519 1554 658 1608 libus
685 1567 735 1608 et
760 1561 1022 1624 portubus
1076 1560 1338 1614 :ediﬁcari
1413 1579 1576 1618 naves
1629 1563 1810 1628 jussit.
1865 1565 2092 1635 Ipseque

517 1648 660 1714 quod
709 1651 1053 1718 praecipiebat
1097 1654 1303 1722 primus
1346 1669 1653 1722 exsequens
1702 1656 2092 1712 Constantino-

519 1740 627 1803 poli
659 1740 746 1793 ubi
784 1750 910 1796 tunc
945 1751 1082 1805 erat,
1113 1743 1305 1798 multas
1334 1745 1526 1800 locavit
1560 1747 1922 1804 fabricandas.
1981 1747 2092 1803 Nec

517 1832 813 1899 imperasse
858 1836 990 1888 satis
1041 1835 1246 1892 habens
1295 1837 1484 1892 aderat
1529 1851 1864 1910 praeeratque
1909 1843 2094 1910 operi,
2129 1819 2169 1874 Β

517 1933 571 1980 et
634 1929 865 1984 subinde
905 1947 1128 1986 monere
1181 1947 1472 1988 conscensa
1527 1935 1853 1991 circumiens
1893 1937 2100 1991 visebat

517 2020 878 2090 monebatque
916 2021 1097 2078 fabros
1122 2063 1136 2086 ,
1169 2039 1271 2091 qua
1332 2024 1502 2080 forma
1536 2041 1748 2096 quaque
1775 2039 1891 2082 arte
1931 2045 2096 2083 naves

514 2121 786 2178 oporteret
807 2115 1072 2170 construi.
1095 2115 1306 2170 Etenim
1334 2119 1908 2186 explorattunbabens
1930 2138 2090 2190 quam

514 2202 854 2270 experientes
885 2203 1063 2259 Pisani
1097 2217 1281 2262 essent
1322 2209 1588 2264 navalium
1643 2211 1948 2279 bellorum;
1999 2231 2093 2269 ve-

516 2307 746 2359 rensque
776 2310 843 2352 ne
875 2312 1035 2365 quam
1063 2299 1129 2354 ab
1161 2299 1224 2354 iis
1253 2302 1511 2372 majorem
1545 2305 1750 2359 cladem
1778 2321 1872 2362 sua
1903 2307 2092 2362 classis

513 2385 803 2453 acciperet,
841 2387 910 2442 ita
949 2405 1114 2445 naves
1148 2394 1375 2448 curabat
1415 2397 1666 2451 adornari
1713 2408 1772 2452 ut
1829 2399 2093 2467 cujusque

514 2479 564 2528 in
593 2493 752 2548 prora
793 2479 949 2550 longe
992 2485 1262 2538 exSIantia
1301 2487 1606 2542 eminerent
1641 2505 1706 2543 ex
1739 2505 1844 2545 aere
1874 2490 2088 2546 ferrove

511 2571 762 2625 simulata
813 2576 991 2642 capita
1047 2576 1305 2644 leonum,
1363 2579 1660 2636 aliarumve
1711 2599 1870 2646 omne
1922 2601 2091 2656 genus

513 2661 748 2715 ferarum
787 2665 1117 2732 bestiarum,
1155 2668 1386 2724 diductis
1457 2671 1673 2741 lateque
1713 2675 1985 2731 hiantibus
2016 2678 2091 2730 ri-

514 2751 718 2807 rlibus.
738 2753 880 2818 Quas
911 2757 1074 2810 etiam
1101 2767 1266 2813 tetras
1294 2761 1430 2815 facie
1459 2763 1523 2816 ad
1545 2763 1800 2830 majorem
1827 2777 2089 2822 terrorem

515 2853 626 2895 tum
670 2859 802 2899 auro
837 2853 892 2898 et
923 2847 1208 2916 pigmentis
1237 2850 1458 2917 iubebat
1502 2855 1768 2923 colorari;
1807 2865 1919 2912 tmn
1963 2875 2090 2914 vero

511 2932 674 2986 etiam
699 2933 772 2988 ita
803 2935 946 2991 intus
979 2953 1074 3006 per
1108 2953 1337 2997 arcanos
1381 2953 1592 3000 meatus
1617 2987 1632 3010 ,
1665 2948 2088 3018 contortilesque

511 3025 706 3082 ductus
732 3030 924 3096 aptari,
951 3039 1007 3086 ut
1037 3047 1243 3101 pereas
1270 3033 1452 3092 fauces
1475 3039 1555 3093 sic
1585 3052 1800 3110 apertas
1826 3043 2086 3110 ejaculari

513 3117 761 3174 ﬂammas
808 3121 858 3175 in
896 3123 1102 3178 hostem
1133 3125 1358 3182 Romani
1391 3139 1651 3198 possent,
1703 3148 1808 3187 non
1846 3136 2086 3202 pernicie

513 3211 749 3276 ipsorum
784 3227 943 3282 quam
981 3216 1348 3274 admiratione
1379 3235 1441 3274 ac
1472 3234 1614 3277 metu
1655 3225 1878 3294 majori;
1940 3228 2083 3296 quod

515 3311 659 3355 tanta
693 3303 772 3356 vis
805 3305 1067 3375 inopinati
1105 3325 1169 3364 ac
1207 3312 1330 3366 novi
1366 3315 1488 3368 mali
1529 3331 1592 3369 ex
1629 3317 2086 3375 formidolosissi-

512 3395 616 3448 mis
662 3395 742 3447 vel
795 3397 858 3450 ad
911 3409 1185 3468 aspectum
1255 3415 1618 3460 monstrorum
1692 3409 2084 3466 horreudorum

515 3485 698 3541 buccis
719 3499 1080 3546 eructaretur.
1127 3493 1232 3549 Has
1265 3497 1358 3549 tali
1395 3499 1622 3554 artificio
1671 3512 1886 3570 paratas
1925 3519 2086 3559 naves

511 3579 718 3634 'l‘aticio
755 3597 926 3651 nuper
947 3583 1012 3638 ab
1045 3587 1328 3642 Antiochia
1385 3592 1562 3646 reduci
1613 3593 1772 3648 simul
1825 3597 2083 3662 tradidit;

2212 551 2494 604 Ζακύνθου
2532 552 2848 606 ἀπέστειλε.
2907 552 3094 606 Ταῦτα
3134 553 3419 622 μανθάνων
3457 557 3485 608 ὁ
3525 556 3764 626 βασιλεὺς

2209 641 2270 703 ἐξ
2313 643 2542 698 ἁπασῶν
2579 643 2686 696 τῶν
2725 643 2832 698 ὑπὸ
2860 645 2962 712 τὴν
2987 646 3098 696 τῶν
3143 647 3433 715 Ῥωμαίων
3459 649 3638 720 ἀρχὴν
3669 670 3764 720 χω-

2210 735 2322 804 ρῶν
2371 733 2674 804 προσέταξε
2719 735 2980 804 γενέσθαι
3025 735 3206 800 πλοῖα,
3253 739 3346 790 καὶ
3399 739 3480 801 εἰς
3525 741 3763 810 αύτὴνδέ

2207 826 2304 897 τὴν
2335 827 2729 896 βασιλεύουσαν
2759 829 2918 882 ίκανά
2953 829 3389 892 κατασκευάζων
3421 830 3532 897 (70)
3567 835 3630 886 ἐκ
3663 835 3763 886 δια-

2205 920 2524 990 λειμμάτων
2577 922 2659 985 είς
2705 923 2939 992 μονῆρες
2978 924 3366 993 εἰσερχόμενος
3393 965 3408 990 ,
3459 927 3762 998 ἐπέσκηπτε

2203 1015 2316 1072 τοῖς
2352 1009 2860 1074 κατασκευάζουσιν
2899 1011 3049 1073 ὅπως
3085 1009 3192 1082 χρὴ
3235 1012 3411 1066 ταῦτα
3459 1018 3654 1070 ποιεῖν.
3687 1017 3762 1068 Γιο

2204 1101 2434 1156 νώσκων
2461 1102 2517 1158 δὲ
2561 1101 2688 1164 τοὺς
2733 1101 3028 1166 ῐιισσαίους
3070 1103 3164 1155 τοῦ
3201 1105 3329 1175 περὶ
3379 1105 3480 1174 τὴν
3506 1106 3760 1160 θάλατταν

2203 1194 2442 1263 πολέμου
2489 1193 2862 1262 ἐπιστήμονας
2907 1193 3000 1246 καὶ
3053 1193 3244 1258 δεδιὼς
3287 1195 3390 1264 τὴν
3443 1196 3567 1264 μετ’
3599 1197 3762 1250 αὐτῶν

2207 1285 2408 1356 μάχην,
2461 1286 2520 1338 ὲν
2564 1284 2770 1352 ἑκάστῃ
2821 1285 3018 1354 πρώρᾳ
3048 1284 3160 1338 τῶν
3205 1287 3406 1340 πλοίων
3441 1287 3530 1340 sta
3561 1289 3761 1358 χαλκων

2203 1379 2299 1432 καὶ
2347 1377 2586 1446 σιδήρων
2643 1375 2877 1430 λεόντων
2907 1377 3003 1430 καὶ
3047 1377 3277 1432 ἀλλοίων
3313 1381 3586 1449 χερσαίων
3623 1382 3760 1440 ζώων

2203 1469 2444 1538 κεφαλὰς
2498 1469 2609 1536 (71)
2655 1469 2790 1538 μετά
2848 1469 3135 1538 στομάτων
3188 1472 3558 1541 ἀνεῳγμένων
3610 1494 3763 1529 κατα-

2201 1563 2497 1624 σκευάσας,
2527 1560 2712 1632 χρυσῷ
2751 1579 2808 1614 τε
2837 1561 3189 1632 περιστείλας
3216 1564 3355 1618 αὐτὰ
3383 1565 3460 1628 ὡς
3494 1567 3560 1619 ἐκ
3613 1569 3764 1637 μόνης

2201 1655 2328 1718 θέας
2365 1655 2594 1722 φοϐερὸν
2627 1655 2918 1722 φαίνεσθαι
2952 1656 3012 1708 τδ
3047 1656 3135 1710 διά
3169 1658 3277 1710 τῶν
3305 1660 3592 1728 στρεπτῶν
3637 1661 3761 1714 κατὰ

2197 1747 2306 1800 τῶν
2333 1747 2611 1816 πολεμίων
2637 1748 2829 1816 μέλλον
2861 1747 3121 1818 ἀφίεσθαι
3154 1752 3285 1822 πῦρ,
3323 1752 3413 1805 διὰ
3443 1752 3555 1806 τῶν
3578 1754 3764 1823 στομά-

2197 1859 2308 1896 των
2353 1841 2534 1894 αὐτῶν
2567 1841 2953 1910 παρεσκεύασε
3005 1840 3218 1907 διιέναι,
3260 1842 3400 1896 ὥστε
3434 1844 3615 1898 δοκεῖν
3653 1845 3763 1904 τοὺς

2198 1935 2425 1997 λέοντας
2481 1933 2576 1988 καὶ
2623 1935 2671 1986 τ’
2721 1934 2856 1987 ἀλλα
2911 1935 3022 1988 τῶν
3080 1936 3339 1990 τοιούτων
3405 1937 3565 2001 ζώων
3621 1937 3762 1990 τοῦτο

2197 2027 2606 2098 ἐξερεύγεσθαι.
2641 2027 2800 2081 Οὕτω
2830 2027 2962 2095 γοῦν
2998 2027 3174 2082 ταῦτα
3209 2031 3641 2093 κατασκευάσας
3675 2046 3759 2099 με·

2196 2119 2646 2190 τακαλεσάμενος
2687 2119 2779 2172 τὸν
2825 2119 3084 2173 Τατῐκιον
3115 2119 3176 2184 ἐξ
3215 2119 3552 2190 Ἀντιοχείας
3582 2121 3762 2172 νεωστὶ

2197 2212 2648 2282 παραγενόμενον
2695 2209 2846 2279 αὐτῷ
2893 2209 2991 2278 μὲν
3021 2209 3092 2262 τὰ
3124 2209 3351 2262 τοιαῦτα
3397 2209 3562 2262 πλοῖα
3603 2227 3764 2279 παρα-

2194 2303 2466 2368 δεδωκὼς,
2501 2306 3032 2371 Περιφανεστατην
3073 2301 3760 2370 κεφα..1ὴν(72)ὡνόμασε¹

2191 2397 2270 2468 τῷ
2300 2397 2356 2450 δέ
2383 2414 2450 2465 γε
2483 2397 2816 2464 Λαντούλφῳ
2841 2395 2953 2464 (75)
2983 2395 3071 2446 τὸν
3099 2393 3314 2446 ᾶπαντα
3345 2393 3538 2446 στόλον
3575 2391 3761 2446 ἀναθέ-

2195 2507 2358 2560 μενος
2391 2489 2565 2558 μέγαν
2594 2487 2764 2540 δοῦκα
2796 2485 3173 2554 προύϐάλλετο
3205 2483 3278 2547 ὡς
3309 2485 3410 2552 τῆς
3459 2483 3762 2553 ναυμαχίας

2191 2583 2452 2653 είδὴμονα
2481 2581 2726 2649 ἄριστον.
2783 2577 3124 2642 Ἐξελθόντες
3151 2571 3244 2628 οὖν
3283 2576 3385 2644 τῆς
3435 2575 3766 2646 μεγαλοπό-

2189 2679 2326 2740 λεως
2377 2675 2544 2742 μηνὸς
2593 2671 3036 2740 παριππεύοντος
3105 2667 3384 2736 Ἀπριλίου
3415 2706 3431 2730 ,
3489 2669 3638 2738 μετά
3681 2665 3760 2718 τοῦ

2205 2764 2515 2837 Ῥωμαϊκοῦ
2559 2764 2749 2818 στόλου
2801 2763 2901 2834 τὴν
2953 2763 3135 2832 Σάμον
3192 2759 3518 2824 κατέλαϐον,
3565 2763 3665 2813 καὶ
3705 2757 3761 2810 τὰ

2192 2861 2355 2914 πλοῖα
2388 2859 2454 2928 τῇ
2490 2856 2672 2926 χέρσῳ
2711 2853 3211 2924 προσορμίσαντες,
3243 2851 3470 2920 ἐξῆλθον
3503 2851 3650 2918 πρὸς
3677 2846 3762 2918 τὴν

2191 2955 2420 3023 ἤπειρον
2460 2951 2552 3004 ἐπὶ
2599 2949 2678 3020 τῷ
2717 2949 2804 3002 διὰ
2835 2948 2932 3015 τῆς
2965 2945 3246 3012 ἀσφάλτου
3299 2942 3564 2996 ὲπιπλέον
3601 2944 3764 3008 ἀσφα-

2188 3043 2518 3114 λισαμένους
2565 3041 2950 3111 κατοχυρῶσαι
3011 3035 3232 3100 αὐτούς.
3272 3035 3678 3105 Μεμαθηκότες
3710 3033 3761 3086 δὲ

2186 3137 2287 3205 τὴν
2316 3137 2410 3190 τοῦ
2446 3133 2750 3189 Πισσαικοῦ
2785 3133 2974 3186 στόλου
3008 3131 3298 3194 διέλευσιν,
3331 3130 3402 3181 τὰ
3440 3130 3760 3198 πρυμνήσια

2187 3231 2472 3294 λύσαντες,
2515 3228 2610 3282 καὶ
2657 3225 2811 3279 αὐτοὶ
2856 3223 3082 3278 ὄπισθεν
3131 3221 3310 3275 αὑτῶν
3341 3219 3496 3273 ἔθεον
3523 3219 3606 3282 ὡς
3637 3217 3760 3288 προς

2186 3325 2284 3394 τὴν
2332 3323 2446 3377 Κῶ.
2487 3322 2708 3392 Πρωῖας
2745 3317 2802 3372 δὲ
2841 3317 2949 3370 τῶν
2991 3315 3269 3368 Πισσαίων
3301 3313 3485 3364 ἐκεῖσε
3521 3309 3760 3363 καταλα-

2187 3415 2412 3480 ϐόντων,
2459 3413 2698 3482 ἑσπέρας
2723 3405 2871 3465 οὗτοι
2903 3409 3110 3478 ταύτην
3135 3405 3458 3460 κατέλαϐον.
3495 3404 3592 3471 Μὴ
3625 3405 3760 3456 ἐντε-

2185 3505 2484 3574 τυχηκότες
2505 3503 2562 3555 δὲ
2589 3503 2699 3564 τοῖς
2731 3499 3019 3560 Πισσαίοις
3045 3497 3284 3567 ἀπῆλθον
3326 3497 3406 3560 είς
3433 3495 3533 3564 τὴν
3573 3491 3760 3548 Κνίδον

2187 3595 2319 3668 περὶ
2357 3595 2458 3667 τὴν
2495 3597 2724 3665 ἤπειρον
2756 3593 2855 3662 τῆς
2884 3591 3151 3660 ἀνατολῆς
3182 3587 3561 3657 διακειμένην.
3617 3582 3758 3640 Κείθι

1575 3708 1774 3768 Variae
1797 3708 2110 3771 lectiones.
2130 3726 2205 3770 ex
2230 3707 2376 3770 cod.
2409 3704 2663 3766 Coislin.

577 3805 596 3832 ’
624 3805 926 3872 Kopucpwc.

1585 3919 1724 3980 Car.
1763 3916 2088 3979 Dufresnii
2123 3919 2218 3978 Du
2253 3913 2476 3992 Cangii
2518 3917 2682 3974 nota)

579 4047 690 4117 ΠΟ)
723 4045 1211 4117 Ιιάτασκευάζῳν.
1267 4045 1377 4100 llos
1413 4045 1803 4116 Dagoberti'ct
1853 4045 2075 4100 Pisano-

508 4115 679 4180 rnm,‘
745 4118 1056 4182 priusquam
1126 4115 1448 4170 Laodiceam
1499 4115 1890 4186 appellerent.
1953 4132 2074 4170 cum

505 4187 784 4240 Alexiauis
809 4187 1094 4242 conﬂictus
1150 4197 1204 4240 et
1261 4187 1587 4242 hostilitates
1647 4187 1824 4254 attigit
1854 4186 2073 4254 Tyrius,

511 4259 600 4310 lib.
641 4274 714 4321 xi,
745 4257 907 4326 377
963 4272 1083 4325 eap.
1118 4258 1226 4311 44:
1262 4257 1372 4310 Iter
1419 4273 1540 4323 ergo
1567 4259 1818 4324 aggressi,
1853 4265 1901 4308 et
1927 4271 2076 4308 oram

508 4328 670 4379 secuti
711 4325 1055 4390 nutritimant,
1105 4329 1312 4380 nonnisi
1339 4327 1568 4380 hostium
1617 4327 1878 4390 reperiunt
1905 4325 2073 4386 urbes,

509 4397 645 4448 unde
669 4413 784 4448 cum
807 4399 1040 4448 proxima
1069 4397 1389 4467 difﬁcultate
1429 4407 1480 4450 et
1504 4396 1874 4449 alimentorum
1899 4395 2079 4462 inapia

507 4468 644 4518 riam
669 4475 906 4524 poleranl
933 4468 1196 4534 inceptam
1225 4467 1498 4534 con/icere.

584 4535 694 4602 (7-1)
726 4535 903 4588 Ζώων
921 4530 1208 4602 κεφαλάς.
1239 4530 1384 4588 More
1409 4548 1651 4590 veterum
1679 4534 1806 4589 fecit
1837 4535 2081 4599 Alexins,
2113 4530 2170 4596 ,D.

513 4605 603 4672 qui
641 4605 942 4674 belluarum
967 4607 1145 4674 capita
1179 4621 1311 4658 auro
1350 4615 1613 4660 exornata
1652 4609 1870 4659 navium
1897 4607 2088 4660 rostris

513 4678 792 4744 aptabant.
839 4673 1152 4744 Virgil.ilib.
1181 4691 1211 4729 ι
1234 4675 1456 4730 :Eneitl.
1483 4691 1501 4729 .'

799 4788 872 4846 1E
881 4798 995 4842 rata
1027 4789 1265 4858 princeps
1289 4799 1430 4844 secat
1467 4806 1679 4859 (τουσι-α
1706 4791 1854 4860 tigri.

517 4881 632 4934 Hoc
661 4892 757 4940 est.
784 4881 858 4935 ait.
890 4881 1132 4944 Servius,
1166 4881 1316 4948 cujus
1359 4895 1585 4934 rostrum
1621 4893 1728 4934 erat
1754 4885 1806 4936 in
1837 4884 2087 4938 similitu-

513 4954 682 5005 dinem
713 4953 1197 5022 tigridtsmamque
1231 4952 1398 5004 solent
1435 4969 1587 5004 naves
1617 4955 1828 5006 nomina
1855 4957 2085 5022 accipere

511 5041 544 5074 tt
575 5023 858 5076 tutelarum
900 5024 1130 5091 pirtura.
1178 5021 1281 5076 Sed
1314 5022 1382 5074 de
1413 5023 1594 5076 tutelis
1619 5023 1780 5075 multa
1824 5021 2082 5078 Vowere-

517 5109 616 5145 nus
655 5095 720 5144 ad
757 5093 977 5147 Pctrou.
1029 5092 1296 5146 Meursius
1330 5095 1394 5146 ad
1460 5093 1728 5161 Lycophr.
1764 5095 1978 5148 Delrius
2014 5097 2080 5148 ad

515 5163 708 5216 tieuec.
739 5163 898 5230 Trag.
939 5161 1570 5228 Turnebus,Alexander
1595 5165 1660 5216 ab
1683 5165 1833 5217 Alex.
1869 5166 2082 5218 caeteri-

511 5247 618 5298 que
649 5234 958 5286 criticorunt
995 5233 1086 5286 ﬁlii
1117 5235 1462 5286 comma-ntali
1495 5243 1642 5287 sunt.
1675 5233 1906 5287 Tantum
1941 5236 2082 5289 addo

515 5319 634 5367 quae
661 5303 813 5374 haan
849 5304 1160 5374 perelegans
1201 5303 1453 5370 scriptor.
1493 5305 1544 5356 iu
1593 5303 1848 5357 Eucomio
1881 5306 2080 5359 Emune

519 5387 631 5438 reg.
670 5373 826 5438 Angl.
873 5374 966 5426 lib.
998 5389 1008 5426 l
1044 5373 1072 5424 ':
1121 5373 1396 5442 Aqgregati
1447 5374 1657 5426 tandem
1715 5376 1938 5428 turritas
1987 5393 2078 5430 as-

515 5443 736 5494 cendunt
771 5459 987 5512 puppes,
1015 5445 1199 5512 a-ratis
1235 5444 1414 5495 rostris
1441 5445 1598 5496 duces
1635 5445 1870 5506 sinqulos
1901 5448 2076 5498 viden-

516 5513 650 5564 tibus
677 5511 1116 5567 discrintinantes.
1155 5511 1294 5565 Hinc
1332 5523 1446 5565 erat
1473 5530 1684 5566 eernere
1723 5513 1896 5568 leones
1947 5533 2077 5570 auro

517 5583 697 5646 ,"usiles
727 5584 778 5634 in
803 5585 1078 5648 puppibus,
1121 5585 1240 5635 hinc
1293 5595 1464 5634 autent
1507 5584 1738 5636 uolucres
1777 5586 1828 5636 in
1860 5589 2077 5639 summis

515 5653 670 5704 malis
699 5653 950 5706 venientes
973 5693 987 5715 ,
1025 5665 1230 5705 austros
1267 5653 1376 5706 suis
1417 5653 1684 5720 signantes
1710 5658 1958 5719 versibus,
1983 5666 2076 5708 aut

515 5721 770 5774 dracones
809 5723 980 5774 varios
1005 5725 1258 5776 minantes
1291 5724 1532 5774 incendia
1565 5723 1628 5776 de
1653 5723 1902 5786 naribus;
1930 5727 2076 5780 illinc

516 5793 750 5846 nomines
781 5799 841 5844 tte
867 5793 1035 5846 solido
1066 5809 1218 5858 auro,
1246 5805 1517 5862 argentore
1551 5792 1759 5861 rutilos,
1789 5795 1916 5848 rivis
1943 5813 2073 5864 quo-

2175 4043 2457 4096 dammodo
2511 4058 2614 4096 non
2669 4042 2918 4106 impares,
2958 4051 3112 4108 atque
3145 4039 3292 4096 illinc
3341 4051 3541 4096 tauros
3583 4041 3756 4096 erectis

2175 4130 2388 4166 sursum
2428 4113 2596 4176 collis,
2653 4113 3014 4182 protensisque
3063 4112 3324 4182 cruribus,
3356 4114 3598 4182 mugitus
3637 4129 3754 4164 cur-
3779 4169 3790 4180 ,

2176 4199 2364 4251 susque
2389 4185 2670 4237 viventium
2699 4181 3026 4234 simulantes.
3071 4179 3288 4236 Videres
3318 4179 3526 4251 quoq-ue
3553 4182 3750 4248 delphi-

2177 4269 2269 4306 nos
2297 4253 2485 4308 electro
2515 4253 2680 4320 fusos.
2705 4261 3028 4319 veteremque
3053 4265 3488 4321 rememoraatem
3518 4251 3752 4321 fabulam

2176 4323 2238 4376 tle
2269 4323 2448 4377 eodem
2483 4319 2696 4376 metallo
2721 4333 3020 4378 centauros.
3055 4331 3161 4374 etc.
3201 4319 3370 4384 ldetu,
3411 4319 3580 4376 lib._tl
3619 4325 3744 4377 :Ar-

2177 4391 2330 4463 debat
2361 4409 2551 4446 aurum
2601 4395 2655 4444 in
2691 4393 2900 4463 rostris,
2946 4389 3184 4460 fulgebat
3225 4407 3434 4462 quoque
3476 4402 3746 4463 argentum

2179 4461 2230 4516 in
2269 4463 2422 4516 rariis
2457 4464 2666 4515 nauium
2689 4462 2898 4529 ﬁguris.

2261 4534 2373 4602 (7'2)
2422 4530 2954 4601 Heptgcareo‘ta'mr
3011 4531 3312 4601 κεφαλήν.
3341 4531 3492 4586 Nova
3524 4531 3752 4600 dignitas

2195 4604 2410 4658 inventa
2463 4603 2530 4656 al)
2565 4603 2751 4672 Alexio
2801 4603 3086 4672 admodum
3127 4603 3312 4656 solerti
3361 4603 3414 4656 iu
3445 4603 3748 4672 excogitan-

2193 4675 2278 4730 dis
2307 4671 2606 4727 istiusmodi
2649 4673 3000 4738 dignitatibus
3033 4671 3316 4726 Palatinis.

2263 4744 2378 4814 (75)
2427 4744 2822 4814 Λίιντούλεμςῳ.Δ
2859 4741 3112 4814 Occurrit
3165 4741 3462 4814 Laudulfus
3501 4743 3604 4814 iste
3649 4751 3746 4792 non

2191 4812 2352 4872 semel
2377 4815 2516 4866 infra
2553 4829 2673 4865 cum
2713 4812 3108 4880 perhonoriﬁca
3141 4813 3438 4876 mentione,
3467 4813 3622 4880 cujus
3657 4823 3746 4862 no-

2192 4883 2524 4938 menclatura
2589 4884 2814 4951 natione
2863 4890 2915 4934 et
2969 4883 3180 4949 origine
3231 4881 3480 4934 Latinum
3531 4892 3747 4951 prorsus

2189 4953 2354 5008 fuisse
2385 4954 2582 5022 arguit.
2637 4949 2745 5022 Nec
2779 4951 2890 5005 scio
2921 4967 2988 5022 an
3043 4952 3182 5004 idem
3214 4953 3307 5020 qui
3333 4949 3748 5022 Falcouchne:

2187 5034 2418 5079 ventano
2451 5014 2774 5089 'Lamtulfus
2827 5023 2890 5074 de
2938 5020 3146 5076 Gracia
3191 5014 3391 5076 dicitur
3443 5024 3494 5075 in
3527 5021 3658 5074 Chr.
3685 5014 3745 5089 ad

2185 5111 2274 5149 an.
2313 5093 2488 5148 1095:
2525 5087 2820 5160 Laudulfus
2857 5089 3070 5145 Gra'cus
3121 5091 3193 5145 Μ.
3234 5093 3472 5146 Antonio
3515 5087 3750 5160 Μαι-δίης)

2185 5165 2460 5220 Columnae
2494 5163 2545 5216 in
2578 5163 2696 5216 Vita
2729 5155 2782 5216 et
2813 5161 2972 5236 rebus
2995 5163 3164 5236 gestis
3291 5161 3524 5216 Matthtri
3549 5155 3747 5236 cau.~§.

2185 5237 2274 5298 qui
2320 5249 2568 5288 reversus
2613 5233 2956 5300 postmodum
2995 5225 3046 5284 in
3093 5232 3366 5307 Apuliam,
3394 5225 3747 5307 _comestal_7ilis

2184 5307 2666 5359 Bcneventanorum
2696 5311 2911 5356 creatus
2929 5313 3008 5356 est
3043 5319 3058 5355 :
3083 5318 3246 5372 quam
3263 5301 3492 5372 quidem
3523 5301 3746 5372 sortitus

2182 5377 2254 5430 sit
2309 5375 2747 5444 appellationem,
2785 5373 2940 5444 quod
2989 5363 3191 5444 diu-in
3245 5363 3562 5444 ὤνησας]
3611 5363 3744 5432 apud

2181 5437 2433 5500 Alexiuiu
2493 5454 2754 5516 tuor-atus
2779 5437 2959 5516 fuerit.
2994 5439 3234 5506 Verum,
3270 5457 3337 5494 ne
3359 5441 3430 5516 _it_l
3469 5437 3742 5516 afﬁrmem.

2183 5516 2314 5569 fat-it
2345 5515 2516 5582 ipsum
2551 5513 2850 5582 Landulphi
2886 5527 3208 5579 cognomen,
3231 5511 3372 5578 quod
3407 5512 3456 5562 iu
3477 5507 3742 5582 plerisque

2179 5587 2337 5640 codd.
2367 5575 3004 5656 'lt‘alconis,_de'G_rtzca,
3038 5575 3330 5656 scribitur;
3376 5575 3740 5656 quaappella:

2182 5660 2328 5724 tione
2359 5655 2615 5720 occurrit,
2641 5653 2696 5724 _ui
2755 5652 2933 5724 fallor,
2960 5661 3210 5724 castrum
3261 5648 3592 5724 aliquaitiu”
3617 5653 3740 5711 agro

2180 5713 2613 5778 Beneventano.’
2641 5722 2772 5780 Vide
2803 5713 3086 5792 Ugltellum
3111 5763 3126 5792 ,
3187 5730 3317 5776 tom.
3353 5713 3432 5772 'V'l
3463 5713 3636 5768 Italia-
3665 5725 3740 5764 suo

2179 5815 2202 5852 ιτ
2213 5813 2299 5863 rw,
2330 5813 2450 5866 pag.
2487 5795 2612 5850 457.
