4040 6280
321 325 436 390 853

1591 337 2009 404 ALEXIA‘DIS
2033 345 2182 409 UB.
2217 347 2324 408 XI.

3475 355 3582 418 854

319 443 376 495 δὲ
427 448 868 516 παραγενόμενοι
905 449 981 511 ὠς
1025 451 1124 518 τῆς
1158 451 1338 520 ἄγρας
1390 454 1654 526 ἠστόχουιν
1682 458 1896 524 ὀλίγους

1998 460 2160 514 simul
2206 462 2380 516 eidem
2435 461 2509 516 illi
2557 462 2676 518 viro
2715 463 3117 532 probatissima:
3142 461 3384 518 ‘virtutls
3411 505 3426 529 ,
3473 481 3579 533 quo

318 536 471 595 τινὰς
510 539 880 606 ὲφευρηκὸτες
917 541 1026 593 τῶν
1067 543 1344 599 Πισσαίων
1376 546 1544 598 αὐτοῦ
1583 565 1687 601 που
1724 565 1895 602 κατα-

317 625 1043 691 λειφθέντας,ἐπυνθάνοντο
1069 635 1203 688 ὅπου
1230 637 1258 686 ό
1284 638 1580 700 Πισσαικὺς
1605 639 1894 710 ἐξώρμησε

319 717 530 778 στόλος.
563 721 625 771 οι
667 721 723 773 δὲ
768 723 902 790 πρὸς
938 725 1039 793 τὴν
1077 725 1266 779 Ῥόδον.
1293 728 1524 794 ἔφασαν.
1576 731 1686 782 Καὶ
1715 750 1896 800 παρα-

318 811 512 874 χρῆμα
539 808 802 873 λύσαντες
827 814 892 865 τά
923 817 1244 885 πρυμνήσια
1272 817 1466 870 θᾶττον
1490 819 1716 883 τούτους
1737 825 1897 874 κατέ⁶

315 897 483 950 λαϐον
520 903 726 969 μεταξὺ
775 905 1077 975 Παττάρων
1124 910 1218 962 καὶ
1261 909 1466 962 Ῥόδου.
1493 911 1729 975 Τούτους
1776 913 1822 967 δ’
1849 917 1896 968 oi

317 991 571 1044 Πισσατοι
604 993 956 1062 θεασάμενοι,
989 998 1155 1065 μόθου
1207 1002 1524 1070 παραυτίκα
1561 1005 1750 1075 σχῆμα
1780 1007 1898 1061 δια-

313 1084 670 1145 τυπώσαντες
712 1088 848 1156 πρὸς
896 1090 1083 1160 μάχην.
1128 1093 1192 1144 οὐ
1236 1093 1307 1146 τὰ
1355 1093 1484 1165 ξίφη
1537 1098 1718 1163 μόνον,
1759 1099 1896 1154 ἀλλά

315 1172 410 1220 καὶ
459 1177 556 1232 τὰς
593 1173 820 1240 καρδίας
869 1173 1085 1242 ἔθηγον.
1142 1176 1672 1244 Ἑπικαταλαὸόντος
1716 1183 1773 1236 δὲ
1801 1184 1895 1237 τοῦ

327 1255 645 1323 Ῥωμαϊκοῦ
696 1259 882 1314 στόλου
934 1263 1116 1330 κόμης
1162 1281 1248 1327 τις
1296 1267 1728 1338 Πελλοπονήσιος
1780 1272 1893 1343 (74)

318 1346 700 1415 Περιχυτάνης
717 1350 738 1380 ³
766 1349 1103 1419 καλούμενος
1133 1356 1416 1426 ναυλοχεῖν
1439 1359 1638 1429 ἄριστα
1667 1363 1897 1418 ἐπιστά-

318 1455 479 1506 μενος
529 1439 604 1501 ὡς
641 1441 864 1505 τούτους
912 1444 1198 1509 ἐθεάσατο,
1238 1451 1359 1512 ταῖς
1399 1450 1614 1515 κώπαις
1662 1455 1726 1508 τὸ
1764 1457 1896 1512 ἴδιον

313 1529 606 1598 πτερώσας
661 1533 897 1604 μονῆρες
936 1537 1012 1599 ὡς
1057 1532 1170 1607 εἶχε
1209 1541 1331 1592 κατ’
1372 1542 1551 1594 αὐτῶν
1591 1545 1762 1611 ἵεται,
1801 1552 1895 1601 καὶ

312 1619 583 1688 διαμέσου
617 1624 820 1676 τούτων
874 1626 949 1689 ὡς
987 1629 1099 1698 πῦρ
1135 1629 1364 1684 διελθὼν
1404 1635 1490 1695 είς
1513 1636 1606 1688 τὸν
1651 1638 1893 1708 Ῥωμαϊ-

313 1711 410 1764 κδν
442 1711 613 1775 αὖθις¹
647 1714 1025 1786 ἐπανέστρεφε
1062 1721 1268 1776 στόλον.
1323 1723 1384 1776 Ὀ
1419 1725 1603 1795 μέντοι
1651 1730 1893 1798 Ῥωμαῖ-

312 1803 411 1865 κὺς
452 1804 640 1868 στόλος
683 1806 786 1860 οὐκ
837 1808 1117 1873 εὐτάκτως
1168 1812 1268 1881 τῆς
1305 1816 1445 1882 μετὰ
1477 1817 1587 1872 τῶν
1617 1822 1894 1875 Πισσαίων

314 1894 494 1963 μάχης
524 1896 901 1965 ἀπεπειρᾶτο..
919 1899 1036 1952 ἀλλ’
1059 1901 1229 1965 ὀξέως
1259 1906 1354 1958 καὶ
1381 1908 1736 1974 ἀσυντάκτως
1767 1913 1894 1966 τούύ

311 2003 442 2044 τους
492 1986 514 2018 ⁸
562 1989 926 2058 προσέϐαλλε.
969 1993 1076 2046 Καὶ
1135 1995 1301 2058 αὐτὸς
1350 1998 1406 2051 δὲ
1458 2001 1486 2051 ὁ
1543 2003 1894 2073 Λαντοῦλφος

311 2076 531 2144 πρῶτος
563 2081 956 2147 προσπελάσας
991 2087 1103 2148 τοῖς
1136 2087 1424 2153 Πισσαίοις
1457 2075 1894 2166 ναυσὶν,ἄῐστοχα

305 2169 373 2220 τὸ
425 2169 541 2240 πῦρ
585 2171 745 2226 ἔϐαλε
787 2177 882 2228 καὶ
923 2176 1078 2230 οὐδέν
1133 2197 1188 2232 τι
1241 2181 1403 2235 πλέον
1452 2186 1750 2255 εἰργάσατο
1799 2191 1893 2244 τοῦ

309 2260 487 2329 πυρὸς
539 2265 946 2330 σκεδασθέντος.
1016 2270 1075 2322 '0
1129 2271 1185 2324 δὲ
1237 2273 1536 2344 λεγόμενος
1608 2280 1894 2350 Ἐλεήμων

308 2352 490 2422 κόμης
542 2356 932 2425 ἀναισχύντως,
954 2363 1195 2433 μεγίστῳ
1243 2365 1413 2434 πλοίῳ
1445 2370 1585 2422 κατά
1634 2371 1895 2441 πρύμναν

306 2440 640 2509 προσϐαλὼν
693 2447 810 2510 τοῖς
861 2450 1148 2516 πηδαλίοις
1201 2452 1394 2506 τούτου
1438 2440 1760 2524 περιπεσὼν
1801 2461 1897 2514 καὶ

308 2532 390 2622 μὴ
413 2535 658 2605 εὐχερῶς
689 2537 828 2607 ἔχων
854 2542 1066 2594 ἐ-κείθεν
1097 2543 1556 2612 διαπλωΐσασθαι,
1586 2552 1894 2622 κατεσχέθη

304 2621 399 2724 ἂν,
447 2627 495 2678 εί
535 2625 610 2724 μί]
649 2631 1055 2724 γοργῶςπρδς
1091 2633 1195 2702 τὴν
1253 2640 1456 2709 σκευὴν
1513 2640 1728 2696 ἀπεῖδε.
1783 2621 1896 2696 Καί

306 2719 422 2784 πῦρ
473 2719 595 2770 κατ’
637 2720 819 2772 αὐτῶν
874 2723 1035 2791 ἀφεὶς
1085 2725 1188 2777 οὐκ
1223 2727 1430 2798 ἀστοχα
1485 2729 1700 2787 ἔϐαλεν.
1759 2731 1896 2789 Εἶτα

305 2807 408 2873 τὴν
440 2807 574 2860 ναῦν
640 2810 733 2862 ἐπὶ
771 2810 973 2880 θάτερα
1009 2815 1231 2884 γοργῶς
1274 2822 1602 2892 μεταφέρων
1637 2827 1747 2879 καὶ.
1774 2829 1894 2881 ἑτέ-

309 2914 411 2966 ρας
477 2903 824 2970 παραχρῆμα
879 2908 1025 2973 τρεῖς
1096 2911 1364 2977 μεγίστας
1424 2916 1730 2987 ὲπυρπόλει
1786 2923 1894 2974 τῶν

305 2990 615 3060 Βαρϐάρων
663 2993 816 3057 ναῦς.
871 2997 1026 3051 Ἐπεὶ
1063 2999 1107 3052 δ’
1135 3001 1252 3070 ἅμα
1295 3007 1390 3058 καὶ
1427 3011 1708 3083 συστροφὴ
1767 3015 1893 3072 ἀνέ-

309 3100 414 3152 μου
453 3084 552 3154 τὴν
581 3085 858 3141 θάλατταν
892 3091 1305 3150 ὲπεισπεσοῦσα
1339 3098 1537 3167 ἀθρόον
1570 3103 1893 3174 διετάραττε

303 3174 408 3236 τας
427 3193 486 3228 τε
516 3176 648 3239 ναῦς
681 3179 965 3248 συνέτριϐε
1001 3184 1096 3236 καὶ
1125 3189 1352 3253 μονονοὺ
1386 3161 1627 3258 βῦθίζειν
1655 3161 1891 3264 ἠπείλειο
1921 3161 1964 3218 c

303 3265 550 3335 ἑῤῥόχθη
589 3268 610 3298 ⁵
659 3270 768 3338 γὰρ
815 3270 878 3322 τὸ
919 3270 1092 3340 κῦμα,
1153 3275 1508 3344 ὲτετρίγεσαν
1547 3283 1601 3332 αἱ
1652 3286 1893 3351 κεραιαὶ,

305 3356 376 3407 τά
413 3357 458 3408 θ’
488 3359 636 3410 ἱστία
667 3359 1079 3430 διερρήγνυντο.
1125 3366 1659 3436 Ἐκδειματωθέντες
1680 3375 1731 3426 οί
1758 3373 1896 3444 Βάρ-

305 3447 493 3516 6αροι,
518 3450 582 3500 τὸ
613 3451 714 3518 μὲν
741 3451 838 3505 διὰ
868 3456 927 3504 τὸ
958 3459 1317 3526 πεμπὸμενον
1347 3459 1458 3528 πῦρ
1481 3475 1493 3488 ·
1528 3463 1586 3514 οὐ
1619 3462 1726 3533 γὰρ
1771 3466 1896 3519 ἐθά-

301 3536 398 3599 δες
431 3533 570 3608 ἦσαν
603 3541 863 3595 τοιούτων
895 3544 1110 3597 σκευῶν
1161 3547 1192 3615 ἢ
1232 3548 1426 3617 πυρὸς,
1460 3550 1572 3603 ἀνω
1603 3551 1701 3620 μὲν
1733 3555 1894 3622 φύσει

304 3625 410 3696 τὴν
461 3631 641 3697 φορὰν.
668 3630 913 3700 ἔχοντος,
958 3639 1316 3706 πεμπομένου
1365 3640 1409 3692 δ’
1442 3642 1528 3708 ἐφ’
1567 3642 1602 3696 ἃ
1644 3643 1894 3712 βούλεται

305 3721 339 3772 ὁ
374 3720 610 3788 πέμπων
642 3725 783 3776 κατά
821 3743 879 3778 τε
913 3730 972 3780 τδ
1006 3731 1212 3799 πρανὲς
1240 3732 1500 3796 πολλάκις
1529 3736 1626 3788 καὶ
1653 3737 1738 3806 ἐφ’
1769 3739 1897 3791 ἐκά-

305 3826 469 3877 τεραο
499 3811 560 3865 τὸ
600 3814 658 3866 δὲ
687 3815 793 3866 ὑπὸ
831 3819 926 3869 τοῦ
953 3819 1245 3874 θαλαττίου
1287 3821 1556 3886 κλύδωνος
1593 3827 1894 3895 συγχυθέν-

307 3920 403 3966 τες
447 3905 540 3956 τὸν
591 3906 720 3959 νοῦν
761 3910 1059 3976 φυγαδείας
1098 3912 1326 3981 ἥψαντο.
1362 3913 1519 3966 Οὕτω
1564 3918 1664 3985 μὲν
1704 3918 1797 3971 οὖν
1827 3922 1896 3976 τὰ

305 3996 421 4050 τῶν
454 3999 778 4068 Βαρϐάρων.
825 4002 886 4056 ὐ
911 4003 966 4055 δέ
997 4021 1078 4058 τοι
1118 4006 1430 4074 Ῥωμαϊκὸς
1455 4009 1641 4070 στόλος
1670 4012 1896 4083 νησιδίῳ

255 4160 283 4179 ⁸
308 4088 418 4140 τινὶ
433 4091 810 4159 προσώκειλεν
835 4093 1035 4146 οὑτωσί
1057 4114 1157 4148 που
1174 4096 1497 4168 καλουμένῳ
1517 4099 1734 4170 Σεύτλῳ
1757 4103 1892 4171 (75).

306 4179 674 4253 Αῦγαζούσης
723 4183 779 4235 δὲ
823 4187 924 4254 τῆς
974 4188 1184 4257 ἡμέρας
1227 4190 1442 4242 ἐκεῖθεν
1477 4191 1796 4261 ἀπάραντες
1828 4197 1892 4266 τῇ

319 4269 490 4339 Ῥόδῳ
520 4272 934 4342 προσώρμησαν
970 4278 1010 4330 ⁸.
1051 4278 1169 4332 Τῶν
1202 4279 1404 4332 πλοίων
1454 4277 1549 4335 οῦν
1582 4283 1896 4348 ἀποϐάντες

308 4363 402 4411 καὶ
428 4361 794 4428 ἐξαγαγόντες
821 4365 979 4428 ὅσους
1013 4365 1258 4434 ἔφθασαν
1283 4373 1581 4438 κατασχεῖν
1613 4373 1704 4423 καὶ
1732 4373 1896 4426 αὐτὸν

2005 551 2242 607 alacrius
2271 567 2463 608 novum
2495 553 2595 607 hoc
2627 553 2828 607 bellum
2855 556 3170 620 capesseret
3191 593 3207 615 ,
3255 554 3488 622 amplam
3525 557 3578 608 in

2005 642 2195 709 primis
2251 642 2662 711 appellationem
2694 642 2910 703 indidit,
2941 641 3315 696 Illustrissimi
3350 642 3576 709 Capitis.

2004 731 2228 786 Caetera;
2272 733 2432 787 classi
2481 733 2750 786 universa:
2802 732 2960 786 titulo
3001 743 3055 786 et
3117 742 3380 800 potestate
3425 734 3580 786 ducis

2004 823 2184 890 magni
2219 821 2580 889 Lantulphunt
2620 822 2861 890 [traiecit
2910 821 3108 890 quippe
3153 823 3330 876 virum
3377 824 3583 876 navalis

2005 928 2196 981 pugna:
2223 913 2627 981 peritissimum.
2677 913 2970 967 Solverunt
3016 913 3070 967 hi
3114 913 3581 980 Constantitmpoli

2005 1019 2191 1058 mense
2229 1005 2398 1074 Aprili
2426 1021 2548 1059 cum
2568 1005 2742 1060 classe
2769 1005 3008 1059 Romana
3027 1005 3314 1068 universa;
3337 1015 3390 1058 et
3420 1003 3583 1057 Samo

2003 1095 2249 1161 proximo
2303 1109 2468 1148 cursu
2517 1094 2691 1148 obiter
2738 1095 3024 1162 perstricta
3074 1094 3299 1146 navibus
3352 1092 3582 1146 adverso

2002 1183 2172 1238 littori
2210 1184 2498 1254 applicitis.
2533 1185 2587 1238 in
2615 1185 2982 1239 continentem
3016 1187 3412 1238 exscendernnt
3439 1225 3453 1246 ,
3481 1200 3577 1236 na-

2003 1275 2143 1343 vigia
2173 1284 2414 1330 recenter
2448 1275 2709 1330 aediﬁcata
2734 1315 2750 1340 ,
2783 1275 3048 1344 asphaltis
3098 1274 3206 1330 illic
3257 1277 3583 1329 abundantis

2003 1369 2317 1424 intinctione
2342 1369 2507 1422 multa
2539 1369 2827 1423 firmaturi.
2855 1369 3132 1423 Certiores
3163 1369 3233 1420 illi
3267 1369 3402 1421 ﬁunt
3447 1383 3584 1436 prae-

2004 1461 2218 1516 teriisse
2256 1461 2506 1515 Pisanam
2539 1461 2789 1516 classem.
2826 1461 3004 1526 Quare
3027 1461 3300 1514 solventes
3335 1460 3584 1529 ipsilpost

2003 1567 2098 1607 eos
2121 1562 2372 1616 currunt,
2404 1566 2595 1606 versus
2622 1551 2790 1606 Coam
2823 1552 3073 1605 insulam.
3105 1551 3472 1605 Perveneram
3507 1565 3573 1605 eo

2003 1642 2373 1697 Pisanimane
2405 1642 2511 1696 diei
2546 1644 2682 1707 ejus.
2709 1641 2870 1711 0"th
2909 1645 3008 1696 sub
3039 1658 3322 1710 vesperam
3350 1642 3580 1696 Romani

2003 1734 2206 1786 eodem.
2230 1733 2510 1801 appulere.
2537 1731 2678 1801 Ergo
2713 1733 2758 1786 si
2787 1733 3188 1801 opportunitate
3239 1733 3442 1786 exclusi
3501 1733 3580 1787 rei

1929 1811 1970 1865 Β
2001 1825 2271 1892 gerendae,
2304 1825 2500 1894 quippe
2532 1823 2768 1889 Pisanis,
2802 1826 2891 1893 qui
2919 1824 3076 1894 longo
3106 1823 3391 1878 intervallo
3440 1838 3580 1892 prte-

2005 1927 2384 1984 cncurnerant,
2417 1933 2521 1970 non
2555 1917 2812 1982 inventis,
2843 1917 3070 1971 Cnidum
3098 1916 3322 1979 abeunt,
3348 1917 3580 1970 insulam

1997 2023 2163 2078 prope
2196 2009 2560 2062 continentem
2588 2007 2824 2063 Orientis
2853 2009 3038 2064 sitam.
3096 2009 3170 2063 Ibi
3215 2009 3585 2078 deprehensu-

2002 2115 2092 2154 ros
2123 2115 2181 2153 se
2227 2101 2326 2154 rati
2357 2099 2583 2155 Pisanos
2609 2138 2624 2166 ,
2657 2115 2752 2170 spe
2797 2101 3012 2164 quidem
3059 2101 3359 2154 exciderint
3392 2101 3584 2169 praeda:

2004 2191 2190 2253 totius,
2225 2200 2547 2258 repererunt
2579 2198 2758 2245 tamen
2784 2191 3010 2245 relictos
3033 2191 3348 2246 Bisanor-um
3375 2193 3584 2260 aliquos

2002 2293 2030 2330 a
2065 2277 2262 2346 quibus
2317 2277 2664 2347 interrogatis
2710 2294 2818 2347 quo
2863 2278 3050 2332 ivisset
3105 2278 3301 2331 Pisans
3351 2279 3579 2343 classis,

1998 2367 2164 2437 333
2196 2366 2442 2420 Rhodum
2473 2381 2662 2422 versus
2713 2368 2995 2435 navigasse
3037 2367 3182 2420 illam
3235 2367 3578 2420 audiverunt.

1995 2457 2158 2514 Nulla
2179 2474 2334 2513 mora
2354 2458 2664 2527 insequendi
2697 2457 2863 2522 facta,
2893 2457 3096 2512 instant
3147 2459 3340 2512 solutis
3387 2457 3583 2510 admis-

1996 2552 2183 2619 sisqne
2239 2559 2358 2618 post
2384 2549 2614 2606 Pisanos
2671 2552 2923 2614 navibus,
2971 2552 3230 2619 brevique
3287 2565 3382 2604 eos
3440 2565 3584 2604 asse-

1995 2649 2236 2709 quuntur
2262 2641 2407 2695 inter.
2431 2642 2654 2694 Pattara
2680 2651 2735 2694 et
2765 2638 3032 2694 Rhodum.
3070 2640 3172 2694 Eos
3199 2639 3375 2692 Bisani
3451 2653 3584 2694 con-

1995 2733 2206 2800 spicati,
2241 2732 2416 2790 classe
2437 2733 2544 2787 cito
2569 2733 2827 2800 disposita
2863 2741 2984 2800 apte
3015 2731 3080 2809 ad
3102 2735 3291 2786 navale
3313 2729 3579 2801 praelium,

1994 2833 2050 2879 et
2077 2825 2182 2878 tela
2221 2832 2276 2879 et
2308 2825 2520 2879 animos
2557 2825 2884 2894 adpugnam
2935 2823 3223 2877 acuebant.
3253 2823 3584 2878 Admovetur

1995 2918 2213 2972 interim
2261 2918 2480 2987 propius
2531 2916 2778 2972 Romana
2828 2916 3023 2970 classis
3049 2922 3102 2968 et
3155 2916 3370 2983 quidam
3399 2928 3582 2969 comes

1993 3007 2440 3078 Peloponnesius,
2468 3008 2856 3079 Pericbytanes
2886 3014 3132 3069 vocatus,
3170 3005 3572 3060 scientissimus

1996 3101 2136 3156 artis
2164 3102 2473 3169 navigandi,
2503 3110 2617 3154 toto
2657 3100 2882 3168 remigio
2911 3114 3023 3152 stne
3066 3095 3302 3149 moneris
3332 3095 3574 3158 incitato,

1999 3193 2344 3248 velocissimo
2396 3193 2600 3261 impetu
2651 3191 2876 3245 Pisanos
2935 3189 3066 3259 petit
3108 3205 3122 3240 :
3168 3203 3372 3256 perque
3434 3177 3583 3254 ipsos

1998 3285 2204 3339 medios
2237 3285 2484 3338 ﬂammea
2545 3282 2832 3345 rapiditate
2877 3279 3197 3349 perrolans,
3232 3280 3298 3330 ad
3347 3279 3578 3332 classem

2001 3391 2216 3430 rursum
2244 3390 2302 3430 se
2331 3373 2628 3427 Romanam
2666 3371 2867 3426 retulit.
2891 3372 3155 3426 Caeterum
3191 3379 3391 3423 nostra!
3412 3383 3579 3424 naves

1997 3467 2140 3522 haud
2158 3467 2294 3521 satis
2319 3465 2566 3520 ordinate
2595 3463 2832 3531 satisque
2856 3461 3063 3530 iuncto,
3098 3463 3188 3515 sed
3223 3461 3576 3514 tumultuario

1997 3557 2236 3628 quodam
2265 3559 2489 3625 impetu,
2533 3571 2765 3626 pugnam
2799 3571 2919 3610 cum
2953 3553 3164 3608 Pisanis
3194 3552 3572 3620 capessebant.

1996 3648 2137 3716 Quin
2171 3646 2503 3715 Lantulpltus
2539 3647 2672 3714 ipse,
2725 3645 2815 3699 ulli
2841 3659 2899 3697 se
2939 3643 3176 3696 admovit
3217 3643 3424 3710 primtts
3479 3656 3578 3694 na-

1995 3739 2154 3809 vigiis
2208 3738 2535 3799 hostilibus,
2598 3736 2775 3804 ignem
2834 3733 3212 3801 intempestive
3256 3731 3529 3799 jaculatus
3560 3769 3576 3792 ,

1999 3831 2119 3884 ideo
2175 3839 2378 3883 temere
2429 3840 2484 3881 et
2536 3827 2654 3880 sine
2708 3825 2944 3881 hostium
2991 3825 3191 3877 damno
3226 3823 3576 3890 dispersum,

1998 3920 2238 3973 fructum
2273 3918 2476 3974 inventi
2528 3917 2650 3971 novi
2687 3915 3134 3971 nullum-habuit.
3196 3914 3428 3968 Felicior
3477 3913 3581 3966 fuit

1997 4028 2182 4066 comes
2209 4051 2224 4075 ,
2255 4012 2508 4065 Eleemon
2544 4009 2741 4063 dictus.
2776 4007 2827 4062 Is
2879 4022 3126 4075 magnam
3174 4006 3431 4059 audacter
3487 4018 3580 4073 ag-

1997 4115 2220 4169 gressus
2273 4099 2520 4154 Pisanam
2573 4111 2802 4159 navem,
2854 4111 2976 4150 cum
3032 4095 3314 4150 incidisset
3368 4094 3420 4146 in
3460 4094 3579 4160 eius

2001 4189 2449 4260 gubernaculum,
2487 4189 2670 4255 itaque
2701 4201 2761 4242 se
2788 4185 3162 4254 implicuisset,
3200 4193 3258 4238 ut
3282 4192 3427 4238 retro
3455 4182 3578 4236 inde

1997 4285 2192 4337 cedere
2220 4282 2486 4350 nequiret,
2517 4288 2709 4348 captus
2746 4284 2902 4333 esset.
2944 4278 3129 4345 utique
3153 4315 3170 4342 ,
3204 4275 3305 4330 nisi
3337 4288 3579 4344 praesen-

2000 4383 2102 4428 tem
2134 4373 2189 4426 in
2224 4373 2315 4426 tali
2341 4372 2580 4440 periculo
2616 4371 2852 4424 animum
2885 4369 2950 4422 ad
2987 4378 3234 4436 paratam
3285 4366 3581 4437 appulisset

303 4449 370 4520 δὴ
393 4452 486 4503 τὸν
512 4452 604 4504 τοῦ
631 4454 974 4521 Βαῖμούντου
1008 4457 1326 4525 ἀδελφιδοῦν
1351 4460 1484 4531 (76),
1507 4463 1892 4532 ἐξεδειμάτουν

1999 4465 2306 4519 machinam
2359 4465 2671 4517 evomcm‘lae
2708 4462 2936 4516 ﬂammae
2981 4476 3080 4530 per
3129 4458 3310 4514 fauces
3359 4473 3579 4518 aeneas.

305 4546 508 4609 αὐτοὺς
544 4547 620 4608 ὡς
668 4546 961 4616 μέλλοντες
1004 4553 1168 4620 τιμῆς
1209 4551 1421 4614 πάντας
1457 4554 1822 4624 ἀπεμπολεῖν,
1856 4559 1889 4628 ἢ

1999 4560 2077 4613 uti
2145 4559 2400 4612 diximus.
2453 4555 2594 4626 Ergo
2647 4556 2696 4608 id
2743 4569 2904 4623 agere
2965 4556 3194 4607 adursus
3221 4567 3341 4605 cum
3385 4565 3574 4615 magna

307 4639 742 4705 κατασφάττειν.
791 4639 878 4694 Ὠς
928 4640 984 4692 δὲ
1031 4641 1494 4710 ἀκαταπλήκτους
1545 4648 1683 4715 πρὸς
1736 4649 1896 4701 τοῦτο

1998 4650 2235 4721 pernicie
2268 4648 2424 4704 navis
2451 4647 2664 4703 hostilis
2694 4647 2777 4700 cui
2834 4648 3138 4702 adltteserat.
3160 4684 3176 4709 ,
3213 4655 3326 4698 tres.
3355 4655 3574 4712 quoque

305 4727 494 4797 ἑώρων
528 4731 734 4792 αὐτοὺς
773 4731 869 4783 καλ.
901 4731 997 4800 τὴν
1037 4733 1428 4804 ἀπεμπόλησιν
1455 4739 1513 4790 ὲν
1543 4740 1724 4792 οὐδενὶ
1753 4743 1896 4795 τιθε-

1998 4745 2118 4797 inde
2139 4743 2275 4798 alias
2301 4741 2565 4797 maximas
2595 4755 2716 4796 sese
2745 4748 2964 4793 strenue
2995 4739 3369 4806 circumagens
3389 4734 3576 4787 eadem

309 4823 531 4890 μένους,
565 4825 735 4884 εὐθὺς
773 4824 958 4892 ξίφους
988 4826 1368 4895 παρανάλωμα
1398 4833 1792 4901 πεποιήκασιν.
1832 4835 1895 4887 Ui

1998 4843 2144 4903 peste
2183 4835 2416 4889 incendii
2454 4832 2702 4903 sparsilis
2743 4832 2945 4885 atilavit
2977 4840 3030 4884 et
3068 4826 3392 4893 absumpsit.
3429 4824 3577 4875 Inter

305 4914 361 4967 δέ
384 4933 445 4981 γε
481 4915 929 4986 περιλειφθέντες
973 4916 1066 4968 τοῦ
1105 4917 1404 4971 Πισσαϊκοῦ
1438 4921 1626 4976 στόλου
1667 4927 1803 4996 πρὸς
1835 4930 1895 4981 τὸ

1998 4928 2108 4982 hzec
2144 4935 2367 4997 repente
2392 4936 2603 4980 mutato
2643 4934 2802 4979 vento
2826 4965 2839 4989 ,
2875 4922 3082 4976 turbari
3138 4933 3288 4972 mare
3311 4955 3326 4978 ,
3372 4913 3580 4978 mugire

307 5006 403 5070 τὰς
428 5006 870 5078 παρατυχούσας,
889 5009 1086 5079 νήσους
1113 5010 1208 5064 καὶ
1233 5010 1331 5082 τὴν
1355 5010 1582 5082 Κύπρον
1607 5015 1893 5085 ληΐξεσθαι

2004 5020 2235 5086 ﬂuctus,
2271 5020 2484 5074 concuti
2511 5021 2728 5088 {mutuo
2777 5015 2966 5069 collisu
3012 5027 3174 5065 navcs
3226 5018 3281 5062 et
3327 5002 3576 5068 conteri,

1402 5127 1603 5189 νοτία)
1622 5128 1938 5192 lectiones
1969 5148 2046 5192 ex
2068 5131 2214 5194 cod.
2247 5129 2504 5192 Coislin.

375 5227 397 5260 ⁸
423 5224 763 5298 Περιχῦταν.
837 5227 858 5258 ⁸
888 5225 1118 5293 τούτοις.
1195 5231 1216 5262 ³
1241 5231 1512 5302 ὲρῤόχθει.
1592 5234 1612 5263 ⁸
1649 5231 2068 5304 προσώρμισαν.

1395 5364 1538 5426 Car.
1565 5364 1892 5426 Dufresnii
1930 5365 2024 5424 Du
2065 5362 2290 5438 Cangii
2322 5369 2510 5424 notae.

378 5468 490 5538 (7.1)
519 5467 738 5536 Κύμης
785 5482 874 5538 τις
911 5465 1424 5538 Πελοποννήσιος.
1466 5468 1580 5521 Νοιι
1617 5483 1802 5520 omnes
1839 5469 1892 5521 in

1998 5469 2146 5522 dum.
2185 5465 2358 5516 Plinio
2388 5463 2680 5538 ,ςςῖηιίυιςιμΔ
2703 5461 2979 5538 Stcpltano
3013 5458 3392 5538 ’ίξαῦτλςτυσρι
3540 5525 3572 5538 Π

304 5525 727 5604 Ρείονὸιιιιιῖεό,’
763 5525 862 5605 sed
911 5537 1192 5605 dignitate,
1249 5525 1355 5589 seu
1380 5525 1592 5592 'ollicio
1630 5539 1681 5590 in
1717 5539 1894 5591 classe

2067 5535 2178 5603 (76)
2212 5532 2588 5605 Bul‘uotﬁrtov
2608 5525 2998 5605 dﬁelgptﬁoﬁr.
3023 5527 3256 5605 Quisillc
3279 5525 3572 5605 liuemundi

301 5599 512 5674 comes,
555 5608 776 5674 origine
831 5603 1275 5672 PcIOpmtnesins.
1337 5606 1466 5660 Vide
1525 5625 1712 5677 supra,
1768 5624 1892 5675 pag.
1999 5599 2186 5674 nepos,
2221 5606 2302 5656 vel
2346 5603 2540 5677 aliinis,
2583 5617 2744 5677 quem
2783 5615 2906 5677 cuin
2939 5599 3149 5677 Pisanis
3183 5599 3576 5677 navigassem-it

296 5660 451 5737 29L?
498 5660 511 5674 ’
568 5660 576 5661 7
649 5660 680 5674 υ
964 5660 975 5672 ’
1698 5660 1712 5671 ’
1768 5660 1780 5675 ’
1841 5660 1867 5674 ν
1997 5660 2184 5734 Αιιίιιιξ
2231 5689 2298 5727 ex
2348 5660 2546 5728 nostris
2589 5660 2948 5740 scriptoribus
2991 5669 3132 5722 haud
3205 5660 3395 5734 liquet.
3435 5660 3574 5716 Vide

375 5751 488 5822 (75)
523 5746 801 5807 Σεύτλῳ.
835 5743 1060 5811 Samios,
1090 5745 1253 5800 lonia:
1319 5747 1493 5802 insula
1554 5749 1694 5802 circa
1747 5749 1894 5802 Rbu-

1998 5763 2114 5815 pug.
2140 5743 2264 5798 394.
