4040 6280
530 333 636 398 859
1846 337 2074 398 ANN/E
2117 337 2494 398 COMNENAt
3627 346 3708 411 an

531 451 656 496 rent
701 443 769 496 ad
809 441 1168 498 Baimuudum
1221 443 1439 500 :simul
1498 445 1664 502 etiam
1719 445 2096 518 invigilaturas

2205 445 2454 499 ταλιπὼν
2500 447 2648 501 κατά
2691 448 2792 510 τὰς
2831 447 2930 502 τοῦ
2991 449 3382 520 αὐτοκράτορος
3437 452 3706 521 εἰσηγήσεις

533 535 796 590 custodiae
829 535 1010 604 Cypri.
1049 535 1174 590 Haec
1205 539 1386 591 omnia
1417 539 1577 606 plane
1607 540 1683 594 uti
1713 539 1900 609 jussus
1925 539 2103 594 fuerat

534 639 798 682 executus
859 629 1177 685 Eustathius
1221 632 1747 703 Constantinopolim
1791 652 1850 690 sc
1897 637 2102 701 retulit,

533 720 766 785 amplam
822 721 893 774 ibi
925 724 993 776 ob
1025 739 1146 778 eam
1183 740 1294 777 rem
1335 725 1566 780 feliciter
1607 728 1950 794 ﬁdeliterque
1978 745 2107 782 con:

532 811 755 873 rectam,
793 813 862 866 ab
912 813 1246 882 imperatore
1295 817 1505 872 laudent
1549 829 1602 872 et
1657 820 1847 873 merita
1879 820 2104 888 praemia

530 913 884 958 οοιιεθοιιιιιε.

605 993 665 1046 Et
707 995 820 1046 haec
869 995 1088 1063 quidem
1131 995 1198 1049 de
1263 997 1484 1052 Curico.
1531 999 1758 1054 Evolutn
1801 1001 1930 1056 hinc
1962 1017 2116 1056 anno.

532 1084 738 1136 certior
803 1083 980 1138 factus
1013 1085 1317 1152 Imperator
1351 1089 1532 1152 parari
1574 1090 1918 1144 Genuensem
1963 1093 2106 1146 clas-

532 1190 644 1228 sem
696 1174 748 1228 in
805 1177 1063 1228 auxilium
1117 1175 1486 1242 Francorum,
1522 1181 1696 1234 sensit
1757 1183 1948 1236 statim
2001 1199 2116 1236 non.

531 1265 840 1318 mediocris.
875 1268 1100 1334 periculi
1133 1284 1246 1322 rem
1287 1285 1431 1334 esse,
1467 1288 1566 1325 nec
1607 1275 1674 1326 ab
1725 1273 2108 1328 Genuensibus

533 1357 742 1409 minora
802 1356 1052 1412 Boiiiano
1109 1359 1342 1428 imperio
1387 1362 1584 1416 damna
1622 1379 1838 1432 quama
1895 1366 2108 1421 Pisanis

533 1450 729 1499 merito
764 1450 1025 1503 timenda.
1055 1449 1198 1519 Ergo
1227 1461 1287 1505 ut
1324 1454 1392 1507 iis
1426 1465 1738 1510 occurreret
1767 1457 2106 1512 Eantacuze-

535 1553 661 1590 num
696 1553 817 1591 cum
867 1539 1078 1594 idoneis
1133 1544 1306 1609 coliiis
1357 1559 1453 1611 per
1499 1547 1880 1600 continentem.
1900 1549 2104 1614 mittit;

533 1629 668 1680 mari
703 1644 836 1682 vero
892 1631 1256 1698 Lautulpbum
1287 1650 1410 1688 cum
1463 1636 1638 1691 valide
1675 1647 1884 1692 armata
1931 1639 2110 1694 classe

532 1720 788 1772 festinam
839 1720 1002 1788 jussit
1037 1723 1102 1774 ad
1135 1725 1557 1792 praeoccupanda
1617 1727 1836 1781 insidiis
1867 1729 1982 1782 loca
2015 1732 2108 1784 de-

531 1811 824 1876 pressiora,
863 1812 1008 1864 unde
1057 1813 1110 1864 in
1165 1815 1518 1869 transiturum
1587 1817 1714 1872 illac
1761 1818 2100 1876 Genuensem

529 1903 784 1964 classem,
819 1903 1080 1956 victorem
1132 1920 1198 1958 ex
1231 1915 1358 1959 tuto
1390 1909 1650 1974 impetum
1684 1910 1862 1964 facere
1897 1923 2098 1980 posset.

528 1991 625 2045 I‘vit
652 2003 860 2046 tuamne
897 1993 1234 2061 Lantnlpbus
1281 2013 1387 2065 quo
1435 1999 1758 2062 imperatum
1800 2013 1916 2055 erat
1953 2021 2101 2060 ξρετε-

529 2095 706 2136 terum
743 2086 1005 2151 sapientis
1043 2088 1247 2154 incepti
1273 2105 1584 2146 successum
1621 2095 1702 2148 vis
1737 2094 1911 2161 major
1935 2097 2104 2150 inter—

527 2173 692 2237 cepit;
729 2172 966 2226 Procella
1005 2176 1186 2242 gravis
1209 2185 1263 2230 et
1309 2183 1757 2246 supra-quamvis
1797 2183 2100 2239 validarum

527 2262 742 2316 navium
783 2263 1092 2318 ﬁrmitatem
1149 2267 1444 2322 vehemens
1497 2270 1745 2324 incubuit
1780 2272 1832 2324 in
1869 2273 2100 2328 classem

525 2359 631 2404 tam
663 2369 801 2406 saeva
833 2362 1054 2423 tamque
1085 2357 1415 2413 ineluctabili
1461 2361 1508 2412 vi
1548 2371 1601 2414 ut
1638 2363 1907 2432 plerasque
1936 2381 2102 2422 naves

526 2443 908 2511 frangerentur
962 2448 1148 2514 utique
1181 2467 1194 2502 :
1231 2465 1366 2518 quas
1397 2453 1519 2506 ideo
1567 2455 1868 2510 subductas
1901 2457 1953 2510 in
1994 2467 2102 2512 ter-

525 2549 638 2586 ram
661 2535 822 2589 linire
853 2538 975 2606 pice
1005 2555 1070 2592 ac
1113 2551 1507 2606 crassamento,
1547 2555 1857 2613 caeteraque
1916 2563 2100 2612 resar-

525 2625 635 2678 cire
658 2638 790 2677 cura
823 2627 946 2694 ejus
973 2629 1188 2696 generis
1214 2645 1438 2687 necesse
1465 2635 1584 2687 fuit.
1619 2637 1734 2688 Hac
1765 2637 1881 2691 vice
1916 2653 2098 2692 rerum

525 2711 908 2767 Gantacuzeno
955 2719 1218 2772 indicium
1249 2717 1514 2789 defertur,
1545 2726 1774 2780 classem
1803 2730 2100 2784 adventare

525 2803 882 2860 Genuensem.
941 2805 1056 2862 Hoc
1107 2809 1198 2863 ille
1229 2823 1476 2881 accepto,
1519 2824 1714 2870 auctor
1741 2825 1825 2872 est
1873 2819 2099 2874 Lautul-

525 2897 650 2962 pho,
681 2905 740 2953 ut
773 2911 894 2952 cum
930 2900 1160 2955 navibus
1193 2905 1494 2960 octodecim
1525 2921 1660 2976 quas
1687 2909 1921 2963 habebat
1953 2913 2096 2966 solas

524 3001 572 3038 ιιι
611 2987 769 3052 mari,
822 2989 1038 3044 cmteris
1072 2993 1388 3052 refectionis
1443 3001 1772 3055 necessitate
1818 3005 2096 3061 subductis

2209 539 2648 607 ὲπαναζεύγνυσι
2673 542 2811 610 πρὸς
2836 542 2935 612 τὴν
2973 543 3357 612 μεγαλόπολιν,
3387 546 3472 597 καλ
3503 547 3711 614 μεγάλως

2209 632 2362 701 παρὰ
2397 633 2492 685 τοῦ
2532 635 2944 704 αὐτοκράτορος
2989 635 3296 698 ἐπαινεθεὶς
3337 636 3553 699 δαψιλῶς
3587 657 3718 707 πεφι-

2208 719 2522 792 λοτίμηται.
2579 723 2742 776 Ἀλλά
2769 725 2950 778 ταῦτα
2974 726 3073 796 μὲν
3097 727 3174 778 τά-
3214 728 3352 780 κατά
3387 728 3444 779 τδ
3475 728 3718 799 Κούρικον.

2277 983 2432 1036 Μετά
2455 984 2511 1037 δὲ
2547 987 2911 1057 παραδρομὴν
2946 988 3200 1042 ἐνιαυτοῦ
3233 991 3564 1058 ἀντιμαθὼνὸ
3599 993 3726 1061 βασι-

2209 1073 2338 1137 λεὺς
2369 1075 2452 1128 δτι
2493 1077 2588 1128 καὶ
2625 1077 2908 1142 Γενούσιος
2947 1080 2988 1112 ¹⁰
3035 1080 3223 1142 στόλος
3277 1082 3386 1150 (8i)
3421 1084 3493 1144 εἰς
3539 1099 3722 1151 συμμα-

2209 1165 2348 1235 χίαν
2373 1167 2782 1236 τῶν-Φράγγων
2812 1169 3051 1232 ἐξελθεῖν
3095 1172 3460 1238 ἑτοιμάζεται,
3501 1176 3726 1242 στοχασά-

2213 1275 2373 1327 μενος
2411 1261 2492 1312 ὅτι
2519 1260 2582 1311 οὐ
2629 1262 2834 1328 μικρᾶς
2877 1260 3207 1330 βλάϐηςνκαὶ
3237 1266 3503 1332 παραίτιοι
3547 1265 3730 1318 mittat”

2207 1352 2278 1419 τῇ
2319 1349 2428 1402 τῶν
2492 1352 2784 1420 Ῥωμαίων
2833 1353 2976 1422 ἀρχῇ
3030 1353 3269 1414 ἔσονται.
3305 1355 3391 1408 τὸν
3434 1358 3524 1424 μὲν
3555 1361 3727 1410 Καντα-

2209 1441 2472 1508 κουζηνδν
2516 1441 2608 1494 διὰ
2639 1441 2740 1510 τῆς
2787 1443 3024 1512 ἠπείρου
3083 1444 3221 1513 μετὰ
3259 1447 3572 1515 ἀποχρώσης
3607 1447 3724 1500 δυνά-

2214 1549 2380 1600 μεως,
2411 1533 2504 1584 τὸν
2555 1531 2612 1584 δὲ
2659 1533 3016 1602 Λαντοῦλφον
3061 1535 3284 1602 γοργῶς
3313 1536 3588 1600 ὲξοπλῑσσς
3623 1535 3730 1605 μετὰ

2215 1622 2404 1676 στόλου
2441 1621 2528 1674 διὰ
2557 1621 2830 1694 θαλάττης
2871 1624 3200 1685 ἀπέστειλεν
3231 1626 3728 1694 παρακελευσάμενος

2211 1711 2364 1781 αὐτῷ
2415 1711 2480 1764 τὸ
2523 1713 2692 1780 τάχος
2741 1714 3078 1768 καταλαόεῖν
3119 1719 3189 1768 τὰ
3241 1717 3544 1787 κατώτερα,
3589 1717 3658 1783 ἔφ’
3699 1711 3732 1782 ᾧ

2210 1801 2304 1852 τὸν
2344 1803 2485 1868 μετὰ
2532 1804 2644 1856 τῶν
2701 1805 3006 1858 Γενουσίων
3060 1808 3242 1860 ἐκεῖσε
3270 1809 3612 1878 διερχομὲνων
3632 1809 3729 1860 ἀνα-

2207 1893 2465 1955 δέξασθαι
2517 1897 2777 1964 πόλεμον.
2841 1897 3063 1952 Τούτων
3121 1899 3468 1954 ἀπελθόντων
3511 1899 3622 1952 ἔνθα
3663 1899 3733 1950 καὶ

2209 1983 2686 2053 προσετάχθησαν.
2717 1988 2927 2056 χειμὼν
2965 1988 3136 2058 βαρὺς
3187 1991 3475 2057 ἐπιγέγονε
3509 1990 3591 2042 καὶ
3633 1989 3734 2054 apti-

2211 2093 2399 2144 ρητος,
2439 2076 2532 2144 ὑφ’
2587 2071 2649 2130 οὗ
2703 2079 2808 2130 καὶ·
2857 2078 3058 2142 πολλὰς
3106 2080 3217 2134 τῶν
3267 2082 3405 2134 νεῶν
3439 2080 3618 2147 συνέθη
3649 2079 3735 2132 δια-

2209 2165 2568 2236 θραυσθῆναι,
2629 2167 2810 2240 ἇσπερ
2847 2171 3010 2224 πάλιν
3039 2172 3175 2241 πρὸς
3223 2173 3326 2238 τὴν
3357 2172 3542 2242 χέρσον
3569 2167 3736 2234 ἐξελκύ-

2210 2275 2423 2323 σαντες,
2437 2261 2717 2328 ἐπιμελῶς
2733 2263 2834 2330 τὴν
2848 2263 3056 2332 διὰ.τῆς
3079 2264 3260 2332 ὑγρᾶς
3282 2265 3481 2332 πίσσης
3497 2263 3738 2332 ὲπίχρησιι

2207 2349 2438 2412 ταύταις
2478 2353 2772 2421 ἐπέφερον.
2817 2353 3140 2420 Τηνικαῦτα
3181 2355 3244 2407 δὲ
3277 2356 3376 2408 καὶ
3409 2357 3436 2406 ὁ
3469 2355 3736 2406 Καντακου-

2208 2441 2370 2510 ςηνὺς
2403 2441 2497 2495 τὸν
2531 2442 2640 2496 τῶν
2665 2444 2972 2496 Γενουσέων
3011 2443 3201 2498 στόλον
3243 2444 3376 2514 περὶ
3405 2443 3472 2498 τὰ
3504 2441 3738 2508 κατώτερα

2205 2531 2530 2586 διαπλέοντα
2564 2534 2734 2601 ὲγγὺς
2773 2551 2876 2588 που
2911 2529 3056 2588 εἶναι
3099 2533 3444 2604 μεμαθηκὼς
3478 2531 3740 2592 ὑποτίθεται

2203 2623 2284 2689 τῷ
2335 2624 2672 2693 Λαθθτούλφῳ
2748 2625 3132 2678 ὀκτωκαίδεκα
3205 2626 3342 2689 ναῦς
3423 2619 3741 2678 ἀναλαϐέσθαι

2207 2713 2500 2780 (τοσαύτας
2531 2716 2642 2784 γὰρ
2672 2717 2840 2785 μόνας
2874 2716 3074 2786 σύνεδη
3101 2717 3182 2786 τῷ
3207 2720 3334 2770 τότε
3363 2715 3642 2770 ἀποπλέειν
3664 2711 3742 2762 τῶι

2209 2804 2390 2858 ἄλλων
2421 2806 2855 2872 ἐξελκυσθεισῶν
2873 2813 2972 2880 τῆς
3002 2809 3334 2876 θαλάσσης),
3366 2810 3462 2862 καὶ
3486 2805 3742 2862 ἀπελθόντα

2205 2896 2358 2950 κατά
2382 2899 2444 2950 τὸ
2471 2899 2828 2970 ἀκρωτήριον.
2853 2901 2946 2953 τοῦ
2975 2901 3200 2954 Μαλέου
3237 2901 3588 2972 προσοκεῖλαι
3611 2895 3746 2955 αὐτὰς

2203 2989 2346 3040 κατὰ
2377 2990 2478 3051 τὰς
2509 2990 2606 3043 τοῦ
2642 2991 3053 3061 αὐτοκράτορος
3095 2993 3415 3062 ὑποθήκας,
3451 2992 3544 3044 καὶ
3579 2989 3746 3054 διερχο-

524 3076 576 3129 iu
607 3089 828 3144 terram,
859 3081 1178 3139 subsideret
1199 3085 1350 3152 Juxta
1397 3091 1712 3145 mandatum
1753 3093 2096 3162 imperatoris

2207 3079 2384 3146 μένων
2419 3080 2934 3136 τῶνἙενουσίωνεί
2969 3082 3065 3150 μὲν
3104 3082 3200 3136 τὸν
3251 3082 3376 3152 μετ’
3417 3081 3591 3136 αὐτῶν
3639 3078 3747 3179 ἀπο-

523 3165 660 3220 circa
721 3167 1162 3227 Promontorium
1199 3175 1378 3244 Malei,
1413 3178 1832 3250 immineretque
1876 3184 1998 3240 imle
2039 3187 2094 3244 in

522 3259 856 3314 occasionem
893 3265 1372 3332 aggrediendarum
1407 3285 1470 3324 ex
1503 3280 1638 3336 tuto,
1661 3275 1704 3326 si
1735 3290 1822 3328 res
1849 3286 1902 3328 et
1931 3292 2096 3331 occa-

522 3351 602 3404 sio
643 3351 832 3416 ferret,
891 3369 1016 3408 mox
1068 3359 1489 3415 transiturarum
1555 3363 1922 3422 Genuensium
1996 3386 2095 3422 ua-

522 3442 685 3495 vium.
717 3442 813 3497 Sin
837 3447 884 3497 ei
917 3447 966 3498 iu
1005 3450 1258 3514 praesenti
1290 3462 1590 3520 conspectu
1627 3456 1820 3512 classis
1887 3459 2096 3516 hostilis

523 3531 662 3586 aliud
694 3534 948 3588 suaderet
989 3551 1084 3594 sua
1114 3541 1370 3606 paucitas.
1389 3550 1444 3596 et
1471 3543 1809 3602 conscientia
1861 3548 2096 3604 inﬁrmi-

521 3623 664 3688 tatis,
698 3633 846 3679 certe
871 3637 1150 3694 receptum
1183 3630 1476 3685 salutarem
1523 3635 1638 3690 suis
1683 3639 1895 3706 exiguis
1925 3643 2096 3708 copiis

521 3722 636 3768 luto
667 3715 974 3782 perficeret,
1005 3719 1178 3774 classe
1232 3729 1346 3776 tota
1403 3725 1672 3782 Coronem
1734 3730 2088 3798 deportanda,

520 3819 622 3872 quo
667 3815 871 3874 certus,
897 3818 952 3862 et
975 3809 1117 3864 nulla
1151 3811 1200 3864 vi
1237 3812 1422 3870 hostili
1458 3817 1737 3885 prohiberi
1773 3818 1969 3884 facilis,
2001 3824 2090 3880 tali

520 3901 758 3950 locorum
788 3899 894 3952 situ
956 3915 1151 3957 cursus
1181 3913 1322 3960 erat.
1351 3906 1640 3976 Arquievit
1688 3914 1918 3968 consilio
1948 3915 2094 3969 Lan-

519 3985 767 4053 tulphus;
799 3989 892 4042 sed
923 4005 1046 4045 cum
1083 3993 1318 4048 admotis
1357 3997 1762 4064 Genuensibus,
1797 4005 1979 4072 plures
2001 4023 2092 4061 eos

519 4073 675 4144 longe
727 4077 1128 4148 validioresque
1177 4097 1452 4154 cerneret,
1505 4106 1668 4158 quam
1710 4102 1770 4148 ut
1805 4111 2094 4162 capessere

518 4178 640 4218 cum
677 4179 774 4232 spe
806 4167 981 4235 aliqua
1015 4170 1188 4240 339
1211 4187 1441 4240 pugnam
1475 4187 1664 4232 contra
1713 4180 1856 4246 ipsos
1889 4193 2092 4250 posset,

518 4253 782 4308 (Iorouem
808 4269 866 4311 ut
898 4261 1258 4316 constitutum
1297 4275 1437 4328 erat,
1469 4281 1530 4322 se
1573 4269 1784 4337 recipit.
1821 4271 2092 4326 (iantacu-

519 4359 679 4402 «unus
700 4361 851 4411 cura,
889 4361 1146 4415 quautam
1184 4357 1476 4412 maximam
1529 4361 1716 4416 debuit
1767 4363 1820 4415 in
1859 4364 2088 4420 classem

2199 3169 2428 3240 θαρροίη
2471 3172 2512 3202 η
2545 3173 2806 3242 πόλεμον.
2851 3173 3012 3234 εὐθὺς
3042 3173 3140 3242 τὴν
3192 3174 3318 3241 μετ’
3359 3173 3536 3226 αὐτῶν
3587 3165 3747 3222 ἀναδέ-

2197 3261 2392 3326 ξασθαι
2439 3263 2642 3332 μάχην·
2691 3267 2738 3317 εξ
2771 3265 2817 3317 δ’
2859 3266 2926 3317 οὐ
2965 3265 3066 3333 τὴν
3117 3265 3411 3334 σωτηρίαν
3472 3260 3636 3329 ἑαυτῷ
3681 3255 3752 3312 καὶ

2194 3355 2314 3414 ταῖς
2367 3354 2458 3406 ὑπ’
2523 3355 2686 3408 αὐτὸν
2741 3356 2903 3423 νηυσὶ
2957 3357 3054 3409 σὺν
3089 3358 3286 3418 αὐτοῖς
3337 3357 3644 3424 πλωτῆρσιν
3693 3348 3750 3400 εἰς

2196 3443 2465 3514 Κορώνην
2539 3447 2984 3514 προσοκείλαντι,
3049 3446 3552 3518 περιποιήσασθαι.
3621 3443 3674 3494 Ὀ
3715 3437 3753 3490 δῖ

2195 3531 2447 3584 ἀπελθὼν
2501 3534 2596 3584 καὶ
2647 3531 2740 3586 τὸν
2794 3533 2963 3588 πολὺν
3015 3534 3208 3588 στόλον
3253 3537 3372 3589 τῶν
3425 3525 3752 3586 Γενουσὲων¹³

2197 3621 2541 3692 θεασάμενος
2595 3624 2692 3676 καὶ
2762 3625 3156 3694 ἀπαγορεύσας
3245 3628 3351 3696 τὴν
3429 3624 3545 3696 μετ’
3611 3617 3754 3676 αὺτῶι

2201 3715 2400 3782 μάχην,
2464 3715 2661 3767 θᾶττον
2743 3713 2844 3786 τὴν
2903 3715 3166 3786 Κορώνην
3227 3717 3554 3770 κατέλαϐεν.
3618 3713 3668 3764 ’0
3713 3708 3754 3762 δὲ

2197 3803 2650 3872 Καντακουξηνὸς
2693 3805 2786 3858 τὸν
2859 3803 2980 3864 ὅλον
3065 3806 3389 3875 Ῥωμαϊκὸν
3467 3802 3642 3857 στόλον
3700 3797 3756 3858 ὡς

2195 3893 2302 3946 ἔδει
2373 3894 2874 3964 περιποιησὲμενος
2904 3933 2919 3957 ,
2973 3894 3068 3946 καὶ
3123 3897 3262 3958 τοὺς
3327 3892 3586 3952 συνόντας
3635 3884 3756 3954 αὐτῷ

2195 3987 2374 4036 ἐκεῖσε
2407 3984 2750 4051 συναγαγὼν,
2784 3986 2859 4047 ὡς
2889 3981 3000 4054 εἶχε
3031 3986 3247 4056 τάχους
3276 3986 3516 4040 κατόπιν
3547 3979 3648 4034 τῶν
3677 3978 3758 4029 Γε-

2193 4075 2423 4128 νουσέων
2453 4076 2668 4129 ἐδίωκε.
2701 4077 2796 4144 Μὴ
2825 4075 3080 4144 ὲφθακὼς
3111 4078 3168 4131 δὲ
3202 4078 3310 4148 τὴν
3344 4076 3662 4131 Λαοδίκειαν
3683 4084 3758 4120 κα-

2193 4169 2422 4240 τέλαϐε,
2459 4169 2707 4228 σπεύδων
2763 4169 2900 4238 πρὸς
2942 4171 3068 4234 τοὺς
3120 4173 3270 4240 μετὰ
3321 4169 3424 4224 τοῦ
3458 4163 3756 4236 Βιῖμούντου

2195 4259 2498 4330 πολεμῆσαι
2528 4261 2622 4330 ὅλῃ
2673 4261 2867 4331 γνώμῃ
2919 4262 3016 4314 καὶ
3069 4263 3219 4333 χειρὶ
3255 4260 3620 4316 ἀποδύεσθαι.
3671 4250 3758 4306 Καὶ

2197 4352 2378 4420 μέντοι
2419 4352 2510 4403 τοῦ
2556 4351 2719 4422 ἔργου
2768 4352 3069 4422 ἁψάμενος,
3121 4354 3220 4406 τὸν
3254 4353 3468 4424 λιμένα
3523 4340 3756 4404 κατέλαϐε

518 4432 816 4490 Romanam
846 4439 1066 4505 collata,
1099 4451 1158 4494 ut
1192 4443 1410 4512 impune
1441 4449 1492 4502 in
1545 4459 1750 4504 terram
1809 4456 2086 4521 expositos

2200 4443 2402 4500 Haloti:
2433 4443 2615 4512 πάσης
2644 4444 2837 4506 νυκτὸς
2871 4445 2967 4497 καὶ¹
3019 4443 3244 4513 ἡμέρας
3278 4447 3389 4513 τῆς
3433 4435 3758 4510 τειχομαχίας

517 4521 826 4580 Genuenses
850 4528 1062 4594 didicit,
1090 4533 1231 4600 quod
1269 4551 1434 4590 unum
1465 4553 1774 4608 supererat,
1808 4545 2085 4612 expedivit

516 4628 578 4672 se.
605 4627 669 4670 ac
693 4629 822 4670 suos
863 4619 926 4672 ad
962 4633 1054 4675 eos
1112 4622 1489 4694 insequendos.
1524 4631 1668 4698 Quos
1728 4635 1814 4687 ubi
1869 4639 2083 4706 assequi

515 4719 618 4758 non
683 4705 884 4772 potuit,
935 4707 1258 4768 Laodiceam
1299 4715 1539 4782 deﬂexit,
1595 4731 1710 4775 toto
1741 4723 1853 4778 illic
1889 4705 2085 4784 conatu

514 4794 710 4848 bellum
749 4812 873 4852 cum
900 4799 1202 4860 Baimundo
1241 4817 1518 4876 gesturus.
1547 4813 1624 4867 Ac
1661 4816 1836 4883 primo
1862 4819 2082 4884 quidem

514 4893 714 4952 mpetu
748 4901 962 4956 portum
991 4899 1313 4964 occupavit;
1358 4899 1552 4956 deinde
1580 4917 1762 4957 arcem
1797 4921 2084 4976 aggressus

511 4977 826 5034 cominuata
892 4997 994 5050 per.
1052 4996 1267 5044 noctem
1322 4997 1382 5045 et
1435 4992 1575 5046 diem
1633 4998 2082 5066 oppugnatione,

511 5067 850 5126 l'rustraJ'uit
897 5084 1102 5141 tamen,
1153 5090 1214 5134 et.
1255 5083 1556 5152 saepissime
1603 5087 1810 5142 assultu
1851 5097 2081 5153 tentato,

511 5159 759 5225 repulsus
789 5173 872 5218 est
921 5169 1098 5224 toties.
1155 5171 1426 5240 Expertus
1462 5177 1590 5242 quin
1641 5179 1803 5230 etiam
1851 5189 2078 5247 pacatas

510 5257 674 5314 artes,
705 5260 760 5304 et
796 5252 1062 5311 demereri
1104 5260 1370 5330 colloquio
1415 5277 1644 5322 conatus
1680 5265 1862 5324 Gallos
1887 5309 1899 5332 ,
1970 5285 2077 5322 non

2191 4533 2292 4586 οὐκ
2341 4533 2624 4600 ἀφίστατο·
2656 4531 2742 4596 ὡς,
2763 4533 2808 4585 δ’
2839 4533 3120 4602 ἄπρακτος
3167 4534 3272 4586 τοῦ
3322 4533 3495 4588 λοποῦ
3537 4530 3579 4562 ⁸⁵
3623 4527 3754 4594 ἔμενε

2194 4623 2458 4694 μυριάκις
2491 4625 2592 4692 μὲν
2637 4625 2960 4694 προσϐαλὼν
2980 4667 2995 4691 ,
3037 4627 3388 4690 τοσαυτάκις
3415 4627 3461 4679 δ’
3489 4615 3758 4688 ἀποτυχών·

2191 4717 2284 4772 καὶ
2312 4716 2386 4786 πῆ
2415 4716 2514 4786 μὲν
2542 4717 2977 4787 ὑποποιούμενος
2999 4719 3124 4780 τοὺς
3150 4719 3414 4781 Κελτοὺς
3445 4717 3546 4772 οὐκ
3577 4707 3754 4764 ἔπειθεν

2191 4807 2266 4877 πῆ
2293 4809 2350 4861 δὲ
2380 4809 2687 4878 μαχόμενος
2715 4809 3085 4878 ἀπετύγχανε.
3117 4809 3352 4880 Τειχεον
3385 4827 3442 4861 τι
3489 4809 3578 4860 διὰ
3608 4796 3760 4869 ξηρῶν

2189 4897 2354 4952 λίθων
2399 4899 2730 4969 κυκλοτερὲς
2765 4900 3112 4972 δειμάμενος.
3140 4900 3480 4970 ἁναμεταξὺ
3512 4897 3608 4965 τῆς
3637 4889 3760 4962 φάμ’

2193 5005 2295 5060 μου
2343 4989 2576 5042 καὶτῶν
2605 4991 2805 5059 τειχῶν
2839 4991 3164 5053 Λαοδικείας
3201 4993 3266 5044 ὲν
3321 4992 3480 5058 τρισὶ
3511 4978 3760 5055 νυχθημέ-

2193 5099 2305 5152 ροις
2346 5081 2579 5136 κᾶκτοτε
2615 5083 2688 5145 ὡς
2719 5083 2958 5154 ἔρεισμα
3001 5083 3160 5137 τοῦτο
3196 5083 3562 5154 κτησάμενος
3595 5077 3756 5140 ἕτερον

2191 5173 2464 5242 πολίχνιον
2497 5173 2563 5226 δι’
2594 5176 2901 5244 ὲγχορήγου
2953 5174 3086 5244 ὕλης
3141 5175 3316 5237 ἐντὸς
3359 5173 3555 5227 τούτου
3591 5168 3758 5221 θᾶττον

2188 5265 2501 5334 ἀνήγειρεν,
2529 5264 2596 5318 ἵν’
2623 5264 2874 5318 ἐντεῦθεν
2905 5267 2979 5330 ὡς
3009 5267 3066 5332 ἐξ
3096 5265 3466 5336 ὁρμητηρὶου
3495 5261 3636 5320 τινδς
3659 5265 3755 5322 τεν·

1573 5381 1774 5442 νει-ἰαῦ
1804 5381 2112 5444 lectiones
2150 5397 2224 5440 ex
2247 5379 2392 5440 cod.
2423 5377 2686 5440 Coislin.

577 5461 622 5494 '°
652 5463 935 5532 Θνούσιος.
963 5472 1054 5526 Sic
1092 5490 1329 5545 semper.
1424 5482 1460 5512 ιι
1508 5483 1670 5536 Deest
1697 5499 1799 5538 vox
1825 5485 2000 5538 αὐτοί.

2083 5484 2128 5514 η
2169 5481 2423 5552 captain.

2508 5483 2549 5512 ”
2575 5481 2871 5537 Θνουςξων.
2918 5481 3008 5537 Sic
3033 5497 3284 5551 scalper.
3373 5481 3421 5516 “
3443 5473 3652 5534 λοιτασΰ.

1571 5615 1708 5681 Car.
1746 5615 2066 5680 Dufresnii
2103 5616 2196 5676 Du
2229 5614 2453 5694 Cangii
2497 5625 2681 5680 nota}.

580 5720 693 5792 (8|)
753 5729 1078 5800 Γενούσιος
1131 5741 1372 5806 στόλος.
1424 5740 1572 5800 Will.
1621 5741 1814 5813 Tyrius
1861 5745 1959 5799 1.1).
2015 5761 2070 5810 Χ,
2114 5760 2230 5812 cap.
2261 5743 2348 5797 28.
