4040 6280
633 387 737 452 857

1933 363 2157 427 ΔΝΝᾸΞ
2189 361 2584 422 ΟΟΜΝΕΝΙΕ
3701 367 3782 430 $68

637 495 752 562 ipse
777 491 992 554 artifex,
1032 487 1076 541 si
1120 483 1394 541 curiosius
1431 481 1554 552 quis
1599 477 1997 547 introspiceret,
2025 473 2200 527 loculo

2303 472 2579 540 πελάγους
2628 470 2690 524 τὸ
2720 471 2927 540 σκάφος
2967 471 3204 540 γένοιτο,
3251 475 3450 544 τροφῆς
3483 491 3538 528 τε
3557 476 3680 546 αὐτῷ
3709 496 3779 544 με·

635 587 842 646 deerat,
895 588 1154 634 extent-us
1199 579 1414 648 supine,
1447 587 1552 628 nec
1590 573 1692 626 nisi
1743 569 1900 623 caecis
1931 565 2202 620 meatibus

627 675 971 729 occultorum
1021 671 1346 725 foraminum
1401 667 1653 735 spiritum
1709 665 1932 716 ducens.
1972 657 2096 711 Haec
2127 657 2202 710 ita

625 773 904 834 ostentata
967 762 1211 831 quandiu
1253 763 1312 813 'in
1343 746 1519 828 portu,
1557 767 1647 810 aut
1685 769 1790 808 non
1825 753 1980 820 longe
2007 749 2074 804 b
2107 761 2203 800 ora

633 855 856 910 litt-orali
894 852 1200 917 navisfuit;
1227 852 1316 904 ubi
1347 851 1515 904 altum
1543 848 1737 911 tenuit,
1761 845 1933 898 laxata
1975 839 2204 896 simula-

637 949 801 1003 tionis
825 947 1036 1002 cuactio
1065 954 1148 1000 est
1181 944 1230 997 in
1256 957 1440 996 curam
1476 941 1583 992 vivi
1627 937 1839 1004 sepulti.
1875 935 2078 989 Tamen
2111 933 2204 986 ubi

633 1040 770 1095 cibis
803 1039 1060 1108 appositis
1086 1051 1146 1091 se
1175 1037 1219 1090 is
1256 1035 1408 1103 quasi
1450 1032 1633 1086 furtim
1672 1029 1956 1093 refecerat,
1986 1027 2204 1095 prtest—iu

621 1133 737 1201 .giaa
765 1133 979 1192 iterum,
1004 1139 1058 1182 et
1089 1128 1252 1196 iussae
1283 1126 1552 1196 lacrymm,
1593 1122 1998 1189 mendacesque
2017 1120 2204 1174 nauita

637 1220 985 1273 ludebantur.
1022 1217 1160 1283 Quin
1195 1216 1359 1270 etiam
1397 1230 1465 1268 ne
1506 1213 1759 1266 indicium
1796 1212 2010 1265 fmtoris
2046 1211 2110 1264 ad
2145 1210 2207 1264 li-

637 1312 759 1365 dem
790 1310 918 1364 elati
960 1310 1176 1362 deesset
1213 1305 1517 1369 cadaveris,
1552 1319 1748 1371 corpus
1773 1303 2026 1357 exstincti
2051 1302 2207 1372 galli-

635 1401 790 1456 nacei
823 1400 1013 1468 capulo
1037 1401 1286 1453 indi-tur:
1321 1413 1429 1467 quo
1461 1407 1704 1465 putorem
1731 1395 2023 1460 inbalante,
2053 1397 2206 1451 fucus

635 1497 890 1552 videlicet
919 1511 983 1550 eo
1023 1497 1134 1564 jam
1189 1496 1368 1549 minus
1398 1493 1715 1548 dubitabilis
1783 1492 1946 1546 [iebat
1981 1494 2201 1558 animis,

635 1603 877 1643 aerumna
933 1588 1254 1641 miserarum
1297 1601 1359 1639 ac
1409 1586 1608 1639 damno
1663 1585 1874 1638 narium
1921 1601 1936 1638 :
1987 1601 2124 1654 quas
2157 1587 2204 1641 si

635 1681 865 1747 quisque
914 1679 1210 1732 astantinm
1239 1678 1377 1731 ictus
1418 1677 1638 1744 tnephiti
1678 1685 1924 1730 avertere
1957 1677 2204 1732 obstrue-

639 1784 807 1840 reqne
835 1768 1350 1840 cogebatur,mirari
1389 1767 1510 1822 licet
1561 1768 1856 1837 improbam
1889 1770 2200 1837 patientiam
2235 1809 2279 1868 Β

2259 585 2270 596 ο
2303 563 2582 616 τεδίδοσαν
2615 564 2712 616 καὶ
2761 561 3151 632 ἐπεμελοῦντο,
3219 565 3312 616 καὶ
3345 564 3474 634 μετὰ
3499 566 3638 620 τοῦτο
3665 569 3784 624 πᾶλιν

2303 655 2355 708 οἱ
2381 655 2538 708 αὐτοὶ
2571 655 2784 725 θρῆνοι,
2811 657 2906 708 καὶ
2941 655 3010 708 τά
3062 655 3206 708 αὐτὰ
3257 657 3674 728 μαγγανεύματα.
3697 661 3784 714 Ἵνα

2301 746 2360 799 δὲ
2391 748 2486 799 καὶ
2529 747 2714 815 δοκοίη
2759 749 2787 798 ὁ
2833 749 3028 816 νεκρὸς
3091 746 3260 809 ἕωλος
3305 741 3555 802 εἶναικαὶ
3606 751 3784 815 ὁδωδὼς,

2305 839 2646 909 ἀλεκτρυόνα
2675 839 3072 903 ἀποπνίξαντες
3107 839 3140 909 ἢ
3193 839 3604 908 ἀποσφάξαντες,
3637 843 3781 912 ἐνέϐη-

2305 941 2409 981 καν
2437 927 2518 996 τῷ
2548 928 2726 996 νεκρῷ
2751 943 2764 956 °
2801 929 2896 981 καὶ
2953 929 3118 991 εὐθὺς
3175 931 3380 993 ἐκεῖνος
3409 931 3484 993 εἰς
3512 933 3734 1001 τετάρτην
3759 933 3784 1002 ὴ

2305 1019 2400 1072 καὶ
2423 1021 2683 1088 πέμπτην
2713 1020 2927 1088 ἡμέραν
2970 1019 3404 1089 βαρυοδμότατος
3427 1018 3491 1092 ἦν
3509 1025 3608 1085 τοῖς
3629 1024 3786 1092 ὄσφρη-

2306 1127 2391 1164 σιν
2433 1113 2651 1178 έχουσιν
2677 1127 2692 1140 '
2729 1111 2825 1163 καὶ
2853 1111 3030 1165 ἐδόκει
3068 1113 3169 1175 μὲν
3215 1111 3311 1164 τοῦ
3365 1114 3559 1182 χρωτὸς
3587 1111 3788 1166 εἶναιτοῦ

2305 1203 2646 1274 Βαῖμούντου
2679 1203 2741 1256 τὺ
2766 1203 2902 1275 βαρὺ
2928 1205 3028 1274 τῆς
3052 1206 3332 1275 ἀναπνοῆς
3359 1209 3466 1268 τοῖς
3491 1205 3664 1270 ἔξωθεν
3683 1208 3788 1276 ﬂuu-

2303 1296 2564 1365 τημένοις
2589 1313 2602 1327 ·
2645 1297 2810 1351 πλέον
2847 1299 2894 1351 δ’
2923 1298 3134 1361 ἐκεῖνος
3167 1301 3196 1352 ὁ
3256 1299 3574 1367 Βαῖμοῦντος
3604 1300 3683 1353 τοῦ
3703 1302 3786 1352 ἐπι·

2306 1385 2546 1438 πλάστου
2579 1385 2752 1440 κακοῦ
2781 1387 3178 1452 συναπέλαυεν,
3205 1387 3348 1442 ὥστε
3398 1391 3560 1458 ἔγωγε
3587 1390 3789 1459 θαυμάζω

2305 1477 2425 1540 πῶς
2455 1477 2728 1546 τοσαύτην
2761 1479 3044 1550 ὐπήνεγκε
3080 1479 3184 1547 τῆς
3225 1480 3372 1550 ρινῦς
3420 1481 3700 1552 πολιορκίαν
3717 1481 3791 1544 ζῶν

2303 1569 2385 1622 ἔτι
2419 1571 2560 1639 μετὰ
2601 1571 2797 1640 νεκροῦ
2827 1573 3250 1642 συμφερόμενος
3289 1573 3554 1642 σώματος.
3593 1573 3707 1626 Ἀλλ’
3730 1575 3790 1624 ὲν-

2304 1659 2500 1714 τεῢϐεν
2533 1661 2832 1731 μεμάθηκα
2871 1661 2947 1725 ὡς
2983 1663 3090 1734 ἄρα
3133 1665 3244 1716 πᾶν
3285 1665 3346 1717 τδ
3395 1665 3647 1736 βάρϐαρον
3680 1665 3792 1732 γένθς

2304 1751 2713 1824 δυσανάκλητον
2743 1755 2830 1823 ἐφ’
2873 1757 3011 1825 ὅπερ
3059 1755 3125 1809 ἂν
3167 1758 3522 1827 ὲφορμήσειε,
3569 1757 3652 1809 καὶ
3687 1755 3799 1808 οὐδὲν

636 1862 918 1917 sentientis
979 1860 1198 1923 mortui,
1252 1859 1344 1926 qui
1401 1860 1633 1928 graviori
1677 1875 1714 1912 -e
1755 1861 1933 1912 vicino
1993 1859 2202 1914 aﬂlatus

2303 1847 2456 1915 αὐτῷ
2485 1848 2899 1918 φορτικώτατον
2937 1849 2965 1902 ὃ
2996 1851 3070 1920 μὴ
3103 1851 3345 1920 ἐνέγκοι,
3391 1851 3626 1918 καθάπαξ
3647 1850 3799 1920 ἐμϐάλ-

621 1967 769 2006 anra
827 1951 1189 2018 putrescentis
1244 1951 1498 2012 volucris,
1549 1949 1781 2002 fructum
1841 1964 1949 2018 quo
2011 1951 2204 2020 dignus

625 2042 760 2106 fuit,
821 2043 1022 2096 inventi
1079 2043 1158 2095 sui
1192 2041 1460 2110 praeclari,
1507 2040 1668 2093 tacite
1705 2039 1980 2094 obdurans
2015 2051 2070 2095 et
2104 2042 2208 2094 im-

625 2143 782 2188 mote
809 2135 1086 2187 sustinens
1115 2132 1344 2187 ferebat.
1366 2133 1540 2200 Atque
1569 2147 1666 2201 ego
1691 2133 1811 2185 dum
1847 2133 1960 2187 haec
1991 2142 2204 2202 reputo,

636 2225 797 2279 facile
854 2226 1090 2278 arbitror
1141 2225 1284 2278 haud
1315 2225 1423 2277 alio
1457 2239 1524 2278 ex
1587 2225 1910 2278 documento
1953 2227 2204 2295 cognosci

635 2330 793 2384 posse
837 2317 1072 2380 certius,
1123 2331 1285 2383 quam
1357 2316 1468 2370 sint
1529 2315 1917 2370 irrevocabiles
1975 2318 2206 2385 impetus

633 2407 1002 2462 Barbarorum
1051 2421 1451 2476 quamcumque
1501 2407 1668 2462 semel
1713 2408 1766 2460 in
1817 2417 2020 2476 partem
2055 2412 2208 2464 incu-

635 2501 874 2555 buerint.
915 2501 1057 2556 Ecce
1109 2500 1210 2554 iste
1270 2516 1365 2569 per
1387 2515 1522 2569 quos
1549 2509 1604 2552 et
1632 2511 1765 2570 quot
1817 2501 2031 2557 labores
2064 2503 2206 2557 ultro

637 2601 922 2661 susceptos
943 2593 1095 2645 vadit
1127 2600 1311 2646 certus
1341 2593 1408 2644 ad
1449 2593 1900 2661 propositum,ut
1939 2609 2005 2647 ne
2037 2596 2203 2663 redigi

641 2685 855 2752 quidem
881 2685 936 2738 in
963 2693 1170 2738 sortem
1195 2699 1258 2738 ac
1289 2683 1608 2737 societatem
1643 2695 1982 2738 mortuorum
2009 2701 2204 2755 corpoo

631 2791 757 2830 rum
801 2784 1033 2840 recuset,
1083 2775 1208 2828 dum
1241 2775 1384 2842 quod
1414 2775 1707 2828 destinavit
1745 2785 1911 2843 queat
1957 2778 2204 2846 exsequi.

639 2867 766 2920 Hzec
807 2867 988 2936 prima
1025 2877 1080 2921 et
1111 2881 1324 2920 summa
1356 2865 1459 2919 fuit
1494 2867 1652 2932 hujus
1689 2863 1914 2920 Barbari
1942 2867 1992 2920 in
2021 2869 2210 2936 :perni—

631 2960 778 3014 ciem
811 2961 955 3014 haud
993 2959 1209 3013 dubiam
1251 2959 1462 3028 imperii
1491 2959 1717 3025 hujusce
1756 2960 2032 3030 designata
2055 2977 2208 3016 com-

2308 1937 2399 1990 λον
2426 1939 2588 1992 ἐαυτδ
2643 1941 2780 2011 πρὸς
2837 1942 3201 2011 αὐθαιρέτους
3247 1943 3553 2006 κακώσεις·
3605 1943 3683 1996 καὶ
3727 1941 3802 2010 γὰρ

2299 2023 2460 2092 οὗτος
2503 2032 2730 2102 μηδέπω
2762 2033 3052 2088 ἀποθανὼν
3089 2037 3192 2088 οὐκ
3213 2037 3258 2068 “
3289 2039 3575 2106 ἀπώκνησε
3599 2037 3680 2106 ζῇν
3701 2034 3803 2105 μετὰ

2300 2122 2698 2200 ἀποθανόντων
2734 2127 3030 2196 σωμάτων.
3069 2128 3250 2198 Τέχνη
3295 2130 3396 2198 μὲν
3425 2130 3513 2182 οὖν
3535 2128 3619 2182 τοῦ
3649 2127 3806 2198 βαρόά-

2299 2229 2407 2285 ⁴ρου
2439 2214 2579 2286 αὕτη
2605 2215 2798 2287 πρώτη
2837 2220 2932 2273 καὶ
2961 2218 3094 2288 μόνη
3125 2221 3273 2274 κατά
3319 2222 3420 2292 τὴν
3449 2221 3564 2275 καθ’
3609 2221 3730 2290 ἡμᾶς
3749 2219 3805 2270 οξ-

2307 2307 2582 2377 κουμένην
2625 2309 2870 2378 πέφηνεν
2923 2312 3004 2372 εις
3051 2314 3446 2383 καταστροφὴν
3494 2313 3808 2366 armatae-sea

2305 2399 2406 2469 τῆς
2455 2400 2746 2468 Ῥωμαίων
2774 2403 3096 2473 ἡγεμονίας.
3129 2405 3272 2458 Οὐδὲ
3291 2407 3399 2474 πρὸ
3424 2405 3616 2474 ταύτης
3649 2403 3808 2473 βάρεα·

2307 2508 2398 2554 τος
2428 2492 2459 2562 ἢ
2493 2493 2704 2563 Ἕλλην
2725 2494 2956 2548 τοιαῦτα
2983 2497 3128 2550 κατὰ
3175 2499 3458 2567 πολεμίων
3499 2499 3812 2567 ἐμηχανήσατο)

2305 2584 2420 2636 οὐδ’
2448 2583 2535 2648 ἂν,
2559 2581 2738 2650 οἶμαι,
2786 2588 2926 2653 μετά
2969 2587 3144 2641 ταῦτα
3197 2591 3224 2642 ὁ
3263 2589 3388 2642 καθ’
3427 2593 3570 2660 ἡμᾶς
3615 2589 3809 2640 θεάσαιτο

2309 2677 2440 2748 βίος.
2487 2679 2640 2732 Ἐπεὶ
2670 2679 2726 2731 δὲ
2758 2679 2858 2749 τὴν
2893 2680 3135 2750 Κορυφὼ
3179 2683 3519 2753 καταλάϐοι,
3565 2681 3724 2746 ὥσπερ
3757 2678 3812 2736 εἰς

2305 2769 2620 2841 άκρὼρειὰν
2649 2787 2769 2824 τινα
2793 2771 3090 2840 γενόμενος
3122 2775 3217 2826 καὶ
3277 2775 3528 2846 κορυφὴν
3567 2773 3652 2826 καὶ
3686 2785 3813 2840 κρητ-

2305 2863 2543 2933 ·φύγετον
2572 2865 2671 2934 τὴν
2709 2865 2950 2936 Κορυφὼ
2978 2868 3230 2938 ταυτηνὶ,
3289 2871 3390 2925 καὶ
3429 2871 3487 2924 ὲν
3513 2867 3588 2939 τῷ
3608 2866 3818 2932 ἀκινδύνῳ

2307 2957 2592 3025 τυγχάνων
2631 2959 2908 3028 ἀνήγερτό
2937 2976 2996 3012 τε
3027 2959 3137 3014 ἀπὸ
3161 2961 3278 3014 τῶν
3313 2965 3372 3015 ὲν
3401 2963 3524 3032 δόξῃ
3553 2958 3732 3029 νεκρῶν
3749 2955 3816 3006 καὶ

631 3051 920 3118 positaque
973 3051 1308 3104 machinatio
1345 3051 1482 3105 :cui
1535 3067 1722 3121 parem
1773 3065 1934 3108 nemo
1983 3051 2205 3108 ϐτωοιιε

2309 3048 2410 3118 τὴν
2441 3049 2776 3119 νεκροφόρον
2821 3052 3002 3104 ἐκεῖσε
3037 3051 3296 3122 λάρνακα
3341 3051 3678 3121 καταλείψας,
3707 3045 3820 3118 ἡλίου

635 3152 728 3196 aut
751 3143 1024 3196 Barbarus
1055 3151 1134 3196 tot
1165 3143 1325 3197 bellis
1355 3144 1482 3198 olim
1511 3145 1687 3214 gestis
1719 3145 2052 3215 excogitavit
2077 3161 2202 3201 um-

2307 3157 2368 3194 τε
2403 3142 2720 3214 ἐνεφορεῖτο
2747 3141 2991 3208 πλείονος
3021 3146 3114 3198 καὶ
3141 3143 3241 3199 τοῦ
3271 3147 3438 3219 ἀέρος
3464 3147 3668 3201 ἀνέπνει
3689 3140 3820 3194 καθα-

631 3250 796 3303 qua-m
849 3237 1199 3304 suscepitve;
1233 3237 1325 3290 sed
1353 3252 1460 3291 nec
1505 3251 1640 3307 puto
1683 3239 1738 3292 in
1779 3249 2199 3307 consequentem

2301 3240 2550 3308 ·ρωτέρου
2585 3240 2678 3294 καὶ
2723 3239 3063 3308 περιενόστει
3105 3241 3205 3310 τὴν
3253 3244 3420 3297 πόλιν
3477 3243 3572 3312 τὴν
3617 3234 3824 3308 Κορνφώι

631 3335 852 3379 aetatem
909 3326 1024 3393 ejus
1076 3327 1383 3396 exemplum
1435 3339 1786 3396 posterorum
1825 3330 1988 3386 ullius
2023 3331 2204 3386 imita-

633 3417 782 3470 tione
851 3419 1280 3488 propagandum.
1337 3417 1604 3474 Ceterum
1665 3421 1828 3475 simul
1885 3422 1990 3476 isto
2033 3437 2199 3476 cursu

633 3509 944 3579 Coryphum
997 3510 1186 3572 tenuit,
1215 3509 1326 3578 jam
1379 3511 1530 3578 quasi
1573 3511 1874 3566 subductus
1929 3513 1980 3564 in
2017 3527 2202 3566 arcem

633 3615 784 3655 suam
817 3609 974 3667 atque
1008 3602 1060 3654 in
1093 3610 1206 3654 tuto
1233 3601 1437 3669 positus
1460 3601 2199 3674 excussitlibitiuam;3ﬁ.2

633 3701 690 3744 et
717 3705 748 3744 e
777 3690 1040 3744 feralibus
1091 3691 1336 3746 emicans
1391 3693 1617 3746 latebris
1649 3706 1843 3747 secure
1897 3693 2034 3748 liber
2065 3698 2201 3750 coelo

635 3781 860 3848 lueeque
895 3781 1210 3836 haurientlis
1236 3779 1456 3842 aﬂ'atim.
1485 3781 1762 3836 interclusi
1793 3784 1953 3838 modo
1981 3785 2201 3852 spiritus

633 3873 776 3926 inter
805 3874 1086 3942 angustias
1117 3872 1329 3938 feretri,
1371 3875 1566 3927 damna
1615 3875 1894 3942 pensabat.
1923 3873 2201 3943 indigenae

631 3975 961 4016 concurrere
990 3977 1053 4016 ac
1087 3962 1274 4016 mirari
1299 3963 1568 4030 hospitem
1609 3965 1790 4020 cultus
1823 3963 2042 4030 insueti,
2073 3981 2200 4035 spe-

631 4049 717 4102 cie
747 4057 1006 4117 vesteque
1035 4052 1319 4119 peregrina
1347 4069 1362 4114 ;
1399 4062 1510 4105 tum
1544 4053 1830 4121 quaeritare
1853 4053 1993 4120 quod
2019 4054 2068 4108 ei
2109 4072 2202 4124 ge-

635 4139 774 4192 nus?
795 4155 915 4208 quae
948 4141 1205 4195 fortuna?
1235 4143 1377 4209 quis,
1427 4145 1590 4205 unde,
1633 4157 1740 4212 quo
1795 4144 1937 4198 iret?
1977 4145 2072 4200 llle
2103 4161 2201 4214 pro

639 4229 890 4284 familiari
917 4233 1284 4294 contumacia,
1314 4233 1589 4287 neminem
1621 4234 1902 4288 obviorum
1941 4251 2199 4306 responso

631 4321 906 4388 dignatus,
937 4321 1128 4375 ducem
1161 4323 1308 4376 urbis
1333 4323 1471 4377 dixit
1497 4338 1556 4377 se
1586 4322 1787 4392 alloqui
1818 4338 2036 4394 cupere.
2069 4327 2201 4382 Erat

2313 3331 2409 3381 Ὃν
2439 3330 2746 3398 ἑωρακότες
2769 3333 2827 3382 ὲν
2849 3329 2977 3400 ξένῃ
2995 3331 3093 3384 καὶ
3115 3331 3435 3402 βαρϐαρικῇ
3463 3331 3614 3399 στολῇ
3641 3331 3822 3380 ἀνεπυν-

2307 3419 2526 3474 θάνοντο
2557 3420 2677 3474 τότε
2704 3422 2748 3452 ’³
2777 3423 2932 3491 γένος
2967 3423 3058 3476 καὶ
3079 3425 3177 3493 τὴν
3193 3425 3380 3494 τύχην
3406 3465 3421 3488 ,
3455 3423 3548 3477 καὶ
3573 3422 3652 3481 τίς
3672 3435 3723 3471 τε
3746 3413 3825 3478 εἴη.

2305 3513 2400 3567 καὶ
2435 3513 2602 3566 πόθεν
2628 3513 2753 3583 ἥκει
2791 3515 2885 3566 καὶ
2916 3517 2996 3577 εις
3029 3513 3124 3578 οὓς
3151 3517 3548 3586 παραγίνεται.
3589 3514 3642 3564 '0
3672 3509 3718 3562 δὲ
3747 3505 3826 3557 τῶν

2309 3605 2405 3674 μὲν
2425 3605 2599 3659 ἄλλων
2626 3603 2916 3675 ὑπερεώρα
2952 3606 3194 3670 πάντων,
3225 3607 3494 3678 ἀνεζήτει
3515 3605 3570 3658 δὲ
3601 3601 3681 3655 τὸν
3703 3596 3828 3658 δοῦκι

2303 3697 2402 3766 τῆς
2430 3697 2656 3760 πόλεως.
2685 3692 2796 3749 Ἦν
2825 3697 2880 3750 δὲ
2917 3696 3026 3769 ἄρα
3047 3693 3205 3757 οὗτος
3259 3699 3506 3764 ’Δλέξιός
3535 3713 3615 3758 τις
3639 3692 3827 3762 uipera;

2316 3788 2638 3859 Ἀρμενικοῦ
2689 3791 2734 3823 ’³
2781 3791 3090 3860 γενόμενος.
3162 3793 3264 3846 Ὃν
3332 3791 3662 3861 (θεασάμενος
3726 3781 3826 3852 μετὰ

2308 3881 2541 3951 σοϐαροῦ
2576 3883 2669 3936 τοῦ
2695 3882 3010 3953 βλέμματός
3056 3902 3116 3938 τε
3164 3886 3265 3940 καὶ
3319 3887 3622 3955 σχήματος,
3653 3877 3733 3932 καὶ
3757 3889 3825 3926 σο·

2305 3973 2450 4043 ϐαρᾷ
2475 3976 2541 4044 τῇ
2568 3977 2721 4044 φωνῇ
2739 3975 3030 4045 ιχρώμενος
3051 3977 3144 4030 κοιλ⁵
3166 3978 3308 4042 ὅλως
3331 3969 3830 4049 βαρϐαρικῇ,¹Απστ·

2302 4062 2494 4128 remur
2572 4064 2940 4132 προσέταττεν
3001 4065 3256 4132 Ἀντεξίῳ
3321 4067 3406 4132 τῷ
3477 4059 3827 4129 αὐτοκράτορι.

2303 4155 2392 4208 ὅτι
2422 4158 2522 4208 Σοι
2547 4157 2662 4223 ἐγὼ
2695 4155 3061 4225 Βαῖμοῦντος
3085 4157 3332 4225 ἐκεῖνος
3363 4161 3398 4213 ὁ
3452 4155 3556 4210 τοῦ
3593 4145 3822 4216 Ῥομπέρ·

2301 4265 2430 4310 του,
2464 4248 2536 4301 ὃν
2563 4249 2860 4303 ἀνέκαθεν
2889 4251 3108 4318 χρόνος
3128 4251 3230 4304 καὶ
3255 4250 3344 4306 σὲ
3367 4252 3468 4304 καὶ
3503 4249 3613 4314 τὴν
3629 4243 3756 4308 ὑπὲρ
3777 4235 3830 4288 σὲ

2295 4337 2626 4402 ,βασιλείαν
2641 4337 2921 4403 ἐδίδαξεν
2937 4341 3170 4407 ὁπόσος
3197 4343 3261 4395 τί
3265 4362 3300 4407 ς
3321 4343 3445 4410 ειμι
3469 4340 3580 4406 τὴν
3605 4331 3828 4399 ἀνδρεῖαι·

633 4421 746 4464 tum
779 4413 824 4464 is
859 4413 1082 4467 Alexins
1117 4417 1338 4481 quidam
1376 4415 1684 4469 Armeniaci
1734 4416 2009 4483 thematis,
2037 4435 2194 4487 quem

2304 4428 2400 4482 καὶ
2455 4429 2570 4497 τὴν
2612 4431 2930 4494 ἔνστασιν,
2961 4433 3054 4502 ἐφ’
3095 4427 3261 4502 ᾧπερ
3313 4436 3395 4488 ἂν
3425 4433 3523 4488 καὶ
3555 4421 3830 4496 turdo-11'7"

633 4499 870 4553 oblatum
925 4503 1095 4569 ﬁgens
1121 4503 1276 4558 oculo
1315 4507 1569 4572 superbo,
1593 4515 1834 4576 nutuque
1865 4523 1930 4562 ac
1952 4511 2195 4578 superci-

2305 4518 2564 4587 λάϐοιμι,
2592 4521 2672 4586 ὡς
2717 4525 2829 4575 οὐκ
2875 4521 2952 4576 ἂν
2994 4499 3399 4592 ἀνασχοίμην
3424 4525 3572 4577 ἵστω
3603 4519 3726 4582 Θεὸς
3747 4507 3828 4564 τῶν

635 4591 707 4644 lio
766 4593 922 4658 plane
961 4595 1012 4645 in
1072 4611 1234 4662 quam
1285 4597 1686 4652 odiosissimum
1729 4600 1998 4656 barbarici
2031 4603 2200 4658 fastus

2306 4613 2456 4677 πρὸς
2513 4611 2620 4680 ἐμὲ
2658 4614 3077 4682 γεγενημένων
3115 4591 3376 4668 κακῶν·
3411 4615 3624 4678 ἐξότου
3649 4606 3740 4677 γὰρ
3765 4597 3830 4652 διὰ

635 4683 911 4749 specimen
945 4685 1264 4739 deformatis
1297 4703 1310 4739 :
1344 4685 1483 4754 Fac,
1510 4690 1703 4757 inquit,
1741 4693 1868 4745 meis
1906 4693 2070 4747 verbis
2095 4695 2200 4746 im-

2305 4700 2415 4766 τῆς
2456 4703 2749 4769 Ῥωμαίων
2781 4703 2898 4772 τὴν
2925 4707 3229 4773 Ἀντιόχου
3261 4705 3624 4766 κατέλαϐον,
3649 4695 3731 4750 και
3753 4693 3825 4744 Συ·

633 4773 870 4840 peratori
895 4773 1084 4828 Alexio
1111 4781 1344 4841 nunties,
1373 4779 1557 4831 adesse
1584 4795 1663 4832 me
1691 4780 1864 4846 illum,
1896 4795 2076 4837 notum
2099 4785 2201 4854 ipsi

2299 4791 2442 4858 ρίαν
2479 4791 2634 4858 ὅλην
2651 4793 3195 4863 ἠνδραποδισάμην
3217 4795 3306 4861 τῷ
3335 4795 3465 4864 ἐμῷ
3495 4794 3702 4860 δόρατι,
3727 4781 3831 4836 παι-

637 4871 899 4931 projecto,
937 4869 1040 4920 nisi
1078 4867 1403 4932 dissimulet,
1431 4877 1482 4922 et
1519 4871 1566 4921 si
1600 4869 1730 4922 satis
1759 4874 2056 4927 meminerit
2091 4875 2203 4927 cla-

2305 4880 2423 4950 λῆς
2451 4883 2612 4950 παρὰ
2644 4883 2761 4936 σοῦ
2795 4885 2893 4936 καὶ
2951 4885 3062 4951 τῆς
3121 4885 3250 4951 σῆς
3317 4881 3604 4954 στρατιᾶς
3647 4871 3832 4940 πικρίας

635 4954 782 5008 dium
813 4973 1058 5040 suarum,
1092 4958 1440 5028 formidatum
1478 4959 1836 5015 Baimundum
1873 4963 2088 5030 liaberti
2127 4967 2198 5034 ﬁ-

2307 4973 2705 5040 ἀνεφορήθην,
2739 4975 2988 5028 ἐλπίσιν
3015 4975 3084 5040 ἐξ
3116 4977 3402 5032 ἐλπίδων
3431 4967 3836 5044 παρατεμπέ1ι²⁶

631 5045 784 5098 lium.
813 5049 918 5112 Qui
945 5050 1072 5116 quid
1114 5067 1297 5115 manu,
1335 5052 1462 5120 quid
1501 5054 1826 5122 Itasta,quid
1861 5057 2200 5124 aggrediendi

2307 5078 2434 5125 νος.
2507 5063 2606 5116 καὶ
2659 5066 2746 5129 εἷς
2783 5067 3000 5132 μυρίας
3053 5067 3389 5134 συμφορὰς
3439 5066 3536 5118 καὶ
3591 5058 3830 5124 πολέμου(

633 5141 888 5203 audacia,
922 5139 1050 5209 quid
1085 5143 1308 5212 urgendi
1358 5146 1749 5212 perseverantia
1807 5147 2005 5213 valeat,
2068 5151 2199 5202 satis

2301 5151 2704 5218 ,βαρϐαρικοὺς
2758 5153 3228 5222 ἑμϐαλλόμενος.
3279 5155 3479 5210 Ἀλλὰ
3506 5153 3616 5207 νῦν
3657 5163 3712 5215 τε
3746 5137 3832 5194 im?!

632 5232 858 5296 experiri
915 5234 1143 5299 potuerit
1193 5234 1360 5301 priori
1410 5234 1541 5288 bello
1593 5237 1694 5289 sibi
1741 5253 1940 5306 suoque
1984 5237 2201 5304 imperio

2303 5258 2380 5311 με
2407 5243 2524 5296 κᾶν
2551 5243 2877 5306 ἀπέθανον.
2913 5245 3101 5298 πάλιν
3126 5244 3200 5309 ἐξ
3251 5243 3544 5314 ὑπαρχῆς
3575 5234 3833 5295 ἀναεεειω-

636 5320 899 5376 luctuoso.
935 5325 1106 5393 Atque
1138 5325 1290 5380 illum
1323 5327 1478 5381 talem
1521 5327 1617 5382 Dei
1654 5329 1918 5400 singulari
1950 5330 2199 5398 beneﬁcio

2312 5335 2461 5388 κότα
2508 5336 2606 5389 καὶ
2639 5336 2745 5400 τὰς
2773 5336 2892 5402 σὰς
2939 5336 3390 5406 διαδεδρακότα
3411 5337 3609 5410 χεῖρας
3633 5335 3649 5356 '
3687 5323 3833 5382 πάντα

1693 5447 1890 5506 Variae
1915 5447 2219 5508 lectiones
2249 5463 2326 5508 ex
2355 5450 2502 5513 cod.
2545 5451 2804 5513 Coislin.

707 5539 752 5569 ει
778 5538 1083 5604 ἀποθανὼν,
1118 5541 1256 5594 ἀλλὰ
1285 5545 1527 5614 σχήματι
1565 5548 1710 5618 μόνῳ
1741 5546 2052 5613 ἀποθανὼν,
2078 5549 2198 5602 οὐκ.
2278 5551 2322 5579 ³³
2353 5551 2414 5602 τό
2448 5569 2528 5605 τε.
2610 5555 2657 5587 ’⁸
2677 5554 3064 5625 ’Δρμενιανοῦ.

1702 5665 1844 5732 Car.
1875 5667 2196 5731 Dufresnii
2220 5668 2312 5730 Du
2341 5668 2564 5750 Cangii
2597 5680 2785 5736 notae.

708 5755 728 5776 ¹
760 5752 858 5809 Hic
882 5755 1064 5814 deﬁcit
1086 5759 1208 5814 cod.
1228 5759 1377 5817 Flor.
