4040 6280
581 357 686 422 8Ἷὸ

1859 353 2082 414 ΛΝΝᾹΕ
2125 355 2142 412 (

2246 351 2504 412 ,ΙΝΕΝΛΕ
3655 355 3739 418 816

569 473 928 540 perfectaque.
955 467 1232 536 Siquidem
1257 480 1432 535 pruna
1464 466 1552 519 illa
1578 464 1835 520 effusione
1863 467 1916 520 itt
1949 465 2132 518 Asiam

2246 461 2338 530 τὴν
2386 458 2572 513 Ἀσίαν
2601 461 2700 530 τήν
2745 478 2804 513 τε
2843 459 3119 531 Ἀντιόχου
3149 461 3324 523 πόλιν,
3377 461 3462 514 καὶ
3483 462 3569 531 τὴν
3590 463 3726 534 Τύρον

571 557 1038 614 itutntuerabilium
1065 554 1395 610 Gallicorum
1429 556 1794 620 exercituum,
1838 555 2056 624 quando
2084 564 2140 605 et

567 649 846 704 Antiochia
881 658 932 701 et
973 647 1149 717 Tyrus
1179 655 1233 700 et
1256 645 1564 713 adjacetttes
1596 647 1860 700 universa:
1895 647 2141 700 civitates

577 744 662 796 illa
693 743 952 810 flagrante
983 740 1030 792 vi
1057 741 1215 808 primi
1245 739 1506 792 tumultus
1539 738 1878 803 laborabant,
1909 737 2139 802 quodam

569 850 822 890 successu
856 831 1023 886 Gallis
1070 830 1330 896 infausto,
1382 840 1436 882 ut
1484 841 1608 882 sunt
1665 829 1825 882 vati-.e
1878 828 2140 882 bellorum

567 929 736 992 vices,
759 925 1086 994 Babylonius
1116 933 1376 992 tyrannus
1400 919 1640 974 Francos
1671 921 1897 974 comites
1929 917 2046 972 fere
2073 917 2138 970 ad

571 1025 840 1070 trecentos
875 1023 1090 1083 ceperat
1119 1012 1601 1081 etdnrainprimis
1633 1012 1873 1065 custodia
1908 1009 2138 1072 tenebat;

573 1109 622 1160 itt
665 1109 965 1172 ueterrimo,
998 1117 1162 1174 atque
1199 1107 1262 1157 ad
1317 1105 1634 1158 inusitatum
1666 1105 1906 1172 antiqua:
1943 1103 2140 1156 crude-

569 1200 736 1252 litatis
765 1213 970 1252 morem
1002 1207 1055 1250 et
1082 1212 1262 1262 nsunt,
1287 1197 1412 1248 olim
1449 1197 1731 1264 designato
1759 1197 1990 1263 quodam
2019 1209 2142 1247 car-

571 1304 714 1342 cere.
749 1288 856 1342 Eos
885 1287 992 1341 illic
1024 1297 1101 1340 tot
1136 1302 1200 1340 ac
1233 1291 1368 1342 tales
1393 1287 1548 1354 longe
1576 1286 1978 1340 acerbissimam
2015 1286 2144 1340 tole-

575 1395 694 1431 rare
727 1379 1094 1446 captivitatem
1141 1376 1326 1430 audire
1369 1377 1664 1443 imperator
1693 1375 1812 1427 sine
1851 1373 2144 1426 tenerrimo

578 1469 974 1523 misericordiae
1009 1483 1172 1522 sensu
1210 1482 1313 1520 non
1347 1466 1522 1536 potuit
1553 1483 1566 1518 :
1601 1479 1698 1520 nec
1725 1465 1843 1519 sine
1870 1464 2145 1534 proposito

574 1579 635 1615 ac
671 1563 889 1612 dect-ctu
923 1559 1092 1613 animi
1131 1574 1235 1612 non
1267 1559 1438 1628 magis
1468 1557 1708 1612 betteﬁco
1733 1573 1896 1625 quam
1933 1555 2136 1610 efﬁcaci

573 1651 912 1706 liberat-iouis
945 1666 1006 1704 ac
1042 1649 1307 1704 libertatis
1357 1647 1571 1702 illorum
1615 1649 1808 1717 quovis
1856 1649 2033 1716 pretio
2077 1663 2142 1701 ae

571 1739 750 1794 studio
779 1740 1250 1807 repraesentanda.
1283 1737 1362 1792 Ad
1389 1737 1528 1790 hanc
1563 1753 1675 1790 rem
1715 1735 1916 1790 Nicetae
1962 1737 2144 1790 Panu-

573 1834 783 1886 comilae
815 1831 1009 1885 litteris
1037 1841 1091 1886 et
1118 1831 1358 1899 pecuniis
1391 1831 1660 1884 instructo
1695 1837 1922 1899 imperat
1953 1840 2010 1884 ut
2039 1829 2142 1883 Ba-

575 1924 782 1994 bylonis
817 1925 974 1976 adeat
1027 1925 1368 1990 principem,
1411 1923 1744 1990 redditisque
1789 1924 1852 1976 ab
1901 1923 2146 1992 Augusto

573 2015 830 2083 Epistolis
859 2015 1176 2084 legationem
1209 2016 1260 2066 itt
1290 2013 1626 2082 captivorum
1677 2013 1934 2068 auxilium
1982 2014 2146 2068 verbo

571 2119 786 2172 quoque
811 2103 924 2171 ipse
959 2113 1173 2170 peruret
1219 2117 1378 2170 quam
1425 2101 1874 2168 accuratissime;
1917 2111 2143 2158 conten-

573 2195 705 2249 dens
764 2211 790 2246 a
852 2193 1142 2264 Babylonio
1196 2193 1354 2246 multa
1411 2191 1726 2262 interposita
1785 2195 2146 2262 promissione

573 2287 757 2356 gratiae
795 2285 860 2338 ah
893 2287 1221 2354 imperatore
1274 2283 1522 2338 ineunda:
1554 2291 1612 2338 ut
1645 2285 1875 2339 miseros
1920 2285 2144 2338 comites

573 2379 778 2434 solutos
805 2377 1038 2432 vinculis
1070 2377 1220 2430 abire
1259 2377 1459 2430 liberos
1489 2375 1716 2430 sineret.
1751 2375 1883 2431 Viso
1912 2375 2146 2448 Babylo-

576 2471 696 2524 nius
751 2469 1128 2531 Panucomita,
1173 2469 1486 2536 auditoque,
1528 2467 1682 2522 lectis
1729 2468 1894 2524 etiam
1951 2469 2145 2523 litteris

572 2579 707 2633 quas
735 2563 800 2616 ab
846 2567 1086 2632 Augusto
1119 2562 1412 2626 attulerat,
1453 2561 1660 2615 solutos
1691 2563 1872 2616 statim
1917 2562 2144 2616 vinculis

572 2657 798 2710 comites
833 2655 1074 2708 custodia
1098 2653 1298 2716 educit,
1327 2668 1664 2722 nequaquam
1694 2660 1871 2708 tamen
1894 2655 2145 2708 libertate

575 2747 692 2800 illos
724 2747 878 2816 plena
911 2747 1118 2799 donans
1156 2761 1168 2796 :
1203 2746 1298 2798 sed
1331 2759 1361 2799 e
1395 2759 1488 2798 sua
1524 2745 1873 2814 potestatein
1910 2744 2002 2810 jus
2043 2746 2146 2799 im-

575 2840 841 2908 peratoris
886 2837 1234 2901 transferens,
1267 2837 1609 2891 deducendos
1649 2841 1714 2890 ad
1745 2838 1916 2905 ipsum
1964 2837 2146 2908 Pana-5

573 2932 786 2988 comitur
824 2931 1009 2994 tradit,
1040 2929 1279 2998 pecuniis
1305 2943 1422 2998 qua:
1456 2925 1825 2981 offerebantur
1859 2928 2016 2996 plane
2059 2945 2144 2983 re-

571 3025 773 3078 cusatis
801 3041 821 3077 Δε
858 3023 972 3076 sive
1013 3021 1161 3090 quod
1201 3021 1442 3074 minores
1478 3033 1569 3073 eas
1607 3019 1828 3072 duceret
1877 3034 2039 3087 quam
2086 3029 2144 3074 ιιι

2243 551 2460 614 καὶτὰς
2513 551 2928 621 παρακειμένας
2981 553 3202 612 ἁπάσας
3261 551 3434 614 πόλεις
3486 555 3568 606 καὶ
3609 555 3746 625 χώρας

2243 643 2511 712 ἐμάστιξε
2591 644 2686 694 καὶ
2713 640 2997 710 δεσμώτας
3049 641 3388 713 ἐμφρούρους
3435 637 3592 712 εἶχεν·
3640 649 3666 712 ἡ
3705 647 3746 698 δὲ

2243 735 2460 805 φρουρὰ
2486 735 2632 804 δεινὴ
2658 735 2766 787 τῶν
2787 734 2958 788 πάλαι
2989 735 3392 804 γεγενημένων.
3419 737 3516 788 Καὶ
3545 739 3652 806 περι.
3669 741 3744 808 τῆς

2243 827 2451 879 τούτων
2514 826 2772 889 ἁλώσεως
2835 827 2930 878 καὶ
2985 827 3095 879 τῶν
3132 825 3379 878 ἐντεῦθεν
3424 831 3751 894 συμπεσόντων

2256 919 2462 980 τούτοις
2491 919 2683 970 δεινῶν
2721 921 3065 988 μεμαθηκὼς
3095 921 3122 971 ὁ
3149 920 3518 988 αὐτοκράτωρ,
3549 919 3753 973 ἐδάκνετο

2243 1025 2301 1059 τε
2349 1009 2446 1073 τὴν
2503 1007 2679 1078 ψυχὴν
2729 1010 2824 1060 καὶ
2871 1009 2991 1070 ὅλος
3045 1008 3144 1078 τῆς
3197 1009 3415 1062 ἐκείνων
3459 1010 3754 1080 ἀναρρύσεως

2245 1101 2495 1168 ἐγεγόνει
2525 1115 2538 1129 ⁸
2571 1102 2668 1151 καὶ
2719 1101 3228 1170 μεταπεμψάμενος
3269 1099 3500 1168 Νικήταν
3551 1103 3628 1152 τὴν
3675 1103 3754 1152 Πε-

2244 1193 2598 1262 νουκωμίτην
2625 1193 2669 1224 ”
2701 1193 2842 1261 μετὰ
2879 1193 3180 1262 χρημάτων
3199 1192 3336 1262 πρὸς
3364 1191 3450 1245 τὸν
3477 1192 3756 1244 Βαϐυλώνιον

2253 1283 2607 1347 ἐξαπέστειλε
2642 1283 2863 1352 γραφὰς
2919 1284 3053 1353 πρὸς
3091 1283 3254 1336 αὐτὸν
3307 1285 3597 1354 ἐγχειρίσας
3615 1285 3668 1336 δι’
3705 1279 3758 1336 ὧν

2243 1377 2371 1438 τοὺς
2399 1373 2776 1444 δορυαλώτους
2801 1375 3051 1435 ἐκείνους
3077 1378 3264 1446 ᾐτεῖτο
3293 1379 3556 1445 κόμητας,
3610 1378 3761 1439 πολλὰς

2249 1467 2636 1534 ὑποσχόμενος
2663 1466 2815 1536 αύτῴ
2844 1467 2944 1530 τὰς
2999 1468 3230 1537 χάριτας
3276 1469 3324 1520 εἰ
3379 1469 3587 1531 τούτους
3634 1469 3760 1528 λύσας

2246 1559 2353 1610 τῶν
2391 1559 2607 1628 δεσμῶν
2643 1559 2932 1614 ἀπολύσει.
2981 1557 3055 1611 Ὀ
3095 1559 3152 1611 δὲ
3183 1559 3519 1622 Βαϐυλώνιος
3560 1563 3641 1612 τὸν
3681 1563 3765 1613 ﬂa-

2249 1651 2597 1721 νουκωμίτην
2637 1652 2996 1720 Θεασάμενος,
3025 1655 3120 1706 καὶ
3151 1655 3395 1715 ἀκούσας
3431 1655 3554 1706 ἄττα
3573 1653 3628 1723 δὴ
3651 1652 3766 1722 παρὰ

2248 1745 2342 1796 τοῦ
2379 1743 2786 1813 αὐτοκράτορος
2815 1743 2950 1813 πρὸς
2983 1743 3148 1796 αὑτὸν
3196 1744 3524 1814 διεμηνύῦη,
3575 1743 3769 1808 ἀνελέξιξ

2249 1838 2307 1891 δὲ
2372 1840 2466 1892 καὶ
2535 1841 2638 1901 τὰς
2698 1839 2915 1910 γραφὰς
2971 1839 3091 1893 λύει
3142 1841 3243 1910 μὲν
3303 1843 3622 1912 παραχρῆμα
3673 1841 3768 1901 τοὶς

2253 1930 2498 2000 κόμητας
2521 1929 2634 1982 τῶν
2674 1930 2914 2000 δεσμῶν,
2961 1931 3146 1999 ἐξάγει
3193 1933 3252 1985 δὲ
3295 1933 3398 2002 τῆς
3455 1935 3688 2003 φρουρᾶς.
3719 1935 3774 1984 Οὔ

2253 2019 2437 2088 μέντοι
2474 2035 2535 2085 γε
2573 2019 2852 2084 παν-ελῶς
2881 2021 3198 2090 ἐλευθερίας
3249 2023 3452 2085 αὐτοὺς
3501 2025 3642 2090 ἀξιοῖ,
3673 2022 3774 2074 ἀλλὰ

2249 2114 2327 2185 τῷ
2361 2115 2762 2186 Πανουκωμίτῃ
2833 2115 3192 2187 παραδίδωσι,
3235 2117 3378 2188 πρὸς
3439 2117 3527 2170 τὸν
3565 2117 3781 2184 αὐτοκρὲ-

2251 2223 2386 2276 τορα
2413 2207 2638 2269 τούτους
2669 2207 3087 2272 ἐξαποστείλας,
3133 2209 3434 2278 μηδοτιοῦν
3456 2212 3558 2260 τῶν
3581 2209 3780 2260 ἀποστα-

2248 2297 2448 2351 λέντων
2472 2299 2775 2370 χρημάτων
2813 2300 3243 2370 ἀναλαϐόμενος,
3269 2303 3386 2356 εἴτε
3412 2301 3466 2352 δὲ
3495 2302 3565 2362 ὡς
3595 2299 3660 2368 μὴ
3685 2299 3786 2348 ἀπ.-

2249 2390 2504 2459 χρώντων
2536 2391 2673 2460 πρὸς
2700 2390 2970 2444 τοσούτων
3020 2390 3240 2460 λύτρον,
3313 2395 3426 2444 εἴτε
3455 2389 3542 2444 καὶ
3593 2387 3781 2456 δωρολη·

2249 2478 2378 2548 φίας
2410 2479 2698 2550 ὲῑιεεινὶεύγων
2729 2481 3011 2545 ὑπόνοιαν,
3047 2483 3140 2533 καὶ
3167 2482 3246 2543 ὡς
3283 2483 3362 2551 μὴ
3390 2484 3625 2550 φαίνοιτο
3659 2477 3789 2546 τιμὲς

2248 2573 2475 2634 τούτους
2513 2572 2924 2640 ἀποδιδόμενος,
2985 2573 3122 2626 ἀλλὰ
3186 2575 3450 2643 καθαρὰν
3519 2573 3614 2640 τὴν
3663 2570 3788 2638 χάριν

2249 2663 2540 2731 ἀπονέμων
2569 2663 2647 2731 τῷ
2683 2663 2898 2732 βασιλεῖ
2923 2663 3015 2715 καὶ
3037 2662 3366 2732 ἀκίϐδηλον,
3408 2665 3520 2717 εἴτε
3545 2661 3633 2714 καὶ
3673 2657 3792 2710 πλει-

2247 2753 2384 2804 όνων
2415 2752 2724 2821 ἐφιέμενος,
2759 2752 2893 2816 Θεὸς
2925 2754 2990 2807 ἂν
3022 2755 3216 2822 εἰδείη.
3244 2755 3494 2818 Τούτους
3517 2757 3542 2807 ό
3588 2749 3791 2822 βασιὶιὶί

2248 2844 2654 2909 καταλαϐόντας
2687 2846 3024 2916 οεασάμενος
3057 2847 3433 2919 ὑπερηγάσθη
3485 2847 3578 2917 μὲν
3609 2845 3694 2914 τὴν
3723 2837 3796 2891 τθῦ

2250 2937 2529 3010 βαρϐάρου
2562 2938 2790 3010 γνώμην
2829 2940 2926 2992 καὶ
2977 2939 3364 3011 τεθαύμακεν.
3420 2938 3708 2996 Ἐπιπόνως
3755 2929 3798 2981 δὲ

2248 3031 2474 3096 τούτους
2551 3033 2682 3102 περὶ
2741 3031 2850 3084 τῶν
2899 3032 3343 3101 συμϐεϐηκότων
3397 3034 3582 3094 αὐτοῖς
3629 3029 3801 3093 ἐπερω-

573 3119 626 3171 in
655 3117 882 3186 pretium
920 3123 995 3167 tot
1029 3112 1320 3180 taliumque
1350 3112 1586 3178 capitum
1625 3122 1844 3180 possent
1871 3111 2137 3176 sufﬁcere;

2246 3124 2416 3192 τήσας
2476 3123 2570 3174 καὶ
2599 3122 2934 3193 μεμαθηκὼς
2987 3125 3135 3187 ὅπως
3171 3126 3272 3178 ἐπὶ
3329 3125 3593 3178 τοσοῦτον
3649 3117 3806 3187 χρόνεν

573 3210 688 3263 sive
720 3207 862 3276 quod
895 3205 1136 3258 avaritiae
1167 3203 1530 3272 suspicionem
1561 3201 1772 3272 fugeret
1800 3220 1814 3268 ;
1846 3203 1959 3258 sive
1989 3204 2142 3258 deni-

572 3313 678 3368 que
703 3298 844 3366 quod
883 3303 1049 3350 totatn
1077 3310 1191 3349 rem
1223 3294 1476 3364 imputari
1507 3293 1574 3347 ab
1605 3294 1930 3362 imperatore
1958 3295 2143 3349 solida:

572 3390 777 3460 gratiae,
804 3399 858 3444 et
883 3387 1153 3440 reddendo
1183 3389 1281 3456 ipsi
1315 3387 1604 3456 aliquando
1639 3403 1758 3440 cum
1789 3403 1952 3442 usura
1981 3387 2142 3460 347

575 3481 855 3545 beneﬁcio,
887 3479 1130 3533 studeret
1161 3493 1174 3530 :
1210 3493 1438 3545 quarum
1468 3479 1851 3546 cogitationum
1886 3495 2006 3547 quae
2050 3496 2140 3548 po-

576 3574 839 3628 tissimum
874 3571 1014 3640 apud
1039 3567 1270 3623 Barbari
1305 3568 1543 3622 animum
1582 3569 1944 3637 praevaluerit,
2003 3571 2144 3625 Deus

570 3663 779 3721 scilicet
815 3663 983 3717 novit.
1007 3661 1132 3716 Utnt
1161 3660 1229 3713 sit
1254 3659 1510 3715 deductos
1537 3660 1602 3713 ad
1635 3675 1695 3714 se
1725 3661 1968 3729 captivos
1995 3662 2144 3730 prius

573 3757 799 3813 cc-'z'.itcs
857 3739 1150 3822 imperator
1215 3767 1462 3816 cernens,
1527 3749 1848 3806 facilitatem
1906 3751 2140 3808 inﬁdelis

575 3865 594 3918 [
641 3848 832 3917 incipis
865 3855 918 3900 et
945 3845 1098 3899 valde
1133 3844 1434 3898 admiratus
1458 3854 1564 3907 est,
1609 3853 1660 3898 et
1695 3845 1747 3897 in
1777 3845 1908 3899 lucri
1955 3861 2018 3899 ac
2051 3848 2144 3901 be-

575 3939 750 3994 neticii
781 3938 1000 3991 maximi
1029 3947 1181 4005 parte
1215 3935 1536 3990 numeravit.
1561 3933 1730 3990 Porro
1754 3935 1895 4004 ipsos
1923 3937 2146 3992 miseros

573 4031 718 4086 onmi
751 4029 1060 4098 complexus
1101 4027 1406 4090 citaritate,
1461 4025 1664 4078 nullum
1715 4027 1874 4081 linem
1917 4043 2144 4095 percon-

575 4122 718 4177 tandi
763 4121 999 4174 faciebat
1051 4117 1414 4184 audiendique
1465 4117 1530 4169 de
1575 4131 1775 4184 nupera
1828 4116 2144 4174 infelicitate

572 4217 806 4282 ipsorum
837 4227 850 4262 :
889 4219 1048 4276 atque
1081 4206 1154 4260 illi
1193 4221 1314 4260 cum
1357 4213 1640 4258 narrarent
1673 4221 1794 4262 sese
1819 4216 1966 4262 tanto
1997 4219 2136 4262 tem-

571 4316 722 4372 pore,
755 4309 941 4367 totque
971 4297 1201 4351 evolutis
1233 4296 1475 4364 periodis
1503 4295 1759 4350 solarium
1814 4297 2026 4351 orbium
2073 4314 2138 4353 ex

570 4409 679 4463 quo
707 4393 759 4446 in
788 4403 1059 4445 carcerem
1098 4388 1300 4441 detrusi
1331 4385 1562 4450 fuerant,
1605 4387 1774 4442 solem
1819 4390 2020 4444 vidisse
2066 4407 2134 4445 ne

571 4483 736 4536 semel
763 4481 1001 4548 quidem,
1034 4492 1098 4532 ac
1139 4491 1314 4546 neque
1360 4479 1426 4530 ad
1481 4489 1812 4533 momentum
1871 4481 2140 4536 relaxatus

571 4587 690 4626 esse
717 4588 747 4625 a
779 4569 1030 4634 vinculis,
1071 4569 1165 4622 sed
1206 4584 1308 4622 nec
1338 4569 1501 4622 alium
1547 4571 1772 4624 omnino
1817 4586 2140 4641 quemquam

570 4675 814 4732 gustasse
841 4661 1018 4717 cibum
1055 4669 1146 4714 aut
1187 4669 1370 4729 potum
1416 4675 1578 4729 quam
1611 4677 1804 4729 panem
1849 4670 1903 4716 et
1947 4679 2139 4733 aquam

571 4773 795 4819 mentun,
823 4751 1240 4821 colliquescebat
1285 4750 1585 4806 calentibus
1625 4751 1878 4822 lacrymis
1919 4755 2039 4824 pius
2071 4767 2142 4818 et

573 4854 843 4904 humanus
871 4847 1153 4913 princeps;
1195 4852 1250 4898 et
1295 4859 1404 4896 nott
1445 4843 1631 4914 utique
1657 4847 1828 4901 otiosa
1863 4849 2194 4915 significa“.

570 4945 716 4998 tione
765 4936 1146 4993 misericordiae
1193 4951 1253 4989 se
1304 4935 1616 4989 defunctum
1679 4947 1852 5004 ratus,
1908 4940 2139 5011 insuper

569 5036 711 5088 otntti
741 5032 1044 5104 oggerenda
1080 5029 1234 5098 copia
1265 5037 1690 5097 opportuuarum
1731 5046 1942 5096 rerum,
1977 5047 2140 5102 pecu-

571 5129 800 5190 niaruut,
833 5122 1099 5180 ciborum,
1133 5121 1387 5182 vestium,
1437 5119 1754 5174 balnearum
1792 5124 1925 5192 quin
1972 5125 2133 5180 etiam

567 5230 618 5268 ei
657 5210 989 5267 remissionis
1031 5219 1280 5270 cantet-te,
1319 5207 1631 5278 abstergere
1679 5209 1785 5264 illis
1820 5213 2136 5268 memoriam

569 5301 799 5357 lliS‘lliEB
829 5299 1046 5367 prioris,
1073 5309 1126 5350 et
1157 5295 1430 5374 fortunam
1463 5297 1740 5353 meliorem
1774 5301 1946 5369 plenis
1978 5305 2140 5359 totius

569 5391 912 5461 benignitatis
943 5388 1134 5441 oﬂiciis
1155 5389 1444 5456 propinare
1480 5389 1782 5458 satagebat,
1815 5387 2138 5451 mirantibus

569 5485 682 5536 sine
709 5483 810 5534 line
849 5479 999 5546 ipsis,
1032 5491 1094 5531 ac
1124 5491 1398 5545 nunquam
1417 5479 1550 5534 satis
1575 5483 1854 5548 suspicere
1874 5486 2130 5554 praedica-

2251 3215 2345 3266 καὶ
2409 3213 2679 3267 τοσούτων
2728 3213 2945 3268 κύκλων
2981 3215 3273 3285 περιόδους
3333 3216 3639 3286 ἕμφρουροι
3685 3209 3806 3263 οντες

2249 3307 2372 3358 οὐδὲ
2436 3305 2585 3370 ἅπαξ
2639 3306 2798 3376 ⁴ἥλιον
2861 3306 3202 3373 ἐθεάσαντο,
3269 3307 3404 3361 οὐδὲ
3461 3307 3570 3358 τῶν
3629 3297 3812 3365 δεσμῶν

2250 3398 2539 3468 ἐλύθησαν,
2607 3397 2741 3452 ἀλλά
2793 3399 2888 3452 καὶ
2947 3399 3161 3466 τροφῶν
3249 3399 3538 3452 παντοίων
3598 3393 3812 3460 ἄγευστοι

2247 3491 2306 3543 τὸ
2359 3491 2621 3559 παράπαν
2681 3491 2773 3543 ἐπὶ
2819 3489 3076 3544 τοσοῦτον
3143 3490 3686 3559 διαμεμενήκεσαν,
3743 3477 3800 3546 μά

2247 3599 2337 3634 νου
2385 3583 2547 3650 ἄρτου
2589 3583 2682 3634 καὶ
2725 3579 2918 3642 ὓδατος
2976 3581 3540 3651 μεταλαμϐάνοντες,
3573 3572 3814 3640 οἰκτείρις

2249 3671 2344 3723 τοῦ
2380 3671 2586 3734 πάθους
2611 3671 2707 3724 καὶ
2741 3671 2949 3742 θερμὸν
2971 3671 3342 3736 καταστάξας
3377 3673 3622 3739 δάκρυον
3649 3663 3820 3728 πολλῆς

2251 3761 2600 3831 παραχρῆμα
2627 3759 2783 3829 ἠξίου
2811 3759 3253 3830 φιλοφροσύνης,
3293 3762 3576 3833 χρήματά
3611 3773 3666 3809 τε
3719 3755 3817 3804 ἐπι·

2247 3851 2372 3914 δοὺς
2400 3851 2496 3903 καὶ
2525 3849 2707 3921 ἄμφια
2759 3853 2994 3905 παντοῖα
3049 3854 3381 3922 παρασχών
3406 3871 3422 3884 ο
3469 3854 3552 3912 είς
3593 3841 3822 3919 βαλανείᾱι

2248 3957 2313 3992 τε
2347 3940 2790 4010 προτρεπόμενος
2813 3940 2905 3992 καὶ
2928 3941 3204 4005 παντοίως
3233 3942 3348 4010 τῆς
3383 3939 3661 4007 τοσαύτης
3689 3929 3821 3986 κακά’

2247 4049 2408 4102 τητος
2439 4032 2853 4101 ἀνακτήσασθαι.
2883 4029 3106 4094 τούτους
3153 4031 3612 4102 μηχανώμενος.
3673 4025 3729 4078 Οἱ
3781 4019 3824 4070 δὲ

2247 4125 2465 4195 ἔχαιρον
2505 4119 2691 4192 ὲφόἷς
2731 4122 2886 4193 παρὰ
2914 4122 3010 4176 τοῦ
3035 4124 3478 4195 αὐτοκράτορος
3539 4119 3601 4173 εὖ
3653 4111 3821 4167 πεπέν.

2247 4217 2404 4271 Θασιν
2429 4218 2478 4269 οἱ
2543 4217 2670 4286 πρὶν
2715 4216 2902 4286 ἐχθροὶ
2949 4217 3044 4268 καὶ
3087 4215 3406 4284 πολέμιοι,
3471 4217 3522 4268 οἱ
3552 4208 3824 4281 παραϐἀτει

2246 4309 2355 4362 τῶν
2393 4309 2527 4378 πρὸς
2552 4307 2714 4360 αὐτὸν
2741 4308 2945 4378 ὁρκίων
2985 4307 3078 4359 καὶ
3107 4307 3499 4376 ὑποσχέσεων
3529 4303 3629 4372 τὴν
3653 4292 3822 4352 τοσαῦ-

2247 4417 2346 4471 την
2391 4402 2447 4462 ἐς
2495 4399 2696 4460 αὐτοὺς
2751 4397 3150 4460 κατανοοῦντες
3219 4399 3634 4465 ἀνεξικακίαν.
3683 4391 3738 4441 '0
3783 4383 3826 4434 δὲ

2250 4488 2372 4559 μεθ’
2399 4489 2616 4560 ἡμέρας
2649 4488 3149 4558 μεταπεμψάμενος
3173 4486 3430 4550 τούτους
3467 4487 3598 4556 ἔφη*
3635 4479 3827 4536 Ἀὃειαν

2243 4579 2395 4648 ὑμῖν
2417 4580 2524 4633 τοῦ
2563 4577 2785 4633 λοιποῦ
2821 4577 3030 4646 δίδωμι
3077 4579 3182 4630 ἵνα
3235 4580 3507 4632 ὁπόσον
3559 4565 3828 4641 ,βούλεσθε

2243 4667 2395 4720 κατὰ
2452 4669 2679 4734 ταύτην
2733 4665 2849 4734 τὴν
2916 4667 3102 4719 πόλιν
3165 4665 3692 4736 ἐγκαρτερήσητε
3727 4651 3826 4726 μεθ’

2209 4759 2430 4842 ¹ςιὶμιῖηρ.
2503 4760 2802 4827 Ὀπηνίκα
2855 4759 2923 4812 δέ
2975 4777 3065 4824 τις
3112 4757 3252 4812 τῶν
3312 4761 3572 4814 οἰκείων
3625 4757 3828 4842 ἐξυμνο-

2241 4852 2412 4916 σθεὶς
2467 4851 2750 4918 ἐθελήσω
2793 4851 3146 4920 ἀναχωρεῖν,
3183 4921 3188 4924 ι
3219 4853 3582 4916 ἀκωλύτως
3637 4839 3828 4902 καὶτῆς

2241 4947 2390 5012 πρὸς
2423 4945 2495 4998 τὰ
2524 4944 2681 4998 οἴκοι
2740 4945 3049 5012 φερούσης
3088 4942 3343 5011 ἅψαιτο
3405 4939 3830 5008 συνταξάμενος

2241 5035 2404 5104 ἡμῖν’
2461 5035 2558 5088 καὶ
2615 5035 2768 5089 οὕτω
2827 5035 2925 5089 διὰ
2977 5037 3332 5104 χρημάτων
3398 5037 3506 5089 καὶ
3577 5023 3826 5086 παντοίας

2241 5124 2438 5192 ἄλλης
2466 5125 2811 5193 οἰκονομίας
2837 5122 3236 5192 ἐφοδιασθεὶς
3299 5123 3522 5191 καλῶς
3573 5117 3830 5175 arentia"?

2243 5216 2393 5283 θείη.
2419 5217 2528 5269 Καὶ
2553 5214 2760 5281 ἁπλῶς
2789 5221 2885 5268 καὶ
2914 5215 3202 5284 παρεῖναι
3227 5218 3344 5270 καὶ
3373 5219 3632 5272 ἀπεῖναι
3657 5209 3832 5264 ἄδειαν

2245 5308 2408 5374 ἔχειν
2474 5305 2631 5376 ὑμᾶς
2683 5309 3004 5376 βούλομαι,
3069 5306 3177 5360 καὶ
3259 5308 3340 5363 τὸ
3401 5303 3718 5375 ,βουλητὸν
3769 5293 3832 5358 ὡς

2246 5399 2604 5466 ἐλευθέρους
2641 5401 2789 5452 κατὰ
2813 5399 2928 5466 τὴν
2948 5397 3190 5451 οἰκείαν
3227 5400 3504 5470 γνώμην
3559 5395 3828 5464 πράττειν.

2245 5487 2426 5543 Ἦσαν
2458 5490 2559 5560 μὲν
2585 5490 2677 5543 οὖν
2705 5491 2845 5554 τέως
2873 5491 2922 5542 oi.
2957 5490 3214 5558 κόμητες
3255 5491 3418 5564 μετὰ
3451 5490 3548 5548 τοῦ
3597 5478 3830 5556 αὐτοκρά·

1641 5641 1840 5704 Varite
1867 5643 2169 5709 lectiones
2200 5665 2278 5711 ex
2321 5645 2464 5709 cod.
2488 5647 2736 5708 Coislin.

646 5769 690 5802 ⁸⁸
719 5770 1151 5840 Πανουκομίτην.
1193 5769 1283 5827 Sic
1315 5783 1552 5841 semper.
