4040 6280
273 386 370 446 κη

1514 378 1930 440 ALEXIAIHS
1966 377 2117 439 LIB.
2139 377 2277 436 Xll.

3405 378 3508 439 878

272 509 429 562 τορος
453 491 746 554 παντοίας,
780 492 853 553 ὡς
902 491 1141 559 εἴρηται,
1195 492 1493 562 θεραπείας
1528 493 1848 560 ἀξιούμενοι

1967 503 2121 556 reque
2155 485 2456 540 valentibus
2491 495 2695 539 laniant
2729 486 3075 554 imperatoris
3124 487 3175 540 in
3208 502 3265 541 se
3313 488 3385 540 illi
3441 506 3521 539 re—

276 588 367 639 καὶ
390 584 863 646 δυσαποσπάστως
893 584 1059 637 αὑτοῦ
1100 582 1338 652 ἔχοντες.
1394 585 1547 636 Ἐπεὶ
1571 585 1626 637 δὲ
1650 588 1854 652 Λογγι-

278 677 505 747 σαρδίαν
538 678 563 727 ὀ
591 675 925 744 Βαῖμοῦντος
960 675 1307 735 καταλαϐὼν,
1338 676 1412 737 ὡς
1445 678 1471 727 ὁ
1508 675 1666 740 λόγος
1709 676 1847 743 φθά-

284 783 381 828 σας
425 766 661 836 ἐδήλωσε
705 765 876 816 πλείω
909 765 1016 816 τῶν
1080 767 1362 834 προτέρων
1418 770 1851 833 στρατευμάτων

282 858 530 911 σπεύδων
602 858 948 924 συναγαγεῖν,
1025 856 1194 909 πολλὰ
1278 856 1371 907 τοῦ
1448 856 1852 926 αὐτοκράτορος

280 950 598 1019 κατέτρεχε,
636 949 777 1001 κατὰ
811 949 989 999 πᾶσαν
1025 948 1180 998 πόλιν
1240 948 1335 999 καὶ
1384 947 1567 1016 χώραν
1625 947 1841 1015 περιϊὼν

282 1040 377 1092 καὶ
401 1040 643 1106 παγάνον
696 1039 857 1091 αὑτὸν
891 1041 1119 1108 λαμπρᾷ
1156 1041 1221 1109 τῇ
1254 1042 1415 1109 φωνῇ
1462 1039 1853 1108 ἀνακηρύττων

284 1133 378 1185 καὶ
434 1133 546 1193 τοῖς
603 1131 867 1197 παγὲινοις
913 1130 1023 1200 (95)
1072 1130 1169 1202 ὅλῃ
1218 1134 1415 1200 γνώμῃ
1478 1131 1853 1200 ὲπαρήγοντα.

283 1220 459 1273 Τοῦτο
507 1224 534 1273 ὁ
584 1222 947 1288 αὐτοκράτωρ
1006 1221 1345 1289 μεμαθηκὼς
1401 1222 1524 1282 τοὺς
1584 1221 1849 1291 ῥηθέντας

285 1312 553 1381 κδμητας,
588 1312 647 1363 τὸ
676 1311 774 1378 μὲν
828 1328 909 1363 τοι
932 1311 973 1341 ³¹
1008 1313 1100 1362 καὶ
1137 1312 1314 1363 αὐτῶν
1364 1311 1846 1380 προθυμουμένων

285 1406 387 1473 ἥδη
422 1403 557 1472 πρὸς
599 1402 697 1465 τὰς
764 1402 913 1470 σφῶν
948 1404 1174 1456 ἀπιέναι
1212 1402 1421 1472 χώρας,
1475 1403 1536 1453 τὸ
1568 1404 1624 1454 δέ
1671 1420 1723 1453 τι
1763 1404 1855 1454 καὶ

287 1496 423 1564 πρὸς
461 1494 685 1563 ἔλεγχον
716 1494 824 1546 τῶν
861 1495 978 1547 κατ’
1008 1494 1173 1547 αὑτοῦ
1206 1496 1355 1563 παρὰ
1387 1493 1481 1545 τοῦ
1515 1492 1855 1560 Βαῖμούντου

284 1586 856 1654 διακηρυκευομένων,
924 1586 1164 1655 δαψιλεῖς
1213 1586 1309 1647 τὰς
1342 1584 1552 1654 δωρεὰς
1595 1587 1857 1653 ἐπιχορηο

284 1678 461 1745 γήσας
526 1677 742 1738 αὐτοῖς,
810 1676 992 1729 οἴκαδε
1077 1672 1497 1739 ἐξαπέστειλεν·
1566 1676 1728 1737 αὐτὸς
1801 1676 1857 1728 δὲ

284 1765 421 1833 πρὸς
448 1765 547 1833 τὴν
579 1764 849 1818 Θετταλοῦ
890 1766 1045 1817 πόλιν
1076 1764 1387 1827 σπουδαίως
1411 1764 1583 1835 ἐξῄει,
1605 1765 1721 1831 ἅμα
1755 1766 1852 1833 μὲν

1958 581 2129 635 belles
2174 595 2236 631 ac
2272 578 2515 645 periuros
2555 580 2887 646 patientiam.
2941 581 3030 633 Ille
3073 596 3201 635 vero
3239 572 3519 650 postquam

1957 672 2056 724 ista
2087 670 2416 737 indulgentia
2444 669 2626 722 multis
2657 670 2846 722 diebus
2869 686 2961 722 eos
2995 671 3199 735 habuit,
3231 674 3523 727 accersitus

1957 763 2022 814 ad
2057 777 2114 815 se
2145 763 2223 814 sie
2250 763 2512 815 allocutus
2540 772 2620 814 est
2656 780 2670 816 :
2705 760 2844 825 Quid
2876 764 3095 826 malitis;
3126 764 3198 816 rel
3228 762 3310 816 llic
3342 774 3393 815 ut
3427 766 3522 815 ltu-

1957 869 2131 909 ctenus
2165 861 2303 921 apud
2334 874 2426 909 nos
2462 858 2726 908 nobiscum
2766 860 2966 922 vivere,
3000 860 3076 909 vel
3118 868 3205 908 aut
3245 859 3295 909 in
3336 859 3519 909 domos

1958 958 2152 999 vestras
2183 956 2274 997 aut
2312 949 2416 998 alio
2448 963 2678 1015 pergere,
2716 948 2869 998 vestri
2898 947 3052 1010 plane
3074 946 3217 1013 juris
3254 959 3410 1013 atque
3440 967 3522 999 ur—

1958 1039 2101 1091 bitrii
2150 1039 2310 1104 facio.
2360 1040 2568 1090 Maneat
2622 1056 2715 1090 nos
2762 1048 2967 1091 tantum
3016 1040 3059 1091 si
3100 1040 3188 1107 qui
3222 1039 3354 1107 forte
3382 1040 3527 1093 abire

1956 1136 2110 1188 rotet,
2144 1132 2461 1181 instruamus
2496 1146 2610 1181 eum
2643 1131 2853 1195 copioso
2884 1131 3111 1193 viatico;
3144 1141 3191 1181 et
3238 1146 3395 1199 super
3421 1147 3518 1184 ca:-

1959 1231 2122 1271 teram
2170 1220 2577 1271 sollicitudinem
2623 1218 2958 1287 providenda:
2992 1219 3072 1270 illi
3107 1222 3404 1272 securitatis
3438 1222 3529 1274 viae

1956 1307 2208 1376 cujusvis,
2226 1311 2382 1360 etiam
2414 1308 2796 1375 untplis'ipsuttt
2821 1311 3116 1360 muneribus
3138 1325 3525 1378 prosequemur.

1961 1392 2183 1450 Tenum
2221 1416 2282 1451 ne
2316 1401 2432 1467 quis
2482 1401 2621 1450 mala
2654 1400 2756 1466 ﬁde
2787 1418 2839 1450 se
2871 1399 3147 1451 liberatum
3184 1403 3329 1466 queri
3366 1403 3531 1467 possit

1958 1500 2050 1540 aut
2085 1508 2186 1542 non
2244 1493 2295 1543 in
2349 1488 2554 1554 plenam
2612 1503 2865 1543 assertum
2914 1490 3230 1555 Lbertutcm,
3282 1494 3529 1545 denuntio

1958 1579 2113 1643 plane
2140 1598 2200 1632 ac
2231 1583 2483 1647 prrrrlico,
2506 1584 2658 1633 restri
2680 1599 2763 1634 vos
2780 1581 2922 1649 juris
2952 1600 3013 1633 ac
3049 1583 3226 1635 liberte
3252 1584 3526 1649 potestatis

1956 1689 2067 1725 esse
2110 1688 2304 1725 omnes.
2361 1672 2481 1726 Sive
2540 1673 2784 1735 manetis,
2824 1674 3046 1739 jucundi
3104 1674 3370 1741 hospites;
3425 1675 3531 1727 sive

1960 1764 2142 1825 abitis,
2179 1765 2321 1832 gruti
2372 1764 2712 1815 nihilominus
2764 1764 2942 1817 amici.
2982 1763 3076 1817 His
3109 1764 3181 1816 illi
3233 1766 3428 1818 auditis
3468 1781 3533 1815 eo

285 1858 409 1919 τοὺς
434 1858 697 1927 νεήλυδας
745 1856 810 1908 τὰ
859 1858 1221 1925 στρατιωτικὰ
1273 1857 1575 1917 παιδεύειν,
1630 1856 1743 1922 ἅμα
1802 1855 1856 1907 δὲ

1967 1858 2128 1923 magis
2160 1859 2211 1909 in
2248 1857 2490 1907 nmuemli
2537 1858 2808 1922 proposito
2839 1856 3142 1909 continuati
3176 1865 3336 1920 sunt,
3373 1856 3518 1924 quod

286 1949 382 2000 καὶ
422 1948 513 1999 τὸν
578 1947 910 2013 Βαῖμοῦντον
976 1950 1039 1998 ἐκ
1103 1949 1207 2015 τῆς
1280 1949 1405 2015 περὶ
1460 1946 1621 1998 αὑτοῦ
1674 1949 1861 2014 φήμης

287 2038 654 2108 ἀπείργεσθαι
697 2039 795 2106 τῆς
823 2038 927 2090 ἀπὸ
958 2038 1356 2108 Λογγιὸσίάίας
1405 2037 1538 2105 πρὸς
1566 2037 1665 2105 τὴν
1730 2038 1865 2105 ἡμε-

287 2050 654 2108 απειργεσυαι
697 2055 795 2106 της
823 2050 927 2090 απὸ
958 2050 1356 2181 manu?“
1405 2050 1538 2105 προς
1566 2050 1665 2105 την
1730 2050 1860 2105 ημε-

285 2131 465 2196 δαπὴν
487 2128 963 2195 διαπεραιώσεως.
1010 2130 1175 2181 Ἀπελ
1246 2146 1369 2191 ντες
1392 2130 1574 2180 τοίνυν
1604 2129 1652 2181 οἱ
1683 2128 1860 2197 κόμη-

284 2239 377 2285 τες
407 2224 603 2274 ἐκεῖνοι
625 2221 837 2290 ἔλεγχοι
859 2220 953 2273 τοῦ
991 2220 1322 2286 Βαῖμούντου
1354 2220 1610 2288 γεγόνασι
1638 2219 1866 2288 ἀψευδέ-

290 2330 478 2366 στατοι
528 2313 825 2366 ἀπατεῶνα
871 2312 1165 2374 καλοῦντες
1222 2311 1408 2371 αὑτὸν,
1463 2312 1561 2364 καὶ
1617 2312 1736 2380 μηδ’
1770 2312 1861 2364 ἐπὶ

286 2403 367 2472 τῷ
390 2402 1080 2472 τυχόντιηὲπαληθεύοντα,
1140 2402 1283 2455 κατὰ
1340 2402 1633 2471 πρόσωπον
1696 2402 1861 2454 αὐτὸν

291 2494 555 2558 πολλάκις
587 2495 902 2565 ἐλέγχοντες
928 2497 1215 2565 μάρτυρας
1245 2492 1611 2555 αύτοπίστους
1636 2493 1864 2554 ἑαυτοὺς

288 2586 683 2649 καθιστῶντες.

1962 1948 2205 2002 iunctam
2238 1944 2469 1998 humana
2506 1947 2764 1999 relaxatio
2812 1946 3076 1999 libertatis
3109 1946 3356 2000 obnoxiae
3382 1988 3395 2011 ,
3428 1962 3524 2000 ve-

1964 2039 2218 2093 recundia
2253 2040 2397 2105 ipsos
2439 2039 2671 2105 quadam
2703 2049 2754 2091 et
2793 2054 2931 2091 nova
2987 2038 3349 2092 teneritudine
3393 2038 3530 2106 grati

1964 2134 2149 2197 animi,
2184 2134 2393 2187 catenis
2428 2133 2707 2202 quibusvis
2742 2148 2806 2187 eo
2837 2128 3061 2187 fortiore
3083 2147 3190 2197 quo
3228 2130 3533 2191 blandiore,

1964 2224 2218 2293 alligabat
2273 2224 2547 2292 obsequiis
2579 2233 2632 2277 et
2661 2224 2979 2292 conSpectui
3017 2223 3248 2277 hominis
3300 2233 3408 2276 tam
3445 2223 3538 2274 be-

1968 2316 2147 2377 ueliei,
2193 2315 2344 2382 cujus
2393 2314 2736 2369 liberalitatis
2805 2313 3182 2381 prolixissime
3225 2312 3436 2366 fructus
3482 2310 3537 2363 in

1964 2417 2239 2461 momenta
2292 2407 2500 2474 singula
2537 2406 2841 2459 uberrimos
2881 2403 3147 2459 ferebant.
3183 2400 3383 2459 Verum
3414 2417 3537 2456 cum

1968 2497 2267 2563 accepisset
2305 2497 2601 2565 imperator
2644 2505 3040 2565 transgressum
3084 2510 3147 2547 eo
3183 2494 3337 2547 modo
3369 2506 3529 2560 q-zem

1969 2586 2251 2641 retulimus
2287 2589 2338 2641 iu
2375 2588 2805 2655 Lougobardiam
2845 2588 3198 2641 Baimundum
3238 2585 3392 2639 obire
3415 2597 3538 2651 pas-

293 2680 396 2733 sim
426 2680 676 2733 cititates
705 2679 1121 2747 principumque
1160 2680 1342 2745 aulas;
1378 2680 1558 2748 ibique
1604 2689 1711 2732 tum
1760 2678 1863 2731 alia
1904 2678 1955 2731 in
2023 2697 2080 2734 se
2154 2680 2322 2733 nmlta
2374 2680 2882 2741 maledicentissime
2923 2678 3137 2733 mentiri
3170 2719 3184 2738 .
3240 2686 3351 2730 tum
3397 2679 3540 2729 clari

291 2789 423 2828 voce
473 2774 811 2842 proclamare
862 2775 1241 2841 imperatorem
1299 2776 1545 2829 Alexium
1644 2791 1906 2844 paganum
1941 2791 2064 2831 esse
2134 2790 2577 2846 paganorutnque
2606 2776 2984 2829 auxiliatorem
3018 2791 3081 2829 ac
3112 2774 3400 2836 fautorem,
3430 2787 3541 2824 uta-

292 2877 469 2919 turum
509 2865 713 2931 putavit
758 2880 867 2919 suae
907 2848 1061 2918 fama:
1111 2880 1451 2928 succurrere,
1496 2881 1561 2921 eo
1609 2868 1749 2934 quod
1800 2868 1854 2919 in
1900 2869 2147 2921 manibus
2195 2868 2473 2930 habebat,
2513 2880 2821 2937 opportuno
2899 2867 3185 2922 subsidio:
3253 2863 3543 2919 comitibus

293 2970 488 3025 nempe
514 2956 624 3009 illis
654 2955 859 3009 Latinis
890 2972 951 3009 ac
973 2954 1197 3010 Francis
1227 2956 1339 3026 (qui
1421 2968 1476 3011 et
1552 2958 1653 3025 ipsi
1715 2957 1824 3026 jam
1851 2960 2191 3013 commodum
2228 2961 2409 3030 aliquo
2454 2961 2725 3014 desiderio
2774 2961 3069 3015 revisentlte
3121 2959 3304 3027 patria:
3345 2940 3539 3009 tentar'|

291 3049 570 3116 ceperant)
602 3064 662 3102 ea
705 3048 756 3102 in
803 3048 919 3101 loca
966 3049 1309 3103 rctnitleudis
1350 3051 1437 3104 ubi
1473 3050 1655 3104 testari
1686 3049 1754 3102 de
1796 3065 1856 3103 se
1896 3062 2212 3116 prmsentes,
2253 3060 2307 3105 et
2352 3052 2590 3105 nancisci
2630 3052 2784 3105 Iidem
2860 3062 3109 3106 auctores
3187 3049 3366 3102 itlonei
3419 3062 3542 3114 pos-

290 3152 416 3195 sent
461 3158 583 3196 cum
627 3142 871 3197 dicereut
968 3154 1023 3197 et
1079 3145 1181 3198 sibi
1268 3145 1565 3215 compertis
1612 3146 1947 3199 documentis
1979 3147 2341 3214 approbarent
2382 3163 2395 3198 :
2430 3146 2793 3201 Christianum
2828 3146 3098 3214 inprimis
3126 3154 3178 3198 et
3209 3143 3542 3195 Clu-istiatm-

295 3250 411 3287 rum
442 3236 742 3290 studiosum
777 3251 898 3291 esse
936 3236 1179 3291 Alexium
1207 3243 1527 3307 Augustum.
1558 3237 1661 3292 Eos
1688 3238 1855 3307 igitur
1896 3238 2031 3291 bene
2090 3239 2333 3293 volentes
2398 3240 2578 3307 amplo
2639 3238 2805 3308 348
2882 3239 3076 3291 \‘ialit'o
3152 3237 3445 3288 instructos
3494 3247 3543 3286 et

291 3329 450 3382 donis
478 3339 733 3382 oneratos
766 3328 1064 3397 olIiciisque
1095 3332 1374 3384 devinctos
1403 3345 1590 3384 versus
1633 3330 1840 3383 Italiam
1881 3328 2136 3386 dimittit.
2167 3329 2267 3395 Qui
2297 3346 2428 3383 sane
2479 3345 2589 3383 non
2633 3329 2921 3383 defuerunt
2958 3329 3127 3395 ipsius
3194 3327 3309 3398 spci
3348 3367 3363 3391 ,
3452 3328 3545 3380 sed

290 3419 483 3487 grandi
517 3420 716 3488 ubique
744 3420 989 3476 convicio
1017 3420 1301 3475 Baimuudi
1361 3420 1660 3475 calumnias
1728 3420 2064 3487 refutaruut;
2144 3421 2461 3476 mendacem
2530 3422 2677 3474 illum
2728 3433 2781 3474 et
2836 3420 3210 3488 intposloreut,
3263 3421 3427 3474 etiam
3488 3425 3540 3472 in

293 3511 537 3565 minimis
572 3511 875 3579 quibusque
901 3526 1019 3580 qua:
1043 3513 1304 3566 adversus
1373 3512 1621 3566 Alexium
1691 3512 2002 3578 loqueretur
2050 3528 2064 3564 :
2108 3530 2238 3569 .non
2280 3528 2412 3568 voce
2493 3522 2697 3566 tantum
2749 3511 3064 3580 profitentes
3113 3512 3307 3576 libera,
3355 3528 3543 3565 Verum

294 3604 567 3674 gravitate
594 3618 811 3673 quoque
855 3606 1150 3661 testimonii
1183 3606 1383 3660 oculati
1469 3616 1523 3660 ct
1599 3605 1931 3675 experientia
1976 3606 2211 3670 subnixi,
2243 3606 2513 3661 dictorum
2542 3604 2701 3658 ﬁdem
2735 3604 2909 3657 cuivis
2938 3603 3217 3658 facientes.
3244 3605 3314 3656 At
3362 3603 3535 3670 Augu-

293 3709 416 3754 stus
451 3696 569 3764 ipse
596 3696 697 3750 sub
720 3697 1017 3751 discessum
1038 3698 1293 3752 comitum
1323 3714 1381 3754 se
1411 3698 1857 3755 Thessalonicam
1897 3699 2193 3762 transtulit,
2233 3705 2458 3766 urgente
2492 3697 2546 3750 in
2585 3698 2637 3751 id
2676 3697 2959 3751 consilium
2990 3710 3117 3748 cura
3186 3704 3240 3749 ct
3303 3710 3400 3763 spe
3455 3698 3543 3750 du-

296 3784 446 3851 plici.
471 3784 606 3842 Nam
636 3799 691 3843 et
718 3804 889 3859 nuper
911 3792 1251 3862 conscriptos
1282 3802 1494 3862 tyrones
1518 3810 1773 3849 exercere
1808 3796 1861 3849 in
1904 3792 2226 3849 rudimentis
2261 3790 2515 3845 militaris
2547 3791 2680 3843 artis
2721 3788 3089 3845 necessarium
3116 3788 3339 3855 putabat
3393 3798 3544 3840 tanto

293 3882 613 3937 imminente
632 3883 772 3938 bello
797 3885 902 3949 ,cui
935 3886 1013 3939 rei
1035 3886 1211 3940 locum
1244 3887 1392 3940 illum
1427 3889 1644 3943 videbat
1668 3899 1870 3956 aptum;
1944 3901 1997 3942 et
2029 3887 2272 3943 eamdem
2308 3887 2494 3939 urbem
2524 3901 2631 3939 non
2667 3884 2842 3938 minus
2879 3892 3239 3952 opportunam
3309 3882 3542 3936 arbitra-

292 3977 456 4031 batur
482 3978 547 4031 ad
575 3976 689 4031 vias
721 3991 786 4029 ex
824 3978 1124 4047 propinquo
1161 3980 1475 4034 commodas
1515 3981 1859 4049 rationesque
1900 3980 2167 4035 ineundas
2229 3977 2555 4044 impediendi
2606 3991 2674 4031 ne
2757 3974 3087 4030 Bainmndus
3140 3972 3195 4028 in
3280 3973 3538 4031 ditionem

294 4067 510 4135 imperii
552 4081 617 4121 ex
650 4064 798 4119 Italia
834 4082 955 4120 cum
984 4067 1222 4121 exercitu
1258 4068 1533 4136 trajiceret

379 4159 534 4212 Ἐπεὶ
586 4159 629 4211 δ’
660 4161 693 4228 ἡ
746 4158 841 4211 τοῦ
873 4160 1212 4228 Βαῖμούντου
1255 4160 1646 4232 διαπεραίωσις
1698 4164 1862 4217 ἀπαν-

2055 4161 2190 4213 Cum
2228 4173 2357 4227 ergo
2391 4157 2481 4211 illa
2512 4156 2627 4223 ipsa
2654 4154 2940 4210 Baimundi
2978 4153 3221 4223 traiectio
3250 4154 3392 4209 velut
3422 4171 3543 4208 mox

291 4253 437 4322 ταχῆ
460 4252 505 4283 ³⁸
536 4251 789 4304 διεδίδοτο
818 4253 911 4304 καὶ
961 4253 1176 4306 πολλῶν
1229 4255 1404 4307 ὲδεὶτο
1441 4256 1469 4306 ὁ
1512 4255 1870 4327 αὐτοκράτωρ

290 4340 582 4406 δυνάμεων
622 4342 717 4391 καὶ
745 4339 1013 4408 ἀναλόγου
1048 4342 1461 4411 στρατεύματος
1490 4344 1875 4397 ἀντικαθιστα-

294 4431 464 4497 μένου
490 4431 625 4499 πρὸς
671 4431 740 4481 τὰ
793 4430 1037 4485 Κελτικὰ
1096 4432 1280 4501 πλήθη
1326 4436 1427 4487 οὐκ
1480 4435 1710 4504 ἔμελλεν
1765 4435 1875 4488 οὐδ’

290 4522 576 4586 ἀνεδύετο,
610 4524 748 4573 ἀλλὰ
777 4523 904 4585 τοὺς
948 4524 1082 4593 περὶ
1124 4525 1223 4592 τὴν
1244 4526 1447 4594 Κοίλην
1477 4528 1677 4595 Συρίαν
1713 4536 1872 4596 μετε-

290 4613 551 4680 πέμπετο
568 4613 657 4663 τὸν
678 4612 1131 4680 Καντακουζηνὺν
1147 4632 1217 4681 φη
1228 4616 1286 4682 μὶ
1307 4616 1400 4667 καὶ
1415 4616 1505 4668 τὸν
1522 4618 1873 4687 Μοναστρᾶν.

318 4704 364 4755 Ο
404 4703 504 4771 μὲν
526 4704 636 4773 γὰρ
665 4702 766 4771 τὴν
791 4702 1119 4755 Λαοδίκειαν
1156 4706 1266 4773 (94)
1302 4705 1582 4774 ὲφρούρει,
1617 4708 1645 4759 ὁ
1693 4707 1749 4759 δὲ
1780 4705 1877 4776 τὴν

289 4793 515 4860 Ἰἀρσόν
549 4807 560 4819 ·
588 4792 809 4852 τούτους
841 4788 933 4843 οὖν
961 4794 1171 4845 ἐκεῖθεν
1208 4796 1731 4863 μεταπεμπόμενος,
1772 4796 1871 4848 οὐκ

287 4884 546 4953 ἐρήμους
594 4882 693 4943 τὰς
735 4882 828 4934 ὑπ’
879 4883 1059 4935 αὐτῶν
1107 4886 1514 4955 φρουρουμένας
1541 4885 1727 4955 χώρας
1782 4889 1877 4941 καὶ

290 4973 487 5036 πόλεις
515 4973 830 5026 κατέλιπεν.
860 4974 951 5036 Εἰς
990 4976 1091 5043 μὲν
1129 4975 1236 5045 γὰρ
1268 4976 1369 5045 τὴν
1415 4977 1736 5030 Λαοδίκειαν
1779 4978 1870 5031 τὸν

287 5064 543 5126 ΙΙετζέαν
585 5064 705 5132 μεθ’
744 5063 945 5133 ἐτέρων
978 5066 1254 5135 ἐκπέμπει
1301 5067 1603 5137 δυνάμεων,
1638 5070 1693 5131 ἐς
1720 5069 1773 5121 δέ
1807 5085 1870 5135 γε

286 5155 534 5225 Ταρσὸν,
569 5156 664 5207 καὶ
694 5154 917 5216 ἁπάσας
954 5156 1051 5217 τὰς
1082 5157 1187 5207 ὑπὸ
1208 5157 1298 5208 τὸν
1329 5158 1654 5225 Μοναστρᾶν
1687 5159 1871 5220 πόλεις

282 5248 387 5299 καὶ
419 5244 626 5316 χώρας,
667 5245 761 5297 τὸν
809 5246 1121 5316 Ἀσπιέττμ
1170 5248 1332 5315 Ἀνὴρ
1367 5248 1423 5300 δὲ
1461 5242 1616 5312 οὗτος
1646 5249 1875 5317 εὐγενὴς

1980 4252 2092 4305 l'utu
2104 4266 2155 4302 ra
2183 4250 2285 4303 late
2308 4248 2695 4309 celebraretur,
2722 4246 2985 4300 subducta
3018 4246 3316 4313 imperator
3338 4245 3547 4299 ratione

1978 4358 2197 4397 suarum
2236 4355 2395 4407 opum
2445 4354 2509 4393 ac
2557 4337 2776 4401 virium,
2807 4346 3195 4407 compertoque
3225 4337 3325 4391 sibi
3360 4338 3549 4392 deesse

1977 4436 2163 4502 copias
2192 4446 2329 4501 quas
2349 4430 2461 4510 pari
2496 4445 2723 4483 numero
2745 4429 2893 4484 brevi
2924 4430 3194 4484 adfuturis
3218 4431 3547 4484 exercitium

1977 4523 2197 4580 Gallicis
2227 4530 2542 4589 opponeret,
2581 4521 2709 4574 nihil
2743 4529 2801 4574 ut
2842 4521 2896 4574 in
2940 4520 3149 4588 urgenti
3207 4520 3549 4576 necessitatis

1976 4617 2226 4679 articulo,
2273 4624 2590 4678 cunctatus,
2627 4611 2901 4668 Romanos
2940 4627 2970 4666 e
2998 4612 3333 4683 Caele—Syria
3380 4627 3538 4668 exer-

1974 4708 2118 4761 citus
2144 4706 2379 4761 accersit
2423 4723 2437 4759 :
2484 4720 2613 4770 eas,
2647 4706 2907 4773 inquam,
2955 4704 3141 4773 copias
3186 4719 3306 4772 qua:
3345 4705 3544 4771 partim

1973 4797 2229 4866 auspiciis
2269 4806 2323 4849 et
2370 4797 2529 4850 ductu
2562 4793 2930 4849 Cantacuzeni
2962 4792 3285 4847 Laodiceam
3332 4792 3538 4847 obtine-

1975 4889 2124 4952 bant,
2178 4889 2375 4957 partim
2436 4888 2535 4940 sub
2588 4885 2860 4940 Monastra
2908 4885 3137 4938 Tarsum
3191 4881 3546 4948 Ciliciamqm:

1977 4980 2289 5043 servabant,
2322 4978 2578 5031 festinare
2609 4978 2676 5029 ad
2704 4992 2762 5029 se
2791 4990 2911 5028 cum
2933 4975 3068 5040 ipsis
3094 4972 3320 5027 ducibus
3347 4983 3547 5037 prtecc-

1980 5073 2055 5139 pit
2083 5088 2096 5122 :
2131 5085 2467 5137 nequaquam
2507 5068 2625 5120 illas
2662 5077 2837 5118 tamen
2879 5064 3039 5116 urbes
3070 5078 3133 5116 ac
3164 5061 3414 5129 regiones
3447 5060 3509 5108 tl.-

1979 5174 2162 5211 serens
2198 5159 2410 5225 penitus
2444 5166 2535 5209 aut
2570 5156 2879 5223 relinquens
2931 5151 3124 5204 nudas.
3176 5148 3307 5203 Nam
3354 5148 3548 5201 Laodi-

1983 5263 2134 5302 ceam
2166 5247 2381 5315 quidem
2425 5262 2563 5299 novo
2589 5261 2706 5297 cum
2742 5242 2862 5296 aliis
2884 5243 3059 5312 copiis
3088 5258 3117 5295 τι
3148 5255 3207 5295 se
3237 5239 3401 5294 misso
3424 5238 3545 5291 ιιυιί

1381 5361 1579 5421 Varias
1610 5359 1915 5422 lectiones
1948 5379 2023 5422 ex
2049 5362 2167 5421 cod
2230 5356 2482 5417 Coislin.

397 5476 441 5516 ⁸⁸
471 5501 542 5538 τι.
627 5483 673 5513 ³⁸
707 5482 1043 5549 ἁπανταχοῦ.

1374 5571 1506 5632 Car.
1556 5567 1868 5631 Dufrcsnii
1898 5569 1989 5630 Du
2017 5564 2227 5643 Caugii
2256 5568 2441 5624 noun.

351 5701 474 5771 (95)
508 5697 823 5771 Hardror.
854 5690 1123 5771 Vide'not.
1159 5693 1221 5771 ad
1254 5707 1373 5759 pag.
1412 5693 1535 5771 567.
1615 5760 1661 5771 Η
1740 5759 1750 5769 α
1831 5758 1842 5768 ο

349 5760 473 5839 ξω)
529 5760 919 5824 Αγί-δνίειαν.
968 5762 1099 5814 l\'a;u
1163 5761 1431 5815 Lmae-ea
1484 5762 1551 5813 ab
1602 5760 1877 5813 Alexianis

1988 5686 2145 5755 paulo
2172 5695 2295 5736 ante
2347 5695 2501 5751 capta
2561 5685 2758 5748 fuerat,
2805 5684 2981 5755 Gallis,
3023 5685 3323 5753 Acropol'm
3373 5685 3547 5738 aututc

1984 5754 2376 5821 ubtincntibus,
2403 5768 2564 5824 supra
2595 5755 2685 5811 lib.
2722 5770 2779 5819 ιι,
2818 5770 2936 5822 pug.
2971 5754 3093 5809 559.
