4040 6280
363 423 471 489 831

351 540 433 608 ’τῷ
466 543 844 613 στρατεύματι
899 547 1232 622 βαλλομένη.
1270 557 1464 610 Ἐνοεν
1497 577 1578 612 τοι
1613 565 1704 616 καὶ

352 627 502 700 εἶχον
524 634 926 708 διαναυμαχεῖν
959 643 1093 712 πρὸς
1116 645 1217 716 τὴν
1251 649 1405 702 πόλιν
1429 645 1599 718 οὗτοι,
1629 657 1722 709 καὶ
1771 660 1908 724 πεζο
1929 693 1940 702 -

355 728 555 797 μαχεῖν
603 730 669 783 ἐκ
720 731 956 803 θατέρου
1007 739 1055 790 οι
1108 741 1219 794 ἀπὸ
1246 743 1343 811 τῆς
1376 745 1482 813 γῆς
1521 748 1690 819 αὐτὴν
1724 751 1938 806 ἐπιθλί-

350 818 569 882 ϐοντες.
597 819 658 874 Ὀ
679 822 734 874 δὲ
763 823 954 895 ὥσπερ
997 829 1270 899 μηδεμιᾶς
1301 839 1656 908 καινοτομίας
1685 843 1935 914 ὑπούσης

357 911 498 981 μηδὲ
549 914 809 971 τοσούτου
847 921 1088 990 σμήνους
1138 929 1490 994 στρατιωτῶν
1541 911 1938 1004 περιϐομϐοῦν-

348 1020 445 1064 τος
493 1006 682 1076 κύκλῳ
744 1009 842 1078 τὴν
894 1012 1080 1079 πόλιν,
1124 1017 1280 1085 ὀλίγα
1333 1021 1542 1076 τούτων
1593 1027 1932 1096 ἐφρόντιζεν.

347 1098 470 1149 Οὐκ
509 1096 605 1151 οἵδ’
655 1102 682 1154 ὅ
711 1120 762 1156 τι
805 1103 994 1158 παθὼν
1047 1110 1142 1162 καὶ
1173 1111 1410 1179 ἀναξίως
1453 1118 1574 1170 τότε
1624 1121 1724 1189 τῆς
1765 1123 1934 1175 αὐτοῦ

345 1193 743 1262 γενναιότητος
789 1196 1085 1265 διατεθεὶς,
1141 1205 1303 1259 τοῦτο
1365 1209 1796 1281 εὐμισητότατον
1843 1219 1936 1270 τὸν

351 1281 526 1353 ἄνδρα
563 1285 640 1353 τῷ
671 1285 938 1358 βασιλικῷ
982 1294 1363 1363 στρατεύματι
1413 1303 1708 1373 πεποίηκε.
1746 1308 1812 1359 Τί
1842 1309 1934 1363 οὖν

347 1373 458 1426 ἔδει
495 1375 688 1430 παθεῖν
720 1381 821 1441 τὰς
870 1383 1159 1448 Κιλικικὰς
1214 1389 1399 1454 πόλεις
1454 1393 1557 1447 ὑπὸ
1608 1397 1931 1466 τηλικούτου

347 1474 985 1541 κχταστρατηγονμένας
1047 1478 1268 1549 ἀνδρόςο
1305 1482 1375 1534 τά
1428 1502 1488 1538 τε
1528 1488 1637 1557 γὰρ
1699 1491 1836 1545 ἄλλα
1903 1495 1932 1546 ὁ

341 1560 572 1630 Ταγγρὲ
637 1565 1070 1634 ῥωμαλεώτατος
1120 1573 1232 1626 τῶν
1297 1577 1420 1629 κατ’
1469 1581 1635 1634 αὐτὸν
1691 1585 1933 1653 ἐγεγόνει

341 1652 443 1702 καὶ
499 1654 581 1716 εἰς
635 1661 1009 1730 στρατηγικὴν
1053 1667 1353 1734 ἐμπειρίαν
1403 1671 1514 1724 τῶν
1549 1674 1762 1744 σφόδρα
1794 1652 1930 1732 θανο

347 1746 698 1816 μαζομένων,
767 1753 1132 1825 πολιορκῆσαι
1189 1762 1245 1815 δὲ
1301 1764 1489 1831 πόλεις
1544 1770 1930 1839 ἀφυκτότατος

345 1844 681 1908 στρατηγός.
729 1845 838 1896 Καὶ
890 1847 1193 1917 θαυμάσειέ
1242 1870 1327 1917 τις
1385 1859 1640 1915 ἐνταυθοῖ
1682 1867 2001 1954 γεγονὼςΒ

341 1930 464 1991 πῶς
513 1933 607 1984 τὸν
661 1935 1048 2010 αὐτοκράτορα
1090 1942 1304 1997 διέλαθε
1357 1948 1418 1999 τὸ
1475 1951 1569 2004 τοῦ
1629 1951 1922 2010 Ἀσπιέτου

337 2023 805 2094 ἀπειροπόλεμον.
845 2030 986 2099 Ἐγὼ
1007 2033 1053 2085 δ’
1091 2035 1158 2088 ἂν
1187 2037 1798 2118 ὑπεραπο).ογησαίμην
1831 2050 1924 2104 τοῦ

344 2114 484 2181 ἐμοῦ
522 2120 749 2187 πατρὸς,
784 2122 869 2174 ὅτι
915 2125 974 2177 τὸ
997 2129 1092 2180 τοῦ
1127 2130 1318 2197 γένους
1346 2138 1622 2208 ἐπίσημον
1651 2114 1929 2196 τονναῦτο-

341 2209 590 2276 κράτορα
621 2212 906 2279 πέπεικεν,
941 2217 1016 2280 ὡς
1046 2220 1080 2290 ἦ
1127 2240 1187 2276 τε
1219 2225 1314 2278 τοῦ
1367 2229 1560 2295 γένους
1601 2232 1927 2307 λαμπρότης

339 2300 434 2348 καὶ
466 2298 527 2350 τὸ
557 2301 651 2352 τοῦ
693 2304 959 2374 ὀνόματος
1009 2312 1341 2384 περιϐόητον
1370 2319 1541 2373 πολλὰ
1571 2298 1921 2396 συνεισενεγ

347 2392 528 2442 κεῖναι
583 2392 628 2424 ³⁷
677 2393 792 2462 ἔχει
843 2401 908 2468 τῇ
965 2402 1060 2454 τοῦ
1131 2405 1424 2463 Ἀσπιέτου
1480 2411 1782 2484 ἀρχῇ.⁷Ην
1813 2392 1924 2490 γαρ

335 2482 448 2533 τῶν
473 2483 821 2552 Ἀρσακιδῶν
862 2493 931 2545 τὰ
967 2495 1163 2563 πρῶτα
1217 2500 1403 2568 φέρων
1453 2482 1664 2567 ἐκεῖνος
1717 2482 1924 2564 καὶ-ὲκ

335 2573 623 2641 βασιλικοῦ
681 2585 1066 2654 καταγόμενος
1119 2591 1376 2659 αἵματος.
1436 2597 1634 2651 Ἔνθεν
1687 2619 1770 2654 τοι
1828 2606 1923 2659 καὶ

335 2673 831 2745 στρατοπεδάρχην
891 2679 1054 2734 αὐτὸν
1102 2683 1332 2752 ἠξιὼκει
1385 2689 1566 2758 πάσης
1616 2692 1920 2766 ἀνατολῆς,

337 2763 436 2813 καὶ
485 2764 565 2825 εἰς
606 2766 995 2837 ὑπερηφάνους
1045 2773 1312 2844 βαθμίδας
1360 2782 1690 2850 ἀνήνεγκεν.
1744 2763 1920 2854 ἄλλως

327 2870 396 2906 τε
445 2858 540 2907 καὶ
598 2860 796 2928 πεῖραν
855 2864 957 2927 τῆς
1010 2866 1239 2936 ἀνδρίας
1294 2871 1505 2927 ἐκείνου
1561 2877 1766 2936 λαὸὡν.
1811 2883 1922 2936 Καὶ

329 2949 447 3018 γὰρ
488 2950 694 3004 ὁπόταν
724 2953 804 3023 τῷ
840 2956 1170 3031 Ῥομπέρτῳ
1205 2967 1576 3037 συνεκρότησε
1623 2973 1864 3041 πόλεμον
1893 2980 1920 3028 ὁ

324 3042 702 3114 αὐτοκράτωρ
745 3048 840 3100 καὶ
886 3051 1022 3118 ἐμὸς
1071 3056 1320 3124 γενέτης,
1363 3062 1619 3134 καθάπερ
1670 3069 1918 3138 ἐμνημό-

330 3152 500 3188 νευσα
564 3141 706 3192 κατὰ
763 3139 862 3211 τὴν
909 3143 1002 3196 τοῦ
1054 3147 1296 3217 πολέμου
1359 3155 1572 3207 ἐκείνου
1624 3160 1910 3230 σύρραξιν,

1650 455 2064 514 ALEXHDIS
2104 460 2251 522 LIB.
2279 465 2416 529 XII.

3516 491 3622 556 852

1745 566 1938 637 ῥᾳδίως
1970 565 2017 622 Α
2050 588 2160 624 ram
2199 579 2536 646 repellendat.
2571 585 2780 642 Etenim
2829 608 3118 664 erumpens
3150 600 3434 658 Antiochia
3476 602 3623 662 Tan-

2045 669 2240 724 rredus
2283 688 2402 727 cum
2452 689 2787 735 armatorum
2840 685 3023 740 decem
3079 691 3353 759 millibus,
3410 709 3617 764 partem

2043 762 2320 829 copiarum
2359 783 2549 826 versus
2585 782 2864 844 utramque
2912 777 3292 848 Mopsuestiam
3341 804 3532 842 novam
3566 801 3621 844 et.

2043 865 2281 910 veterem
2330 860 2522 916 itinere
2555 869 2798 920 terrestri
2853 870 3118 936 proﬁcisci
3168 874 3366 943 jussit,
3406 891 3615 948 partem

2043 946 2352 1005 triremibus
2375 951 2681 1020 impositam
2713 959 2985 1014 maritimo
3011 979 3170 1018 cursu
3194 946 3442 1022 admovet
3462 974 3617 1028 ostiis

2043 1034 2265 1094 Saronis
2289 1046 2485 1109 amnis,
2521 1048 2610 1115 qui
2655 1063 2719 1102 ex
2757 1049 2920 1104 Tauri
2962 1052 3128 1110 ﬂuens
3176 1060 3445 1115 montibus
3477 1064 3620 1117 inter

2041 1131 2173 1184 duas
2199 1131 2369 1202 Mopsi
2393 1141 2554 1192 urbes
2588 1141 2808 1195 alteram
2847 1145 2975 1198 olim
3006 1147 3358 1218 destructam,
3395 1155 3615 1210 alteram

2043 1221 2311 1277 recentius
2352 1227 2692 1295 aediﬁcatam,
2750 1233 2802 1284 itt
2850 1233 3134 1303 Syriacum
3180 1240 3371 1294 deinde
3421 1241 3620 1296 labitur

2041 1316 2254 1384 pelagus
2285 1335 2297 1369 :
2332 1322 2474 1372 unde
2507 1335 2763 1388 promotae
2804 1329 3029 1399 remigio
3065 1329 3331 1387 Tancredi
3364 1336 3616 1390 triremes

2036 1417 2090 1458 et
2122 1423 2215 1476 per
2244 1408 2426 1465 fauces
2451 1414 2718 1468 ostiorum
2748 1428 3096 1485 penetrantes
3134 1439 3305 1492 usque
3355 1425 3419 1478 ad
3472 1427 3617 1494 ipsos

2037 1514 2154 1566 quae
2184 1501 2432 1556 civitates
2467 1506 2654 1560 ambas
2681 1519 3011 1562 conuectant
3044 1524 3253 1580 pontes,
3299 1532 3613 1582 pervenere.

2039 1589 2175 1646 Hinc
2199 1593 2308 1660 jam
2327 1596 2548 1664 ancipiti
2581 1599 2787 1652 scilicet
2810 1610 2860 1653 et
2888 1601 3216 1657 ineluctabili
3249 1609 3613 1666 circun'tvcnta

2037 1681 2362 1751 Mopsuestia
2401 1688 2541 1743 malo
2571 1693 2872 1758 premitur;
2908 1693 3082 1748 classe
3115 1712 3141 1747 a
3179 1697 3342 1752 ﬂuvio
3373 1699 3568 1755 infesta
3597 1742 3613 1765 ,

2037 1773 2206 1829 ﬁrmis
2247 1787 2294 1830 et
2327 1776 2558 1834 fortibus
2605 1795 2633 1834 a
2685 1791 2824 1836 terra
2871 1784 3042 1850 copiis
3095 1803 3201 1840 uno
3253 1801 3494 1858 tempore
3541 1794 3618 1842 ἰν.-

2036 1867 2334 1924 mentibus.
2385 1869 2516 1924 Dum
2569 1874 2774 1927 interea
2810 1878 3105 1942 praeclarus
3153 1881 3354 1935 CillC'iiB
3404 1896 3614 1948 custos,

2033 1961 2185 2028 quasi
2225 1976 2289 2015 ne
2321 1971 2474 2016 tanto
2505 1963 2720 2032 quidem
2756 1969 3166 2037 expergefactus
3188 1975 3434 2042 strepitu,
3467 1976 3604 2030 nihil

2031 2052 2312 2120 expediret
2351 2054 2470 2119 opis
2500 2055 2801 2122 consiliive,
2851 2061 2944 2112 sed
2985 2061 3308 2116 immensum
3349 2079 3608 2134 quantttttt

2029 2159 2248 2198 suorum
2281 2145 2360 2198 vel
2387 2146 2645 2200 natalium
2676 2149 2759 2202 vel
2791 2151 3030 2216 priorum
3057 2152 3356 2208 facinorum
3388 2159 3610 2223 oblitus,

2028 2239 2176 2293 velut
2204 2242 2486 2307 attonitus,
2508 2243 2664 2297 inerti
2693 2246 2898 2300 desidia
2918 2251 3305 2318 conquiescere
3327 2265 3607 2324 pergeret;

2027 2347 2150 2401 quae
2209 2347 2296 2388 res
2337 2350 2456 2388 eum
2505 2337 2898 2391 incredibiliter
2953 2355 3175 2395 exosum
3223 2345 3368 2413 regio
3425 2346 3612 2403 limitis

2031 2425 2172 2479 illius
2199 2427 2463 2482 exercitui
2498 2429 2750 2485 reddidit.
2788 2429 2906 2485 Jam
2938 2433 3120 2489 animo
3151 2437 3418 2505 subjicere
3447 2443 3602 2508 quis-

2031 2532 2135 2585 que
2163 2533 2264 2573 suo
2313 2531 2512 2588 potest,
2539 2520 2621 2573 vel
2669 2535 2752 2574 me
2801 2530 3034 2584 tacente,
3073 2525 3200 2591 quid
3238 2527 3463 2583 urbibus
3497 2540 3606 2584 tum

2027 2607 2232 2664 Ciliciae
2261 2611 2574 2681 contigerit,
2615 2621 2781 2665 totum
2812 2621 2864 2666 et
2900 2612 3044 2667 nullo
3078 2613 3308 2669 fractum
3341 2617 3604 2672 resisten-

2027 2703 2160 2756 tium
2194 2703 2408 2770 objectn
2461 2705 2710 2759 acerrimi
2749 2704 3026 2760 bellatoris
3062 2706 3292 2776 impetus
3323 2711 3607 2764 sustinen-

2029 2795 2156 2848 tium
2194 2795 2459 2849 Tancredi
2495 2811 2508 2848 :
2541 2798 2633 2866 qui
2671 2806 3032 2868 praeterquam
3085 2801 3232 2868 quod
3285 2815 3443 2853 manu
3491 2804 3609 2871 ipse

2024 2887 2344 2953 praevalens,
2377 2897 2430 2942 et
2457 2890 2960 2944 vehementissitmts
2991 2891 3241 2947 instando
3273 2905 3409 2958 erat,
3437 2896 3601 2948 etiam

2025 2979 2090 3031 ad
2125 2981 2266 3033 vires
2312 2996 2375 3034 ac.
2422 2983 2585 3034 robur
2633 2981 2948 3036 inusitatum
2991 2999 3256 3039 summam
3313 2986 3470 3053 longe
3503 3004 3604 3043 usu

2024 3083 2236 3137 partam
2269 3073 2518 3140 peritiam
2547 3073 2833 3129 addiderat
2871 3090 2993 3130 cum
3031 3088 3354 3132 etcterarum
3385 3081 3462 3135 rei
3493 3081 3606 3134 bel-

2027 3165 2144 3216 licaa
2175 3167 2408 3231 partium
2445 3167 2776 3234 artiumque,
2809 3177 2917 3220 tum
2959 3167 3014 3220 in
3060 3169 3252 3236 primis
3281 3170 3604 3226 obsidenda-

335 3228 544 3292 Κελτός
571 3249 657 3294 τις
701 3233 1024 3305 ὑπερωμέας
1062 3239 1248 3304 ἱθύνας
1280 3244 1340 3296 τὸ
1371 3246 1528 3316 δόρυ,
1565 3253 1658 3301 καὶ
1699 3228 1914 3320 μυωπι-

2031 3265 2145 3302 rum
2175 3228 2248 3304 “et
2291 3255 2770 3321 oppugnandarum
2821 3255 3049 3308 arcium.
3089 3258 3264 3326 Atque
3318 3260 3428 3323 hic,
3477 3264 3602 3329 quia

335 3336 440 3380 σας
483 3321 576 3374 τὸν
623 3323 810 3387 ἵππον,
840 3327 1098 3400 καθάπερ
1143 3349 1228 3395 τις
1262 3338 1502 3404 σκηπτὸς
1539 3341 1810 3407 ἐμπίπτει
1837 3346 1917 3417 τῷ

339 3411 628 3487 ⁹Ασπιέτῃ.
670 3415 730 3468 ’0
759 3417 814 3469 δὲ
844 3418 938 3471 τοῦ
988 3421 1173 3487 ξῖφους
1204 3427 1642 3498 ὲπιδραξὰμενος
1699 3435 1918 3506 δέχεται

323 3505 430 3576 τὴν
461 3505 556 3558 τοῦ
592 3507 801 3562 Κελτοῦ
847 3510 1034 3581 βιαίαν
1069 3516 1243 3586 φορὰν
1281 3523 1376 3573 καὶ
1403 3523 1774 3594 τιτρώσκεται
1818 3530 1917 3598 μὲν

327 3599 708 3670 καιριωτάτην
740 3603 957 3675 πληγὴν
996 3609 1091 3659 τοῦ
1118 3609 1347 3678 δόρατος
1375 3616 1464 3666 τὸν
1499 3619 1779 3689 πνεύμονα
1811 3625 1912 3692 μὲν

329 3694 810 3762 παραμείψαντος,
862 3699 1074 3753 ἐκεῖθεν
1121 3701 1177 3753 δὲ
1200 3705 1286 3756 διὰ
1325 3707 1423 3772 τῆς
1472 3711 1680 3779 ῥάχεως
1714 3716 1918 3787 διενεχο

331 3782 544 3846 θέντος.
586 3786 648 3839 ὐ
684 3787 741 3839 δὲ
776 3790 943 3858 μήπω
978 3795 1268 3863 συγχυθεὶς
1302 3802 1366 3869 τῇ
1412 3802 1596 3872 πληγῇ
1644 3807 1780 3873 μηδὲ
1818 3782 1915 3879 της

318 3876 493 3945 ἔδρας
538 3879 904 3945 ὲκκυλισθεὶς,
941 3885 1059 3938 ἀλλ’
1113 3889 1348 3958 ὲδράσας
1383 3893 1578 3946 ἑαυτὸν
1636 3900 1914 3969 ἰσχυρότε-

328 3986 450 4037 ρον.
489 3971 642 4025 παίει
693 3975 782 4026 τὸν
837 3976 1116 4047 βάρϐαρον
1165 3982 1305 4034 κατὰ
1357 3984 1453 4050 τῆς
1512 3988 1767 4056 κόρυθος,
1823 3994 1916 4044 καὶ¹

321 4060 459 4130 δὲχα
482 4060 684 4134 διαιρεῖ
724 4065 820 4116 καὶ
851 4066 950 4134 τὴν
987 4068 1231 4137 κεφαλὴν
1268 4075 1362 4124 καὶ
1407 4075 1504 4145 τὴν
1539 4078 1764 4147 κόρυθα.
1804 4083 1915 4137 Καὶ

323 4153 596 4205 πίπτουσι
648 4158 742 4209 καὶ
797 4157 966 4227 ἄμφω
1023 4162 1135 4214 τῶν
1166 4164 1384 4227 ἵππων,
1441 4170 1466 4218 ὁ
1514 4169 1614 4234 μὲν
1665 4173 1855 4242 νεκρὸς
1886 4176 1914 4227 ό

327 4246 574 4312 Κελτὸς,
606 4251 634 4302 ό
667 4248 714 4302 δ’
744 4249 1045 4322 Ἀσπιέτης
1092 4255 1170 4307 ἔτι
1219 4259 1499 4318 ἐμπνέων.
1547 4264 1645 4314 Ὃν
1684 4267 1734 4317 οἱ
1772 4267 1912 4336 ἀμφ’

318 4339 495 4392 αὑτὸν
529 4340 850 4410 ἀνελόμενοι
879 4346 1147 4412 γεγονότα
1191 4350 1542 4405 παντάπασιν
1568 4354 1791 4424 ἔξαιμον
1820 4361 1912 4413 γαὶ

327 4429 521 4494 καλῶς
553 4432 981 4501 ἐπιμεληθέντες
1028 4438 1163 4505 πρὸς
1204 4441 1294 4491 τὸν
1320 4444 1701 4516 αὐτοκράτορα
1751 4450 1912 4520 ἦν;γ-

2027 3342 2205 3394 statim
2255 3356 2605 3397 occursuram
2638 3344 2793 3398 video
2845 3347 3130 3412 prudentis
3165 3349 3350 3402 animo
3388 3350 3604 3406 lectoris

2027 3434 2500 3502 reprehensionem
2537 3437 2706 3506 patris
2731 3438 2856 3501 mei,
2880 3440 3022 3508 quod
3050 3439 3094 3493 is
3118 3441 3240 3495 duci
3267 3450 3373 3496 tam
3405 3445 3601 3513 ignavo

2026 3537 2227 3580 tantam
2268 3530 2600 3597 provinciam
2625 3533 2978 3597 commiserit,
3003 3533 3165 3604 350
3188 3535 3398 3603 pietatis
3424 3536 3600 3591 ofﬁcio

2025 3636 2108 3672 me
2140 3624 2316 3689 urgeri
2355 3621 2531 3676 sentio
2568 3623 2633 3678 ad
2673 3625 2817 3679 istud
2857 3625 3199 3694 imperatoris
3230 3628 3402 3681 Alexii
3435 3630 3492 3694 in
3519 3630 3600 3680 li-

2022 3729 2142 3766 cunt
2197 3714 2262 3766 ab
2310 3714 2689 3782 imprudentia
2739 3717 3135 3785 vituperatione
3184 3719 3592 3774 vindicandum.

2021 3804 2146 3859 Mihi
2178 3821 2339 3876 porro
2367 3807 2433 3859 ad
2471 3804 2834 3860 defettsionem
2866 3809 3020 3861 istaut
3054 3820 3430 3878 argumentum
3470 3826 3600 3881 Stip-

2019 3897 2220 3964 pcditat
2269 3899 2521 3953 idoneum
2574 3898 2807 3968 Aspiette
2853 3899 3007 3952 istius
3057 3901 3252 3953 eximia
3302 3900 3596 3964 nobilitas.

2019 3990 2212 4044 seriem
2245 3991 2513 4058 generisa
2569 3990 2891 4046 clarissimis
2942 3986 3192 4059 repetens
3246 3993 3494 4060 regibus;
3544 4004 3598 4047 et

2021 4082 2160 4135 inter
2200 4083 2382 4149 ipsos,
2430 4081 2624 4152 quibus
2660 4083 2762 4136 hoc
2809 4099 3094 4137 comnnme
3144 4085 3387 4154 pluribus
3431 4087 3593 4140 decus

2017 4183 2152 4240 erat,
2197 4175 2486 4229 Arsacidas
2539 4176 2836 4244 principem
2879 4176 3168 4242 quemda-n
3222 4177 3470 4231 obtinens
3519 4181 3597 4230 tli-

2018 4262 2236 4330 guitatis
2286 4264 2486 4317 locmn.
2534 4262 2700 4317 Nemo
2748 4272 2928 4316 autem
2975 4266 3146 4317 nescit
3196 4282 3356 4332 quam
3402 4266 3594 4322 elticiix

2016 4357 2354 4412 Conciliatrix
2406 4359 2670 4411 honorum
2718 4359 2857 4425 apud
2905 4358 3135 4425 optimos
3185 4374 3430 4428 Quosque
3475 4375 3596 4412 esse

2015 4451 2185 4504 soleat
2232 4451 2450 4504 claritas
2507 4450 2697 4516 ingens
2745 4448 3000 4503 natalimn
3058 4461 3114 4501 ut
3170 4450 3353 4504 mirari
3404 4452 3595 4520 (multo

327 4541 462 4589 καν,
487 4523 801 4589 δεικνύντες
855 4529 950 4580 καὶ¹
993 4529 1120 4598 δόρυ
1152 4533 1245 4583 καὶ
1277 4536 1376 4600 τὴν
1411 4537 1652 4606 πληγὴν,
1691 4545 1784 4596 καὶ
1821 4547 1910 4598 τὸν

2028 4545 2198 4597 minus
2222 4542 2533 4610 accursare)
2568 4543 2746 4596 nullus
2783 4543 2973 4596 debeat
3007 4542 3248 4595 Alexium
3287 4545 3591 4615 Augustum

317 4619 565 4673 Diva-rev
609 4618 703 4671 τοῦ
741 4620 953 4674 Κελτοῦ
1003 4623 1377 4694 διηγούμενοι.
1422 4631 1632 4701 Ταύτης
1684 4638 1780 4704 τῆς
1813 4642 1910 4694 οὐκ

317 4705 424 4762 οἷδ’
470 4709 620 4773 ὅπως
677 4711 902 4781 ἀνδρίας
962 4715 1055 4766 καὶ
1104 4716 1310 4786 τόλμης
1358 4722 1417 4770 τὸ
1463 4726 1766 4792 τηνικαῦτα
1809 4748 1910 4798 με-

323 4802 611 4870 μνημένος
649 4806 676 4856 ό
723 4805 1081 4876 αὐτοκράτωρ
1105 4811 1200 4860 καὶ
1240 4811 1449 4874 τούτοις
1485 4816 1821 4888 ἐπισυνάψας
1855 4824 1914 4876 τὸ

323 4895 488 4960 γένος
537 4895 634 4947 καὶ
692 4897 792 4965 τὴν
840 4897 949 4950 ἀπὸ
1002 4899 1196 4966 γένους
1257 4902 1552 4971 εὔκλειαν,
1611 4911 1912 4984 ἀξιόμαχον

324 4987 642 5056 στρατηγὸν
676 4989 1001 5042 ἀποστέλλει
1042 4994 1182 5044 κατὰ
1224 4996 1324 5064 τὴν
1362 4998 1619 5053 Κιλικίαν
1649 5005 1788 5074 πρὸς
1817 5008 1908 5061 τὸν

322 5080 569 5151 Ταγγρὲ,
611 5085 1099 5154 στρατοπεδάρχην
1147 5090 1466 5158 τετιμηκὼς
1524 5095 1592 5158 ³⁸,
1651 5098 1905 5170 καθάπερ

322 5175 586 5244 φθάσασα
629 5176 906 5246 γέγραφα.

2019 4639 2062 4690 si
2095 4636 2294 4690 homini
2333 4644 2477 4688 tanta
2511 4633 2790 4701 sanguinis
2816 4633 3178 4701 generositate
3212 4636 3590 4690 commendato

2021 4731 2252 4784 honores
2279 4727 2495 4783 curules
2524 4741 2586 4779 ac
2616 4725 2857 4781 subsellii
2887 4726 3096 4778 altioris
3121 4728 3466 4798 magistratus
3501 4727 3591 4778 de-

2019 4822 2269 4875 ferendos
2295 4821 2531 4881 duxerit,
2570 4829 2625 4872 et
2655 4833 2774 4871 cum
2809 4820 3275 4884 stratopedarclne
3305 4818 3589 4888 dignitate,

2020 4914 2394 4967 auctoritatem
2424 4913 2474 4963 in
2509 4925 2698 4964 omnes
2733 4908 3027 4963 Orientalis
3069 4910 3255 4962 lin'iitis
3283 4909 3468 4976 copias
3500 4910 3595 4961 de-

2021 5007 2176 5058 derit.
2212 5005 2518 5059 Pt'mscrlitn
2547 5022 2666 5058 cum
2706 5017 3035 5070 compertam
3067 5005 3195 5056 olim
3232 5004 3332 5057 viri
3378 5002 3591 5054 fortitu-

2017 5100 2192 5151 dinem
2256 5097 2446 5149 illustri
2494 5099 2816 5149 documento
2872 5095 3228 5147 meminisset.
3279 5093 3333 5146 Si
3365 5092 3583 5160 quidem

2018 5209 2110 5258 per
2141 5191 2276 5244 bella
2308 5205 2426 5257 qua:
2461 5187 2592 5240 alias
2624 5186 2966 5240 narravimus
2993 5201 3021 5238 a
3055 5183 3294 5239 [ἰοῦσι-ιο
3326 5185 3586 5237 adversus

329 5287 510 5324 meum
567 5283 850 5338 parentem
899 5280 1165 5339 pugnata,
1220 5275 1447 5343 corttigit
1513 5277 1800 5345 aliquando
1853 5292 1907 5334 ut
1946 5282 2396 5348 Gallusquidam.
2432 5277 2772 5346 proceritatis
2797 5285 2908 5330 toto
2944 5278 3166 5330 humero
3239 5276 3425 5344 “1'3"3
3494 5290 3585 5327 9-“

326 5365 589 5429 cedentis,
639 5375 853 5419 arrecta
898 5367 1112 5427 lancea,
1150 5367 1490 5439 subditisque
1555 5385 1692 5439 equo
1760 5373 2085 5435 calcaribus,
2149 5373 2378 5426 turbinis
2430 5372 2720 5440 rapiditate
2771 5370 2821 5420 in

2911 5370 3168 5437 Aspieten
3233 5379 3433 5425 morat,
3493 5368 3584 5433 qui

324 5458 508 5512 animo
541 5468 799 5513 constans
828 5458 1166 5529 ingruentem
1195 5457 1427 5525 Gallum,
1462 5460 1655 5516 infesto
1714 5474 1900 5519 contra
1942 5481 2234 5519 occurrens
2266 5463 2440 5532 gladio
2465 5461 2697 5529 excepit
2742 5463 2806 5512 Αί
2850 5478 2976 5514 cum
3024 5461 3095 5513 im
3166 5462 3380 5531 Ψ¹Ῐ¹¹⁸⁵¹¹¹
3451 5475 3586 5511 ⁶⁰¹¹⁶

325 5551 528 5606 stantia
579 5551 766 5617 stetit;
804 5567 927 5604 nam
965 5551 1149 5618 cuspis
1204 5553 1371 5607 hasta:
1457 5557 1827 5622 procurrentis
1898 5559 2185 5612 adversum
2210 5557 2650 5624 Aspietaepectus
2677 5552 2908 5616 fodiens,
2935 5568 3030 5622 per
3089 5553 3583 5607 transverberatum

324 5642 640 5712 pulmonem
677 5645 744 5697 ad
777 5644 920 5698 dorsi
958 5645 1170 5712 spinam
1211 5645 1374 5699 ictum
1443 5647 1686 5716 pertulit,
1717 5650 1950 5722 illacque
1984 5651 2084 5706 sibi
2118 5652 2317 5705 exitum
2352 5651 2515 5720 rupit.
2551 5648 2750 5702 Verum
2799 5646 2882 5700 ille
2915 5661 3015 5700 nec
3045 5645 3274 5717 impulsu
3309 5656 3418 5699 tam
3492 5656 3587 5694 νη-

1377 5778 1572 5840 Variae
1603 5778 1916 5845 lectiones
1949 5803 2025 5847 cx
2061 5789 2205 5850 eod.
2243 5787 2499 5850 Coislin.

401 5878 447 5911 ³⁷
476 5884 939 5949 συνεισενεγκεῖν.
1034 5880 1078 5911 ³⁸
1114 5881 1298 5936 τοῦτον
1342 5885 1858 5954 προχειρισάμενος,
