4040 6280
498 407 606 472 883

1789 417 2013 478 ANNsE
2049 422 2062 475 ί

2165 419 2433 480 ιῘΝΕΝΕ
2615 445 2618 449 ·
3589 427 3672 490 884

497 517 754 580 hementi,
790 531 886 572 nec
908 517 1128 574 vulnere
1158 527 1262 574 tam
1292 535 1455 586 saevo,
1493 522 1558 578 de
1585 533 1724 578 statu
1757 527 1912 580 fortis
1941 527 2132 588 animi.
2163 544 2226 582 ac
2271 543 2338 581 ne
2389 529 2452 584 de
2503 528 2628 583 sede
2691 529 2906 600 quidem
2971 534 3209 602 corporis
3283 537 3360 590 vel
3444 535 3674 593 minimum

493 612 729 663 ditnntns
755 649 769 672 ,
809 625 929 664 sese
968 611 1143 666 firmat
1189 613 1440 684 viresque
1475 617 1676 684 colligit
1723 617 1790 672 ad
1835 619 2043 689 plagam
2087 621 2224 673 hosti
2259 621 2622 687 reponendaru
2651 660 2666 684 ,
2735 639 2899 692 quam
2935 635 2987 679 et
3069 631 3174 680 alte
3228 629 3502 697 insurgens
3545 629 3674 682 talem

495 705 688 759 inflixit
723 707 773 760 in
809 708 1060 762 vorticem
1091 709 1311 765 Barbari
1350 721 1407 766 ut
1441 722 1493 766 et
1535 714 1737 782 galeam
1773 715 1847 766 illi
1879 724 1930 767 et
1965 725 2126 784 caput
2160 729 2266 768 uno
2294 716 2400 770 late
2436 716 2542 768 ictu
2575 717 2920 774 discinderet.
2988 721 3121 774 Tum
3189 739 3316 776 vero
3381 725 3517 792 equis
3577 739 3678 778 evo-

493 801 587 852 luti
630 803 786 854 amho
818 802 1064 856 feruntur
1106 807 1156 858 in
1191 817 1410 862 terram.
1478 807 1664 862 Gallus
1707 809 1922 876 quidem
1997 811 2300 871 exanimis;
2368 809 2615 878 Aspietes
2662 824 2839 867 autem
2889 815 3065 869 adhuc
3107 818 3338 884 spirans.
3393 817 3542 882 Quem
3610 817 3680 885 qui

493 895 738 944 astabant
778 895 1006 954 circum,
1055 894 1300 948 tollentes
1328 896 1437 966 jam
1460 913 1679 964 prorsus
1736 914 2087 967 exsanguem,

2165 909 2323 967 prout
2361 911 2470 954 tum
2525 902 2678 956 licuit
2731 905 2918 956 sedqu
2968 918 3212 959 curatum
3247 907 3312 960 ad
3350 907 3679 973 imperatorem

493 984 822 1040 detulerunt.
855 985 1200 1040 ostendentes
1257 998 1310 1040 et
1364 988 1574 1042 hastam
1613 1001 1666 1042 et
1723 990 1954 1057 plagam,
2005 1001 2056 1045 et
2097 1007 2281 1046 necem
2319 993 2456 1048 Galli
2497 994 2812 1049 referentes.
2845 996 3013 1064 Hujus
3041 1009 3088 1050 et
3125 995 3454 1052 fortitudinis
3509 1009 3558 1052 et
3605 1015 3684 1055 an-

493 1077 658 1130 dat-ire.
687 1080 938 1132 memoria
977 1095 1097 1132 cum
1129 1081 1412 1148 splendore
1439 1085 1650 1150 generis
1681 1083 1780 1136 viri
1810 1084 2048 1148 ejusdem
2087 1085 2226 1140 hanc
2299 1089 2345 1140 ei
2386 1086 2451 1138 ab
2493 1086 2818 1152 imperatore
2868 1089 3195 1155 provinciam
3245 1089 3506 1143 eblandita
3575 1101 3679 1150 est:

495 1187 591 1223 nec
627 1171 791 1223 tantis
827 1171 908 1237 (ut
937 1171 1146 1240 opinor)
1188 1173 1342 1238 quasi
1395 1174 1797 1241 fidi-jussorihus
1852 1187 2054 1230 temere
2093 1177 2198 1232 dici
2235 1187 2415 1245 potest
2445 1189 2608 1246 atque
2675 1180 3044 1248 imprudenter
3105 1181 3378 1244 Augustus
3407 1183 3681 1244 credidisse,

492 1279 614 1320 eum
650 1266 1032 1321 Arsacidarum
1065 1267 1453 1320 nobilissimum
1477 1310 1492 1333 ,
1529 1282 1634 1322 tam
1671 1270 1890 1325 heroico
1927 1270 2164 1326 facinore
2193 1273 2476 1340 probatum
2501 1273 2672 1326 cuivis
2700 1273 2948 1343 gerendae
2979 1274 3078 1332 rei.
3150 1274 3322 1327 cuivis
3398 1275 3526 1328 hosti
3595 1276 3668 1328 de-

491 1357 1613 1429 bellandoparem,(1iliciaepraeficientum
1645 1363 2128 1434 opponendumque
2197 1355 2517 1433 Taucredo,
2551 1366 2706 1421 titulo
2781 1381 2846 1420 ac
2917 1374 3188 1434 potestate
3270 1369 3689 1437 stratopedarchaa

492 1447 804 1514 insignitum
840 1449 1068 1513 censuit,
1099 1459 1156 1503 ut
1185 1451 1318 1507 dixi.

568 1539 674 1594 Sed
719 1541 832 1596 haec
879 1542 946 1596 de
983 1541 1068 1596 his
1107 1543 1257 1599 satis.
1312 1543 1578 1600 Caeterum
1631 1546 1933 1615 imperator
1983 1545 2049 1599 ad
2083 1549 2126 1604 Δ

492 1645 682 1684 omnes
709 1631 868 1686 duces
910 1633 998 1699 qui
1031 1647 1127 1700 per
1156 1635 1466 1690 universum
1507 1638 1686 1706 sparsi
1719 1646 1874 1690 erant
1911 1636 2055 1691 occi-

496 1719 662 1774 duum
692 1721 913 1775 limitem
949 1721 1147 1778 litteris
1189 1724 1328 1779 datis
1362 1727 1632 1795 proficisci
1661 1728 2058 1796 quamprimum

493 1825 616 1864 cum
660 1813 775 1866 suis
806 1827 1080 1884 quemque
1126 1818 1296 1884 capiis
1341 1821 1746 1889 convenireque
1773 1821 1838 1874 ad
1873 1821 2059 1875 Sthla-

497 1903 696 1956 nitzam
734 1903 919 1972 jussit.
969 1905 1106 1970 Quid
1144 1919 1323 1963 autem
1370 1909 1485 1978 ipse
1515 1912 1765 1966 incitator
1796 1911 2064 1966 aliorum?

495 1991 560 2046 ad
591 1995 912 2046 cessandum
943 1995 1146 2050 interea
1174 1997 1303 2063 sibi,
1343 1997 1736 2068 fruendumque
1781 2013 1960 2068 parto,
1999 2017 2062 2057 ac

494 2082 703 2137 deliciis
725 2083 1060 2152 balnearum,
1093 2096 1147 2142 et
1182 2087 1421 2158 jucundo
1461 2107 1560 2146 usu
1591 2102 1802 2149 caetera:
1831 2094 2062 2150 luxuria:

499 2177 997 2233 transmittendum.
1061 2180 1314 2236 Suaviter
1375 2186 1584 2252 putavit
1654 2185 1760 2240 tale
1832 2195 2060 2255 tempus,

496 2282 646 2320 more,
693 2285 797 2322 non
839 2285 1134 2340 paucorum
1177 2273 1268 2342 qui
1314 2274 1548 2329 fructum
1600 2277 1947 2345 imperiorum
1997 2293 2061 2332 ac

495 2360 775 2424 pote-Slatis
859 2361 912 2414 in
979 2363 1225 2418 helluinze
1284 2367 1408 2420 vitae
1463 2367 1680 2435 impune
1741 2372 2062 2438 usurpandae

499 2448 713 2502 lit-entia
748 2449 1055 2506 collocant?
1082 2451 1301 2508 Minime
1323 2470 1471 2509 sane.
1506 2455 1644 2522 Quin
1677 2472 1747 2510 ne
1781 2458 1832 2511 in
1866 2459 2062 2526 palatio

495 2537 654 2607 351
689 2539 906 2594 ouidem
951 2551 1062 2595 tum
1095 2545 1293 2598 morari
1331 2547 1620 2613 suStinuit,
1671 2549 1764 2602 sed
1807 2550 2063 2618 prodiens

497 2629 571 2680 nti
633 2631 888 2698 diximus,
949 2634 1210 2703 Byzantio
1273 2653 1367 2707 per
1429 2641 1633 2695 medias
1687 2641 2061 2697 Occidentales

497 2721 742 2790 ri'gioncs
769 2720 1215 2779 Thessalonicam
1259 2729 1502 2794 pervenit
1534 2733 1829 2798 septemhri
1877 2746 2064 2788 mense

497 2809 790 2864 indictione
811 2811 1246 2882 decimaquarta,
1285 2818 1541 2873 vicesimo
1567 2821 1776 2889 imperii
1811 2819 1892 2875 sui
1919 2837 2062 2876 anno

494 2904 790 2969 Augustam
854 2918 1058 2968 secutn,
1105 2906 1233 2962 licet
1276 2909 1624 2977 Bubinvilam,
1674 2912 1898 2968 ducens.
1943 2913 2060 2967 Non

494 2993 638 3046 enim
671 3008 732 3048 ea
753 2995 962 3050 indoles
998 3008 1092 3051 aut
1117 3005 1453 3055 consuetudo
1477 3004 1840 3072 imperatrieis
1871 3006 2063 3060 matris

498 3093 630 3132 inea:
659 3079 774 3142 fuit,
803 3085 1043 3150 prodiret
1091 3099 1149 3140 ut
1199 3087 1344 3143 foras
1387 3091 1639 3156 libenter,
1680 3102 2060 3164 ostentare.th

495 3182 553 3220 se
592 3169 844 3238 gauderet
876 3189 892 3238 ;
935 3189 1118 3228 verum
1151 3191 1216 3232 eo
1251 3181 1427 3246 potius
1469 3190 1661 3237 natura
1703 3185 1818 3252 ejus
1862 3195 1915 3239 et
1949 3195 2061 3238 stu-

496 3262 638 3314 dimu
674 3265 950 3333 vergebat,
985 3275 1045 3320 ut
1081 3269 1223 3322 domi
1253 3282 1402 3325 esset
1427 3289 1640 3342 semper
1667 3277 1804 3344 apud
1839 3291 1918 3340 se,
1957 3277 2061 3331 hoc

494 3361 576 3404 est
599 3353 666 3406 iis
691 3355 856 3408 rebus
892 3369 1096 3413 attenta
1138 3371 1193 3416 et
1228 3378 1450 3430 vacans,
1487 3381 1606 3434 qua:
1641 3382 1926 3436 personam
1965 3370 2062 3424 de-

497 3443 689 3495 reliaut
740 3443 902 3510 illius,
965 3458 1058 3502 aut
1145 3451 1360 3520 ingenio
1422 3468 1577 3508 erant
1639 3469 2062 3516 consentanea:

494 3533 660 3587 veluti
701 3535 868 3591 libros
921 3539 1170 3595 evolvere
1215 3555 1522 3600 sanctorum
1575 3546 1822 3614 Patrum,
1871 3551 1924 3604 in
1975 3553 2060 3607 sui

496 3626 982 3684 considerationem
1017 3643 1178 3700 atque
1218 3649 1503 3689 censuram
1536 3641 1731 3694 mentis
1762 3641 1946 3695 oculos
1979 3644 2060 3695 iu-

497 3728 584 3772 tro
617 3731 846 3786 vertere,
895 3726 1262 3782 beneficentia;
1299 3731 1426 3782 dare
1457 3746 1696 3798 operam,
1755 3743 1809 3789 et
1857 3735 2054 3790 libera-

495 3810 600 3866 lem
644 3827 706 3868 ac
737 3815 1044 3870 munificam
1096 3819 1491 3876 humanitatem
1541 3824 1591 3876 in
1628 3839 1720 3878 eos
1748 3828 2054 3894 praesertim

496 3918 751 3960 exercere
791 3906 1059 3976 homines,
1110 3924 1246 3978 quos
1298 3923 1351 3965 et
1399 3927 1428 3965 a
1479 3913 1656 3970 cultus
1699 3915 1815 3986 ipso
1863 3934 2059 3989 genere

497 4003 657 4065 atque
689 4001 939 4063 vestitus,
977 4009 1030 4054 et
1063 4005 1362 4071 praesertim
1398 4005 1468 4059 ab
1501 4009 1799 4065 emendata:
1831 4012 2061 4069 actionis

496 4097 550 4141 et
587 4091 708 4143 vine
753 4093 1084 4159 specimine,
1145 4109 1272 4150 vere
1328 4111 1392 4150 ac
1428 4097 1640 4154 sincere
1701 4101 1807 4156 Deo
1854 4104 2059 4158 servire

2239 1545 2400 1600 Ἀλλὰ
2447 1544 2628 1600 ταῦτα
2683 1546 2780 1616 μὲν
2813 1547 2940 1616 περὶ
2985 1546 3216 1601 τούτων.
3245 1547 3393 1617 Πρὸς
3423 1547 3476 1600 δέ
3502 1563 3557 1613 γε
3583 1547 3690 1609 τοὺς

2166 1640 2306 1690 κατὰ
2344 1637 2442 1705 τὴν
2465 1637 2702 1706 ἑσπέραν
2728 1637 3174 1708 ἐνδιατρίϐοντας
3197 1641 3476 1708 ἡγεμόνας
3521 1638 3684 1706 ἐτέρας

2165 1729 2448 1797 ἐκπέμπει
2499 1729 2740 1798 γραφὰς,
2776 1731 3048 1793 κατευθὺς
3099 1730 3436 1800 Σθλανίτζης
3475 1729 3567 1798 τὴν
3615 1746 3694 1781 πο·

2169 1820 2319 1890 ρείαν
2355 1819 2739 1890 ἐντειλάμενος
2765 1822 3063 1876 ποιεῖσθαι.
3095 1823 3158 1874 Τί
3197 1823 3254 1876 δέ
3297 1824 3426 1884 τοὺς
3459 1822 3549 1890 μὲν
3583 1837 3692 1889 προ-

2169 1910 2377 1980 μάχους
2407 1912 2782 1980 μετεκαλεῖτο,
2822 1913 2983 1975 αὑτὸς
3016 1913 3073 1966 δὲ
3095 1913 3484 1966 ἁναπεπτώκει
3515 1913 3694 1982 ῥᾳστώ-

2164 2020 2261 2071 νης
2314 2003 2608 2057 ἀπολαύων
2659 2005 2756 2058 καὶ
2816 2005 3127 2076 βαλανείοις
3189 2004 3507 2074 χρώμενος,
3557 2006 3694 2056 ὁποῖα

2165 2093 2425 2148 εἰώθασιν
2483 2097 2531 2148 οἱ
2592 2095 2684 2148 τὸν
2735 2095 3138 2165 βοσκηματώδη
3202 2096 3322 2166 βίον
3375 2097 3694 2164 προελόμενοι

2165 2185 2441 2256 βασιλεῖςς
2485 2185 2806 2255 Ούμενουν·
2844 2188 2962 2240 ἀλλ’
3013 2187 3134 2240 οὐδὲ
3189 2189 3321 2256 περὶ
3369 2190 3433 2240 τὰ
3463 2188 3696 2252 ἀνάκτορα

2163 2279 2300 2340 ὅλως
2323 2279 2681 2347 ἐνδιατρίϐειν
2717 2279 2798 2331 ἔτι
2828 2280 3110 2348 ἠνέσχετο.
3139 2279 3506 2348 Ἐξεληλυθὼῖ
3539 2277 3591 2328 δέ
3618 2276 3694 2327 τοῦ

2164 2371 2462 2436 Βυζαντίου
2505 2371 2580 2432 ὡς
2623 2370 2829 2423 ἄνωθεν
2887 2372 3104 2441 εἴρηται
3145 2371 3287 2424 κατὰ
3337 2371 3397 2424 eo
3428 2371 3580 2438 μέσον
3609 2367 3698 2420 τῶν

2163 2461 2438 2531 ἐσπερίων
2489 2461 2737 2529 ἐληλύθει
2793 2462 3029 2532 χωρῶν,
3092 2461 3188 2528 τὴν
3247 2462 3517 2515 Θετταλοῦ
3565 2460 3698 2513 πόλιν

2164 2551 2485 2608 καταλαϐὼν
2547 2556 2626 2614 είς
2699 2554 2843 2622 μῆνα
2919 2554 3302 2624 Σεπτέμϐριον
3360 2555 3703 2618 ἐπινεμήσεως

2169 2647 2228 2698 ιδ’
2255 2647 2391 2712 (97),
2435 2652 2482 2698 κ’
2513 2645 2668 2708 ἔτους
2705 2645 2862 2708 οὗτος
2905 2647 2946 2678 ³⁸
2979 2646 3038 2711 ἐξ
3069 2637 3132 2698 οὗ
3181 2649 3282 2708 τὰς
3319 2647 3418 2716 τῆς
3461 2642 3702 2714 βασιλείας

2163 2739 2325 2806 ἡνίας
2365 2735 2777 2808 περιεζώσατο·
2821 2739 2916 2789 καὶ
2959 2737 3056 2806 τὴν
3109 2736 3436 2802 Αύγούσταν
3463 2735 3516 2786 δὲ
3559 2746 3707 2800 παρε-

2092 2867 2138 2926 B
2167 2829 2395 2883 ϐιάσατο
2427 2827 2850 2896 συνεξηλυθέναι
2880 2827 2924 2860 ⁸ο
2964 2826 3083 2896 μετ’
3129 2827 3324 2879 αὐτοῦ.
3371 2827 3429 2879 Ὀ
3460 2825 3562 2893 γὰρ
3599 2819 3705 2892 τρό-

2167 2939 2266 2983 πος
2297 2922 2512 2986 ἐκείνης
2571 2919 2810 2982 τοιοῦτός
2869 2936 2951 2982 τις
3009 2914 3113 2989 ἦν·
3161 2919 3221 2969 ού
3277 2919 3425 2970 πάνυ
3466 2935 3515 2968 τι
3566 2916 3710 2982 διερο-

2168 3012 2445 3065 σιεύεσθαι
2502 3011 2714 3082 ἤθελεν,
2755 3009 2892 3063 ἀλλὰ
2926 3010 2993 3062 τὰ
3044 3009 3212 3062 πολλὰ
3271 3009 3374 3078 μὲν
3415 3004 3710 3075 οἰκουροῧσα

2160 3099 2229 3174 ἦν
2264 3104 2355 3155 καὶ¹
2387 3103 2452 3154 τὰ
2486 3101 2700 3169 ἐκείνης
2731 3100 2870 3170 ἔργα
2901 3101 3074 3153 ἐποίει
3101 3115 3116 3128 ⁸
3153 3099 3308 3167 λέγω
3358 3101 3416 3152 δὲ
3455 3099 3641 3166 βίϐλων
3665 3109 3713 3144 τε

2163 3195 2426 3259 ἀνελίξεις
2452 3195 2560 3246 τῶν
2589 3195 2880 3264 μακαρίων
2928 3193 3160 3263 ἀνδρῶν,
3198 3193 3300 3246 καὶ
3333 3193 3395 3246 τὸ
3437 3191 3570 3258 πρδς
3599 3189 3711 3240 ἐκυ-

2162 3289 2260 3358 τὴν
2317 3285 2688 3356 ἐπιστρέφειν,
2746 3285 2840 3336 κα¹ι
2896 3283 3138 3346 εὐποιίας
3202 3283 3306 3336 καὶ
3377 3283 3604 3351 χάριτας
3649 3272 3717 3332 εἰς

2161 3375 2506 3446 ἀνθρώπους,
2543 3373 2778 3442 μάλιστα
2827 3373 2882 3425 δὲ
2926 3373 3007 3434 εἰς
3043 3371 3298 3436 ἐκείνους
3338 3371 3432 3432 οὓς
3465 3363 3597 3420 οἶδεν
3623 3359 3716 3414 ἀπό

2163 3486 2222 3521 τε
2246 3467 2340 3520 τοῦ
2380 3471 2676 3536 σχήματος,
2712 3465 2819 3517 ἀπό
2855 3481 2911 3516 τε
2939 3461 3033 3516 τοῦ
3067 3463 3182 3526 βίον
3215 3461 3547 3532 θεραπεύειν
3579 3456 3716 3513 Θεδν,

2162 3562 2257 3614 καὶ
2289 3560 2563 3630 προσευχῇ
2599 3559 2958 3626 προσανέχειν
3007 3555 3102 3608 καὶ
3150 3553 3526 3621 καταλλὴλοις
3555 3545 3717 3618 ᾠδαῖς.

2183 3651 2432 3705 Ἐπειδὰν
2462 3650 2518 3703 δέ
2565 3648 2747 3712 μέλλοι
2793 3647 3138 3716 δημοσιεύειν
3178 3646 3392 3715 ἑαυτὴν
3434 3643 3572 3696 κατὰ
3615 3651 3722 3690 τινα

2163 3739 2355 3810 χρείαν
2385 3737 2828 3804 ἀναγκαιοτάτην
2859 3737 2935 3798 ὡς
2963 3735 3206 3804 βασιλίδα
3233 3735 3426 3796 αἰδοῦς
3453 3751 3512 3784 τε
3548 3732 3716 3794 ὑπεμ-

2166 3831 2419 3888 πίπλατο.
2463 3829 2556 3881 καὶ
2601 3827 2852 3898 ἐρύθημα
2904 3826 3063 3888 εὐθὺς
3103 3825 3407 3896 ἐξηνθήκει
3473 3825 3586 3882 ταῖς
3630 3833 3716 3869 πα·

2167 3923 2358 3992 ρειαῖς.
2389 3921 2500 3974 Καὶ
2554 3921 2586 3987 ἡ
2638 3919 2734 3987 μὲν
2769 3917 3053 3986 φιλόσοφος
3109 3915 3305 3967 Θεανὼ
3369 3912 3466 3967 τοῦ
3525 3911 3724 4008 πήχεως

2163 4013 2331 4082 αὐτῆς
2357 4009 2754 4080 γυμνωθέντος,
2777 4008 2963 4078 ἐπειδή
2991 4025 3075 4066 τις
3110 4007 3332 4071 παίζων
3369 4005 3583 4074 εἰρήκει
3607 4005 3726 4064 πρὸς

2158 4103 2398 4172 ταύτην·
2454 4101 2652 4164 Καλὸς
2703 4101 2734 4152 ὁ
2785 4097 3018 4165 πῆχυς·
3091 4098 3250 4152 Ἀλλ’
3307 4098 3384 4150 οὐ
3433 4093 3726 4160 δημόσιος.

499 4179 852 4248 intelligeliat,
887 4181 1267 4253 religionique,
1313 4188 1559 4244 oratione
1583 4191 1650 4243 ad
1679 4191 1846 4246 Deum
1881 4195 2058 4262 quoti-

2165 4190 2316 4248 εἶπεν
2342 4191 2546 4262 ἐκείνη.
2584 4189 2651 4242 Ἦ
2685 4190 2740 4242 δὲ
2773 4189 2986 4258 βασιλὶς
3017 4189 3111 4240 καὶ
3155 4189 3348 4258 μήτηρ
3397 4183 3530 4255 ἐμὴ,
3561 4179 3617 4232 τὸ
3639 4175 3723 4243 τῆς

496 4273 703 4336 tliana,
784 4273 994 4330 vicibus
1068 4277 1293 4332 alternis
1347 4280 1599 4335 distincta
1681 4286 2061 4352 cantantium,

497 4363 830 4429 professione
872 4367 1047 4436 palam
1101 4379 1370 4440 suscepta,
1421 4371 1473 4426 iu
1517 4389 1678 4430 omne
1723 4385 1933 4444 tempus
1972 4394 2062 4432 co-

497 4452 670 4508 lendae
695 4470 814 4510 sese
849 4457 1064 4511 videbat
1093 4459 1388 4515 addixisse.
1425 4463 1648 4528 Quoties
1692 4477 1868 4524 autem
1903 4468 2060 4538 (qua-

498 4539 630 4594 lium
661 4557 844 4598 rerum
867 4547 1180 4602 occasiones
1206 4565 1352 4619 saepe
1387 4553 1832 4623 imperatrieibus
1869 4572 2061 4613 neces-

499 4631 662 4686 saria:
705 4635 980 4706 accidunt)
1027 4638 1258 4694 articulo
1301 4641 1420 4708 ipso
1455 4659 1660 4714 magnre
1719 4650 2064 4706 necessitatis

499 4723 792 4794 cogebatur
818 4725 1013 4783 offerre
1033 4739 1380 4794 conspectum
1419 4735 1524 4799 sui,
1562 4753 1836 4807 nunquam
1871 4743 1922 4796 id
1946 4743 2062 4797 sine

2173 4286 2498 4352 σεμνότητος
2538 4281 2780 4348 ἄγαλμα,
2822 4281 2882 4332 τὸ
2911 4281 3008 4347 τῆς
3046 4279 3341 4346 ἁγιότητος
3386 4270 3727 4337 καταγώγιον.

2172 4377 2246 4448 μὴ
2278 4379 2360 4430 ὅτι
2413 4392 2476 4442 γε
2526 4375 2707 4442 πῆχυν
2757 4374 2788 4444 ἢ
2845 4371 3064 4440 βλέμμα
3120 4367 3491 4438 δημοσιεύειν
3537 4361 3727 4433 ἠγάπα.

2168 4468 2284 4521 ἀλλ’
2349 4465 2472 4519 ούδέ
2532 4467 2716 4534 φωνὴν
2775 4463 2990 4528 ἐκείνης
3049 4460 3246 4529 ἤθελεν
3308 4460 3395 4520 εἰς
3455 4449 3730 4519 ἀσυνήθεις

2171 4557 2642 4628 παραπέμπεσθαι
2691 4554 2885 4614 ἀκοὰς,
2919 4551 3175 4604 τοσοῦτον
3207 4545 3283 4619 ἦν
3327 4547 3517 4616 ἐκείνή
3562 4541 3730 4642 χρῇμίι

2169 4651 2470 4720 Θαυμάσιον
2525 4649 2598 4710 εἰς,
2653 4645 2804 4699 αίδώ.
2855 4643 3006 4696 Ἐπεὶ
3047 4642 3101 4694 δὲ
3154 4643 3390 4713 ἀνάγκῃ
3442 4637 3566 4692 οὖδέ
3617 4634 3730 4724 θεοῖ

2175 4745 2333 4812 φασὶ.
2374 4743 2659 4811 μάχονται,
2695 4735 3068 4803 ἀναγκάζεται
3101 4731 3244 4803 πρὸς
3273 4733 3382 4795 τὰς
3419 4725 3618 4800 συχνὰς
3653 4733 3729 4769 τον

1563 4851 1763 4914 Variae
1791 4855 2104 4920 lectiones
2131 4876 2202 4920 ex
2237 4855 2372 4920 cod.
2409 4852 2665 4916 Coislin.

573 4945 616 4977 ³⁹
651 4946 824 5010 ὄντος.
903 4947 950 4980 ⁸³
987 4948 1472 5020 συνεξεληλυθέναι

1563 5071 1697 5130 Car.
1725 5069 2037 5130 Dufresnii
2077 5069 2162 5129 Du
2207 5067 2426 5144 Cangii
2457 5072 2645 5129 nolle.

583 5193 686 5266 (97)
728 5193 1168 5266 ’Emremiqewc
1201 5195 1290 5250 ιδ’.
1325 5195 1541 5249 Alexius
1587 5196 1846 5266 Byzantio
1899 5195 2066 5262 profl-

503 5265 723 5334 rtseitur
751 5264 938 5319 indict.
991 5264 1078 5326 M,
1121 5280 1305 5319 mense
1351 5266 1499 5334 Sept.
1546 5264 1644 5321 hoc
1692 5275 1792 5329 est,
1847 5267 2065 5320 ineunte

501 5333 817 5404 indictione,
852 5349 1012 5404 quam
1041 5349 1070 5387 a
1099 5333 1218 5388 Kal.
1251 5334 1403 5402 Sept.
1427 5333 2064 5403 auspicalianturGreeci.

501 5402 658 5453 Cadit
702 5402 884 5466 autem
928 5404 1149 5457 iudictio
1185 5405 1269 5462 14.
1317 5405 1420 5458 hoc
1470 5402 1652 5458 mense
1705 5409 1756 5460 in
1804 5421 1891 5460 an.
1932 5405 2061 5459 Chr.

509 5471 663 5530 1105,
697 5486 804 5536 quo
843 5473 1185 5528 Bnetmtndus
1219 5475 1394 5528 adhuc
1429 5475 1480 5526 in
1527 5475 1695 5528 Gallia
1728 5477 2058 5537 morabatur,

505 5547 650 5612 utet
691 5543 935 5605 proxime
969 5544 1239 5610 Sequenti,
1291 5545 1376 5594 tthi
1425 5546 1621 5598 auxilia
1683 5545 2058 5612 conquirebat.

2173 5196 2489 5266 orig.‘pa_g.
2538 5193 2635 5266 24,
2697 5191 2833 5266 edjt.
2895 5193 3096 5266 Meurs.
3145 5196 3244 5266 ubi
3297 5197 3354 5254 4,
3411 5193 3734 5266 indictione!"

2172 5261 2271 5320 an:
2319 5263 2478 5328 4000,
2535 5263 2688 5330 juxta
2735 5261 2951 5318 Griecos
2981 5265 3159 5319 66H:
3209 5265 3487 5318 Εἰκοστδν
3515 5263 3628 5320 ἔτος
3649 5261 3736 5319 ’τῆς

2175 5334 2451 5404 βασιλείας
2481 5333 2576 5386 τοῦ
2608 5333 2798 5400 κυρίου
2833 5333 3070 5400 Ἀλεξίου
3097 5335 3276 5389 fuisse
3309 5330 3732 5404 perindegoltser:

2172 5402 2282 5456 vat.
2319 5404 2790 5480 Cmtertnmmiror
2819 5405 2964 5480 viros
2987 5402 3728 5480 eruditissin’msinﬁxam?

2172 5473 2520 5542 prmlitrtinari
2549 5472 2616 5526 ad
2649 5472 2718 5526 ΙΙΙ
2751 5482 2879 5526 tum.
2915 5473 3111 5540 Martii,
3139 5489 3276 5542 cap.
3319 5475 3377 5540 4,
3411 5472 3732 5542 indietiouem

2169 5533 2308 5611 apud
2337 5541 2580 5603 Graecos,
2619 5557 2712 5594 seu
2743 5542 3063 5612 Byzantinos
3098 5533 3448 5612 scriptores.
3495 5555 3598 5594 non
3643 5533 3732 5586 alia

499 5588 573 5662 At
597 5588 876 5680 perperam
911 5588 1199 5678 scrip'sisse
1223 5588 1440 5666 'vidn-tur
1467 5614 1618 5666 Anna
1641 5588 2057 5667 hane‘indictio-

2168 5588 2316 5670 voce.
2373 5625 2533 5675 quam
2565 5588 2920 5674 νίνδικτιὶἶύνος
2964 5613 3166 5670 efferri,
3223 5588 3588 5680 nequaquam
3623 5615 3732 5656 vera

505 5693 624 5748 nem
664 5677 838 5748 fuisse
873 5677 1184 5733 vicesimum
1231 5682 1440 5746 imperii
1484 5683 1654 5735 Alexii
1697 5683 2055 5748 aunumAqui

502 5746 630 5798 illud
663 5747 780 5819 iniit
815 5749 998 5819 indict.
1049 5751 1104 5812 4,
1139 5765 1226 5803 an.
1280 5751 1440 5813 1081,
1494 5763 1550 5802 ιιι
1598 5752 1822 5819 ipsamet
1873 5746 2054 5811 tradit,

500 5831 626 5884 pag.
654 5815 742 5879 64,
774 5815 874 5869 etsi
903 5817 952 5869 in
995 5821 1183 5870 eodem
1230 5833 1415 5873 errore
1469 5815 1712 5874 verse-tur
1753 5821 1943 5877 (India.
1982 5821 2056 5874 De

2167 5682 2585 5751 ἐπινεμήσεωςι
2622 5682 2762 5750 quod
2801 5699 2902 5734 non
2939 5685 3095 5736 modo
3139 5697 3211 5734 ex
3263 5676 3514 5749 pluribus
3565 5676 3730 5751 Any-'53..

2164 5753 2256 5804 sed
2290 5740 2344 5804 ei
2380 5740 2608 5804 aliorum
2641 5740 2980 5820 Iscriptorttm
3027 5751 3162 5806 locis
3203 5740 3356 5806 haud
3397 5765 3541 5822 εἰδετε
3585 5740 3729 5800 fdem

2161 5829 2352 5888 potest.
