4040 6280
499 416 602 481 881

1837 406 2062 468 ΑΝΝᾹΞ
2099 406 2299 463 COMN
2315 405 2407 464 EN

3635 404 3736 467 888

501 535 577 598 sp"
591 530 850 583 rationum
909 525 1232 579 nefariarum
1261 523 1513 593 periculis
1541 521 1819 585 inl‘cstun,
1847 522 1890 574 si
1948 521 2069 589 quis

2194 523 2276 588 ρυὲ
2335 539 2387 575 τι
2445 522 2637 583 κακὸν,
2712 521 2867 585 καίή
2911 520 3092 590 πρωῒα
3139 520 3415 570 ἐτέκταινε
3488 517 3747 588 χείριστα.

503 635 740 690 unquam
773 617 930 680 alius,
962 617 1148 672 habuit
1179 617 1536 686 principatum
1572 624 1722 684 paler
1768 629 1937 667 meus.
1970 613 2069 666 Cui

506 723 669 768 noctu
719 711 989 781 pernicies
1028 709 1340 778 parabatur,
1381 723 1534 761 mane
1565 721 1853 775 percussor
1894 705 2072 758 immi-

505 803 708 868 nebat;
764 804 818 856 in
888 802 1165 856 meridiem
1233 800 1626 855 condicebatur
1677 806 1865 863 aperta
1943 799 2073 861 vis,

505 909 698 966 vesper
731 894 965 962 denique
993 909 1148 947 serus
1183 908 1382 947 novum
1415 907 1634 958 semper
1664 892 1888 947 exitium
1922 891 2080 946 velte-

506 987 631 1051 bat;
695 987 827 1038 adeo
882 984 1024 1038 nulla
1099 983 1174 1036 illi
1223 983 1289 1037 ad
1347 998 1592 1038 securam
1658 983 1894 1050 quietem
1945 982 2076 1034 liora

510 1086 629 1132 erat
697 1077 947 1146 reliquia.
1009 1075 1150 1142 Quid
1223 1075 1395 1144 ergo?
1443 1090 1650 1127 annon-
1685 1082 1761 1126 tot
1827 1071 2080 1140 periculis

507 1170 941 1224 circumventum
982 1167 1483 1222 innocentissimum
1529 1175 1584 1220 et
1633 1167 1835 1219 mundo
1882 1165 2081 1218 saluta—

511 1279 624 1316 rem
657 1264 982 1331 principem,
1015 1261 1125 1331 jugi
1155 1259 1416 1314 custodiri
1460 1260 1798 1327 providentia
1833 1259 2082 1310 innume-

511 1355 760 1408 rabilium
814 1353 1093 1408 oculorum
1143 1352 1444 1420 oportebat,
1477 1358 1681 1404 attenta
1727 1359 1781 1404 et
1829 1349 2083 1417 expedita

513 1449 578 1498 ad
628 1445 904 1500 incursum
965 1444 1174 1498 varium
1237 1444 1429 1497 horum
1487 1457 1616 1496 areu
1667 1441 2083 1502 collimantiutn,

514 1535 729 1588 illorum
784 1536 952 1588 sicam
1016 1535 1350 1598 acuentium,
1407 1533 1633 1588 aliorum
1711 1549 1832 1587 cum
1891 1547 2087 1586 nocere

517 1641 678 1678 manu
705 1625 1135 1693 prohibebantur
1161 1663 1176 1688 ,
1216 1624 1431 1691 linguas
1473 1623 1874 1677 interfectrices
1909 1622 2084 1686 latine,

516 1726 570 1768 et
611 1717 856 1769 odiorum
906 1715 1342 1783 seditionumque
1388 1714 1798 1779 concitatrices,
1850 1714 1900 1766 in
1943 1728 2083 1766 saeva

518 1807 796 1860 maledicta
873 1816 928 1860 et
1012 1815 1266 1860 cruentas
1325 1806 1679 1862 contumelias
1739 1804 2084 1858 laxantium?

519 1897 683 1951 Porro
713 1898 798 1953 cui
830 1897 965 1954 satis
1007 1898 1113 1951 bac
1141 1898 1194 1950 in
1229 1908 1380 1965 parte
1421 1897 1680 1951 tlderetur
1717 1895 1770 1950 in
1811 1907 1918 1949 tam
1963 1897 2082 1948 vul-

517 1998 638 2053 gata
689 1999 906 2057 tamque
954 1987 1073 2071 late.
1104 1997 1392 2057 grassante
1439 1989 1757 2056 eontagione
1809 1987 2084 2056 perlidiaz?

517 2073 630 2127 Non
684 2074 772 2127 alii
819 2085 948 2144 puto
982 2074 1170 2128 melius
1207 2089 1369 2143 quant
1417 2072 1652 2144 coniugi,
1690 2086 1745 2128 et
1772 2082 1880 2127 tam
1920 2073 2088 2128 bene-

523 2167 676 2228 mlae,
713 2176 818 2218 tam
853 2165 1109 2235 providae,
1152 2175 1260 2220 tam
1309 2166 1511 2230 amanti
1545 2183 1607 2220 ac
1627 2165 1928 2221 sollicitata;
1961 2180 2086 2220 con-

515 2258 650 2326 jngi,
700 2271 804 2326 qua
861 2272 1050 2328 nempe
1095 2259 1160 2322 ad
1204 2257 1594 2312 consulendum
1631 2259 1968 2328 prudentior,
2020 2257 2086 2312 ad

517 2351 1078 2418 circumspectandum
1127 2351 1527 2420 perspicacior,
1579 2351 1644 2404 ad
1696 2349 2084 2418 penetrandum

520 2441 572 2492 in
627 2439 916 2496 insldiosos
942 2443 1152 2498 animos
1176 2442 1452 2498 solertior.
1479 2443 1631 2497 Hune
1657 2460 1812 2496 usum
1849 2451 2086 2496 assecta-

522 2531 678 2584 tionis
707 2539 760 2583 et
783 2533 1082 2600 prtesentiae
1118 2535 1168 2585 in
1202 2537 1392 2588 castris
1412 2549 1523 2588 sua:
1546 2535 1833 2589 exhibebat
1867 2534 2088 2586 domino

521 2622 729 2684 [urenti
769 2638 889 2676 meo
916 2634 1086 2678 mater
1115 2640 1232 2678 mea
1262 2645 1276 2678 :
1316 2627 1400 2680 cui
1434 2636 1553 2680 erat
1586 2635 1757 2678 noctm
1788 2624 1917 2694 vigil
1959 2639 2088 2678 ocu-

524 2714 626 2774 lus,
658 2712 725 2765 de
757 2712 844 2765 die
869 2725 1058 2768 custos
1089 2725 1306 2782 aspectu
1349 2717 1465 2785 ipso
1501 2717 1756 2769 terribilis
1801 2716 2084 2783 improbis,

521 2806 587 2854 ad
638 2819 886 2859 mensam
939 2805 1238 2859 antidotum
1269 2807 1532 2874 optimum
1591 2816 1646 2860 et
1670 2816 1858 2860 contra
1900 2820 2090 2859 omnes

521 2905 670 2949 artes
717 2896 1056 2964 iniuriasque
1107 2912 1435 2950 vi-nenorunt
1479 2898 1772 2950 amuletum
1827 2911 2086 2965 pI'IPSOIIS.

525 2985 650 3041 Ilaec
684 2986 825 3041 illam
863 2990 1144 3058 gravitatis
1171 2989 1330 3059 353
1365 2999 1414 3042 et
1451 2990 1787 3043 verecundiae
1839 2988 2087 3041 feminea:

520 3079 1002 3134 retinentissimatn
1036 3091 1335 3134 matronam
1366 3081 1585 3150 gynecei
1627 3081 1802 3151 adytis
1839 3089 1894 3133 et
1938 3091 2088 3148 grata

2185 614 2396 682 μάρτυς
2429 613 2632 665 τούτων
2657 612 2812 674 Θεός.
2847 608 2975 680 ⁷Λρ’
3015 605 3106 662 οὗν
3145 611 3244 661 οὐκ
3275 609 3380 662 ἔδει
3413 609 3504 661 τὸν
3538 609 3750 678 βασιλέα

2185 705 2288 756 ὑπὸ
2318 704 2588 757 τοσούτων
2632 705 2822 757 κακῶν
2859 701 3350 768 ἐπιξουλευόμενον
3401 701 3506 752 ὑπὸ
3551 700 3751 768 μυρίων

2181 795 2448 864 ὀμμάτων
2519 794 2896 864 φρουρεῖσθαι,
2977 793 3088 845 τῶν
3159 792 3258 860 μὲν
3329 789 3751 855 ἐπιτοξαζόντων

2183 886 2349 954 αὐτῷ,
2391 885 2501 938 τῶν
2530 885 2665 938 δὲτὸ
2695 885 2846 952 ξίφος
2876 883 3330 954 παραθηγόντων,
3360 883 3467 934 τῶν
3493 883 3539 934 δ’
3568 882 3749 950 ἀφιέν-

2189 993 2326 1040 των,
2357 977 2559 1030 ὁπόταν
2591 978 2690 1031 οὐκ
2743 978 2865 1045 ἐνῆν
2905 994 2955 1028 τι
2987 977 3203 1045 δρᾶσαι,
3234 976 3474 1045 λοίδορον
3516 977 3752 1040 γλῶτταν

2185 1075 2278 1125 καὶ
2327 1072 2386 1124 τὸ
2435 1071 2619 1134 κακῶς
2677 1073 2874 1124 εἰπεῖν.
2936 1071 3070 1122 Τίνα
3129 1070 3311 1121 τοίνυν
3354 1069 3462 1121 ἔδει
3508 1072 3752 1135 παρεῖναι

2185 1165 2260 1232 τῷ
2300 1163 2508 1232 βασιλεῖ
2544 1163 2832 1231 σύμμαχον
2863 1160 3013 1229 παρὰ
3047 1161 3147 1228 τὴν
3194 1159 3476 1227 σύμφυτον
3525 1160 3752 1226 σύμϐου-

2186 1256 2296 1320 λον;
2337 1255 2436 1318 Τίς
2501 1255 2704 1323 μᾶλλον
2764 1256 2983 1322 ἐκείνης
3026 1252 3186 1304 πλέον
3239 1251 3614 1302 ύπεσκέπτετο
3664 1251 3752 1318 μὲν

2185 1350 2276 1402 τὸν
2314 1349 2713 1415 αὐτοκράτορα,
2756 1346 3095 1397 ύπεόλέπετο
3131 1345 3185 1397 δὲ
3219 1345 3344 1406 τοὺς
3376 1343 3751 1396 ἐπιϐουλεύον-

2185 1458 2315 1506 τας;
2356 1441 2451 1501 Τίς
2492 1440 2637 1504 ὀξεῖα
2676 1439 2772 1506 μὲν
2809 1439 2867 1489 τὸ
2903 1437 3182 1506 συμφέρον
3234 1437 3428 1504 ἐκείνῳ
3473 1437 3757 1499 laciniis-

2185 1533 2317 1601 τέρα
2350 1531 2394 1562 ’⁸³
2422 1529 2476 1582 δὲ
2534 1529 2593 1581 τὸ
2663 1529 2814 1596 παρὰ
2865 1528 2976 1579 τῶν
3045 1527 3253 1597 ἐχθρῶν
3315 1527 3756 1596 σκευωρούμενον

2187 1621 2458 1683 κατιδεῖν;
2489 1621 2586 1672 Διά
2623 1619 2794 1672 ταῦτα
2835 1619 2928 1671 καὶ
2963 1618 3140 1671 πάντα
3179 1618 3235 1668 ἐν
3287 1620 3456 1670 πᾶσιν
3491 1611 3562 1686 ἦν
3593 1619 3625 1686 ή
3656 1617 3756 1687 ἐμὴ

2192 1714 2376 1783 μήτηρ
2431 1711 2508 1782 τῷ
2561 1713 2797 1781 δεσπότῃ
2861 1727 2962 1779 μου
3032 1711 3124 1762 καὶ
3188 1711 3357 1779 πατρὶ
3413 1709 3507 1762 καὶ
3551 1709 3757 1776 νύκτωρ

2189 1806 2464 1876 ἄγρυπνον
2494 1804 2672 1874 ὄμμα,
2715 1801 2812 1856 καὶ
2855 1801 3069 1872 ἡμέρας
3104 1801 3573 1871 περιφανέστατος
3599 1801 3758 1876 φρα-

2191 1897 2352 1966 κτὴρ,
2385 1896 2480 1948 καὶ
2532 1893 2814 1964 τραπέζης
2851 1893 2944 1944 καὶ
2975 1895 3186 1963 καιροῖς
3218 1879 3494 1944 ἀντίδοτον
3538 1879 3756 1958 ἀγᾙὶν,

2191 1989 2285 2040 καὶ
2310 1989 2408 2055 τῆς
2440 1987 2549 2039 ἀπὸ
2583 1985 2802 2055 τροφῶν
2830 1985 3048 2046 ἀδικίας
3091 1984 3523 2052 φυγαδευτήριον
3550 1983 3595 2014 ⁵⁸
3627 1983 3758 2051 φᾶρ·

2195 2097 2393 2150 μακον.
2431 2077 2617 2132 Ταῦτα
2646 2075 2828 2130 τοίνυν
2870 2077 2936 2129 τὰ
2977 2079 3128 2130 αἴτια
3159 2075 3257 2144 τὴν
3305 2075 3587 2142 σύμφυτον
3629 2075 3756 2126 αίδῶ

2191 2172 2289 2241 τῆς
2337 2171 2596 2239 γυναικὸς
2658 2169 2876 2238 ἐκείνης
2932 2169 3401 2238 παρηγκωνίζετο,
3458 2170 3549 2219 καὶ
3603 2167 3759 2236 ἐθὰρο

2195 2265 2276 2331 ρει
2324 2263 2450 2325 τοὺς
2519 2262 2755 2332 ἄρρενας
2808 2259 3137 2328 ὀφθαλμούς.
3217 2260 3408 2312 Καίτοι
3464 2259 3584 2311 οὐδὲ
3645 2257 3760 2310 τότε

2193 2355 2289 2423 τῆς
2354 2353 2618 2422 συνήθους
2674 2352 2719 2383 ⁸⁸
2783 2352 3077 2418 εὐκοσμίας
3141 2350 3575 2413 ἐπελανθάνετο,
3632 2349 3761 2401 ἀλλὰ

2194 2447 2288 2500 καὶ
2335 2445 2610 2514 βλέμματι
2671 2446 2764 2496 καὶ
2819 2447 2944 2513 σιγῇ
3005 2444 3097 2495 καὶ
3149 2447 3211 2512 τῇ
3273 2441 3402 2511 περὶ
3456 2441 3625 2509 αὐτὴν
3677 2441 3762 2493 θε-

2199 2538 2398 2610 ραπείᾳ
2451 2542 2564 2599 τοῖς
2595 2537 2806 2588 πλείοσι
2856 2537 2954 2606 μὲν
2996 2536 3376 2604 ἀγνωστοτέρα
3408 2537 3452 2567 ⁸⁸
3481 2533 3758 2602 ἐτύγχανε’

2197 2634 2292 2688 καὶ
2329 2634 2485 2685 τοῦτο
2521 2632 2680 2699 μόνον
2708 2631 2787 2683 ὅτι
2812 2630 3021 2699 βασιλὶς
3057 2630 3365 2699 παρέπεται
3404 2629 3479 2694 τῷ
3507 2625 3761 2695 στρατεύ-

2199 2741 2332 2795 ματι
2389 2726 2416 2777 ὁ
2476 2722 2780 2791 φερόμενος
2835 2723 2957 2774 ταῖν
2985 2720 3236 2790 ήμιόνοιν
3271 2719 3514 2779 οἱκίσκος
3557 2717 3761 2768 ἐδείκνυ

2197 2817 2292 2868 καὶ
2327 2815 2385 2868 τὸ
2421 2814 2626 2867 ἄνωθεν
2655 2813 2932 2882 βασιλικὸν
2969 2812 3391 2878 καταπέτασμα.
3436 2809 3520 2860 Τὰ
3558 2809 3601 2860 δ’
3631 2807 3762 2861 ἄλλα

2198 2907 2576 2979 ἐπηλυγάζετο
2603 2907 2663 2959 τὸ
2691 2906 2836 2959 θεῖον
2865 2905 3080 2975 ἐκείνης
3109 2903 3267 2972 σῶμα
3292 2919 3306 2934 ο
3334 2903 3495 2971 μόνον
3527 2901 3609 2951 ὅτι
3636 2898 3766 2968 πρό-

2197 3004 2315 3057 νοιά
2359 3019 2444 3065 τις
2499 3002 2697 3071 ἀρίστη
2731 2999 2798 3052 τὰ
2840 2998 2983 3052 κατὰ
3035 2997 3132 3066 τὴν
3173 2997 3328 3048 νόσον
3349 2993 3440 3047 τοῦ
3502 2991 3765 3062 βασιλέως

2197 3093 2460 3161 διεξάγει,
2521 3094 2616 3146 καὶ
2665 3091 2879 3162 φρουρὰ
2943 3089 3208 3159 βασιλέως
3267 3085 3566 3154 ἀκοίμητος
3615 3079 3768 3152 παρὰ

521 3173 709 3244 requie
743 3175 928 3228 relicta
961 3182 1301 3229 castrensem
1330 3176 1540 3227 turbam
1574 3181 1630 3229 et
1666 3174 1927 3228 bellorum
1954 3184 2089 3227 stre-

2199 3188 2332 3238 πᾶσι
2356 3183 2760 3250 διεγινώσκετο,
2787 3181 2880 3234 καὶ
2904 3181 3060 3250 ὄμμα
3087 3177 3391 3247 ἐγρηγορὸς
3421 3175 3515 3228 καὶ
3543 3174 3615 3243 μή
3647 3175 3769 3226 ἐπι-

521 3270 691 3338 pitum
745 3269 896 3337 sequi
955 3279 1288 3337 coegerunt:
1335 3267 1717 3334 cffundereque
1764 3283 1820 3321 se
1865 3269 1917 3320 in
1959 3282 2093 3320 cono

521 3369 766 3430 spectum
795 3361 1070 3430 publicum
1103 3369 1157 3414 et
1189 3361 1426 3413 virorum
1461 3361 1645 3413 oculos
1671 3359 1878 3414 subite.
1912 3359 2095 3422 Quan-

521 3469 684 3521 quam
738 3452 826 3506 illa
874 3466 941 3506 ne
982 3452 1070 3506 hic
1129 3452 1347 3520 quidem
1393 3459 1666 3505 consuetae
1709 3453 1982 3505 modestiae
2033 3465 2096 3504 ac

524 3543 704 3599 decori
743 3558 980 3612 unquam
1013 3543 1182 3596 oblita
1210 3553 1314 3608 est,
1349 3558 1537 3596 verum
1568 3553 1620 3594 et
1648 3543 1952 3606 oculorum,
1978 3544 2094 3596 sive

525 3648 743 3686 suorum
797 3634 1122 3688 demissioue
1180 3648 1244 3687 ac
1300 3635 1572 3696 custodia,
1629 3635 1742 3687 sive
1793 3634 2091 3688 alienorum

526 3726 910 3791 declinatione,
936 3727 1112 3794 quoad
1147 3726 1226 3781 fas
1253 3735 1392 3790 erat,
1417 3735 1472 3780 et
1499 3726 1716 3781 silentio
1737 3737 1832 3780 aut
1867 3727 2094 3793 loquen-

527 3817 579 3871 di
613 3819 896 3886 parcitate,
917 3827 970 3870 et
997 3816 1266 3872 modestia
1299 3817 1476 3872 cultus
1511 3833 1574 3871 ac
1604 3817 1878 3890 paucitate
1930 3818 2090 3870 l'ami-

529 3910 612 3964 lia:
657 3923 792 3979 pene
831 3918 1046 3965 sensum
1088 3911 1388 3978 praesentia
1411 3908 1696 3964 iurabatur
1733 3909 2089 3974 intuentibus,

529 4016 635 4054 uno
687 4008 894 4054 tantum
947 4017 1012 4056 ex
1056 4009 1373 4070 argumento
1421 4001 1725 4069 intelligere
1790 3998 2096 4054 valentibus

529 4107 651 4149 esse
677 4092 1078 4159 itnperatrieem
1112 4093 1163 4144 in
1202 4091 1484 4156 comitatu,
1508 4095 1651 4160 quod
1680 4091 1800 4161 ejus
1835 4092 2093 4144 mundum

529 4199 590 4237 ac
632 4184 1023 4253 supellectilem
1069 4186 1176 4238 duo
1223 4183 1353 4238 muli
1409 4185 1688 4239 traherent
1747 4184 2098 4253 imperatorio

529 4277 759 4345 desuper
820 4285 995 4344 tapete
1044 4285 1374 4344 conpertam.
1441 4275 1648 4330 Caetera
1703 4290 1834 4330 sane
1901 4291 2099 4344 corpus

533 4367 652 4437 ejus
698 4368 842 4422 velut
881 4382 1077 4420 numen
1117 4366 1171 4420 in
1216 4367 1391 4435 adytis
1428 4367 1668 4422 latebat:
1717 4367 1788 4422 ita
1814 4367 2100 4442 _duntaxat

537 4467 590 4511 ut
630 4457 710 4511 vis
743 4457 858 4524 ejus
898 4456 1200 4524 praesentia:
1251 4456 1303 4510 in
1348 4455 1629 4512 eﬂectibus
1679 4457 1974 4512 sentiretur
2019 4465 2099 4510 ιιι·-

2196 3276 2461 3339 νυστάζον
2520 3276 2630 3335 τοῖς
2685 3272 2998 3344 πράγμασι.
3032 3270 3144 3323 Καὶ
3194 3269 3355 3338 ἡμεῖς
3395 3266 3454 3318 δέ
3493 3267 3607 3317 ὅσοι
3641 3262 3769 3333 περὶ

2195 3370 2285 3423 τὸν
2315 3367 2694 3438 αὐτοκράτορα
2722 3361 2888 3428 εὖνοι,
2937 3362 3068 3433 περὶ
3119 3363 3218 3431 τὴν
3271 3358 3484 3412 ἐκείνου
3514 3356 3763 3426 φρουρὰν

2193 3456 2589 3527 διεπονούμεθά
2643 3472 2700 3508 τε
2751 3454 2845 3508 καὶ
2886 3452 3232 3522 συνηράμεθα
3291 3451 3359 3519 τῇ
3393 3443 3775 3520 δεσποίνῃ-κα).

2200 3553 2367 3621 μητρὶ
2394 3551 2623 3609 ἕκαστος
2653 3547 2727 3610 ὼς
2765 3542 2914 3616 εἶχεν
2943 3546 3040 3614 ὅλῃ
3072 3543 3216 3613 ψυχῇ
3247 3543 3338 3593 καὶ
3366 3540 3563 3611 γνώμη
3599 3557 3612 3572 ο
3652 3539 3775 3611 μηδ’

2188 3642 2652 3706 ’ὲπινυστάζοντος
2697 3640 2837 3699 ὅλως
2895 3636 3072 3690 ταῦτα
3113 3635 3250 3704 πρὸς
3286 3631 3414 3695 τοὺς
3457 3631 3774 3700 φιλοσκὼμο

2209 3753 2373 3806 μονας
2407 3735 2500 3787 καὶ
2535 3733 2632 3794 τὰς
2672 3730 3068 3800 φιλολοιδόρους
3108 3725 3356 3795 γλώττας
3397 3725 3770 3793 γεγράφατσιι,

2197 3828 2289 3880 τόν
2315 3843 2373 3879 τε
2412 3825 2519 3894 γὰρ
2540 3823 2781 3877 ἀναίτιον
2815 3819 2908 3872 ὑπ’
2933 3819 3170 3872 αίτίασιν
3193 3818 3410 3886 ἄγουσι.
3449 3814 3562 3868 Καὶ
3590 3813 3771 3866 τοῦτον

2197 3916 2303 3972 οίδε
2328 3917 2420 3969 τὸν
2448 3914 2790 3986 ἀνθρώπινον
2822 3913 3025 3982 τρόπον
3056 3909 3149 3964 καὶ
3198 3911 3231 3978 ή
3272 3908 3520 3977 Ὀμήρου
3555 3907 3770 3959 Μοῦσα.

2198 4010 2308 4063 Καὶ
2335 4008 2405 4060 τὰ
2429 4007 2610 4071 καλῶς
2642 4005 3011 4075 πεπραγμένα
3049 4001 3482 4072 διαφαυλίζουσι,
3521 4002 3621 4052 καὶ
3676 3997 3774 4048 ὑπὸ

2203 4101 2410 4171 μέμψιν
2455 4097 2670 4152 ποιοῦσι
2716 4098 2775 4148 τὸ
2815 4097 3126 4165 ἄμεμπτον.
3158 4094 3348 4145 Καίτοι
3399 4091 3594 4159 ἐκείνη
3635 4086 3774 4140 κατὰ

2197 4193 2297 4262 τὴν
2319 4189 2682 4260 ἐκστρατείαν
2723 4189 2824 4256 τὴν
2847 4185 2970 4240 κατ’
3004 4189 3180 4238 ἐκεῖνο
3205 4184 3405 4254 καιροῦ
3447 4184 3771 4251 γεγονυῖαν

2199 4284 2342 4338 κα·ὰ
2399 4283 2507 4352 γὰρ
2558 4280 2651 4334 τοῦ
2692 4279 3034 4348 Βαῐμούντου
3085 4279 3184 4347 τὴν
3212 4277 3389 4346 ὁρμὴν
3443 4275 3473 4326 ὁ
3522 4272 3774 4344 βασιλεὺς

2201 4375 2517 4444 ἐπεποίητο·
2548 4373 2610 4426 τὸ
2638 4373 2737 4442 μέν
2769 4390 2850 4424 τοι
2883 4372 3116 4434 ἄκουσα,
3139 4369 3198 4420 τὸ
3221 4368 3266 4421 δ’
3299 4367 3570 4428 ἑκουσίως
3603 4362 3776 4446 συνεί-

2203 4488 2356 4524 πετο.
2386 4469 2458 4522 Ού
2518 4467 2627 4538 γὰρ
2687 4463 3060 4520 συνεισϐαλεῖν
3109 4464 3215 4515 ἔδει
3257 4461 3357 4530 τὴν
3409 4459 3663 4530 βασιλίδα
3703 4453 3774 4522 τῷ

536 4562 680 4610 men,
731 4562 901 4615 eaque
922 4545 1264 4600 adhiberetur
1301 4545 1613 4614 imperatori
1644 4563 1771 4602 cura
1805 4547 2089 4612 laboranti,

2205 4533 2938 4630 ﬂap6aptxt'p'crparetipart
2966 4569 2979 4584 ο
3022 4553 3139 4614 πῶς
3171 4552 3280 4622 γὰρ
3326 4551 3396 4603 ἄν
3423 4567 3437 4615 ;
3471 4545 3773 4618 Τομύριδος

533 4655 640 4696 tam
677 4649 823 4706 apte,
860 4648 966 4691 tam
999 4645 1320 4706 opportune,
1345 4650 1452 4690 tam
1484 4639 1704 4707 provide
1731 4639 2102 4708 gubernaren-

534 4745 619 4785 tur
649 4731 851 4793 omnia,
885 4738 942 4782 ut
989 4729 1186 4782 versari
1221 4745 1324 4782 non
1353 4730 1629 4784 dubitares
1670 4731 1722 4782 in
1756 4729 2099 4788 administra-

533 4827 677 4878 tione
731 4830 840 4876 tota
879 4821 1068 4875 domus
1115 4821 1273 4888 regia
1313 4828 1545 4874 mentem
1586 4819 1734 4875 velut
1787 4825 2096 4892 quamdam,

531 4932 648 4986 qua)
682 4930 832 4970 suam
886 4929 951 4968 ex
1001 4927 1197 4966 arcano
1230 4911 1519 4967 emcaciam
1554 4923 1834 4977 exereret,
1883 4915 1996 4982 ipsa
2047 4917 2098 4969 in

532 5013 712 5070 abdito
745 5012 956 5066 lateret.
993 5008 1253 5064 Utebatur
1283 5020 1464 5063 autem
1512 5012 1576 5063 ad
1610 5011 1722 5064 haec
1765 5012 2101 5069 administris

534 5105 686 5158 nubis
717 5103 1044 5170 intitnisque‘,
1075 5118 1136 5156 ac
1201 5103 1516 5170 cognatione
1536 5101 1898 5170 jnnctissintis
1931 5113 2099 5160 caete-

533 5199 628 5263 tis,
656 5197 748 5265 qui
777 5197 977 5251 sedula:
998 5195 1192 5265 vigiliae
1221 5196 1386 5265 ipsius
1415 5206 1472 5250 et
1494 5199 1758 5266 promptis
1789 5199 1853 5252 ad
1885 5207 2098 5267 tempus

532 5288 795 5357 imperiis,
829 5297 1019 5342 exacta
1054 5297 1108 5342 et
1133 5287 1269 5341 ﬁdeli
1305 5288 1632 5354 obedientia,
1665 5289 1872 5344 servire
1906 5303 2004 5357 pro
2038 5303 2098 5345 se

530 5381 759 5446 quisque
803 5382 1153 5434 conabamur.
1214 5380 1341 5436 Haec
1400 5381 1450 5435 in
1488 5383 1746 5453 apologiaa
1783 5395 1934 5452 parte
1976 5398 2100 5452 per-

531 5470 733 5523 oranda
764 5470 975 5524 fuerant
1010 5471 1075 5524 ad
1109 5481 1334 5524 matrem
1357 5470 1747 5526 defendendam
1781 5473 1847 5526 ab
1870 5487 2096 5528 accusa-

533 5559 768 5612 tionibus
801 5561 1168 5630 injustissitnis
1207 5562 1472 5617 dicacium
1523 5563 1829 5632 linguarum
1872 5573 1927 5619 ct
1965 5580 2093 5634 pru-

532 5648 705 5716 rigine
735 5651 1070 5705 obtrectandi
1104 5653 1444 5718 gestientium
1475 5667 1705 5714 morum,

2198 4652 2372 4706 ταῦτα
2405 4652 2499 4703 καὶ
2547 4649 2873 4720 Σπαρέθρας
2904 4648 2949 4678 ⁸⁷
2999 4647 3098 4714 τῆς
3160 4643 3603 4710 Μασσαγέτιδος,
3662 4635 3772 4691 ἀλλ’

2198 4744 2318 4814 οὐχὶ
2351 4744 2450 4811 τῆς
2499 4743 2635 4810 ἐμῆς
2671 4739 2928 4810 Εἰρήνης.
2990 4737 3214 4790 Ἀλλοσε
3259 4736 3370 4806 γὰρ
3397 4736 3670 4803 ἐτρέπετο
3720 4729 3772 4782 σὺ

2197 4835 2402 4904 ταύτης
2474 4833 2720 4902 ἀνδρεῖον
2783 4831 2877 4884 καὶ
2925 4830 3102 4892 ἄλλως
3157 4827 3484 4894 ἐξώπλιστο.
3539 4825 3662 4879 ἀλλ’
3714 4821 3771 4874 οὐ

2197 4924 2275 4995 τῷ
2303 4929 2400 4993 τῆς
2440 4924 2672 4992 Ἀθηνᾶς
2699 4923 2908 4990 δόρατι,
2954 4920 3076 4974 ούδέ
3105 4922 3170 4990 τῇ
3215 4919 3384 4989 κυνέῃ
3426 4916 3521 4969 τοῦ
3566 4913 3767 4973 Ἀἱδος.

2211 5017 2352 5070 Ἀλλ’
2390 5017 2556 5078 ἀσπὶς
2589 5014 2688 5084 μὲν
2723 5014 2906 5086 ἐκείνῃ
2963 5013 3056 5064 καὶ.
3115 5009 3312 5077 θυρεὸς
3364 5010 3459 5060 καὶ
3521 5008 3683 5074 ξίφος
3713 5001 3770 5053 τὺ

2201 5109 2338 5180 πρὸς
2383 5109 2480 5170 τὰς
2515 5106 2804 5177 συμφορὰς
2836 5103 3016 5166 καλῶς
3043 5100 3647 5174 ἀντιπαρατάσσεσθαι,
3680 5097 3769 5150 καὶ

2195 5203 2294 5265 τὰς
2342 5199 2439 5253 τοῦ
2481 5200 2598 5270 βίου
2627 5201 2996 5260 ἑπανατάσεις
3022 5197 3087 5260 ἃς
3113 5192 3256 5250 οἶδεν
3302 5197 3336 5264 ή
3367 5193 3618 5265 βασιλεία
3660 5190 3769 5249 τοῖς

2201 5293 2514 5365 βασιλεῦσιν
2544 5293 2922 5360 ἐπικειμένας,
2955 5293 3142 5361 ήπερὶ
3184 5291 3251 5342 τα
3299 5290 3609 5360 πράγματα
3649 5285 3770 5351 δρα·

2207 5389 2521 5457 στηριότης,
2563 5383 2662 5438 καὶ
2682 5384 2742 5437 τὸ
2765 5384 2914 5438 κατὰ
2937 5383 3046 5436 τῶν
3076 5381 3263 5437 παθῶν
3290 5377 3766 5449 ἐπιπληκτικώτα-

2201 5493 2314 5541 τον,
2347 5478 2440 5528 καὶ
2470 5478 2502 5546 ή
2531 5474 2892 5543 ἀνυπόκριτος
2937 5473 3121 5533 πίστις
3144 5471 3219 5534 ὡς
3254 5468 3554 5536 Σολομῶντι
3600 5465 3763 5516 δοκεῖ.

2202 5565 2387 5627 Οὕτως
2433 5568 2464 5633 ή
2501 5563 2606 5634 ἐμὴ
2643 5565 2828 5632 μήτηρ
2876 5562 2968 5615 καὶ
3011 5561 3148 5630 πρὸς
3185 5561 3461 5618 τοιούτους
3491 5553 3762 5624 πολέμους

2200 5657 2514 5710 ἐσκε·2αστο’
2562 5654 2629 5707 τὰ
2671 5656 2713 5707 δ’
2750 5654 2885 5710 ἄλλα
2919 5652 3320 5724 εἰρηνικωτάτη
3357 5645 3423 5720 ἦν
3463 5645 3604 5699 κατὰ
3651 5641 3760 5701 τοῦ·

1565 5771 1760 5832 Varite
1804 5773 2102 5834 lectiones
2123 5789 2198 5833 ex
2229 5773 2368 5833 cod.
2402 5771 2652 5833 Coislin.

612 5865 657 5900 δ³
679 5864 952 5938 ὀξύτερον.
1069 5869 1114 5905 ⁸⁸
1156 5871 1606 5947 θεραπευτήρων.

1687 5875 1730 5902 δ’
1763 5873 1920 5930 Deest
1952 5890 2051 5929 vox
2090 5873 2376 5944 συνήθως.

2459 5875 2501 5904 ⁵⁸
2534 5872 2960 5946 ἀγνωστότερονο
3047 5872 3092 5902 ⁸⁷
3133 5868 3439 5939 Σπαρέθ²ἶε
