4040 6280
316 364 429 428 889

1590 370 2001 429 ALEXIADIS
2042 372 2190 433 Llli.
2222 372 2360 433 ΧΠ.

3464 375 3569 437 890

316 497 483 549 νομα.
554 477 700 532 Ἀλλ’
757 478 944 547 ἐπειδὴ
998 478 1066 531 τὰ
1120 480 1348 549 μὲντῆς
1404 481 1728 550 συμπλοκῆς
1785 486 1891 537 τῶν

2072 486 2175 550 Qui
2209 486 2422 537 rabidos
2449 494 2647 537 sarrch
2675 484 2849 537 dentes
2883 483 3083 536 illidere
3110 483 3288 552 μιγητ,

317 570 625 639 Βαρϐάρων
672 568 888 634 ἔμελλε,
953 570 1090 639 πρὸς
1132 571 1187 623 δὲ
1234 572 1590 642 παρασκευὴν
1650 574 1757 625 τῶν
1796 576 1897 642 τῆς

322 660 651 727 συμπλοκῆς
690 662 717 710 ὁ
747 658 1002 728 βασιλεὺς
1024 660 1270 729 ἀφεώρα,
1302 663 1397 713 καὶ
1434 663 1503 715 τὰ
1542 666 1639 732 μὲν
1668 665 1898 730 ἀσφαλί-

318 750 520 804 σασθαι
546 749 658 800 τῶν
695 750 977 818 φρουρίων
1005 752 1208 802 σκοπὸν
1234 747 1369 822 εἶχε,
1409 751 1477 806 τὰ
1496 754 1553 804 δὲ
1582 755 1897 823 κατοχυρῶ·

318 860 432 906 σαι,
457 842 554 893 καὶ
587 840 722 903 ὅλως
752 839 915 893 εὔοδα
944 841 1125 895 πάντα
1154 843 1220 894 τὰ
1252 844 1393 896 κατὰ
1425 844 1520 895 τοῦ
1558 844 1895 913 Βαῖμούντου

318 932 772 999 καταστήσασθαι
799 931 1048 997 ἔσπευδε,
1070 934 1475 1004 συνεξυπήγετο
1493 936 1589 987 καὶ
1614 936 1712 1007 τὴν
1736 936 1893 1005 βασι-

315 1024 345 1075 λ
374 1023 440 1074 δα
472 1021 533 1073 τὸ
578 1022 679 1090 μέν
708 1039 790 1074 τοι
820 1023 913 1074 καὶ
943 1023 1139 1076 ἑαυτοῦ
1167 1024 1352 1088 ἓνεκα,
1386 1027 1479 1078 καὶ
1508 1027 1574 1079 δι’
1603 1026 1667 1087 ἃς
1717 1027 1896 1089 αἰτίας

315 1116 661 1183 εἰρήκειμεν,
708 1115 769 1166 τὸ
788 1114 843 1166 δέ
880 1133 930 1167 τι
976 1117 1070 1167 καὶ
1101 1118 1157 1166 ὲν
1198 1117 1242 1148 ⁸⁸
1287 1117 1551 1187 ἀκινδύνῳ
1602 1118 1712 1170 τῶν
1751 1135 1897 1188 πρα-

316 1222 352 1275 γ
362 1208 546 1273 μάτων
581 1206 659 1258 ἑτι
685 1206 1099 1275 καθεστηκότων
1121 1211 1216 1261 καὶ
1249 1209 1415 1278 μήπω
1437 1211 1628 1278 καιροῦ
1654 1210 1895 1279 πολέμου

313 1296 803 1365 ιπιδεδημηκότος.
860 1297 1265 1367 ’Λναλαϐομένη
1329 1299 1510 1351 τοίνυν
1559 1299 1759 1351 ὁπόσον
1811 1298 1898 1351 διὰ

314 1388 524 1458 χρυτοῦ
579 1390 672 1441 καῖ¹
730 1388 899 1457 ἄλλης
953 1390 1237 1459 ποιότητος
1300 1394 1512 1462 προσῆν
1578 1393 1717 1461 αὐτῇ

315 1496 507 1548 ραγμα
567 1480 663 1532 καὶ
722 1479 890 1546 ἕτερὰ
945 1496 1066 1533 τινα
1100 1482 1205 1533 τῶν
1238 1483 1539 1553 χρημάτων
1581 1482 1749 1545 ἔξεισι
1795 1483 1895 1550 τῆς

315 1571 550 1633 πόλεως,
587 1569 814 1622 καὶτοῦ
867 1572 1058 1624 λοιποῦ
1116 1575 1173 1625 ὲν
1206 1574 1281 1637 τῷ
1337 1572 1537 1626 διιέναι
1594 1576 1691 1636 τὰς
1744 1574 1897 1635 ὁδοὺς

318 1663 460 1714 πᾶσι
516 1663 634 1724 τοῖς
687 1663 940 1726 ὲπαίταις
1006 1665 1100 1717 καὶ
1162 1667 1276 1725 τοῖς
1333 1665 1738 1736 σισυροφόροις,
1799 1666 1895 1718 καὶ

315 1754 552 1822 γυμνοῖς
583 1753 783 1821 δαψιλῆ
854 1756 952 1823 τὴν
992 1756 1150 1824 χεῖρα
1197 1758 1447 1824 παρεῖχε.
1508 1758 1615 1807 Καὶ
1658 1757 1832 1819 οὐδεὶς
1865 1758 1894 1809 ὁ

314 1846 692 1913 αἰτησάμενος
746 1847 841 1898 καὶ
898 1847 1053 1907 κενὸς
1111 1847 1384 1903 ἀπελθών.

309 1937 755 2007 ἑπιτεταγμένην
776 1937 980 2007 σκηνὴν
1013 1941 1355 2011 κατειλήφει,
1379 1940 1439 1992 ού
1458 1941 1591 2010 πρὸς
1614 1940 1894 2012 ῥᾳστώνην

312 2028 480 2090 εῦΟὺς
506 2028 798 2081 ἀπέκλινεν
829 2029 959 2081 εἵσω
991 2029 1195 2098 ταύτης
1227 2033 1504 2099 γεγονυῖα,
1532 2031 1669 2083 ἀλλὰ
1694 2032 1897 2083 ἀναπε-

310 2120 554 2173 ταννῦσα
597 2121 823 2191 ταύτην,
894 2121 1087 2175 ἄνετον
1128 2125 1240 2185 τοῖς
1275 2124 1485 2177 αἰτοῦσι
1527 2126 1765 2195 παρεῖχε
1794 2124 1894 2193 τὴν

309 2213 556 2267 εἴσοδον·
589 2216 701 2278 τοῖς
777 2213 1041 2276 τοιούτοις
1075 2214 1184 2285 γὰρ
1213 2217 1308 2269 καὶ
1367 2216 1515 2286 μάλα
1573 2218 1896 2286 εὐπρόσιτος

305 2301 378 2374 ἦν
412 2304 507 2357 καὶ
541 2306 807 2374 παρεῖχεν
851 2306 1056 2374 ἑαυτὴν
1097 2306 1329 2376 ὁρᾶσθαί
1354 2325 1413 2359 τε
1451 2307 1546 2359 καὶ
1574 2306 1892 2360 ἀκούεσθαι.

313 2396 391 2449 Οὐ
422 2396 725 2465 χρημάτων
744 2395 800 2447 δὲ
832 2396 1113 2464 μετεδίδου
1158 2402 1271 2460 τοῖς
1307 2398 1505 2466 πένησι
1539 2398 1724 2468 μόνον,
1755 2397 1895 2451 ἀλλὰ

311 2488 411 2537 καὶ
436 2488 505 2537 τὰ
540 2484 717 2554 λῴονα
751 2485 1143 2539 συνεϐούλευε·
1186 2490 1279 2541 καὶ
1315 2489 1552 2551 ὁπόσους
1582 2490 1680 2557 μὲν
1718 2489 1895 2559 εὑρώ-

311 2594 473 2638 στους
528 2579 596 2630 τὰ
656 2578 886 2648 σώματα
940 2581 1212 2648 κατενόει,
1247 2582 1507 2652 ῥᾳθύμως
1549 2583 1605 2636 δὲ
1638 2584 1765 2651 περὶ
1799 2583 1894 2637 τὸν

308 2670 428 2737 βίον
457 2668 700 2737 ἔχοντας,
722 2671 855 2741 πρὸς
880 2670 1017 2740 ἔργα
1048 2673 1142 2724 καὶ
1161 2672 1387 2743 πράξεις
1408 2673 1805 2744 προύτρέπετο,
1828 2675 1893 2728 ἵν’

303 2756 558 2808 ἐντεῦθεν
596 2757 663 2809 τὰ
693 2759 829 2825 πρὸς
866 2760 1056 2829 χρείαν
1088 2761 1420 2830 κομίζοιντο,
1454 2764 1549 2816 καὶ
1582 2764 1656 2834 μὴ
1702 2764 1771 2817 δι’
1828 2766 1895 2818 ἀ-

307 2846 531 2914 μέλειαν
572 2847 1036 2913 ἁναπεπτωκότας
1056 2851 1227 2921 θύραν
1262 2854 1324 2904 ἐκ
1342 2852 1510 2924 θύρας
1535 2855 1895 2919 ἐπαιτοῦντας

310 2952 379 2987 πε
393 2939 679 3004 ρινοστεῖν.
702 2938 907 3007 Καιρδς
932 2941 989 2992 δὲ
1017 2942 1198 3005 οὐδεὶς
1222 2944 1319 3011 τῆς
1342 2945 1603 3015 τοιαύτης
1627 2948 1894 3018 ἐργασίας

300 3030 538 3097 ἀπεῖργε
568 3030 667 3100 τὴν
691 3032 961 3098 βασιλίδα.
996 3034 1054 3087 '0
1077 3035 1176 3104 μὲν
1200 3031 1292 3089 οὖν
1316 3037 1483 3091 Δαυῒδ
1517 3040 1667 3107 μετὰ
1699 3044 1888 3094 κλαυ-

303 3120 459 3186 θμοῦ
501 3119 568 3173 τὸ
621 3123 781 3191 πόμα
822 3123 1046 3192 κιρνῶν
1104 3126 1417 3194 φαίνεται·
1458 3129 1492 3197 ή
1559 3128 1614 3181 δέ
1664 3146 1727 3196 γε
1789 3129 1885 3199 βαο

303 3213 441 3273 om;
497 3211 633 3282 αὕτη
695 3217 788 3269 καὶ
824 3217 1031 3287 τροφὴν
1076 3220 1171 3271 καὶ
1203 3220 1365 3273 ποτὸν
1410 3221 1546 3289 ἐλέῳ
1579 3238 1885 3289 συγκεραν-

299 3301 439 3353 vim
478 3306 596 3354 καθ’
658 3306 893 3374 ἑκάστην
922 3307 1221 3362 ὲδεῗκνυτο.
1259 3311 1369 3362 Καὶ
1421 3309 1589 3363 πολλὰ
1624 3309 1690 3364 ἂν
1743 3307 1889 3381 εἶχον

298 3393 479 3445 εἰπεῖν
503 3396 631 3462 περὶ
650 3394 852 3461 ταύτης
881 3397 979 3461 τῆς
1004 3398 1295 3468 βασιλίδος,
1314 3402 1363 3451 εἰ
1394 3401 1468 3470 μὴ
1513 3403 1573 3453 τὸ
1596 3400 1886 3471 θυγάτριον

303 3477 449 3533 εἶναι
499 3483 730 3552 ψεύδους
799 3490 1061 3558 παρεῖχεν
1119 3490 1402 3554 ὑπόνοιαν,
1447 3492 1542 3545 καὶ
1590 3493 1671 3545 ὅτι
1717 3493 1883 3562 μητρὶ

303 3570 669 3640 χαριζόμεθα.
703 3577 843 3643 Πρὸς
884 3578 939 3630 δὲ
965 3580 1093 3643 τοὺς
1131 3580 1305 3632 ταῦτα
1335 3582 1693 3645 ὑπονοοῦντας
1733 3600 1865 3653 παρα

298 3664 495 3731 ἕξομαι
513 3669 623 3737 τοῖς
650 3668 826 3735 λόγοις
846 3672 1425 3740 συνεπιμαρτυροῦντα
1448 3672 1515 3725 τὰ
1541 3674 1865 3741 πράγματα.

1800 1390 1897 1460 χά-

2072 578 2135 630 Et
2171 576 2434 630 maculam
2462 577 2607 642 puris
2635 577 2872 645 efﬁngere
2906 575 3135 628 moribus
3168 578 3373 631 ardent.

1998 668 2167 733 Qttulc
2198 665 2417 720 Homeri
2452 667 2598 720 Musa
2622 706 2635 728 ,
2677 667 2919 736 apprime
2948 676 3115 734 perita
3154 668 3569 723 consuetudinis

2000 762 2247 813 humana}
2288 760 2558 828 ingenium
2604 774 2721 812 esse
2786 758 3176 825 plurimorum,
3228 760 3446 813 cecinit.
3494 758 3571 815 Ne

1999 852 2163 918 igitur
2233 850 2712 903 comminiscuntur
2771 863 2903 902 neve
2961 849 3361 903 calumnientnr
3424 850 3569 906 aliud

1999 941 2306 1008 suspicaces
2356 948 2411 993 et
2460 938 2708 991 maledici
2742 939 2988 991 homines
3021 938 3088 992 de
3118 940 3297 992 causis
3327 954 3569 994 commo-

2001 1032 2227 1086 rationis
2273 1046 2403 1083 ntete
2439 1030 2625 1082 matris
2674 1031 2724 1082 in
2778 1030 2973 1083 castris
3006 1039 3063 1085 et
3095 1031 3304 1085 itineris
3344 1030 3466 1101 ejus
3506 1046 3569 1086 ac

1997 1121 2345 1194 profectionis
2402 1135 2506 1187 qua
2569 1134 2627 1173 se
2689 1121 2940 1173 comitem
2995 1122 3354 1189 expeditionis
3406 1122 3564 1177 istius

2000 1228 2160 1280 quam
2196 1212 2353 1264 modo
2388 1210 2719 1276 descriptum
2756 1210 2895 1264 imus
2944 1226 2972 1263 a
3017 1222 3169 1278 patre
3212 1226 3333 1266 meo
3379 1214 3573 1267 adver-

1998 1316 2089 1355 sus
2116 1299 2469 1353 Baimundum
2503 1309 2784 1366 suscepta),
2836 1298 2980 1353 dedit
3013 1302 3208 1369 partim
3242 1302 3409 1356 invita
3442 1318 3567 1371 par-

2000 1392 2095 1445 tim
2132 1391 2336 1455 volens,
2371 1401 2593 1459 propter
2626 1391 2930 1445 contrarias
2979 1392 3137 1445 modo
3171 1406 3567 1450 commemora-

2002 1492 2082 1536 tas
2109 1482 2389 1550 utriusque
2420 1480 2578 1535 cilicii
2616 1482 2934 1549 consiliique
2973 1483 3229 1537 rationes.
3268 1481 3382 1537 Non
3426 1485 3567 1538 enim

2000 1577 2184 1644 utique
2235 1590 2346 1628 rem
2405 1584 2621 1643 gestura
2659 1589 2819 1627 manu
2881 1576 3127 1629 cominus
3179 1583 3231 1629 et
3264 1575 3569 1642 przeliatura

1999 1682 2121 1720 cum
2154 1665 2405 1719 Barharis
2455 1664 2721 1733 processit
2754 1680 2767 1717 :
2804 1662 3107 1734 Tomyridis
3158 1665 3210 1718 id
3257 1664 3441 1725 fuerit,
3476 1673 3570 1717 aut

2001 1756 2309 1826 Sparethrae
2365 1755 2773 1825 Massagetidis,
2827 1769 2929 1809 non
2974 1754 3157 1809 lrenes
3195 1770 3364 1819 meae;
3414 1753 3569 1807 fortis

1465 1850 1636 1902 'Em‘iv
1694 1849 1750 1901 δὲ
1795 1850 1893 1917 τὴν
1928 1840 1967 1897 Β
2000 1848 2141 1900 illius
2200 1846 2415 1913 quidem
2465 1854 2519 1899 et
2551 1846 2786 1914 prmditte
2822 1846 3005 1899 animo
3057 1845 3218 1909 virili,
3272 1844 3362 1899 sed
3406 1844 3571 1898 robur

1999 1934 2139 1988 istud
2172 1949 2328 1987 suum
2371 1933 2437 1987 ad
2465 1933 2567 1986 alia
2600 1934 2755 2003 longe
2788 1932 3029 1988 facinora
3063 1934 3362 1998 vertentis;
3392 1933 3468 1987 uti
3512 1944 3568 1987 et

2006 2027 2176 2081 armis
2219 2026 2482 2080 inStructa
2515 2035 2631 2079 erat
2674 2025 2828 2095 longe
2858 2024 2979 2079 aliis
3010 2040 3173 2094 quam
3206 2026 3360 2079 hasta
3391 2025 3566 2079 Palla-

1998 2117 2082 2172 dis
2105 2127 2198 2172 aut
2226 2117 2373 2187 galea
2410 2116 2674 2171 Plutonis.
2705 2116 2899 2170 Parma
2931 2116 3057 2170 huic
3089 2127 3141 2170 et
3167 2126 3378 2171 scutum
3403 2124 3456 2170 et
3486 2127 3563 2170 te-

1995 2210 2105 2264 ltnn
2154 2218 2291 2271 erat.
2336 2217 2596 2263 constans
2634 2217 2820 2276 pectus
2859 2222 3133 2276 Opponcre
3177 2207 3339 2261 rebus
3380 2207 3568 2260 adver-

1997 2302 2126 2357 sis:
2179 2316 2242 2354 ac
2273 2310 2457 2355 contra
2505 2300 2834 2354 rebelliones
2898 2309 3060 2368 atque
3105 2299 3333 2354 insultas
3375 2299 3569 2368 quibus

1998 2408 2167 2463 genus
2206 2394 2380 2461 ipsum
2424 2407 2691 2461 supremte
2722 2393 3001 2460 potestatis
3024 2401 3216 2445 natura
3255 2392 3484 2457 quadam
3515 2401 3567 2444 et

2000 2485 2312 2540 conditione
2354 2485 2569 2553 propria
2594 2486 2896 2553 expositum
2933 2492 3034 2548 est,
3089 2497 3301 2548 semper
3344 2480 3566 2535 interri-

1999 2588 2105 2632 tam
2136 2591 2350 2646 semper
2378 2586 2617 2646 paratam
2654 2586 2821 2630 stare.
2844 2576 2980 2628 Tum
3003 2589 3131 2629 vero
3159 2574 3319 2629 etiam
3348 2582 3567 2626 strenue

1997 2683 2117 2725 sese
2150 2683 2382 2729 versare
2425 2670 2479 2722 in
2508 2666 2681 2724 ofﬁcio
2720 2667 2992 2738 fungendo
3027 2677 3081 2721 et
3126 2663 3426 2719 actionibus
3483 2663 3564 2716 sui

1997 2761 2237 2815 muneris
2265 2760 2317 2814 in
2351 2768 2591 2828 tempore
2614 2759 2925 2814 reddendis.
2958 2754 3226 2810 Przelerea
3248 2766 3566 2821 resrionsare

1996 2852 2403 2921 cupiditatibus,
2443 2860 2497 2904 et
2543 2849 2938 2905 contumaciam
2989 2861 3173 2900 earum
3211 2854 3428 2899 austero
3474 2856 3562 2894 ra-

1999 2944 2162 2999 tionis
2209 2943 2436 3013 imperio
2471 2957 2741 3012 premere.
2789 2941 3029 3010 Denique
3057 2939 3215 2994 tidem
3250 2946 3303 2991 et
3351 2934 3564 3001 religio-

1997 3054 2121 3093 nem
2158 3038 2224 3091 ad
2280 3035 2447 3089 Deum
2504 3050 2612 3089 non
2664 3034 2844 3088 ﬁctam
2906 3046 3083 3101 neque
3140 3026 3562 3099 perfunctoriam

1998 3128 2217 3180 habere.
2279 3126 2409 3191 Quae
2461 3124 2573 3179 fere
2631 3132 2909 3177 armatura
2955 3129 3040 3176 est
3078 3135 3184 3190 qua
3248 3118 3564 3172 instructam

1990 3218 2268 3272 mulierem
2311 3216 2503 3272 fortem
2549 3215 2806 3270 Salomon
2835 3214 2983 3268 velut
3029 3213 3081 3266 in
3111 3210 3284 3266 aciem
3314 3206 3495 3262 educit
3520 3206 3559 3256 ⁸.

1988 3309 2060 3362 At
2138 3308 2403 3377 ejusmodi
2477 3306 2613 3361 bella
2675 3314 3043 3374 comparatam
3109 3310 3164 3355 et
3224 3298 3559 3370 procinctam

1986 3400 2151 3472 354
2201 3398 2366 3454 fuisse
2396 3414 2566 3453 meam
2601 3408 2826 3453 matrem
2862 3397 3056 3450 fateor.
3083 3394 3287 3450 Caetera
3318 3389 3561 3448 moribus

1983 3492 2336 3561 quietissimis
2382 3499 2436 3544 et
2467 3491 2559 3559 qui
2592 3490 2753 3545 facile
2783 3488 2963 3545 studio
2994 3486 3251 3557 cultuque
3298 3490 3557 3555 perpetuo

1986 3582 2156 3654 pacis.
2200 3598 2357 3637 omen
2400 3583 2472 3636 illi
2509 3581 2622 3637 dati
2662 3582 2791 3637 olim
2841 3579 3076 3636 nominis
3112 3577 3414 3647 implerent.
3446 3571 3558 3626 Ne-

1979 3689 2083 3744 que
2113 3673 2245 3728 illud
2273 3672 2658 3737 omittendum,
2690 3687 2811 3727 cum
2840 3680 2993 3739 patre
3036 3683 3159 3723 meo
3177 3667 3407 3737 jubente
3434 3676 3557 3733 pro-

296 3773 486 3827 gri-ssa
530 3761 690 3815 simul
724 3772 808 3815 est
863 3763 928 3816 ad
986 3763 1183 3817 bellum
1227 3780 1424 3833 parens
1463 3782 1578 3819 mea
1630 3781 1966 3835 nequaquam
2005 3768 2313 3836 opinionem
2354 3765 2530 3819 adhuc
2568 3766 2733 3820 fuisse
2773 3778 2894 3817 mox
2934 3762 3101 3816 futuri
3137 3760 3327 3830 praelii,
3369 3755 3557 3828 procul

294 3850 561 3918 siqui-lem
592 3854 771 3907 adhuc
804 3852 1134 3910 Baimundus
1212 3859 1593 3922 cunctabatur,
1686 3870 1744 3913 et
1795 3859 1958 3914 lentis
2006 3861 2377 3914 tantummodo
2448 3857 2688 3913 consiliis
2744 3855 3201 3927 praemuniebatur
3265 3850 3418 3921 quasi
3473 3849 3557 3902 \‘ia

294 3946 451 3999 Harii
481 3962 823 4014 processero,
864 3950 990 4003 dum
1033 3960 1176 4005 totus
1208 3952 1423 4004 interim
1460 3962 1575 4005 erat
1626 3953 1939 4023 imperator,
1972 3954 2023 4008 in
2055 3954 2272 4008 arcibus
2318 3954 2440 4008 aliis
2512 3953 2762 4022 praesidio
2841 3952 3093 4020 imposito
3118 3992 3134 4015 ,
3209 3948 3329 4002 aliis
3392 3958 3553 3999 manu

294 4053 461 4109 atque
488 4059 649 4112 opere
682 4046 981 4109 ﬁrmandis,
1070 4048 1527 4116 providendisque
1599 4051 1761 4105 rebus
1832 4053 2151 4120 ejusmodi}
2174 4052 2387 4105 caeteris
2418 4065 2538 4119 quae
2561 4050 2626 4103 ad
2664 4048 3057 4104 occurrendum
3086 4043 3363 4099 Baimnndi
3394 4053 3556 4096 cona-

293 4141 442 4192 tihns
481 4138 770 4203 aliquando
800 4141 1071 4207 erupturis
1103 4154 1311 4195 mature
1355 4143 1670 4197 adhibendae
1718 4144 2057 4198 videbantur.
2091 4146 2267 4213 Atque
2292 4145 2391 4198 hoc
2418 4143 2617 4211 ipsum,
2687 4154 2879 4208 nempe
2940 4139 3081 4206 quod
3147 4138 3311 4191 sciret
3383 4134 3556 4202 impe-

293 4240 450 4283 rator
475 4229 676 4281 nullam
706 4227 854 4294 fore,
885 4230 988 4284 nisi
1028 4242 1150 4301 post
1176 4233 1392 4301 longum
1427 4234 1568 4288 forte
1612 4235 1871 4303 spatium,
1910 4235 2255 4289 occasionem
2286 4232 2608 4288 conserendi
2645 4231 2833 4298 praelii,
2880 4230 3095 4283 animos
3135 4227 3212 4282 illi
3285 4221 3417 4280 fecit
3484 4220 3550 4273 ad

294 4324 591 4388 nrgendam
642 4321 866 4376 liberius
902 4334 1123 4392 prepter
1192 4328 1428 4380 rationes
1487 4326 1639 4395 prius
1711 4334 2056 4390 memoratas,
2131 4324 2428 4395 Augustam
2470 4336 2625 4378 suam
2660 4320 2940 4390 conjugem
2984 4326 3045 4372 ut
3086 4316 3237 4371 exire
3292 4311 3359 4367 ad
3410 4312 3551 4366 hanc

289 4411 687 4479 expeditionem
729 4426 912 4463 secum
961 4410 1163 4463 vellet?
1233 4410 1322 4464 Illa
1372 4428 1497 4467 vero
1531 4414 1845 4468 necessitati
1887 4414 2048 4469 simul
2095 4431 2125 4467 a
2166 4416 2281 4468 viro
2324 4415 2590 4481 impositae
2635 4414 2837 4478 paruit,
2917 4408 3081 4463 simul
3167 4406 3377 4460 dilecta:
3448 4400 3550 4458 sibi

287 4498 609 4554 exercenda:
640 4496 915 4554 liberalius
946 4500 1330 4555 misericordiae
1355 4504 1588 4571 captavit
1616 4504 1983 4557 occasionem.
2078 4503 2507 4574 Peregrinationi
2546 4505 2690 4558 enim
2731 4500 2877 4555 omni
2952 4513 3117 4568 quam
3183 4508 3292 4550 tum
3364 4494 3552 4552 habuit

288 4600 511 4661 sumpta
561 4607 746 4646 secum
788 4593 1010 4661 pecunia
1040 4592 1121 4647 vel
1161 4609 1325 4647 aurea
1368 4595 1450 4649 vel
1486 4611 1551 4649 ex
1593 4595 1700 4649 alio
1729 4597 1920 4665 quovis
1953 4596 2171 4649 metallo
2250 4611 2310 4651 se
2352 4597 2499 4650 dedit
2535 4614 2549 4650 :
2613 4608 2841 4662 eamque
2917 4607 3012 4661 per
3060 4600 3225 4645 totam
3279 4589 3417 4642 viam
3497 4588 3550 4641 in

287 4687 484 4743 obvios
515 4698 755 4753 quosque
783 4685 1076 4749 mendicos,
1121 4695 1212 4739 aut
1242 4696 1534 4755 egestatem
1566 4689 1657 4741 vili
1691 4703 1755 4742 ac
1796 4690 1993 4743 misero
2028 4690 2222 4743 vestitu
2246 4689 2614 4757 praeferentes,
2690 4686 2924 4739 maxime
2983 4692 3161 4738 autem
3224 4683 3275 4736 in
3345 4682 3549 4738 nudos.

290 4775 788 4831 beuelicentissime
829 4775 1092 4843 profudit,
1139 4777 1273 4830 adeo
1304 4787 1359 4829 nt
1396 4793 1552 4832 nemo
1583 4780 1675 4849 qui
1706 4779 1773 4833 ab
1800 4794 1861 4831 ea
1902 4780 2126 4847 petierit
2196 4780 2393 4835 abierit
2463 4794 2686 4834 vacuus.
2724 4778 3017 4846 Postquam
3046 4788 3174 4828 vero
3208 4774 3259 4825 in
3303 4771 3547 4825 destina-

287 4879 408 4923 tum
453 4865 556 4919 sibi
598 4866 1002 4918 tabernaculum
1047 4877 1431 4933 concesserat,
1484 4886 1588 4922 non
1640 4870 1727 4923 illa
1811 4871 2093 4938 Captanda:
2132 4871 2330 4939 quietis
2364 4870 2769 4940 opportunitate
2841 4868 3140 4929 fruebatur,
3216 4871 3311 4915 aut
3348 4860 3548 4913 clausis

285 4960 447 5016 ostiis
502 4958 620 5012 sine
691 4958 896 5010 arbitro
928 4974 1114 5011 somno
1143 4961 1465 5028 corporique
1508 4963 1735 5016 Otiosum
1810 4963 1971 5016 dabat
2021 4978 2285 5032 operam:
2351 4963 2446 5017 sed
2492 4962 2625 5015 velis
2686 4958 2922 5013 reductis
3004 4953 3233 5021 amplam
3283 4950 3547 5003 adeundae

285 5055 373 5108 sui
412 5051 644 5104 faciebat
683 5051 899 5117 copiam
952 5052 1204 5106 omnibus
1247 5054 1358 5121 ipsa
1412 5066 1673 5110 conventa
1727 5072 1862 5123 Opus
1908 5057 2234 5110 habentibus
2264 5056 2568 5124 praesertim
2610 5066 2740 5106 vero
2774 5060 2956 5120 petere
3031 5044 3229 5114 aliquid
3294 5042 3539 5111 paratis;

283 5148 530 5215 qualium
566 5161 843 5201 accessum
888 5156 1003 5201 tota
1049 5147 1156 5200 vita
1196 5147 1351 5202 facile
1391 5150 1641 5215 admisit;
1724 5157 1778 5203 et
1817 5151 1881 5201 ad
1955 5150 2059 5202 tale
2093 5150 2359 5201 duntaxat
2389 5162 2559 5216 genus
2592 5144 2868 5198 remisisse
2894 5136 3234 5192 verecundiae
3279 5134 3543 5202 supersti-

284 5237 492 5289 tionem
544 5236 690 5289 velut
742 5235 886 5288 illam
930 5234 1218 5287 videbatur
1249 5251 1383 5303 pene
1428 5238 1691 5302 nimiam;
1727 5238 1853 5290 dum
1896 5236 1960 5289 iis
1989 5236 2248 5289 duntaxat
2281 5236 2521 5302 praebere
2556 5248 2616 5287 se
2655 5230 2973 5292 videndam,
3002 5236 3056 5282 et
3125 5226 3337 5281 eosdem
3404 5223 3542 5278 allo.

284 5325 380 5394 qui
413 5333 773 5377 consueverat
804 5322 1054 5379 libenter.
1082 5321 1253 5377 Porro
1285 5327 1566 5391 pecuniam
1604 5324 1932 5394 pauperibus
1961 5323 2189 5376 donasse
2225 5324 2538 5388 neutiquam
2606 5329 2880 5379 contenta,
2958 5315 3261 5380 consilium,
3328 5313 3373 5367 si
3448 5321 3538 5368 res

285 5410 479 5477 ferret,
525 5414 746 5480 insuper
787 5411 1059 5478 addebat;
1108 5422 1161 5466 et
1200 5428 1333 5481 quos
1359 5414 1499 5469 forte
1541 5424 1756 5483 vegetos
1830 5428 1895 5467 ac
1963 5411 2247 5466 commode
2301 5411 2551 5473 valentes
2604 5410 2767 5462 vitam
2816 5408 3043 5460 inertem
3114 5405 3202 5459 cib
3290 5403 3537 5475 precario

288 5509 509 5562 trahere
550 5509 787 5568 videbat,
853 5505 921 5560 iis
966 5506 1127 5560 ﬁebat
1186 5520 1375 5562 auctor
1442 5520 1501 5563 ut
1564 5508 1865 5578 profitendo
1902 5504 2043 5575 apud
2096 5520 2208 5559 rem
2260 5505 2521 5559 habentes
2582 5503 2764 5557 labore
2826 5501 3023 5555 victum
3095 5499 3196 5555 sibi
3284 5498 3532 5553 mercede

361 5599 377 5631 ¹
409 5598 569 5652 Prov.
613 5612 769 5664 χχιι,
805 5597 869 5650 l0
895 5611 1047 5667 seqq.

1348 5692 1543 5754 Variae
1573 5694 1879 5757 lectiones
1916 5709 1994 5755 ex
2022 5689 2165 5754 cod.
2204 5686 2456 5754 Coislin.

359 5788 403 5825 "
439 5789 495 5845 ἐν
516 5788 614 5860 τῷ.
