  <div class='ocr_page' id='page_1' title='image "/cluster/home/n/w/nwhite01/storage/ocr_20150623/131/mdp.39015078384248/466.png"; bbox 0 0 4040 6280; ppageno 0'>
   <div class='ocr_carea' id='block_1_1' title="bbox 308 339 2335 408">
    <p class='ocr_par' dir='ltr' id='par_1_1' title="bbox 308 339 2335 408">
     <span class='ocr_line' id='line_1_1' title="bbox 308 339 2335 408; baseline 0.003 -7"><span class='ocrx_word' id='word_1_1' title='bbox 308 340 393 401; x_wconf 80' lang='lat'><strong>‘97</strong></span> <span class='ocrx_word' id='word_1_2' title='bbox 1554 339 1966 399; x_wconf 75' lang='lat' dir='ltr'><strong>ALEXIADIS</strong></span> <span class='ocrx_word' id='word_1_3' title='bbox 2007 341 2153 402; x_wconf 89' lang='lat' dir='ltr'><strong>LIB.</strong></span> <span class='ocrx_word' id='word_1_4' title='bbox 2195 343 2335 408; x_wconf 81' lang='lat' dir='ltr'><strong>XII.</strong></span> 
     </span>
    </p>
   </div>
   <div class='ocr_carea' id='block_1_2' title="bbox 3421 349 3529 411">
    <p class='ocr_par' dir='ltr' id='par_1_2' title="bbox 3421 349 3529 411">
     <span class='ocr_line' id='line_1_2' title="bbox 3421 349 3529 411; baseline 0 -1"><span class='ocrx_word' id='word_1_5' title='bbox 3421 349 3529 411; x_wconf 85' lang='lat'><strong>898</strong></span> 
     </span>
    </p>
   </div>
   <div class='ocr_carea' id='block_1_3' title="bbox 308 449 1856 525">
    <p class='ocr_par' dir='ltr' id='par_1_3' title="bbox 308 449 1856 523">
     <span class='ocr_line' id='line_1_3' title="bbox 308 449 1856 523; baseline -0.001 -19"><span class='ocrx_word' id='word_1_6' title='bbox 308 454 439 523; x_wconf 68' lang='grc' dir='ltr'>ῇλίου</span> <span class='ocrx_word' id='word_1_7' title='bbox 470 455 593 507; x_wconf 84' lang='grc' dir='ltr'>τότε</span> <span class='ocrx_word' id='word_1_8' title='bbox 617 450 915 514; x_wconf 74' lang='grc' dir='ltr'><strong>ὁδεύοντας.</strong></span> <span class='ocrx_word' id='word_1_9' title='bbox 962 451 1028 502; x_wconf 85' lang='grc' dir='ltr'>Ὃ</span> <span class='ocrx_word' id='word_1_10' title='bbox 1042 467 1141 520; x_wconf 73' lang='grc' dir='ltr'>περ</span> <span class='ocrx_word' id='word_1_11' title='bbox 1172 451 1270 501; x_wconf 74' lang='grc' dir='ltr'>οὐ).</span> <span class='ocrx_word' id='word_1_12' title='bbox 1292 449 1493 517; x_wconf 70' lang='grc' dir='ltr'>ἀγαῦδς</span> <span class='ocrx_word' id='word_1_13' title='bbox 1522 450 1708 513; x_wconf 78' lang='grc' dir='ltr'>οἰωνὸς</span> <span class='ocrx_word' id='word_1_14' title='bbox 1749 453 1856 512; x_wconf 83' lang='grc' dir='ltr'>τοῖς</span> 
     </span>
    </p>
   </div>
   <div class='ocr_carea' id='block_1_4' title="bbox 1963 449 3531 525">
    <p class='ocr_par' dir='ltr' id='par_1_4' title="bbox 1971 450 3531 525">
     <span class='ocr_line' id='line_1_4' title="bbox 1971 450 3531 525; baseline -0.001 -21"><span class='ocrx_word' id='word_1_15' title='bbox 1971 451 2242 520; x_wconf 79' lang='lat' dir='ltr'><strong>Augustus</strong></span> <span class='ocrx_word' id='word_1_16' title='bbox 2274 466 2392 504; x_wconf 87' lang='lat' dir='ltr'><strong>cum</strong></span> <span class='ocrx_word' id='word_1_17' title='bbox 2425 450 2679 503; x_wconf 88' lang='lat' dir='ltr'><strong>comitatu</strong></span> <span class='ocrx_word' id='word_1_18' title='bbox 2719 450 2940 518; x_wconf 68' lang='lat' dir='ltr'><strong>recepit.</strong></span> <span class='ocrx_word' id='word_1_19' title='bbox 2980 450 3056 505; x_wconf 80' lang='lat' dir='ltr'><strong>lbi</strong></span> <span class='ocrx_word' id='word_1_20' title='bbox 3101 453 3199 508; x_wconf 98' lang='lat' dir='ltr'><strong>sub</strong></span> <span class='ocrx_word' id='word_1_21' title='bbox 3238 452 3287 506; x_wconf 92' lang='lat' dir='ltr'><strong>id</strong></span> <span class='ocrx_word' id='word_1_22' title='bbox 3321 462 3531 525; x_wconf 75' lang='lat' dir='ltr'><strong>tempus</strong></span> 
     </span>
    </p>
   </div>
   <div class='ocr_carea' id='block_1_5' title="bbox 309 540 1861 609">
    <p class='ocr_par' dir='ltr' id='par_1_5' title="bbox 309 540 1861 609">
     <span class='ocr_line' id='line_1_5' title="bbox 309 540 1861 609; baseline -0.003 -13"><span class='ocrx_word' id='word_1_23' title='bbox 309 544 534 596; x_wconf 68' lang='grc' dir='ltr'>πὶεὶοσιν</span> <span class='ocrx_word' id='word_1_24' title='bbox 569 540 735 605; x_wconf 80' lang='grc' dir='ltr'><strong>ἔδοξε·</strong></span> <span class='ocrx_word' id='word_1_25' title='bbox 764 541 857 593; x_wconf 77' lang='grc' dir='ltr'><strong>καὶ</strong></span> <span class='ocrx_word' id='word_1_26' title='bbox 892 541 1093 608; x_wconf 64' lang='grc' dir='ltr'>μᾶλλον</span> <span class='ocrx_word' id='word_1_27' title='bbox 1124 541 1310 591; x_wconf 73' lang='grc' dir='ltr'><strong>ὁπόσοι</strong></span> <span class='ocrx_word' id='word_1_28' title='bbox 1366 540 1443 609; x_wconf 82' lang='grc' dir='ltr'><strong>μὴ</strong></span> <span class='ocrx_word' id='word_1_29' title='bbox 1497 541 1677 601; x_wconf 68' lang='grc' dir='ltr'>καλῶς</span> <span class='ocrx_word' id='word_1_30' title='bbox 1723 540 1861 608; x_wconf 79' lang='grc' dir='ltr'>πρὸς</span> 
     </span>
    </p>
   </div>
   <div class='ocr_carea' id='block_1_6' title="bbox 306 628 1858 703">
    <p class='ocr_par' dir='ltr' id='par_1_6' title="bbox 306 628 1858 703">
     <span class='ocr_line' id='line_1_6' title="bbox 306 628 1858 703; baseline -0.003 -17"><span class='ocrx_word' id='word_1_31' title='bbox 306 634 383 686; x_wconf 81' lang='grc' dir='ltr'>τὸν</span> <span class='ocrx_word' id='word_1_32' title='bbox 406 635 783 703; x_wconf 69' lang='grc' dir='ltr'>αὐτοκράτορα</span> <span class='ocrx_word' id='word_1_33' title='bbox 818 628 986 702; x_wconf 77' lang='grc' dir='ltr'>εἶχον,</span> <span class='ocrx_word' id='word_1_34' title='bbox 1026 631 1421 701; x_wconf 76' lang='grc' dir='ltr'>ὐπεψιθύριζον</span> <span class='ocrx_word' id='word_1_35' title='bbox 1468 633 1577 699; x_wconf 69' lang='grc' dir='ltr'><strong>γὰρ</strong></span> <span class='ocrx_word' id='word_1_36' title='bbox 1626 632 1715 683; x_wconf 69' lang='grc' dir='ltr'><strong>τὶν</strong></span> <span class='ocrx_word' id='word_1_37' title='bbox 1763 630 1858 683; x_wconf 78' lang='grc' dir='ltr'>τοῦ</span> 
     </span>
    </p>
   </div>
   <div class='ocr_carea' id='block_1_7' title="bbox 310 722 1851 792">
    <p class='ocr_par' dir='ltr' id='par_1_7' title="bbox 310 722 1851 792">
     <span class='ocr_line' id='line_1_7' title="bbox 310 722 1851 792; baseline -0.001 -17"><span class='ocrx_word' id='word_1_38' title='bbox 310 724 556 792; x_wconf 72' lang='grc' dir='ltr'><em>βασιὶέως</em></span> <span class='ocrx_word' id='word_1_39' title='bbox 608 724 837 776; x_wconf 70' lang='grc' dir='ltr'>Θάνατον</span> <span class='ocrx_word' id='word_1_40' title='bbox 881 723 940 774; x_wconf 74' lang='grc' dir='ltr'>τὸ</span> <span class='ocrx_word' id='word_1_41' title='bbox 1008 722 1222 790; x_wconf 75' lang='grc' dir='ltr'>συμϐὰν</span> <span class='ocrx_word' id='word_1_42' title='bbox 1279 722 1641 791; x_wconf 74' lang='grc' dir='ltr'>προμηνύειν.</span> <span class='ocrx_word' id='word_1_43' title='bbox 1677 722 1733 773; x_wconf 89' lang='lat'><strong>&#39;0</strong></span> <span class='ocrx_word' id='word_1_44' title='bbox 1778 722 1851 783; x_wconf 77' lang='grc' dir='ltr'><strong>δὲ,</strong></span> 
     </span>
    </p>
   </div>
   <div class='ocr_carea' id='block_1_8' title="bbox 304 814 1855 882">
    <p class='ocr_par' dir='ltr' id='par_1_8' title="bbox 304 814 1855 882">
     <span class='ocr_line' id='line_1_8' title="bbox 304 814 1855 882; baseline -0.003 -15"><span class='ocrx_word' id='word_1_45' title='bbox 304 816 455 882; x_wconf 86' lang='grc' dir='ltr'><strong>Ζωῆς</strong></span> <span class='ocrx_word' id='word_1_46' title='bbox 484 815 585 867; x_wconf 75' lang='grc' dir='ltr'><strong>καὶ</strong></span> <span class='ocrx_word' id='word_1_47' title='bbox 617 814 878 868; x_wconf 81' lang='grc' dir='ltr'><strong>θανάτου</strong></span> <span class='ocrx_word' id='word_1_48' title='bbox 912 814 1020 867; x_wconf 79' lang='grc' dir='ltr'><strong>ἕνα</strong></span> <span class='ocrx_word' id='word_1_49' title='bbox 1046 816 1263 881; x_wconf 79' lang='grc' dir='ltr'><strong>Κύριον</strong></span> <span class='ocrx_word' id='word_1_50' title='bbox 1304 814 1645 882; x_wconf 76' lang='grc' dir='ltr'><em>ἐπίσταμαι,</em></span> <span class='ocrx_word' id='word_1_51' title='bbox 1681 814 1855 879; x_wconf 77' lang='grc' dir='ltr'><strong>ἔλεγε·</strong></span> 
     </span>
    </p>
   </div>
   <div class='ocr_carea' id='block_1_9' title="bbox 305 903 1860 970">
    <p class='ocr_par' dir='ltr' id='par_1_9' title="bbox 305 903 1860 970">
     <span class='ocr_line' id='line_1_9' title="bbox 305 903 1860 970; baseline -0.002 -12"><span class='ocrx_word' id='word_1_52' title='bbox 305 908 547 969; x_wconf 82' lang='grc' dir='ltr'><strong>πτώσεις</strong></span> <span class='ocrx_word' id='word_1_53' title='bbox 570 906 639 958; x_wconf 81' lang='grc' dir='ltr'><strong>δὲ</strong></span> <span class='ocrx_word' id='word_1_54' title='bbox 681 905 943 958; x_wconf 78' lang='grc' dir='ltr'><strong>εἰδώλων</strong></span> <span class='ocrx_word' id='word_1_55' title='bbox 997 905 1258 959; x_wconf 78' lang='grc' dir='ltr'><em>θάνατον</em></span> <span class='ocrx_word' id='word_1_56' title='bbox 1296 903 1540 970; x_wconf 70' lang='grc' dir='ltr'><em>ἐπάγειν</em></span> <span class='ocrx_word' id='word_1_57' title='bbox 1593 904 1860 969; x_wconf 61' lang='grc' dir='ltr'><strong>ορδόηιως</strong></span> 
     </span>
    </p>
   </div>
   <div class='ocr_carea' id='block_1_10' title="bbox 302 996 1855 1065">
    <p class='ocr_par' dir='ltr' id='par_1_10' title="bbox 302 996 1855 1065">
     <span class='ocr_line' id='line_1_10' title="bbox 302 996 1855 1065; baseline -0.001 -16"><span class='ocrx_word' id='word_1_58' title='bbox 302 999 598 1051; x_wconf 76' lang='grc' dir='ltr'><strong>πιστεύειν</strong></span> <span class='ocrx_word' id='word_1_59' title='bbox 630 997 771 1065; x_wconf 79' lang='grc' dir='ltr'><strong>ἔχω.</strong></span> <span class='ocrx_word' id='word_1_60' title='bbox 827 998 1121 1063; x_wconf 70' lang='grc' dir='ltr'><strong>Ὀπηνίκα</strong></span> <span class='ocrx_word' id='word_1_61' title='bbox 1171 997 1279 1065; x_wconf 73' lang='grc' dir='ltr'><strong>γὰρ</strong></span> <span class='ocrx_word' id='word_1_62' title='bbox 1310 996 1534 1059; x_wconf 77' lang='grc' dir='ltr'><strong>Φειδίας</strong></span> <span class='ocrx_word' id='word_1_63' title='bbox 1578 1012 1685 1059; x_wconf 87' lang='grc' dir='ltr'><em>τις,</em></span> <span class='ocrx_word' id='word_1_64' title='bbox 1723 996 1855 1062; x_wconf 60' lang='grc' dir='ltr'><strong>φέρε</strong></span> 
     </span>
    </p>
   </div>
   <div class='ocr_carea' id='block_1_11' title="bbox 300 1085 1863 1155">
    <p class='ocr_par' dir='ltr' id='par_1_11' title="bbox 300 1085 1863 1155">
     <span class='ocr_line' id='line_1_11' title="bbox 300 1085 1863 1155; baseline -0.002 -15"><span class='ocrx_word' id='word_1_65' title='bbox 300 1088 498 1152; x_wconf 73' lang='grc' dir='ltr'><strong>εἰπεῖν,</strong></span> <span class='ocrx_word' id='word_1_66' title='bbox 536 1088 573 1155; x_wconf 77' lang='grc' dir='ltr'><em>ἢ</em></span> <span class='ocrx_word' id='word_1_67' title='bbox 606 1106 691 1153; x_wconf 83' lang='grc' dir='ltr'><em>τις</em></span> <span class='ocrx_word' id='word_1_68' title='bbox 721 1087 839 1140; x_wconf 84' lang='grc' dir='ltr'><em>τῶν</em></span> <span class='ocrx_word' id='word_1_69' title='bbox 857 1086 1338 1149; x_wconf 74' lang='grc' dir='ltr'><em>λιθοξόωνλίθον</em></span> <span class='ocrx_word' id='word_1_70' title='bbox 1366 1085 1673 1147; x_wconf 80' lang='grc' dir='ltr'><strong>ἀπυξέσας</strong></span> <span class='ocrx_word' id='word_1_71' title='bbox 1698 1085 1863 1137; x_wconf 75' lang='grc' dir='ltr'><em>εἴδω-</em></span> 
     </span>
    </p>
   </div>
   <div class='ocr_carea' id='block_1_12' title="bbox 300 1173 1853 1245">
    <p class='ocr_par' dir='ltr' id='par_1_12' title="bbox 300 1173 1853 1245">
     <span class='ocr_line' id='line_1_12' title="bbox 300 1173 1853 1245; baseline -0.004 -14"><span class='ocrx_word' id='word_1_72' title='bbox 300 1182 402 1231; x_wconf 70' lang='grc' dir='ltr'><strong>λον</strong></span> <span class='ocrx_word' id='word_1_73' title='bbox 426 1178 868 1245; x_wconf 63' lang='lat' dir='ltr'><strong>dacem-domm,</strong></span> <span class='ocrx_word' id='word_1_74' title='bbox 916 1174 1251 1237; x_wconf 80' lang='grc' dir='ltr'><strong>ἀναστήσει</strong></span> <span class='ocrx_word' id='word_1_75' title='bbox 1279 1173 1393 1242; x_wconf 80' lang='grc' dir='ltr'><em>μὲν</em></span> <span class='ocrx_word' id='word_1_76' title='bbox 1436 1174 1534 1226; x_wconf 78' lang='grc' dir='ltr'><strong>καὶ</strong></span> <span class='ocrx_word' id='word_1_77' title='bbox 1582 1176 1853 1241; x_wconf 81' lang='grc' dir='ltr'><strong>νεκροὺς,</strong></span> 
     </span>
    </p>
   </div>
   <div class='ocr_carea' id='block_1_13' title="bbox 302 1264 1862 1335">
    <p class='ocr_par' dir='ltr' id='par_1_13' title="bbox 302 1264 1862 1335">
     <span class='ocr_line' id='line_1_13' title="bbox 302 1264 1862 1335; baseline -0.002 -16"><span class='ocrx_word' id='word_1_78' title='bbox 302 1268 538 1334; x_wconf 77' lang='grc' dir='ltr'><em>παράξει</em></span> <span class='ocrx_word' id='word_1_79' title='bbox 567 1269 634 1319; x_wconf 77' lang='grc' dir='ltr'><strong>δὲ</strong></span> <span class='ocrx_word' id='word_1_80' title='bbox 662 1269 759 1320; x_wconf 80' lang='grc' dir='ltr'><strong>καὶ</strong></span> <span class='ocrx_word' id='word_1_81' title='bbox 814 1268 1080 1335; x_wconf 62' lang='grc' dir='ltr'><strong>ἔμψυχα.</strong></span> <span class='ocrx_word' id='word_1_82' title='bbox 1138 1267 1240 1318; x_wconf 75' lang='grc' dir='ltr'><strong>Καὶ</strong></span> <span class='ocrx_word' id='word_1_83' title='bbox 1289 1268 1339 1317; x_wconf 83' lang='grc' dir='ltr'><strong>εὶ</strong></span> <span class='ocrx_word' id='word_1_84' title='bbox 1371 1266 1575 1325; x_wconf 80' lang='grc' dir='ltr'><em>ταῦτα,</em></span> <span class='ocrx_word' id='word_1_85' title='bbox 1628 1264 1706 1328; x_wconf 79' lang='grc' dir='ltr'><em>τῷ</em></span> <span class='ocrx_word' id='word_1_86' title='bbox 1743 1264 1862 1316; x_wconf 82' lang='grc' dir='ltr'><strong>τῶν</strong></span> 
     </span>
    </p>
   </div>
   <div class='ocr_carea' id='block_1_14' title="bbox 296 1355 1861 1427">
    <p class='ocr_par' dir='ltr' id='par_1_14' title="bbox 296 1355 1861 1427">
     <span class='ocr_line' id='line_1_14' title="bbox 296 1355 1861 1427; baseline -0.001 -16"><span class='ocrx_word' id='word_1_87' title='bbox 296 1358 567 1411; x_wconf 80' lang='grc' dir='ltr'><em>ἁπάντων</em></span> <span class='ocrx_word' id='word_1_88' title='bbox 588 1357 926 1427; x_wconf 76' lang='grc' dir='ltr'><strong>Δημιουργῷ</strong></span> <span class='ocrx_word' id='word_1_89' title='bbox 951 1358 1004 1410; x_wconf 88' lang='grc' dir='ltr'><em>τί</em></span> <span class='ocrx_word' id='word_1_90' title='bbox 1031 1357 1606 1423; x_wconf 66' lang='grc' dir='ltr'><em>καταλειφθιξσεται;</em></span> <span class='ocrx_word' id='word_1_91' title='bbox 1642 1374 1659 1405; x_wconf 83' lang='grc' dir='ltr'><strong>ι</strong></span> <span class='ocrx_word' id='word_1_92' title='bbox 1697 1355 1861 1409; x_wconf 77' lang='grc' dir='ltr'><strong>Ἀπο-</strong></span> 
     </span>
    </p>
   </div>
   <div class='ocr_carea' id='block_1_15' title="bbox 298 1445 1860 1515">
    <p class='ocr_par' dir='ltr' id='par_1_15' title="bbox 298 1445 1860 1515">
     <span class='ocr_line' id='line_1_15' title="bbox 298 1445 1860 1515; baseline -0.001 -16"><span class='ocrx_word' id='word_1_93' title='bbox 298 1446 471 1499; x_wconf 79' lang='grc' dir='ltr'><em>κτενῶ</em></span> <span class='ocrx_word' id='word_1_94' title='bbox 509 1448 617 1515; x_wconf 78' lang='grc' dir='ltr'><strong>γὰρ</strong></span> <span class='ocrx_word' id='word_1_95' title='bbox 644 1448 736 1499; x_wconf 77' lang='grc' dir='ltr'><strong>καὶ</strong></span> <span class='ocrx_word' id='word_1_96' title='bbox 780 1446 885 1514; x_wconf 69' lang='grc' dir='ltr'><strong>ζῇν</strong></span> <span class='ocrx_word' id='word_1_97' title='bbox 912 1446 1026 1515; x_wconf 71' lang='grc' dir='ltr'><strong>ἐγὼ</strong></span> <span class='ocrx_word' id='word_1_98' title='bbox 1055 1445 1287 1512; x_wconf 79' lang='grc' dir='ltr'><em>ποιήσω</em></span> <span class='ocrx_word' id='word_1_99' title='bbox 1323 1465 1341 1496; x_wconf 70' lang='grc' dir='ltr'><strong>ι</strong></span> <span class='ocrx_word' id='word_1_100' title='bbox 1389 1446 1562 1512; x_wconf 63' lang='grc' dir='ltr'><em>φησὶ,</em></span> <span class='ocrx_word' id='word_1_101' title='bbox 1601 1445 1699 1497; x_wconf 76' lang='grc' dir='ltr'><strong>καὶ</strong></span> <span class='ocrx_word' id='word_1_102' title='bbox 1724 1445 1860 1513; x_wconf 73' lang='grc' dir='ltr'>οὐχὶ</span> 
     </span>
    </p>
   </div>
   <div class='ocr_carea' id='block_1_16' title="bbox 296 1536 1861 1604">
    <p class='ocr_par' dir='ltr' id='par_1_16' title="bbox 296 1536 1861 1604">
     <span class='ocr_line' id='line_1_16' title="bbox 296 1536 1861 1604; baseline -0.001 -15"><span class='ocrx_word' id='word_1_103' title='bbox 296 1537 451 1589; x_wconf 81' lang='grc' dir='ltr'><em>τοῦδε</em></span> <span class='ocrx_word' id='word_1_104' title='bbox 480 1537 515 1604; x_wconf 81' lang='grc' dir='ltr'>ἢ</span> <span class='ocrx_word' id='word_1_105' title='bbox 545 1537 719 1589; x_wconf 83' lang='grc' dir='ltr'><em>τοῦδε</em></span> <span class='ocrx_word' id='word_1_106' title='bbox 749 1538 999 1590; x_wconf 67' lang='grc' dir='ltr'><strong>εἰδώλου</strong></span> <span class='ocrx_word' id='word_1_107' title='bbox 1040 1536 1266 1602; x_wconf 82' lang='grc' dir='ltr'><em>πτῶσις</em></span> <span class='ocrx_word' id='word_1_108' title='bbox 1298 1537 1333 1603; x_wconf 78' lang='grc' dir='ltr'>ἢ</span> <span class='ocrx_word' id='word_1_109' title='bbox 1381 1537 1718 1603; x_wconf 57' lang='grc' dir='ltr'><strong>ἀιητέγερσις.</strong></span> <span class='ocrx_word' id='word_1_110' title='bbox 1749 1538 1861 1588; x_wconf 71' lang='grc' dir='ltr'><strong>Καὶ</strong></span> 
     </span>
    </p>
   </div>
   <div class='ocr_carea' id='block_1_17' title="bbox 1968 542 3527 610">
    <p class='ocr_par' dir='ltr' id='par_1_17' title="bbox 1968 542 3527 610">
     <span class='ocr_line' id='line_1_17' title="bbox 1968 542 3527 610; baseline 0.004 -16"><span class='ocrx_word' id='word_1_111' title='bbox 1968 542 2073 595; x_wconf 95' lang='lat' dir='ltr'><strong>tale</strong></span> <span class='ocrx_word' id='word_1_112' title='bbox 2105 544 2229 610; x_wconf 87' lang='lat' dir='ltr'><strong>quid</strong></span> <span class='ocrx_word' id='word_1_113' title='bbox 2278 542 2497 595; x_wconf 83' lang='lat' dir='ltr'><strong>accidit.</strong></span> <span class='ocrx_word' id='word_1_114' title='bbox 2558 542 2840 596; x_wconf 80' lang='lat' dir='ltr'><strong>Viscbatur</strong></span> <span class='ocrx_word' id='word_1_115' title='bbox 2902 542 2953 595; x_wconf 92' lang='lat' dir='ltr'><strong>in</strong></span> <span class='ocrx_word' id='word_1_116' title='bbox 3011 542 3129 597; x_wconf 88' lang='lat' dir='ltr'><strong>foro</strong></span> <span class='ocrx_word' id='word_1_117' title='bbox 3186 545 3527 601; x_wconf 83' lang='lat' dir='ltr'><strong>Constantini</strong></span> 
     </span>
    </p>
   </div>
   <div class='ocr_carea' id='block_1_18' title="bbox 1967 633 3530 699">
    <p class='ocr_par' dir='ltr' id='par_1_18' title="bbox 1967 633 3530 699">
     <span class='ocr_line' id='line_1_18' title="bbox 1967 633 3530 699; baseline 0.003 -15"><span class='ocrx_word' id='word_1_118' title='bbox 1967 646 2111 684; x_wconf 78' lang='lat' dir='ltr'><strong>:cnea</strong></span> <span class='ocrx_word' id='word_1_119' title='bbox 2149 640 2324 683; x_wconf 84' lang='lat' dir='ltr'><strong>statua</strong></span> <span class='ocrx_word' id='word_1_120' title='bbox 2377 634 2621 684; x_wconf 65' lang='lat' dir='ltr'><strong>humana:</strong></span> <span class='ocrx_word' id='word_1_121' title='bbox 2658 633 2843 683; x_wconf 68' lang='lat' dir='ltr'><strong>forma:</strong></span> <span class='ocrx_word' id='word_1_122' title='bbox 2896 646 3053 699; x_wconf 85' lang='lat' dir='ltr'><strong>supra</strong></span> <span class='ocrx_word' id='word_1_123' title='bbox 3106 633 3275 686; x_wconf 82' lang='lat' dir='ltr'><strong>basim</strong></span> <span class='ocrx_word' id='word_1_124' title='bbox 3307 648 3338 687; x_wconf 92' lang='lat' dir='ltr'><strong>e</strong></span> <span class='ocrx_word' id='word_1_125' title='bbox 3386 651 3530 688; x_wconf 87' lang='lat' dir='ltr'><strong>mar-</strong></span> 
     </span>
    </p>
   </div>
   <div class='ocr_carea' id='block_1_19' title="bbox 1970 722 3533 791">
    <p class='ocr_par' dir='ltr' id='par_1_19' title="bbox 1970 722 3533 791">
     <span class='ocr_line' id='line_1_19' title="bbox 1970 722 3533 791; baseline 0.003 -19"><span class='ocrx_word' id='word_1_126' title='bbox 1970 736 2117 775; x_wconf 86' lang='lat' dir='ltr'><strong>more</strong></span> <span class='ocrx_word' id='word_1_127' title='bbox 2147 722 2521 791; x_wconf 83' lang='lat' dir='ltr'><strong>porphyretico</strong></span> <span class='ocrx_word' id='word_1_128' title='bbox 2557 722 2661 774; x_wconf 83' lang='lat' dir='ltr'><strong>late</strong></span> <span class='ocrx_word' id='word_1_129' title='bbox 2683 723 3053 790; x_wconf 79' lang='lat' dir='ltr'><strong>Conspicuam,</strong></span> <span class='ocrx_word' id='word_1_130' title='bbox 3080 724 3226 776; x_wconf 82' lang='lat' dir='ltr'><strong>vultu</strong></span> <span class='ocrx_word' id='word_1_131' title='bbox 3262 725 3311 776; x_wconf 91' lang='lat' dir='ltr'><strong>in</strong></span> <span class='ocrx_word' id='word_1_132' title='bbox 3339 724 3533 779; x_wconf 78' lang='lat' dir='ltr'><strong>Orien-</strong></span> 
     </span>
    </p>
   </div>
   <div class='ocr_carea' id='block_1_20' title="bbox 1972 812 3535 877">
    <p class='ocr_par' dir='ltr' id='par_1_20' title="bbox 1972 812 3535 877">
     <span class='ocr_line' id='line_1_20' title="bbox 1972 812 3535 877; baseline 0.003 -14"><span class='ocrx_word' id='word_1_133' title='bbox 1972 824 2072 863; x_wconf 73' lang='lat' dir='ltr'><strong>tmn</strong></span> <span class='ocrx_word' id='word_1_134' title='bbox 2098 812 2344 871; x_wconf 80' lang='lat' dir='ltr'><strong>observo,</strong></span> <span class='ocrx_word' id='word_1_135' title='bbox 2364 821 2634 877; x_wconf 78' lang='lat' dir='ltr'><strong>sceptrum</strong></span> <span class='ocrx_word' id='word_1_136' title='bbox 2660 813 2869 876; x_wconf 75' lang='lat' dir='ltr'><strong>dextra,</strong></span> <span class='ocrx_word' id='word_1_137' title='bbox 2889 812 3015 865; x_wconf 67' lang='lat' dir='ltr'><strong>laeva</strong></span> <span class='ocrx_word' id='word_1_138' title='bbox 3043 816 3226 867; x_wconf 85' lang='lat' dir='ltr'><strong>orbem</strong></span> <span class='ocrx_word' id='word_1_139' title='bbox 3251 823 3438 868; x_wconf 89' lang='lat' dir='ltr'><strong>tenens</strong></span> <span class='ocrx_word' id='word_1_140' title='bbox 3460 816 3535 867; x_wconf 89' lang='lat' dir='ltr'><strong>si-</strong></span> 
     </span>
    </p>
   </div>
   <div class='ocr_carea' id='block_1_21' title="bbox 1971 900 3534 975">
    <p class='ocr_par' dir='ltr' id='par_1_21' title="bbox 1971 900 3534 975">
     <span class='ocr_line' id='line_1_21' title="bbox 1971 900 3534 975; baseline 0.004 -23"><span class='ocrx_word' id='word_1_141' title='bbox 1971 903 2169 954; x_wconf 69' lang='grc' dir='ltr'><em>ιττὶιίιιιι·</em></span> <span class='ocrx_word' id='word_1_142' title='bbox 2190 901 2350 970; x_wconf 84' lang='lat'><strong>357</strong></span> <span class='ocrx_word' id='word_1_143' title='bbox 2367 918 2472 954; x_wconf 62' lang='lat' dir='ltr'><strong>mre</strong></span> <span class='ocrx_word' id='word_1_144' title='bbox 2502 900 2698 954; x_wconf 82' lang='lat' dir='ltr'><strong>fusttm.</strong></span> <span class='ocrx_word' id='word_1_145' title='bbox 2717 903 2874 955; x_wconf 83' lang='lat' dir='ltr'><strong>Aiunt</strong></span> <span class='ocrx_word' id='word_1_146' title='bbox 2892 917 2955 956; x_wconf 81' lang='lat' dir='ltr'><strong>ex</strong></span> <span class='ocrx_word' id='word_1_147' title='bbox 2980 905 3149 971; x_wconf 86' lang='lat' dir='ltr'><strong>prima</strong></span> <span class='ocrx_word' id='word_1_148' title='bbox 3167 905 3534 975; x_wconf 72' lang='lat' dir='ltr'><strong>designatione</strong></span> 
     </span>
    </p>
   </div>
   <div class='ocr_carea' id='block_1_22' title="bbox 1969 992 3528 1063">
    <p class='ocr_par' dir='ltr' id='par_1_22' title="bbox 1969 992 3528 1063">
     <span class='ocr_line' id='line_1_22' title="bbox 1969 992 3528 1063; baseline 0.007 -23"><span class='ocrx_word' id='word_1_149' title='bbox 1969 994 2235 1045; x_wconf 76' lang='lat' dir='ltr'><strong>artificum</strong></span> <span class='ocrx_word' id='word_1_150' title='bbox 2270 992 2440 1046; x_wconf 87' lang='lat' dir='ltr'><strong>fuisse</strong></span> <span class='ocrx_word' id='word_1_151' title='bbox 2472 994 2597 1046; x_wconf 89' lang='lat' dir='ltr'><strong>illud</strong></span> <span class='ocrx_word' id='word_1_152' title='bbox 2649 994 2913 1061; x_wconf 83' lang='lat' dir='ltr'><strong>Apollinis</strong></span> <span class='ocrx_word' id='word_1_153' title='bbox 2949 995 3187 1062; x_wconf 87' lang='lat' dir='ltr'><strong>signum,</strong></span> <span class='ocrx_word' id='word_1_154' title='bbox 3228 997 3373 1063; x_wconf 86' lang='lat' dir='ltr'><strong>quod</strong></span> <span class='ocrx_word' id='word_1_155' title='bbox 3408 997 3528 1051; x_wconf 80' lang='lat' dir='ltr'><strong>ideo</strong></span> 
     </span>
    </p>
   </div>
   <div class='ocr_carea' id='block_1_23' title="bbox 1971 1084 3532 1155">
    <p class='ocr_par' dir='ltr' id='par_1_23' title="bbox 1971 1084 3532 1155">
     <span class='ocr_line' id='line_1_23' title="bbox 1971 1084 3532 1155; baseline 0.007 -24"><span class='ocrx_word' id='word_1_156' title='bbox 1971 1086 2176 1150; x_wconf 84' lang='lat' dir='ltr'><strong>priores</strong></span> <span class='ocrx_word' id='word_1_157' title='bbox 2213 1084 2459 1151; x_wconf 88' lang='lat' dir='ltr'><strong>inquilini</strong></span> <span class='ocrx_word' id='word_1_158' title='bbox 2492 1085 2638 1137; x_wconf 84' lang='lat' dir='ltr'><strong>urbis</strong></span> <span class='ocrx_word' id='word_1_159' title='bbox 2668 1101 2784 1153; x_wconf 76' lang='lat' dir='ltr'><strong>quze</strong></span> <span class='ocrx_word' id='word_1_160' title='bbox 2818 1096 3000 1154; x_wconf 85' lang='lat' dir='ltr'><strong>postea</strong></span> <span class='ocrx_word' id='word_1_161' title='bbox 3030 1086 3532 1155; x_wconf 88' lang='lat' dir='ltr'><strong>Constantinopolis</strong></span> 
     </span>
    </p>
   </div>
   <div class='ocr_carea' id='block_1_24' title="bbox 1969 1172 3533 1241">
    <p class='ocr_par' dir='ltr' id='par_1_24' title="bbox 1969 1172 3533 1241">
     <span class='ocr_line' id='line_1_24' title="bbox 1969 1172 3533 1241; baseline 0.005 -20"><span class='ocrx_word' id='word_1_162' title='bbox 1969 1180 2052 1224; x_wconf 76' lang='lat' dir='ltr'><strong>est</strong></span> <span class='ocrx_word' id='word_1_163' title='bbox 2080 1172 2247 1232; x_wconf 84' lang='lat' dir='ltr'><strong>dieta,</strong></span> <span class='ocrx_word' id='word_1_164' title='bbox 2285 1172 2611 1235; x_wconf 81' lang='lat' dir='ltr'><strong>Anthelium,</strong></span> <span class='ocrx_word' id='word_1_165' title='bbox 2658 1175 2868 1241; x_wconf 88' lang='lat' dir='ltr'><strong>opinor,</strong></span> <span class='ocrx_word' id='word_1_166' title='bbox 2906 1177 3242 1231; x_wconf 87' lang='lat' dir='ltr'><strong>vocitabant.</strong></span> <span class='ocrx_word' id='word_1_167' title='bbox 3275 1177 3330 1231; x_wconf 90' lang='lat' dir='ltr'><strong>ltt</strong></span> <span class='ocrx_word' id='word_1_168' title='bbox 3361 1178 3533 1231; x_wconf 88' lang='lat' dir='ltr'><strong>simu-</strong></span> 
     </span>
    </p>
   </div>
   <div class='ocr_carea' id='block_1_25' title="bbox 1970 1262 3532 1337">
    <p class='ocr_par' dir='ltr' id='par_1_25' title="bbox 1970 1262 3532 1337">
     <span class='ocr_line' id='line_1_25' title="bbox 1970 1262 3532 1337; baseline 0.005 -21"><span class='ocrx_word' id='word_1_169' title='bbox 1970 1264 2171 1316; x_wconf 86' lang='lat' dir='ltr'><strong>lacrum</strong></span> <span class='ocrx_word' id='word_1_170' title='bbox 2196 1262 2583 1319; x_wconf 59' lang='lat' dir='ltr'><strong>Constantinus</strong></span> <span class='ocrx_word' id='word_1_171' title='bbox 2619 1265 2836 1333; x_wconf 80' lang='lat' dir='ltr'><strong>Magnus</strong></span> <span class='ocrx_word' id='word_1_172' title='bbox 2869 1269 2920 1319; x_wconf 90' lang='lat' dir='ltr'><strong>in</strong></span> <span class='ocrx_word' id='word_1_173' title='bbox 2955 1283 3107 1321; x_wconf 91' lang='lat' dir='ltr'><strong>suum</strong></span> <span class='ocrx_word' id='word_1_174' title='bbox 3136 1269 3303 1337; x_wconf 83' lang='lat' dir='ltr'><strong>ipsius</strong></span> <span class='ocrx_word' id='word_1_175' title='bbox 3336 1284 3532 1324; x_wconf 83' lang='lat' dir='ltr'><strong>nomen</strong></span> 
     </span>
    </p>
   </div>
   <div class='ocr_carea' id='block_1_26' title="bbox 1971 1353 3527 1427">
    <p class='ocr_par' dir='ltr' id='par_1_26' title="bbox 1971 1353 3527 1427">
     <span class='ocr_line' id='line_1_26' title="bbox 1971 1353 3527 1427; baseline 0.003 -21"><span class='ocrx_word' id='word_1_176' title='bbox 1971 1353 2259 1415; x_wconf 89' lang='lat' dir='ltr'><strong>transtulit,</strong></span> <span class='ocrx_word' id='word_1_177' title='bbox 2283 1364 2336 1407; x_wconf 91' lang='lat' dir='ltr'><strong>et</strong></span> <span class='ocrx_word' id='word_1_178' title='bbox 2370 1362 2427 1406; x_wconf 92' lang='lat' dir='ltr'><strong>ut</strong></span> <span class='ocrx_word' id='word_1_179' title='bbox 2462 1354 2801 1421; x_wconf 81' lang='lat' dir='ltr'><strong>imperatoris</strong></span> <span class='ocrx_word' id='word_1_180' title='bbox 2832 1356 3169 1411; x_wconf 84' lang='lat' dir='ltr'><strong>Constantini</strong></span> <span class='ocrx_word' id='word_1_181' title='bbox 3200 1358 3400 1427; x_wconf 81' lang='lat' dir='ltr'><strong>eﬂigies</strong></span> <span class='ocrx_word' id='word_1_182' title='bbox 3431 1373 3527 1426; x_wconf 87' lang='lat' dir='ltr'><strong>ap-</strong></span> 
     </span>
    </p>
   </div>
   <div class='ocr_carea' id='block_1_27' title="bbox 1966 1444 3532 1513">
    <p class='ocr_par' dir='ltr' id='par_1_27' title="bbox 1966 1444 3532 1513">
     <span class='ocr_line' id='line_1_27' title="bbox 1966 1444 3532 1513; baseline 0.005 -16"><span class='ocrx_word' id='word_1_183' title='bbox 1966 1444 2282 1513; x_wconf 80' lang='lat' dir='ltr'><strong>pellaretur,</strong></span> <span class='ocrx_word' id='word_1_184' title='bbox 2336 1445 2527 1498; x_wconf 77' lang='lat' dir='ltr'><strong>edixit.</strong></span> <span class='ocrx_word' id='word_1_185' title='bbox 2584 1446 2824 1501; x_wconf 75' lang='lat' dir='ltr'><strong>Adhzesit</strong></span> <span class='ocrx_word' id='word_1_186' title='bbox 2876 1458 3055 1502; x_wconf 88' lang='lat' dir='ltr'><strong>tamen</strong></span> <span class='ocrx_word' id='word_1_187' title='bbox 3107 1463 3171 1503; x_wconf 83' lang='lat' dir='ltr'><strong>ex</strong></span> <span class='ocrx_word' id='word_1_188' title='bbox 3229 1451 3532 1505; x_wconf 83' lang='lat' dir='ltr'><strong>inveterato</strong></span> 
     </span>
    </p>
   </div>
   <div class='ocr_carea' id='block_1_28' title="bbox 1968 1536 3538 1608">
    <p class='ocr_par' dir='ltr' id='par_1_28' title="bbox 1968 1536 3538 1608">
     <span class='ocr_line' id='line_1_28' title="bbox 1968 1536 3538 1608; baseline 0.005 -21"><span class='ocrx_word' id='word_1_189' title='bbox 1968 1536 2119 1605; x_wconf 89' lang='lat' dir='ltr'><strong>prius</strong></span> <span class='ocrx_word' id='word_1_190' title='bbox 2156 1551 2252 1589; x_wconf 90' lang='lat' dir='ltr'><strong>usu</strong></span> <span class='ocrx_word' id='word_1_191' title='bbox 2286 1538 2509 1602; x_wconf 83' lang='lat' dir='ltr'><strong>antiqua</strong></span> <span class='ocrx_word' id='word_1_192' title='bbox 2533 1546 2725 1589; x_wconf 69' lang='lat' dir='ltr'><strong>statua:</strong></span> <span class='ocrx_word' id='word_1_193' title='bbox 2754 1538 3061 1605; x_wconf 74' lang='lat' dir='ltr'><strong>appellatio,</strong></span> <span class='ocrx_word' id='word_1_194' title='bbox 3102 1538 3174 1592; x_wconf 89' lang='lat' dir='ltr'><strong>ita</strong></span> <span class='ocrx_word' id='word_1_195' title='bbox 3197 1548 3307 1593; x_wconf 87' lang='lat' dir='ltr'><strong>uta</strong></span> <span class='ocrx_word' id='word_1_196' title='bbox 3343 1539 3538 1608; x_wconf 84' lang='lat' dir='ltr'><strong>pleris-</strong></span> 
     </span>
    </p>
   </div>
   <div class='ocr_carea' id='block_1_29' title="bbox 295 1609 1856 1699">
    <p class='ocr_par' dir='ltr' id='par_1_29' title="bbox 295 1625 1856 1698">
     <span class='ocr_line' id='line_1_29' title="bbox 295 1625 1856 1698; baseline 0.002 -23"><span class='ocrx_word' id='word_1_197' title='bbox 295 1628 397 1695; x_wconf 72' lang='grc' dir='ltr'><strong>γὰρ</strong></span> <span class='ocrx_word' id='word_1_198' title='bbox 434 1626 502 1678; x_wconf 79' lang='grc' dir='ltr'>τὰ</span> <span class='ocrx_word' id='word_1_199' title='bbox 552 1629 730 1680; x_wconf 76' lang='grc' dir='ltr'>πάντα</span> <span class='ocrx_word' id='word_1_200' title='bbox 773 1631 837 1698; x_wconf 74' lang='grc' dir='ltr'><strong>τῇ</strong></span> <span class='ocrx_word' id='word_1_201' title='bbox 860 1626 1090 1697; x_wconf 73' lang='grc' dir='ltr'>μεγίστῃ</span> <span class='ocrx_word' id='word_1_202' title='bbox 1110 1626 1245 1678; x_wconf 73' lang='grc' dir='ltr'>Θεοῦ</span> <span class='ocrx_word' id='word_1_203' title='bbox 1271 1627 1315 1656; x_wconf 76' lang='grc'><strong>³⁵</strong></span> <span class='ocrx_word' id='word_1_204' title='bbox 1336 1626 1566 1677; x_wconf 79' lang='grc' dir='ltr'><em>ἀνετίθει</em></span> <span class='ocrx_word' id='word_1_205' title='bbox 1608 1625 1856 1695; x_wconf 70' lang='grc' dir='ltr'>προνοίᾳ.</span> 
     </span>
    </p>
   </div>
   <div class='ocr_carea' id='block_1_30' title="bbox 1963 1609 3536 1699">
    <p class='ocr_par' dir='ltr' id='par_1_30' title="bbox 1970 1626 3536 1699">
     <span class='ocr_line' id='line_1_30' title="bbox 1970 1626 3536 1699; baseline 0.003 -21"><span class='ocrx_word' id='word_1_206' title='bbox 1970 1642 2073 1694; x_wconf 84' lang='lat' dir='ltr'><strong>que</strong></span> <span class='ocrx_word' id='word_1_207' title='bbox 2108 1627 2358 1680; x_wconf 90' lang='lat' dir='ltr'><strong>omnibus</strong></span> <span class='ocrx_word' id='word_1_208' title='bbox 2378 1626 2599 1680; x_wconf 83' lang='lat' dir='ltr'><strong>Anelius</strong></span> <span class='ocrx_word' id='word_1_209' title='bbox 2633 1627 2712 1680; x_wconf 83' lang='lat' dir='ltr'><strong>vel</strong></span> <span class='ocrx_word' id='word_1_210' title='bbox 2749 1629 3033 1682; x_wconf 88' lang='lat' dir='ltr'><strong>Anthelius</strong></span> <span class='ocrx_word' id='word_1_211' title='bbox 3058 1629 3107 1681; x_wconf 89' lang='lat' dir='ltr'><strong>id</strong></span> <span class='ocrx_word' id='word_1_212' title='bbox 3136 1631 3347 1699; x_wconf 83' lang='lat' dir='ltr'><strong>signant</strong></span> <span class='ocrx_word' id='word_1_213' title='bbox 3375 1645 3536 1685; x_wconf 78' lang='lat' dir='ltr'><strong>voca-</strong></span> 
     </span>
    </p>
   </div>
   <div class='ocr_carea' id='block_1_31' title="bbox 300 1715 3537 1784">
    <p class='ocr_par' dir='ltr' id='par_1_31' title="bbox 300 1715 3537 1784">
     <span class='ocr_line' id='line_1_31' title="bbox 300 1715 3537 1784; baseline 0.003 -18"><span class='ocrx_word' id='word_1_214' title='bbox 300 1728 464 1768; x_wconf 87' lang='lat' dir='ltr'><strong>retur.</strong></span> <span class='ocrx_word' id='word_1_215' title='bbox 531 1716 728 1770; x_wconf 87' lang='lat' dir='ltr'><strong>Verum</strong></span> <span class='ocrx_word' id='word_1_216' title='bbox 766 1717 818 1769; x_wconf 93' lang='lat' dir='ltr'><strong>in</strong></span> <span class='ocrx_word' id='word_1_217' title='bbox 858 1717 1013 1768; x_wconf 85' lang='lat' dir='ltr'><strong>istam</strong></span> <span class='ocrx_word' id='word_1_218' title='bbox 1058 1728 1183 1769; x_wconf 92' lang='lat' dir='ltr'><strong>tunc</strong></span> <span class='ocrx_word' id='word_1_219' title='bbox 1251 1726 1480 1769; x_wconf 82' lang='lat' dir='ltr'><strong>statuam</strong></span> <span class='ocrx_word' id='word_1_220' title='bbox 1532 1715 1848 1769; x_wconf 81' lang='lat' dir='ltr'><strong>incumbens</strong></span> <span class='ocrx_word' id='word_1_221' title='bbox 1917 1715 2408 1769; x_wconf 71' lang='lat' dir='ltr'><strong>vehementissimis</strong></span> <span class='ocrx_word' id='word_1_222' title='bbox 2471 1716 2653 1771; x_wconf 83' lang='lat' dir='ltr'><strong>ﬂabris</strong></span> <span class='ocrx_word' id='word_1_223' title='bbox 2716 1728 2904 1772; x_wconf 80' lang='lat' dir='ltr'><strong>ventus</strong></span> <span class='ocrx_word' id='word_1_224' title='bbox 2972 1719 3229 1784; x_wconf 84' lang='lat' dir='ltr'><strong>Africus,</strong></span> <span class='ocrx_word' id='word_1_225' title='bbox 3290 1735 3409 1775; x_wconf 80' lang='lat' dir='ltr'><strong>eant</strong></span> <span class='ocrx_word' id='word_1_226' title='bbox 3469 1722 3537 1775; x_wconf 83' lang='lat' dir='ltr'><strong>de</strong></span> 
     </span>
    </p>
   </div>
   <div class='ocr_carea' id='block_1_32' title="bbox 292 1805 3528 1881">
    <p class='ocr_par' dir='ltr' id='par_1_32' title="bbox 292 1805 3528 1881">
     <span class='ocr_line' id='line_1_32' title="bbox 292 1805 3528 1881; baseline 0.003 -24"><span class='ocrx_word' id='word_1_227' title='bbox 292 1805 532 1858; x_wconf 87' lang='lat' dir='ltr'><strong>columna</strong></span> <span class='ocrx_word' id='word_1_228' title='bbox 588 1809 925 1859; x_wconf 63' lang='lat' dir='ltr'><strong>esturbatam</strong></span> <span class='ocrx_word' id='word_1_229' title='bbox 1006 1808 1170 1860; x_wconf 89' lang='lat' dir='ltr'><strong>humo</strong></span> <span class='ocrx_word' id='word_1_230' title='bbox 1226 1808 1432 1872; x_wconf 76' lang='lat' dir='ltr'><strong>amixit,</strong></span> <span class='ocrx_word' id='word_1_231' title='bbox 1500 1809 1610 1862; x_wconf 89' lang='lat' dir='ltr'><strong>sole</strong></span> <span class='ocrx_word' id='word_1_232' title='bbox 1674 1818 1785 1861; x_wconf 90' lang='lat' dir='ltr'><strong>tum</strong></span> <span class='ocrx_word' id='word_1_233' title='bbox 1869 1810 1921 1863; x_wconf 91' lang='lat' dir='ltr'><strong>in</strong></span> <span class='ocrx_word' id='word_1_234' title='bbox 1962 1810 2139 1863; x_wconf 87' lang='lat' dir='ltr'><strong>Tauro</strong></span> <span class='ocrx_word' id='word_1_235' title='bbox 2170 1810 2362 1878; x_wconf 91' lang='lat' dir='ltr'><strong>posito.</strong></span> <span class='ocrx_word' id='word_1_236' title='bbox 2403 1810 2621 1863; x_wconf 79' lang='lat' dir='ltr'><strong>Foedum</strong></span> <span class='ocrx_word' id='word_1_237' title='bbox 2658 1812 2705 1863; x_wconf 98' lang='lat' dir='ltr'><strong>id</strong></span> <span class='ocrx_word' id='word_1_238' title='bbox 2732 1814 3011 1881; x_wconf 84' lang='lat' dir='ltr'><strong>augurium</strong></span> <span class='ocrx_word' id='word_1_239' title='bbox 3054 1812 3324 1881; x_wconf 76' lang='lat' dir='ltr'><strong>plerisque</strong></span> <span class='ocrx_word' id='word_1_240' title='bbox 3357 1814 3528 1867; x_wconf 82' lang='lat' dir='ltr'><strong>visum</strong></span> 
     </span>
    </p>
   </div>
   <div class='ocr_carea' id='block_1_33' title="bbox 292 1899 3530 1970">
    <p class='ocr_par' dir='ltr' id='par_1_33' title="bbox 292 1899 3530 1970">
     <span class='ocr_line' id='line_1_33' title="bbox 292 1899 3530 1970; baseline 0.002 -19"><span class='ocrx_word' id='word_1_241' title='bbox 292 1907 409 1963; x_wconf 76' lang='lat' dir='ltr'><strong>cst;</strong></span> <span class='ocrx_word' id='word_1_242' title='bbox 445 1908 495 1950; x_wconf 87' lang='lat' dir='ltr'><strong>et</strong></span> <span class='ocrx_word' id='word_1_243' title='bbox 520 1900 610 1964; x_wconf 81' lang='lat' dir='ltr'><strong>qui</strong></span> <span class='ocrx_word' id='word_1_244' title='bbox 641 1914 765 1965; x_wconf 81' lang='lat' dir='ltr'><strong>erga</strong></span> <span class='ocrx_word' id='word_1_245' title='bbox 796 1899 1166 1965; x_wconf 83' lang='lat' dir='ltr'><strong>imperatorem</strong></span> <span class='ocrx_word' id='word_1_246' title='bbox 1212 1915 1399 1968; x_wconf 79' lang='lat' dir='ltr'><strong>parum</strong></span> <span class='ocrx_word' id='word_1_247' title='bbox 1436 1900 1689 1953; x_wconf 82' lang='lat' dir='ltr'><strong>benevole</strong></span> <span class='ocrx_word' id='word_1_248' title='bbox 1716 1900 1891 1953; x_wconf 72' lang='lat' dir='ltr'><strong>allecti</strong></span> <span class='ocrx_word' id='word_1_249' title='bbox 1932 1910 2108 1966; x_wconf 86' lang='lat' dir='ltr'><strong>erant,</strong></span> <span class='ocrx_word' id='word_1_250' title='bbox 2167 1907 2274 1956; x_wconf 83' lang='lat' dir='ltr'><strong>late</strong></span> <span class='ocrx_word' id='word_1_251' title='bbox 2343 1913 2691 1956; x_wconf 88' lang='lat' dir='ltr'><strong>susurrantes</strong></span> <span class='ocrx_word' id='word_1_252' title='bbox 2767 1903 3089 1970; x_wconf 81' lang='lat' dir='ltr'><strong>spargebant</strong></span> <span class='ocrx_word' id='word_1_253' title='bbox 3159 1904 3530 1957; x_wconf 88' lang='lat' dir='ltr'><strong>imminentem</strong></span> 
     </span>
    </p>
   </div>
   <div class='ocr_carea' id='block_1_34' title="bbox 292 1991 3533 2064">
    <p class='ocr_par' dir='ltr' id='par_1_34' title="bbox 292 1991 3533 2064">
     <span class='ocr_line' id='line_1_34' title="bbox 292 1991 3533 2064; baseline 0.002 -22"><span class='ocrx_word' id='word_1_254' title='bbox 292 1993 629 2057; x_wconf 75' lang='lat' dir='ltr'><strong>imperatoris</strong></span> <span class='ocrx_word' id='word_1_255' title='bbox 661 2000 885 2043; x_wconf 90' lang='lat' dir='ltr'><strong>mortem</strong></span> <span class='ocrx_word' id='word_1_256' title='bbox 931 1991 1032 2044; x_wconf 92' lang='lat' dir='ltr'><strong>isto</strong></span> <span class='ocrx_word' id='word_1_257' title='bbox 1063 2006 1188 2044; x_wconf 81' lang='lat' dir='ltr'><strong>casn</strong></span> <span class='ocrx_word' id='word_1_258' title='bbox 1223 1992 1590 2059; x_wconf 69' lang='lat' dir='ltr'><strong>prmnuutiari.</strong></span> <span class='ocrx_word' id='word_1_259' title='bbox 1649 1991 1851 2057; x_wconf 80' lang='lat' dir='ltr'><strong>Quibus</strong></span> <span class='ocrx_word' id='word_1_260' title='bbox 1897 1993 2168 2061; x_wconf 80' lang='lat' dir='ltr'><strong>Augustus</strong></span> <span class='ocrx_word' id='word_1_261' title='bbox 2192 1996 2258 2047; x_wconf 89' lang='lat' dir='ltr'><strong>ad</strong></span> <span class='ocrx_word' id='word_1_262' title='bbox 2284 2008 2341 2047; x_wconf 92' lang='lat' dir='ltr'><strong>se</strong></span> <span class='ocrx_word' id='word_1_263' title='bbox 2363 1994 2587 2048; x_wconf 88' lang='lat' dir='ltr'><strong>delatis:</strong></span> <span class='ocrx_word' id='word_1_264' title='bbox 2626 1993 2899 2062; x_wconf 78' lang='lat' dir='ltr'><strong>Equidem,</strong></span> <span class='ocrx_word' id='word_1_265' title='bbox 2936 1994 3129 2064; x_wconf 90' lang='lat' dir='ltr'><strong>inquit,</strong></span> <span class='ocrx_word' id='word_1_266' title='bbox 3198 2011 3359 2049; x_wconf 83' lang='lat' dir='ltr'><strong>unum</strong></span> <span class='ocrx_word' id='word_1_267' title='bbox 3408 1997 3533 2051; x_wconf 75' lang='lat' dir='ltr'><strong>vita:</strong></span> 
     </span>
    </p>
   </div>
   <div class='ocr_carea' id='block_1_35' title="bbox 290 2082 3527 2156">
    <p class='ocr_par' dir='ltr' id='par_1_35' title="bbox 290 2082 3527 2156">
     <span class='ocr_line' id='line_1_35' title="bbox 290 2082 3527 2156; baseline 0.001 -20"><span class='ocrx_word' id='word_1_268' title='bbox 290 2086 520 2153; x_wconf 79' lang='lat' dir='ltr'><strong>necisque</strong></span> <span class='ocrx_word' id='word_1_269' title='bbox 558 2083 833 2138; x_wconf 81' lang='lat' dir='ltr'><strong>Dominum</strong></span> <span class='ocrx_word' id='word_1_270' title='bbox 866 2093 1020 2149; x_wconf 83' lang='lat' dir='ltr'><strong>atque</strong></span> <span class='ocrx_word' id='word_1_271' title='bbox 1055 2082 1315 2143; x_wconf 77' lang='lat' dir='ltr'><strong>arbitrum</strong></span> <span class='ocrx_word' id='word_1_272' title='bbox 1370 2100 1593 2154; x_wconf 82' lang='lat' dir='ltr'><strong>agnosco</strong></span> <span class='ocrx_word' id='word_1_273' title='bbox 1643 2082 1849 2146; x_wconf 85' lang='lat' dir='ltr'><strong>Deum;</strong></span> <span class='ocrx_word' id='word_1_274' title='bbox 1891 2100 2042 2136; x_wconf 85' lang='lat' dir='ltr'><strong>casus</strong></span> <span class='ocrx_word' id='word_1_275' title='bbox 2087 2092 2255 2135; x_wconf 69' lang='lat' dir='ltr'><strong>autem</strong></span> <span class='ocrx_word' id='word_1_276' title='bbox 2291 2082 2552 2134; x_wconf 85' lang='lat' dir='ltr'><strong>idolorum</strong></span> <span class='ocrx_word' id='word_1_277' title='bbox 2586 2085 2722 2136; x_wconf 88' lang='lat' dir='ltr'><strong>necis</strong></span> <span class='ocrx_word' id='word_1_278' title='bbox 2752 2084 2940 2135; x_wconf 81' lang='lat' dir='ltr'><strong>habere</strong></span> <span class='ocrx_word' id='word_1_279' title='bbox 3008 2092 3315 2151; x_wconf 77' lang='lat' dir='ltr'><strong>potestatem</strong></span> <span class='ocrx_word' id='word_1_280' title='bbox 3382 2088 3527 2156; x_wconf 81' lang='lat' dir='ltr'><strong>infe-</strong></span> 
     </span>
    </p>
   </div>
   <div class='ocr_carea' id='block_1_36' title="bbox 290 2178 3529 2249">
    <p class='ocr_par' dir='ltr' id='par_1_36' title="bbox 290 2178 3529 2249">
     <span class='ocr_line' id='line_1_36' title="bbox 290 2178 3529 2249; baseline 0.002 -19"><span class='ocrx_word' id='word_1_281' title='bbox 290 2180 479 2242; x_wconf 72' lang='lat' dir='ltr'><strong>fenda’,</strong></span> <span class='ocrx_word' id='word_1_282' title='bbox 506 2179 638 2230; x_wconf 89' lang='lat' dir='ltr'><strong>absit</strong></span> <span class='ocrx_word' id='word_1_283' title='bbox 667 2188 719 2230; x_wconf 89' lang='lat' dir='ltr'><strong>ut</strong></span> <span class='ocrx_word' id='word_1_284' title='bbox 750 2180 1051 2243; x_wconf 76' lang='lat' dir='ltr'><strong>persuaderi</strong></span> <span class='ocrx_word' id='word_1_285' title='bbox 1088 2180 1211 2231; x_wconf 82' lang='lat' dir='ltr'><strong>mitti</strong></span> <span class='ocrx_word' id='word_1_286' title='bbox 1258 2196 1487 2249; x_wconf 83' lang='lat' dir='ltr'><strong>unquam</strong></span> <span class='ocrx_word' id='word_1_287' title='bbox 1518 2183 1709 2235; x_wconf 87' lang='lat' dir='ltr'><strong>sinam.</strong></span> <span class='ocrx_word' id='word_1_288' title='bbox 1745 2178 1951 2233; x_wconf 59' lang='lat' dir='ltr'><strong>Etenim</strong></span> <span class='ocrx_word' id='word_1_289' title='bbox 1982 2178 2037 2234; x_wconf 90' lang='lat' dir='ltr'><strong>id</strong></span> <span class='ocrx_word' id='word_1_290' title='bbox 2099 2180 2330 2233; x_wconf 75' lang='lat' dir='ltr'><strong>credenti</strong></span> <span class='ocrx_word' id='word_1_291' title='bbox 2392 2189 2779 2248; x_wconf 73' lang='lat' dir='ltr'><strong>consequenter,</strong></span> <span class='ocrx_word' id='word_1_292' title='bbox 2837 2191 2893 2233; x_wconf 86' lang='lat' dir='ltr'><strong>ut</strong></span> <span class='ocrx_word' id='word_1_293' title='bbox 2954 2181 3161 2248; x_wconf 79' lang='lat' dir='ltr'><strong>opinor,</strong></span> <span class='ocrx_word' id='word_1_294' title='bbox 3203 2182 3529 2237; x_wconf 83' lang='lat' dir='ltr'><strong>sentiendum</strong></span> 
     </span>
    </p>
   </div>
   <div class='ocr_carea' id='block_1_37' title="bbox 286 2269 3533 2343">
    <p class='ocr_par' dir='ltr' id='par_1_37' title="bbox 286 2269 3533 2343">
     <span class='ocr_line' id='line_1_37' title="bbox 286 2269 3533 2343; baseline 0.002 -21"><span class='ocrx_word' id='word_1_295' title='bbox 286 2280 416 2322; x_wconf 77' lang='lat' dir='ltr'><strong>esset</strong></span> <span class='ocrx_word' id='word_1_296' title='bbox 447 2269 687 2324; x_wconf 82' lang='lat' dir='ltr'><strong>Phidiam</strong></span> <span class='ocrx_word' id='word_1_297' title='bbox 717 2280 842 2338; x_wconf 85' lang='lat' dir='ltr'><strong>puta</strong></span> <span class='ocrx_word' id='word_1_298' title='bbox 866 2271 944 2323; x_wconf 81' lang='lat' dir='ltr'><strong>vel</strong></span> <span class='ocrx_word' id='word_1_299' title='bbox 967 2270 1188 2324; x_wconf 86' lang='lat' dir='ltr'><strong>similem</strong></span> <span class='ocrx_word' id='word_1_300' title='bbox 1215 2272 1488 2339; x_wconf 82' lang='lat' dir='ltr'><strong>artiﬁcem,</strong></span> <span class='ocrx_word' id='word_1_301' title='bbox 1521 2273 1922 2343; x_wconf 84' lang='lat' dir='ltr'><strong>quotiescunque</strong></span> <span class='ocrx_word' id='word_1_302' title='bbox 1989 2283 2221 2326; x_wconf 79' lang='lat' dir='ltr'><strong>statuam</strong></span> <span class='ocrx_word' id='word_1_303' title='bbox 2261 2288 2288 2325; x_wconf 87' lang='lat' dir='ltr'><strong>e</strong></span> <span class='ocrx_word' id='word_1_304' title='bbox 2315 2289 2444 2326; x_wconf 75' lang='lat' dir='ltr'><strong>saxo</strong></span> <span class='ocrx_word' id='word_1_305' title='bbox 2508 2273 2719 2340; x_wconf 88' lang='lat' dir='ltr'><strong>sculpit,</strong></span> <span class='ocrx_word' id='word_1_306' title='bbox 2776 2273 2854 2327; x_wconf 81' lang='lat' dir='ltr'><strong>uel</strong></span> <span class='ocrx_word' id='word_1_307' title='bbox 2906 2275 3137 2328; x_wconf 73' lang='lat' dir='ltr'><strong>excitare</strong></span> <span class='ocrx_word' id='word_1_308' title='bbox 3178 2274 3347 2330; x_wconf 86' lang='lat' dir='ltr'><strong>denuo</strong></span> <span class='ocrx_word' id='word_1_309' title='bbox 3388 2291 3533 2329; x_wconf 75' lang='lat' dir='ltr'><strong>mor-</strong></span> 
     </span>
    </p>
   </div>
   <div class='ocr_carea' id='block_1_38' title="bbox 288 2362 3532 2432">
    <p class='ocr_par' dir='ltr' id='par_1_38' title="bbox 288 2362 3532 2432">
     <span class='ocr_line' id='line_1_38' title="bbox 288 2362 3532 2432; baseline 0.001 -17"><span class='ocrx_word' id='word_1_310' title='bbox 288 2375 423 2424; x_wconf 86' lang='lat' dir='ltr'><strong>tuos,</strong></span> <span class='ocrx_word' id='word_1_311' title='bbox 458 2363 532 2416; x_wconf 80' lang='lat' dir='ltr'><strong>vel</strong></span> <span class='ocrx_word' id='word_1_312' title='bbox 564 2363 699 2415; x_wconf 85' lang='lat' dir='ltr'><strong>vivos</strong></span> <span class='ocrx_word' id='word_1_313' title='bbox 730 2363 793 2414; x_wconf 81' lang='lat' dir='ltr'><strong>de</strong></span> <span class='ocrx_word' id='word_1_314' title='bbox 818 2362 1015 2430; x_wconf 85' lang='lat' dir='ltr'><strong>integro</strong></span> <span class='ocrx_word' id='word_1_315' title='bbox 1046 2379 1244 2416; x_wconf 87' lang='lat' dir='ltr'><strong>creare.</strong></span> <span class='ocrx_word' id='word_1_316' title='bbox 1280 2367 1425 2427; x_wconf 75' lang='lat' dir='ltr'><strong>Quoo</strong></span> <span class='ocrx_word' id='word_1_317' title='bbox 1457 2364 1501 2415; x_wconf 86' lang='lat' dir='ltr'><strong>si</strong></span> <span class='ocrx_word' id='word_1_318' title='bbox 1532 2374 1684 2428; x_wconf 83' lang='lat' dir='ltr'><strong>esset,</strong></span> <span class='ocrx_word' id='word_1_319' title='bbox 1715 2364 1841 2431; x_wconf 89' lang='lat' dir='ltr'><strong>quid</strong></span> <span class='ocrx_word' id='word_1_320' title='bbox 1875 2364 1991 2431; x_wconf 86' lang='lat' dir='ltr'><strong>jam</strong></span> <span class='ocrx_word' id='word_1_321' title='bbox 2022 2362 2294 2415; x_wconf 80' lang='lat' dir='ltr'><strong>(.‘ouditori</strong></span> <span class='ocrx_word' id='word_1_322' title='bbox 2343 2364 2573 2415; x_wconf 88' lang='lat' dir='ltr'><strong>omnium</strong></span> <span class='ocrx_word' id='word_1_323' title='bbox 2607 2372 2743 2415; x_wconf 83' lang='lat' dir='ltr'><strong>esset</strong></span> <span class='ocrx_word' id='word_1_324' title='bbox 2795 2362 2995 2431; x_wconf 85' lang='lat' dir='ltr'><strong>.reliqui</strong></span> <span class='ocrx_word' id='word_1_325' title='bbox 3021 2364 3046 2416; x_wconf 84' lang='lat'><strong><em>?</em></strong></span> <span class='ocrx_word' id='word_1_326' title='bbox 3122 2362 3287 2432; x_wconf 84' lang='lat' dir='ltr'><strong>Cujus</strong></span> <span class='ocrx_word' id='word_1_327' title='bbox 3357 2373 3532 2418; x_wconf 76' lang='lat' dir='ltr'><strong>tamen</strong></span> 
     </span>
    </p>
   </div>
   <div class='ocr_carea' id='block_1_39' title="bbox 286 2453 3531 2530">
    <p class='ocr_par' dir='ltr' id='par_1_39' title="bbox 286 2453 3531 2530">
     <span class='ocr_line' id='line_1_39' title="bbox 286 2453 3531 2530; baseline 0.001 -21"><span class='ocrx_word' id='word_1_328' title='bbox 286 2455 548 2509; x_wconf 78' lang='lat' dir='ltr'><strong>verissima</strong></span> <span class='ocrx_word' id='word_1_329' title='bbox 581 2453 674 2506; x_wconf 87' lang='lat' dir='ltr'><strong>illa</strong></span> <span class='ocrx_word' id='word_1_330' title='bbox 696 2469 792 2506; x_wconf 77' lang='lat' dir='ltr'><strong>vox</strong></span> <span class='ocrx_word' id='word_1_331' title='bbox 849 2463 946 2517; x_wconf 87' lang='lat' dir='ltr'><strong>est,</strong></span> <span class='ocrx_word' id='word_1_332' title='bbox 1008 2454 1325 2524; x_wconf 85' lang='lat' dir='ltr'><strong>singularem</strong></span> <span class='ocrx_word' id='word_1_333' title='bbox 1368 2455 1641 2509; x_wconf 84' lang='lat' dir='ltr'><strong>declarans</strong></span> <span class='ocrx_word' id='word_1_334' title='bbox 1725 2465 2028 2523; x_wconf 86' lang='lat' dir='ltr'><strong>potestatem</strong></span> <span class='ocrx_word' id='word_1_335' title='bbox 2069 2472 2087 2508; x_wconf 87' lang='lat'><strong><em>:</em></strong></span> <span class='ocrx_word' id='word_1_336' title='bbox 2158 2473 2177 2506; x_wconf 77' lang='grc' dir='ltr'><strong>ι</strong></span> <span class='ocrx_word' id='word_1_337' title='bbox 2220 2454 2325 2523; x_wconf 84' lang='lat' dir='ltr'><strong>Ego</strong></span> <span class='ocrx_word' id='word_1_338' title='bbox 2356 2456 2588 2507; x_wconf 87' lang='lat' dir='ltr'><strong>occidam</strong></span> <span class='ocrx_word' id='word_1_339' title='bbox 2628 2465 2673 2507; x_wconf 87' lang='lat' dir='ltr'><strong>et</strong></span> <span class='ocrx_word' id='word_1_340' title='bbox 2715 2470 2806 2523; x_wconf 88' lang='lat' dir='ltr'><strong>ego</strong></span> <span class='ocrx_word' id='word_1_341' title='bbox 2849 2455 3012 2509; x_wconf 78' lang='lat' dir='ltr'><strong>vivere</strong></span> <span class='ocrx_word' id='word_1_342' title='bbox 3049 2458 3243 2525; x_wconf 79' lang='lat' dir='ltr'><strong>faciam</strong></span> <span class='ocrx_word' id='word_1_343' title='bbox 3269 2458 3310 2511; x_wconf 89' lang='grc'><strong>⁸.</strong></span> <span class='ocrx_word' id='word_1_344' title='bbox 3344 2475 3364 2509; x_wconf 72' lang='grc' dir='ltr'><strong>ι</strong></span> <span class='ocrx_word' id='word_1_345' title='bbox 3399 2458 3531 2530; x_wconf 85' lang='lat' dir='ltr'><strong>Ego,</strong></span> 
     </span>
    </p>
   </div>
   <div class='ocr_carea' id='block_1_40' title="bbox 286 2542 3529 2619">
    <p class='ocr_par' dir='ltr' id='par_1_40' title="bbox 286 2542 3529 2619">
     <span class='ocr_line' id='line_1_40' title="bbox 286 2542 3529 2619; baseline 0.002 -20"><span class='ocrx_word' id='word_1_346' title='bbox 286 2546 491 2616; x_wconf 83' lang='lat' dir='ltr'><strong>inquit;</strong></span> <span class='ocrx_word' id='word_1_347' title='bbox 526 2560 626 2596; x_wconf 86' lang='lat' dir='ltr'><strong>non</strong></span> <span class='ocrx_word' id='word_1_348' title='bbox 673 2542 834 2611; x_wconf 82' lang='lat' dir='ltr'><strong>huius</strong></span> <span class='ocrx_word' id='word_1_349' title='bbox 862 2542 938 2595; x_wconf 85' lang='lat' dir='ltr'><strong>vel</strong></span> <span class='ocrx_word' id='word_1_350' title='bbox 962 2542 1107 2596; x_wconf 73' lang='lat' dir='ltr'><strong>illius</strong></span> <span class='ocrx_word' id='word_1_351' title='bbox 1137 2542 1267 2595; x_wconf 89' lang='lat' dir='ltr'><strong>idoli</strong></span> <span class='ocrx_word' id='word_1_352' title='bbox 1298 2544 1475 2612; x_wconf 85' lang='lat' dir='ltr'><strong>lapsus</strong></span> <span class='ocrx_word' id='word_1_353' title='bbox 1507 2553 1600 2597; x_wconf 86' lang='lat' dir='ltr'><strong>aut</strong></span> <span class='ocrx_word' id='word_1_354' title='bbox 1630 2546 1839 2598; x_wconf 86' lang='lat' dir='ltr'><strong>erectio.</strong></span> <span class='ocrx_word' id='word_1_355' title='bbox 1884 2544 1973 2599; x_wconf 89' lang='lat' dir='ltr'><strong>Sic</strong></span> <span class='ocrx_word' id='word_1_356' title='bbox 2004 2546 2297 2614; x_wconf 85' lang='lat' dir='ltr'><strong>imperator</strong></span> <span class='ocrx_word' id='word_1_357' title='bbox 2340 2546 2405 2598; x_wconf 87' lang='lat' dir='ltr'><strong>ad</strong></span> <span class='ocrx_word' id='word_1_358' title='bbox 2454 2558 2612 2598; x_wconf 87' lang='lat' dir='ltr'><strong>unam</strong></span> <span class='ocrx_word' id='word_1_359' title='bbox 2642 2548 2836 2599; x_wconf 88' lang='lat' dir='ltr'><strong>summi</strong></span> <span class='ocrx_word' id='word_1_360' title='bbox 2905 2546 3154 2603; x_wconf 86' lang='lat' dir='ltr'><strong>Numinis</strong></span> <span class='ocrx_word' id='word_1_361' title='bbox 3235 2552 3529 2619; x_wconf 83' lang='lat' dir='ltr'><strong>providen-</strong></span> 
     </span>
    </p>
   </div>
   <div class='ocr_carea' id='block_1_41' title="bbox 288 2638 951 2695">
    <p class='ocr_par' dir='ltr' id='par_1_41' title="bbox 288 2638 951 2695">
     <span class='ocr_line' id='line_1_41' title="bbox 288 2638 951 2695; baseline -0.003 -1"><span class='ocrx_word' id='word_1_362' title='bbox 288 2644 415 2695; x_wconf 76' lang='lat' dir='ltr'><strong>tiam</strong></span> <span class='ocrx_word' id='word_1_363' title='bbox 451 2649 638 2691; x_wconf 88' lang='lat' dir='ltr'><strong>cuncta</strong></span> <span class='ocrx_word' id='word_1_364' title='bbox 666 2638 951 2692; x_wconf 81' lang='lat' dir='ltr'><strong>referebat.</strong></span> 
     </span>
    </p>
   </div>
   <div class='ocr_carea' id='block_1_42' title="bbox 360 2727 1856 2802">
    <p class='ocr_par' dir='ltr' id='par_1_42' title="bbox 360 2727 1841 2800">
     <span class='ocr_line' id='line_1_42' title="bbox 360 2727 1841 2800; baseline -0.001 -15"><span class='ocrx_word' id='word_1_365' title='bbox 360 2730 585 2785; x_wconf 82' lang='grc' dir='ltr'>Κυκεὼν</span> <span class='ocrx_word' id='word_1_366' title='bbox 607 2730 663 2783; x_wconf 82' lang='grc' dir='ltr'><strong>δὲ</strong></span> <span class='ocrx_word' id='word_1_367' title='bbox 697 2729 840 2782; x_wconf 80' lang='grc' dir='ltr'><strong>κατὰ</strong></span> <span class='ocrx_word' id='word_1_368' title='bbox 888 2728 983 2781; x_wconf 82' lang='grc' dir='ltr'>τοῦ</span> <span class='ocrx_word' id='word_1_369' title='bbox 1034 2728 1434 2800; x_wconf 76' lang='grc' dir='ltr'>αὐτοκράτορος</span> <span class='ocrx_word' id='word_1_370' title='bbox 1495 2730 1652 2794; x_wconf 80' lang='grc' dir='ltr'>ἄλλος</span> <span class='ocrx_word' id='word_1_371' title='bbox 1687 2727 1841 2794; x_wconf 78' lang='grc' dir='ltr'>αὖθις</span> 
     </span>
    </p>
   </div>
   <div class='ocr_carea' id='block_1_43' title="bbox 1963 2727 3536 2802">
    <p class='ocr_par' dir='ltr' id='par_1_43' title="bbox 2027 2730 3536 2799">
     <span class='ocr_line' id='line_1_43' title="bbox 2027 2730 3536 2799; baseline 0.004 -13"><span class='ocrx_word' id='word_1_372' title='bbox 2027 2731 2291 2786; x_wconf 61' lang='lat' dir='ltr'><strong>Caeterum</strong></span> <span class='ocrx_word' id='word_1_373' title='bbox 2321 2746 2454 2785; x_wconf 82' lang='lat' dir='ltr'><strong>nova</strong></span> <span class='ocrx_word' id='word_1_374' title='bbox 2499 2731 2552 2785; x_wconf 93' lang='lat' dir='ltr'><strong>in</strong></span> <span class='ocrx_word' id='word_1_375' title='bbox 2595 2744 2717 2791; x_wconf 85' lang='lat' dir='ltr'><strong>eum</strong></span> <span class='ocrx_word' id='word_1_376' title='bbox 2752 2730 3019 2799; x_wconf 82' lang='lat' dir='ltr'><strong>pernicies</strong></span> <span class='ocrx_word' id='word_1_377' title='bbox 3072 2734 3395 2790; x_wconf 80' lang='lat' dir='ltr'><strong>coitionibus</strong></span> <span class='ocrx_word' id='word_1_378' title='bbox 3444 2751 3536 2791; x_wconf 94' lang='lat' dir='ltr'><strong>oc-</strong></span> 
     </span>
    </p>
   </div>
   <div class='ocr_carea' id='block_1_44' title="bbox 288 2819 1861 2894">
    <p class='ocr_par' dir='ltr' id='par_1_44' title="bbox 288 2819 1861 2894">
     <span class='ocr_line' id='line_1_44' title="bbox 288 2819 1861 2894; baseline -0.001 -19"><span class='ocrx_word' id='word_1_379' title='bbox 288 2822 477 2875; x_wconf 78' lang='grc' dir='ltr'>κακῶν</span> <span class='ocrx_word' id='word_1_380' title='bbox 525 2821 877 2891; x_wconf 76' lang='grc' dir='ltr'>ἐξεγήγερτο,</span> <span class='ocrx_word' id='word_1_381' title='bbox 917 2819 973 2881; x_wconf 75' lang='grc' dir='ltr'>ὃς</span> <span class='ocrx_word' id='word_1_382' title='bbox 1004 2821 1100 2889; x_wconf 87' lang='grc' dir='ltr'>οὐχ</span> <span class='ocrx_word' id='word_1_383' title='bbox 1128 2820 1234 2872; x_wconf 84' lang='grc' dir='ltr'>ὐπὸ</span> <span class='ocrx_word' id='word_1_384' title='bbox 1260 2821 1368 2873; x_wconf 87' lang='grc' dir='ltr'>τῶν</span> <span class='ocrx_word' id='word_1_385' title='bbox 1404 2823 1677 2893; x_wconf 75' lang='grc' dir='ltr'><strong>τυχόντων</strong></span> <span class='ocrx_word' id='word_1_386' title='bbox 1702 2823 1861 2894; x_wconf 77' lang='grc' dir='ltr'>ἐξηρ-</span> 
     </span>
    </p>
   </div>
   <div class='ocr_carea' id='block_1_45' title="bbox 283 2911 1861 2983">
    <p class='ocr_par' dir='ltr' id='par_1_45' title="bbox 283 2911 1861 2983">
     <span class='ocr_line' id='line_1_45' title="bbox 283 2911 1861 2983; baseline 0.002 -18"><span class='ocrx_word' id='word_1_387' title='bbox 283 2913 442 2965; x_wconf 75' lang='grc' dir='ltr'>τύετο</span> <span class='ocrx_word' id='word_1_388' title='bbox 470 2914 592 2982; x_wconf 71' lang='grc' dir='ltr'><strong>ήδηο</strong></span> <span class='ocrx_word' id='word_1_389' title='bbox 620 2911 813 2977; x_wconf 70' lang='grc' dir='ltr'>ἄνδρες</span> <span class='ocrx_word' id='word_1_390' title='bbox 848 2911 957 2979; x_wconf 74' lang='grc' dir='ltr'><strong>γάρ</strong></span> <span class='ocrx_word' id='word_1_391' title='bbox 996 2928 1141 2973; x_wconf 82' lang='grc' dir='ltr'>τινες</span> <span class='ocrx_word' id='word_1_392' title='bbox 1170 2911 1255 2963; x_wconf 79' lang='grc' dir='ltr'><strong>ἐπ’</strong></span> <span class='ocrx_word' id='word_1_393' title='bbox 1283 2912 1509 2983; x_wconf 71' lang='grc' dir='ltr'>ἀνδρείᾳ</span> <span class='ocrx_word' id='word_1_394' title='bbox 1541 2915 1634 2965; x_wconf 72' lang='grc' dir='ltr'>καὶ</span> <span class='ocrx_word' id='word_1_395' title='bbox 1664 2916 1861 2983; x_wconf 80' lang='grc' dir='ltr'><strong>γένους</strong></span> 
     </span>
    </p>
   </div>
   <div class='ocr_carea' id='block_1_46' title="bbox 284 3002 1860 3075">
    <p class='ocr_par' dir='ltr' id='par_1_46' title="bbox 284 3002 1860 3075">
     <span class='ocr_line' id='line_1_46' title="bbox 284 3002 1860 3075; baseline 0.004 -20"><span class='ocrx_word' id='word_1_396' title='bbox 284 3003 512 3073; x_wconf 74' lang='grc' dir='ltr'>εὐκλείᾳ</span> <span class='ocrx_word' id='word_1_397' title='bbox 564 3002 780 3070; x_wconf 82' lang='grc' dir='ltr'><strong>μεγάλα</strong></span> <span class='ocrx_word' id='word_1_398' title='bbox 844 3002 1166 3071; x_wconf 84' lang='grc' dir='ltr'>εὐτυχόντες</span> <span class='ocrx_word' id='word_1_399' title='bbox 1225 3003 1367 3056; x_wconf 85' lang='grc' dir='ltr'><strong>κατὰ</strong></span> <span class='ocrx_word' id='word_1_400' title='bbox 1432 3004 1526 3058; x_wconf 82' lang='grc' dir='ltr'><strong>σοῦ</strong></span> <span class='ocrx_word' id='word_1_401' title='bbox 1579 3006 1860 3075; x_wconf 82' lang='grc' dir='ltr'><em>βασιλικοῦ</em></span> 
     </span>
    </p>
   </div>
   <div class='ocr_carea' id='block_1_47' title="bbox 285 3090 1863 3169">
    <p class='ocr_par' dir='ltr' id='par_1_47' title="bbox 285 3090 1863 3169">
     <span class='ocr_line' id='line_1_47' title="bbox 285 3090 1863 3169; baseline 0.006 -25"><span class='ocrx_word' id='word_1_402' title='bbox 285 3093 626 3162; x_wconf 78' lang='grc' dir='ltr'><strong>ἐμελέτησαν</strong></span> <span class='ocrx_word' id='word_1_403' title='bbox 658 3090 915 3160; x_wconf 81' lang='grc' dir='ltr'>σώματος</span> <span class='ocrx_word' id='word_1_404' title='bbox 936 3092 1118 3161; x_wconf 85' lang='grc' dir='ltr'>φόνιον</span> <span class='ocrx_word' id='word_1_405' title='bbox 1142 3093 1425 3150; x_wconf 73' lang='grc' dir='ltr'>πνέοντες.</span> <span class='ocrx_word' id='word_1_406' title='bbox 1462 3099 1566 3149; x_wconf 73' lang='grc' dir='ltr'><strong>Καὶ</strong></span> <span class='ocrx_word' id='word_1_407' title='bbox 1596 3099 1863 3169; x_wconf 79' lang='grc' dir='ltr'><strong>θαυμάζω</strong></span> 
     </span>
    </p>
   </div>
   <div class='ocr_carea' id='block_1_48' title="bbox 283 3181 1860 3260">
    <p class='ocr_par' dir='ltr' id='par_1_48' title="bbox 283 3181 1860 3260">
     <span class='ocr_line' id='line_1_48' title="bbox 283 3181 1860 3260; baseline 0.004 -25"><span class='ocrx_word' id='word_1_408' title='bbox 283 3181 531 3235; x_wconf 76' lang='grc' dir='ltr'>ἐνταῦθα</span> <span class='ocrx_word' id='word_1_409' title='bbox 560 3181 659 3251; x_wconf 79' lang='grc' dir='ltr'>τῆς</span> <span class='ocrx_word' id='word_1_410' title='bbox 693 3182 935 3251; x_wconf 79' lang='grc' dir='ltr'><strong>ἱστορίας</strong></span> <span class='ocrx_word' id='word_1_411' title='bbox 971 3185 1226 3250; x_wconf 80' lang='grc' dir='ltr'>γεγονυῖα</span> <span class='ocrx_word' id='word_1_412' title='bbox 1256 3185 1420 3238; x_wconf 71' lang='grc' dir='ltr'>πόθεν</span> <span class='ocrx_word' id='word_1_413' title='bbox 1443 3190 1695 3241; x_wconf 81' lang='grc' dir='ltr'>τοσοῦτον</span> <span class='ocrx_word' id='word_1_414' title='bbox 1720 3190 1860 3260; x_wconf 82' lang='grc' dir='ltr'><strong>πλῆ·</strong></span> 
     </span>
    </p>
   </div>
   <div class='ocr_carea' id='block_1_49' title="bbox 283 3271 1861 3350">
    <p class='ocr_par' dir='ltr' id='par_1_49' title="bbox 283 3271 1861 3350">
     <span class='ocr_line' id='line_1_49' title="bbox 283 3271 1861 3350; baseline 0.005 -25"><span class='ocrx_word' id='word_1_415' title='bbox 283 3277 381 3335; x_wconf 77' lang='grc' dir='ltr'><strong>θος</strong></span> <span class='ocrx_word' id='word_1_416' title='bbox 413 3272 597 3324; x_wconf 83' lang='grc' dir='ltr'>κακῶν</span> <span class='ocrx_word' id='word_1_417' title='bbox 638 3273 731 3324; x_wconf 75' lang='grc' dir='ltr'>τὸν</span> <span class='ocrx_word' id='word_1_418' title='bbox 765 3271 998 3341; x_wconf 74' lang='grc' dir='ltr'><em>βασιλέα</em></span> <span class='ocrx_word' id='word_1_419' title='bbox 1034 3278 1465 3345; x_wconf 74' lang='grc' dir='ltr'>περιεστοίχισεν</span> <span class='ocrx_word' id='word_1_420' title='bbox 1492 3295 1503 3305; x_wconf 94' lang='grc'><strong>·</strong></span> <span class='ocrx_word' id='word_1_421' title='bbox 1567 3280 1719 3332; x_wconf 83' lang='grc' dir='ltr'>οὐδὲν</span> <span class='ocrx_word' id='word_1_422' title='bbox 1754 3282 1861 3350; x_wconf 81' lang='grc' dir='ltr'><strong>γὰρ</strong></span> 
     </span>
    </p>
   </div>
   <div class='ocr_carea' id='block_1_50' title="bbox 280 3360 1859 3441">
    <p class='ocr_par' dir='ltr' id='par_1_50' title="bbox 280 3360 1859 3441">
     <span class='ocr_line' id='line_1_50' title="bbox 280 3360 1859 3441; baseline 0.006 -26"><span class='ocrx_word' id='word_1_423' title='bbox 280 3360 353 3432; x_wconf 73' lang='grc' dir='ltr'>ἦν</span> <span class='ocrx_word' id='word_1_424' title='bbox 377 3364 530 3417; x_wconf 79' lang='grc' dir='ltr'>οὐδὲν</span> <span class='ocrx_word' id='word_1_425' title='bbox 554 3364 663 3416; x_wconf 83' lang='grc' dir='ltr'>οὐδ’</span> <span class='ocrx_word' id='word_1_426' title='bbox 692 3363 989 3416; x_wconf 74' lang='grc' dir='ltr'>ὁποθενοῦν</span> <span class='ocrx_word' id='word_1_427' title='bbox 1019 3364 1045 3416; x_wconf 84' lang='grc' dir='ltr'><strong>ὃ</strong></span> <span class='ocrx_word' id='word_1_428' title='bbox 1076 3368 1151 3435; x_wconf 82' lang='grc' dir='ltr'><strong>μὴ</strong></span> <span class='ocrx_word' id='word_1_429' title='bbox 1189 3369 1310 3419; x_wconf 73' lang='grc' dir='ltr'>κατ’</span> <span class='ocrx_word' id='word_1_430' title='bbox 1336 3369 1502 3422; x_wconf 80' lang='grc' dir='ltr'>αὐτοῦ</span> <span class='ocrx_word' id='word_1_431' title='bbox 1554 3370 1859 3441; x_wconf 77' lang='grc' dir='ltr'>ἐκεκίνητο.</span> 
     </span>
    </p>
   </div>
   <div class='ocr_carea' id='block_1_51' title="bbox 281 3454 1860 3527">
    <p class='ocr_par' dir='ltr' id='par_1_51' title="bbox 281 3454 1860 3527">
     <span class='ocr_line' id='line_1_51' title="bbox 281 3454 1860 3527; baseline 0.006 -21"><span class='ocrx_word' id='word_1_432' title='bbox 281 3456 370 3508; x_wconf 84' lang='grc' dir='ltr'><strong>Τά</strong></span> <span class='ocrx_word' id='word_1_433' title='bbox 400 3472 459 3506; x_wconf 80' lang='grc' dir='ltr'><em>τε</em></span> <span class='ocrx_word' id='word_1_434' title='bbox 487 3456 591 3522; x_wconf 73' lang='grc' dir='ltr'><strong>γὰρ</strong></span> <span class='ocrx_word' id='word_1_435' title='bbox 638 3455 787 3507; x_wconf 74' lang='grc' dir='ltr'>ἔνδον</span> <span class='ocrx_word' id='word_1_436' title='bbox 842 3455 1183 3518; x_wconf 81' lang='grc' dir='ltr'><strong>ἀποστασίας</strong></span> <span class='ocrx_word' id='word_1_437' title='bbox 1236 3454 1378 3527; x_wconf 73' lang='grc' dir='ltr'><em>ἦσαν</em></span> <span class='ocrx_word' id='word_1_438' title='bbox 1448 3460 1621 3527; x_wconf 78' lang='grc' dir='ltr'><em>μεστὰ</em></span> <span class='ocrx_word' id='word_1_439' title='bbox 1669 3463 1860 3516; x_wconf 77' lang='grc' dir='ltr'>καὶτὰ</span> 
     </span>
    </p>
   </div>
   <div class='ocr_carea' id='block_1_52' title="bbox 285 3547 1860 3623">
    <p class='ocr_par' dir='ltr' id='par_1_52' title="bbox 285 3547 1860 3623">
     <span class='ocr_line' id='line_1_52' title="bbox 285 3547 1860 3623; baseline 0.005 -24"><span class='ocrx_word' id='word_1_440' title='bbox 285 3547 496 3610; x_wconf 76' lang='grc' dir='ltr'>ἔξωθεν</span> <span class='ocrx_word' id='word_1_441' title='bbox 549 3547 977 3607; x_wconf 78' lang='grc' dir='ltr'><em>ἐπαναστάσεως</em></span> <span class='ocrx_word' id='word_1_442' title='bbox 1030 3547 1219 3617; x_wconf 74' lang='grc' dir='ltr'>ἔγεμε,</span> <span class='ocrx_word' id='word_1_443' title='bbox 1279 3551 1372 3602; x_wconf 75' lang='grc' dir='ltr'>καὶ</span> <span class='ocrx_word' id='word_1_444' title='bbox 1412 3552 1578 3620; x_wconf 85' lang='grc' dir='ltr'><strong>μήπω</strong></span> <span class='ocrx_word' id='word_1_445' title='bbox 1624 3554 1759 3623; x_wconf 82' lang='grc' dir='ltr'>πρὸς</span> <span class='ocrx_word' id='word_1_446' title='bbox 1791 3554 1860 3607; x_wconf 73' lang='grc' dir='ltr'><strong>τὰ</strong></span> 
     </span>
    </p>
   </div>
   <div class='ocr_carea' id='block_1_53' title="bbox 282 3640 1855 3710">
    <p class='ocr_par' dir='ltr' id='par_1_53' title="bbox 282 3640 1855 3710">
     <span class='ocr_line' id='line_1_53' title="bbox 282 3640 1855 3710; baseline 0.004 -18"><span class='ocrx_word' id='word_1_447' title='bbox 282 3641 439 3692; x_wconf 76' lang='grc' dir='ltr'>ἔνδον</span> <span class='ocrx_word' id='word_1_448' title='bbox 494 3640 589 3692; x_wconf 83' lang='grc' dir='ltr'>τοῦ</span> <span class='ocrx_word' id='word_1_449' title='bbox 642 3640 1047 3710; x_wconf 73' lang='grc' dir='ltr'><strong>αὐτοκράτορος</strong></span> <span class='ocrx_word' id='word_1_450' title='bbox 1108 3643 1855 3708; x_wconf 77' lang='grc' dir='ltr'>ἀντικαταστάντος,τὰκτδς</span> 
     </span>
    </p>
   </div>
   <div class='ocr_carea' id='block_1_54' title="bbox 282 3732 1862 3804">
    <p class='ocr_par' dir='ltr' id='par_1_54' title="bbox 282 3732 1862 3804">
     <span class='ocr_line' id='line_1_54' title="bbox 282 3732 1862 3804; baseline 0.004 -20"><span class='ocrx_word' id='word_1_451' title='bbox 282 3735 468 3785; x_wconf 73' lang='grc' dir='ltr'>πάντα</span> <span class='ocrx_word' id='word_1_452' title='bbox 516 3732 963 3802; x_wconf 81' lang='grc' dir='ltr'>περιεφλέγμηνε</span> <span class='ocrx_word' id='word_1_453' title='bbox 1034 3732 1345 3802; x_wconf 78' lang='grc' dir='ltr'>βαρδάρους</span> <span class='ocrx_word' id='word_1_454' title='bbox 1405 3736 1522 3804; x_wconf 77' lang='grc' dir='ltr'><strong>ἅμα</strong></span> <span class='ocrx_word' id='word_1_455' title='bbox 1589 3736 1686 3788; x_wconf 74' lang='grc' dir='ltr'><strong>καὶ</strong></span> <span class='ocrx_word' id='word_1_456' title='bbox 1735 3740 1862 3802; x_wconf 85' lang='grc' dir='ltr'><strong>τούς</strong></span> 
     </span>
    </p>
   </div>
   <div class='ocr_carea' id='block_1_55' title="bbox 278 3822 1859 3894">
    <p class='ocr_par' dir='ltr' id='par_1_55' title="bbox 278 3822 1859 3894">
     <span class='ocr_line' id='line_1_55' title="bbox 278 3822 1859 3894; baseline 0.003 -19"><span class='ocrx_word' id='word_1_457' title='bbox 278 3824 436 3875; x_wconf 58' lang='grc' dir='ltr'>ἔνδον</span> <span class='ocrx_word' id='word_1_458' title='bbox 492 3823 793 3891; x_wconf 82' lang='grc' dir='ltr'>τυράννους</span> <span class='ocrx_word' id='word_1_459' title='bbox 855 3822 955 3891; x_wconf 83' lang='grc' dir='ltr'><strong>τῆς</strong></span> <span class='ocrx_word' id='word_1_460' title='bbox 1000 3822 1173 3892; x_wconf 73' lang='grc' dir='ltr'>τύχης</span> <span class='ocrx_word' id='word_1_461' title='bbox 1232 3824 1406 3893; x_wconf 79' lang='grc' dir='ltr'>αὐτῆς</span> <span class='ocrx_word' id='word_1_462' title='bbox 1463 3825 1650 3894; x_wconf 79' lang='grc' dir='ltr'>ὥσπερ</span> <span class='ocrx_word' id='word_1_463' title='bbox 1706 3830 1859 3890; x_wconf 77' lang='grc' dir='ltr'>τινὰς</span> 
     </span>
    </p>
   </div>
   <div class='ocr_carea' id='block_1_56' title="bbox 276 3914 1858 3984">
    <p class='ocr_par' dir='ltr' id='par_1_56' title="bbox 276 3914 1858 3984">
     <span class='ocr_line' id='line_1_56' title="bbox 276 3914 1858 3984; baseline 0.002 -16"><span class='ocrx_word' id='word_1_464' title='bbox 276 3917 553 3982; x_wconf 82' lang='grc' dir='ltr'><strong>Γίγαντας</strong></span> <span class='ocrx_word' id='word_1_465' title='bbox 578 3916 872 3982; x_wconf 81' lang='grc' dir='ltr'><strong>αὐτοφυεῖς</strong></span> <span class='ocrx_word' id='word_1_466' title='bbox 929 3914 1481 3984; x_wconf 77' lang='grc' dir='ltr'><strong>ἀνταϐ).αστανούσης</strong></span> <span class='ocrx_word' id='word_1_467' title='bbox 1508 3933 1521 3946; x_wconf 76' lang='lat'>&#39;</span> <span class='ocrx_word' id='word_1_468' title='bbox 1554 3917 1731 3969; x_wconf 84' lang='grc' dir='ltr'>καίτοι</span> <span class='ocrx_word' id='word_1_469' title='bbox 1764 3918 1858 3971; x_wconf 84' lang='grc' dir='ltr'>τοῦ</span> 
     </span>
    </p>
   </div>
   <div class='ocr_carea' id='block_1_57' title="bbox 275 4004 1839 4076">
    <p class='ocr_par' dir='ltr' id='par_1_57' title="bbox 275 4004 1839 4076">
     <span class='ocr_line' id='line_1_57' title="bbox 275 4004 1839 4076; baseline 0.002 -19"><span class='ocrx_word' id='word_1_470' title='bbox 275 4006 555 4073; x_wconf 79' lang='grc' dir='ltr'><em>βασιλέως</em></span> <span class='ocrx_word' id='word_1_471' title='bbox 590 4004 809 4058; x_wconf 75' lang='grc' dir='ltr'>ἅπαντα</span> <span class='ocrx_word' id='word_1_472' title='bbox 834 4005 971 4074; x_wconf 71' lang='grc' dir='ltr'>πρὸς</span> <span class='ocrx_word' id='word_1_473' title='bbox 1006 4006 1066 4058; x_wconf 86' lang='grc' dir='ltr'>τὸ</span> <span class='ocrx_word' id='word_1_474' title='bbox 1103 4005 1459 4076; x_wconf 70' lang='grc' dir='ltr'>ἡμερώτερον</span> <span class='ocrx_word' id='word_1_475' title='bbox 1504 4009 1599 4058; x_wconf 76' lang='grc' dir='ltr'><strong>καὶ</strong></span> <span class='ocrx_word' id='word_1_476' title='bbox 1654 4008 1839 4075; x_wconf 87' lang='grc' dir='ltr'>φιλαν-</span> 
     </span>
    </p>
   </div>
   <div class='ocr_carea' id='block_1_58' title="bbox 272 4096 1853 4167">
    <p class='ocr_par' dir='ltr' id='par_1_58' title="bbox 272 4096 1853 4167">
     <span class='ocr_line' id='line_1_58' title="bbox 272 4096 1853 4167; baseline 0.001 -18"><span class='ocrx_word' id='word_1_477' title='bbox 272 4097 634 4165; x_wconf 82' lang='grc' dir='ltr'>θρωπότερον</span> <span class='ocrx_word' id='word_1_478' title='bbox 678 4097 1137 4164; x_wconf 64' lang='grc' dir='ltr'>ἐπιτροπεύοντος</span> <span class='ocrx_word' id='word_1_479' title='bbox 1193 4098 1287 4149; x_wconf 81' lang='grc' dir='ltr'><strong>καὶ</strong></span> <span class='ocrx_word' id='word_1_480' title='bbox 1340 4096 1853 4167; x_wconf 77' lang='grc' dir='ltr'>διοικονομουμένου</span> 
     </span>
    </p>
   </div>
   <div class='ocr_carea' id='block_1_59' title="bbox 270 4187 1859 4258">
    <p class='ocr_par' dir='ltr' id='par_1_59' title="bbox 270 4187 1859 4258">
     <span class='ocr_line' id='line_1_59' title="bbox 270 4187 1859 4258; baseline -0.001 -16"><span class='ocrx_word' id='word_1_481' title='bbox 270 4190 349 4242; x_wconf 84' lang='grc' dir='ltr'><strong>τὰ</strong></span> <span class='ocrx_word' id='word_1_482' title='bbox 384 4189 714 4256; x_wconf 77' lang='grc' dir='ltr'><strong>πράγματα,</strong></span> <span class='ocrx_word' id='word_1_483' title='bbox 739 4188 835 4239; x_wconf 78' lang='grc' dir='ltr'><strong>καὶ</strong></span> <span class='ocrx_word' id='word_1_484' title='bbox 879 4187 980 4239; x_wconf 87' lang='grc' dir='ltr'><strong>οὐκ</strong></span> <span class='ocrx_word' id='word_1_485' title='bbox 1017 4187 1163 4239; x_wconf 77' lang='grc' dir='ltr'><em>ἔστιν</em></span> <span class='ocrx_word' id='word_1_486' title='bbox 1208 4187 1267 4240; x_wconf 84' lang='grc' dir='ltr'><strong>ὃν</strong></span> <span class='ocrx_word' id='word_1_487' title='bbox 1306 4204 1424 4241; x_wconf 86' lang='grc' dir='ltr'><em>τινα</em></span> <span class='ocrx_word' id='word_1_488' title='bbox 1456 4188 1531 4258; x_wconf 84' lang='grc' dir='ltr'><strong>μὴ</strong></span> <span class='ocrx_word' id='word_1_489' title='bbox 1559 4189 1670 4252; x_wconf 73' lang='grc' dir='ltr'>τ’,ἶς</span> <span class='ocrx_word' id='word_1_490' title='bbox 1721 4190 1859 4257; x_wconf 84' lang='grc' dir='ltr'><strong>ἀγα-</strong></span> 
     </span>
    </p>
   </div>
   <div class='ocr_carea' id='block_1_60' title="bbox 269 4277 1859 4349">
    <p class='ocr_par' dir='ltr' id='par_1_60' title="bbox 269 4277 1859 4349">
     <span class='ocr_line' id='line_1_60' title="bbox 269 4277 1859 4349; baseline 0.001 -17"><span class='ocrx_word' id='word_1_491' title='bbox 269 4281 397 4341; x_wconf 80' lang='grc' dir='ltr'>θοῖς</span> <span class='ocrx_word' id='word_1_492' title='bbox 420 4278 882 4341; x_wconf 76' lang='grc' dir='ltr'>κατακλύζοντος,</span> <span class='ocrx_word' id='word_1_493' title='bbox 911 4277 1037 4339; x_wconf 82' lang='grc' dir='ltr'><strong>τούς</strong></span> <span class='ocrx_word' id='word_1_494' title='bbox 1080 4279 1178 4346; x_wconf 83' lang='grc' dir='ltr'><strong>μὲν</strong></span> <span class='ocrx_word' id='word_1_495' title='bbox 1235 4280 1342 4348; x_wconf 79' lang='grc' dir='ltr'><strong>γὰρ</strong></span> <span class='ocrx_word' id='word_1_496' title='bbox 1389 4281 1483 4331; x_wconf 72' lang='grc' dir='ltr'><strong>καὶ</strong></span> <span class='ocrx_word' id='word_1_497' title='bbox 1535 4279 1859 4349; x_wconf 80' lang='grc' dir='ltr'><strong>ἀξιωμάτων</strong></span> 
     </span>
    </p>
   </div>
   <div class='ocr_carea' id='block_1_61' title="bbox 269 4366 1863 4437">
    <p class='ocr_par' dir='ltr' id='par_1_61' title="bbox 269 4366 1863 4437">
     <span class='ocr_line' id='line_1_61' title="bbox 269 4366 1863 4437; baseline 0.001 -16"><span class='ocrx_word' id='word_1_498' title='bbox 269 4372 471 4437; x_wconf 76' lang='grc' dir='ltr'>τιμαῖς</span> <span class='ocrx_word' id='word_1_499' title='bbox 495 4368 883 4431; x_wconf 77' lang='grc' dir='ltr'>κατεκύδαινε,</span> <span class='ocrx_word' id='word_1_500' title='bbox 931 4366 1027 4418; x_wconf 78' lang='grc' dir='ltr'><strong>καὶ</strong></span> <span class='ocrx_word' id='word_1_501' title='bbox 1074 4367 1308 4436; x_wconf 86' lang='grc' dir='ltr'>δωρεαῖς</span> <span class='ocrx_word' id='word_1_502' title='bbox 1371 4370 1637 4437; x_wconf 82' lang='grc' dir='ltr'><strong>μεγάλαις</strong></span> <span class='ocrx_word' id='word_1_503' title='bbox 1694 4387 1863 4423; x_wconf 81' lang='grc' dir='ltr'><em>κατα-</em></span> 
     </span>
    </p>
   </div>
   <div class='ocr_carea' id='block_1_62' title="bbox 271 4458 1859 4531">
    <p class='ocr_par' dir='ltr' id='par_1_62' title="bbox 271 4458 1859 4531">
     <span class='ocr_line' id='line_1_62' title="bbox 271 4458 1859 4531; baseline -0.001 -17"><span class='ocrx_word' id='word_1_504' title='bbox 271 4460 592 4524; x_wconf 77' lang='grc' dir='ltr'>πλουτίζων</span> <span class='ocrx_word' id='word_1_505' title='bbox 624 4461 713 4512; x_wconf 69' lang='grc' dir='ltr'><strong>ἀεὶ</strong></span> <span class='ocrx_word' id='word_1_506' title='bbox 738 4460 838 4511; x_wconf 83' lang='grc' dir='ltr'><strong>οὐκ</strong></span> <span class='ocrx_word' id='word_1_507' title='bbox 870 4460 1059 4527; x_wconf 82' lang='grc' dir='ltr'>ἀνῆκε.</span> <span class='ocrx_word' id='word_1_508' title='bbox 1099 4458 1238 4520; x_wconf 80' lang='grc' dir='ltr'>Τοὺς</span> <span class='ocrx_word' id='word_1_509' title='bbox 1264 4459 1317 4511; x_wconf 74' lang='grc' dir='ltr'><strong>δὲ</strong></span> <span class='ocrx_word' id='word_1_510' title='bbox 1350 4461 1686 4530; x_wconf 78' lang='grc' dir='ltr'>ὁπουδήποτε</span> <span class='ocrx_word' id='word_1_511' title='bbox 1725 4460 1859 4531; x_wconf 86' lang='grc' dir='ltr'><strong>βαρ-</strong></span> 
     </span>
    </p>
   </div>
   <div class='ocr_carea' id='block_1_63' title="bbox 268 4550 1858 4625">
    <p class='ocr_par' dir='ltr' id='par_1_63' title="bbox 268 4550 1858 4625">
     <span class='ocr_line' id='line_1_63' title="bbox 268 4550 1858 4625; baseline 0 -19"><span class='ocrx_word' id='word_1_512' title='bbox 268 4555 487 4623; x_wconf 73' lang='grc' dir='ltr'>ϐάρους</span> <span class='ocrx_word' id='word_1_513' title='bbox 522 4552 780 4621; x_wconf 71' lang='grc' dir='ltr'>ἀφορμὰς</span> <span class='ocrx_word' id='word_1_514' title='bbox 814 4552 888 4619; x_wconf 85' lang='grc' dir='ltr'><strong>μὴ</strong></span> <span class='ocrx_word' id='word_1_515' title='bbox 918 4550 1097 4611; x_wconf 82' lang='grc' dir='ltr'>διδοὺς</span> <span class='ocrx_word' id='word_1_516' title='bbox 1146 4550 1417 4619; x_wconf 79' lang='grc' dir='ltr'><strong>πολέμων,</strong></span> <span class='ocrx_word' id='word_1_517' title='bbox 1464 4551 1586 4622; x_wconf 83' lang='grc' dir='ltr'><strong>μηδ’</strong></span> <span class='ocrx_word' id='word_1_518' title='bbox 1614 4554 1858 4625; x_wconf 63' lang='grc' dir='ltr'><strong>ἁνάγξιην</strong></span> 
     </span>
    </p>
   </div>
   <div class='ocr_carea' id='block_1_64' title="bbox 265 4641 1857 4713">
    <p class='ocr_par' dir='ltr' id='par_1_64' title="bbox 265 4641 1857 4713">
     <span class='ocr_line' id='line_1_64' title="bbox 265 4641 1857 4713; baseline -0.001 -14"><span class='ocrx_word' id='word_1_519' title='bbox 265 4647 510 4713; x_wconf 77' lang='grc' dir='ltr'><strong>ἐπάγων</strong></span> <span class='ocrx_word' id='word_1_520' title='bbox 540 4645 722 4709; x_wconf 77' lang='grc' dir='ltr'>αὐτὸς,</span> <span class='ocrx_word' id='word_1_521' title='bbox 761 4641 1164 4703; x_wconf 65' lang='grc' dir='ltr'>ἁνασοὸοὖντας</span> <span class='ocrx_word' id='word_1_522' title='bbox 1195 4642 1345 4712; x_wconf 80' lang='grc' dir='ltr'>ὅμως</span> <span class='ocrx_word' id='word_1_523' title='bbox 1372 4646 1712 4699; x_wconf 75' lang='grc' dir='ltr'><strong>ἀνέστελλεν.</strong></span> <span class='ocrx_word' id='word_1_524' title='bbox 1768 4645 1857 4709; x_wconf 83' lang='grc' dir='ltr'>Ὠς</span> 
     </span>
    </p>
   </div>
   <div class='ocr_carea' id='block_1_65' title="bbox 1968 2819 3531 2895">
    <p class='ocr_par' dir='ltr' id='par_1_65' title="bbox 1968 2819 3531 2895">
     <span class='ocr_line' id='line_1_65' title="bbox 1968 2819 3531 2895; baseline 0.004 -23"><span class='ocrx_word' id='word_1_525' title='bbox 1968 2821 2147 2885; x_wconf 83' lang='lat' dir='ltr'><strong>cultis,</strong></span> <span class='ocrx_word' id='word_1_526' title='bbox 2190 2835 2292 2873; x_wconf 91' lang='lat' dir='ltr'><strong>non</strong></span> <span class='ocrx_word' id='word_1_527' title='bbox 2324 2819 2602 2873; x_wconf 90' lang='lat' dir='ltr'><strong>hominum</strong></span> <span class='ocrx_word' id='word_1_528' title='bbox 2644 2819 2711 2874; x_wconf 90' lang='lat' dir='ltr'><strong>de</strong></span> <span class='ocrx_word' id='word_1_529' title='bbox 2755 2820 2930 2890; x_wconf 85' lang='lat' dir='ltr'><strong>vulgo,</strong></span> <span class='ocrx_word' id='word_1_530' title='bbox 2990 2820 3083 2873; x_wconf 85' lang='lat' dir='ltr'><strong>sed</strong></span> <span class='ocrx_word' id='word_1_531' title='bbox 3134 2823 3371 2877; x_wconf 87' lang='lat' dir='ltr'><strong>virorum</strong></span> <span class='ocrx_word' id='word_1_532' title='bbox 3424 2840 3531 2895; x_wconf 85' lang='lat' dir='ltr'><strong>qua</strong></span> 
     </span>
    </p>
   </div>
   <div class='ocr_carea' id='block_1_66' title="bbox 1966 2910 3528 2981">
    <p class='ocr_par' dir='ltr' id='par_1_66' title="bbox 1966 2910 3528 2981">
     <span class='ocr_line' id='line_1_66' title="bbox 1966 2910 3528 2981; baseline 0.004 -16"><span class='ocrx_word' id='word_1_533' title='bbox 1966 2910 2305 2975; x_wconf 81' lang='lat' dir='ltr'><strong>fortitudine,</strong></span> <span class='ocrx_word' id='word_1_534' title='bbox 2366 2926 2468 2981; x_wconf 90' lang='lat' dir='ltr'><strong>qua</strong></span> <span class='ocrx_word' id='word_1_535' title='bbox 2508 2910 2786 2964; x_wconf 86' lang='lat' dir='ltr'><strong>nobilitate</strong></span> <span class='ocrx_word' id='word_1_536' title='bbox 2837 2911 3149 2981; x_wconf 85' lang='lat' dir='ltr'><strong>insignium.</strong></span> <span class='ocrx_word' id='word_1_537' title='bbox 3202 2915 3528 2972; x_wconf 85' lang='lat' dir='ltr'><strong>struebatur.</strong></span> 
     </span>
    </p>
   </div>
   <div class='ocr_carea' id='block_1_67' title="bbox 1964 3001 3528 3075">
    <p class='ocr_par' dir='ltr' id='par_1_67' title="bbox 1964 3001 3528 3075">
     <span class='ocr_line' id='line_1_67' title="bbox 1964 3001 3528 3075; baseline 0.003 -20"><span class='ocrx_word' id='word_1_538' title='bbox 1964 3002 2202 3069; x_wconf 84' lang='lat' dir='ltr'><strong>Quorum</strong></span> <span class='ocrx_word' id='word_1_539' title='bbox 2251 3002 2504 3057; x_wconf 89' lang='lat' dir='ltr'><strong>immania</strong></span> <span class='ocrx_word' id='word_1_540' title='bbox 2538 3001 2765 3057; x_wconf 88' lang='lat' dir='ltr'><strong>consilia</strong></span> <span class='ocrx_word' id='word_1_541' title='bbox 2810 3002 2946 3056; x_wconf 85' lang='lat' dir='ltr'><strong>nihil</strong></span> <span class='ocrx_word' id='word_1_542' title='bbox 2982 3005 3315 3060; x_wconf 88' lang='lat' dir='ltr'><strong>moderatius</strong></span> <span class='ocrx_word' id='word_1_543' title='bbox 3362 3020 3528 3075; x_wconf 77' lang='lat' dir='ltr'><strong>quam</strong></span> 
     </span>
    </p>
   </div>
   <div class='ocr_carea' id='block_1_68' title="bbox 1964 3094 3534 3163">
    <p class='ocr_par' dir='ltr' id='par_1_68' title="bbox 1964 3094 3534 3163">
     <span class='ocr_line' id='line_1_68' title="bbox 1964 3094 3534 3163; baseline 0.004 -16"><span class='ocrx_word' id='word_1_544' title='bbox 1964 3095 2071 3148; x_wconf 79' lang='lat' dir='ltr'><strong>vim</strong></span> <span class='ocrx_word' id='word_1_545' title='bbox 2105 3108 2169 3148; x_wconf 90' lang='lat' dir='ltr'><strong>ac</strong></span> <span class='ocrx_word' id='word_1_546' title='bbox 2196 3094 2397 3148; x_wconf 70' lang='lat' dir='ltr'><strong>caedem</strong></span> <span class='ocrx_word' id='word_1_547' title='bbox 2442 3108 2611 3147; x_wconf 69' lang='lat' dir='ltr'><strong>sacrae</strong></span> <span class='ocrx_word' id='word_1_548' title='bbox 2661 3107 2904 3162; x_wconf 65' lang='lat' dir='ltr'><strong>personae</strong></span> <span class='ocrx_word' id='word_1_549' title='bbox 2936 3094 3193 3163; x_wconf 86' lang='lat' dir='ltr'><strong>principis</strong></span> <span class='ocrx_word' id='word_1_550' title='bbox 3248 3098 3534 3163; x_wconf 87' lang='lat' dir='ltr'><strong>parricidis</strong></span> 
     </span>
    </p>
   </div>
   <div class='ocr_carea' id='block_1_69' title="bbox 1966 3182 3532 3251">
    <p class='ocr_par' dir='ltr' id='par_1_69' title="bbox 1966 3182 3532 3251">
     <span class='ocr_line' id='line_1_69' title="bbox 1966 3182 3532 3251; baseline 0.004 -13"><span class='ocrx_word' id='word_1_551' title='bbox 1966 3184 2299 3239; x_wconf 83' lang='lat' dir='ltr'><strong>inferendam</strong></span> <span class='ocrx_word' id='word_1_552' title='bbox 2323 3184 2596 3249; x_wconf 90' lang='lat' dir='ltr'><strong>manibus,</strong></span> <span class='ocrx_word' id='word_1_553' title='bbox 2621 3182 2959 3251; x_wconf 86' lang='lat' dir='ltr'><strong>spectabant.</strong></span> <span class='ocrx_word' id='word_1_554' title='bbox 2992 3182 3253 3251; x_wconf 86' lang='lat' dir='ltr'><strong>Equidem</strong></span> <span class='ocrx_word' id='word_1_555' title='bbox 3274 3188 3532 3244; x_wconf 83' lang='lat' dir='ltr'><strong>horresco</strong></span> 
     </span>
    </p>
   </div>
   <div class='ocr_carea' id='block_1_70' title="bbox 1964 3273 3531 3349">
    <p class='ocr_par' dir='ltr' id='par_1_70' title="bbox 1964 3273 3531 3349">
     <span class='ocr_line' id='line_1_70' title="bbox 1964 3273 3531 3349; baseline 0.004 -20"><span class='ocrx_word' id='word_1_556' title='bbox 1964 3275 2241 3338; x_wconf 81' lang='lat' dir='ltr'><strong>referens;</strong></span> <span class='ocrx_word' id='word_1_557' title='bbox 2279 3281 2333 3327; x_wconf 89' lang='lat' dir='ltr'><strong>et</strong></span> <span class='ocrx_word' id='word_1_558' title='bbox 2393 3281 2470 3327; x_wconf 90' lang='lat' dir='ltr'><strong>tot</strong></span> <span class='ocrx_word' id='word_1_559' title='bbox 2504 3274 2615 3340; x_wconf 88' lang='lat' dir='ltr'><strong>jam</strong></span> <span class='ocrx_word' id='word_1_560' title='bbox 2660 3282 2841 3326; x_wconf 86' lang='lat' dir='ltr'><strong>coacta</strong></span> <span class='ocrx_word' id='word_1_561' title='bbox 2899 3273 3028 3328; x_wconf 90' lang='lat' dir='ltr'><strong>locis</strong></span> <span class='ocrx_word' id='word_1_562' title='bbox 3076 3274 3327 3331; x_wconf 76' lang='lat' dir='ltr'><strong>Historia:</strong></span> <span class='ocrx_word' id='word_1_563' title='bbox 3374 3280 3531 3349; x_wconf 84' lang='lat' dir='ltr'><strong>hujus</strong></span> 
     </span>
    </p>
   </div>
   <div class='ocr_carea' id='block_1_71' title="bbox 1964 3364 3530 3429">
    <p class='ocr_par' dir='ltr' id='par_1_71' title="bbox 1964 3364 3530 3429">
     <span class='ocr_line' id='line_1_71' title="bbox 1964 3364 3530 3429; baseline 0.003 -8"><span class='ocrx_word' id='word_1_564' title='bbox 1964 3367 2187 3421; x_wconf 90' lang='lat' dir='ltr'><strong>insidias</strong></span> <span class='ocrx_word' id='word_1_565' title='bbox 2217 3378 2643 3419; x_wconf 88' lang='lat' dir='ltr'><strong>commemorare</strong></span> <span class='ocrx_word' id='word_1_566' title='bbox 2677 3364 2902 3429; x_wconf 88' lang='lat' dir='ltr'><strong>similes,</strong></span> <span class='ocrx_word' id='word_1_567' title='bbox 2960 3367 3141 3419; x_wconf 86' lang='lat' dir='ltr'><strong>mirari</strong></span> <span class='ocrx_word' id='word_1_568' title='bbox 3179 3376 3233 3422; x_wconf 90' lang='lat' dir='ltr'><strong>et</strong></span> <span class='ocrx_word' id='word_1_569' title='bbox 3282 3370 3530 3425; x_wconf 86' lang='lat' dir='ltr'><strong>miserari</strong></span> 
     </span>
    </p>
   </div>
   <div class='ocr_carea' id='block_1_72' title="bbox 1964 3454 3527 3526">
    <p class='ocr_par' dir='ltr' id='par_1_72' title="bbox 1964 3454 3527 3526">
     <span class='ocr_line' id='line_1_72' title="bbox 1964 3454 3527 3526; baseline -0.001 -12"><span class='ocrx_word' id='word_1_570' title='bbox 1964 3459 2097 3514; x_wconf 89' lang='lat' dir='ltr'><strong>satis</strong></span> <span class='ocrx_word' id='word_1_571' title='bbox 2133 3471 2342 3525; x_wconf 90' lang='lat' dir='ltr'><strong>nequeo</strong></span> <span class='ocrx_word' id='word_1_572' title='bbox 2381 3454 2811 3510; x_wconf 81' lang='lat' dir='ltr'><strong>infelicissimam</strong></span> <span class='ocrx_word' id='word_1_573' title='bbox 2846 3456 3187 3524; x_wconf 87' lang='lat' dir='ltr'><strong>imperatoris</strong></span> <span class='ocrx_word' id='word_1_574' title='bbox 3216 3455 3375 3526; x_wconf 85' lang='lat' dir='ltr'><strong>hujus</strong></span> <span class='ocrx_word' id='word_1_575' title='bbox 3407 3475 3527 3513; x_wconf 86' lang='lat' dir='ltr'><strong>sor-</strong></span> 
     </span>
    </p>
   </div>
   <div class='ocr_carea' id='block_1_73' title="bbox 1966 3547 3530 3616">
    <p class='ocr_par' dir='ltr' id='par_1_73' title="bbox 1966 3547 3530 3616">
     <span class='ocr_line' id='line_1_73' title="bbox 1966 3547 3530 3616; baseline -0.001 -10"><span class='ocrx_word' id='word_1_576' title='bbox 1966 3563 2093 3606; x_wconf 87' lang='lat' dir='ltr'><strong>tem.</strong></span> <span class='ocrx_word' id='word_1_577' title='bbox 2124 3551 2276 3606; x_wconf 89' lang='lat' dir='ltr'><strong>Itane</strong></span> <span class='ocrx_word' id='word_1_578' title='bbox 2308 3564 2437 3604; x_wconf 84' lang='lat' dir='ltr'><strong>vero</strong></span> <span class='ocrx_word' id='word_1_579' title='bbox 2459 3559 2563 3602; x_wconf 90' lang='lat' dir='ltr'><strong>tam</strong></span> <span class='ocrx_word' id='word_1_580' title='bbox 2598 3547 2858 3616; x_wconf 89' lang='lat' dir='ltr'><strong>pertinaci</strong></span> <span class='ocrx_word' id='word_1_581' title='bbox 2893 3548 3037 3611; x_wconf 91' lang='lat' dir='ltr'><strong>odio,</strong></span> <span class='ocrx_word' id='word_1_582' title='bbox 3066 3556 3172 3601; x_wconf 90' lang='lat' dir='ltr'><strong>tam</strong></span> <span class='ocrx_word' id='word_1_583' title='bbox 3205 3547 3530 3616; x_wconf 84' lang='lat' dir='ltr'><strong>implacabili</strong></span> 
     </span>
    </p>
   </div>
   <div class='ocr_carea' id='block_1_74' title="bbox 1962 3630 3527 3713">
    <p class='ocr_par' dir='ltr' id='par_1_74' title="bbox 1962 3630 3527 3713">
     <span class='ocr_line' id='line_1_74' title="bbox 1962 3630 3527 3713; baseline -0.005 -13"><span class='ocrx_word' id='word_1_584' title='bbox 1962 3644 2164 3700; x_wconf 66' lang='lat' dir='ltr'><strong>saevitia</strong></span> <span class='ocrx_word' id='word_1_585' title='bbox 2200 3655 2547 3713; x_wconf 83' lang='lat' dir='ltr'><strong>perseverare</strong></span> <span class='ocrx_word' id='word_1_586' title='bbox 2572 3639 2841 3693; x_wconf 88' lang='lat' dir='ltr'><strong>fortunam</strong></span> <span class='ocrx_word' id='word_1_587' title='bbox 2890 3638 2942 3691; x_wconf 90' lang='lat' dir='ltr'><strong>in</strong></span> <span class='ocrx_word' id='word_1_588' title='bbox 2985 3652 3092 3691; x_wconf 92' lang='lat' dir='ltr'><strong>uno</strong></span> <span class='ocrx_word' id='word_1_589' title='bbox 3143 3630 3317 3706; x_wconf 83' lang='lat' dir='ltr'><strong>capite</strong></span> <span class='ocrx_word' id='word_1_590' title='bbox 3365 3641 3527 3704; x_wconf 86' lang='lat' dir='ltr'><strong>clam,</strong></span> 
     </span>
    </p>
   </div>
   <div class='ocr_carea' id='block_1_75' title="bbox 1962 3735 3528 3807">
    <p class='ocr_par' dir='ltr' id='par_1_75' title="bbox 1962 3735 3528 3807">
     <span class='ocr_line' id='line_1_75' title="bbox 1962 3735 3528 3807; baseline -0.002 -16"><span class='ocrx_word' id='word_1_591' title='bbox 1962 3739 2159 3807; x_wconf 86' lang='lat' dir='ltr'><strong>palam,</strong></span> <span class='ocrx_word' id='word_1_592' title='bbox 2222 3736 2450 3790; x_wconf 89' lang='lat' dir='ltr'><strong>occultis</strong></span> <span class='ocrx_word' id='word_1_593' title='bbox 2502 3735 2901 3801; x_wconf 89' lang='lat' dir='ltr'><strong>molitionibus,</strong></span> <span class='ocrx_word' id='word_1_594' title='bbox 2964 3737 3169 3805; x_wconf 89' lang='lat' dir='ltr'><strong>apertis</strong></span> <span class='ocrx_word' id='word_1_595' title='bbox 3227 3735 3528 3798; x_wconf 86' lang='lat' dir='ltr'><strong>conatibus,</strong></span> 
     </span>
    </p>
   </div>
   <div class='ocr_carea' id='block_1_76' title="bbox 1966 3824 3533 3894">
    <p class='ocr_par' dir='ltr' id='par_1_76' title="bbox 1966 3824 3533 3894">
     <span class='ocr_line' id='line_1_76' title="bbox 1966 3824 3533 3894; baseline -0.002 -14"><span class='ocrx_word' id='word_1_596' title='bbox 1966 3827 2084 3880; x_wconf 86' lang='lat' dir='ltr'><strong>telis</strong></span> <span class='ocrx_word' id='word_1_597' title='bbox 2120 3826 2357 3894; x_wconf 88' lang='lat' dir='ltr'><strong>denique</strong></span> <span class='ocrx_word' id='word_1_598' title='bbox 2387 3825 2640 3879; x_wconf 90' lang='lat' dir='ltr'><strong>omnibus</strong></span> <span class='ocrx_word' id='word_1_599' title='bbox 2675 3840 2738 3879; x_wconf 90' lang='lat' dir='ltr'><strong>ac</strong></span> <span class='ocrx_word' id='word_1_600' title='bbox 2770 3825 3034 3879; x_wconf 89' lang='lat' dir='ltr'><strong>machinis</strong></span> <span class='ocrx_word' id='word_1_601' title='bbox 3060 3825 3290 3892; x_wconf 89' lang='lat' dir='ltr'><strong>petendo</strong></span> <span class='ocrx_word' id='word_1_602' title='bbox 3316 3825 3327 3877; x_wconf 92' lang='lat' dir='ltr'><strong>l</strong></span> <span class='ocrx_word' id='word_1_603' title='bbox 3356 3824 3533 3878; x_wconf 88' lang='lat' dir='ltr'><strong>lstone</strong></span> 
     </span>
    </p>
   </div>
   <div class='ocr_carea' id='block_1_77' title="bbox 1964 3914 3532 3983">
    <p class='ocr_par' dir='ltr' id='par_1_77' title="bbox 1964 3914 3532 3983">
     <span class='ocr_line' id='line_1_77' title="bbox 1964 3914 3532 3983; baseline -0.002 -15"><span class='ocrx_word' id='word_1_604' title='bbox 1964 3916 2075 3969; x_wconf 88' lang='lat' dir='ltr'><strong>fato</strong></span> <span class='ocrx_word' id='word_1_605' title='bbox 2127 3924 2313 3968; x_wconf 89' lang='lat' dir='ltr'><strong>natum</strong></span> <span class='ocrx_word' id='word_1_606' title='bbox 2372 3928 2492 3968; x_wconf 83' lang='lat' dir='ltr'><strong>esse.</strong></span> <span class='ocrx_word' id='word_1_607' title='bbox 2547 3928 2710 3967; x_wconf 90' lang='lat' dir='ltr'><strong>unum</strong></span> <span class='ocrx_word' id='word_1_608' title='bbox 2760 3914 3099 3983; x_wconf 90' lang='lat' dir='ltr'><strong>potissimum</strong></span> <span class='ocrx_word' id='word_1_609' title='bbox 3150 3914 3292 3968; x_wconf 90' lang='lat' dir='ltr'><strong>inter</strong></span> <span class='ocrx_word' id='word_1_610' title='bbox 3343 3928 3532 3967; x_wconf 82' lang='lat' dir='ltr'><strong>onutes</strong></span> 
     </span>
    </p>
   </div>
   <div class='ocr_carea' id='block_1_78' title="bbox 1962 4002 3527 4077">
    <p class='ocr_par' dir='ltr' id='par_1_78' title="bbox 1962 4002 3527 4077">
     <span class='ocr_line' id='line_1_78' title="bbox 1962 4002 3527 4077; baseline -0.004 -18"><span class='ocrx_word' id='word_1_611' title='bbox 1962 4005 2235 4077; x_wconf 87' lang='lat' dir='ltr'><strong>principes</strong></span> <span class='ocrx_word' id='word_1_612' title='bbox 2283 4004 2555 4068; x_wconf 78' lang='lat' dir='ltr'><strong>Alexium,</strong></span> <span class='ocrx_word' id='word_1_613' title='bbox 2609 4012 2665 4054; x_wconf 91' lang='lat' dir='ltr'><strong>ut</strong></span> <span class='ocrx_word' id='word_1_614' title='bbox 2720 4002 2869 4056; x_wconf 93' lang='lat' dir='ltr'><strong>nullo</strong></span> <span class='ocrx_word' id='word_1_615' title='bbox 2928 4017 3165 4073; x_wconf 89' lang='lat' dir='ltr'><strong>unquam</strong></span> <span class='ocrx_word' id='word_1_616' title='bbox 3212 4003 3527 4070; x_wconf 85' lang='lat' dir='ltr'><strong>interspira-</strong></span> 
     </span>
    </p>
   </div>
   <div class='ocr_carea' id='block_1_79' title="bbox 1961 4090 3528 4164">
    <p class='ocr_par' dir='ltr' id='par_1_79' title="bbox 1961 4090 3528 4164">
     <span class='ocr_line' id='line_1_79' title="bbox 1961 4090 3528 4164; baseline -0.003 -15"><span class='ocrx_word' id='word_1_617' title='bbox 1961 4105 2143 4150; x_wconf 86' lang='lat' dir='ltr'><strong>mento</strong></span> <span class='ocrx_word' id='word_1_618' title='bbox 2167 4094 2386 4164; x_wconf 86' lang='lat' dir='ltr'><strong>quietis,</strong></span> <span class='ocrx_word' id='word_1_619' title='bbox 2405 4092 2581 4162; x_wconf 89' lang='lat' dir='ltr'><strong>urgeri</strong></span> <span class='ocrx_word' id='word_1_620' title='bbox 2600 4106 2720 4145; x_wconf 92' lang='lat' dir='ltr'><strong>eum</strong></span> <span class='ocrx_word' id='word_1_621' title='bbox 2742 4091 2956 4146; x_wconf 90' lang='lat' dir='ltr'><strong>assidue</strong></span> <span class='ocrx_word' id='word_1_622' title='bbox 2982 4101 3247 4161; x_wconf 83' lang='lat' dir='ltr'><strong>oporteat,</strong></span> <span class='ocrx_word' id='word_1_623' title='bbox 3270 4106 3299 4144; x_wconf 88' lang='lat' dir='ltr'><strong>a</strong></span> <span class='ocrx_word' id='word_1_624' title='bbox 3334 4090 3528 4152; x_wconf 87' lang='lat' dir='ltr'><strong>fronte.</strong></span> 
     </span>
    </p>
   </div>
   <div class='ocr_carea' id='block_1_80' title="bbox 1961 4182 3533 4255">
    <p class='ocr_par' dir='ltr' id='par_1_80' title="bbox 1961 4182 3533 4255">
     <span class='ocr_line' id='line_1_80' title="bbox 1961 4182 3533 4255; baseline -0.003 -13"><span class='ocrx_word' id='word_1_625' title='bbox 1961 4201 1991 4241; x_wconf 88' lang='lat' dir='ltr'><strong>a</strong></span> <span class='ocrx_word' id='word_1_626' title='bbox 2023 4198 2194 4255; x_wconf 87' lang='lat' dir='ltr'><strong>tergo,</strong></span> <span class='ocrx_word' id='word_1_627' title='bbox 2229 4188 2295 4239; x_wconf 87' lang='lat' dir='ltr'><strong>ab</strong></span> <span class='ocrx_word' id='word_1_628' title='bbox 2323 4196 2551 4253; x_wconf 91' lang='lat' dir='ltr'><strong>utroque</strong></span> <span class='ocrx_word' id='word_1_629' title='bbox 2583 4182 2774 4248; x_wconf 85' lang='lat' dir='ltr'><strong>latere,</strong></span> <span class='ocrx_word' id='word_1_630' title='bbox 2821 4183 3000 4248; x_wconf 84' lang='lat' dir='ltr'><strong>bellis,</strong></span> <span class='ocrx_word' id='word_1_631' title='bbox 3034 4182 3409 4246; x_wconf 89' lang='lat' dir='ltr'><strong>seditionibus,</strong></span> <span class='ocrx_word' id='word_1_632' title='bbox 3445 4193 3533 4237; x_wconf 86' lang='lat' dir='ltr'><strong>tu-</strong></span> 
     </span>
    </p>
   </div>
   <div class='ocr_carea' id='block_1_81' title="bbox 1962 4272 3530 4344">
    <p class='ocr_par' dir='ltr' id='par_1_81' title="bbox 1962 4272 3530 4344">
     <span class='ocr_line' id='line_1_81' title="bbox 1962 4272 3530 4344; baseline -0.003 -14"><span class='ocrx_word' id='word_1_633' title='bbox 1962 4277 2242 4337; x_wconf 86' lang='lat' dir='ltr'><strong>multibus,</strong></span> <span class='ocrx_word' id='word_1_634' title='bbox 2285 4272 2796 4344; x_wconf 87' lang='lat' dir='ltr'><strong>conjurationibus;</strong></span> <span class='ocrx_word' id='word_1_635' title='bbox 2832 4272 2981 4327; x_wconf 91' lang='lat' dir='ltr'><strong>illinc</strong></span> <span class='ocrx_word' id='word_1_636' title='bbox 3019 4273 3271 4343; x_wconf 75' lang='lat' dir='ltr'><strong>gentibus</strong></span> <span class='ocrx_word' id='word_1_637' title='bbox 3326 4272 3530 4325; x_wconf 77' lang='lat' dir='ltr'><strong>circum</strong></span> 
     </span>
    </p>
   </div>
   <div class='ocr_carea' id='block_1_82' title="bbox 1962 4365 3535 4436">
    <p class='ocr_par' dir='ltr' id='par_1_82' title="bbox 1962 4365 3535 4436">
     <span class='ocr_line' id='line_1_82' title="bbox 1962 4365 3535 4436; baseline -0.003 -12"><span class='ocrx_word' id='word_1_638' title='bbox 1962 4370 2211 4424; x_wconf 87' lang='lat' dir='ltr'><strong>Barbaris</strong></span> <span class='ocrx_word' id='word_1_639' title='bbox 2240 4368 2437 4436; x_wconf 88' lang='lat' dir='ltr'><strong>passim</strong></span> <span class='ocrx_word' id='word_1_640' title='bbox 2487 4367 2651 4422; x_wconf 89' lang='lat' dir='ltr'><strong>duces</strong></span> <span class='ocrx_word' id='word_1_641' title='bbox 2688 4365 3055 4419; x_wconf 88' lang='lat' dir='ltr'><strong>ferocissimos</strong></span> <span class='ocrx_word' id='word_1_642' title='bbox 3085 4380 3207 4419; x_wconf 89' lang='lat' dir='ltr'><strong>cum</strong></span> <span class='ocrx_word' id='word_1_643' title='bbox 3242 4366 3411 4433; x_wconf 82' lang='lat' dir='ltr'><strong>copiis</strong></span> <span class='ocrx_word' id='word_1_644' title='bbox 3454 4367 3535 4420; x_wconf 88' lang='lat' dir='ltr'><strong>in-</strong></span> 
     </span>
    </p>
   </div>
   <div class='ocr_carea' id='block_1_83' title="bbox 1965 4456 3532 4527">
    <p class='ocr_par' dir='ltr' id='par_1_83' title="bbox 1965 4456 3532 4527">
     <span class='ocr_line' id='line_1_83' title="bbox 1965 4456 3532 4527; baseline -0.003 -12"><span class='ocrx_word' id='word_1_645' title='bbox 1965 4459 2388 4515; x_wconf 86' lang='lat' dir='ltr'><strong>numerabilibus</strong></span> <span class='ocrx_word' id='word_1_646' title='bbox 2422 4461 2472 4511; x_wconf 90' lang='lat' dir='ltr'><strong>in</strong></span> <span class='ocrx_word' id='word_1_647' title='bbox 2503 4459 2677 4527; x_wconf 90' lang='lat' dir='ltr'><strong>ipsum</strong></span> <span class='ocrx_word' id='word_1_648' title='bbox 2733 4456 3093 4519; x_wconf 85' lang='lat' dir='ltr'><strong>armantibus,</strong></span> <span class='ocrx_word' id='word_1_649' title='bbox 3155 4457 3280 4511; x_wconf 84' lang='lat' dir='ltr'><strong>hinc</strong></span> <span class='ocrx_word' id='word_1_650' title='bbox 3332 4458 3532 4511; x_wconf 88' lang='lat' dir='ltr'><strong>ditione</strong></span> 
     </span>
    </p>
   </div>
   <div class='ocr_carea' id='block_1_84' title="bbox 1967 4547 3534 4618">
    <p class='ocr_par' dir='ltr' id='par_1_84' title="bbox 1967 4547 3534 4618">
     <span class='ocr_line' id='line_1_84' title="bbox 1967 4547 3534 4618; baseline -0.001 -13"><span class='ocrx_word' id='word_1_651' title='bbox 1967 4552 2078 4618; x_wconf 91' lang='lat' dir='ltr'><strong>ipsa</strong></span> <span class='ocrx_word' id='word_1_652' title='bbox 2110 4566 2173 4604; x_wconf 90' lang='lat' dir='ltr'><strong>ac</strong></span> <span class='ocrx_word' id='word_1_653' title='bbox 2208 4560 2348 4605; x_wconf 89' lang='lat' dir='ltr'><strong>terra</strong></span> <span class='ocrx_word' id='word_1_654' title='bbox 2389 4550 2628 4603; x_wconf 79' lang='lat' dir='ltr'><strong>Romana</strong></span> <span class='ocrx_word' id='word_1_655' title='bbox 2662 4548 2805 4603; x_wconf 73' lang='lat' dir='ltr'><strong>velut</strong></span> <span class='ocrx_word' id='word_1_656' title='bbox 2831 4549 3076 4618; x_wconf 83' lang='lat' dir='ltr'><strong>gigantas</strong></span> <span class='ocrx_word' id='word_1_657' title='bbox 3105 4547 3232 4602; x_wconf 92' lang='lat' dir='ltr'><strong>olim</strong></span> <span class='ocrx_word' id='word_1_658' title='bbox 3262 4549 3339 4603; x_wconf 84' lang='lat' dir='ltr'><strong>sic</strong></span> <span class='ocrx_word' id='word_1_659' title='bbox 3373 4550 3534 4603; x_wconf 87' lang='lat' dir='ltr'><strong>hodie</strong></span> 
     </span>
    </p>
   </div>
   <div class='ocr_carea' id='block_1_85' title="bbox 1966 4638 3529 4713">
    <p class='ocr_par' dir='ltr' id='par_1_85' title="bbox 1966 4638 3529 4713">
     <span class='ocr_line' id='line_1_85' title="bbox 1966 4638 3529 4713; baseline -0.001 -18"><span class='ocrx_word' id='word_1_660' title='bbox 1966 4652 2229 4713; x_wconf 86' lang='lat' dir='ltr'><strong>tyrannos</strong></span> <span class='ocrx_word' id='word_1_661' title='bbox 2262 4655 2456 4709; x_wconf 85' lang='lat' dir='ltr'><strong>magno</strong></span> <span class='ocrx_word' id='word_1_662' title='bbox 2496 4654 2719 4695; x_wconf 89' lang='lat' dir='ltr'><strong>uumero</strong></span> <span class='ocrx_word' id='word_1_663' title='bbox 2746 4654 2845 4695; x_wconf 89' lang='lat' dir='ltr'><strong>nec</strong></span> <span class='ocrx_word' id='word_1_664' title='bbox 2872 4639 3067 4694; x_wconf 89' lang='lat' dir='ltr'><strong>minori</strong></span> <span class='ocrx_word' id='word_1_665' title='bbox 3102 4638 3317 4696; x_wconf 89' lang='lat' dir='ltr'><strong>feritate</strong></span> <span class='ocrx_word' id='word_1_666' title='bbox 3347 4651 3529 4695; x_wconf 86' lang='lat' dir='ltr'><strong>contra</strong></span> 
     </span>
    </p>
   </div>
   <div class='ocr_carea' id='block_1_86' title="bbox 1358 4757 2493 4824">
    <p class='ocr_par' dir='ltr' id='par_1_86' title="bbox 1358 4757 2493 4824">
     <span class='ocr_line' id='line_1_86' title="bbox 1358 4757 2493 4824; baseline -0.001 -4"><span class='ocrx_word' id='word_1_667' title='bbox 1358 4760 1551 4822; x_wconf 75' lang='lat' dir='ltr'><strong>Varite</strong></span> <span class='ocrx_word' id='word_1_668' title='bbox 1594 4761 1899 4823; x_wconf 87' lang='lat' dir='ltr'><strong>lectiones</strong></span> <span class='ocrx_word' id='word_1_669' title='bbox 1938 4779 2015 4824; x_wconf 80' lang='lat' dir='ltr'><strong>ex</strong></span> <span class='ocrx_word' id='word_1_670' title='bbox 2052 4760 2193 4823; x_wconf 90' lang='lat' dir='ltr'><strong>cod.</strong></span> <span class='ocrx_word' id='word_1_671' title='bbox 2229 4757 2493 4820; x_wconf 89' lang='lat' dir='ltr'><strong>Coislin.</strong></span> 
     </span>
    </p>
   </div>
   <div class='ocr_carea' id='block_1_87' title="bbox 348 4882 711 4935">
    <p class='ocr_par' dir='ltr' id='par_1_87' title="bbox 348 4882 711 4935">
     <span class='ocr_line' id='line_1_87' title="bbox 348 4882 711 4935; baseline -0.003 0"><span class='ocrx_word' id='word_1_672' title='bbox 348 4888 398 4917; x_wconf 84' lang='grc'><strong>⁸⁸</strong></span> <span class='ocrx_word' id='word_1_673' title='bbox 428 4883 522 4935; x_wconf 73' lang='grc' dir='ltr'>τοῦ</span> <span class='ocrx_word' id='word_1_674' title='bbox 551 4882 711 4934; x_wconf 80' lang='grc' dir='ltr'>Θεοῦ.</span> 
     </span>
    </p>
   </div>
   <div class='ocr_carea' id='block_1_88' title="bbox 1361 4968 2427 5049">
    <p class='ocr_par' dir='ltr' id='par_1_88' title="bbox 1361 4968 2427 5049">
     <span class='ocr_line' id='line_1_88' title="bbox 1361 4968 2427 5049; baseline 0.004 -22"><span class='ocrx_word' id='word_1_675' title='bbox 1361 4968 1493 5029; x_wconf 86' lang='lat' dir='ltr'><strong>Car.</strong></span> <span class='ocrx_word' id='word_1_676' title='bbox 1532 4969 1840 5030; x_wconf 82' lang='lat' dir='ltr'><strong>Dufresnii</strong></span> <span class='ocrx_word' id='word_1_677' title='bbox 1874 4971 1965 5033; x_wconf 88' lang='lat' dir='ltr'><strong>Du</strong></span> <span class='ocrx_word' id='word_1_678' title='bbox 1997 4972 2213 5049; x_wconf 82' lang='lat' dir='ltr'><strong>Cangii</strong></span> <span class='ocrx_word' id='word_1_679' title='bbox 2261 4980 2427 5032; x_wconf 70' lang='lat' dir='ltr'><strong>nota:</strong></span> 
     </span>
    </p>
   </div>
   <div class='ocr_carea' id='block_1_89' title="bbox 260 5089 1841 5167">
    <p class='ocr_par' dir='ltr' id='par_1_89' title="bbox 260 5089 1841 5167">
     <span class='ocr_line' id='line_1_89' title="bbox 260 5089 1841 5167; baseline -0.009 -18"><span class='ocrx_word' id='word_1_680' title='bbox 260 5096 508 5167; x_wconf 64' lang='grc' dir='ltr'>πρῲτης</span> <span class='ocrx_word' id='word_1_681' title='bbox 570 5090 897 5167; x_wconf 42' lang='grc' dir='ltr'>ἑϐδομαδοςη</span> <span class='ocrx_word' id='word_1_682' title='bbox 944 5089 1220 5167; x_wconf 65' lang='lat' dir='ltr'><strong>Columme</strong></span> <span class='ocrx_word' id='word_1_683' title='bbox 1286 5090 1688 5167; x_wconf 46' lang='lat' dir='ltr'><strong>liorpltyreticze</strong></span> <span class='ocrx_word' id='word_1_684' title='bbox 1736 5095 1841 5156; x_wconf 78' lang='grc' dir='ltr'><strong>ξω.</strong></span> 
     </span>
    </p>
   </div>
   <div class='ocr_carea' id='block_1_90' title="bbox 273 5157 1852 5234">
    <p class='ocr_par' dir='ltr' id='par_1_90' title="bbox 273 5157 1852 5234">
     <span class='ocr_line' id='line_1_90' title="bbox 273 5157 1852 5234; baseline -0.002 -17"><span class='ocrx_word' id='word_1_685' title='bbox 273 5157 525 5234; x_wconf 63' lang='grc' dir='ltr'>στῆρας,</span> <span class='ocrx_word' id='word_1_686' title='bbox 581 5177 675 5216; x_wconf 85' lang='lat' dir='ltr'><strong>seu</strong></span> <span class='ocrx_word' id='word_1_687' title='bbox 701 5157 710 5161; x_wconf 72' lang='grc'><em>’</em></span> <span class='ocrx_word' id='word_1_688' title='bbox 733 5161 1011 5234; x_wconf 42' lang='grc' dir='ltr'><em>(ξιτιὲιιυεη</em></span> <span class='ocrx_word' id='word_1_689' title='bbox 1048 5157 1256 5234; x_wconf 65' lang='lat' dir='ltr'><strong>quibus</strong></span> <span class='ocrx_word' id='word_1_690' title='bbox 1300 5157 1852 5234; x_wconf 49' lang='lat' dir='ltr'><strong>illa—continebatur,</strong></span> 
     </span>
    </p>
   </div>
   <div class='ocr_carea' id='block_1_91' title="bbox 258 5228 1857 5303">
    <p class='ocr_par' dir='ltr' id='par_1_91' title="bbox 258 5228 1857 5303">
     <span class='ocr_line' id='line_1_91' title="bbox 258 5228 1857 5303; baseline -0.001 -17"><span class='ocrx_word' id='word_1_691' title='bbox 258 5228 448 5303; x_wconf 71' lang='lat' dir='ltr'><strong>pule</strong></span> <span class='ocrx_word' id='word_1_692' title='bbox 498 5242 641 5293; x_wconf 70' lang='lat' dir='ltr'><strong>ante,</strong></span> <span class='ocrx_word' id='word_1_693' title='bbox 692 5233 791 5303; x_wconf 83' lang='lat' dir='ltr'><strong>sub</strong></span> <span class='ocrx_word' id='word_1_694' title='bbox 829 5228 1107 5303; x_wconf 84' lang='lat' dir='ltr'><strong>Bo_tan_i_ata</strong></span> <span class='ocrx_word' id='word_1_695' title='bbox 1142 5230 1373 5303; x_wconf 66' lang='lat' dir='ltr'><strong>scilicet,</strong></span> <span class='ocrx_word' id='word_1_696' title='bbox 1425 5230 1628 5303; x_wconf 71' lang='lat' dir='ltr'><strong>fulmen</strong></span> <span class='ocrx_word' id='word_1_697' title='bbox 1682 5233 1857 5303; x_wconf 54' lang='lat' dir='ltr'><strong>dism-</strong></span> 
     </span>
    </p>
   </div>
   <div class='ocr_carea' id='block_1_92' title="bbox 1956 5086 3522 5163">
    <p class='ocr_par' dir='ltr' id='par_1_92' title="bbox 1956 5086 3522 5163">
     <span class='ocr_line' id='line_1_92' title="bbox 1956 5086 3522 5163; baseline -0.009 -17"><span class='ocrx_word' id='word_1_698' title='bbox 1956 5110 2058 5148; x_wconf 91' lang='lat' dir='ltr'><strong>nus</strong></span> <span class='ocrx_word' id='word_1_699' title='bbox 2086 5095 2210 5163; x_wconf 92' lang='lat' dir='ltr'><strong>(non</strong></span> <span class='ocrx_word' id='word_1_700' title='bbox 2247 5094 2598 5161; x_wconf 68' lang='lat' dir='ltr'><strong>Palaaologus,</strong></span> <span class='ocrx_word' id='word_1_701' title='bbox 2624 5098 2683 5163; x_wconf 89' lang='lat' dir='ltr'><strong>ut</strong></span> <span class='ocrx_word' id='word_1_702' title='bbox 2711 5090 2969 5163; x_wconf 78' lang='lat' dir='ltr'><strong>opinatur</strong></span> <span class='ocrx_word' id='word_1_703' title='bbox 2994 5088 3077 5138; x_wconf 82' lang='lat' dir='ltr'><strong>vir</strong></span> <span class='ocrx_word' id='word_1_704' title='bbox 3099 5086 3310 5163; x_wconf 84' lang='lat' dir='ltr'><strong>d_o_ctu_s)</strong></span> <span class='ocrx_word' id='word_1_705' title='bbox 3346 5086 3522 5163; x_wconf 61' lang='lat' dir='ltr'><strong>span-</strong></span> 
     </span>
    </p>
   </div>
   <div class='ocr_carea' id='block_1_93' title="bbox 1956 5154 3523 5231">
    <p class='ocr_par' dir='ltr' id='par_1_93' title="bbox 1956 5154 3523 5231">
     <span class='ocr_line' id='line_1_93' title="bbox 1956 5154 3523 5231; baseline 0 -18"><span class='ocrx_word' id='word_1_706' title='bbox 1956 5154 2137 5231; x_wconf 73' lang='lat' dir='ltr'><strong>dyluin</strong></span> <span class='ocrx_word' id='word_1_707' title='bbox 2192 5163 2433 5228; x_wconf 89' lang='lat' dir='ltr'><strong>ejusdem</strong></span> <span class='ocrx_word' id='word_1_708' title='bbox 2482 5154 2968 5231; x_wconf 55' lang='lat' dir='ltr'><strong>crassitudinis“</strong></span> <span class='ocrx_word' id='word_1_709' title='bbox 3029 5154 3213 5231; x_wconf 74' lang='lat' dir='ltr'><strong>multis</strong></span> <span class='ocrx_word' id='word_1_710' title='bbox 3254 5154 3523 5231; x_wconf 78' lang='lat' dir='ltr'><strong>lapidibus</strong></span> 
     </span>
    </p>
   </div>
   <div class='ocr_carea' id='block_1_94' title="bbox 1952 5224 3521 5298">
    <p class='ocr_par' dir='ltr' id='par_1_94' title="bbox 1952 5224 3521 5298">
     <span class='ocr_line' id='line_1_94' title="bbox 1952 5224 3521 5298; baseline -0.003 -15"><span class='ocrx_word' id='word_1_711' title='bbox 1952 5224 2426 5298; x_wconf 64' lang='lat' dir='ltr'><strong>supersediiicavit,</strong></span> <span class='ocrx_word' id='word_1_712' title='bbox 2468 5238 2521 5298; x_wconf 74' lang='lat' dir='ltr'><strong>et</strong></span> <span class='ocrx_word' id='word_1_713' title='bbox 2550 5229 2599 5280; x_wconf 93' lang='lat' dir='ltr'><strong>in</strong></span> <span class='ocrx_word' id='word_1_714' title='bbox 2636 5239 2849 5298; x_wconf 72' lang='lat' dir='ltr'><strong>suuuno</strong></span> <span class='ocrx_word' id='word_1_715' title='bbox 2873 5224 3283 5298; x_wconf 66' lang='lat' dir='ltr'><strong>inscriptionem</strong></span> <span class='ocrx_word' id='word_1_716' title='bbox 3321 5227 3521 5298; x_wconf 82' lang='lat' dir='ltr'><strong>posuit,</strong></span> 
     </span>
    </p>
   </div>
   <div class='ocr_carea' id='block_1_95' title="bbox 260 5293 3524 5369">
    <p class='ocr_par' dir='ltr' id='par_1_95' title="bbox 260 5293 3524 5369">
     <span class='ocr_line' id='line_1_95' title="bbox 260 5293 3524 5369; baseline -0.004 -12"><span class='ocrx_word' id='word_1_717' title='bbox 260 5293 492 5369; x_wconf 60' lang='lat' dir='ltr'><strong>&#39;cueral,</strong></span> <span class='ocrx_word' id='word_1_718' title='bbox 527 5302 604 5354; x_wconf 91' lang='lat' dir='ltr'><strong>uti</strong></span> <span class='ocrx_word' id='word_1_719' title='bbox 641 5300 861 5352; x_wconf 87' lang='lat' dir='ltr'><strong>tradunt</strong></span> <span class='ocrx_word' id='word_1_720' title='bbox 887 5298 1229 5369; x_wconf 74' lang='lat' dir='ltr'><strong>Scylitzesct</strong></span> <span class='ocrx_word' id='word_1_721' title='bbox 1260 5296 1517 5353; x_wconf 75' lang='lat' dir='ltr'><strong>Zonaras.</strong></span> <span class='ocrx_word' id='word_1_722' title='bbox 1546 5300 1858 5369; x_wconf 80' lang='lat' dir='ltr'><strong>HosTbeo-</strong></span> <span class='ocrx_word' id='word_1_723' title='bbox 1949 5293 2069 5366; x_wconf 64' lang='lat' dir='ltr'><strong>quin</strong></span> <span class='ocrx_word' id='word_1_724' title='bbox 2102 5308 2281 5351; x_wconf 78' lang='lat' dir='ltr'><strong>exstat</strong></span> <span class='ocrx_word' id='word_1_725' title='bbox 2329 5294 2757 5369; x_wconf 82' lang='lat' dir='ltr'><strong>apu_d_.loannet_u</strong></span> <span class='ocrx_word' id='word_1_726' title='bbox 2791 5293 2999 5369; x_wconf 64' lang='lat' dir='ltr'><strong>Dousau</strong></span> <span class='ocrx_word' id='word_1_727' title='bbox 3044 5294 3094 5345; x_wconf 92' lang='lat' dir='ltr'><strong>iu</strong></span> <span class='ocrx_word' id='word_1_728' title='bbox 3134 5293 3335 5369; x_wconf 81' lang='lat' dir='ltr'><strong>Iti_r_t_er._</strong></span> <span class='ocrx_word' id='word_1_729' title='bbox 3384 5295 3524 5369; x_wconf 73' lang='lat' dir='ltr'><strong>Con-</strong></span> 
     </span>
    </p>
   </div>
   <div class='ocr_carea' id='block_1_96' title="bbox 256 5367 1853 5437">
    <p class='ocr_par' dir='ltr' id='par_1_96' title="bbox 256 5367 1853 5437">
     <span class='ocr_line' id='line_1_96' title="bbox 256 5367 1853 5437; baseline 0.002 -20"><span class='ocrx_word' id='word_1_730' title='bbox 256 5375 433 5427; x_wconf 74' lang='lat' dir='ltr'><strong>dnsio</strong></span> <span class='ocrx_word' id='word_1_731' title='bbox 479 5367 825 5437; x_wconf 66' lang='lat' dir='ltr'><strong>imperante</strong></span> <span class='ocrx_word' id='word_1_732' title='bbox 884 5371 1087 5437; x_wconf 66' lang='lat' dir='ltr'><strong>positos</strong></span> <span class='ocrx_word' id='word_1_733' title='bbox 1153 5367 1405 5418; x_wconf 83' lang='lat' dir='ltr'><strong>docemur</strong></span> <span class='ocrx_word' id='word_1_734' title='bbox 1472 5385 1536 5421; x_wconf 76' lang='lat' dir='ltr'><strong>ex</strong></span> <span class='ocrx_word' id='word_1_735' title='bbox 1601 5368 1853 5421; x_wconf 79' lang='lat' dir='ltr'><strong>Chronico</strong></span> 
     </span>
    </p>
   </div>
   <div class='ocr_carea' id='block_1_97' title="bbox 259 5435 1848 5500">
    <p class='ocr_par' dir='ltr' id='par_1_97' title="bbox 259 5435 1848 5500">
     <span class='ocr_line' id='line_1_97' title="bbox 259 5435 1848 5500; baseline -0.002 -7"><span class='ocrx_word' id='word_1_736' title='bbox 259 5435 676 5495; x_wconf 49' lang='lat' dir='ltr'><strong>Alexandrfad</strong></span> <span class='ocrx_word' id='word_1_737' title='bbox 716 5438 748 5490; x_wconf 91' lang='lat'><strong>9</strong></span> <span class='ocrx_word' id='word_1_738' title='bbox 783 5435 1017 5500; x_wconf 79' lang='lat' dir='ltr'><strong>ejusdem</strong></span> <span class='ocrx_word' id='word_1_739' title='bbox 1050 5436 1358 5490; x_wconf 81' lang='lat' dir='ltr'><strong>Theodosii.</strong></span> <span class='ocrx_word' id='word_1_740' title='bbox 1404 5437 1536 5491; x_wconf 90' lang='lat' dir='ltr'><strong>Cum</strong></span> <span class='ocrx_word' id='word_1_741' title='bbox 1591 5439 1731 5489; x_wconf 90' lang='lat' dir='ltr'><strong>enim</strong></span> <span class='ocrx_word' id='word_1_742' title='bbox 1786 5453 1848 5490; x_wconf 76' lang='lat' dir='ltr'><strong>ex</strong></span> 
     </span>
    </p>
   </div>
   <div class='ocr_carea' id='block_1_98' title="bbox 256 5505 1849 5574">
    <p class='ocr_par' dir='ltr' id='par_1_98' title="bbox 256 5505 1849 5574">
     <span class='ocr_line' id='line_1_98' title="bbox 256 5505 1849 5574; baseline -0.003 -11"><span class='ocrx_word' id='word_1_743' title='bbox 256 5512 539 5565; x_wconf 81' lang='lat' dir='ltr'><strong>inferiore</strong></span> <span class='ocrx_word' id='word_1_744' title='bbox 565 5512 830 5561; x_wconf 68' lang='lat' dir='ltr'><strong>columnae</strong></span> <span class='ocrx_word' id='word_1_745' title='bbox 858 5518 1030 5571; x_wconf 87' lang='lat' dir='ltr'><strong>parte.</strong></span> <span class='ocrx_word' id='word_1_746' title='bbox 1064 5517 1222 5557; x_wconf 87' lang='lat' dir='ltr'><strong>noctu</strong></span> <span class='ocrx_word' id='word_1_747' title='bbox 1259 5506 1474 5559; x_wconf 81' lang='lat' dir='ltr'><strong>avulsus</strong></span> <span class='ocrx_word' id='word_1_748' title='bbox 1501 5505 1687 5559; x_wconf 88' lang='lat' dir='ltr'><strong>fuisset</strong></span> <span class='ocrx_word' id='word_1_749' title='bbox 1714 5507 1849 5574; x_wconf 84' lang='lat' dir='ltr'><strong>lapis</strong></span> 
     </span>
    </p>
   </div>
   <div class='ocr_carea' id='block_1_99' title="bbox 252 5575 1848 5648">
    <p class='ocr_par' dir='ltr' id='par_1_99' title="bbox 252 5575 1848 5648">
     <span class='ocr_line' id='line_1_99' title="bbox 252 5575 1848 5648; baseline -0.005 -15"><span class='ocrx_word' id='word_1_750' title='bbox 252 5584 555 5648; x_wconf 71' lang='lat' dir='ltr'><strong>grandior,</strong></span> <span class='ocrx_word' id='word_1_751' title='bbox 595 5577 956 5648; x_wconf 34' lang='lat' dir='ltr'><strong>neuuujversa</strong></span> <span class='ocrx_word' id='word_1_752' title='bbox 998 5575 1232 5648; x_wconf 80' lang='lat' dir='ltr'><strong>lapidum</strong></span> <span class='ocrx_word' id='word_1_753' title='bbox 1279 5578 1665 5648; x_wconf 73' lang='lat' dir='ltr'><strong>dissolveretur</strong></span> <span class='ocrx_word' id='word_1_754' title='bbox 1697 5592 1848 5629; x_wconf 76' lang='lat' dir='ltr'><strong>Cunt-</strong></span> 
     </span>
    </p>
   </div>
   <div class='ocr_carea' id='block_1_100' title="bbox 224 5643 1844 5716">
    <p class='ocr_par' dir='ltr' id='par_1_100' title="bbox 224 5643 1844 5716">
     <span class='ocr_line' id='line_1_100' title="bbox 224 5643 1844 5716; baseline -0.002 -18"><span class='ocrx_word' id='word_1_755' title='bbox 224 5643 462 5716; x_wconf 48' lang='grc' dir='ltr'><strong>,μαψ-ς,</strong></span> <span class='ocrx_word' id='word_1_756' title='bbox 499 5645 722 5716; x_wconf 76' lang='lat' dir='ltr'><strong>circulis</strong></span> <span class='ocrx_word' id='word_1_757' title='bbox 772 5643 961 5695; x_wconf 68' lang='lat' dir='ltr'><strong>ferreis</strong></span> <span class='ocrx_word' id='word_1_758' title='bbox 1013 5646 1247 5696; x_wconf 79' lang='lat' dir='ltr'><strong>revincta</strong></span> <span class='ocrx_word' id='word_1_759' title='bbox 1300 5654 1459 5716; x_wconf 84' lang='lat' dir='ltr'><strong>atque</strong></span> <span class='ocrx_word' id='word_1_760' title='bbox 1514 5646 1708 5705; x_wconf 69' lang='lat' dir='ltr'><strong>illigata</strong></span> <span class='ocrx_word' id='word_1_761' title='bbox 1742 5655 1844 5696; x_wconf 80' lang='lat' dir='ltr'><strong>est.</strong></span> 
     </span>
    </p>
   </div>
   <div class='ocr_carea' id='block_1_101' title="bbox 255 5713 1843 5781">
    <p class='ocr_par' dir='ltr' id='par_1_101' title="bbox 255 5713 1843 5781">
     <span class='ocr_line' id='line_1_101' title="bbox 255 5713 1843 5781; baseline -0.003 -10"><span class='ocrx_word' id='word_1_762' title='bbox 255 5713 422 5772; x_wconf 59' lang='lat' dir='ltr'><strong>Luto</strong></span> <span class='ocrx_word' id='word_1_763' title='bbox 451 5722 615 5781; x_wconf 68' lang='lat' dir='ltr'><strong>igitur</strong></span> <span class='ocrx_word' id='word_1_764' title='bbox 654 5714 1020 5778; x_wconf 78' lang='lat' dir='ltr'><strong>disruptarum</strong></span> <span class='ocrx_word' id='word_1_765' title='bbox 1067 5729 1323 5765; x_wconf 78' lang='lat' dir='ltr'><strong>zonarum</strong></span> <span class='ocrx_word' id='word_1_766' title='bbox 1362 5713 1571 5767; x_wconf 85' lang='lat' dir='ltr'><strong>Manuel</strong></span> <span class='ocrx_word' id='word_1_767' title='bbox 1614 5716 1843 5768; x_wconf 72' lang='lat' dir='ltr'><strong>Corunc-</strong></span> 
     </span>
    </p>
   </div>
   <div class='ocr_carea' id='block_1_102' title="bbox 1950 5361 3521 5433">
    <p class='ocr_par' dir='ltr' id='par_1_102' title="bbox 1950 5361 3521 5433">
     <span class='ocr_line' id='line_1_102' title="bbox 1950 5361 3521 5433; baseline 0 -14"><span class='ocrx_word' id='word_1_768' title='bbox 1950 5361 2231 5433; x_wconf 54' lang='lat' dir='ltr'><strong>s&#39;tantinop.</strong></span> <span class='ocrx_word' id='word_1_769' title='bbox 2267 5376 2321 5419; x_wconf 91' lang='lat' dir='ltr'><strong>et</strong></span> <span class='ocrx_word' id='word_1_770' title='bbox 2350 5361 2674 5431; x_wconf 81' lang='lat' dir='ltr'><strong>Suidgerum</strong></span> <span class='ocrx_word' id='word_1_771' title='bbox 2704 5365 2774 5433; x_wconf 72' lang='lat' dir='ltr'><strong>in</strong></span> <span class='ocrx_word' id='word_1_772' title='bbox 2828 5361 3141 5433; x_wconf 75' lang='lat' dir='ltr'><strong>llodcepor.,</strong></span> <span class='ocrx_word' id='word_1_773' title='bbox 3199 5361 3292 5415; x_wconf 92' lang='lat' dir='ltr'><strong>lib.</strong></span> <span class='ocrx_word' id='word_1_774' title='bbox 3330 5366 3388 5417; x_wconf 82' lang='lat' dir='ltr'><strong>&#39;tt.</strong></span> <span class='ocrx_word' id='word_1_775' title='bbox 3439 5365 3521 5419; x_wconf 81' lang='lat' dir='ltr'><strong>Ab</strong></span> 
     </span>
    </p>
   </div>
   <div class='ocr_carea' id='block_1_103' title="bbox 1955 5432 3522 5500">
    <p class='ocr_par' dir='ltr' id='par_1_103' title="bbox 1955 5432 3522 5500">
     <span class='ocr_line' id='line_1_103' title="bbox 1955 5432 3522 5500; baseline -0.003 -10"><span class='ocrx_word' id='word_1_776' title='bbox 1955 5438 2143 5490; x_wconf 88' lang='lat' dir='ltr'><strong>eodem</strong></span> <span class='ocrx_word' id='word_1_777' title='bbox 2166 5432 2353 5497; x_wconf 84' lang='lat' dir='ltr'><strong>etiam,</strong></span> <span class='ocrx_word' id='word_1_778' title='bbox 2389 5435 2440 5485; x_wconf 91' lang='lat' dir='ltr'><strong>ui</strong></span> <span class='ocrx_word' id='word_1_779' title='bbox 2478 5434 2654 5494; x_wconf 80' lang='lat' dir='ltr'><strong>fallor,</strong></span> <span class='ocrx_word' id='word_1_780' title='bbox 2703 5432 2947 5484; x_wconf 77' lang='lat' dir='ltr'><strong>lilanuele</strong></span> <span class='ocrx_word' id='word_1_781' title='bbox 2992 5440 3199 5494; x_wconf 87' lang='lat' dir='ltr'><strong>erecta,</strong></span> <span class='ocrx_word' id='word_1_782' title='bbox 3251 5446 3370 5498; x_wconf 66' lang='lat' dir='ltr'><strong>quae</strong></span> <span class='ocrx_word' id='word_1_783' title='bbox 3400 5442 3522 5500; x_wconf 87' lang='lat' dir='ltr'><strong>post</strong></span> 
     </span>
    </p>
   </div>
   <div class='ocr_carea' id='block_1_104' title="bbox 1957 5502 3519 5568">
    <p class='ocr_par' dir='ltr' id='par_1_104' title="bbox 1957 5502 3519 5568">
     <span class='ocr_line' id='line_1_104' title="bbox 1957 5502 3519 5568; baseline -0.003 -9"><span class='ocrx_word' id='word_1_784' title='bbox 1957 5514 2151 5559; x_wconf 69' lang='lat' dir='ltr'><strong>statuae</strong></span> <span class='ocrx_word' id='word_1_785' title='bbox 2180 5502 2646 5557; x_wconf 68' lang='lat' dir='ltr'><strong>Constantiniana:</strong></span> <span class='ocrx_word' id='word_1_786' title='bbox 2706 5515 2893 5554; x_wconf 89' lang='lat' dir='ltr'><strong>casum</strong></span> <span class='ocrx_word' id='word_1_787' title='bbox 2945 5505 3114 5562; x_wconf 86' lang='lat' dir='ltr'><strong>stetit,</strong></span> <span class='ocrx_word' id='word_1_788' title='bbox 3170 5515 3300 5551; x_wconf 79' lang='lat' dir='ltr'><strong>crux</strong></span> <span class='ocrx_word' id='word_1_789' title='bbox 3358 5517 3519 5568; x_wconf 84' lang='lat' dir='ltr'><strong>supra</strong></span> 
     </span>
    </p>
   </div>
   <div class='ocr_carea' id='block_1_105' title="bbox 1954 5569 3518 5642">
    <p class='ocr_par' dir='ltr' id='par_1_105' title="bbox 1954 5569 3518 5642">
     <span class='ocr_line' id='line_1_105' title="bbox 1954 5569 3518 5642; baseline -0.003 -15"><span class='ocrx_word' id='word_1_790' title='bbox 1954 5575 2125 5642; x_wconf 82' lang='lat' dir='ltr'><strong>ipsam</strong></span> <span class='ocrx_word' id='word_1_791' title='bbox 2154 5574 2482 5627; x_wconf 80' lang='lat' dir='ltr'><strong>columnam.</strong></span> <span class='ocrx_word' id='word_1_792' title='bbox 2526 5569 2656 5642; x_wconf 50' lang='lat' dir='ltr'><strong>Vide</strong></span> <span class='ocrx_word' id='word_1_793' title='bbox 2705 5582 2961 5642; x_wconf 65' lang='lat' dir='ltr'><strong>prieterea</strong></span> <span class='ocrx_word' id='word_1_794' title='bbox 3016 5582 3138 5642; x_wconf 60' lang='lat' dir='ltr'><strong>quae</strong></span> <span class='ocrx_word' id='word_1_795' title='bbox 3182 5570 3252 5642; x_wconf 82' lang='lat' dir='ltr'><strong>de</strong></span> <span class='ocrx_word' id='word_1_796' title='bbox 3270 5570 3518 5642; x_wconf 70' lang='lat' dir='ltr'><strong>columna</strong></span> 
     </span>
    </p>
   </div>
   <div class='ocr_carea' id='block_1_106' title="bbox 1953 5636 3519 5711">
    <p class='ocr_par' dir='ltr' id='par_1_106' title="bbox 1953 5636 3519 5711">
     <span class='ocr_line' id='line_1_106' title="bbox 1953 5636 3519 5711; baseline -0.002 -16"><span class='ocrx_word' id='word_1_797' title='bbox 1953 5636 2221 5711; x_wconf 78' lang='lat' dir='ltr'><strong>purpurea</strong></span> <span class='ocrx_word' id='word_1_798' title='bbox 2258 5642 2455 5694; x_wconf 87' lang='lat' dir='ltr'><strong>habent</strong></span> <span class='ocrx_word' id='word_1_799' title='bbox 2512 5636 2743 5711; x_wconf 70' lang='lat' dir='ltr'><strong>Gyllius,</strong></span> <span class='ocrx_word' id='word_1_800' title='bbox 2801 5638 3012 5711; x_wconf 80' lang='lat' dir='ltr'><strong>li_b._l_tt</strong></span> <span class='ocrx_word' id='word_1_801' title='bbox 3071 5636 3333 5711; x_wconf 37' lang='lat' dir='ltr'><strong>Delcript.</strong></span> <span class='ocrx_word' id='word_1_802' title='bbox 3384 5640 3519 5704; x_wconf 81' lang='lat' dir='ltr'><strong>CP,,</strong></span> 
     </span>
    </p>
   </div>
   <div class='ocr_carea' id='block_1_107' title="bbox 1952 5705 3237 5781">
    <p class='ocr_par' dir='ltr' id='par_1_107' title="bbox 1952 5705 3237 5781">
     <span class='ocr_line' id='line_1_107' title="bbox 1952 5705 3237 5781; baseline -0.005 -15"><span class='ocrx_word' id='word_1_803' title='bbox 1952 5705 2074 5781; x_wconf 56' lang='lat' dir='ltr'><strong>cap;</strong></span> <span class='ocrx_word' id='word_1_804' title='bbox 2107 5713 2161 5779; x_wconf 75' lang='lat'><strong>3,</strong></span> <span class='ocrx_word' id='word_1_805' title='bbox 2193 5722 2247 5766; x_wconf 90' lang='lat' dir='ltr'><strong>et</strong></span> <span class='ocrx_word' id='word_1_806' title='bbox 2275 5711 2537 5778; x_wconf 79' lang='lat' dir='ltr'><strong>Augerius</strong></span> <span class='ocrx_word' id='word_1_807' title='bbox 2563 5705 2796 5777; x_wconf 82' lang='lat' dir='ltr'><strong>Busbeg.</strong></span> <span class='ocrx_word' id='word_1_808' title='bbox 2831 5708 2883 5759; x_wconf 93' lang='lat' dir='ltr'><strong>iu</strong></span> <span class='ocrx_word' id='word_1_809' title='bbox 2915 5707 3095 5759; x_wconf 87' lang='lat' dir='ltr'><strong>Itiner.</strong></span> <span class='ocrx_word' id='word_1_810' title='bbox 3123 5705 3237 5760; x_wconf 85' lang='lat' dir='ltr'><strong>Cf‘.</strong></span> 
     </span>
    </p>
   </div>
  </div>
