4040 6280
593 305 663 370 [υ
1749 281 1754 286 ’
1859 293 2084 356 anna:
2119 291 2150 352 c

2244 289 2430 351 dNEN
2442 292 2503 350 ΞΕ

3653 290 3744 351 930

553 419 802 474 eumdem
869 411 1306 483 frequentissime
1355 411 1630 482 gignente.
1703 409 1902 464 Gravia
1984 421 2150 465 sane,

2244 421 2339 458 ,στι
2363 404 2552 457 κακῶν
2585 403 2910 473 στρατηγῶν
2935 400 3044 454 τῶν
3099 399 3441 470 πραγμάτιον
3491 401 3748 469 ἡσυχαζόν-

561 515 720 572 mala,
751 507 832 560 vel
871 508 916 560 si
953 507 1212 558 accedant
1264 503 1492 572 singula.
1559 501 1696 568 Quid
1757 511 1938 555 autem
2001 515 2122 552 cum

561 601 708 654 vario
741 599 900 653 simul
935 599 1152 650 incursu
1187 593 1398 647 anxiam
1435 593 1813 646 distrahebant
1853 593 1904 645 in
1939 601 2124 659 partes

559 691 862 746 contrarias
916 705 1096 741 curam
1145 702 1204 738 ac
1243 685 1617 738 necessitatem
1661 683 1941 738 resisreudi
1969 682 1990 734 ’ἶ
2019 681 2126 736 0c-

559 784 810 837 currebat
841 781 978 833 hosti
1009 779 1072 831 ad
1107 778 1330 830 limitem
1387 779 1664 843 Angustus
1699 793 1710 826 :
1748 776 1879 827 civis
1915 789 1942 826 a
1975 785 2126 840 tergo

559 872 826 927 rebellans
860 871 1188 940 insurgebat.
1229 869 1395 938 358
1440 867 1518 920 Ad
1547 882 1668 920 eum
1714 867 2124 933 Opprimendum

563 967 648 1020 ubi
683 980 746 1019 se
777 975 1035 1027 verterat,
1075 978 1288 1014 rursum
1325 962 1499 1014 omnis
1552 959 1829 1012 barbaries
1875 959 2126 1012 concita-
2161 961 2165 964 ’

560 1059 733 1108 batur.
772 1054 950 1119 Atque
982 1067 1080 1119 ego
1115 1052 1238 1103 dum
1277 1051 1507 1103 indolem
1543 1051 1719 1102 Alexii
1771 1050 1898 1103 dum
1958 1051 2120 1102 vitam

561 1154 765 1217 specto,
803 1145 1091 1216 quominus
1123 1143 1173 1196 in
1208 1143 1568 1210 placidissima
1623 1151 1836 1208 natura,
1893 1156 2131 1196 commo—

562 1240 748 1306 disque
788 1237 1029 1290 [nuribus
1063 1235 1310 1288 odiorum
1365 1249 1558 1288 causas
1610 1234 2003 1295 animadverto,
2065 1246 2128 1285 eo

563 1331 728 1383 miror
765 1328 934 1394 magis
966 1327 1129 1380 tantis
1160 1341 1279 1378 eum
1315 1334 1572 1392 perpetuo
1605 1325 1853 1392 procellis
1884 1332 2130 1376 externa-

565 1431 686 1470 rum
731 1415 1100 1486 .civiliumque
1157 1414 1510 1480 jactationem
1571 1415 1807 1466 exerceri
1865 1414 2125 1480 potuisse.

565 1506 728 1562 Nemo
763 1507 851 1560 illo
883 1506 1112 1571 facilior,
1149 1521 1304 1560 nemo
1333 1505 1672 1572 clementior,
1713 1505 2006 1568 liberalior,
2037 1505 2130 1559 be-

567 1599 900 1664 neﬁcentior,
942 1601 1204 1652 bonormn
1269 1599 1643 1665 honormnque
1694 1598 1891 1665 largior
1922 1611 2127 1652 neruo:

2230 515 2361 560 των,
2394 497 2556 559 αὐτὸς
2583 495 2898 565 ἐξεπίτηδες
2949 491 3290 563 ἀνερεθίζειν
3321 491 3446 552 τοὺς
3507 491 3646 559 πέριξ
3685 495 3748 554 εἰς

2236 589 2494 656 πόλεμον.
2531 587 2737 658 Εἰρήνη
2771 585 2845 654 (8)
2877 585 2972 653 μὲν
3035 584 3146 654 γὰρ
3200 583 3350 643 τέλος
3387 583 3502 632 ἐστὶ
3557 581 3748 648 πολέμου

2233 680 2459 740 παντός.
2497 678 2570 729 Τὸ
2598 677 2644 730 δ’
2678 675 3001 728 ἀνθελέσθαι
3051 677 3138 729 ἀεὶ
3167 672 3392 725 αὐτόθεν
3420 673 3478 724 τὸ
3507 671 3652 724 ἕνεκά
3675 689 3749 722 τον

2233 768 2443 824 καὶτοῦ
2475 767 2685 837 ἀγαθοῦ
2709 769 2896 828 τέλους
2933 767 3022 818 ἀεὶ
3053 765 3302 834 ἀμελεῖν,
3357 764 3510 816 τοῦτο
3553 765 3751 830 ἀνοήτων

2232 864 2347 914 ἐστὶ
2383 859 2709 930 στρατηγῶν
2743 861 2837 911 καὶ
2870 857 3221 927 δημαγωγῶν
3257 855 3349 907 καὶ
3379 853 3587 924 ὖλεθρον
3607 871 3748 918 7:917-

2237 953 2624 1023 ματευομένων
2656 951 2757 1018 τῆς
2791 950 3021 1012 πόλεως.
3065 947 3203 1000 Ἀλλ’
3249 948 3276 998 ὁ
3305 946 3549 1016 βασιλεὺς
3564 942 3754 1006 Ἀλέξιος

2236 1047 2400 1097 τοὺνα
2415 1043 2562 1096 ντίον
2595 1041 2954 1103 ἂπανὲποίει,
2983 1043 3077 1092 καὶ
3107 1040 3202 1091 τοῦ
3235 1037 3530 1107 εἰρηνεύειν
3557 1036 3754 1095 ἐκτόπως

2241 1136 2577 1204 ἐπεμελεῖτο,
2606 1135 2702 1186 καὶ
2735 1131 3074 1200 πανταχόθεν
3113 1135 3352 1200 συνεῖχε,
3411 1131 3502 1181 καὶ
3551 1126 3752 1192 ἀπούσης

2235 1227 2590 1298 ἐπηγρύπνει
2645 1225 2904 1286 πολλάκις
2934 1227 3082 1285 ὅπως
3130 1223 3440 1276 ἐπανέλθοι.
3510 1222 3610 1273 Καὶ
3654 1215 3756 1289 ἦνὸ

2237 1319 2397 1378 αὐτὸς
2429 1319 2572 1372 κατὰ
2629 1317 2790 1384 φύσιν
2835 1318 2934 1385 μὲν
2971 1316 3274 1385 εἰρηνικὸς,
3308 1311 3694 1379 ἀναγκαζόντων
3713 1311 3754 1360 δὲ

2235 1412 2344 1464 τῶν
2409 1409 2752 1480 πραγμάτων
2823 1408 3290 1477 πολεμικώτατος.
3361 1405 3468 1457 Καὶ
3523 1401 3667 1470 ἔγωγ’
3711 1403 3756 1452 ἂν

2239 1503 2406 1573 φαίην
2461 1501 2810 1572 θαρρούντως
2857 1503 2987 1571 περὶ
3057 1499 3151 1552 τοῦ
3221 1497 3414 1566 ἀνδρὸς
3471 1492 3758 1554 summa);

2237 1595 2345 1663 ἄρα
2375 1593 2473 1645 τοῦ
2516 1592 2797 1660 βασιλικοῦ
2829 1591 3205 1662 χαρακτῆρος,
3251 1587 3454 1640 πολλοῦ
3489 1587 3664 1654 χρόνου
3689 1599 3760 1634 κει-

567 1691 701 1742 ratio
733 1689 1066 1756 gubernandi
1106 1687 1561 1750 moderatissima,
1595 1690 1726 1740 nihil
1765 1703 1978 1741 summo
2008 1687 2130 1754 jure

2244 1685 2622 1746 ταλελοιπὸτος
2647 1685 2715 1736 τὰ
2738 1685 2847 1736 τῶν
2885 1683 3174 1750 Ῥωμαίων
3231 1680 3482 1752 βασίλεια
3517 1677 3594 1728 ἐπ’
3622 1672 3754 1729 αἰτοῦ

567 1796 748 1849 agere,
797 1783 1122 1836 descendere
1172 1782 1236 1832 ad
1272 1780 1484 1832 civilem
1536 1779 1950 1842 humanitatem,
2014 1779 2132 1832 solii

2244 1779 2336 1832 καὶ
2399 1779 2563 1847 μόνου
2596 1774 3060 1844 ἐπανεληλυθέναι
3091 1773 3294 1844 τρόπον
3315 1773 3436 1824 τινὰ
3461 1771 3572 1821 τότε
3596 1768 3761 1838 πρὼτιν

559 1882 867 1943 suggestum
901 1873 1163 1927 deducere
1192 1872 1245 1924 in
1270 1872 1508 1940 planum,
1541 1881 1594 1924 et
1628 1885 1746 1923 cum
1776 1870 2005 1924 subditis
2041 1885 2134 1924 ve-

2244 1875 2308 1942 τῇ
2363 1871 2655 1939 Ῥωμαίων
2683 1868 2952 1938 ἡγεμονίᾳ
2989 1863 3442 1935 ἐπιξενουμένου.

561 1966 640 2022 lut
669 1983 736 2022 ex
771 1981 925 2036 atquo
959 1981 1118 2035 agere
1167 1973 1489 2033 potestatem
1561 1979 1623 2018 ac
1699 1965 2041 2034 principatus
2094 1965 2199 2018 vim
2271 1981 2378 2019 non
2431 1964 2722 2032 supercilio
2779 1973 2872 2016 aut
2927 1962 3088 2026 fastu,
3146 1962 3239 2015 scd
3295 1959 3599 2030 dignitatum
3645 1965 3766 2020 :I'Q"e

560 2077 722 2128 opum
777 2060 978 2126 passim
1038 2061 1089 2111 in
1139 2073 1327 2114 omnes
1365 2057 1684 2126 spargendis
1737 2059 2113 2126 largitionibus
2155 2073 2436 2126 usurpare.
2473 2057 2908 2124 ldemprteterea
2938 2071 3096 2124 quam
3123 2053 3280 2106 furtis
3339 2066 3404 2104 ac
3469 2048 3648 2103 bellica:
3697 2065 3768 2114 ιιι·-

565 2153 702 2203 ritus
735 2150 832 2214 rei,
872 2159 978 2200 tam
1005 2147 1264 2202 bellorqu
1321 2165 1566 2216 perosus,
1625 2149 1899 2204 studiosus
1955 2148 2123 2216 pacis,
2202 2148 2546 2217 prudentiam
2611 2149 2664 2200 in
2727 2147 2776 2199 id
2815 2147 3092 2200 intendere
3123 2155 3286 2199 totam
3323 2143 3511 2198 solitus
3535 2139 3687 2196 necui
3713 2138 3766 2191 il-

561 2247 670 2302 lam
701 2243 782 2295 vel
810 2221 1031 2297 esterno
1068 2241 1148 2296 vel
1178 2243 1281 2296 civi
1320 2243 1470 2296 daret
1495 2244 1839 2298 occasionem
1871 2257 1899 2293 a
1931 2255 1990 2296 se
2021 2241 2342 2295 dissidendi.
2378 2239 2520 2306 Quin
2591 2241 2754 2294 etiam
2824 2255 2944 2293 cum
3023 2240 3164 2293 ultro
3214 2239 3571 2307 impetebalur
3627 2249 3729 2285 nere
3753 2258 3772 2268 -

561 2338 765 2389 sarium
824 2347 1075 2390 conatum
1135 2336 1502 2404 repugnandi,
1556 2337 1670 2389 fere
1725 2337 1862 2389 intra
1927 2337 2087 2390 unius
2165 2335 2503 2391 defensionis
2559 2335 2718 2400 justas
2783 2335 3202 2388 moderationem
3270 2333 3606 2403 reprimebat,
3649 2342 3771 2396 atq:-

567 2429 817 2484 iufestam
848 2429 1104 2498 repulissu:
1131 2431 1233 2482 vim
1260 2439 1566 2494 contentus,
1591 2445 1851 2498 reponere
1885 2429 2138 2496 iujnriam
2170 2431 2332 2485 etiam
2367 2431 2420 2484 in
2455 2431 2742 2484 occasione
2779 2429 3130 2498 temperabat.
3171 2427 3312 2482 Sunt
3403 2425 3649 2495 principes
3706 2441 3728 2488 Ii
3761 2423 3772 2472 i

563 2535 788 2576 vensum
815 2536 878 2575 ac
910 2521 1225 2588 sanguinem
1260 2521 1454 2575 civium
1483 2523 1824 2589 hostiumque
1849 2522 2130 2575 ambitioni
2175 2521 2410 2591 νιοβε-ἰαὶ
2441 2534 2525 2574 aut
2559 2521 2784 2588 quaestui
2823 2531 2968 2574 recte
3022 2521 3256 2589 impendi
3313 2528 3528 2594 putent;
3599 2529 3644 2570 et
3695 2531 3772 2582 qui

571 2611 654 2664 cel
683 2610 860 2662 aliena
891 2610 1286 2677 deprazdentur,
1343 2611 1424 2663 vel
1479 2626 1729 2679 magnum
1783 2611 1885 2664 sibi
1945 2627 2140 2665 nomen
2211 2614 2417 2666 acrium
2473 2611 2794 2668 bellatorum
2851 2611 3078 2674 faciant,
3171 2613 3308 2664 tanti
3359 2622 3546 2682 putent
3598 2609 3775 2661 tltiSt‘t'tt’

577 2719 740 2771 genus
773 2705 1063 2756 humanum
1104 2715 1154 2757 et
1180 2705 1432 2758 aerumnis
1461 2721 1524 2758 ac
1549 2706 1791 2759 cladibus
1819 2707 2005 2760 orbem
2039 2707 2333 2762 involvere.
2413 2705 2528 2760 Non
2593 2722 2656 2760 ea
2727 2719 2876 2760 secta
2945 2706 3115 2773 patris
3199 2707 3308 2758 mei
3373 2704 3494 2758 fuit.
3557 2698 3776 2754 Beliisiile

578 2795 822 2864 gerendis
850 2796 982 2849 nihil
1015 2811 1246 2864 unquam
1279 2799 1420 2851 aliud
1477 2799 1808 2866 propositum
1847 2801 1947 2853 sibi
1977 2815 2135 2868 quam
2180 2817 2365 2870 pacem
2400 2801 2608 2854 habuit.
2643 2801 2770 2854 Eam
2809 2809 3002 2854 nactus
3033 2799 3176 2854 domi
3255 2800 3477 2866 quietus
3555 2792 3776 2864 perstitig

579 2895 627 2938 et
655 2885 926 2940 amicitias
949 2901 1068 2939 cum
1113 2887 1302 2940 vicinis
1364 2891 1612 2954 gentibus
1678 2892 1921 2944 sancitas
1979 2893 2230 2963 religiosa
2270 2909 2483 2962 semper
2512 2895 2615 2947 lide
2645 2894 2832 2959 coluit,
2865 2892 3230 2946 abundantem
3261 2907 3484 2960 quoque
3514 2888 3780 2942 solliciluui'

580 2973 696 3032 nem
723 2981 773 3032 iu
807 2981 858 3034 id
899 2983 1213 3050 impendens
1245 2994 1301 3034 ut
1327 2985 1404 3035 vel
1440 2984 1670 3039 morosis
1695 2995 1747 3037 et
1773 2985 2127 3040 irritabilibus
2161 2987 2526 3042 satisfaceret.
2572 2987 2842 3052 Quorsum
2874 2988 3017 3040 enim
3067 2987 3228 3038 tinem
3261 3001 3330 3040 ac
3401 2999 3614 3053 scopmu
3685 2978 3779 3030 [ωλι

580 3085 860 3126 assecutus
897 3089 1108 3143 parem,
1147 3092 1206 3129 ea
1237 3078 1302 3129 de
1323 3079 1608 3146 complexu
1660 3079 1866 3148 alijecta
1899 3081 2042 3133 ultro
2111 3083 2178 3134 ad
2247 3097 2397 3134 arma
2443 3081 2736 3150 prosilias?
2768 3079 2896 3145 Qua:
2931 3077 3398 3134 inconsultissima
3456 3089 3509 3129 et
3561 3073 3700 3127 rebus
3742 3069 3780 3118 in

582 3166 763 3234 primis
797 3167 1094 3234 perniciosa
1123 3169 1350 3236 publicis
1374 3172 1726 3238 quorumdam
1761 3173 2140 3241 imperantium
2183 3175 2322 3226 ratio
2358 3184 2461 3226 est.
2505 3173 2620 3226 Non
2650 3173 2728 3224 sic
2757 3173 2980 3225 Alexius
3027 3171 3171 3239 pacis
3213 3180 3450 3234 amator,
3521 3165 3654 3237 pacis
3711 3179 3758 3212 HI

581 3260 756 3327 pidus,
808 3259 958 3328 pacis
995 3273 1217 3314 curator
1257 3263 1468 3328 unicus,
1503 3265 1658 3333 cujus
1692 3273 1747 3318 et
1787 3280 1906 3320 cum
1958 3267 2146 3320 aberat
2181 3269 2506 3335 quaerendae,
2568 3279 2624 3323 et
2662 3283 2784 3321 cum
2813 3269 3001 3322 aderat
3033 3265 3273 3320 colendae
3339 3265 3534 3318 nullam
3593 3274 3790 3321 unquam.

583 3368 760 3406 euram
799 3355 996 3405 nullttm
1030 3352 1259 3406 ollicmm
1295 3355 1479 3408 omisit
1513 3373 1526 3408 :
1559 3372 1654 3409 usu
1703 3357 1922 3425 quidem
1966 3369 2018 3412 el
2091 3373 2269 3411 rerum
2337 3374 2400 3414 ac
2470 3361 2836 3428 periculorum
2897 3359 3224 3412 necessitate
3297 3353 3734 3411 bellicosissimus,
3763 3359 3783 3394 τι

584 3453 771 3495 natura
813 3453 865 3496 et
898 3453 1175 3495 vo.uutate
1208 3444 1612 3512 pacatissimns.
1705 3445 1882 3510 Quare
1931 3448 2182 3515 equidem
2266 3448 2408 3503 haud
2467 3451 2741 3506 allirmare
2793 3449 3152 3504 dubitaverim
3230 3446 3707 3514 prastantissimuui
3745 3453 3786 3490 ιι

585 3534 984 3588 character-ibus
1014 3533 1128 3600 ejus
1160 3535 1331 3586 laudis
1354 3550 1667 3602 expressum
1702 3539 1953 3591 oumibus
1979 3539 2340 3606 imperatoriae
2377 3556 2626 3610 personae
2659 3541 2929 3608 specimen
2964 3543 3019 3594 in
3091 3539 3196 3594 hoc
3263 3540 3483 3592 tandem
3542 3537 3646 3589 viro
3693 3537 3784 3600 ροιι

585 3625 920 3679 intervallum
953 3635 1193 3678 totn-tru
1222 3640 1485 3678 annorum
1549 3630 1866 3694 apparuisse
1935 3631 2247 3699 reipublicae
2285 3633 2578 3688 Romana:
2613 3633 2722 3688 imo
2755 3648 2860 3687 non
2903 3647 2970 3686 ex
3021 3633 3182 3698 longo
3235 3635 3524 3702 repetitum
3573 3639 3781 3693 tempori.

587 3719 674 3770 sed
700 3717 856 3785 plane
889 3729 996 3768 tum
1038 3717 1289 3785 primum,
1329 3731 1450 3770 cum
1492 3733 1703 3772 senmer
1739 3731 1899 3773 antea
1966 3723 2147 3776 nescio
2185 3739 2319 3780 sane
2345 3741 2452 3794 quo
2483 3725 2598 3780 fato
2627 3738 2804 3793 quove
2847 3731 3026 3793 pacto,
3050 3724 3117 3778 ab
3141 3722 3377 3778 Romani
3434 3723 3560 3779 solio
3619 3708 3781 3786 imperti

587 3812 864 3867 abfuisset.

663 3902 1067 3969 Verumtamen,
1119 3914 1177 3956 ut
1211 3903 1276 3956 ad
1311 3903 1500 3958 turbas
1540 3905 1604 3958 de
1649 3906 1842 3974 quibus
1894 3923 2146 3975 ceperam
2185 3913 2228 3972 C

588 4013 750 4062 agere
798 4008 1059 4058 revertar,
1107 3996 1522 4064 haudquaquam
1576 3997 1666 4052 ille
1729 3999 1811 4051 vir
1864 4001 2155 4068 quantavis

595 4104 776 4144 Icarum
827 4097 916 4140 aut
950 4089 1206 4140 varietate
1241 4097 1334 4141 aut
1363 4088 1708 4142 multitudine
1749 4091 2028 4156 perculsus
2061 4093 2155 4144 de-

594 4181 804 4249 Spondit
837 4196 1072 4250 unquam
1125 4179 1386 4244 animum,
1445 4179 1836 4235 industriamve
1883 4191 1976 4234 aut
2025 4197 2156 4236 con-

593 4282 884 4325 tentionem
914 4271 1142 4331 remisit,
1168 4271 1308 4323 velut
1338 4270 1490 4324 malis
1519 4271 1716 4324 victam
1746 4287 1763 4337 ;
1796 4281 1850 4323 at
1877 4272 2155 4326 robustum

595 4377 806 4427 semper
839 4372 999 4429 atque
1039 4361 1359 4414 indomitum
1407 4361 1650 4416 adversis
1696 4363 2050 4431 undecunque
2078 4363 2161 4415 in-

597 4452 910 4520 gruentibus
949 4459 1132 4517 pectus
1163 4451 1430 4519 opposuit,
1468 4461 1806 4521 mentemque
1837 4452 1950 4505 acri
1982 4452 2163 4521 vigilia

596 4549 974 4608 experrectum
1027 4541 1185 4592 ca'cis
1217 4549 1273 4592 et
1305 4543 1603 4596 tenebrosis
1666 4541 2159 4596 machinatimiibus

600 4631 846 4684 adhibuit
878 4631 1153 4684 dominum
1186 4632 1552 4697 improborum
1593 4648 1697 4686 :eo
1754 4634 1971 4700 quidem
2036 4649 2162 4685 suc-

601 4737 778 4783 cessu,
801 4731 857 4773 ut
888 4737 994 4773 non
1023 4723 1178 4775 inodo
1209 4721 1357 4774 nullo
1389 4737 1625 4790 unquam
1671 4721 2035 4778 Barbarorum
2070 4739 2163 4777 ex-

604 4825 756 4868 terno
789 4814 1010 4882 impetu,
1035 4813 1178 4866 nulla
1205 4825 1554 4883 tyrannorum
1590 4816 1733 4869 intus
1761 4817 2165 4884 exsurgendum

604 4906 860 4961 intestina
899 4905 1247 4960 succussione
1274 4916 1582 4974 prostratus
1615 4909 1704 4972 sit,
1761 4922 1954 4960 verum
2001 4907 2163 4960 etiam

2341 3909 2483 3963 Ἀλλ’
2515 3911 2654 3979 ὅπερ
2685 3909 2873 3978 ελεγον
2905 3907 2998 3960 τοῦ
3050 3906 3210 3976 λόγου
3249 3908 3534 3978 ἀρχομενη
3564 3905 3639 3956 ὅτι
3685 3899 3784 3952 θαι·

2261 4001 2453 4070 μάζειν
2517 4000 2628 4072 ἔχω
2686 4001 2787 4069 τὴν
2840 4003 3113 4068 τοσαύτην
3175 3999 3290 4051 τῶν
3349 3998 3670 4070 πραγμάτων
3701 3992 3782 4040 τῶι

2259 4096 2575 4163 πολεμικῶν
2609 4094 2885 4162 ἐπίχυσιν·
2921 4094 2990 4146 τά
3017 4109 3076 4144 τε
3113 4093 3221 4160 γὰρ
3255 4093 3364 4157 ἔξω
3395 4094 3482 4143 καὶ
3521 4091 3585 4142 τὰ
3617 4080 3784 4138 Evam“

2261 4188 2439 4238 πάντα
2468 4182 2535 4256 ἦν
2574 4186 2703 4237 ἰδεῖν
2727 4185 3105 4253 κυμαινόμενα
3134 4183 3500 4252 πανταχόθεν.
3544 4178 3667 4232 Ἀλλ’
3693 4177 3715 4226 ὀ
3739 4188 3784 4236 τε

2263 4278 2518 4350 βασιλεὺς
2584 4277 2820 4342 Ἀλέξιος
2869 4279 2962 4328 καὶ
2989 4276 3056 4328 τὰ
3116 4276 3300 4344 ἀφανῆ
3351 4275 3462 4325 τῶν
3507 4269 3693 4340 ἐχθρῶν
3715 4261 3784 4314 καὶ

2262 4367 2470 4437 κρύφια
2501 4368 2592 4417 καὶ
2627 4365 2999 4436 προῃσθάνετό
3023 4381 3082 4416 τε
3127 4366 3222 4416 καὶ
3263 4363 3615 4419 παντοδαποῖς
3651 4369 3764 4422 μηχε

2264 4462 2474 4528 νήμασι
2504 4459 2691 4530 πόρρω
2718 4460 2814 4520 τὰς
2855 4457 3057 4524 βλάϐας
3091 4457 3402 4524 ἀπήλαυνε,
3437 4453 3529 4506 καὶ
3557 4449 3671 4516 πρὸς
3690 4441 3782 4496 τοδῖ

2265 4545 2478 4602 ἔνδοθεν
2517 4550 2816 4620 τυράννους
2848 4549 2941 4598 καὶ
2983 4547 3117 4616 πρὸς
3151 4547 3278 4606 τοὺς
3302 4545 3502 4609 ἔξωθεν
3527 4537 3785 4607 Βκρσάρεις

2272 4640 2781 4708 ἀνταγωνιζόμενος
2835 4639 2922 4690 ἀεὶ
2958 4637 3292 4706 προφθάνων
3367 4635 3582 4700 ὀξύτητι
3623 4624 3697 4677 νοῦ
3717 4633 3783 4676 τις

2271 4735 2379 4781 τῶν
2411 4729 2872 4782 ἐπιϐουλευόντων
2933 4726 3224 4788 επιϐουλὰς
3279 4725 3377 4779 καὶ
3405 4723 3696 4779 ἀναχόπτωι
3717 4724 3785 4766 τλς

2273 4817 2478 4870 τούτων
2536 4817 2732 4886 ὁρμάς.
2800 4817 2909 4869 Καὶ
2969 4815 3146 4883 ἔγωγε
3189 4815 3523 4885 στοχάζομαι
3577 4807 3670 4862 ἀπὶ
3706 4800 3781 4852 τὼ)

2275 4905 2620 4974 πραγμάτων
2664 4903 2844 4958 αὐτῶν
2901 4905 3001 4974 τὴν
3053 4903 3224 4975 τύχην
3279 4905 3386 4975 τῆς
3436 4897 3688 4973 βασιλείας
3727 4891 3785 4942 in

1649 5019 1847 5080 Variae
1882 5018 2187 5080 lectiones
2219 5033 2296 5078 ex
2321 5019 2467 5079 cod.
2503 5017 2769 5080 Coislin.

679 5119 726 5150 u
762 5137 790 5170 τ
797 5117 857 5172 ἄν
863 5118 969 5172 δον.

1672 5229 1805 5290 Car.
1855 5228 2172 5290 Dufresnii
2208 5229 2301 5288 Du
2329 5227 2550 5307 Cangii
2583 5237 2775 5290 notia.

684 5347 754 5427 (8)
789 5355 1030 5422 Εἰρήνη.
1061 5353 1272 5420 V--get..
1317 5353 1428 5427 iiii.
1483 5369 1588 5427 m,__
1613 5370 1736 5427 cap.
1785 5357 1810 5427 ἢ
1845 5371 1859 5407 :
1895 5353 1999 5427 Qui
2032 5353 2175 5427 τιθεὶς

609 5422 761 5482 derat
793 5442 989 5494 pucgm,
1017 5437 1272 5492 μῆτραι-ιιι
1311 5423 1518 5494 bellum.
1550 5423 1880 5494 'l'hemistius
1905 5423 2057 5476 Orat.
2102 5422 2170 5474 10

615 5491 851 5563 πολέμου
891 5491 1072 5556 ἆθλον,
1115 5495 1324 5562 εἰρήνη.
1363 5491 1498 5545 “lth
1533 5493 1765 5545 nummis
1808 5495 2174 5563 Augustorum

615 5581 717 5617 non
749 5562 914 5618 Seincl
957 5565 1297 5628 inscripluttt,
1361 5577 1520 5614 uan'rt
1579 5577 1854 5624 PACIFERO,
1907 5572 1960 5613 et
1986 5562 2176 5614 Crom-

614 5635 754 5686 vvelli
783 5633 985 5702 Anglici
1013 5635 1244 5702 tyranni,
1281 5647 1376 5684 ru
1406 5645 1692 5696 QUA‘ZRITUR
1722 5647 1910 5687 nemo.
1934 5630 2178 5685 Pruden-

618 5704 722 5756 tius
755 5705 803 5754 in
841 5701 1248 5770 Ρδῃείιυίιιιιιινιὲα
1280 5717 1298 5751 .’

2353 5351 2472 5404 Pax
2501 5351 2620 5404 belli
2651 5351 2823 5403 exacti
2843 5353 3064 5417 pretium
3091 5361 3186 5406 ert.
3220 5351 3539 5418 pretiumque
3563 5339 3729 5413 pericli.
3755 5401 3764 5418 f

2281 5434 2502 5476 sanctus
2557 5423 2910 5488 Augustinum,
2967 5421 3126 5487 epist.
3167 5419 3310 5474 205:
3363 5417 3480 5472 Non
3515 5429 3608 5486 pud:
3639 5417 3784 5488 4M":

2285 5503 2394 5554 tur,
2433 5505 2484 5541 tu
2521 5484 2708 5542 bellum
2753 5484 3048 5542 excitetur:
3082 5491 3169 5542 θεά
3206 5490 3398 5542 bellum
3426 5484 3624 5556 geritur.
3645 5491 3688 5530 ιιι
3709 5484 3785 5541 1³³³⁵

2283 5562 2613 5630 (requiratur.
2679 5557 2958 5624 Thuanus,
3005 5560 3079 5612 ιιι»
3135 5575 3192 5612 ttt
3235 5558 3314 5611 Dc
3356 5555 3436 5611 rei
3465 5555 3778 5622 accipitrando

2359 5651 2547 5704 Martis
2578 5666 2706 5720 opus
2727 5665 2832 5719 pax
2866 5651 3030 5717 alma,
3064 5649 3155 5703 tibi
3180 5665 3286 5718 pax
3313 5649 3559 5718 qmeritur
3583 5637 3728 5696 aratis.
