4040 6280
551 307 657 370 903

1869 294 2098 357 ΑΝΝᾸΞ
2121 292 2508 354 ΟΟΜΝΕΝΆΕ
3665 287 3758 353 9ξᾷ

546 417 783 474 hominis
817 417 880 470 ad
917 415 1184 484 propriam
1237 411 1581 466 ambitionem
1637 407 1770 462 scite
1817 406 2116 460 abuteban-

2230 420 2310 465 τος
2337 401 2382 433 ⁶⁰
2415 400 2693 468 ὑπότυφον
2732 397 2852 451 ὅλον
2911 398 3126 457 ἑαυτοῖς
3161 394 3418 448 τιθασσὸν
3449 395 3758 464 ἐποιήσαντο,

549 519 659 570 tur,
691 511 817 562 dum
855 515 1079 560 ventoso
1109 503 1286 573 capite
1320 503 1521 571 spebus
1565 499 1816 553 inanibus
1865 495 2120 550 luctando

549 599 1005 666 demulcentloque
1041 611 1230 648 venam
1279 609 1490 662 semper
1525 592 1758 660 aliquam
1811 590 1911 643 rivi
1965 587 2112 640 aurei

549 693 858 762 vegetandae
891 690 1122 744 sementi
1149 688 1377 758 propriae
1413 685 1870 754 pcrneccssariam
1905 697 1966 736 ex
2001 681 2116 746 ejus

550 787 789 840 fontibus
851 785 1159 838 trahebant.
1215 779 1368 846 Quod
1417 779 1502 832 ille
1545 793 1666 832 cum
1714 791 1822 842 prie
1873 775 2119 826 vecordia

549 879 772 934 minimc
801 877 1046 936 sentiret,
1072 881 1212 928 totus
1243 880 1360 925 erat
1392 871 1444 923 in
1475 877 1739 938 potestate
1771 865 1998 918 fratrum
2029 880 2043 916 :
2071 873 2122 915 rt

551 971 617 1022 iis
645 983 672 1020 a
707 968 902 1035 quibus
935 968 1070 1020 t-lam
1107 964 1437 1017 irridebatur
1490 962 1603 1028 ipse
1633 959 1796 1029 360
1829 973 2012 1010 verum
2053 972 2118 1008 rx

549 1062 726 1115 animo
761 1075 996 1112 antorem
1038 1057 1307 1124 fidemque
1359 1054 1656 1108 tribuebat.
1694 1053 1767 1105 llli
1802 1060 1994 1104 contra
2031 1065 2119 1100 ra-

551 1154 726 1209 tiones
793 1151 1160 1206 subdueebaut
1231 1164 1385 1212 suas,
1439 1157 1496 1200 ut
1555 1147 1596 1200 si
1642 1145 1856 1214 quidem
1911 1143 2120 1194 fortuna

553 1253 834 1300 uterentur
867 1245 1172 1301 commoda,
1203 1247 1256 1293 et
1287 1239 1456 1307 ceptis
1489 1247 1714 1291 eventus
1741 1235 2116 1300 I‘CSDOHtlL'I‘L'l,

551 1345 759 1386 certum
798 1331 936 1397 apud
967 1345 1026 1382 se
1059 1329 1337 1388 haberent,
1389 1327 1573 1380 cubito
1601 1325 1890 1392 itnpulsunt
1929 1324 2118 1375 inven-

552 1433 634 1476 tos
669 1425 905 1492 atquein
939 1423 1133 1475 fluetus
1189 1419 1390 1474 dililare
1432 1418 1801 1472 Salomonem.
1859 1417 2122 1484 impntato

552 1517 604 1567 itt
631 1515 863 1582 pretium
893 1514 1092 1565 favoris
1121 1513 1466 1580 pecunimque
1498 1511 1736 1578 praebita:
1771 1507 1920 1561 brevi
1983 1505 2124 1558 sola-

554 1608 630 1660 tio
659 1607 959 1660 ambitiosze
987 1605 1122 1672 spei,
1166 1604 1481 1671 somnioque
1507 1602 1598 1654 illo
1627 1601 1983 1668 principatus,
2016 1612 2120 1664 quo

553 1713 674 1751 eum
717 1697 912 1766 exiguo
958 1705 1198 1764 tempore
1249 1695 1574 1748 delinierant
1607 1709 1622 1746 :
1660 1691 1762 1746 sibi
1806 1707 1934 1744 vero
1993 1690 2120 1757 ipsis

2222 493 2452 564 γνώμης
2477 493 2736 562 τοιαύτης
2763 491 2979 560 ἔχοντες
3013 491 3088 552 ὡς
3125 491 3174 542 εί
3208 487 3362 540 εῡοδα
3387 487 3656 558 πράξαιεν,
3685 487 3762 539 καὶ

2223 589 2256 657 ή
2279 586 2414 655 τύχη
2449 585 2634 644 αὐτοῖς
2663 583 3016 649 εὖνούστερῦν
3054 598 3168 642 πως
3191 579 3532 636 ὲνατενέσειε,
3555 577 3637 629 τὸν
3663 579 3760 646 μὲν,

2223 677 2748 745 παραγκωνίσαιντο
2814 675 3046 742 ἀφέντες
3105 673 3318 742 χαίρειν
3381 672 3470 722 ἐπὶ
3504 671 3761 736 πελάγους,

2223 774 2379 825 αὐτοὶ
2401 771 2458 824 δὲ
2473 770 2581 822 τῶν
2607 769 2908 839 σκήπτρων
2930 766 3242 831 άνθέξοιντο
3277 764 3478 834 μικράν
3507 763 3763 827 τιναὸὶξαν

2225 867 2317 918 καὶ
2351 863 2644 934 εὐετηρίαν
2708 861 2860 931 αὐτῷ
2917 861 3346 928 ἀπονείμαντες.
3411 857 3473 910 οἱ
3528 858 3764 926 μέντοιγε

2225 959 2364 1027 πρὸς
2383 959 2592 1009 ἐκεῖνον
2614 955 2766 1021 λόγοι
2801 957 2898 1019 τῆς
2930 952 3224 1020 ἐπιϐουλῆς
3247 952 3307 1002 οὐ
3329 951 3488 1018 φόνον
3517 949 3602 1002 τοῦ
3631 950 3764 1002 αὐτοι

2228 1051 2500 1119 κράτορος
2534 1045 2956 1116 ἐπηγγέλλοντο,
2979 1043 3099 1096 οὐδὲ
3127 1043 3450 1112 ξιφουλκίας
3478 1043 3762 1112 ἐμέμνηντ’),

2223 1141 2284 1194 οὗ
2317 1141 2524 1210 μάχης,
2556 1139 2678 1192 οὐδὲ
2705 1138 2978 1208 πολέμων,
3011 1139 3099 1191 ἵνα
3149 1137 3221 1208 μὴ
3245 1136 3670 1204 καταπτοήσαιεν
3691 1133 3763 1184 τὸν

2226 1233 2394 1304 ἄνδρα
2427 1234 2595 1286 πάλαι
2633 1231 2821 1284 τοῦτον
2841 1231 3044 1293 ειδότες
3069 1231 3207 1300 πρὸς
3229 1228 3378 1282 ἅπαν
3406 1223 3540 1288 εἶδος
3562 1225 3764 1294 πολέμου

2227 1326 2557 1379 δειλότατον.
2603 1323 2805 1376 Τοῦτον
2855 1324 3040 1376 τοίνυν
3069 1323 3158 1374 τὸν
3185 1321 3508 1391 Σολομῶντα
3535 1319 3698 1386 ὥσπερ
3716 1319 3763 1383 δὴ

2227 1417 2658 1488 κορυφαιότατον
2675 1417 2782 1468 τῶν
2804 1415 2978 1469 ἄλλων
2996 1415 3447 1483 ὲνηγκαλίσαντο.
3469 1411 3750 1482 Συνυπῆχῦη

2229 1529 2330 1564 σαν
2357 1511 2414 1563 δὲ
2435 1515 2499 1582 τῇ
2523 1512 2728 1564 τούτων
2757 1509 2916 1580 βουλῇ
2941 1511 3034 1561 καὶ
3052 1512 3077 1560 ὁ
3093 1507 3337 1576 Σκληρδς
3372 1508 3610 1574 κα“ιότὴν
3631 1508 3768 1572 ἐπαρ-

2227 1605 2351 1672 χίαν
2373 1603 2448 1672 τῷ
2467 1603 2588 1655 τότε
2615 1603 2712 1670 τῆς
2734 1602 3146 1654 Κωνσταντίνου
3165 1598 3440 1667 διηνυκὼς
3461 1597 3628 1666 Ξηρὸς
3655 1597 3765 1662 (ιο).

2244 1692 2302 1745 Ὀ
2337 1694 2518 1760 μέντοι
2541 1691 2792 1760 Σολομῶν
2823 1690 3161 1757 κουφοτέρας
3183 1687 3257 1740 ὣν
3289 1687 3536 1756 γνώμης,
3559 1685 3768 1750 καθάπερ

552 1794 868 1854 potestatem
902 1799 1211 1853 supremam
1259 1795 1310 1837 et
1347 1784 1558 1850 imperii
1615 1795 1831 1851 Sceptra
1865 1781 2120 1833 retinere.

2230 1783 2440 1836 ἄνωθεν
2467 1782 2706 1851 εἴρηται,
2729 1783 2823 1834 καὶ
2857 1781 3024 1850 μηδὲν
3057 1781 3161 1832 τῶν
3197 1779 3354 1848 παρὰ
3385 1777 3478 1831 τοῦ
3519 1773 3767 1840 Ἐξαζηνοῦ

549 1877 718 1932 Porro
751 1878 828 1930 sic
860 1879 1090 1944 agebant
1137 1889 1258 1928 cuzn
1319 1877 1538 1928 homine
1591 1875 1786 1943 ignavo
1823 1881 1876 1926 et
1915 1871 1977 1924 ad
2009 1872 2124 1940 pri-

554 1982 698 2021 mam
742 1968 911 2034 ipsam
941 1966 1062 2020 belli
1095 1979 1391 2035 pugnmque
1441 1965 1842 2019 cohorrescenti
1899 1963 2128 2018 mentio-

551 2070 700 2118 nem,
731 2063 790 2107 ut
817 2055 881 2108 de
901 2055 1136 2124 cogitato
1168 2054 1452 2123 parricidio
1485 2063 1726 2108 tacerent
1746 2053 1884 2120 apud
1916 2054 2126 2122 ipsum;

555 2161 721 2217 seque
758 2161 869 2200 rem
900 2155 1064 2200 lotam
1097 2147 1169 2199 ita
1207 2147 1509 2214 gubernare
1556 2147 1848 2215 fingerent,
1903 2158 1956 2198 ut
2011 2146 2128 2199 sine

559 2239 615 2292 vi
645 2237 773 2303 ulla,
802 2239 920 2292 sine
971 2237 1152 2304 gladio
1184 2253 1246 2290 ac
1291 2239 1570 2306 sanguine,
1613 2236 1915 2291 confecturi
1964 2251 2128 2306 ntgo-

555 2329 688 2383 tium
717 2339 919 2383 essent.
957 2330 1051 2384 His
1083 2329 1368 2383 fraudibus
1401 2329 1627 2398 pelleeto
1659 2329 1933 2384 Salomoni
1965 2340 2132 2382 utca-

557 2431 652 2491 put
681 2421 1072 2490 coniurationis
1105 2422 1292 2475 haberi
1325 2421 1618 2475 sustineret
1661 2421 1796 2474 duos
1838 2436 1902 2474 ex
1939 2421 2128 2474 eodem

560 2524 817 2584 praeterea
863 2516 1055 2568 ordine
1084 2513 1260 2568 socios
1292 2515 1605 2586 adjungttnl,
1651 2514 1918 2567 similibus
1957 2515 2021 2566 ad
2074 2513 2126 2565 id

557 2604 766 2657 artibus
811 2605 1064 2658 inductos
1097 2603 1341 2658 Sclerunt
1393 2608 1506 2660 sive
1549 2605 1773 2668 Durum,
1829 2617 1882 2658 et
1927 2603 2127 2657 Xerum

557 2695 712 2762 quasi
738 2694 940 2746 siccum
975 2697 1122 2748 dicas
1169 2697 1240 2750 ita
1269 2709 1517 2750 vocatum
1555 2699 1824 2751 hominem
1859 2697 1950 2764 qui
1994 2712 2131 2763 pnu-

558 2782 768 2840 fectura
814 2785 964 2840 urbis
999 2786 1608 2854 Constantinopolitanzn
1665 2789 1879 2840 functus
1931 2787 2129 2841 fuerat.

561 2875 826 2928 Caeterum
853 2873 1106 2929 Salomon
1140 2877 1381 2930 munium
1413 2879 1626 2947 ignarus
1648 2893 1764 2946 quae
1789 2881 1854 2932 ab
1879 2879 2131 2932 Exazcno

561 2973 616 3018 et
653 2964 873 3034 Hyelea,
908 2967 1143 3034 ipsisque
1167 2969 1460 3022 Auetuadis
1485 2969 1834 3036 parabantur,
1863 2983 1978 3022 rem
2025 2969 2128 3022 sibi

2231 1877 2324 1928 καὶ
2355 1875 2449 1927 τοῦ
2505 1873 2702 1926 ’Υελὲα
2735 1875 2828 1926 καὶ
2873 1873 3054 1925 αὐτῶν
3085 1871 3150 1942 δὴ
3177 1871 3286 1922 τῶν
3331 1869 3627 1939 Ἀνεμάδων
3641 1865 3768 1937 μελε·

2229 1963 2494 2034 τωμένων
2527 1965 2732 2028 συνεὶς,
2761 1965 2822 2016 ὲν
2853 1963 3047 2032 χερσὶν
3073 1963 3174 2032 ⁸ἢδη
3204 1961 3308 2033 τὴν
3347 1961 3618 2030 βασιλείαν
3657 1957 3768 2009 Ῥω·

2235 2058 2410 2127 μαίων
2463 2057 2720 2126 κατέχειν
2789 2055 3061 2124 οἰόμενος,
3127 2055 3472 2125 προσωμίλει
3529 2053 3649 2114 τισὶ,
3697 2049 3770 2102 καὶ

2231 2151 2550 2203 ὑπεποιεῖτο
2585 2149 2918 2217 ὑποσχέσεσι
2951 2147 3170 2217 δωρεῶν
3205 2149 3302 2199 καὶ
3341 2147 3650 2213 ἀξιωμάτων
3673 2140 3772 2194 τοί-

2229 2257 2356 2304 τους
2411 2239 2784 2307 ὑπαγόμενος.
2833 2239 3104 2304 Φοιτὴσας
3133 2237 3188 2289 δὲ
3223 2237 3368 2308 πρὸς
3429 2237 3585 2290 αὐτὴν
3628 2237 3652 2286 ό
3693 2229 3766 2285 τοῦ

2231 2333 2508 2402 δράματος
2562 2331 2865 2400 κορυφαῖος
2902 2327 3122 2398 Μιχαὴλ
3152 2331 3179 2380 ὁ
3235 2329 3500 2398 Ἀνεμᾶς,
3553 2326 3637 2380 καὶ
3665 2324 3766 2377 θεα-

2237 2425 2476 2492 σάμενος
2530 2421 2828 2492 ὁμιλοῦντα
2884 2437 3015 2484 τινι,
3063 2421 3402 2474 ἐπυνθάνετο
3450 2422 3500 2472 τί
3543 2421 3604 2472 ἂν
3631 2419 3700 2488 είη
3725 2417 3770 2470 τδ

2229 2513 2618 2583 λεγόμενον.⁰0
2649 2513 2706 2564 δὲ
2733 2513 3014 2582 Σολομῶν
3055 2511 3192 2581 μετὰ
3215 2511 3320 2581 τῆς
3352 2511 3606 2581 συνήθους
3636 2508 3771 2562 ἁπλό-

2231 2607 2397 2679 τητος
2427 2623 2601 2675 φησιν
2646 2607 2726 2670 ὡς
2751 2605 2983 2672 ἀξίωμα
3012 2603 3272 2670 αἰτήσας
3307 2602 3468 2672 ἡμᾶς
3498 2603 3590 2655 καί
3611 2599 3771 2654 λαϐὼν

2231 2701 2347 2770 τὴν
2405 2695 2772 2765 ὑπόσχεσιν,
2823 2695 3114 2751 συνέθετο
3169 2695 3464 2760 κοινωνὸς
3517 2693 3646 2762 ἡμῖν
3685 2688 3770 2756 τῆς

2226 2791 2470 2858 ,βουλῆς
2506 2789 2623 2842 τῶν
2648 2789 2889 2842 πάντων
2928 2789 3212 2843 ἔσεσθαι.
3255 2787 3321 2839 ’0
3367 2787 3422 2839 δὲ
3442 2784 3639 2856 μωρίαν
3677 2779 3770 2833 τοὺ·

2233 2901 2332 2936 του
2359 2881 2896 2952 καταψηφισάμενος
2960 2881 3056 2932 καὶ
3107 2879 3412 2952 περίφοῦος
3471 2873 3688 2946 γεγονὼς
3715 2869 3772 2930 tit;

2240 2975 2486 3046 μηδὸλως
2550 2974 2845 3042 ἐχεμυθεῖν
2894 2971 3185 3038 πεφυκότα
3235 2969 3494 3038 διαγνοὺς
3520 2968 3610 3021 οὐκ
3633 2961 3772 3020 Ξθ⁶ὡς

559 3059 862 3111 confectam
916 3059 1324 3113 arbitrabatur:
1361 3069 1414 3114 et
1469 3063 1622 3129 quasi
1668 3063 1781 3130 jam
1838 3062 2128 3131 imperium

2237 3071 2297 3124 τὸ
2331 3071 2600 3140 πρότερον
2645 3067 2784 3138 πρὸς
2827 3068 2993 3118 αὑτὸν
3057 3065 3272 3134 ἐφοίτα.
3303 3067 3367 3117 Οἰ
3409 3062 3506 3134 μὲν
3531 3060 3774 3124 οὒνστρα⁹

561 3158 770 3203 teneret
839 3153 1102 3203 donorum
1174 3161 1226 3204 et
1291 3152 1612 3219 dignitatum
1675 3153 2126 3221 promissionibus

561 3237 750 3290 obvios
777 3253 914 3306 pene
945 3254 1190 3308 quosque
1223 3241 1435 3295 trahere
1485 3243 1535 3294 in
1594 3253 1776 3311 partes
1825 3243 2124 3312 satagebat.

559 3327 844 3382 Intervenit
881 3331 928 3384 ei
965 3331 1106 3386 forte
1133 3333 1424 3402 aliquando
1456 3345 1643 3389 auctor
1673 3335 1810 3389 idem
1844 3347 1896 3389 ct
1935 3337 2130 3404 prteri-

564 3433 702 3486 puus
733 3430 883 3472 actor
921 3421 1118 3476 fabulae
1153 3423 1380 3478 Michael
1412 3429 1594 3480 nescio
1621 3442 1778 3494 quem
1811 3427 2128 3497 alloquenti,

559 3524 624 3564 ac
650 3525 750 3578 pro
783 3514 1156 3570 familiaritate
1179 3519 1448 3572 accedens
1475 3519 1604 3586 quid
1641 3519 1781 3571 inter
1817 3534 1876 3572 se
1913 3519 2133 3574 cenft-r—

2245 3163 2443 3216 τιῶται
2475 3164 2602 3225 τοὺς
2648 3161 2952 3229 Ἀνεμάδας
2985 3161 3130 3229 φημὶ
3152 3162 3248 3213 καὶ
3299 3159 3426 3221 τοὺς
3465 3156 3653 3210 τούτων
3677 3165 3774 3201 συν·

2247 3255 2466 3324 ωμὸτας
2493 3254 2631 3306 κατὰ
2658 3253 2749 3304 τοῦ
2783 3251 3064 3322 βασιλικοῦ
3090 3253 3188 3319 τὴν
3212 3249 3517 3318 σκαιωρίαν
3539 3241 3774 3298 ἐποιοῦντο

2241 3347 2516 3412 σώματος,
2543 3344 2608 3396 ἵν’
2643 3344 2884 3412 ὁπηνίκα
2907 3342 3101 3411 καιροῦ
3131 3341 3364 3393 εὐθέτου
3396 3339 3618 3407 τύχοιεν,
3664 3344 3776 3396 παρ·

2241 3435 2373 3487 ευοὺ
2407 3435 2500 3487 τὸν
2527 3434 2906 3504 μελετώμενον
2931 3433 3073 3486 κατὰ
3100 3431 3195 3484 τοῦ
3232 3431 3630 3500 αὐτοκράτορος
3647 3422 3777 3490 φόνον

2242 3527 2326 3587 εἰς
2352 3523 2512 3594 ἔργον
2555 3524 2838 3591 πράξωσιν

562 3613 678 3655 rent
717 3604 1020 3660 sciscitatus
1045 3617 1145 3670 est,
1178 3617 1432 3662 consueta
1459 3610 1801 3679 simplicitate
1829 3611 2082 3666 Salomon
2111 3629 2126 3667 :
2157 3613 2271 3678 llic,
2299 3616 2493 3686 inquit,
2523 3617 2827 3686 dignitatem
2853 3633 2886 3668 a
2904 3632 2983 3669 me
3001 3615 3188 3684 petiit;
3211 3631 3306 3683 ego
3340 3616 3419 3668 illi
3439 3609 3588 3668 simul
3614 3601 3775 3672 imperii

559 3701 742 3757 potem
789 3695 959 3763 fuero,
1015 3713 1098 3750 me
1137 3699 1454 3752 collaturum
1488 3717 1603 3754 sum
1651 3702 1939 3768 pollicitus.
1989 3703 2178 3774 Itaque
2217 3705 2353 3759 hunc
2401 3723 2588 3761 novum
2631 3706 3014 3774 conjurationis
3061 3707 3329 3758 consciunt
3377 3713 3426 3758 et
3463 3703 3538 3756 rei
3578 3694 3775 3771 gerendi!

557 3787 754 3842 socium
786 3792 1055 3856 habemus,
1093 3809 1220 3846 mea
1247 3794 1352 3860 fide
1377 3798 1736 3862 promissionis
1789 3809 2142 3855 auctoratum.
2183 3803 2403 3857 Tacitus
2437 3803 2501 3856 ad
2531 3817 2594 3856 ea
2625 3801 2850 3856 Michael
2900 3799 3207 3856 Salomonis
3259 3799 3563 3864 stultitiam,
3627 3793 3776 3850 mirari

562 3881 698 3934 Satis
741 3897 846 3934 non
909 3884 1113 3946 valens,
1177 3887 1360 3940 animo
1411 3887 1809 3954 detestabatur,
1857 3905 1962 3944 non
2018 3891 2138 3945 sine
2173 3902 2318 3946 metu
2359 3895 2592 3960 quodam
2635 3907 2701 3948 ne
2744 3906 3002 3946 arcanum
3053 3901 3162 3946 tam
3205 3889 3535 3961 imprudenti
3611 3894 3658 3940 et
3713 3879 3774 3934 ri-

569 3987 721 4027 tnoso
768 3977 970 4042 pectori
1021 3978 1374 4031 commissum
1425 3979 1477 4031 in
1536 3981 1808 4049 publicam
1877 3983 2120 4034 notitiam
2160 3981 2437 4050 eﬂlueret;
2477 3983 2832 4038 confirmabat
2863 3997 2920 4038 se
2966 3993 3142 4036 tamen
3174 3984 3318 4052 quod
3397 3983 3448 4036 in
3509 3980 3616 4049 ipsa
3673 3988 3774 4027 con.

559 4065 854 4134 jurationis
885 4073 1046 4140 adyta
1085 4087 1192 4124 non
1230 4073 1466 4128 admisso
1489 4081 1598 4127 tam
1627 4077 1730 4130 levi
1772 4077 2000 4142 arbitro,
2073 4080 2213 4146 quod
2255 4087 2372 4132 erat
2407 4079 2740 4134 teterrimum
2781 4077 3030 4148 quodque
3063 4077 3226 4132 altius
3265 4077 3500 4132 celatum
3542 4067 3774 4140 oporteltttl

563 4163 780 4230 cogitati
814 4165 1033 4219 sceleris
1079 4166 1257 4222 adhuc
1308 4169 1362 4223 in
1418 4177 1534 4223 tuto
1587 4171 1756 4226 latere
1815 4172 2117 4228 videbatur.
2162 4173 2351 4244 itaque
2381 4173 2512 4228 satis
2545 4174 2749 4229 habens
2792 4171 3070 4228 abstinere
3146 4171 3405 4240 deinceps
3472 4185 3503 4224 a
3569 4165 3774 4234 frequen-

567 4261 728 4313 tanda
769 4257 1075 4316 Salomonis
1110 4265 1288 4328 domo,
1373 4265 1448 4318 rei
1496 4269 1896 4322 exsecutionem
1980 4271 2196 4323 interim
2236 4271 2500 4339 urgebat:
2531 4269 2644 4339 ipse
2677 4284 2800 4324 cum
2829 4267 3086 4322 fratribus
3110 4277 3166 4323 et
3209 4265 3430 4322 caeteris
3497 4259 3694 4316 armatis
3719 4253 3774 4306 si-

567 4354 732 4408 cariis
762 4357 944 4423 palatii
977 4359 1192 4412 assidue
1224 4359 1364 4414 feres
1412 4363 1669 4418 obsidens
1715 4374 1772 4416 ut
1806 4365 1984 4420 oblata
2039 4381 2134 4434 per
2173 4368 2514 4422 occasionem
2553 4365 2830 4432 facultate,
2863 4363 3194 4418 destinatum
3275 4357 3612 4430 parricidiqu
3682 4361 3774 4418 per—

570 4457 867 4514 petrarent.

640 4537 772 4591 Cum
814 4551 1014 4605 autem,
1053 4541 1236 4594 divina
1279 4543 1420 4598 ltaud
1463 4549 1624 4601 dubie
1651 4550 1973 4616 prohibente
2008 4549 2140 4604 Pro-
2173 4557 2225 4616 D

567 4628 830 4693 videntia,
870 4629 1012 4682 nulla
1059 4646 1117 4684 se
1165 4631 1323 4702 longo
1369 4634 1480 4702 jam
1535 4646 1776 4706 tetnpore
1827 4639 1961 4691 satis
2019 4655 2142 4710 apta

570 4723 833 4789 prmberet
869 4723 1264 4789 opportunitas,
1294 4725 1699 4794 periculumque
1727 4729 1776 4780 itt
1807 4744 1953 4784 mora
1983 4744 2148 4799 esset,

569 4829 638 4866 ne
676 4823 821 4866 tanta
873 4815 1161 4868 restantis
1214 4824 1444 4868 tractata
1498 4818 1815 4874 circ-uitibus
1865 4833 2150 4877 emanaret

569 4901 751 4968 aliquo
787 4903 944 4955 modo
977 4902 1026 4956 in
1057 4903 1423 4972 suspicionem
1480 4907 1732 4976 Augusti,
1793 4921 1846 4962 et
1909 4913 2146 4979 pernicie

571 5003 847 5048 auctorem
874 4995 1292 5061 disturbaretur,
1321 4999 1609 5054 decrevere
1643 5003 1852 5055 tandem
1878 5004 2146 5072 conjurali

565 5086 870 5154 jaciendam
922 5102 1299 5158 quemcunque
1361 5089 1416 5143 in
1473 5099 1726 5146 eventtnn
1775 5095 2146 5149 exsecutionis

2335 4549 2424 4613 Ὠς
2451 4549 2507 4601 δὲ
2537 4549 2690 4618 παρὰ
2721 4548 2820 4615 τῆς
2852 4547 3116 4616 προνοίας
3149 4545 3306 4598 ἄσεια
3342 4540 3564 4609 ουόεμία
3599 4533 3768 4586 τούτοις

2255 4643 2479 4706 ἐδίδοτο,
2532 4641 2626 4694 καὶ
2657 4643 2684 4692 ὁ
2719 4641 2906 4710 καιρὸς
2958 4637 3326 4708 παρερρύετο,
3363 4629 3668 4701 πτοηθέντες
3703 4622 3756 4685 μὴ

2257 4735 2579 4802 κατάφωροι
2611 4709 2902 4800 γένωνται,
2957 4729 3015 4780 ὃν
3050 4728 3360 4798 ἐπεζήτουν
3413 4723 3594 4792 καιρὸν
3629 4709 3769 4774 ἔδοξαν

2253 4826 2575 4894 εὑρηκέναι,
2625 4824 2780 4875 ιΕπεὶ
2813 4825 2921 4890 γαρ
2959 4824 2986 4872 ὁ
3017 4819 3382 4888 αὐτοκράτωρ
3413 4815 3545 4885 μετά
3567 4811 3620 4860 τὺ
3645 4807 3766 4894 διυῖτ.

2256 4917 2508 4984 νισθῆναι
2565 4915 2708 4966 κατά
2755 4913 2937 4982 δείλην
3007 4913 3149 4980 ἑῴαν
3195 4911 3292 4979 τὴν
3342 4910 3406 4960 ὲκ
3453 4903 3554 4957 τῶν
3605 4894 3766 4949 milia”

2258 5005 2561 5076 φροντίδων
2647 5003 3012 5071 ἐγγινομένην
3105 5000 3287 5069 ἅλμην
3367 4987 3766 5076 καταγλυκαίνειν

2255 5073 2458 5152 ἐθέλων
2480 5097 2653 5150 ἐνίοτε
2686 5096 2728 5128 ⁶¹
2766 5094 3187 5164 συμπαίστορας
3215 5087 3331 5162 εἶχε
3367 5087 3470 5143 τῶν
3511 5073 3765 5152 συγγενέων

1609 5253 1807 5314 Variae
1839 5253 2153 5318 lectiones
2181 5269 2260 5315 ex
2283 5254 2430 5318 cod.
2465 5253 2724 5318 Coislin.

646 5379 690 5411 ⁸⁸
712 5377 1004 5442 ποιοῦντες.
1080 5379 1124 5411 ⁸⁸
1159 5380 1368 5452 ᾗθελεν,
1401 5383 1511 5435 ὅτε.

1641 5499 1779 5562 Cur.
1817 5496 2152 5558 Dufresuii
2191 5497 2286 5556 Du
2331 5497 2554 5574 Cangii
2599 5505 2788 5557 notua.

2249 5619 2390 5680 apud
2418 5616 2652 5672 Balsam.
2685 5620 2736 5671 in
2790 5616 3009 5670 Nomoc.
3045 5614 3224 5674 Phot.,
3248 5629 3368 5682 cap.
3405 5612 3488 5675 l5,
3515 5617 3561 5662 et
3587 5604 3630 5658 in
3656 5596 3756 5652 Im

646 5614 984 5683 (10)Ξηρός.
1029 5616 1248 5682 Bardas,
1283 5621 1602 5690 cognomine
1629 5618 1827 5680 Xerus,
1865 5619 2130 5673 Proedrus

655 5699 875 5750 magnus
907 5688 1280 5752 ltetmriarcha,
1315 5691 1379 5741 de
1429 5704 1535 5755 quo
1569 5692 1620 5742 in
1653 5688 1859 5743 Nox-eu,
1889 5689 1924 5741 2
1963 5689 2130 5742 Alexi}

2249 5619 2390 5680 apud
2418 5616 2652 5672 Balsam.
2685 5620 2736 5671 in
2790 5616 3009 5670 Nomoc.
3045 5614 3224 5674 Phot.,

2258 5685 2732 5750 (ira-co-liomano,
2765 5688 2858 5742 lib.
2897 5701 2958 5752 ιι,
2993 5701 3115 5755 pag.
3149 5683 3248 5738 158

2323 5703 2732 5750 'a'co-ttomano,
2767 5703 2858 5742 tm.
2897 5703 2958 5752 ιι,
2993 5703 3115 5752 pag.
3149 5703 3268 5738 ιοδ.

569 5693 620 5737 et
655 5681 875 5750 magnus
907 5681 1280 5752 ltetmriarcha,
1315 5681 1379 5741 de
1429 5704 1535 5757 quo
1569 5692 1620 5742 in
1653 5688 1859 5743 Novell.
1889 5689 1924 5741 2
1963 5689 2139 5742 Alcxii
