4040 6280
205 390 313 454 905

1408 398 1821 459 ALEXIADIS
1855 399 2000 460 LIB.
2078 400 2212 461 ΧΙῘ.

3343 402 3446 463 906

191 503 341 565 τινὰς
374 504 586 567 παίζων
620 506 681 559 τὸ
710 508 989 579 ζατρίκιον
1018 509 1063 579 (1
1084 509 1151 579 Ι),
1194 509 1410 580 (παιδιὰ
1426 513 1483 565 δὲ
1516 512 1675 565 τοῦτο
1706 514 1768 563 ὲκ

1876 514 2072 577 aleam,
2128 506 2624 583 expediendumque
2658 514 2944 582 aliquando
2974 511 3212 580 jaculum
3244 517 3445 570 tandlu

191 596 289 664 τῆς
344 597 454 648 τῶν
520 599 828 667 Ἀσσυρίων
866 601 980 670 (19)
1009 604 1218 672 τρυφῆς
1274 605 1661 673 ἐξευρημένων
1691 606 1757 667 δ’,

192 688 394 748 καὶοείς
425 690 576 757 ἡμᾶς
602 692 814 743 ἐκεῖθεν
848 693 1154 762 ἔληλυθὺς),
1196 696 1244 747 οἱ
1279 697 1377 766 τὴν
1427 694 1761 765 τυραννικὴν

192 778 591 843 ἐξοπλίσαντες
609 784 770 850 χεῖρα
801 782 890 834 διὰ
933 785 1028 836 τοῦ
1082 785 1365 853 βασιλικοῦ
1409 786 1760 839 κοιτωνίσκου

192 867 419 937 ἔμελλον
452 869 526 930 ὡς
553 872 632 931 εἰς
655 872 749 923 τὸν
785 872 1011 941 βασιλέα
1053 878 1302 945 χωρῆσαι
1332 876 1424 928 τὸν
1450 877 1610 945 φόνον
1640 876 1764 929 ὠδίο

194 976 394 1021 νοντες.
466 957 526 1012 Ὀ
575 961 634 1013 δέ
692 980 778 1015 τοι
845 964 1129 1032 βασιλικὸς
1199 969 1558 1031 κοιτωνίσκος
1611 962 1763 1031 οὗτος

195 1044 362 1119 οὗπερ
429 1052 477 1103 οἱ
522 1051 764 1120 βασιλεῖς
807 1054 998 1123 ἔτυχον
1053 1057 1431 1127 εύναζόμενοι,
1494 1059 1636 1112 κατὰ
1667 1061 1764 1130 τὴν

196 1141 475 1209 εὐώνυμον
532 1146 711 1195 κεῖται
761 1144 1009 1215 πλευρὰν
1063 1147 1158 1201 τοῦ
1202 1150 1293 1200 ἐπ’
1345 1144 1613 1218 ὀνόματος
1668 1152 1765 1217 τῆς

196 1234 537 1302 Θεομήτορος
565 1235 678 1304 (15)
717 1238 1165 1307 ἀνεγηγερμένον
1195 1242 1460 1310 τεμένους
1508 1242 1652 1296 κατὰ
1698 1244 1766 1296 τὰ

197 1328 487 1395 ἁνάκτορα’
540 1326 639 1379 κᾶν
693 1329 743 1378 οἱ
796 1329 983 1381 πολλοΐ
1040 1332 1100 1383 τὸ
1137 1333 1231 1385 τοῦ
1280 1335 1767 1406 μεγαλομάρτυρος

197 1414 510 1485 Δημητρίου
528 1416 573 1445 ⁸³
606 1417 716 1485 (14)
748 1417 920 1487 ὄνομα
951 1421 1128 1491 ταύτη
1162 1422 1500 1493 ἐπέγραφον.
1530 1425 1685 1477 Κατὰ
1712 1425 1768 1477 δὲ

197 1508 287 1575 τὴν
310 1505 490 1567 δεξιὰν
520 1506 731 1575 αἴθριον
766 1508 959 1577 ἔδαφος
1010 1508 1078 1580 ἦν
1118 1514 1221 1565 ὑπὸ
1277 1517 1581 1587 μαρμάρων
1640 1533 1771 1568 κατ-

199 1599 556 1667 εστρωμένον,
586 1601 677 1651 καὶ
710 1601 741 1670 ή
800 1604 932 1669 πρὸς
962 1605 1118 1657 τοῦτο
1151 1605 1419 1672 ἐξάγουσα
1475 1608 1618 1675 πύλη
1667 1607 1762 1661 τοῦ

196 1690 478 1758 τεμένους,
509 1692 698 1753 ἄνετος
733 1693 865 1745 πᾶσι
914 1697 1026 1757 τοῖς
1056 1695 1337 1749 ἐθέλουσιν
1390 1694 1483 1768 ἦν.
1528 1699 1771 1752 Ἐκεῖθεν

198 1780 284 1833 οὖν
316 1780 624 1849 ὲσκέψαντο
642 1783 920 1836 εἰσελθεῖν
949 1786 1085 1839 εἴσω
1113 1788 1207 1839 τοῦ
1227 1790 1512 1858 τεμένους,
1544 1792 1638 1842 καὶ
1662 1791 1763 1854 τὰς

196 1872 282 1924 τὸν
331 1871 614 1940 βασιλικὸν
655 1877 1016 1929 κοιτωνισκον
1067 1878 1470 1943 ἀποκλειούσας
1502 1882 1769 1945 κατεάξαι
1798 1862 1847 1925 Β

199 1966 390 2029 πύλας,
418 1951 550 2035 κᾷθ’
582 1964 756 2029 οὕτως
801 1968 1162 2032 εἰσελθόντες,
1201 1964 1412 2025 ἀνελεῖν
1452 1971 1541 2023 διὰ
1575 1971 1766 2038 ξίφους

195 2056 281 2108 τὸν
322 2056 731 2126 αὐτοκράτορα.
803 2060 965 2113 Ἀλλὰ
1021 2060 1197 2114 ταῦτα
1251 2062 1353 2133 μὲν
1400 2066 1448 2116 oi
1485 2067 1766 2135 μιαιφόνοι

194 2148 393 2200 ἐκεῖνοι
434 2148 631 2217 ἄνδρες
674 2150 816 2203 κατὰ
842 2152 934 2203 τοῦ
970 2152 1141 2221 μηδὲν
1197 2154 1519 2225 ἠδικηκότος
1556 2157 1769 2210 διεσκο-

194 2241 415 2290 ποῦντοο
489 2240 695 2308 ἔσφηλε
761 2242 839 2298 δὲ,
874 2243 975 2311 τὴν
1045 2245 1500 2316 τούτωνᾼβουλὴν
1554 2249 1767 2312 ὁΘεός.

193 2330 541 2400 Δηλωθέντος
570 2331 626 2382 δὲ
663 2330 755 2383 τοῦ
788 2332 1066 2402 δράματος
1102 2334 1190 2386 διά
1212 2334 1457 2406 τινος·τῷ
1495 2339 1770 2409 αὐτοκρά-

193 2439 336 2490 τορι,
371 2422 716 2490 παραχρῆμα
752 2425 1170 2492 μετεπέμποντο
1217 2426 1475 2488 ἅπαντες.
1542 2429 1770 2498 Πρῶτον

192 2511 292 2576 μὲν
326 2506 421 2563 οὖν
459 2511 718 2580 Ἰωάννην
746 2513 837 2564 τὸν
864 2514 1214 2582 Σολομῶντα,
1247 2516 1342 2568 καὶ
1366 2518 1639 2585 Γεώργιον
1679 2520 1769 2572 τὸν

188 2599 516 2652 Βασιλάκιον
547 2604 627 2664 εἰς
662 2602 729 2654 τὰ
775 2604 1052 2674 ἀνάκτορα
1104 2608 1475 2676 εἰσαχθῆναιό
1517 2608 1770 2677 βασιλεὺς

186 2692 513 2762 ἐπέτρεψεν,
564 2694 845 2761 ἐγγυτέρω
894 2696 1228 2763 γενομένους
1271 2700 1365 2749 τοῦ
1409 2698 1657 2751 οἰκίσκον
1711 2700 1770 2753 ἐν

184 2779 348 2854 ᾧπερ
402 2785 563 2847 αὐτὸς
616 2777 933 2854 ἐτύγχανεν”
978 2786 1053 2839 ὢν
1106 2789 1243 2857 μετὰ
1295 2790 1395 2859 τῆς
1442 2792 1571 2861 περὶ
1605 2791 1769 2844 αὑτὸν

186 2877 547 2943 συγγενείας,
584 2878 672 2930 ἵνα
698 2877 787 2930 διά
815 2895 976 2930 τινων
1006 2880 1287 2951 ὲξερωτῴη
1314 2883 1531 2946 αὐτοὺς,
1573 2883 1772 2936 ἁπλου-

185 2972 390 3038 στέρου
440 2971 791 3039 φρονήματος
856 2970 1082 3034 τούτους
1116 2973 1283 3025 πάλαι
1313 2973 1626 3042 γινώσκων,
1660 2977 1770 3028 κάκ

183 3064 387 3117 τούτου
441 3064 641 3133 ῥᾳδίως
697 3066 764 3114 τὰ
796 3062 1201 3133 βεϐουλευμένα
1255 3066 1634 3135 μεμαθηκέναι
1665 3070 1773 3121 οἰό-

1869 605 2149 658 libratum.
2185 606 2278 660 Vis
2306 621 2435 674 ergo
2482 606 2757 660 inferenda
2791 606 3044 660 cubiculo
3094 606 3450 675 imperatoris

1864 697 2163 749 coodicitur
2186 696 2234 749 in
2256 696 2394 750 diem
2421 692 2688 764 posterum
2712 712 2726 761 ;
2746 698 2899 765 cujus
2926 696 3162 750 diluculo
3182 698 3449 765 Angustus

1864 786 2145 857 evigilans,
2170 803 2268 857 pro
2291 803 2441 843 more
2466 802 2563 842 suo
2596 789 2822 852 fecit,<ut
2842 789 2905 841 ad
2923 788 3230 843 diluendam
3258 788 3454 842 amari.

1870 882 1995 933 tiem
2030 880 2406 947 principalium
2436 895 2712 945 curarum,
2750 878 2835 935 ne
2866 878 3049 935 noctes
3079 880 3292 948 quidem
3346 880 3449 946 ipsi

1871 972 2105 1041 quietas
2146 972 2463 1035 sinentium,
2516 972 2969 1025 familiarissimos
2998 970 3122 1025 suos
3153 987 3183 1025 e
3213 986 3449 1025 consan-

1868 1066 2129 1134 guinitate
2162 1066 2348 1118 intima
2379 1068 2444 1117 ad
2477 1064 2767 1117 ludendum
2805 1078 2989 1117 secum
3020 1064 3315 1117 Zatricium
3350 1063 3445 1116 ad-

1871 1156 2104 1209 biberet.
2145 1155 2504 1209 Remissionis
2550 1170 2721 1223 genus
2764 1155 2815 1208 id
2863 1164 2947 1209 est
2994 1155 3116 1208 inde
3158 1170 3329 1223 usque
3376 1142 3444 1207 ab

1867 1248 2105 1316 Assyriis
2126 1247 2417 1315 ingeniosis
2440 1248 2740 1301 artiﬁcibus
2762 1246 3091 1315 voluptatum
3113 1248 3178 1299 ad
3202 1256 3445 1299 nostrum

1872 1355 2049 1393 usum
2109 1340 2636 1405 oblectationemque
2688 1347 3063 1407 propagatum.
3117 1338 3273 1407 361
3329 1336 3445 1390 Tali

1871 1445 2002 1498 ergo
2050 1429 2256 1484 ludicro
2292 1430 2561 1483 relaxanti
2590 1429 2828 1482 animum
2860 1428 3173 1495 imperatori
3207 1442 3333 1480 ecce
3360 1428 3447 1479 in»

1873 1523 2072 1577 dicium
2099 1522 2592 1587 inopinatissimmn
2613 1520 2832 1573 alfertur
2858 1519 3176 1572 insidiarum
3198 1528 3250 1572 et
3277 1519 3451 1572 truci-

1875 1612 2111 1665 dationis
2136 1612 2185 1663 in
2214 1611 2422 1664 foribus
2448 1610 2703 1663 astantis.
2743 1608 2835 1662 Sic
2875 1610 2958 1663 sui
2995 1609 3188 1661 nefarii
3221 1616 3449 1664 conatus

1876 1704 2141 1758 rationem
2178 1701 2529 1769 ordinemque
2560 1712 2976 1769 composuerant
3020 1700 3243 1753 fanatici
3277 1701 3449 1769 parri-

1876 1795 2010 1848 cidae
2041 1805 2099 1847 ut
2131 1809 2227 1861 per
2257 1808 2473 1847 sacrum
2510 1791 2684 1845 locum
2718 1791 3065 1858 sanguinaria
3108 1791 3447 1859 grassatione

1875 1885 2215 1954 polluendum
2250 1885 2389 1937 viam
2422 1882 2739 1936 aﬂectarent
2773 1896 2876 1948 qua
2914 1896 3125 1935 sacram
3155 1896 3441 1950 personam

1876 1976 2134 2045 principis
2167 1975 2416 2028 violatum
2458 1974 2619 2027 irent.
2656 1972 2922 2027 Conclave
2951 1974 3003 2025 in
3041 1988 3147 2041 quo
3173 1983 3300 2027 tunc
3326 1974 3399 2026 im
3421 2002 3447 2016 -

1875 2078 2127 2138 perantes
2166 2067 2456 2131 cubabant,
2500 2064 2812 2120 adhaerebat
2856 2065 3079 2118 sinistro
3112 2065 3265 2118 lateri
3315 2064 3448 2119 aedis

1874 2174 2042 2214 Sacrae
2074 2160 2123 2212 in
2158 2159 2376 2212 nomine
2405 2158 2495 2211 Dei
2533 2157 2722 2211 Matris
2757 2157 2893 2209 intra
2937 2154 3198 2224 palatium
3229 2165 3449 2208 exstru-

1875 2260 1993 2313 ctae,
2025 2265 2184 2319 quam
2212 2248 2362 2302 multi
2396 2262 2673 2316 perperam
2702 2262 2894 2315 magno
2923 2248 3146 2314 martyri
3177 2246 3448 2300 Demetrio

1875 2343 2104 2396 dicatam
2146 2349 2354 2409 putant,
2381 2350 2435 2393 et
2476 2339 2527 2392 in
2564 2354 2681 2392 eam
2722 2339 2937 2407 proprio
2973 2338 3181 2407 posdco
3213 2337 3445 2391 familia-

1878 2450 1988 2489 rem
2016 2443 2069 2487 et
2102 2431 2444 2507 commodum
2478 2432 2753 2499 Augustis,
2805 2429 3017 2497 quoties
3049 2430 3179 2482 dare
3222 2442 3446 2496 operam

1877 2525 2119 2594 religioni
2164 2525 2375 2585 vellent,
2417 2521 2686 2591 praebebat
2738 2522 3057 2588 ingressum.
3094 2518 3172 2572 Ex
3202 2520 3447 2588 opposito

1877 2615 1940 2667 ad
2003 2615 2281 2667 dexteram
2339 2610 2521 2678 templi
2589 2609 2833 2675 ejusdem
2896 2608 3111 2675 patebat
3170 2608 3447 2661 subdivan

1877 2705 2073 2759 atrium
2105 2717 2374 2757 marmore
2414 2711 2643 2756 stratum
2696 2710 2823 2754 ante
2880 2702 3022 2767 ipsas
3055 2700 3287 2767 majores
3318 2698 3447 2752 tedis

1876 2798 2018 2851 fores
2053 2811 2266 2863 semper
2305 2808 2519 2863 apertas
2551 2802 2603 2846 et
2633 2792 2875 2862 religioni
2929 2792 3168 2845 omnium
3217 2790 3447 2844 adorare

1873 2890 2165 2944 volentium
2196 2888 2489 2955 expositas.
2541 2885 2641 2938 Per
2675 2900 2766 2939 eas
2820 2898 2923 2937 non
2977 2882 3234 2937 adorandi
3267 2884 3448 2936 animo

1874 2990 2162 3049 penetrare
2192 2976 2399 3031 cruenti
2435 2972 2718 3028 carniﬁces
2748 2974 3131 3035 decreverant;
3171 2968 3294 3023 inde
3324 2984 3449 3038 per-
3518 3034 3529 3043 θ

1876 3070 2084 3139 rupturi
2110 3070 2158 3122 vi
2189 3069 2362 3121 subita
2390 3066 2586 3125 ostium
2622 3062 2951 3131 imperatorii
2976 3061 3233 3122 cubiculi,
3263 3061 3450 3129 sicque

184 3171 384 3223 μενος.
437 3152 521 3215 Ὡς
552 3154 609 3205 δὲ
638 3150 901 3216 πολλάκις
950 3153 1301 3224 ἐρωτώμενοι
1338 3157 1552 3228 ἔξαρνοι
1608 3155 1768 3228 ἦσαν,

1876 3161 2172 3227 Augustum
2218 3159 2267 3209 in
2306 3171 2403 3209 sua
2443 3155 2613 3221 ipsius
2662 3153 2819 3206 diazta
2878 3151 3191 3218 oppressuri
3245 3149 3448 3204 frustra

180 3244 399 3309 ἔξεισιν
454 3243 481 3293 ὁ
521 3243 980 3313 σεϐαστοκρὰτωρ
1048 3246 1319 3310 Ἰσαάκιος
1385 3249 1645 3317 καὶπρὸς
1678 3252 1768 3302 τὸν

177 3334 525 3403 Σολομῶντα
548 3335 857 3397 ἀπονεύσας
893 3336 1020 3404 ἔφη·
1059 3333 1246 3392 Οἶσθα
1305 3339 1768 3405 πάντως,Σολο-

171 3425 337 3494 μῶν,
380 3423 497 3491 τὴν
539 3425 643 3478 τοῦ
675 3426 821 3492 ἐμοῦ
852 3426 1122 3494 ἀδελφοῦ
1151 3429 1249 3480 καὶ
1277 3430 1589 3494 ,βασιλέως
1626 3431 1769 3499 ἀγαι-

177 3519 437 3582 θότητα.
474 3518 541 3569 El
561 3516 677 3584 μὲν
713 3518 783 3570 τὰ
805 3518 1260 3587 ,ϐεϐουλευμένα
1283 3520 1479 3574 πάντα
1514 3523 1771 3591 ἀπαγγέ-

174 3612 328 3676 Jac,
390 3609 770 3674 συμπαθείας
819 3609 1184 3679 παραχρῆμα
1220 3610 1531 3682 ἀξιωθήσῃ
1563 3628 1576 3641 °
1616 3618 1667 3667 εὶ
1714 3615 1769 3666 δ’

177 3697 324 3762 οὖν,
385 3698 749 3765 ἀνηκέστοις
769 3701 1072 3766 βασάνοις
1120 3703 1533 3773 παραδοθήσῃ.
1584 3705 1641 3757 Ὀ
1688 3706 1766 3769 δὲ,

178 3790 517 3850 ἑνατενίσας
552 3790 646 3842 καὶ
700 3793 825 3854 τοὺς
854 3794 1327 3863 περικυκλοῦντας
1360 3796 1454 3847 τὸν
1507 3798 1772 3852 σεϐαστο-

177 3885 443 3956 κράτορα
475 3883 785 3954 βαρϐάρους
815 3884 1174 3955 θεασάμενος,
1210 3889 1304 3939 ἐπὶ
1363 3886 1471 3941 τῶν
1501 3887 1668 3955 ὤμων
1702 3890 1772 3943 τὰ

176 3974 540 4044 ὲτερόστομα
590 3971 720 4042 ξίφη
766 3974 1179 4038 κραδαίνοντας,
1211 3974 1475 4045 ἔντρομος
1502 3976 1766 4045 γεγονὼς,

177 4064 543 4136 παραχρῆμα
574 4062 792 4116 ἅπαντα
819 4064 1177 4133 ἀπαγγέλλει,
1202 4064 1332 4128 τούς
1365 4083 1424 4118 τε
1450 4068 1773 4138 συνίστορας

174 4157 561 4229 ὁμολογήσας,
603 4155 770 4225 μηδὲν
824 4156 879 4207 δὲ
908 4157 1158 4227 περὶτοῦ
1203 4164 1364 4225 φονου
1391 4159 1590 4212 εἰδέναι
1640 4160 1777 4214 διισ-

176 4249 577 4322 χυριζόμενος.
614 4244 745 4301 Εἶτα
780 4249 1180 4317 παραδοθέντες
1220 4252 1333 4313 τοῖς
1364 4250 1465 4321 τὴν
1511 4253 1764 4324 φυλακὴν

174 4345 401 4399 τούτων
438 4343 976 4412 ὲμπεπιστευμένοις
1007 4344 1116 4394 τῶν
1143 4344 1487 4413 ἀνακτόρων,
1510 4346 1608 4397 κα)⁸
1630 4346 1772 4399 διαι-

176 4437 470 4507 ρεθέντες.
514 4432 820 4506 ἔμφρουροι
849 4434 1132 4502 γεγόνασι.
1196 4436 1334 4498 Τοὺς
1364 4436 1420 4488 δέ
1456 4453 1519 4504 γε
1552 4438 1773 4502 λοιποὺς

1876 3252 2215 3305 innocentem
2251 3258 2303 3301 et
2331 3248 2460 3322 nihil
2489 3248 2552 3300 de
2578 3246 2707 3313 ipsis
2731 3244 2871 3297 male
2901 3244 3173 3297 meritum.
3206 3242 3308 3296 Sed
3338 3258 3447 3297 non

1873 3344 1974 3396 hoc
2006 3342 2175 3403 Deus,
2211 3354 2313 3392 non
2352 3339 2451 3392 Dei
2480 3336 2651 3390 Mater
2679 3336 2824 3389 sivit.
2856 3335 3195 3399 Introducto,
3228 3343 3285 3387 ut
3308 3334 3451 3387 dixi-

1876 3448 2016 3494 mus,
2041 3434 2105 3484 ad
2136 3431 2515 3499 imperatorem
2547 3428 2747 3492 indice,
2781 3426 3026 3493 satisque
3071 3426 3323 3480 omnibus
3350 3440 3451 3480 co-

1873 3524 2054 3593 gnitis,
2092 3522 2380 3574 mittuntur
2431 3518 2700 3588 extemplo
2747 3518 2839 3587 qui
2875 3519 3186 3587 coniuratos
3243 3516 3447 3571 diversi

1875 3616 2212 3685 requirerent
2261 3624 2309 3668 et
2347 3615 2700 3667 adducerent.
2748 3612 2957 3665 Primos
3002 3611 3244 3664 omnium
3294 3609 3447 3662 Salo-

1875 3720 2089 3759 ﬂlDlleltl
2124 3714 2175 3757 et
2211 3703 2499 3777 Georgium
2542 3702 2863 3755 Basllacium
2913 3700 2976 3753 ad
3014 3714 3073 3753 se
3105 3700 3242 3752 intra
3300 3698 3448 3767 pala-

1873 3799 2007 3849 tium
2042 3794 2352 3861 ducijussit
2393 3794 2689 3862 imperator
2744 3792 2795 3844 in
2849 3790 3024 3844 locum
3073 3789 3342 3850 cubiculo,
3390 3788 3447 3841 in

1873 3904 1979 3957 quo
2012 3898 2121 3941 tum
2154 3887 2265 3954 ipse
2294 3885 2613 3954 cognatione
2650 3899 2744 3937 sua
2784 3885 2995 3936 cinctus
3024 3880 3274 3936 universa
3305 3882 3445 3935 resi-

1874 3980 2057 4043 debat,
2094 3980 2161 4031 ita
2192 3959 2358 4048 prope
2386 3978 2683 4040 admotum,
2724 3984 2783 4027 ut
2805 3988 2928 4041 quae
2964 3972 3073 4025 illic
3106 3972 3359 4025 Salomon
3390 3980 3447 4024 et

1874 4069 2170 4123 Basilacius
2216 4084 2242 4120 a
2278 4068 2647 4136 cognitoribus
2718 4065 3086 4133 interrogandi
3136 4064 3442 4129 responsuri

1874 4173 2048 4226 erant,
2076 4161 2315 4214 exaudiri
2347 4160 2413 4213 ab
2447 4173 2511 4211 eo
2546 4168 2784 4228 possent.
2832 4156 3099 4222 Sperabat
3130 4170 3196 4208 ex
3246 4154 3312 4210 iis
3360 4169 3443 4218 se,

1875 4268 2014 4322 quos
2045 4263 2250 4305 naturae
2282 4252 2545 4320 simplicis
2573 4262 2627 4305 et
2659 4249 3003 4303 dissimulare
3050 4248 3245 4301 nescia:
3280 4261 3445 4301 nove-

1876 4357 1978 4408 rat,
2016 4346 2197 4399 statim
2223 4344 2565 4412 cogniturnm
2603 4343 2806 4407 omnia,
2830 4352 2883 4395 et
2912 4341 2984 4393 ita
3014 4354 3210 4409 magno
3242 4341 3445 4409 negotii

1877 4437 2200 4506 compendio
2228 4450 2406 4489 moras
2434 4435 2707 4491 ulterioris
2742 4432 3105 4503 inquisitionis
3136 4432 3450 4487 lucrifactu-

1252 4548 1454 4608 Variae
1486 4547 1793 4613 lectiones
1831 4569 1911 4614 ex
1943 4551 2084 4613 cod.
2121 4548 2375 4611 Coislin.

258 4655 307 4686 ⁶¹
343 4650 732 4721 ἐξευρημένον.
809 4646 855 4680 ⁸³
895 4648 1056 4703 Deest
1090 4664 1190 4702 vox
1224 4649 1563 4719 Δημητρίου.

1223 4746 1360 4806 Car.
1401 4746 1717 4806 Dufresnii
1749 4749 1843 4808 Dn
1887 4746 2107 4825 Cangii
2148 4755 2336 4808 notat.

262 4854 382 4922 (II)
436 4851 766 4922 Ζατρίκιον.
810 4847 1261 4922 Latrunculorum
1306 4850 1588 4922 Ιιιθ-ιιεηρι
1621 4862 1773 4922 recte
1801 4851 2030 4922 Dscpta
2082 4861 2425 4922 exstruxerat
2470 4848 2709 4922 Basilius
2760 4844 3105 4922 Macedotut‘
3124 4859 3314 4903 auctor
3365 4860 3447 4905 est

182 4918 489 4977 optenta...
546 4921 642 4972 viri
696 4921 862 4972 docti.
916 4920 1106 4983 Ducas,
1168 4936 1284 4985 t-ap.
1344 4919 1456 4970 ιθτ
1508 4918 1774 4987 Ἐκάθητο

188 4998 334 5063 μετὰ
398 4992 493 5042 τοῦ
541 4990 663 5063 υἱοῦ
707 4988 871 5063 αξιτοῦ
929 4987 1075 5040 ἔνδον
1137 4990 1233 5063 τῆς
1290 4988 1502 5063 fingit;
1567 4990 1776 5063 παίζων

179 5056 500 5131 ζατρίκιον,
538 5059 564 5110 ὃ
610 5062 657 5109 οἱ
719 5058 943 5131 Πέρσαι*
971 5059 1243 5131 σαντρᾲτζ
1494 5059 1773 5123 καλοῦσιν,

177 5138 233 5186 οἱ
270 5128 329 5183 δὲ
376 5134 599 5183 Λατῖνοι
637 5129 861 5180 σκὰκον.
914 5128 1015 5179 Sed
1059 5138 1110 5179 ιιι
1159 5129 1326 5194 ipsum
1364 5144 1541 5181 vocent
1591 5146 1774 5181 scacus

176 5206 270 5255 τρὶ
308 5203 539 5261 σκάκος,
595 5200 880 5249 barbaram
926 5208 977 5249 et
1013 5198 1293 5250 Tut'eicatn
1348 5212 1468 5250 esse
1513 5210 1771 5261 constat;

178 5274 393 5325 Turcis
435 5271 577 5321 enim
630 5280 681 5320 et
716 5268 899 5320 Persis
933 5267 1123 5328 Scaclt,
1152 5284 1241 5319 rex
1270 5278 1373 5321 est.
1420 5267 1496 5319 lla
1544 5265 1744 5318 Leuncl

178 5346 242 5394 in
311 5340 486 5392 I‘uud.
546 5337 730 5401 Tum,
779 5355 831 5389 ιι.
887 5338 937 5398 1,
974 5338 1088 5400 102,
1132 5338 1251 5390 179.
1312 5336 1764 5388 Latrunculorum

170 5428 319 5464 vero
341 5412 608 5478 praecipua
634 5407 1166 5478 pet-suiia(Aeltit_ieti.
1186 5423 1302 5474 cap.
1326 5406 1423 5478 iii
1455 5406 1765 5478 πρός-ωπον)

176 5474 528 5549 "gs-Ruunt
575 5482 833 5529 donatur.
875 5477 1003 5527 Vidn
1040 5475 1324 5531 Dissertat.
1365 5474 1523 5529 Joau‘.
1570 5474 1764 5528 Ft‘anc.

170 5550 435 5603 bataziui
462 5556 525 5601 de
561 5550 686 5599 ludo
718 5549 1056 5598 scaclmrunt.

264 5624 379 5688 (l2)
456 5617 828 5688 Acceptior.
888 5615 1015 5668 Vide
1076 5614 1333 5688 iactibutn
1389 5614 1653 5684 Guysium
1712 5614 1762 5666 in

167 5685 387 5746 Chron.
418 5686 671 5741 Harmon.
706 5685 722 5735 I
751 5686 877 5745 vol.,
920 5702 1039 5749 pag.
1074 5686 1159 5739 55,

262 5762 375 5832 (15)
408 5756 804 5826 Θεομήτορος.
863 5753 1057 5808 A‘ldcm
1112 5756 1354 5824 Deiparm
1407 5754 1544 5810 intra
1580 5753 1763 5823 palatii

506 5855 787 5917 Ριιτιιοι..
816 5855 932 5914 Gn.
964 5853 1248 5917 CXXXI.

1880 4916 2161 4990 delitzes.
2194 4919 2322 4973 Vide
2348 4918 2569 4990 N()‘._:|tl
2594 4920 2875 4990 Villbard.,
2912 4934 2973 4990 tt._
3006 4916 3130 4969 156.

1950 4984 2062 5059 (14)
2096 4988 2703 5059 Ammtplov.'l‘ransiit
2732 4988 3071 5059 postmodum
3104 4986 3291 5036 eadem
3308 4984 3448 5059 ῥυεί-

1876 5053 2017 5122 parte
2046 5053 2205 5111 ardes
2236 5053 2474 5109 Palatina
2538 5058 2589 5107 in
2657 5060 2714 5108 Ι).
2772 5054 3023 5104 Demetrii
3057 5069 3272 5105 nomen.
3304 5053 3446 5109 Sane

1874 5121 2310 5187 Cantacuzenus,
2372 5127 2467 5177 lib.
2510 5141 2592 5187 Ill,
2621 5140 2740 5189 cap.
2782 5124 2813 5174 6
2851 5134 2903 5174 et
2937 5121 2989 5183 9,
3034 5122 3199 5172 aedem
3235 5122 3294 5174 Ι).
3350 5123 3446 5175 De-

1877 5199 2053 5249 metrii
2089 5198 2139 5249 iu
2189 5198 2303 5250 ipso
2337 5195 2537 5261 palatio
2574 5195 2785 5261 statuit.
2817 5190 3055 5261 Meminit
3086 5191 3247 5243 etiam
3278 5191 3444 5244 Codi-

1877 5283 1998 5328 nns,
2039 5266 2108 5316 De
2137 5265 2289 5331 oﬂic.,
2323 5258 2441 5328 cap.
2480 5264 2565 5323 15,
2630 5260 2808 5331 templi
2835 5329 2847 5331 _
2872 5262 2929 5312 D.
2986 5258 3273 5331 Demetrii,
3296 5264 3437 5327 quod

1876 5328 2291 5401 Palmulugoiuut
2319 5342 2587 5398 ntincupat
2616 5348 2628 5391 ;
2656 5330 2799 5401 illius
2828 5329 2963 5381 forte
2999 5332 3137 5394 quod
3180 5344 3207 5380 a
3244 5328 3442 5382 Basilio

1875 5399 2162 5456 Macedone
2227 5413 2540 5452 renovatum
2607 5399 2760 5452 tradit
2819 5400 3121 5465 Seylitzes,
3180 5408 3438 5466 eratque,

1872 5478 2084 5542 opinor,
2116 5473 2165 5524 in
2191 5483 2432 5542 extremo
2460 5470 2608 5521 urbis
2633 5468 2851 5535 angulo,
2879 5469 2964 5519 ubi
2994 5466 3439 5542 oliin_acrt_)po_lis,

1873 5536 2031 5596 hodie
2068 5543 2311 5605 Sarajuttt
2346 5538 2704 5600 Sullanicuni,
2762 5553 2791 5587 tt
2845 5553 2951 5602 quo
2986 5536 3209 5601 angulus
3241 5536 3296 5598 S,
3335 5537 3442 5589 De-

1874 5614 2049 5665 metrii
2085 5604 2280 5663 dictus.
2312 5608 2445 5661 Vide
2480 5608 2698 5667 Ducam,
2726 5622 2843 5668 μοι).
2884 5604 2952 5656 58
2984 5616 3035 5657 et
3067 5606 3134 5659 59
3163 5620 3178 5669 ;
3217 5605 3445 5660 Bondcl-

1872 5683 2131 5737 montium
2159 5693 2209 5735 et
2240 5678 2463 5733 Lcuncl.
2499 5676 2696 5738 Pund.,
2736 5693 2786 5727 u.
2826 5675 2943 5729 159.

2998 5837 3074 5897 29
