4040 6280
328 351 436 412 929

1549 372 1962 436 ALEXIADIS
2001 377 2147 440 LIB.
2193 381 2335 441 XII.

3473 401 3581 463 930

325 464 636 534 Δυρράχιον
670 467 702 538 ἢ
747 468 1077 538 Ἐπίδαμνος
1109 474 1315 544 ἀρχαία
1360 477 1516 540 πόλις
1566 485 1661 536 καὶ
1702 484 1860 555 Ἕλλη

1962 491 2152 554 ,τηειιῇ
2203 493 2374 548 Porro
2412 495 2808 566 Dyrrhachium
2849 503 2965 558 sive
2997 504 3329 572 Epidamnus
3393 514 3576 582 prisca

319 556 425 619 νὶς,
460 558 759 628 κατωτέρω
797 560 896 628 μὲν
943 565 1122 615 κεῖται
1155 564 1248 616 τοῦ
1301 567 1571 632 Ἐλισσοῦ,
1612 573 1709 625 καὶ
1759 575 1860 645 πρὸ

1999 583 2194 637 civitas
2225 584 2424 640 Graeca:
2452 556 2678 658 originis
2704 593 2862 660 paulo
2913 556 3349 657 inferiusFEl-i's—so

319 649 396 700 τά
427 646 688 716 εὐώνυμα
730 651 870 719 μέρη
914 654 1110 706 τούτου
1135 697 1149 721 ,
1199 657 1455 728 ἀνωτέρω
1488 661 1544 714 δὲ
1577 665 1604 715 ό
1653 664 1860 719 Ἐλισσὺ

319 739 411 763 -..Α
449 739 762 763 :-n..v__-___.
821 737 1066 763 M,,,,...
1107 749 1120 763 .
1172 747 1247 763 ,η
1361 754 1371 763 .
1479 752 1501 763 ..
1608 757 1619 763 -
1692 757 1702 763 .

1992 672 2083 741 jus
2112 673 2302 728 laevam
2343 679 2446 732 sita
2473 646 2574 734 esi:
2598 646 2860 750 Oppidum
2889 688 2988 741 hoc
3012 688 3216 745 Elissus
3239 693 3578 763 Dyrrhachio

319 739 416 791 καὶ
445 739 783 810 δεξιώτερον.
819 737 988 807 Οὗτος
1016 745 1074 798 δὲ
1097 749 1124 799 ὁ
1172 747 1412 815 Ἐλισσὸς
1446 752 1557 807 εἴτε
1596 757 1704 808 ἀπό
1748 776 1894 823 τινος

318 832 569 901 ποταμοῦ
613 834 859 888 Ἐλισσοῡ
887 837 1292 908 ὀνομαζομένου
1322 849 1771 916 συμμιγνυμένου
1811 851 1890 920 τῷ

311 925 557 994 Δρυμόνι
587 924 699 994 (50)
742 926 988 997 μεγίστῳ
1045 931 1298 1000 ποταμῷ.
1333 935 1457 986 Εἴτε
1481 935 1656 1000 οὕτως
1702 940 1890 1005 ἁπλῶς

309 1015 378 1066 τὸ
424 1016 698 1086 πολίχνιον
741 1018 1032 1087 ὠνόμαστο
1076 1023 1121 1053 ⁸⁵
1153 1024 1252 1076 οὐκ
1280 1024 1391 1094 ἔχω
1447 1029 1639 1097 σαφῶς
1687 1033 1889 1087 εἰπεῖν.

325 1104 387 1158 Ὀ
417 1106 474 1158 δὲ
510 1107 758 1172 Ἐλισσὸς
791 1113 1069 1183 μετέωρόν
1113 1117 1230 1168 ὲστι
1278 1118 1549 1188 πολίχνιον
1579 1123 1672 1175 καὶ
1706 1125 1882 1192 πάντη

309 1197 650 1264 δυσάλωτον,
681 1201 829 1254 κάτω
878 1203 973 1256 καὶ
1022 1206 1152 1275 περὶ
1197 1208 1295 1270 τὰς
1339 1211 1592 1276 πεδιάδας
1641 1216 1783 1284 ὁρῶν
1826 1216 1887 1269 τὸ

305 1292 632 1362 Δυρράχιον,
658 1295 732 1356 ὡς
756 1295 997 1363 λέγουσι.
1029 1299 1286 1353 Τοιοῦτον
1328 1302 1385 1356 δὲ
1426 1303 1690 1373 ἀσφαλὲς,
1741 1307 1883 1362 ὥστε

308 1381 409 1433 καὶ
459 1384 757 1452 ὴπειρόθεν
816 1388 910 1439 καὶ
962 1391 1025 1442 ἐκ
1080 1389 1352 1462 Θαλάττης
1394 1395 1598 1467 πολλὴν
1652 1399 1878 1473 ἀρωγὴν

307 1476 487 1526 ποιεῖν
525 1476 839 1548 Δυρραχίῳ,
865 1476 908 1547 ᾧ
936 1481 1200 1552 πολιχνίῳ
1237 1485 1314 1554 τῷ
1345 1487 1579 1558 Ἀλισσῷ
1608 1491 1702 1542 καὶ
1745 1493 1880 1544 ἀπο-

303 1564 653 1633 χρησάμενος
706 1569 733 1618 ὁ
784 1568 1144 1640 αὐτοκράτωρ
1189 1571 1426 1638 Ἐλέξιος
1484 1577 1566 1638 εις
1621 1576 1878 1650 βοήθειαν

301 1654 409 1722 τῆς
441 1655 651 1718 πόλεως
682 1656 1018 1728 Ἐπιδάμνου
1047 1661 1155 1715 ἀπό
1209 1679 1268 1714 τε
1316 1663 1412 1716 τοῦ
1447 1668 1696 1735 ποταμοῦ
1735 1670 1879 1737 Δρυ-

191 1741 198 1748 ’
303 1747 470 1813 μόνος
493 1750 824 1819 ναυσιφόρου
850 1752 1216 1822 τυγχάνοντος
1247 1755 1339 1807 καὶ
1357 1756 1478 1815 ,ἀπὸ
1519 1758 1619 1826 τῆς
1645 1759 1876 1828 ἠπείρου

1996 766 2154 836 3'71
2184 783 2417 836 superne
2441 786 2470 825 a
2491 775 2696 828 dextris
2730 776 3040 846 imminens,
3076 793 3259 836 utrum
3286 786 3355 839 ab
3390 788 3572 856 aliquo

1961 858 2075 918 _sic
2133 858 2278 914 dicto
2325 859 2544 917 ﬂumine
2603 867 2841 942 quod-_se
2887 868 2941 922 in
2995 869 3313 941 Drymonem
3353 877 3571 933 ﬂuvium

1993 951 2290 1006 maximum
2343 966 2622 1021 exoneret,
2679 974 2745 1012 an
2773 961 2880 1015 alio
2931 965 3091 1018 modo
3159 983 3352 1022 nomen
3425 973 3570 1026 istud

1991 1045 2282 1111 acceperit,
2340 1047 2587 1115 equidem
2641 1058 2744 1104 non
2791 1052 3013 1109 delinio.
3051 1056 3279 1112 Tantum
3325 1061 3445 1115 dico
3477 1079 3570 1116 ar-

1988 1149 2103 1187 cem
2137 1151 2258 1192 esse
2286 1139 2502 1191 sublimi
2568 1133 2908 1212 alirnptoque
2960 1146 3078 1201 loco
3125 1152 3565 1217 munitissimam,

1987 1237 2148 1296 atque
2184 1229 2318 1281 adeo
2369 1228 2866 1300 inexpugnabilem,
2901 1237 3293 1306 Dyrrhachium
3348 1244 3399 1296 in
3431 1246 3565 1305 lata.

1986 1329 2045 1370 ut
2079 1319 2275 1380 lerunt,
2315 1331 2370 1374 et
2394 1337 2544 1390 aequa
2572 1323 2798 1389 planitie
2830 1329 3060 1394 positum
3091 1345 3122 1383 e
3157 1332 3336 1388 vicino
3371 1336 3565 1403 despc-

1987 1420 2248 1465 Ctantem.
2279 1413 2352 1466 Ea
2381 1421 2463 1467 est
2493 1416 2559 1468 ad
2603 1414 2926 1486 Dyrrhachii
2962 1421 3188 1475 tutelam
3243 1425 3360 1491 ejus
3395 1428 3562 1482 castri

1984 1503 2378 1570 opportunitas,
2407 1515 2467 1560 ut
2494 1507 2546 1560 in
2583 1507 2686 1562 isto
2715 1509 2855 1564 haud
2883 1512 3043 1566 dubie
3075 1516 3324 1581 praesidio
3351 1516 3559 1573 clavem
3648 1567 3654 1574 .

1981 1587 2096 1654 spei
2127 1597 2288 1655 atque
2317 1593 2526 1658 auxilii,
2565 1597 2812 1663 subsidii,
2869 1599 3109 1668 inquam,
3170 1606 3348 1659 omnis
3390 1615 3559 1661 terre-

1981 1681 2110 1734 stris
2139 1683 2502 1754 maritimique
2556 1689 2790 1743 rationes
2822 1705 2887 1744 ac
2917 1693 3164 1747 liduciam
3197 1698 3460 1762 repositas
3490 1715 3556 1752 ea

1983 1773 2112 1824 urbs
2143 1773 2384 1828 haberet.
2440 1777 2685 1831 Obtinuit
2729 1780 2829 1834 hac
2878 1783 3050 1850 gratia
3105 1785 3276 1838 locum
3329 1789 3555 1844 Alexius

306 1838 410 1908 τὴν
442 1840 597 1893 πόλιν
639 1843 947 1913 Δυρραχίου
1000 1846 1474 1915 κατησφαλίσατο,
1519 1850 1586 1902 τὰ
1635 1851 1860 1922 χρειὼδτ

1978 1861 2274 1930 Augustus,
2310 1865 2530 1934 ejusque
2581 1872 2964 1933 commoditate
3008 1876 3180 1942 perite
3227 1887 3556 1948 strenueque

298 1932 368 1987 ὲκ
405 1933 509 2002 γῆς
559 1935 656 1987 καὶ
707 1935 980 2007 θαλάττης
1014 1940 1278 2008 εἰσάγων,
1313 1942 1416 1994 ὅσα
1457 1959 1516 1994 τε
1545 1946 1626 2007 εἰς
1658 1945 1869 2015 τροφὴν

295 2024 408 2076 τῶν
457 2026 645 2079 αὐτόθι
693 2031 1048 2096 στρατιωτῶν
1077 2047 1136 2084 τε
1163 2034 1258 2085 καὶ
1285 2034 1615 2105 οἰκητόρων,
1649 2040 1743 2091 καὶ
1772 2039 1874 2092 ὅσα

294 2119 440 2188 πρός
474 2119 614 2171 ὅπλα
643 2122 739 2173 καὶ
789 2122 974 2191 μάχας
995 2119 1064 2195 ἦν
1089 2125 1399 2195 ἐπιτήδεια.
1446 2128 1504 2180 ὐ
1547 2129 1604 2182 δὲ
1638 2129 1874 2202 Δρυμὼν

292 2202 452 2272 οὗτος
503 2213 530 2262 ὁ
585 2212 855 2280 ποταμὸς,
897 2216 986 2267 ἵνα
1035 2233 1087 2269 τι
1128 2219 1382 2288 καὶπερὶ
1439 2220 1532 2271 τοῦ
1599 2221 1874 2290 ῥεύματος

292 2298 489 2352 τούτου
529 2304 1055 2376 προσιστορήσαιμι,
1106 2309 1190 2377 ῥεῖ
1239 2309 1337 2377 μὲν
1391 2311 1598 2363 ἄνωθεν
1630 2313 1738 2364 ἀπὸ
1771 2313 1872 2382 τῆς

293 2394 599 2464 Λιχνίτιδος
639 2397 840 2468 λίμνης
874 2399 1006 2470 (51),
1041 2401 1106 2470 ἢν
1140 2403 1171 2470 ἡ
1212 2401 1306 2454 νῦν
1328 2403 1545 2470 γλῶττα
1586 2405 1869 2473 ἐκϐαρϐα-

292 2487 522 2556 ρώσασα
563 2488 785 2558 Ἀχρῐδα
835 2493 1282 2562 προσηγόρευσεν
1332 2495 1439 2547 ἀπὸ
1479 2497 1702 2564 Μόκρου
1755 2496 1866 2566 (52)

287 2579 386 2632 τοῦ
419 2580 734 2652 Βουλγάρου
783 2583 1051 2652 βασιλέως
1096 2585 1164 2638 τὰ
1207 2587 1399 2655 πρῶτα
1440 2589 1533 2642 καὶ
1568 2589 1634 2642 τὰ
1666 2589 1868 2659 ἔσχατα

286 2671 546 2741 Σαμουὴλ
582 2673 675 2725 τοῦ
725 2673 820 2727 ἐπὶ
858 2677 969 2727 τοῖν
1001 2675 1273 2744 βασιλέοιν
1314 2680 1732 2733 Κωνσταντίνου
1771 2681 1866 2734 καὶ

286 2764 572 2818 Βασιλείου
629 2767 737 2819 τῶν
791 2767 1331 2838 Πορφυρογεννήτων
1398 2772 1708 2837 γεγονότος,
1773 2773 1860 2826 διά

290 2873 463 2909 τινων
514 2858 742 2929 τάφρων
776 2859 994 2926 ἑκατὸν,
1030 2858 1096 2922 ἃς
1142 2860 1386 2930 γεφύρας
1434 2863 1544 2932 (55)
1595 2864 1863 2932 ἐπονομά-

289 2947 498 3017 ζομεν⁶
536 2951 629 3002 καὶ
678 2951 786 3020 γὰρ
831 2952 1197 3023 ἀπορρέουσιν
1229 2953 1275 2984 ⁹⁶
1317 2952 1506 3024 ὥσπερ
1545 2954 1653 3010 ἀπό
1699 2974 1861 3010 τινων

283 3043 472 3114 ἀρχῶν
513 3043 786 3114 διαφόρων
835 3044 933 3112 τῆς
983 3045 1180 3115 λίμνης
1223 3045 1546 3117 διῃρημένοι
1600 3049 1858 3118 ποταμοὶ,

283 3135 384 3189 καὶ
414 3137 492 3197 εἰς
519 3136 715 3188 ἑκατὸν
757 3137 985 3204 ἥκοντες
1013 3137 1073 3188 οὐ
1114 3137 1364 3207 λήγουσι,
1394 3136 1519 3208 κᾷθ’
1563 3138 1737 3202 οὕτως
1779 3139 1858 3206 τῷ

280 3227 516 3294 ποταμῷ
539 3225 618 3294 τῷ
649 3202 794 3279 κατά
834 3226 932 3296 τὴν
967 3202 1180 3298 Δεύρην
1217 3227 1330 3298 (54)
1364 3202 1668 3298 ὲνόύμενοι,
1707 3230 1767 3292 ἐξ
1793 3202 1854 3283 ob
1884 3202 1924 3256 θ

277 3320 375 3372 καὶ
408 3317 641 3389 Δρυμὼν
667 3317 1090 3386 ἐπονομάζεται,
1134 3321 1230 3372 καὶ
1263 3322 1503 3389 συνεχεῖς
1532 3321 1682 3389 αὐτῷ
1713 3321 1855 3388 γινό-

281 3429 443 3478 μενοι
501 3409 836 3463 πλατύνουσί
887 3427 947 3462 τε
989 3411 1150 3465 αὑτὸν
1191 3413 1284 3464 καὶ
1331 3412 1590 3481 μέγιστον
1634 3412 1855 3482 ὲξεργάυ

274 3504 488 3567 ζονται.
522 3504 620 3564 ὐς
660 3503 786 3565 τοὺς
842 3503 1112 3570 ἐσχάτους
1173 3503 1281 3554 τῶν
1333 3503 1636 3573 Δαλματῶν
1670 3521 1855 3576 παρα-

274 3594 488 3664 μειὸων
511 3593 602 3645 καὶ
639 3592 775 3662 πρὸς
812 3592 1024 3663 Βορρᾶν
1064 3590 1252 3658 ἀνιὼν,
1285 3591 1478 3646 ἔπειτα
1514 3596 1856 3665 ἐπικάμπτει

272 3687 418 3756 ’πρὸς
466 3686 661 3748 Νότον,
725 3687 821 3738 καὶ
888 3685 1016 3752 περὶ
1077 3684 1177 3748 τὰς
1225 3684 1383 3755 ῥίζας
1438 3686 1532 3740 τοῦ
1596 3687 1848 3743 Ἐλισσοῢ

270 3777 566 3846 γινόμενος
625 3778 706 3838 εἰς
753 3779 845 3827 τὸν
899 3775 1270 3845 Ἀδριαντικὸν
1322 3777 1572 3831 ἐκδίδωσι
1625 3779 1847 3834 κόλπον.

1980 1971 2111 2011 usus
2156 1968 2238 2011 est
2293 1961 2359 2012 ad
2412 1961 2767 2029 Epidamnum
2825 1967 2982 2021 rebus
3040 1972 3290 2027 omnibus
3333 1975 3552 2041 c0piose

1980 2048 2373 2106 instruendam.
2410 2054 2606 2121 Sicque
2635 2064 2740 2108 tam
2790 2059 2818 2110 a
2858 2061 3016 2125 mari,
3045 2077 3139 2129 per
3171 2079 3384 2119 amnem
3416 2066 3551 2135 Dry-

1980 2155 2192 2194 monem
2223 2142 2513 2208 patientem
2551 2147 2788 2211 navium,
2826 2163 2986 2216 quam
3017 2167 3044 2203 a
3071 2155 3390 2218 continenti,
3415 2158 3551 2213 duas

1977 2245 2193 2298 semper
2227 2242 2370 2287 tutas
2426 2243 2478 2286 et
2514 2245 2754 2301 patentes
2789 2252 3189 2298 commeatuum
3234 2249 3413 2300 omnis
3459 2265 3554 2316 ge-

1975 2323 2154 2386 neris,
2203 2327 2404 2393 quique
2442 2330 2508 2381 ad
2553 2330 2751 2382 vii-tum
2787 2332 3016 2385 militum
3053 2336 3384 2404 civiumque,
3424 2341 3549 2406 qui-

1973 2429 2078 2482 que
2105 2417 2168 2468 ad
2218 2416 2340 2470 belli
2404 2435 2815 2488 pugnarumque
2867 2438 2995 2476 usus
3042 2434 3198 2478 erant
3229 2430 3545 2497 necessarii,

1972 2506 2126 2567 duas,
2164 2507 2404 2574 inquam,
2462 2510 2596 2564 latas
2631 2521 2683 2566 et
2727 2513 2915 2568 faciles
2945 2515 3060 2569 vias
3104 2530 3332 2571 annonae
3360 2521 3548 2589 cujus-

1971 2612 2205 2666 cunque,
2259 2603 2322 2653 ad
2376 2591 2697 2670 praecipuam
2753 2607 3015 2662 adversus
3072 2623 3258 2676 casum
3295 2615 3544 2678 quemvis

1969 2690 2345 2758 securitatem,
2379 2693 2584 2747 civitati
2624 2697 2957 2765 Dyrrhachio
2988 2701 3249 2754 servavit.
3306 2703 3540 2772 Drymon

1967 2795 2128 2848 porro
2161 2781 2248 2836 hic
2307 2785 2502 2850 amnis,
2562 2796 2622 2840 ut
2653 2797 2706 2840 ct
2756 2787 2822 2840 de
2853 2789 2968 2857 ipso
3020 2791 3221 2861 aliquid
3251 2793 3540 2861 disseram,

1967 2881 2130 2941 caput
2163 2884 2327 2942 atque
2379 2877 2640 2944 originem
2683 2895 2710 2932 a
2743 2878 3052 2935 Lirbuitide
3110 2885 3274 2937 trahit
3320 2886 3541 2951 palude,

1965 2979 2126 3032 quam
2161 2965 2342 3036 lingua
2400 2985 2542 3024 nunc
2578 2970 2628 3023 in
2659 2972 2959 3027 barbariem
2992 2975 3326 3043 degenerans
3355 2977 3544 3031 Achri-

1963 3059 2082 3109 dem
2118 3065 2298 3121 vocat,
2334 3072 2362 3110 a
2399 3058 2567 3126 priori
2598 3061 2957 3128 appellatione
3007 3063 3208 3116 Mochri
3242 3067 3382 3133 regis
3413 3066 3542 3119 Bul-

1961 3146 2100 3214 εει-ἰ,
2151 3145 2270 3213 ejus
2318 3148 2410 3215 qui
2443 3149 2636 3202 deinde
2666 3149 2883 3205 Samuel
2913 3161 2998 3206 est
3037 3154 3366 3209 nominatus.
3422 3158 3542 3210 Flo-

1957 3236 2064 3290 ruit
2098 3238 2142 3292 is
2180 3237 2568 3306 imperantibus
2606 3240 2960 3295 Constantino
2987 3250 3038 3296 et
3069 3242 3267 3297 Basilio
3297 3244 3544 3316 Porphy-

1957 3327 2257 3394 rogenitis:
2302 3329 2521 3396 quando
2551 3329 2706 3383 istam
2755 3330 3002 3397 paludem
3037 3333 3284 3387 derivare
3319 3335 3532 3388 exhau-

1957 3416 2169 3485 rireque
2233 3431 2515 3486 aggressus
2580 3419 2632 3471 in
2692 3418 2866 3474 fossas
2930 3435 3048 3474 eam
3098 3425 3358 3490 quasdam
3413 3426 3531 3478 sive

1956 3508 2144 3563 alveos
2172 3511 2345 3563 secuit
2376 3517 2594 3563 centum
2623 3525 2755 3578 quos
2773 3519 2963 3577 pontes
2983 3513 3354 3581 appellamus‘;
3386 3515 3532 3583 ripas

1956 3600 2102 3656 enim
2135 3610 2188 3655 et
2218 3602 2526 3670 crepidines
2558 3602 2763 3657 habent
2809 3605 2965 3672 quasi
2998 3604 3191 3660 subtus
3236 3605 3447 3672 pervias
3476 3615 3534 3660 et

1956 3706 2022 3747 ex
2054 3707 2163 3747 uno
2193 3693 2247 3746 iu
2284 3693 2449 3745 alium
2485 3695 2740 3749 meabiles
2770 3696 3186 3764 penetrantibus
3234 3695 3531 3763 scaturigi-

1955 3796 2084 3834 num
2120 3783 2293 3844 venis,
2326 3783 2460 3836 adeo
2487 3791 2546 3836 ut
2581 3783 2634 3838 in
2683 3785 2803 3838 rivo
2847 3785 3088 3854 quolibet
3149 3793 3314 3853 caput
3367 3783 3530 3839 fontis

1325 3890 1522 3953 Variae
1566 3893 1870 3956 lectiones
1906 3910 1982 3956 ex
2003 3895 2146 3958 cod.
2180 3895 2444 3960 Coislin.

345 3995 393 4026 ’⁵
421 3992 759 4061 ὠνόμασται.
835 3991 881 4023 ⁸⁸
922 3990 1298 4060 ὑπορρέουσιν.

1306 4131 1448 4194 Car.
1480 4131 1798 4194 Dufresnii
1837 4130 1932 4192 Du
1965 4132 2188 4211 Cangii
2223 4139 2413 4196 notaa.

347 4235 462 4317 (50)
493 4236 770 4318 Δρυίέόξθιἶ
803 4236 1044 4318 Drymorr
1067 4235 1342 4318 Dalluatitn
1367 4236 1577 4318 lluyiu-f,
1604 4237 1694 4305 qui
1719 4237 1850 4318 oli_m

266 4305 472 4361 Drinus
513 4317 565 4358 et
625 4305 863 4376 Drinius,
925 4307 1082 4360 hodie
1143 4305 1329 4372 Drino,
1386 4307 1454 4360 ad
1515 4307 1766 4376 Elyssum
1797 4308 1850 4361 in

271 4392 424 4430 mare
456 4375 787 4427 Adriaticum
812 4377 1090 4428 evolvitur.

343 4446 456 4514 (51)
498 4443 1096 4530 Λιχνίτηξοςσᾼίμνηςτ
1117 4446 1625 4530 VibiusﬁSequester
1658 4466 1673 4499 :
1700 4446 1840 4530 ιρι-ἱ·
1865 4472 1918 4530 D

267 4512 370 4568 mis
417 4532 450 4567 a
492 4516 682 4580 palude
732 4512 956 4580 Lignisti
1012 4517 1225 4568 abluens
1292 4515 1542 4568 Scodram
1592 4517 1839 4583 oppidum

269 4585 632 4654 Illyricorum.
664 4583 940 4654 _Atzvtaigr
978 4585 1172 4637 dicitur
1237 4585 1458 4652 Polybio
1483 4623 1497 4644 .
1557 4585 1840 4654 Λίχνιττος

265 4652 573 4716 Stephano,
608 4652 868 4721 Λίχνηδος
899 4652 1199 4719 Niceplioro
1248 4655 1382 4708 Call.
1405 4655 1573 4723 hodie
1613 4652 1752 4723 Lago
1784 4657 1838 4706 di

265 4726 522 4782 Loci-ida,
557 4725 624 4774 ab
655 4723 888 4774 Acin-ide
923 4724 1116 4790 oppido
1162 4725 1357 4782 vicino,
1403 4722 1664 4778 Liclinido
1697 4722 1837 4778 iolim

267 4803 604 4861 nuncupatu,
644 4795 716 4842 uti
755 4801 992 4844 notatum
1028 4794 1091 4844 ad
1123 4810 1239 4861 pag.
1283 4794 1403 4846 109.

346 4864 461 4932 (5:2)
526 4861 979 4932 ἈπὸᾲΜόκρου.
1039 4861 1349 4932 Acliridem,
1374 4879 1466 4916 seu
1517 4864 1724 4926 urbem,
1755 4864 1836 4916 vel

265 4930 517 5004 paludem
562 4930 767 5004 oppido
812 4931 1430 5004 adjacentem,all'lncro
1484 4932 1835 5002 Bulgarorum

265 5000 394 5070 rege
419 5000 592 5066 appell
615 5001 832 5070 itionem
867 5002 1162 5070 sumpsisse
1201 5003 1454 5070 docemur
1480 5018 1542 5055 ex
1571 5000 1746 5057 Anna.
1771 5005 1839 5057 At

263 5068 708 5140 Theophylactus
732 5068 888 5135 epist.
918 5069 1005 5129 65,
1043 5071 1094 5121 in
1127 5086 1228 5136 qua
1261 5069 1551 5124 Boemundi
1586 5074 1840 5140 irruptio-

268 5159 390 5195 uem
423 5129 798 5205 'itrlllyrii-utii
842 5149 1050 5200 narrat,
1093 5129 1320 5191 tractum
1386 5129 1714 5195 Achridensi'
1749 5157 1835 5194 re-

262 5213 433 5278 gioni.
487 5209 566 5261 vel
594 5207 751 5279 _urbi.
794 5210 1212 5279 conterminum,
1241 5209 1458 5278 Μόκρον
1509 5214 1831 5279 appellatum

261 5277 499 5333 testatur
552 5277 700 5329 hiSCc
749 5277 946 5330 Verbis.
992 5293 1108 5340 qua!
1168 5277 1286 5329 ideo
1333 5277 1417 5329 llic
1468 5277 1656 5333 (lanius
1712 5281 1833 5344 quia

262 5361 424 5415 egi-ut
460 5345 821 5413 explicatione
851 5362 863 5395 :
900 5345 977 5396 Τὰ
1091 5349 1226 5398 κατὰ
1268 5347 1367 5416 τὴν
1407 5348 1628 5415 Ἀχρίδα
1659 5348 1835 5398 πάντα

267 5421 440 5484 φόὸου
478 5416 678 5486 μεστὰ,
735 5417 912 5486 narra
936 5415 1044 5467 ἀπὸ
1089 5416 1182 5467 τοῦ
1217 5415 1442 5486 Μάκρου
1490 5418 1652 5485 μέρος
1704 5419 1749 5480 (ὁ
1777 5416 1833 5466 δὲ

264 5491 485 5558 Μάκρος
537 5488 638 5558 τῆᾎς
668 5484 910 5558 ξΑχρέδος
941 5484 1458 5558 τμῆμ-αλπαράτοῤ
1512 5484 1698 5558 δούλου
1738 5487 1832 5558 καὶ

265 5554 574 5610 ἀποστάτου
607 5554 911 5620 λελήῖτται.
971 5557 1030 5625 'll
1065 5557 1119 5606 δὲ
1150 5555 1364 5623 Βάγορα
1397 5555 1541 5625 (ὅρος
1589 5556 1647 5607 δὲ
1694 5555 1831 5622 αὑτὴ

263 5628 556 5696 πάμμεγα,
611 5623 705 5696 καὶ
750 5627 858 5696 τοῖς
910 5624 1294 5692 Βουλγαρικοίς
1334 5628 1425 5676 καὶ
1453 5623 1833 5696 ῨΔυρραχικοίς

263 5679 764 5766 δρέέιμεσιτεῦον)
821 5696 968 5759 παρὰ
1019 5679 1288 5766 άντξίινρτου
1353 5679 1706 5766 φυλάττέταῖ,
1740 5695 1832 5745 καὶ

267 5765 502 5830 συνόλως
561 5765 759 5826 εἰπεῖν,
825 5768 998 5832 πάντη
1042 5765 1210 5818 κακὸν
1271 5765 1454 5826 κακῶς
1492 5766 1827 5832 ἐστήρικται.

1951 4235 2156 4309 Quippe
2186 4238 2528 4294 Boemundus
2548 4239 2898 4306 describitur,
2937 4243 3026 4309 qui
3073 4244 3259 4299 Alexio
3282 4246 3437 4302 fidem
3469 4257 3525 4304 et

1953 4306 2252 4381 clientelam
2290 4323 2426 4381 cum
2474 4323 2818 4365 sacramento
2850 4306 3129 4376 professus
3170 4324 3307 4380 erat,
3347 4333 3521 4381 coque

1993 4378 2283 4450 osthabito.
2319 4379 2755 4450 iniimperatoris
2791 4382 2941 4442 lines.
2971 4381 3212 4450 apostata
3266 4378 3318 4438 et
3371 4378 3526 4441 [mdi-

1971 4461 2126 4511 ragus
2158 4446 2351 4522 factus,
2388 4446 2675 4522 irruperat.
2718 4451 2875 4504 Addit
2939 4446 3176 4518 posthaec
3232 4456 3522 4522 imperato-

1944 4530 2055 4568 rem
2085 4529 2307 4592 accepto
2341 4518 2869 4592 irruptionis,nuntio
2905 4523 3115 4575 misisse
3149 4525 3199 4576 in
3246 4518 3516 4592 Illyricum

1942 4587 2209 4660 sororium
2242 4587 2763 4660 siitiitrll'lit-liaelein
2804 4591 2999 4644 Duram
3053 4587 3517 4660 protostra'torem,

1941 4655 2030 4720 qui
2053 4655 2295 4709 collectis
2323 4657 2605 4723 militibus,
2645 4659 2938 4714 Bnemundi
2975 4655 3258 4717 conatibus
3288 4655 3520 4718 obsiste-l

1942 4734 2041 4798 ret,
2071 4727 2209 4798 quod
2239 4727 2360 4798 silet
2391 4727 2538 4780 Anna
2577 4745 2592 4781 :
2644 4730 2702 4783 Ὀ
2732 4731 2836 4798 γάρ
2867 4748 2949 4784 τοι
2995 4733 3372 4796 πανσέϐαστος
3418 4736 3519 4785 Σε-

1939 4793 2137 4871 gusti);
2168 4796 2263 4871 xui.
2296 4793 2951 4871 Πρωτοστράτωρκῦριος
2980 4802 3199 4871 Μιχαὴλ
3234 4793 3384 4869 παρά
3417 4803 3515 4853 τοῦ

1940 4852 2206 4935 βασιλέως
2239 4852 2441 4934 ἐστάλη
2483 4852 2569 4933 ὲφὅ
2601 4862 2644 4934 ᾧ
2672 4852 3008 4933 uelli-ﬁgat.“
3055 4852 3278 4935 ἓνδρας.
3315 4852 3409 4922 διαὶ
3436 4871 3515 4927 τῶ

1939 4933 2257 5006 καθάρματι
2307 4933 2718 4999 ἀντιτάξασθαι,
2747 4949 2853 4992 etc.
2913 4939 3077 4990 Porro
3118 4933 3330 5006 Ragora
3361 4953 3514 4990 mons

1938 5004 2077 5074 apud
2115 5003 2596 5074 Theopbylactum,
2650 5011 2785 5058 idem
2816 5007 2904 5059 ille
2952 5014 3054 5066 est,
3088 5003 3510 5074 qui'Bagulatus

1937 5073 2131 5144 dicitur
2165 5072 2469 5144 Fulcherio,
2491 5075 2581 5125 lib.
2613 5090 2770 5144 trap.
2791 5077 2844 5128 5.

2011 5143 2122 5207 (55)
2163 5143 2266 5204 “Ac
2296 5144 2573 5210 γεφύρας.
2622 5142 2863 5208 Μειιιίιηι]
2891 5143 3107 5195 indubie
3142 5142 3290 5195 hisce
3326 5143 3518 5194 subest

1937 5211 2132 5271 verbis,
2186 5225 2342 5262 neuio
2377 5216 2518 5264 enim
2571 5216 2748 5276 pontis
2822 5212 3035 5263 noiniue
3096 5210 3282 5262 donari
3342 5211 3514 5263 fossas

1934 5279 2136 5346 credat.
2180 5277 2400 5342 lli-pono
2427 5281 2609 5344 igitur,
2643 5291 2699 5332 ut
2724 5295 2904 5344 supra,
2929 5296 3048 5346 pag.
3081 5281 3204 5342 1'55,
3229 5279 3292 5342 ἃς
3315 5295 3513 5346 στρου-

1933 5346 2033 5410 γὰς
2068 5345 2429 5412 ὀνομάζομεν.

2008 5413 2422 5485 (54),.13dpn-r.
2461 5415 2750 5470 Memiuere
2795 5418 2951 5469 istius
2998 5416 3177 5483 Oppidi
3219 5416 3509 5485 Srylitzes,

1933 5499 2055 5551 pag.
2094 5483 2225 5543 745;
2257 5484 2686 5546 (Jantacuzenus,
2709 5488 2801 5539 lib.
2826 5501 2885 5547 ll,
2905 5502 3022 5552 cap.
3043 5486 3113 5537 25
3135 5502 3150 5550 ;
3173 5498 3224 5539 et
3242 5483 3510 5550 llarletus,

1934 5557 2026 5606 lib.
2065 5568 2152 5604 \‘ltl
2193 5553 2262 5604 De
2293 5564 2420 5621 gest.
2452 5554 2823 5623 Scanderbegi.
2851 5557 2954 5606 Nec
2991 5557 3103 5605 scio
3135 5571 3200 5607 an
3227 5559 3362 5608 idem
3386 5569 3506 5623 cum

1933 5623 2202 5682 Deuritza,
2227 5624 2290 5672 de
2318 5637 2417 5687 qua
2446 5626 2632 5679 eoden
2660 5622 2795 5678 libro
2819 5625 3247 5685 Cantacuzenus,
3273 5639 3392 5688 cap.
3415 5622 3508 5677 20.

1933 5691 2120 5764 Exstat
2154 5688 2389 5756 Epistola
2424 5690 3089 5764 Theophylacti_inscripta
3116 5693 3193 5764 τῷ
3223 5692 3508 5758 ὲπισκόπῳ

1931 5760 2160 5831 Δὲὄρης,
2187 5777 2305 5830 qua:
2330 5770 2412 5816 est
2441 5762 2507 5814 67
2537 5778 2602 5818 ex
2633 5760 2976 5820 lllcursianis.
