3992 6278
535 319 640 388 951

1819 323 2042 384 ΑΝΝΞΞ
2077 317 2453 378 (ΖΟΜΝΕΝΕ

3630 314 3718 380 952

541 439 846 496 machinam
870 437 1188 504 agitantium
1218 455 1230 491 :
1255 451 1372 504 qua:
1399 445 1456 488 ut
1484 451 1540 488 se
1567 436 1818 506 ipsosque
1843 435 2104 504 pulsando

2211 449 2320 485 νων
2341 431 2479 501 ὀπὴν
2503 429 2881 501 ἀνερῤωγότες
2905 426 3028 481 κατ’
3055 425 3282 499 ἀντικρῦ
3317 425 3406 481 καὶ
3437 426 3716 500 θεασάμενοι

534 537 816 601 rumperet
843 543 1117 596 nunquam
1155 529 1366 598 aperire
1409 537 1617 582 tantmn
1652 529 1788 582 muri
1835 527 1956 582 labe
1987 528 2106 580 adi-

531 633 642 676 tum
679 629 880 688 posset,
922 628 1184 687 quantum
1218 628 1359 672 esset
1405 621 1548 686 quod
1600 619 1740 672 ultro
1789 619 2108 685 aperiebant

531 713 767 780 spatium
793 721 1073 780 portarum
1113 711 1422 778 patentibus
1453 709 1642 764 valvis.
1676 710 1736 764 Hi
1775 710 1914 764 sales
1945 719 2107 776 atque

531 801 620 854 illa
642 800 836 854 fiducia
877 816 998 867 qua:
1030 799 1200 852 ΔιειτΞί
1247 802 1457 867 nepotis
1483 800 1708 869 Augusti
1752 801 1988 854 obsessa:
2014 817 2106 854 ur-

536 892 640 954 bis,
687 893 762 946 uti
811 892 1066 952 diximus,
1101 892 1374 958 praefecti,
1415 894 1722 962 ducuntque
1757 909 1820 948 ac
1873 896 2104 948 militum

535 985 656 1051 eius
683 983 989 1052 intrepidos
1035 983 1251 1036 animos
1277 986 1598 1052 prodebant,
1641 995 1693 1036 et
1726 1000 1896 1052 usque
1943 987 2006 1038 ad
2046 986 2110 1038 li-

535 1076 768 1132 centiam
817 1074 1034 1142 jocaudi
1087 1090 1309 1128 securas
1365 1087 1590 1138 mentes,
1619 1075 1760 1130 haud
1794 1077 1895 1130 lacti
1937 1077 2108 1131 Gallis

535 1169 858 1224 accidebant
894 1187 906 1223 :
940 1185 1169 1237 quorum
1219 1170 1296 1222 illi
1330 1170 1535 1223 alacres
1584 1169 1958 1224 inchoantium
1992 1171 2108 1238 spi-

533 1262 674 1316 ritus
703 1262 846 1316 tristi
874 1262 982 1330 jam
1021 1263 1401 1326 deSpcratione
1455 1263 1738 1316 constricti
1796 1263 2105 1331 torpebant,

529 1353 596 1406 ad
629 1353 788 1406 talem
841 1352 1234 1419 experientiam
1280 1352 1591 1408 inutilitatis
1647 1365 1937 1408 conatuum
1983 1369 2106 1409 suo-

531 1460 690 1510 rum;
743 1444 1226 1513 praeiudicinmque
1263 1447 1460 1514 passim
1514 1461 1702 1500 omnes
1745 1457 1908 1516 atque
1935 1464 2107 1516 augu-

532 1539 671 1591 rium
735 1537 862 1592 inde
891 1553 996 1591 non
1030 1554 1224 1592 vanum
1279 1538 1551 1594 ducebant
1598 1543 1797 1610 incepti
1847 1533 2129 1597 successu'

531 1631 754 1684 carituri
781 1647 795 1694 ;
823 1631 1088 1699 languere.
1132 1631 1295 1700 igitur
1330 1645 1394 1684 ac
1423 1631 1698 1686 remittere
1734 1633 2101 1698 industriam;

534 1735 634 1775 nec
675 1722 775 1775 nisi
807 1721 1185 1790 desperatione
1215 1723 1368 1792 quasi
1419 1737 1644 1779 enerves
1689 1723 1932 1796 infligere
1963 1726 2103 1780 ictus

2129 1523 2159 1544 "J

2213 525 2272 578 τὸ
2315 523 2518 593 πλῆθος
2569 522 2677 575 ἀπὺ
2734 521 2835 590 τῆς
2891 519 3046 582 ὲντδς
3101 520 3389 589 γινομένης
3439 524 3714 592 τρυμαλιᾶς,

2213 617 2348 685 πυρὶ
2379 615 2446 668 τὰ
2491 615 2696 666 τούτων
2753 613 3022 682 πρόσωπα
3055 609 3462 682 κατῃθάλωσαν.
3487 613 3634 668 Τοῦτο
3671 617 3716 670 δὲ

2211 710 2272 760 τὸ
2305 707 2413 776 πῦρ
2441 707 2550 759 ἀπὸ
2581 705 2840 758 τοιούτων
2898 704 3310 772 μηχανημάτων
3345 706 3514 767 αὐτοῖς
3543 706 3716 760 διεσκέ-

2210 804 2393 854 δαστο.
2433 799 2563 852 Ἀπὸ
2599 801 2695 862 τῆς
2727 782 3062 866 πεύκης(56)
3094 797 3188 851 καὶ
3217 797 3386 850 ἄλλων
3413 797 3561 850 τινῶν
3576 799 3720 852 τοιού-

2209 912 2314 946 των
2347 894 2578 957 δένδρων
2610 890 2876 944 asinam:
2901 891 3192 956 συνάγεται
3221 888 3442 958 δάκρυον
3469 891 3718 946 ἄπαυστον.

2211 987 2382 1038 Τοῦτο
2417 987 2556 1055 μετὰ
2585 985 2729 1038 θείου
2761 983 3082 1053 τριϐόμενον
3131 981 3451 1050 ἐμϐάλλεται
3503 984 3572 1045 εἰς
3598 982 3720 1034 αύλὶ·

2213 1095 2374 1140 σκους
2407 1077 2674 1146 καλάμων
2697 1077 2788 1129 καὶ
2821 1075 3137 1144 ὲμφυσᾶται
3181 1074 3330 1141 παρὰ
3361 1073 3450 1126 τοῦ
3477 1074 3718 1135 παέζοντος

2209 1169 2398 1240 λάϐρῳ
2423 1171 2518 1222 καὶ
2547 1171 2762 1238 συνεχεῖ
2791 1169 3082 1236 πνεύματι.
3109 1163 3232 1237 κᾷθ’
3279 1164 3447 1226 οὕτως
3481 1166 3637 1233 ὀμιλεί
3659 1164 3720 1232 τῷ

2210 1263 2348 1332 πρὶς
2379 1262 2557 1331 ἄκραν
2609 1261 2742 1329 πυρὶ¹
2783 1259 2880 1310 καὶ
2907 1257 3225 1322 ἐξάπτεται,
3261 1258 3354 1308 καὶ
3387 1255 3559 1324 ὥσπερ
3601 1272 3712 1324 πρη-

2211 1353 2348 1422 στὴρ
2375 1352 2638 1420 ἐμπίπτει
2668 1353 2790 1412 ταῖς
2824 1349 3245 1418 ἀντιπρόσωπον
3275 1347 3444 1416 ὄψεσι,
3475 1348 3639 1415 Τούτῳ
3661 1345 3720 1413 τῷ

2209 1442 2342 1512 πυρὶ
2371 1441 2700 1512 κεχρημένοι
2746 1442 2795 1492 οἱ
2847 1439 3036 1493 τᾶνδον
3063 1439 3156 1491 τοῦ
3181 1439 3479 1508 Δυρραχίου
3503 1437 3719 1505 κατέχον-

2208 1551 2322 1599 τες,
2356 1535 2588 1601 ὲπείπερ
2617 1530 3026 1602 ἀντιπρόσωποι
3050 1526 3190 1600 ἦσαν
3221 1531 3333 1590 τοῖς
3365 1527 3619 1596 πολεμίοις
3643 1529 3720 1588 τᾶς

2208 1644 2267 1680 τε
2293 1625 2577 1694 γενειάδας
2619 1622 2798 1680 αὐτῶν
2831 1623 2924 1674 καὶ
2953 1623 3023 1674 τὰ
3049 1621 3388 1688 κατέφλεξαν
3411 1619 3648 1690 πρόσωπα
3667 1619 3718 1671 ¹⁰.

2211 1718 2321 1770 Καὶ
2341 1711 2410 1787 ἦν
2443 1716 2572 1768 ἰδεῖν
2599 1714 2824 1775 τούτους
2847 1713 3102 1783 καθάπερ
3125 1716 3333 1782 σμῆνος
3373 1712 3616 1780 μελισσῶν
3641 1709 3722 1762 ὑπὸ

529 1817 891 1883 muro,'~quem
915 1816 1073 1885 lange
1105 1815 1359 1870 firmioris
1391 1825 1674 1870 senserant
1706 1818 1908 1887 operis,
1939 1833 2098 1887 quam

2213 1807 2424 1862 καπνοῦ
2453 1807 2804 1876 διωκόμενον.
2841 1806 3204 1873 ὲξαγομένου;
3231 1807 3492 1868 ἀτάκτως.
3524 1803 3630 1857 ὅθεν
3650 1803 3722 1854 εὖ·

532 1915 590 1959 ιιι
625 1921 722 1958 suo
755 1908 1034 1975 perrumpi
1085 1907 1373 1975 quantovis
1419 1919 1614 1962 conatu
1666 1919 1866 1978 posset.
1905 1908 2102 1964 Verum

532 1997 690 2050 arieti
724 2012 788 2050 ne
809 1997 1031 2066 penitus
1063 2007 1306 2051 ce-sarct
1333 2015 1527 2052 novum
1555 2000 1981 2070 Dyrracbicnses
2011 2017 2104 2055 ne-

531 2088 736 2154 gotium
793 2087 1142 2142 facessivere.
1195 2087 1432 2159 Injectus
1467 2091 1611 2144 enim
1667 2091 1736 2146 ab
1797 2092 1864 2146 iis
1903 2107 1969 2145 ex
1996 2093 2104 2147 alto

527 2178 670 2249 ignis
731 2181 995 2234 otiantem
1053 2183 1359 2236 machinam
1393 2184 1700 2251 corripiens
1753 2185 1805 2238 in
1863 2185 2102 2239 cinerem

529 2273 779 2328 mutavit.
815 2274 898 2328 Ab
929 2275 1026 2328 hac
1059 2289 1155 2344 spe
1197 2275 1388 2341 dejccti
1419 2275 1555 2329 Galli
1595 2277 1660 2330 ad
1710 2277 1856 2331 aliud
1887 2279 2106 2333 terribi-

527 2362 631 2416 lius
683 2365 963 2418 inventum
993 2365 1350 2436 cogitationes
1381 2368 1658 2436 appulere.
1705 2367 1786 2422 Ad
1820 2369 2098 2424 borealem

525 2455 677 2510 urbis
731 2465 940 2526 partem
992 2471 1022 2512 e
1079 2459 1303 2528 regione
1343 2459 1618 2512 cathedrae
1671 2459 1901 2523 ducalis,
1938 2477 2098 2530 quem

525 2547 700 2601 locum
725 2549 1038 2614 praetorium
1070 2551 1379 2614 nominant,
1410 2553 1650 2604 tumulus
1679 2553 1929 2620 surgebat
1957 2553 2100 2608 rulla

527 2638 672 2692 intus
705 2639 842 2692 mole
875 2655 1034 2692 saxea
1085 2640 1314 2704 solidus,
1355 2641 1446 2694 sed
1492 2651 1634 2694 terra
1688 2645 1950 2697 duntaxat
1983 2662 2102 2696 mo-

525 2725 616 2779 bili
658 2737 928 2796 aggestns,
957 2744 1128 2798 supra
1163 2743 1321 2799 quem
1353 2729 1607 2786 fundatus
1636 2733 1878 2788 civitatis
1911 2751 2098 2789 nntrns

2209 1899 2428 1960 τάκτως
2479 1897 2754 1967 εἰσῄεσαν.
2802 1895 2958 1948 Ἐπεὶ
2993 1895 3048 1947 δὲ
3109 1896 3205 1946 καὶ
3267 1895 3424 1948 τοῦτο
3474 1893 3634 1954 αὐτοῖς
3659 1891 3720 1952 εἰς

2210 1991 2390 2060 μάτην
2449 1990 2754 2058 ἐπεπόνητο
2794 1991 2885 2042 καὶ
2923 1989 2956 2058 ἠ
3010 1987 3325 2058 βαρϐαρικὴ
3383 1986 3582 2055 φροντὶς
3611 1981 3718 2050 αὕτη

2206 2088 2285 2150 εἰς
2319 2086 2470 2138 οὐδὲν
2503 2085 2618 2137 δέον
2648 2084 3071 2152 ἀπετελεύτησε,
3107 2084 3294 2153 τρέτον
3334 2083 3504 2142 αὐτοῖς
3533 2079 3721 2132 ἐπινοεῖ-

2205 2199 2294 2234 ται
2337 2179 2654 2250 μηχάνημα.
2707 2179 2920 2248 Πύργος
2977 2177 3184 2242 ξύλινος
3216 2179 3380 2247 ὅπερ,
3431 2177 3554 2243 ὡςὴ
3597 2173 3717 2239 φήμη

2207 2273 2362 2342 φησὶ,
2398 2271 2756 2341 πολιορκητδν
2800 2271 3030 2340 ὄργανον
3077 2271 3136 2322 ού
3175 2269 3318 2338 μετὰ
3369 2269 3468 2336 τὴν
3507 2263 3718 2332 ἁστοχέαν

2205 2366 2314 2416 τῶν
2341 2363 2866 2435 προετκευασμένων
2895 2362 3146 2432 ὀργάνων
3180 2364 3458 2431 κατῆρκτο
3498 2353 3716 2425 γίνεσθαι,

2202 2457 2339 2509 ἀλλὰ
2385 2454 2491 2526 πρὸ
2525 2455 2731 2508 τούτων
2761 2455 2839 2516 εἰς
2879 2453 3124 2508 ἐνιαυτὸν
3152 2453 3301 2516 ῢλον,
3357 2449 3508 2503 τοῦτο
3544 2446 3626 2516 μὲν
3650 2441 3719 2510 ερ-

2201 2567 2298 2617 γον
2325 2547 2461 2619 εἶχε,
2500 2549 2568 2601 τὰ
2593 2550 2649 2600 δὲ
2703 2547 3078 2616 προειρημένα
3129 2546 3170 2578 ’⁸
3239 2547 3449 2614 ὄργανα
3477 2541 3720 2609 πάρεργον.

2214 2643 2375 2696 Ἀλλὰ
2405 2643 2482 2696 δεῖ
2539 2659 2604 2712 με
2639 2641 2904 2710 πρότερον
2949 2638 3107 2706 ὀλίγα
3155 2640 3288 2709 περὶ
3343 2636 3436 2689 τοῦ
3491 2633 3719 2702 σχήματος

2203 2736 2511 2807 Δυρραχίου
2541 2731 2955 2803 ἀφηγήσασθαι.

525 2829 664 2874 erat.
705 2823 784 2874 Ad
835 2823 977 2875 [nunc
1031 2833 1177 2877 recta
1246 2825 1510 2878 tumulum
1551 2827 1836 2882 Baimundi
1895 2833 2094 2885 milites
2179 2835 2391 2887 munire
2457 2831 2558 2885 sibi
2609 2833 2749 2882 viam
2798 2830 3206 2882 subterraneam
3244 2831 3382 2881 fossa
3430 2827 3575 2894 loi-ge
3597 2819 3712 2874 dum

525 2917 825 2980 cmperunt.
883 2911 976 2965 Sic
1027 2921 1140 2967 tuto
1203 2921 1378 2982 us'que
1407 2916 1471 2970 ad
1517 2919 1784 2972 tumulum
1823 2925 2098 2991 progressi
2141 2925 2429 2994 perfodere
2473 2923 2585 2993 jam
2617 2921 2744 2974 illud
2789 2935 2851 2974 ac
2880 2936 2943 2973 eo
2985 2921 3363 2989 perterebrata
3403 2920 3499 2971 iter
3553 2915 3600 2968 in
3655 2923 3715 2960 llr-

521 3005 648 3060 bem
700 3003 804 3058 sibi
853 3005 1094 3074 pandere
1147 3022 1356 3062 summa
1403 3023 1506 3078 ope
1541 3011 1900 3078 conabantur,
1985 3023 2128 3072 terra
2203 3017 2432 3087 impigre
2487 3014 2749 3068 movenda
2827 3012 3213 3080 subeundaqne
3267 3013 3523 3079 talparum
3585 3016 3714 3062 aiore,

523 3095 780 3158 Praesenti
831 3109 966 3149 sane
997 3097 1148 3152 urbis
1179 3099 1450 3167 periculo;
1501 3101 1586 3155 cui
1629 3103 1829 3158 frustra
1861 3105 2096 3174 primum
2137 3107 2563 3180 Dyrrachienses
2619 3103 2981 3158 occurrebant
3061 3104 3208 3158 saxis
3277 3103 3497 3170 telisque
3537 3107 3724 3164 superne

517 3185 824 3254 jactandis;
857 3203 979 3240 nam
1008 3187 1145 3242 Galli
1186 3193 1350 3244 densa
1403 3193 1589 3248 subter
1630 3205 1790 3264 atque
1838 3197 2235 3266 impenetrabili
2297 3199 2570 3254 testudine
2603 3197 2825 3250 hostiles
2855 3211 3044 3251 omnes
3071 3197 3186 3266 ejus
3261 3198 3470 3264 generis
3543 3186 3726 3258 injurias

524 3278 725 3334 innoxii
763 3281 1032 3337 ridebant.
1067 3283 1301 3337 Eatenus
1321 3299 1452 3354 ergo
1491 3289 1600 3342 voti
1639 3302 1918 3358 compotes
1950 3292 2078 3348 facti
2120 3301 2248 3348 sunt
2277 3304 2332 3347 ut
2369 3293 2528 3346 latam
2569 3292 2908 3360 longitudine
2946 3291 3148 3360 ingenti
3229 3291 3433 3344 fossam
3499 3285 3724 3357 produce-

523 3382 644 3427 rent
689 3373 848 3428 facile
883 3378 1122 3444 pI-rviam
1156 3387 1210 3430 et
1277 3387 1501 3448 purgata
1566 3392 1963 3452 exportataque
2013 3387 2097 3452 pla

2208 3387 2270 3442 'is
2327 3386 2556 3440 Saburra
2610 3383 2872 3438 inoffenso
2943 3385 3078 3453 pede
3123 3383 3431 3438 meabilem.
3503 3376 3642 3448 383
3665 3375 3725 3427 Αο

525 3481 772 3538 magnam
806 3469 906 3524 sibi
943 3485 1053 3523 rem
1095 3471 1407 3537 pmstitisse
1439 3473 1535 3526 visi
1585 3477 1728 3528 serio
1788 3477 2276 3548 gaudebantquasi
2335 3485 2570 3532 meatum
2627 3479 3038 3532 subterraneum
3076 3491 3140 3530 eo
3229 3475 3442 3529 tandem
3487 3467 3724 3539 perduxis-

521 3567 643 3616 sent
696 3561 836 3615 unde
885 3571 941 3614 ut
1001 3563 1186 3615 urbem
1245 3563 1474 3617 vit-tores
1528 3566 1940 3634 ingrederentur
1992 3570 2126 3624 nihil
2165 3581 2394 3624 restaret
2427 3571 2526 3622 nisi
2558 3569 3014 3624 cuniculariorum
3050 3561 3272 3622 ultimus
3307 3566 3527 3633 impetus
3553 3560 3600 3613 in
3627 3570 3727 3627 per-

527 3656 729 3710 fossam
762 3671 939 3710 arcem
993 3671 1240 3724 rumpere
1283 3658 1485 3710 aditum
1543 3660 1873 3727 parantium,
1907 3661 2094 3731 utique
2133 3678 2238 3717 non
2265 3663 2384 3718 sine
2421 3677 2611 3734 magna
2637 3675 2924 3716 successus
2968 3673 3084 3726 spe.
3119 3659 3189 3712 At
3262 3653 3566 3726 praesidiarii
3621 3649 3728 3717 θῖν-

527 3748 730 3802 rbachii
765 3746 1068 3800 contrarios
1101 3761 1164 3800 ex
1193 3749 1419 3801 adverso
1445 3750 1729 3805 cuniculos
1761 3760 1817 3806 et
1839 3752 1940 3822 ipsi
1979 3763 2224 3823 egerant,
2257 3755 2524 3824 longeque
2556 3753 2770 3807 obviam
2855 3751 3220 3818 produxerant
3276 3763 3418 3802 caeco
3492 3743 3569 3798 isti
3635 3739 3714 3790 ho-

523 3845 684 3898 stium
717 3843 938 3896 adversa
967 3842 1144 3896 fronte
1172 3843 1582 3910 respondentem
1613 3843 1840 3909 fossam,
1904 3848 2140 3918 amplam
2207 3863 2421 3919 quoque
2479 3849 2650 3918 ipsam
2687 3849 2901 3912 lateque
2947 3859 3166 3897 vacuam
3206 3863 3220 3898 :
3268 3843 3355 3898 ubi
3403 3843 3528 3896 lecta
3573 3842 3729 3890 manus

526 3939 828 3992 excubabat
884 3939 1123 3992 virorum
1185 3938 1403 3993 fortium
1465 3950 1754 4009 exceptura
1833 3944 2090 4011 impetum
2125 3945 2486 4013 Francorum,
2526 3949 2703 4014 siqua
2741 3951 2812 4004 illi
2851 3951 3268 4007 subterraneum
3351 3943 3542 3997 aditum
3605 3945 3726 3986 [υπη-

524 4041 734 4100 perent.
792 4029 961 4085 Porro
1018 4031 1346 4100 procedente
1375 4032 1644 4102 utrimque
1673 4049 1855 4102 Opere,
1899 4035 2085 4089 audire
2125 4037 2354 4104 primmn
2391 4041 2558 4094 nostri
2599 4040 2778 4096 Gallos
2812 4055 3096 4110 coeperunt
3145 4043 3428 4096 molientes
3495 4031 3728 4097 vastisque

525 4123 806 4193 pulsantes
848 4122 1046 4177 ictibus
1103 4124 1241 4177 muri
1275 4133 1482 4192 partem
1515 4125 1757 4177 infimam
1801 4141 1862 4179 ac
1899 4125 2249 4180 fundamenta
2301 4129 2414 4198 ipsa
2465 4130 2758 4195 llltBllilllll;
2821 4135 2962 4186 unde
3022 4143 3076 4186 et
3121 4149 3289 4200 prope
3368 4129 3551 4183 abesse
3610 4123 3726 4189 ipsos

523 4229 577 4271 et
611 4217 697 4270 ubi
753 4225 937 4271 essent
971 4216 1253 4280 admoniti,
1299 4215 1542 4269 foramen
1594 4229 1712 4270 eam
1772 4215 1824 4270 in
1885 4229 2097 4284 partem
2134 4220 2378 4284 pervium
2431 4219 2609 4276 fecere
2648 4237 2754 4290 quo
2779 4222 2892 4292 jam
2929 4235 3255 4294 usurpantes
3323 4221 3490 4276 oculis
3537 4216 3720 4271 ferven-

524 4320 632 4364 tem
671 4309 820 4364 intus
879 4309 1272 4365 multitudinem
1322 4309 1622 4376 Gallorum,
1667 4311 1790 4381 igne
1858 4315 2005 4381 ipsos
2078 4328 2174 4383 per
2207 4315 2529 4383 patefactam
2566 4317 2757 4371 rimam
2800 4319 2992 4374 missili
3049 4322 3327 4390 petebant.
3359 4316 3496 4387 Ignis
3532 4312 3608 4366 hic
3639 4317 3722 4374 qua

525 4402 752 4454 materia
815 4411 1112 4467 constaret,
1165 4418 1269 4471 qua
1324 4413 1444 4457 arte
1493 4418 1670 4472 quove
1729 4405 2094 4460 inStrumento
2128 4404 2426 4476 iaceretur,
2457 4409 2694 4462 breviter
2721 4411 2908 4466 doceo.
2941 4411 3106 4465 Pinus
3135 4422 3188 4466 et
3257 4413 3424 4481 picea:
3481 4402 3723 4459 arborum-

522 4509 627 4563 que
663 4495 711 4546 id
758 4511 928 4563 genus
963 4495 1031 4548 ob
1065 4510 1286 4550 succum
1328 4497 1472 4550 intus
1518 4499 1772 4566 pinguem
1831 4500 1884 4552 in
1953 4501 2132 4556 virore
2207 4506 2655 4572 perennantinm,
2717 4501 2967 4572 lacrynun
3023 4503 3228 4558 stillant
3291 4497 3535 4570 unguinis
3577 4485 3722 4546 lenti.

521 4586 798 4654 oleosique
845 4587 1088 4654 glutinis,
1141 4588 1312 4641 amica
1370 4585 1599 4642 flatnmze
1637 4593 1910 4653 materies,
1943 4605 1996 4646 et
2025 4608 2086 4647 ea
2129 4603 2388 4662 concepta
2423 4597 2513 4648 diu
2547 4596 2770 4649 durans.
2803 4594 2912 4648 [loc
2943 4597 3142 4667 gunnni
3169 4603 3460 4650 contusum
3521 4595 3572 4644 el.
3625 4592 3723 4638 Cum

523 4679 713 4733 intrito
745 4680 906 4732 simul
943 4678 1204 4746 sulphure
1256 4679 1306 4731 in
1337 4693 1498 4730 unum
1551 4684 1825 4748 pulverem
1863 4686 2234 4750 roimnistnm,
2263 4687 2312 4739 in
2375 4703 2536 4742 cavas
2581 4688 2908 4742 calamorum
2975 4700 3386 4756 cannarumque
3445 4682 3592 4737 tibias
3647 4671 3722 4725 Id-

523 4787 678 4828 versa
729 4783 882 4842 parte
925 4785 1218 4827 succensas
1257 4771 1514 4825 indebant
1583 4771 2010 4842 Dyrrachienses
2073 4781 2292 4833 nos1ri:
2353 4790 2461 4832 tum
2529 4781 2626 4846 ipsi
2687 4795 2749 4834 ex
2829 4796 2892 4834 ea
2953 4779 3094 4834 tibia:
3148 4788 3303 4847 parte
3359 4791 3477 4846 qua:
3539 4765 3724 4827 πλαδδίη

521 4875 760 4940 ﬂamma,
827 4872 1130 4928 vehementi
1175 4871 1438 4940 pallentes
1466 4881 1518 4924 et
1551 4882 1934 4940 perseVerante
1973 4876 2164 4944 spiritu
2199 4877 2408 4945 piceum
2441 4878 2583 4932 istud
2649 4878 2938 4948 igniarium
2969 4879 3142 4947 quoad
3221 4890 3394 4946 usque
3453 4871 3516 4924 ad
3573 4875 3721 4922 extre-

521 4971 764 5023 mitatem
799 4967 919 5037 igne
953 4965 1102 5033 prius
1122 4972 1383 5031 concepto
1415 4961 1732 5032 ﬂagrantem
1773 4967 2200 5033 promovissent,
2229 4969 2310 5024 sic
2342 4985 2634 5024 accensum
2677 4970 2870 5024 deinde
2928 4969 2960 5022 d
2986 4969 3205 5024 ﬂlabant
3275 4968 3330 5022 in
3395 4965 3566 5018 vultus
3617 4967 3722 5012 acu-

523 5061 711 5126 losqne
762 5060 1115 5113 adversorum
1170 5057 1427 5122 hostium,
1492 5058 1794 5112 incredibili
1864 5059 2102 5128 pernicie
2141 5059 2376 5126 illorum,
2410 5061 2607 5130 quippe
2653 5074 2776 5114 cum
2827 5059 3048 5123 barbas,
3113 5074 3323 5127 genas,
3373 5054 3512 5116 eilia,
3575 5043 3720 5114 capi“

519 5157 794 5212 Gallorum
849 5155 1039 5225 pernix
1102 5153 1320 5209 flantnna
1365 5155 1684 5223 corriperet,
1721 5154 2080 5223 pertinaxque
2139 5156 2452 5224 depasceret
2493 5159 2775 5210 adhaareus
2830 5165 2990 5222 atque
3033 5157 3354 5214 immorans,
3391 5147 3524 5202 nulla
3561 5148 3718 5197 contra

522 5258 682 5305 tafem
739 5259 942 5318 prstem
999 5247 1317 5302 fortitudine
1361 5251 1613 5302 durante.
1663 5247 1853 5316 Itaque
1884 5249 2089 5315 passim
2129 5249 2315 5303 videre
2342 5259 2458 5301 erat
2488 5263 2602 5312 eos,
2653 5249 2802 5302 velut
2847 5261 3008 5316 apum
3049 5244 3194 5300 fumo
3277 5241 3566 5296 amaturum
3615 5241 3717 5286 exl-

1531 5351 1736 5422 νεικείω
1771 5359 2084 5421 lectiones
2127 5377 2204 5422 ex
2251 5361 2393 5423 cod.
2440 5361 2697 5424 Coislin.

593 5465 640 5498 ¹⁰
665 5465 731 5519 τὰ
757 5465 1023 5534 πρόσωπα
1065 5461 1423 5532 κατέφλεξαν.
1481 5438 1544 5492 ⁴¹¹
1569 5461 1965 5532 προειρημένα.

1588 5555 1730 5616 Car.
1763 5553 2093 5616 Dufresnii
2129 5555 2226 5615 Du
2253 5553 2480 5636 Cangii
2515 5565 2698 5618 noue.

593 5661 706 5727 (56)
747 5661 893 5714 Ἀπό
943 5675 1008 5710 τε
1041 5658 1148 5722 τῆς
1198 5657 1448 5724 πεύκης.
1493 5654 1654 5726 392
1683 5655 1936 5711 Albertus
1985 5654 2087 5725 At].

2208 5691 2218 5709 .
2269 5671 2332 5722 ῐι,
2377 5671 2498 5727 cap.
2534 5657 2604 5712 56
2628 5674 2640 5709 :
2667 5655 2899 5711 Faculas
2931 5657 3172 5711 ardentes
3205 5673 3322 5708 εει-η
3356 5657 3463 5723 pice
3514 5659 3556 5702 et
3586 5639 3708 5708 an?!"

518 5733 727 5796 iactant
754 5745 905 5784 super
938 5728 1256 5782 machinam.
