3992 6278
552 339 658 404 955

1835 337 2059 396 ΑΝΝίΕ
2099 335 2486 397 ΩΟΜΝΕΝᾸΞ

3639 335 3722 396 θῖιῆ

551 469 656 524 que
697 451 1170 524 Dyrrachiensium
1225 464 1408 505 veram
1465 451 1855 506 ditncnsionem
1903 454 2107 522 potuis-

2223 467 2386 518 γαστο
2421 453 2530 519 γὰρ
2554 448 2928 518 ἁπανταχόθεν
2959 450 3020 500 ἐκ
3042 445 3250 514 βάσεως
3279 443 3402 512 ἄχρι
3425 441 3508 496 καὶ
3533 449 3726 513 κορυφῆς

539 545 712 602 sent?
757 545 1026 599 Caeterum
1089 560 1210 598 cum
1263 545 1351 596 diu
1403 544 1570 596 turris
1627 544 1728 598 ista
1765 543 1890 596 dum
1939 549 2124 614 procul

553 645 934 690 exstrueretur
965 635 1126 688 minis
1157 635 1261 688 illis
1295 636 1424 702 ipsis
1459 635 1613 690 melis
1651 647 1814 689 vastas
1855 636 1960 691 late
1989 654 2122 690 con-

551 729 754 795 spicuae
794 727 1080 782 terruisset
1127 726 1575 797 Dyrrachienses,
1625 741 1689 782 eo
1721 727 1944 794 :deiude
1996 731 2125 796 ipsis

551 819 847 874 admovere
878 820 1100 888 prepius
1133 835 1439 886 augereque
1493 818 1838 874 formidinem
1869 821 1982 874 visa
2019 833 2120 885 est,

549 925 660 978 quo
693 912 809 980 ipsa
842 911 1012 982 magis
1035 912 1100 966 ad
1135 926 1228 966 eos
1263 919 1501 964 rotarum
1545 913 1736 966 subtus
1789 913 2122 966 versatilium

551 1017 654 1070 ope
699 1006 1136 1068 promovebatur.
1189 1002 1510 1056 lntendebat
1561 1003 1974 1056 admirationem
2037 1005 2123 1058 iu-

549 1091 817 1146 tuenlium
866 1092 1008 1161 quod
1054 1109 1174 1146 eum
1231 1093 1419 1161 ingens
1466 1107 1527 1146 ea
1579 1093 1749 1147 moles
1787 1110 1813 1146 a
1865 1095 2125 1150 militibus

551 1183 692 1237 intra
721 1181 836 1251 ejus
872 1185 1083 1238 viscera
1109 1183 1544 1237 dilitesceulibus
1581 1184 1817 1238 vectium
1866 1200 2126 1253 quorum-

548 1273 669 1328 dam
699 1276 993 1344 agitatione
1025 1290 1221 1328 arcana
1271 1283 1596 1338 moveretur,
1644 1277 1881 1344 speciem
1939 1276 2124 1346 procul

548 1367 826 1434 przebebat
857 1367 1012 1436 quasi
1046 1368 1282 1436 gigantis
1311 1368 1484 1422 nubes
1512 1368 1718 1422 vertice
1766 1370 2038 1438 tangentis
2071 1379 2120 1424 et

551 1459 854 1514 incedentis
893 1460 1040 1514 vitali
1075 1469 1237 1528 atque
1269 1461 1319 1512 in
1348 1459 1462 1527 ipso
1495 1461 1596 1514 sita
1621 1459 1898 1523 facultate,
1931 1461 2127 1529 quippe

550 1552 704 1619 cujus
753 1562 932 1607 motus
991 1563 1328 1615 cerneretur,
1395 1563 1574 1606 mmor
1639 1567 1744 1605 non
1815 1563 2122 1621 appareret.

547 1641 755 1698 Czetera
789 1659 948 1712 porro
978 1645 1202 1698 monSIri
1241 1643 1451 1711 species
1483 1643 1614 1696 nihil
1655 1657 1756 1695 non
1805 1643 2126 1712 praaferebat

548 1737 876 1790 etnnnlando
930 1737 1121 1790 terrori
1165 1737 1656 1790 accommodatum.
1693 1733 1886 1791 Latera
1942 1739 2121 1790 omnia

551 1825 703 1880 firmo
738 1826 962 1880 tectorio
989 1837 1224 1895 protet‘ta
1265 1842 1359 1892 per
1390 1837 1620 1896 quatuor
1646 1827 1924 1896 quadrata:
1966 1827 2122 1882 molis

551 1916 718 1972 facies
753 1919 969 1988 egregie
1002 1920 1348 1974 occultabant
1383 1920 1529 1972 intus
1563 1920 1816 1973 latentem
1853 1929 2118 1973 armatum

550 2025 804 2075 manum;
842 2025 961 2078 qua!
995 2025 1051 2064 se
1075 2020 1253 2064 tamen
1283 2027 1472 2065 rursus
1513 2011 1645 2065 satis
1691 2013 1952 2079 prodebat
1997 2011 2123 2064 mis-

549 2098 742 2152 silihus
769 2099 984 2154 assidue
1021 2099 1359 2169 spargendis.
1395 2101 1564 2154 Erant
1602 2111 1784 2155 autem
1815 2103 1876 2154 ad
1911 2101 2118 2170 iacula-

547 2189 714 2245 tionis
769 2206 923 2245 nsum
1000 2201 1333 2262 caaterasque
1401 2196 1626 2248 nocendi
1689 2199 2124 2266 opportunitates

549 2291 748 2347 aperta!
774 2283 977 2338 circum
1001 2285 1052 2338 in
1087 2296 1294 2354 partem
1329 2300 1544 2340 omnem
1571 2288 1820 2341 fenestrae
1850 2288 2111 2356 plurimm,

547 2374 664 2427 suis
701 2388 928 2444 qumque
965 2376 1102 2440 aptis
1133 2376 1286 2430 ostiis
1320 2378 1554 2432 occlusae
1601 2393 1724 2430 cum
1775 2393 1910 2447 Opus
1959 2387 2120 2433 erat:

543 2466 758 2534 quoties
799 2483 928 2521 usus
982 2479 1228 2536 posceret
1265 2469 1481 2523 volubili
1519 2471 1738 2524 cardine
1775 2472 2118 2526 reserabiles.

545 2557 715 2612 Porro
736 2559 957 2612 interior
981 2561 1256 2628 capacitas
1277 2561 1540 2616 machina:
1563 2562 1614 2614 in
1641 2563 1834 2616 multas
1865 2563 1966 2616 sibi
1987 2564 2121 2617 invi-

541 2661 661 2701 cem
700 2649 982 2715 impositas
1013 2653 1370 2722 cogitationes
1399 2652 1763 2718 dividebatur,
1801 2653 1968 2724 385
2006 2656 2122 2709 sin-

544 2738 696 2808 gulas
745 2741 965 2809 proprio
1016 2749 1346 2794 armatorum
1400 2741 1630 2797 iufessas
1697 2759 1942 2798 numero.
2015 2745 2122 2800 Sed

548 2830 660 2895 alii,
697 2831 1036 2894 utdixitnus,
1083 2833 1344 2887 latebant.
1379 2831 1490 2889 Soli
1531 2837 1878 2889 OSIentabant
1923 2850 1981 2890 se
2031 2837 2119 2906 qui

545 2937 858 2991 supremum
891 2925 1042 2994 quasi
1076 2925 1416 2979 cmuaculnm
1447 2927 1778 2984 ambulantis
1807 2929 1940 2984 tedis
1976 2929 2120 2982 obti-

543 3014 745 3069 nebant
772 3015 932 3077 torvi,
972 3016 1255 3070 horrentes
1307 3016 1472 3083 ferro,
1523 3020 1728 3072 strictis
1781 3019 1959 3073 infesti
2000 3036 2120 3074 tnu-

543 3106 820 3170 Cronibus,
849 3105 958 3160 vim
989 3115 1043 3160 et
1071 3109 1272 3162 caedem
1307 3107 1625 3163 anhelantes
1647 3109 1994 3179 gladiatores.
2025 3107 2122 3162 llic

545 3206 722 3250 terror
766 3207 944 3252 tantus
1004 3212 1068 3252 ac
1134 3207 1242 3252 tam
1289 3199 1475 3256 varius
1502 3215 1622 3254 cum
1659 3216 1720 3255 se
1753 3201 1885 3256 rotis
1927 3203 2119 3256 subtus

544 3289 884 3343 volventibus
910 3289 1158 3354 inlerret,
1187 3301 1598 3347 consternasset
1619 3294 1759 3347 haud
1793 3293 1955 3348 dubie
1980 3309 2118 3364 pra:-

543 3379 740 3434 sidium
791 3381 1028 3436 obsessae
1073 3381 1246 3446 urbis,
1295 3381 1400 3436 nisi
1451 3381 1558 3436 dux
1604 3383 1723 3452 ejus
1761 3385 1986 3441 Alexius
2025 3401 2121 3456 pro

543 3487 638 3528 Sua
671 3472 913 3541 vigilanti
964 3473 1184 3526 solertia
1212 3473 1530 3528 'retnedium
1575 3474 1687 3544 jam
1726 3485 1835 3530 tttm
1875 3479 2119 3532 nascenti

543 3563 687 3617 malo
710 3574 918 3617 mature
949 3561 1202 3618 idoneum
1231 3565 1380 3632 provi
1403 3565 1573 3618 lisset.
1605 3563 1800 3620 Namet
1821 3567 2047 3622 COllSiliO
2069 3575 2122 3622 et

543 3656 745 3710 auxilio
773 3668 957 3708 eorum
989 3669 1116 3709 usus
1149 3655 1236 3722 qui
1272 3655 1368 3722 ipsi
1405 3655 1630 3710 aderant
1651 3657 1749 3710 viri
1781 3659 2120 3726 exlierientes

543 3757 598 3801 et
638 3747 908 3810 industrii,
941 3761 1062 3801 cum
1103 3746 1335 3812 primum
1371 3747 1420 3800 in
1445 3747 1723 3802 Baimundi
1746 3751 1940 3804 castris
1971 3751 2117 3804 illam

545 3840 804 3895 aedificari
837 3850 1038 3893 turrem
1073 3839 1208 3894 vidit
1242 3856 1493 3910 magnum
1523 3842 1589 3897 ad
1635 3843 1932 3910 periculum
1963 3857 2118 3896 suum

544 3945 896 4002 attat-umque,
927 3931 1086 3986 aliam
1129 3939 1182 3985 et
1235 3934 1348 4002 ipse
1383 3934 1523 3986 intra
1575 3935 1774 3988 tntteuia
1831 3935 2120 4005 Dyrrachii

541 4025 658 4094 pari
689 4026 939 4094 exemplo
973 4027 1276 4080 machinam
1315 4025 1389 4079 illi
1422 4026 1576 4078 alteri
1623 4029 1998 4094 opponendam
2034 4042 2122 4080 ar-

541 4111 826 4166 chitectari
879 4125 965 4168 est
1015 4131 1325 4184 aggressus,
1373 4115 1512 4168 [utne
1565 4115 1734 4170 ferme
1769 4118 1820 4169 in
1877 4117 2118 4170 modum.

542 4201 884 4270 Deprehensa
921 4206 1106 4274 procul
1163 4206 1453 4261 altitudine
1487 4207 1654 4260 turris
1693 4207 1928 4272 hostilis,
1969 4208 2118 4277 tigna

541 4292 765 4348 dimensi
823 4295 1254 4364 Dyrraehienses
1321 4299 1462 4364 sunt}
1505 4297 1666 4352 alteri
1731 4314 1798 4352 ex
1871 4299 2119 4368 epposito

541 4384 876 4441 aedificandae
907 4386 1060 4455 cujus
1095 4389 1305 4445 culmen
1351 4390 1642 4444 contraria:
1673 4390 1831 4445 molis
1856 4392 2117 4458 verticem

2227 547 2319 600 καὶ
2339 563 2360 597 ε
2373 548 2418 608 ἱς
2444 545 2640 612 στέγας
2665 543 2862 602 πολλὰς
2877 543 3124 611 διῄρητο,
3143 539 3236 592 καὶ
3251 535 3426 607 θυρίσι
3445 536 3602 606 κύκλῳ
3621 557 3725 590 παν-

2223 641 2485 701 τοδαπαῖς
2507 639 2772 706 ἠνέῳκτο,
2801 630 2984 702 ἀφ’ὧν
3015 633 3270 696 ἐξέπιπτε
3299 629 3421 698 βέλη
3445 629 3728 697 συχνὰ,πρ“ς

2223 733 2280 786 δέ
2321 735 2381 785 τὸ
2425 733 2688 784 ἀνωτάτω
2745 733 2908 798 μέρος
2966 727 3158 795 ἄνδρες
3205 721 3344 794 ἦσαν
3393 724 3722 789 ἐξωπλισμένοι

2225 825 2534 894 θυμοειδεῖς
2563 823 2660 874 καὶ
2705 822 2796 873 ἐπὶ
2841 821 2949 874 τῶν
2994 817 3196 888 χειρῶν
3239 815 3310 868 τὰ
3354 815 3473 884 ξίφη
3505 815 3726 882 φέροντες.

2227 918 2321 971 καὶ
2379 916 2516 986 πρὸς
2569 915 2785 984 ἄμυναν
2833 909 3343 980 διηυτρεπισμένοι.
3403 907 3541 958 Ἐπεὶ
3585 905 3632 958 δέ
3672 906 3734 974 τῷ

2225 1012 2396 1082 τείχει
2451 1009 2798 1078 προσήγγισε
2841 1007 2904 1057 τὸ
2964 1003 3192 1073 φρικτὸν
3251 1001 3401 1054 τουτὶ
3443 999 3618 1068 θέαμα,
3659 1000 3736 1052 οὒκ

2225 1101 2445 1170 ἀμελῶς
2479 1099 2638 1170 ἔσχον
2679 1101 2727 1151 οἱ
2763 1097 2908 1166 ἀμφὶ
2946 1095 3038 1148 τὸν
3079 1091 3314 1157 ’Δλέξιον
3359 1093 3444 1144 καὶ
3487 1091 3734 1160 στρατηγὸν

2223 1195 2322 1264 τῆς
2347 1195 2555 1256 πόλεως
2585 1189 2912 1262 Δυρραχίου,
2956 1187 3076 1240 ἀλλ’
3105 1187 3221 1254 ἃμα
3245 1201 3306 1236 τε
3349 1183 3496 1236 τοῦτο
3522 1185 3574 1235 τι
3601 1184 3732 1251 μηχά-

2229 1308 2295 1358 νη
2307 1307 2380 1358 μα
2412 1286 2612 1354 ἔξωθεν
2645 1285 2723 1354 τῷ
2766 1281 3086 1352 Βαῖμούντῳ
3135 1278 3554 1340 κατεσκευάζετο
3589 1277 3736 1343 ὥσπερ

2225 1397 2311 1443 τις
2341 1376 2591 1438 ἑλέπολις
2631 1375 2897 1444 ἄφυκτος,
2939 1372 3036 1424 καὶ
3081 1369 3206 1424 ἄλλο
3237 1387 3289 1421 τι
3327 1367 3525 1420 ἔνδοθεν
3549 1363 3625 1416 τοῦ
3651 1363 3736 1414 τεί-

2224 1487 2353 1542 χους
2412 1469 2599 1530 αὐτοῖς
2653 1465 3095 1532 ἀντεμηχανᾶτο.
3151 1459 3484 1530 Ἐωρακότες
3529 1459 3600 1519 ei;
3645 1458 3737 1510 ὅσον

2225 1563 2362 1632 ὕψος
2417 1565 2444 1616 ὁ
2471 1560 2826 1627 αῦτοκίνητος
2873 1549 3030 1618 οὗτος
3079 1555 3290 1624 πύργος
3340 1553 3626 1615 ἐκτέταται,
3665 1549 3737 1600 xui.

2225 1657 2360 1707 ὅπου
2414 1651 2608 1704 τοῦτον
2655 1648 2951 1720 ἐστήριξαν
3003 1645 3338 1715 ὑφελόμενοι
3385 1645 3505 1704 τοῦς
3540 1641 3736 1711 τροχοὺς,

2229 1748 2467 1818 τέτταρα
2501 1745 2632 1810 ξύλα
2679 1744 3003 1812 μακρότατα
3055 1737 3396 1808 καταντικρὺ
3428 1735 3512 1789 τοῦ
3555 1735 3736 1803 μόσυνος

2231 1839 2525 1906 πήξαντες,
2561 1835 2748 1900 ὥσπερ
2786 1833 2891 1884 ὑπὸ
2933 1829 3284 1902 τετραγώνου
3322 1829 3522 1896 βάσεως
3553 1827 3620 1886 εἰς
3653 1823 3742 1874 πεί·

2229 1945 2436 1998 σματος
2482 1927 2669 1996 σχῆμα
2723 1923 3136 1990 διανιστάμενα.
3191 1916 3338 1991 Κᾷθ’
3397 1918 3554 1977 οὕτως
3601 1913 3738 1982 βάσεις

2227 2022 2380 2081 τινὰς
2409 2016 2750 2084 διειληφότες
2773 2013 2976 2084 μεταξὺ
3003 2011 3108 2063 τῶν
3137 2007 3592 2074 ἀντιτεταγμένων
3611 2003 3744 2068 ξύλων

2227 2116 2306 2175 εἰς
2337 2111 2520 2182 πῆχυν
2558 2110 2655 2161 ἕνα
2690 2108 2781 2160 τὸν
2813 2106 3014 2171 ἔξωθεν
3054 2103 3268 2168 ξύλινον
3297 2102 3499 2170 πύργον
3532 2097 3742 2182 ἐποίησαν-

2226 2181 2548 2270 ἀνατρέχειν
2573 2215 2585 2229 ·
2617 2197 2847 2264 ἀστεγὲς
2893 2195 2948 2248 δὲ
2979 2189 3048 2262 ἦν
3081 2188 3462 2259 ἁπανταχόθεν
3491 2187 3596 2240 ὅλον
3623 2181 3746 2236 τοῦτο

2224 2294 2284 2348 τὸ
2313 2293 2586 2360 διάστημα
2605 2306 2620 2321 ·
2639 2289 2698 2342 οὐ
2723 2288 2829 2358 γὰρ
2855 2288 3026 2340 ἐδεῖτο
3051 2281 3434 2354 προφυλακῆς,
3463 2281 3506 2331 εἰ
3533 2279 3598 2347 μὴ
3621 2275 3740 2342 μόνον

2223 2386 2368 2437 κατᾶ
2401 2383 2501 2452 τὴν
2537 2379 2783 2451 κορυφὴν
2809 2377 3151 2445 ἐξωρόφωτο.
3195 2371 3463 2428 Ἐνταῦθα
3495 2370 3550 2437 δὴ
3579 2369 3742 2431 avara-

2225 2479 2414 2545 γόντες
2446 2477 2496 2527 οἱ
2527 2475 2670 2542 ἀμφὶ
2699 2472 2791 2524 τὸν
2831 2469 3074 2532 Ἀλέξιον
3109 2464 3445 2536 στρατιῶται
3483 2461 3538 2512 τὸ
3563 2459 3742 2524 ἐνυγρον

2226 2570 2358 2641 πῦρ,
2389 2567 2524 2638 περὶ
2575 2568 2645 2620 τὰ
2691 2565 3006 2635 ἀκρόστεγα
3047 2559 3143 2614 τοῦ
3183 2559 3589 2629 ἀνεπιφρᾶκτου
3627 2551 3744 2615 ξυλο-

2225 2661 2438 2731 πύργου
2488 2657 2714 2727 ἔμελλον
2771 2654 3136 2721 ἐξακοντίζειν
3185 2653 3329 2722 πρὸς
3381 2649 3474 2702 τὸν
3519 2641 3740 2744 ἀντίθετον

2229 2754 2461 2824 μόσυνα.
2501 2748 2641 2803 Ἀλλ’
2673 2747 2849 2800 ἐδόκει
2883 2747 2978 2798 καὶ
3009 2746 3041 2814 ἡ
3079 2743 3248 2812 βουλὴ
3277 2741 3372 2795 καὶ
3399 2741 3456 2794 τὸ
3481 2738 3678 2832 πρᾶγμα
3693 2738 3740 2832 fit)

2224 2845 2361 2912 πρὸς
2419 2840 2798 2912 πανωλεθρίαν
2849 2838 2944 2892 τοῦ
2999 2838 3436 2906 μηχανήματος·
3493 2827 3736 2897 ἀκροθιγῶς

2224 2937 2332 3004 γὰρ
2369 2933 2560 3004 ἔμελλε
2594 2937 2653 2984 τὸ
2685 2932 2794 3000 πῦρ
2831 2930 2892 2983 τὸ
2927 2927 3181 2982 ἐντεῦθεν
3227 2929 3412 2980 ἐκεῖσε
3448 2918 3742 2990 πεμπόμενον

2224 3029 2318 3082 τοῦ
2359 3029 2587 3097 μόσυνος
2619 3023 2914 3078 ἅπτεσθαι.
2961 3019 3124 3074 Ἀλλὰ
3155 3020 3210 3072 τί
3245 3015 3616 3087 μηχανῶνται;
3639 3006 3745 3097 lli-fr

2230 3095 2384 3188 po?»th
2417 3116 2508 3170 τὸν
2556 3114 2758 3186 μεταξὺ
2791 3113 2954 3166 τόπον
2986 3111 3081 3163 τοῦ
3119 3127 3178 3162 τε
3209 3109 3431 3173 ξυλίνου
3461 3103 3548 3158 καὶ
3577 3099 3656 3154 τοῦ
3677 3095 3748 3188 τῆς

2230 3158 2384 3188 ιον-ιν·
2426 3158 2505 3170 ’τ’
2556 3158 2756 3186 ια’--ν-νν
2799 3158 2948 3166 -ν---ν
2998 3158 3076 3163 ---
3130 3158 3174 3162 ν-
3215 3158 3388 3173 τ--ηη
3720 3158 3726 3160 ›

2147 3158 2188 3214 c
2225 3209 2436 3264 πόλεως
2477 3205 2692 3274 πύργου
2736 3200 3196 3270 εὐκαταπρήστου
3237 3197 3503 3256 παντοίας
3537 3193 3649 3259 ὓλης
3682 3183 3751 3237 καὶ

2225 3297 2404 3350 ἐλαίου
2453 3294 2649 3348 πολλοῦ
2695 3291 2838 3345 κατὰ
2871 3291 3157 3359 ποταμοὺς
3209 3287 3547 3357 κενωμένου.
3576 3277 3753 3334 Τούτοις

2223 3390 2550 3455 ἐπενήνεκτο
2574 3384 2685 3454 πῦρ
2707 3383 2856 3436 δαλοὶ
2883 3383 2978 3434 καὶ
3007 3381 3228 3448 φλόγες,
3255 3381 3284 3431 ὃ
3305 3373 3634 3445 καταμιχρὸν
3654 3369 3756 3419 ὐπο-

2221 3478 2548 3546 τυφόμενον,
2586 3472 2710 3546 κᾷθ’
2759 3472 2933 3536 οὕτως
2973 3471 3232 3542 βραχείας
3269 3466 3542 3534 ἀναπνοῆς
3577 3458 3757 3526 ἐπιδρα-

2223 3567 2485 3635 ξάμενον,
2527 3564 2717 3616 ἔπειτα
2757 3564 2836 3626 εἰς
2874 3561 3154 3630 περιφανῆ
3205 3559 3391 3626 φλάγα
3429 3553 3629 3622 διαρθὲν
3661 3562 3757 3641 σιδνὶ

2223 3654 2756 3723 επιλαμεανομένων
2789 3651 2883 3702 καὶ
2909 3650 3017 3702 τῶν
3039 3649 3146 3702 ἀπὸ
3172 3649 3272 3701 τοῦ
3313 3647 3484 3717 πυρὸς
3505 3641 3588 3696 τοῦ
3617 3639 3753 3704 ὑγροῦ

2223 3750 2563 3819 πρηστήρων
2611 3746 2759 3802 ἅπαν
2815 3744 2985 3813 ἀνῆψε
3018 3743 3065 3774 ⁸⁸
3101 3743 3160 3794 τὸ
3201 3741 3436 3811 φρικτὸν
3491 3737 3651 3790 ἐκεῖνο
3686 3727 3760 3780 καὶ

2223 3841 2614 3896 πολυυλότατον
2663 3836 2984 3907 μηχάνημα,
3031 3834 3305 3904 ἐμποιοῦν
3349 3829 3482 3903 ἦχον
3513 3820 3759 3891 1411:9065-

2227 3935 2325 4002 ρὰν
2357 3933 2488 3985 θέαν
2518 3935 2635 3992 ταῖς
2668 3930 2876 3998 ὕψεσιν.
2908 3928 3169 3996 Αἴσθησις
3209 3927 3268 3979 δὲ
3313 3925 3411 3979 τοῦ
3461 3917 3642 3974 πολλοῦ
3675 3930 3757 3963 πυ-

2226 4025 2316 4095 Ρδῖ
2349 4019 2417 4093 ἦν
2451 4021 2718 4075 κυκλόθεν
2771 4020 2930 4089 μέχρι
2984 4020 3080 4071 καὶ
3131 4019 3370 4070 σταδίων
3420 4007 3756 4104 τρισκαίδειιξῖ

2224 4114 2456 4186 θόρυϐος
2487 4113 2544 4166 δὲ
2579 4111 2672 4164 καὶ
2708 4109 2924 4178 ταραχὴ
2965 4109 3075 4168 τοῖς
3111 4107 3262 4159 ἔνδον
3298 4104 3598 4174 Βαρόἁροις
3625 4105 3760 4186 ποια-ξ]

2223 4177 2314 4262 καλ.
2352 4206 2637 4274 ἀμήχανος
2663 4241 2679 4266 ,
2731 4177 2840 4250 τῶν
2877 4198 2976 4268 μὲν
3009 4195 3512 4264 ἐναπειλημμένων
3555 4187 3626 4256 τῷ
3655 4177 3758 4285 πνρὶ

2223 4297 2318 4350 καὶ
2349 4289 2866 4362 ἀποστρεφομένων,
2892 4287 3000 4341 τῶν
3023 4288 3078 4339 δὲ
3103 4287 3212 4340 ἀπὸ
3242 4285 3523 4354 μετεώρου
3551 4281 3760 4362 ῥιπτούν-

2222 4407 2332 4444 των
2374 4358 2619 4447 ἑαυτοὺς
2639 4381 2776 4454 πρὸς
2800 4379 2898 4450 τὴν
2936 4378 3041 4446 γῆν
3063 4393 3076 4406 ·
3113 4376 3210 4446 βοὴ
3237 4375 3297 4427 δὲ
3337 4372 3507 4441 πολλὴ
3535 4367 3621 4420 καὶ
3641 4358 3755 4429 ἀπ’

542 4475 727 4530 cubito
760 4477 923 4531 altius
961 4479 1282 4548 despiceret.
1333 4481 1436 4535 Ubi
1481 4481 1742 4548 verojatn
1800 4491 2116 4538 constructa

2223 4498 2410 4553 χανος,
2450 4474 2667 4547 ταραχὴ
2703 4469 3085 4540 ἀντηχούντων
3117 4467 3211 4520 καὶ
3235 4467 3352 4519 τῶν
3385 4461 3561 4522 ἐκτός.

542 4542 1646 4641 ιονιὶεϐιιιιὶίιιι,ιιι-ο-ιιιοιοῙιιίιοιῑιίηιιιιιιιιι⁷
1686 4576 2138 4646 propinquitatem
2207 4542 2369 4638 muri,
2449 4570 2691 4636 rotisque
2771 4564 2882 4617 illic
2939 4559 3231 4616 subtractis
3275 4557 3588 4646 firmissime
3623 4542 3758 4646 ἀείῑιξ

541 4660 872 4728 fundataque
895 4669 996 4724 est,
1021 4663 1220 4718 crassis
1244 4671 1297 4716 et
1327 4667 1618 4730 praeacutis
1658 4665 1766 4719 alte
1836 4666 1888 4718 in
1938 4673 2138 4720 terram
2181 4664 2420 4732 undique
2464 4655 2716 4727 impactis
2761 4651 2987 4710 sudibus
3034 4668 3048 4703 :

3099 4659 3212 4703 tum
3270 4652 3342 4704 ab
3395 4642 3621 4701 obsessis
3687 4641 3759 4684 sua

541 4769 757 4826 quoque
789 4755 925 4808 intra
956 4767 1142 4807 muros
1165 4763 1307 4806 recta
1331 4769 1395 4806 ex
1422 4754 1650 4808 adverso
1678 4769 1838 4823 quam
1898 4759 2144 4826 proxime
2184 4754 2438 4825 epertuit
2495 4757 2677 4804 erecta
2730 4745 2898 4800 moles
2961 4755 3064 4806 est,
3123 4758 3230 4794 non
3291 4743 3382 4792 illa
3447 4723 3758 4828 quidem-Ill“

538 4825 814 4906 substrata
847 4845 1168 4901 inaedificata
1219 4846 1477 4909 tabulato,
1525 4862 1644 4901 cum
1699 4825 1979 4904 transferri
2025 4866 2144 4906 eam
2224 4859 2278 4904 et
2305 4847 2441 4901 rotis
2472 4840 2763 4908 circumagi
2798 4851 2900 4890 non
2931 4845 3076 4890 esset
3102 4849 3240 4903 opus
3273 4851 3286 4886 :
3327 4833 3420 4885 sed
3456 4832 3506 4882 in
3538 4825 3640 4880 sola
3669 4825 3758 4885 ἰιδευ

541 4942 770 4997 firmatis
804 4940 1017 5008 alteque
1047 4939 1172 4994 inde
1215 4939 1560 5008 surgentibus
1605 4939 1830 4995 sublicis
1883 4953 2116 5010 quatuor
2154 4935 2582 5011 quadrangulum
2617 4934 2668 4986 in
2697 4933 2965 4986 directum
3019 4927 3260 4980 attolens
3323 4924 3540 4982 molem,
3613 4923 3758 5011 trans:

538 5047 820 5090 versorum
851 5033 1112 5102 dispositu
1139 5033 1408 5103 lignorum
1427 5034 1585 5088 scala":
1611 5033 1900 5102 quamdam
1951 5036 2187 5104 speciem
2228 5045 2496 5100 usumque
2551 5025 2814 5096 graduum
2877 5019 3204 5090 prmbcntem
3277 5011 3586 5070 ascensuris
3639 5003 3761 5104 ιποειξ

543 5143 632 5181 res
657 5139 904 5198 posceret
935 5129 988 5184 in
1015 5130 1294 5197 superiora
1323 5130 1605 5184 machinae.
1663 5130 1852 5184 Latera
1941 5131 2149 5200 protegi
2225 5126 2494 5182 obducive
2555 5119 2804 5183 tectorio,
2857 5131 2962 5170 non
3008 5123 3089 5169 est
3135 5113 3320 5167 visum
3377 5121 3606 5166 necesse.
3651 5093 3758 5162 quo"

543 5223 893 5278 murism‘b‘is
921 5234 1266 5293 conspecwm
1321 5223 1678 5293 injuriamque
1731 5227 1970 5279 hostium
2034 5225 2273 5280 arcebat.
2303 5221 2378 5275 Ea
2410 5231 2615 5274 tantum
2688 5231 2813 5286 pars
2872 5228 2991 5282 qua:
3045 5211 3184 5263 ultra
3266 5207 3526 5262 interdum
3601 5201 3758 5261 corpus

539 5293 1042 5378 exstabat,munita
1080 5315 1181 5368 fuit
1213 5317 1466 5385 imposito
1497 5317 1774 5372 coronidis
1805 5318 2236 5386 etcircumjectu
2285 5315 2539 5377 laterum,
2611 5309 2786 5377 quoad
2861 5315 2943 5360 est
2993 5304 3262 5358 creditum
3353 5307 3438 5354 sat.
3505 5293 3754 5386 foratae:

541 5409 803 5479 ίηιΡθάῖιὋ
841 5423 999 5477 Posse
1027 5408 1250 5463 liberam
1294 5409 1642 5464 emissionem
1688 5409 1827 5476 ignis
1863 5409 2108 5476 Sparsilis
2145 5423 2306 5477 quam
2376 5419 2470 5473 per
2539 5412 2727 5472 aperta
2773 5400 2944 5452 latera
3005 5395 3170 5449 turris
3227 5407 3346 5448 suae
3396 5389 3578 5460 ligueze
3623 5380 3756 5479 Alexi!

545 5475 746 5558 milites
775 5475 1056 5556 inmolem
1113 5497 1398 5556 Baimundi
1433 5475 1812 5564 destinabant;
1866 5475 2207 5569 cotnportata
2275 5507 2564 5568 propterea
2653 5493 2706 5546 in
2766 5504 3074 5562 supremam
3153 5484 3606 5554 contignationem
3670 5475 3778 5520 ευπι

1578 5639 1784 5702 Variae
1829 5639 2134 5703 lectiones
2197 5659 2274 5704 ex
2309 5639 2455 5704 cod.
2489 5634 2742 5698 Coisliu.

623 5733 666 5766 “
691 5735 921 5799 ἀνῆπτο.
