3992 6278
277 359 373 424 957
1430 372 1841 433 ALEXIADIS
1881 375 2028 435 LlB.
2071 377 2248 436 Xlll.
3424 373 3532 436 958

287 472 547 530 machina:
579 490 770 546 magna
804 479 851 533 vi
888 480 1103 550 pinguis
1133 490 1184 535 et
1217 480 1464 538 flammas
1489 485 1700 540 alitur-te
1731 491 1988 542 materiae.
2024 491 2089 542 At
2149 489 2332 544 statim
2412 488 2497 543 vel
2569 486 2902 557 experientia
2935 487 3018 540 vel
3101 488 3238 541 ratio
3288 488 3536 541 exactior

282 569 462 625 docuit
491 574 677 626 noceri
726 573 865 628 haud
925 577 1151 630 multum
1189 577 1292 632 isto
1346 579 1505 634 modo
1577 597 1735 649 posse
1815 587 2250 640 machinamento
2319 583 2544 647 Gallico,
2576 582 2771 637 nedum
2806 593 2860 635 ut
2913 582 2993 638 sic
3066 579 3182 648 ejus
3228 580 3535 635 combustio

281 667 443 722 totius
483 669 692 738 sperari
749 681 951 740 posset.
1007 671 1152 726 Satis
1186 674 1327 728 enim
1375 678 1666 745 apparebat
1728 678 1843 733 fore
1885 691 1940 734 ut
2000 679 2374 749 superficiaria
2413 682 2671 733 duntaxat
2729 691 2785 733 et
2851 678 3216 746 perfunctorie
3281 687 3531 733 contactu

281 762 496 817 missilis
537 779 566 818 a
614 763 1146 837 Dyrrhachiensibus
1192 784 1256 824 ex
1301 771 1584 827 intervallo
1633 775 1841 830 vibrata
1885 777 2101 830 llatnma
2169 776 2445 830 Gallorum
2497 791 2632 846 opus
2685 776 2916 831 solidum
2966 783 3020 829 et
3075 785 3328 830 accurate
3407 791 3535 842 pro-

287 869 485 914 tectum
513 861 797 916 lamberet.
839 861 1102 919 Secunda:
1127 865 1290 935 igitur
1329 870 1684 937 cogitationes
1713 888 1936 928 suasere
1978 873 2252 928 Alcxianis
2311 875 2488 939 aliud;
2550 889 2742 942 nempe
2782 867 2837 929 ut
2867 883 3034 927 totmn
3091 875 3344 940 spatium,
3393 871 3534 938 quod

279 959 492 1027 patebat
523 958 664 1014 inter
711 960 1204 1032 Dyrrhachiensem
1239 974 1440 1018 turrem
1493 967 1756 1036 lapideam
1793 979 1844 1023 et
1890 972 2140 1024 hostilem
2168 971 2248 1024 illi
2313 971 2584 1024 admotam
2641 970 2872 1040 ligneam
2950 968 3116 1022 tnnlto
3164 968 3422 1020 stramine
3474 983 3536 1022 ac

278 1067 466 1111 caetera
507 1055 559 1109 id
595 1071 765 1124 genus
814 1057 963 1112 arida
1012 1060 1237 1113 materia
1282 1063 1637 1129 complerent,
1689 1080 1850 1134 quam
1893 1067 2057 1120 etiam
2110 1065 2294 1120 infuso
2345 1066 2570 1134 largiter
2651 1064 2771 1118 oleo
2828 1064 3122 1132 rigarunt:
3192 1059 3538 1131 etunularnn‘

277 1149 451 1201 omnia
510 1149 1010 1216 crehrotitionum,
1055 1150 1261 1214 facum,
1312 1169 1609 1220 prunarum
1657 1157 1963 1209 ardentium
2033 1157 2307 1223 coniectu.
2381 1157 2504 1210 llaec
2534 1156 2695 1210 simul
2785 1155 2946 1208 mista
3007 1167 3129 1206 cum
3214 1149 3525 1215 aliquandiu

281 1248 479 1294 tantum
559 1239 882 1306 fumasscnt,
985 1259 1315 1299 exarserunt
1372 1248 1601 1315 denique
1654 1249 1756 1303 lcni
1833 1254 2068 1307 excitata
2120 1254 2339 1320 spiritu,
2398 1252 2730 1319 robusteque
2778 1248 3027 1302 incendio
3077 1247 3464 1314 comprehensa
3491 1259 3524 1292 n

278 1335 604 1390 Gallicanam
641 1345 844 1392 turrem
880 1346 1030 1394 trans
1064 1356 1243 1395 moras
1269 1343 1492 1398 corticis
1523 1357 1578 1398 et
1607 1346 2074 1414 prmmuuitissimi
2107 1347 2323 1401 tectorii
2406 1353 2788 1416 perrumpente
2852 1343 2918 1395 ad
2977 1352 3278 1395 extremum
3352 1337 3534 1390 furore

278 1428 410 1497 ignis
447 1431 569 1483 oleo
601 1429 747 1498 large
785 1432 995 1503 ingesto
1044 1435 1193 1489 velut
1225 1436 1385 1502 ebrii,
1420 1454 1588 1506 usque
1630 1440 1694 1492 ad
1753 1439 1944 1494 intima
2010 1456 2291 1509 pervasam
2357 1444 2729 1508 absumpsere.
2797 1436 2928 1490 Late
2978 1434 3282 1489 horrendus
3364 1445 3529 1482 exau-

281 1520 524 1573 dicbatur
552 1521 754 1590 fragor,
789 1539 895 1576 non
923 1525 1066 1576 enim
1101 1528 1274 1578 dicam
1307 1530 1594 1594 crepitum,
1659 1530 1885 1584 ﬂammat
1927 1533 2243 1585 bacchantis
2276 1533 2327 1585 in
2361 1533 2651 1600 perniciem
2676 1529 2828 1584 silva:
2884 1529 3161 1581 immensa:
3184 1546 3196 1582 :
3219 1526 3383 1598 386
3412 1527 3521 1580 lon-

281 1613 608 1684 gissimeque
649 1615 1003 1683 resplendens
1031 1623 1083 1669 et
1116 1631 1212 1670 sua
1248 1620 1612 1687 magnitudine
1651 1620 1715 1673 iis
1741 1622 1873 1687 ipsis
1913 1620 2297 1675 formidolosus
2323 1624 2410 1688 qui
2437 1639 2553 1676 eam
2611 1621 2850 1675 fecerant
2898 1629 2954 1674 et
3012 1633 3239 1687 quorum
3301 1619 3532 1672 ardebat

275 1703 414 1756 bono
451 1702 1101 1774 relucebatrogusnsque
1129 1707 1192 1762 ad
1219 1707 1395 1761 stadia
1457 1709 1882 1779 circumquaque
1954 1711 2235 1766 tredecim.
2273 1711 2409 1765 lllud
2455 1713 2633 1764 dicere
2685 1712 2806 1780 quis
2841 1718 3002 1778 queat
3049 1719 3248 1778 quanta
3320 1718 3534 1771 pertur-

276 1795 416 1850 batio
450 1796 758 1850 clausorum
792 1805 902 1850 tum
934 1798 1035 1853 ista
1090 1799 1229 1854 mole
1255 1800 1638 1855 -Barharorum
1678 1801 1888 1856 fuerit?
1925 1805 2012 1870 qui
2062 1804 2218 1859 dolor
2261 1806 2572 1873 clam-orque
2629 1802 2976 1857 sentientium
3050 1802 3154 1853 vim
3238 1800 3537 1865 grassantis

274 1888 518 1944 ardoris?
550 1888 681 1955 Qua:
715 1891 1021 1959 desperatio
1050 1909 1169 1950 sese
1220 1895 1306 1949 ubi
1358 1896 1555 1950 frustra
1591 1908 2023 1953 verswerantex
2055 1899 2503 1966 altojaetantium
2573 1901 2623 1953 in
2689 1898 2972 1976 praeceps?
3046 1911 3161 1963 qum
3213 1911 3398 1956 voces,
3445 1912 3534 1971 qui

271 1981 500 2052 eiulatus
555 1983 848 2039 infelicium
915 1987 1426 2057 victimarum?Qui
1477 2003 1662 2058 aastus,
1713 2007 1831 2058 quae
1896 1992 2120 2061 agitatio
2159 1995 2433 2048 Gallorum
2493 2004 2811 2047 crcterorum
2900 1991 3026 2042 dum
3119 2003 3245 2043 suos
3303 1988 3538 2043 ﬂammis

275 2077 481 2146 eripere
511 2074 708 2132 frustra
737 2079 1071 2134 conabantur
1111 2082 1518 2139 lamentantium
1589 2085 1804 2139 interim
1869 2089 1924 2135 et
1953 2085 2242 2139 charorum
2276 2087 2412 2140 mala
2453 2083 2941 2153 complorantiuut?

346 2168 598 2223 Τοσαῦτα
659 2172 757 2239 μὲν
791 2171 882 2226 οὖν
922 2176 1050 2245 περὶ
1088 2179 1182 2229 τοῦ
1239 2177 1581 2248 ὑπερνεφοῦς
1621 2181 1849 2248 μόσυνος
1882 2183 1926 2236 Α

275 2261 370 2315 καὶ
399 2263 498 2330 τῆς
523 2264 671 2332 παρὰ
700 2265 807 2317 τῶν
836 2267 1144 2339 Βαρϐάρων
1171 2272 1549 2340 τειχομαχίας.
1590 2272 1728 2324 Ἀλλ’
1761 2275 1852 2325 ἐπὶ

271 2355 361 2408 τδν
395 2354 620 2426 βασιλέα
645 2359 737 2412 καὶ
764 2355 920 2422 αὖθις
951 2361 1223 2428 τὸνλόγον
1254 2365 1618 2419 ὲπανακτέον.
1651 2364 1854 2430 Ἔαρος

269 2449 451 2501 τοίνυν
503 2451 958 2523 ὲφισταμένου,ή
1006 2455 1104 2521 μὲν
1153 2456 1440 2523 Αὐγούστα
1487 2459 1551 2510 ἐκ
1583 2458 1680 2524 τῆς
1713 2457 1850 2508 Θεσ-

274 2541 564 2614 σαλονίκης
593 2543 670 2606 ὡς
696 2543 831 2614 πρὸς
859 2544 960 2614 τὴν
991 2544 1386 2614 βασιλεύουσαν
1418 2549 1850 2618 ὲπανέστρεφεν,

273 2635 301 2686 ὁ
329 2633 387 2685 δὲ
415 2635 780 2707 αὐτοκράτωρ
809 2637 904 2705 τῆς
933 2639 1124 2709 πρόσω
1165 2641 1391 2709 πορείας
1432 2641 1608 2711 εἴχετο
1633 2643 1724 2694 καὶ.
1754 2643 1855 2710 τὴν

274 2727 536 2780 Δεάϐολιν
569 2728 659 2783 διὰ
709 2730 808 2798 τῆς
842 2731 1184 2800 Πελαγονίας
1218 2735 1658 2804 καταλαμϐάνει,
1682 2736 1854 2795 ,ἐνθεν

275 2821 408 2890 περὶ
436 2821 564 2884 τοὺς
612 2823 894 2892 πρόποδας
939 2825 1046 2878 τῶν
1096 2827 1196 2898 ἥδη
1248 2826 1523 2897 ῥηθέντων
1567 2827 1853 2880 δυσϐάτων

273 2911 540 2980 ἀτραπῶν
566 2912 754 2969 οὖσαν.
799 2917 910 2970 Καὶ
936 2921 1133 2986 καινήν
1177 2936 1299 2972 τινα
1331 2920 1670 2989 στρατηγίαν
1709 2918 1855 2972 κατὰ

271 3003 382 3056 τῶν
419 3003 716 3076 βαρϐάρων
746 3008 1142 3077 μεμελετηκὼς
1171 3010 1282 3064 δεῖν
1312 3011 1596 3079 ἐλογίσατο
1627 3011 1720 3065 τοῦ
1756 3013 1854 3082 μὲν

271 3095 541 3164 δημοσίου
593 3097 834 3168 πολέμου
887 3100 1085 3171 σχολὴν
1140 3103 1420 3166 παντελῶς
1466 3105 1854 3174 καταψηφίσα-

275 3189 428 3250 σθαι,
484 3190 578 3242 xui.
633 3189 950 3262 ἀγχέμαχον
998 3193 1087 3247 διὰ
1136 3194 1312 3247 ταῦτα
1361 3197 1459 3265 τὴν
1523 3195 1705 3265 μᾶχην
1753 3200 1856 3251 οὐκ

275 3280 490 3349 ἤθελεν.
540 3279 701 3334 Ἀλλὰ
742 3284 812 3336 τὰ
850 3283 1092 3337 δύσϐατα
1143 3286 1325 3354 τέμπη
1359 3288 1453 3339 καὶ
1501 3289 1598 3344 τὰς
1645 3289 1856 3353 ἁδιεξο-

268 3372 494 3436 δεύτους
523 3375 676 3438 ὀδοὺς
715 3376 1040 3446 μεταίχμιον
1069 3378 1276 3447 ἀμφοῖν
1325 3381 1438 3431 τοῖν
1466 3380 1856 3446 στρατοπέδοιν

272 3466 596 3520 καταλιπὼν
635 3468 762 3530 τοὺς
796 3469 985 3531 εὔνους
1035 3470 1280 3532 ἅπαντας
1315 3473 1455 3524 κατὰ
1495 3472 1594 3534 τὰς
1622 3473 1854 3539 ἀκρολο-

272 3562 411 3631 φίας
463 3562 599 3632 μετὰ
649 3563 981 3634 ἀποχρώσης
1027 3564 1314 3632 δυνάμεως
1354 3567 1709 3634 καταστήσας
1755 3567 1855 3637 τὴν

267 3656 475 3724 καινὴν
511 3655 730 3726 ἐκείνην
775 3657 1114 3726 στρατηγίαν
1145 3657 1558 3727 ἐμηχανήσατο,
1591 3659 1666 3722 ὡς
1716 3663 1854 3730 μήτε

267 3747 401 3811 τοὺς
445 3748 598 3802 ἔνθεν
636 3749 773 3816 πρὸς
801 3749 892 3801 τὸν
928 3749 1266 3814 Βαῖμοῢντον
1304 3754 1652 3821 προσχωρεῖν
1680 3755 1856 3823 ῥᾷστα

264 3837 556 3902 δύνασθαι,
611 3837 737 3908 μήτ’
767 3838 981 3892 ἐκεῖθεν
1033 3839 1168 3909 πρὸς
1215 3841 1441 3903 τούτους
1479 3836 1638 3904 αὖθις
1672 3846 1857 3913 γράμ-

271 3949 430 4003 ματα
459 3933 652 4000 φοιτᾷν
689 3930 722 4002 ἢ
766 3933 1145 4001 προσηγορίας
1188 3933 1617 4002 διαπέμπεσθαι,
1654 3936 1745 4003 ὑφ’
1779 3930 1854 3990 ὧν

266 4024 352 4088 ὡς
395 4024 465 4075 τὰ
519 4021 692 4075 πολλὰ
739 4021 807 4074 τὰ
839 4023 937 4088 τῆς
989 4023 1212 4090 ἀγάπης
1251 4022 1575 4092 ἑδράζεσθαι
1621 4024 1812 4079 εἴωθεν
1841 4042 1856 4058 ·

270 4117 480 4179 σπάνις
511 4115 620 4183 γὰρ
649 4115 1024 4183 προσηγορίας
1055 4115 1193 4168 κατὰ
1227 4115 1319 4166 τὸν
1344 4116 1699 4197 Σταγειρίτην
1727 4117 1858 4170 πολε

269 4209 379 4269 λὰς
417 4205 601 4274 φιλίας
647 4205 882 4258 διέλυσε.
940 4205 1235 4258 Ιίνώσκων
1285 4205 1340 4258 δὲ
1383 4207 1475 4259 τὸν
1519 4205 1856 4276 Βαῖμοῦντον

268 4299 448 4371 ἄνδρα
511 4298 780 4370 πονηρίας
838 4299 934 4351 καὶ
995 4297 1460 4369 δραστηριότητος
1525 4299 1851 4365 ἀνάπλεων,

267 4390 439 4462 ἦὸελε
477 4389 579 4458 μὲν
609 4390 702 4443 καὶ
743 4389 841 4460 τὴν
865 4390 1005 4441 κατᾶ
1035 4389 1330 4458 πρόσωπον
1363 4389 1500 4459 πρὸς
1545 4391 1708 4442 αὑτὸν
1749 4391 1856 4459 μά-

266 4501 380 4554 χην
417 4480 807 4547 ἀναδέξασθαι,
841 4480 983 4534 καθά
1011 4498 1072 4546 γε
1099 4483 1194 4534 καὶ
1221 4482 1439 4551 εἴρηται
1466 4500 1480 4514 ·
1510 4483 1647 4536 ἀλλὰ
1669 4484 1765 4535 καὶ
1786 4483 1856 4536 δι’

265 4575 470 4642 ἐτέρου
505 4572 708 4633 παντὸς
739 4571 944 4641 τρόπον
975 4573 1069 4624 καὶ
1105 4574 1351 4642 μηχανῆς
1390 4573 1512 4626 κατ’
1549 4574 1719 4627 αὐτοῦ
1758 4591 1857 4643 με·

263 4665 450 4718 λετῶν
490 4661 744 4732 οὐδαμῶς
794 4662 1046 4714 ἐνεδίδου.
1081 4663 1182 4714 Διά
1237 4662 1294 4715 δὲ
1331 4663 1431 4725 τὰς
1458 4665 1558 4735 ἤδη
1595 4665 1856 4736 ῥηθείσας

267 4758 485 4818 αἰτίας,
521 4755 704 4808 καίτοι
736 4755 908 4808 πολλὰ
944 4755 1230 4822 σφαδάζων
1262 4755 1394 4824 πρὸς
1428 4755 1589 4809 τοῦτο
1611 4757 1856 4822 φιλοκίν-

2025 2183 2299 2237 Hactenus
2351 2186 2414 2236 de
2458 2183 2687 2250 superba
2740 2191 2912 2243 turre,
2982 2194 3044 2233 ac
3096 2186 3208 2233 tota
3257 2179 3538 2248 Dyrrachii

1958 2291 2237 2328 llilttOl‘lllIl
2289 2291 2316 2326 a
2351 2274 2520 2328 Gallis
2565 2281 2828 2326 attentata
2879 2271 3242 2326 concussione
3287 2271 3491 2325 dictum
3521 2313 3537 2337 ,

1955 2368 2020 2416 a-l
2056 2368 2443 2432 imperatorem
2474 2365 2652 2418 oratio
2699 2363 2976 2415 referenda
3014 2372 3118 2416 est.
3145 2361 3273 2417 Post
3306 2363 3536 2416 hiemem

1958 2454 2046 2507 ille
2095 2456 2493 2510 Thessalonica:
2529 2465 2892 2517 transactam,
2949 2454 3049 2508 sub
3098 2453 3308 2507 initium
3348 2453 3533 2516 veris,

1958 2549 2182 2600 remissa
2239 2547 2768 2617 Constantinopolim
2827 2546 3114 2612 Augusta,
3175 2545 3343 2597 merit
3414 2545 3538 2601 inde

1959 2638 2182 2692 ulterius
2235 2655 2356 2692 cum
2399 2641 2571 2708 copiis
2597 2681 2609 2703 ,
2655 2648 2710 2694 ct
2757 2654 2850 2707 per
2881 2637 3225 2706 Pelagoniam
3259 2635 3536 2691 Deaholim

1957 2734 2226 2801 pervenit,
2260 2734 2449 2786 urbem
2479 2735 2558 2787 eis
2588 2748 2680 2787 eos
2714 2741 2923 2785 montes
2961 2730 3122 2783 sitam
3155 2730 3246 2796 qui
3286 2731 3539 2784 desinen-

1961 2833 2038 2879 tes
2095 2825 2148 2878 in
2204 2825 2619 2892 angustissimos
2687 2826 2890 2890 calles,
2975 2823 3343 2896 thermopylas
3419 2823 3538 2877 illas

1959 2932 2186 2984 quarum
2216 2918 2465 2983 superius
2494 2917 2840 2974 meminimus
2876 2929 2930 2974 et
2969 2919 3396 2974 aretissimarum
3427 2917 3539 2968 val-

1959 3008 2088 3063 lium
2144 3011 2590 3079 impetlitissimas
2630 3012 2862 3066 clisuras
2907 3011 3170 3066 eflieiunt.
3229 3008 3326 3063 llic
3375 3023 3539 3062 accu-

1961 3102 2234 3156 ratissime
2277 3103 2674 3170 circumspecto
2731 3103 2854 3157 belli
2900 3103 3184 3170 praesentis
3225 3116 3425 3169 genere
3471 3114 3535 3154 ac

1959 3201 2125 3255 statu,
2171 3195 2546 3262 subductaque
2589 3193 2944 3248 consiliorum
2978 3207 3184 3247 summa
3238 3194 3535 3256 sapienter,

1960 3285 2119 3352 plane
2145 3284 2336 3339 statuit
2366 3285 2534 3339 vitare
2553 3286 2908 3338 decretoriam
2943 3284 3138 3345 aciem,
3162 3297 3259 3335 nec
3290 3280 3536 3335 fortunas

1961 3375 2204 3444 publicas
2253 3378 2593 3431 committere
2627 3378 2847 3432 casibus
2908 3379 3130 3431 incertis
3187 3376 3532 3446 praeliorum:

1961 3483 2148 3521 verum
2183 3483 2310 3523 snas
2347 3469 2694 3536 hostiumque
2725 3469 2912 3538 copias
2953 3478 3228 3521 vastorum
3266 3481 3317 3522 et
3358 3468 3534 3536 impe-

1961 3559 2304 3612 netrabilinm
2347 3559 2666 3627 interpositu
2703 3561 2998 3628 diremptus
3025 3559 3225 3612 habere
3247 3559 3532 3614 montium.

1959 3651 2039 3704 Ab
2071 3651 2172 3705 hac
2214 3651 2604 3705 deliberatione
2633 3650 2895 3704 describit
2925 3649 3126 3717 quique
3174 3657 3356 3713 partes
3384 3661 3531 3701 suas.

1959 3743 2283 3799 Fidissimos
2332 3759 2575 3812 quosque
2611 3758 2731 3796 cum
2765 3743 2957 3796 idoneo
3001 3741 3263 3794 comitatu
3317 3740 3532 3792 lortium

1961 3835 2190 3888 militum
2237 3834 2381 3904 jugis
2428 3835 2558 3902 ipsis
2605 3849 2664 3888 ac
2695 3833 2927 3900 speculis
2970 3833 3233 3884 montium
3285 3830 3530 3898 imponit.

1962 3926 2138 3982 Valles
2161 3926 2297 3980 imas
2330 3940 2493 3991 opere
2535 3941 2597 3979 ac
2630 3925 2881 3994 praesidio
2916 3925 3128 3976 abunde
3164 3922 3360 3975 firmat.
3406 3919 3534 3974 Vias

1961 4018 2244 4086 dlligenter
2299 4018 2506 4087 obsepit
2557 4033 2745 4071 omnes
2773 4025 2936 4085 atque
2962 4015 3269 4082 intercipit,
3338 4013 3535 4079 quibus

1963 4123 2053 4168 aut
2110 4112 2326 4166 mittere
2376 4110 2706 4164 Baimundus
2749 4110 2799 4163 in
2850 4109 3164 4162 interiorem
3216 4105 3533 4158 Romaniam

1958 4210 2051 4258 aut
2101 4203 2345 4269 recipere
2394 4203 2516 4256 inde
2555 4200 2762 4255 litteras
2792 4207 2995 4268 posset.
3046 4197 3254 4266 Nempe
3295 4195 3535 4249 habebat

1959 4297 2291 4352 Baimumlus
2339 4297 2448 4352 illic
2491 4295 2684 4366 partim
2741 4295 2944 4349 amicos
2990 4293 3100 4360 jam
3131 4331 3146 4354 ,
3193 4289 3387 4360 partim
3430 4286 3525 4357 qui

1965 4390 2090 4445 odio
2142 4389 2486 4458 imperatoris
2529 4388 2594 4441 ad
2643 4387 2763 4456 ejus
2811 4385 3105 4439 amicitiam
3168 4391 3363 4452 sponte
3412 4395 3535 4448 pro-

1961 4484 2279 4556 penderent.
2346 4480 2561 4534 Talium
2607 4477 2894 4533 intestinos
2966 4484 3144 4528 motus
3202 4483 3536 4538 conatusque

1960 4575 2194 4629 audaces
2247 4568 2603 4639 prarvcrtebat
2655 4568 2757 4621 ista
2792 4563 3068 4632 diligentia
3112 4561 3534 4615 obsidendorum

1961 4667 2237 4728 itinerum,
2285 4662 2706 4730 connuerciique
2744 4656 3062 4726 prohibendi
3115 4652 3426 4707 nuntiorum
3471 4662 3536 4702 ac

1961 4758 2312 4827 scriptorum.
2353 4753 2626 4808 Alimenta
2657 4742 2801 4806 enim
2837 4749 2949 4802 haec
2983 4754 3108 4800 sunt
3141 4741 3532 4797 amicitiarum,

262 4846 432 4909 δυνϐς
457 4862 519 4899 τε
561 4848 656 4898 καὶ
689 4844 1109 4906 πυκνοκίνδυνος
1159 4843 1329 4896 πάλαι
1375 4843 1451 4896 ῶν
1487 4845 1671 4897 οὑτοσὶ
1706 4847 1734 4898 ὁ
1760 4847 1856 4898 αὐ-

1961 4863 2100 4918 qute.
2143 4855 2202 4902 ut
2227 4854 2372 4899 recte
2395 4845 2550 4896 docet
2581 4838 2926 4903 Aristoteles,
2963 4837 3006 4890 si
3045 4833 3433 4888 salutationum
3469 4839 3534 4878 ac

262 4938 568 5008 τοκράτωρ
601 4936 698 4990 καὶ
731 4935 866 5004 ὲμδς
911 4935 1118 5004 πατὴρ,
1160 4935 1282 4986 ἐπεὶ
1312 4935 1399 4987 τὸν
1441 4935 1597 5003 λόγον
1629 4932 1774 5007 εἶχεν
1798 4938 1857 4990 ὲν

266 5034 418 5084 πᾶσι
450 5029 782 5098 κρατοῦντα,
803 5027 870 5080 δι’
896 5027 1088 5096 ἐτέρας
1127 5026 1352 5095 μεθόδου
1375 5028 1860 5092 καταγωνίσασθαι

259 5119 470 5172 τοῦτον
503 5119 752 5172 ἔσπευδε.
772 5121 864 5170 Δεῖ
903 5116 1034 5184 γὰρ,
1078 5113 1255 5185 οἶμαι,
1285 5115 1376 5169 τὸν
1420 5119 1731 5186 στρατηγὸν
1758 5118 1858 5170 οὐκ

260 5211 365 5264 ds‘t
387 5211 480 5264 διὰ
517 5209 838 5281 ξιφουλκίας
867 5211 966 5279 τὴν
999 5209 1156 5278 νίκην
1200 5209 1378 5277 ἐαυτῷ
1411 5209 1663 5261 σπεύδειν
1697 5225 1858 5277 περι-

259 5303 577 5368 ποιεῖσθαι,
611 5304 750 5359 ἀλλὰ
811 5305 906 5357 καὶ
954 5301 1090 5372 πρὸς
1149 5301 1488 5371 πανουργίαν
1536 5300 1650 5368 (58)
1702 5299 1852 5351 ἔστιν

256 5390 328 5452 οὗ
353 5396 803 5465 εὐτρεπίζεσθαι,
831 5395 1016 5448 ἐπὰνὸ
1041 5393 1230 5464 καιρὸς
1256 5393 1349 5446 καὶ
1371 5393 1439 5444 τὰ
1467 5390 1848 5460 συμπίπτοντα

197 5559 211 5571 _
259 5489 453 5560 τούτῳ
493 5489 696 5550 διδόασι
718 5487 818 5558 τὴν
850 5489 1038 5557 νίκην,
1093 5485 1272 5556 ἐαυτῷ
1313 5485 1550 5538 πάντοσε
1599 5499 1852 5552 περιποι-

1962 4937 2263 4994 ciliciorum
2313 4932 2648 4988 consuetudo
2686 4928 2985 4985 cessaverit
3026 4926 3133 4978 cito
3181 4925 3530 4982 evanescunt,

1963 5028 2314 5098 quantumvis
2361 5027 2512 5094 prius
2560 5032 2710 5076 arcte
2765 5021 2995 5074 eoalitaa.
3045 5015 3126 5068 Ad
3179 5015 3319 5066 hanc
3368 5021 3532 5098 porro

1961 5095 2255 5175 Fabianam
2327 5116 2503 5184 potius
2576 5126 2736 5180 quam
2789 5123 2942 5160 suam
3037 5113 3208 5156 artem
3283 5095 3528 5152 trahendi

1949 5210 2106 5273 belli,
2141 5223 2244 5261 non
2297 5205 2402 5258 ulla
2454 5217 2585 5257 sane
2631 5202 2924 5269 imperator
2973 5193 3195 5248 Alexius
3241 5187 3530 5243 timiditate

1964 5309 2199 5353 mentem
2242 5294 2468 5364 appulit.
2504 5290 2644 5356 Non,
2677 5292 2917 5358 inquam,
2960 5294 3051 5338 ant
3086 5279 3362 5337 Baimundi
3391 5275 3528 5328 adeo

1961 5387 2273 5444 formidavit
2323 5385 2506 5451 copias
2556 5392 2647 5435 aut
2694 5381 2926 5452 propriis
2963 5375 3176 5436 difﬁdit,
3209 5379 3299 5425 aut
3342 5375 3530 5438 aperto

1963 5487 2135 5534 marte
2179 5479 2322 5530 vires
2366 5472 2598 5544 experiri
2641 5487 2768 5526 suas
2799 5485 2920 5525 cum
2946 5482 3010 5522 eo
3043 5465 3337 5520 dubitaret.
3386 5455 3528 5523 Quin

1315 5603 1454 5664 Car.
1484 5598 1811 5660 Dufresnii
1843 5599 1936 5659 Du
1971 5592 2190 5673 Cangii
2224 5597 2410 5653 nota).

341 5733 461 5803 (58)
525 5729 931 5804 Humum-lar.
979 5727 1270 5782 Ordericus
1319 5725 1480 5781 Vital.
1515 5723 1633 5795 JH).
1679 5737 1732 5776 ix
1779 5722 1844 5804 de
1878 5719 2111 5778 Alexio:
2157 5715 2287 5770 Erat
2319 5714 2457 5768 enim
2513 5711 2740 5766 callidus
2774 5717 2822 5766 et
2856 5705 3146 5778 facundus,
3202 5703 3405 5772 largus,
3471 5706 3522 5751 et

259 5801 501 5875 fallendi
530 5803 727 5873 artifex
760 5801 1080 5870 ingeniosus.
