3992 6278
495 362 595 428 971

1810 356 2037 417 ANNIE
2085 359 2232 420 COM
2247 361 2290 419 N
2307 357 2472 418 ENA!
3603 371 3687 435 θτῖ

497 493 656 535 cursu
690 477 904 535 concito
949 477 1218 532 terebant.
1277 471 1663 542 Exploratores
1705 471 2072 526 Cantacnzeni

2183 473 2645 542 Καντακουςηνοῦ
2701 473 2895 526 σκοποὶ
2931 470 3224 542 (βάρϐαροι
3257 473 3312 528 δὲ
3347 469 3488 546 ἦσαν,
3507 482 3541 534 -ὁ
3566 481 3687 552 λόγος

497 573 748 630 homines
797 569 1057 632 barbari,
1124 576 1182 622 ut
1241 567 1442 621 dictum
1481 575 1601 629 est,
1671 564 1785 618 visu
1839 563 2076 632 perculsi

501 664 712 733 trepide
747 670 1042 718 recurrunt
1074 661 1142 715 ad
1188 661 1380 714 ducem
1399 672 1610 720 suum;
1653 671 1754 710 nec
1811 666 1992 708 tamen
2027 656 2076 709 ei

495 759 726 825 primam
753 754 828 810 rei
858 754 1108 808 notitiam
1143 758 1442 812 reservant,
1470 749 1752 802 autsedati
1785 763 1914 801 voce
1945 747 2075 800 sub-

499 849 665 904 missa
699 847 826 916 quid
859 845 1126 900 vidissem
1152 843 1422 905 nuntiant,
1463 852 1520 894 ut
1549 840 1898 895 cordatorum
1951 839 2078 894 offl-

498 943 646 1002 cium
683 947 826 1006 erat,
855 937 948 993 sed
984 939 1124 992 inter
1163 936 1338 1005 ipsum
1372 949 1592 989 cursum
1626 941 1687 986 ut
1707 942 1864 988 erant
1897 931 2076 986 anheli

499 1046 555 1090 et
577 1043 720 1088 metu
747 1030 1028 1088 examines
1059 1027 1361 1082 clamarunt
1391 1026 1578 1079 adesse
1597 1023 1805 1079 Gallos.
1841 1021 2080 1076 Perculit

499 1124 818 1195 imprudens
869 1137 974 1177 vox
1011 1121 1281 1174 Romanos
1329 1119 1438 1187 jam
1487 1116 1755 1179 victores,
1787 1127 2078 1182 arcemque

497 1213 740 1270 incensis
797 1221 1076 1282 patentem
1149 1207 1360 1276 portis,
1431 1205 1764 1260 transcensis
1831 1205 2075 1259 invasam

499 1307 710 1369 muris,
767 1303 1000 1360 extorsit
1051 1301 1302 1356 manibus
1360 1297 1724 1354 obtinentium
1779 1313 1793 1350 :
1847 1296 2078 1365 quisque

501 1413 690 1454 amens
723 1407 934 1452 terrore
963 1393 1144 1449 subito
1191 1391 1378 1461 pedem
1409 1389 1608 1454 refert,
1663 1389 1948 1442 victoriam
1983 1387 2077 1441 ab-

501 1489 672 1555 dicat,
722 1503 922 1558 equum
969 1484 1190 1556 repetit,
1241 1483 1610 1552 adjumentum
1665 1481 1864 1534 velocis
1921 1479 2078 1548 fugae.

498 1581 722 1637 Collisio
743 1590 861 1634 erat
885 1579 1021 1631 mira
1043 1574 1398 1644 confusioque
1421 1574 1474 1625 in
1499 1587 1616 1626 sese
1639 1570 2032 1624 incurrentium
2060 1610 2074 1632 ,

501 1687 556 1732 et
603 1689 724 1728 cum
759 1673 964 1740 trepide
995 1685 1091 1737 pro
1143 1684 1200 1723 se
1251 1669 1485 1734 quisque
1536 1665 1876 1746 festinarent,
1911 1677 2078 1731 equos

496 1783 598 1840 pro
627 1771 740 1822 suis
769 1765 1000 1827 alienos,
1042 1771 1098 1815 ut
1129 1773 1402 1829 quemque
1435 1758 1632 1826 cuique
1663 1756 1775 1809 fors
1833 1765 1888 1808 et
1921 1767 2078 1807 error

499 1859 825 1921 obtulerat,
879 1854 1332 1910 insccndentium.
1409 1849 1782 1917 Nequidquam
1875 1845 2068 1900 Canta-

499 1967 741 2008 cnzenus
773 1947 1094 2016 obequitans
1146 1946 1400 2000 obstabat
1427 1939 1740 2006 ruentibus,
1776 1947 1830 1992 et
1877 1953 2035 1990 manu
2060 1975 2073 1999 ,

502 2058 634 2100 voce
657 2083 672 2108 ,
722 2049 856 2094 nutu
881 2053 1074 2094 omnes
1107 2037 1426 2096 admonens,
1461 2032 1688 2088 reddere
1713 2029 2075 2086 constantiam

461 2181 466 2186 .
497 2147 643 2192 metu
681 2133 919 2200 abreptis
951 2130 1144 2199 panico
1190 2127 1454 2183 certabat.
1505 2123 1632 2179 Este
1685 2123 1819 2186 viri,
1857 2123 2073 2186 aiebat,

497 2244 529 2284 ο
559 2235 716 2296 poeta
739 2233 1010 2292 repetens,
1037 2233 1084 2275 et
1103 2223 1286 2287 prisca:
1311 2233 1566 2272 memores
1587 2217 1794 2270 virtutis
1814 2217 1869 2269 in
1891 2214 2076 2276 armis;

499 2321 597 2375 sed
649 2315 885 2372 canebat
938 2314 1136 2378 surdis,
1193 2319 1248 2366 et
1291 2309 1444 2365 ducis
1503 2308 1639 2362 nihil
1686 2322 1796 2362 non
1832 2305 2079 2361 conantis

497 2408 824 2466 industriam
887 2405 1177 2460 oblitorum
1229 2401 1396 2457 ofﬁcii
1464 2401 1693 2455 militum
1741 2397 2076 2469 perturbatio

499 2501 772 2556 vincebat.
836 2498 932 2553 llle
977 2507 1154 2552 tamen
1205 2511 1272 2550 ne
1323 2504 1452 2549 tunc
1507 2493 1722 2563 quidem
1777 2491 2077 2560 desperans

495 2595 680 2650 omnia
727 2611 741 2649 ε
798 2589 963 2656 Esto,
1027 2589 1232 2658 inquit,
1279 2587 1474 2642 milites
1521 2602 1723 2640 eamus.
1784 2583 1950 2653 Fuga;
1997 2598 2079 2635 me

497 2688 698 2740 socium
749 2683 1024 2736 habebitis.
1062 2679 1165 2734 Sed
1225 2695 1318 2732 cur
1375 2689 1579 2731 nostras
1607 2677 1881 2730 machinas
1939 2677 2076 2728 hosti

499 2775 874 2847 relinquimus?
895 2790 988 2828 cur
1010 2785 1188 2826 nostra
1203 2771 1352 2840 copia
1376 2769 1558 2824 Gallos
1583 2785 1848 2822 armamus
1866 2769 1890 2822 ?
1905 2769 2074 2838 Agite,

501 2873 666 2926 brevis
719 2883 812 2922 nec
840 2865 1134 2936 periculosa
1185 2879 1334 2916 mora
1377 2871 1476 2916 est.
1513 2859 1926 2928 Cor-rumpamus
1964 2859 2076 2930 igni

498 2981 616 3034 qua:
643 2977 734 3016 nec
759 2959 940 3013 tuendi
969 2959 1199 3019 animus,
1234 2971 1324 3008 nec
1347 2953 1602 3022 eﬂerendi
1627 2951 1858 3021 facultas
1877 2953 2075 3005 otium-

499 3074 556 3110 ve
583 3053 830 3124 suppetit;
863 3065 1023 3120 neque
1053 3048 1186 3103 illud
1207 3048 1366 3118 jubeo
1395 3057 1690 3111 exspectare
1709 3061 1794 3099 vos
1811 3046 1986 3115 quoad
2015 3062 2076 3098 ea

499 3154 552 3204 in
574 3149 796 3202 cinerem
818 3143 1063 3205 abierint;
1079 3142 1296 3210 flamma
1314 3140 1470 3193 seruet
1493 3137 1706 3206 injecta,
1727 3155 1818 3206 per
1837 3155 1914 3191 me
1931 3136 2075 3200 licet,

499 3243 588 3304 ite,
621 3234 864 3292 recedite;
890 3232 978 3286 sed
1009 3247 1111 3284 non
1141 3239 1350 3295 temere,
1379 3245 1482 3281 non
1515 3229 1756 3298 turpiter,
1787 3229 1876 3282 sed
1893 3229 2077 3282 decore

501 3330 880 3400 compositeque
919 3327 1162 3379 recedite.
1205 3321 1442 3376 Nin-ium
1472 3335 1622 3390 requa
1657 3335 1885 3390 poscere
1925 3321 2074 3375 visus

499 3431 620 3486 est;
651 3425 816 3482 agunt
853 3416 1051 3470 milites
1102 3413 1246 3484 quod
1289 3413 1647 3483 jubebantur,
1689 3415 1831 3466 ultra
1885 3414 2074 3476 etiam,

500 3523 560 3566 nt
607 3511 666 3564 tit
689 3549 702 3574 ,
747 3523 907 3577 quam
937 3509 1044 3560 dux
1074 3513 1423 3572 speraverat,
1481 3513 1640 3572 capto
1671 3503 1838 3559 semel
1875 3503 2074 3572 impetu

499 3603 647 3656 elati.
683 3598 958 3669 Siquidem
1017 3611 1119 3649 non
1155 3595 1330 3648 solum
1357 3607 1485 3646 suas
1515 3594 1750 3660 ipsorum
1777 3591 2074 3657 machinas,

501 3696 596 3750 sed
621 3695 784 3749 etiam
841 3688 1064 3745 hostiles
1109 3685 1271 3758 392
1315 3700 1482 3739 naves
1531 3685 1598 3739 ad
1653 3683 1850 3738 ﬂumen
1895 3684 2075 3739 Busen

503 3794 712 3840 stantes
741 3781 1097 3836 incenderunt
1126 3819 1140 3840 ,
1177 3791 1284 3830 non
1337 3776 1532 3846 exiguo
1586 3775 1926 3830 incommodo
1951 3773 2079 3830 Gal-

503 3879 679 3931 lorum
709 3913 724 3940 ,
803 3872 1001 3942 quibus
1065 3869 1210 3924 haud
1276 3867 1454 3924 facilis
1509 3867 1764 3936 deinceps
1825 3867 2079 3935 trajectus

505 3967 680 4022 amnis
715 3963 835 4036 ejus
870 3962 1086 4016 futurus
1114 3960 1419 4015 videbatur.
1451 3958 1528 4014 Ita
1564 3959 1780 4014 demum
1806 3957 2079 4013 Cantacn-

501 4074 667 4116 aeuus
727 4059 830 4112 rite
884 4065 1046 4122 atque
1122 4053 1372 4106 ordinate
1423 4066 1544 4105 cum
1605 4051 1722 4106 suis
1781 4065 1812 4104 e
1871 4059 2078 4106 terrore

502 4151 781 4221 paulisper
837 4146 1090 4214 receptis,
1119 4144 1264 4198 lento
1308 4143 1418 4210 jam
1446 4153 1500 4198 et
1531 4141 1758 4196 militari
1812 4144 2076 4198 recedens

503 4247 695 4315 gradu.
721 4241 997 4312 planitiem
1021 4237 1402 4292 animadvertit
1427 4250 1534 4290 non
1565 4235 1723 4305 longe
1753 4236 2068 4300 distantem,

501 4337 657 4405 cujus
689 4337 827 4390 situs
869 4349 898 4386 a
957 4330 1164 4386 dextris
1217 4329 1420 4382 habens
1451 4341 1664 4382 amnem
1697 4325 2032 4382 Cltarzanem
2061 4367 2078 4394 ,

503 4439 776 4501 protectus
823 4442 852 4479 a
897 4425 1134 4478 sinistris
1181 4423 1326 4476 invio
1376 4419 1551 4488 spatio
1601 4421 1858 4488 palustris
1889 4429 1943 4475 et
1977 4421 2075 4474 uli-

2181 563 2398 632 φθάσας
2435 563 2696 633 ἑδήλωσε)
2721 562 3200 632 ὲπανατρέχουσιν
3239 563 3554 630 ἀσυντάκτως
3583 572 3686 638 πρὸς

2179 657 2346 710 αὐτὸν
2367 657 2462 709 καὶ
2489 657 2550 709 οὐ
2595 655 2994 726 μυστηριωδῶς
3021 657 3152 724 περὶ¹
3175 653 3286 708 τῶν
3311 656 3556 724 φανέντων
3589 677 3690 714 κατ-

2179 748 2462 820 ήγγελλον,
2487 747 2623 802 ἀλλὰ
2659 747 2941 819 πόρρωθεν
2963 745 3270 816 φωνοῦντες
3285 745 3470 800 τούτων
3487 747 3640 816 ἔφοδον
3655 751 3686 782 ³⁷

2177 844 2384 912 ελεγον.
2454 841 2815 904 Ἀκούσαντες
2869 840 2928 892 δὲ
3003 843 3051 893 oi
3120 839 3442 908 στρατιῶται
3486 841 3570 908 τὴν
3607 841 3689 894 τῶν

2176 935 2399 990 Κελτῶν
2433 934 2644 1002 ἔφοδον,
2677 933 2783 988 κᾶν
2833 933 2942 987 τῶν
2981 931 3182 1002 τειχῶν
3239 932 3574 1002 ὑπερέϐησαν,
3611 936 3688 987 κᾶν

2177 1029 2276 1091 τὰς
2299 1028 2474 1090 πύλας
2505 1028 2844 1096 ἐνέπρησαν,
2885 1025 2990 1078 κᾶν
3025 1027 3085 1078 ὲν
3109 1024 3269 1094 χερσὶ
3322 1023 3466 1078 τοῦτο
3485 1026 3690 1092 κατέχον-

2177 1136 2271 1182 τες
2299 1115 2442 1190 ἧσαν
2485 1119 2610 1190 ἤδη,
2648 1119 2762 1172 ἀλλ’
2811 1116 3309 1187 ὲκδειματωθέντες
3347 1117 3554 1190 ἕκαστος
3589 1117 3690 1186 πρὸς

2179 1213 2272 1266 τὸν
2324 1187 2459 1266 ίδιον
2508 1187 2744 1282 ’ἔτρεχεν
2794 1212 2984 1266 ἵππον.
3053 1210 3324 1280 Ἐμφοόοι
3377 1187 3440 1266 'n
3465 1210 3594 1272 ὐντες
3621 1210 3692 1262 καὶ

2181 1302 2467 1364 συνθέντες
2513 1301 2625 1373 [Im
2669 1301 3054 1374 συγχυθέντες]
3085 1303 3175 1355 τὸν
3215 1299 3335 1356 νοῦν
3367 1301 3538 1371 ἅτερος
3576 1299 3692 1350 θατέ-

2182 1411 2278 1465 ρου
2319 1394 2485 1448 ἵππον
2545 1393 2853 1448 ἐπέϐαινεν.
2885 1393 3062 1448 Πολλὰ
3121 1394 3252 1462 γοῦν
3305 1395 3332 1446 ὁ
3373 1391 3692 1457 Καντοκουζη-

2179 1489 2267 1552 νὸς
2305 1489 2714 1558 ἀγωνισάμενος
2762 1490 2856 1542 καὶ
2913 1488 3114 1552 πολλὰς
3169 1488 3428 1551 ἱππασίας
3465 1485 3586 1539 κατὰ
3617 1483 3692 1535 τῶν

2185 1581 2704 1651 ὲκδειματωθέντων
2769 1582 3024 1656 ποιήσας,
3116 1579 3351 1653 Ἀνέρεςξ
3412 1578 3554 1640 ἕστε,
3610 1591 3691 1642 φω-

2180 1673 2286 1726 νῶν
2369 1674 2509 1727 κατὰ
2585 1672 2676 1725 τὸν
2755 1675 3037 1742 ποιητὴν,
3093 1673 3402 1741 μνήσθητε
3485 1666 3697 1734 θούριδος

2181 1765 2398 1832 ἀλκῆς,
2455 1767 2532 1828 ὡς
2603 1765 2704 1818 οὐκ
2771 1765 3032 1830 ἔπειθεν,
3087 1764 3306 1833 εὐφυῶς
3383 1761 3576 1823 τούτους
3625 1761 3694 1826 τῆς

2185 1860 2378 1922 πτοίας
2451 1859 2752 1928 ἀνήνεγκε,
2807 1861 3071 1930 φάμενος,
3109 1859 3184 1922 ὡς
3241 1859 3324 1912 οὐ
3379 1856 3487 1926 χρὴ
3540 1851 3698 1908 ἑλεπό-

2183 1953 2314 2014 λεις
2365 1950 2719 2004 καταλιπεῖν
2760 1949 2885 2016 τοῖς
2935 1951 3236 2017 ἐναντίοις
3276 1952 3400 2005 καθ’
3443 1948 3587 2018 ’ἡμῶν
3630 1943 3704 2011 ὄρ-’

2185 2058 2338 2112 rara
2363 2086 2377 2108 ,
2409 2043 2570 2098 ἀλλὰ
2629 2044 2748 2112 πῦρ
2803 2047 2891 2112 εἰς
2940 2041 3462 2114 αὑτὰςὲμὸαλεῒν,
3493 2035 3600 2108 κᾷθ’
3623 2037 3700 2090 οὗ·

2190 2153 2306 2201 τως
2355 2137 2787 2203 εὐσυι-τάκτως
2833 2136 3192 2206 ὑποχωρεῖν.
3247 2134 3570 2206 Παραχρῆμα
3603 2127 3699 2196 γοῦν

2189 2227 2333 2297 μάλα
2367 2225 2670 2298 προθύμως
2703 2227 2976 2296 ἐπλήρουν
3017 2227 3065 2278 oi
3099 2227 3429 2294 στρατιῶται
3477 2224 3530 2276 τὸ
3573 2235 3704 2292 apoc-

2183 2318 2537 2386 ταττόμενον,
2569 2323 2663 2370 καὶ
2720 2318 2780 2369 οὐ
2811 2319 2912 2379 τὰς
2958 2317 3246 2380 ἑλεπόλεις
3275 2317 3454 2387 μόνον,
3484 2312 3600 2368 ἀλλὰ
3632 2309 3700 2362 καὶ

2184 2411 2252 2460 τὰ
2271 2407 2416 2460 κατὰ
2453 2407 2546 2460 τὸν
2583 2410 2833 2477 ποταμὸν
2869 2407 3082 2478 Βούσην
3143 2409 3407 2478 ἱστάμενα
3442 2405 3580 2458 πλοῖα
3619 2399 3706 2454 ὲνὲ-

2185 2515 2438 2570 πρησαν,
2487 2499 2562 2561 ὡς
2601 2498 2674 2569 μὴ
2736 2497 2942 2568 ῥαδίως
2979 2500 3030 2551 οἱ
3083 2499 3284 2553 Κελτοὶ¹
3311 2497 3560 2567 διαπερᾷν
3589 2493 3702 2546 ἔνθεν

2183 2592 2380 2662 ἔχοιεν.
2405 2591 2578 2654 Αὐτὸς
2603 2591 2660 2644 δὲ
2687 2591 3018 2655 ἁναποδίσας
3059 2592 3263 2663 μικρὸν
3293 2592 3388 2644 καὶ
3409 2587 3596 2644 πεδιάδι
3625 2581 3706 2637 τινὶ

2184 2683 2424 2754 ἐντυχὼν
2469 2684 2706 2749 δεξιὸθεν
2770 2685 2868 2752 μὲν
2930 2685 3020 2738 τὸν
3073 2684 3418 2753 καλούμενον
3471 2679 3703 2749 Χαρζάνην

2185 2775 2433 2852 ποταμὸν
2463 2775 2686 2847 ἐχούσῃ,
2724 2775 2784 2841 ἐξ
2815 2776 3105 2845 εὐωνύμου
3141 2777 3204 2830 δὲ
3235 2775 3411 2842 ἑλώδη
3441 2773 3555 2827 τινὰ
3581 2768 3706 2822 τόπον

2186 2867 2277 2921 καὶ
2308 2867 2578 2938 βαλτώδη,
2608 2870 2702 2922 καὶ
2737 2869 3190 2940 συγχρησάμενοι
3227 2872 3437 2932 τούτοις
3455 2867 3524 2930 ὠς
3545 2859 3707 2934 ὀχυρώ-

2188 2973 2352 3026 μασιν
2384 2957 2551 3010 αὐτοῦ
2585 2975 2690 3011 που
2732 2953 2830 3012 τὸν
2877 2962 3101 3030 χάρακα
3143 2959 3442 3030 ἐπήξαντο.
3491 2959 3544 3010 0i
3569 2955 3614 3008 δὲ
3641 2955 3711 3018 ρη-

2185 3049 2372 3112 θέντες
2406 3049 2604 3104 Κελτοὶ
2626 3051 2781 3122 παρὰ
2820 3052 2899 3122 τῷ
2934 3053 3103 3121 χείλει
3131 3053 3230 3106 τοῦ
3263 3049 3504 3119 ποταμοῦ
3531 3046 3710 3116 γενόμε-

2185 3159 2287 3206 νοι,
2320 3141 2430 3196 τῶν
2489 3143 2694 3198 πλοίων
2755 3145 2860 3216 ἤδη
2909 3145 3480 3216 προεμπρησθὲντων,
3529 3136 3712 3205 ἀστοχή-

2185 3251 2378 3298 σαντες
2409 3233 2522 3287 τῶν
2576 3235 2811 3289 ἐλπίδων
2863 3239 3164 3306 κεχηνότες
3221 3239 3571 3306 ὑπέστρεφον.
3601 3231 3647 3282 '0
3672 3227 3732 3290 δὲ,

2181 3326 2278 3381 τοῦ
2313 3327 2658 3396 Βαῖμούντου
2691 3329 2922 3398 ἀδελφὸς
2963 3331 3138 3396 Γίδος,
3179 3333 3252 3386 τὰ
3285 3329 3558 3397 συμϐάντα
3587 3321 3716 3378 πυθό-

2185 3437 2346 3491 μενος
2382 3420 2512 3490 παρ’
2543 3421 2746 3487 αὐτῶν,
2781 3421 2948 3494 ἄλλην
2976 3425 3278 3494 ἐτράπετο,
3313 3423 3408 3477 καὶ
3435 3416 3717 3491 στρατιώτας

2181 3513 2467 3582 γενναίους
2503 3515 2616 3567 τῶν
2649 3517 2743 3569 ὑπ’
2775 3517 2943 3570 αὐτὸν
2995 3517 3344 3588 διελόμενος,
3387 3518 3516 3588 πρὸς
3548 3506 3720 3580 Ἱεριλὼ

2181 3609 2277 3658 καὶ
2303 3606 2370 3659 τὰ
2392 3607 2606 3661 Κάνινα
2637 3607 2942 3680 ὲξέτιεεμιιε.
2983 3611 3417 3674 Καταλαόόντες
3445 3604 3530 3662 οὖν
3553 3604 3613 3656 τὰ
3641 3599 3720 3653 ὑπὸ

2177 3698 2274 3752 τοῦ
2309 3699 2673 3770 Κεκαυμένου
2715 3703 2938 3774 Μιχαὴλ
2980 3707 3308 3774 τηρούμενα
3328 3697 3720 3774 τέμπη(ὲκεῖνον

2179 3791 2290 3861 γὰρ
2345 3789 2566 3860 φύλακα
2615 3793 2824 3847 τούτων
2879 3795 3191 3866 ἐπέστησεν
3233 3795 3280 3828 ³⁸
3316 3797 3343 3849 ὁ
3369 3783 3720 3859 αὐτοκράτωρ),

2183 3885 2277 3936 καὶ
2301 3886 2576 3966 συμμάχῳ
2593 3885 2672 3956 τῷ
2687 3885 2839 3956 τόπῳ
2861 3889 3209 3958 χρησάμενοι
3247 3889 3346 3942 καὶ
3372 3884 3718 3959 θαρρήσαντες.

2181 3975 2452 4044 τρέπουσι
2529 3975 2904 4047 ξυμϐαλόντες
2956 3979 3000 4011 ⁸⁸
3043 3981 3402 4050 κατακράτος
3425 3995 3440 4009 ·
3477 3975 3604 4041 ἀνὴρ
3638 3967 3720 4035 γάρ

2183 4063 2390 4127 Κελτὸς
2418 4064 2560 4117 ἐπὰν
2597 4065 2856 4136 στενωπῷ
2880 4069 2994 4130 τοῖς
3053 4070 3285 4140 ἐχθροῖς
3329 4069 3533 4138 ἔτυχεν,
3559 4059 3720 4118 ἀκάθε-

2184 4173 2312 4219 κτος
2363 4155 2594 4224 γίνεται.
2645 4155 2836 4228 ὥσπερ
2907 4159 2964 4211 ὲν
3016 4161 3234 4214 πεδιάδι
3299 4161 3420 4213 λίαν
3479 4155 3721 4210 εὐάλωτος.

2187 4247 2588 4317 θαρσήσαντες
2615 4246 2729 4312 οὖν,
2763 4250 2840 4312 ὡς
2867 4253 3004 4322 πρὸς
3031 4254 3124 4306 τὸν
3165 4247 3609 4318 Καντακουζηνον
3649 4237 3719 4293 αὖα

2187 4339 2271 4402 θις
2321 4342 2816 4410 ὲπανατρέχουσιν.
2883 4344 3042 4397 'Errs‘.
3098 4346 3158 4398 δὲ
3219 4347 3316 4398 τὸν
3373 4343 3532 4396 τόπον
3585 4329 3718 4399 οὗπερ

2185 4429 2420 4498 ἔφθασεν
2453 4431 2482 4482 ὀ
2517 4432 2978 4502 Καντακουζηνδς
3004 4434 3081 4500 ὡς
3125 4435 3372 4504 εἴπομεν
3415 4432 3501 4485 τὸν
3549 4426 3718 4498 χάρακα

504 4523 678 4593 sinesi
707 4519 828 4582 loci,
860 4533 982 4572 cum
1005 4526 1161 4586 aptus
1183 4525 1327 4569 esset
1349 4515 1495 4568 visus
1521 4514 1828 4568 muniendis
1857 4516 2074 4578 castris,

2186 4522 2460 4592 πήξασθαι
2495 4557 2498 4562 ι
2530 4524 2604 4596 μὴ
2644 4526 3094 4596 προσϐοηθοῦντα
3150 4528 3378 4590 τούτοις
3419 4524 3716 4592 ὲγνὼκεισανι

505 4611 704 4666 vallum
739 4609 846 4663 illic
883 4607 1018 4660 ﬁxit.
1051 4606 1220 4660 Porro
1247 4604 1383 4660 Galli
1407 4620 1542 4673 quos
1579 4603 1808 4660 infestos
1843 4606 2078 4660 movisse

505 4704 572 4756 ad
629 4699 1003 4755 liberationem
1037 4695 1158 4766 Myli
1207 4696 1440 4749 diximus
1466 4734 1480 4758 ,
1517 4697 1606 4749 ubi
1645 4699 1708 4749 ad
1743 4697 1890 4763 ripas
1927 4695 2076 4749 ﬂuvii

501 4792 744 4867 provecti
799 4805 965 4845 naves
1025 4803 1149 4842 snas
1213 4788 1466 4841 incensas
1533 4792 2075 4856 repererunt,.spei

505 4889 735 4954 impotes
781 4893 836 4937 et
904 4881 1106 4935 frustra
1169 4879 1382 4934 hiantes
1447 4879 1654 4944 regredi
1701 4881 1872 4933 coacti
1924 4885 2072 4932 sunt.

507 4977 703 5034 Verum
752 4975 1033 5030 Bnimundi
1089 4973 1257 5029 frater
1313 4970 1484 5026 Gidus
1529 4971 1728 5025 auditis
1783 4987 1901 5039 quae
1931 4971 2076 5025 acci-

503 5074 730 5134 derant,
765 5069 868 5122 alia
917 5069 1000 5122 via
1057 5068 1266 5122 hostem
1305 5075 1489 5135 petere
1541 5063 1798 5118 decrevit.
1859 5063 2078 5116 Lactant

505 5163 724 5219 fortium
771 5161 1000 5214 militum
1025 5200 1040 5227 ,
1079 5157 1267 5228 quales
1308 5157 1408 5210 sub
1437 5171 1496 5210 se
1529 5156 1760 5208 habebat
1793 5151 2076 5221 plurimos,

501 5269 722 5310 manum
761 5251 1052 5318 improviso
1099 5251 1152 5304 in
1183 5247 1564 5303 Jerechuntem
1599 5257 1654 5300 et
1689 5246 1894 5301 Canina
1925 5248 2081 5316 jubet

503 5348 735 5401 irruerc.
790 5342 1164 5414 Obsequentes
1219 5341 1292 5396 illi
1326 5340 1494 5396 valles
1525 5340 1574 5392 in
1609 5350 1869 5408 angustas
1913 5355 2079 5406 pene-

506 5449 676 5504 trant,
723 5453 955 5508 quarum
991 5445 1110 5490 erat
1139 5434 1384 5489 Michaeli
1427 5433 1773 5488 Cecaumeno
1803 5435 1872 5487 ab
1903 5435 2080 5504 impe-

503 5541 681 5588 ratore
739 5531 986 5586 custodia
1031 5527 1309 5584 mandata.
1370 5525 1436 5582 Et
1489 5526 1660 5580 adfuit
1701 5526 1786 5580 ille
1837 5527 2076 5596 quidem,

2183 4614 2577 4683 δειλιάσαντες,
2619 4618 2983 4672 ἀνεϐάλλοντο
3018 4620 3118 4690 τὴν
3153 4622 3364 4694 μάχην.
3425 4617 3482 4670 '0
3501 4615 3552 4667 δὲ
3579 4604 3716 4664 αὐτῶν

2184 4705 2512 4778 αἰσθόμενος
2552 4707 2649 4776 τῆς
2681 4709 2897 4776 ἐφόδου,
2955 4709 3025 4764 δι’
3057 4711 3194 4779 ὅλης
3256 4713 3454 4772 νυκτὸς
3510 4701 3717 4769 ξυμπάσῃ

2187 4800 2416 4868 στρατιᾷ
2471 4798 2571 4869 τὴν
2641 4801 2736 4852 τοῦ
2803 4801 3055 4870 ποταμοῦ
3120 4801 3369 4872 περαίαν
3443 4789 3714 4850 κατέλαῦεν-

2195 4891 2382 4943 Ἡλίου
2426 4890 2482 4943 δὲ
2503 4889 2776 4961 ὁρίζοντος
2817 4893 2984 4962 μήπω
3037 4894 3467 4962 ὑπερκύψαντος
3513 4883 3650 4943 αὐτός
3671 4893 3714 4929 τε

2186 4981 2642 5051 θωρακισάμενος
2671 4984 2768 5036 καὶ
2798 4983 2945 5056 ἅπαν
2970 4985 3213 5048 ὁπλίσας
3240 4987 3304 5037 τὸ
3333 4983 3628 5054 στράτευμα
3643 4969 3717 5036 τὴν

2189 5072 2360 5142 μέσην
2412 5077 2509 5142 τῆς
2573 5075 2938 5145 παρατάξεως
2965 5071 3078 5146 εἶχε
3108 5078 3306 5146 χώραν
3361 5069 3718 5145 προμετωπιος.

2184 5166 2244 5217 Oi
2284 5164 2339 5216 δὲ
2363 5163 2596 5234 Τοῦρκοι
2635 5166 2693 5231 ἐξ
2720 5168 3002 5237 εὐωνύμου
3025 5207 3039 5233 ,
3082 5169 3113 5220 ὁ
3141 5169 3200 5222 δέ
3266 5185 3330 5238 γε
3380 5163 3584 5222 Ἀλανὸς
3619 5155 3716 5206 Ῥυν

2193 5255 2396 5326 omni;
2423 5257 2481 5309 τδ
2509 5257 2680 5322 δεξιὸν
2717 5259 2890 5312 διεῖπε
2941 5262 3108 5330 κέρας
3167 5263 3312 5329 μετὰ
3343 5259 3448 5314 τῶν
3491 5245 3716 5308 ὑπἀὖτὸν

2183 5347 2516 5417 ὁμοχθόνων.
2566 5349 2704 5413 Τοὺς
2751 5349 2807 5403 δὲ
2852 5351 3060 5412 Σκύθας
3119 5351 3452 5422 προέπεμψε
3483 5343 3607 5399 κατὰ
3632 5335 3714 5387 τῶν

2183 5439 2430 5502 Κελτῶν,
2453 5441 2836 5512 ἐντειλάμενος
2895 5444 2962 5496 δι’
3005 5442 3420 5514 ἀκροϐολισμοῦ
3463 5431 3714 5492 ἐπισπάσα-

2184 5529 2308 5584 σθαι
2341 5534 2566 5598 τούτους
2599 5535 2691 5588 καὶ
2739 5534 2958 5604 βάλλειν
2987 5535 3085 5605 μὲν
3120 5536 3362 5606 συχνῶς,
3395 5523 3711 5598 tinus-955$”

1529 5662 1734 5724 Varus
1763 5662 2068 5725 lectiones
2099 5681 2176 5728 ex
2205 5670 2346 5732 cod.
2389 5671 2655 5735 Coislin.

741 5769 750 5788 Ι

565 5785 608 5817 ³⁷
633 5785 863 5842 ἕλευσιν.
939 5789 982 5820 ³⁸
1015 5789 1266 5859 ἔστησεν.

1365 5789 1406 5822 ³⁸
1433 5787 1590 5843 Deest
1617 5804 1714 5844 vox
1751 5789 2145 5856 ξυμϐαλόντες,
