3992 6278
302 360 413 423 973

1521 365 1944 425 ALEXIADIS
1984 365 2132 424 LIB-
2173 362 2349 424 XIII.

3457 354 3566 420 974

299 470 359 523 δὲ
392 464 551 534 αὖθις
586 471 679 526 καὶ
710 474 1187 554 παλιμπορεύτους
1221 476 1490 545 γίνεσθαι.
1552 478 1664 531 Καὶ
1713 477 1890 546 οἱμὲν

1996 491 2059 531 ac
2111 492 2169 531 se
2215 491 2449 547 suosque
2499 475 2667 532 Gallis
2721 474 3006 546 opposuit;
3048 474 3141 529 sed
3177 472 3412 537 frustra;
3444 481 3567 539 post

298 562 602 629 προθύμως
626 565 900 634 ἁπῃεσαν,
947 566 1154 636 ἤνυσαν
1205 567 1261 619 δὲ
1319 568 1600 637 οὐδαμῶς,
1653 569 1887 636 ἐπείπερ

301 654 351 705 οἱ
408 654 610 705 Κελτοὶ
661 658 1080 723 συνησπικὸτες,
1120 656 1353 718 οὐδόλως
1413 657 1513 727 τὴν
1574 658 1887 728 παράταξιν

301 743 480 803 ἔλυον,
517 744 655 796 ἀλλὰ
691 746 883 817 βραδεῖ
923 748 1045 800 ποδὶ
1090 750 1518 817 συντεταγμένοι
1551 749 1673 801 λίαν
1696 749 1886 819 ᾔεσαν.

312 834 403 897 Ὠς
439 836 495 887 δὲ
528 837 671 889 κατὰ
699 838 769 889 τὰ
798 840 1152 909 προσήκοντα
1187 842 1325 909 μετᾶ
1358 840 1457 908 τῆς
1506 840 1684 911 μάχης
1721 840 1892 908 ἄμφω

302 929 372 980 τὰ
403 930 794 999 στρατεύματα
825 933 1179 1001 ἐληλύθεσαν,
1216 934 1264 987 οἱ
1301 935 1398 1003 μέν
1424 936 1628 989 Σκύθαι
1674 937 1772 988 οὐκ
1811 935 1892 987 ἔτι

302 1019 519 1089 βάλλειν
558 1024 771 1085 ὀϊστοὺς
818 1024 1101 1092 ἠδύναντο,
1126 1026 1329 1096 σφοδρᾷ
1354 1030 1419 1096 τῇ
1456 1026 1606 1099 ῥύμῃ
1630 1027 1737 1080 τῶν
1761 1027 1893 1079 Κελ-

301 1114 409 1164 τῶν
435 1114 557 1165 κατ’
574 1115 1227 1187 αύτῶνέξιππασαμένων
1248 1118 1362 1169 ἀλλ’
1381 1119 1582 1170 ἐδίδουν
1602 1118 1761 1181 εὐθὺς
1781 1122 1894 1182 τοῖς

306 1207 533 1269 Κελτοῖς
551 1208 615 1259 τὰ
637 1209 975 1280 μετάφρενα.
995 1210 1218 1273 Τούτοις
1244 1210 1569 1278 ἐπαμείϐειν
1586 1212 1633 1262 οξ
1657 1211 1892 1278 Τοῦρκοι

304 1292 773 1368 προθυμηθέντες,
806 1302 1193 1371 προσέϐαλλον.
1215 1304 1323 1355 Καὶ
1359 1304 1479 1355 οὐδὲ
1501 1302 1705 1356 τούτων
1736 1303 1894 1370 λόγον

304 1390 441 1449 ὅλως
472 1392 855 1459 ποιησάμενοι,
893 1394 941 1444 οἱ
974 1393 1174 1445 Κελτοὶ
1208 1394 1577 1463 ἐκθυμότερον
1595 1395 1880 1463 ἐμάχοντο.

320 1480 379 1531 '0
410 1482 465 1532 δὲ
526 1483 977 1553 Καντακουζηνὸς
1010 1486 1356 1554 ἡττωμένους
1382 1487 1587 1555 ἁπάρτι
1669 1487 1894 1549 τούτους

306 1572 470 1639 ὀρῶν.
502 1572 594 1624 τὸν
622 1573 1087 1647 ἐξουσιοκρὰτορα
1119 1577 1229 1645 (70)
1281 1578 1596 1647 Ῥωμίσκην
1629 1578 1687 1631 τὸ
1720 1578 1894 1641 δεξιὸν

307 1664 572 1731 ἐπέχοντα
611 1666 778 1734 κέρας
825 1667 963 1734 μετὰ
986 1667 1097 1719 τῶν
1158 1669 1247 1721 ὑπ’
1292 1670 1455 1723 αὐτὸν
1516 1672 1533 1740 (
1580 1671 1793 1725 ’Λλανοὶ
1840 1672 1895 1724 δὲ

306 1748 448 1819 ἦσαν
486 1753 677 1820 ἄνδρες
726 1758 1154 1828 μαχιμώτατοι),
1204 1762 1303 1830 τὴν
1350 1762 1488 1831 μετὰ
1528 1762 1638 1814 τῶν
1672 1764 1895 1819 Κελτῶν

314 1845 840 1917 μάχηνέπέτρεψεν.
881 1850 1045 1903 Ἀλλὰ
1081 1853 1172 1905 καὶ
1220 1848 1375 1917 οὗτος
1409 1855 1734 1921 προσϐαλὼν
1770 1857 1891 1909 ὀπι-

314 1936 847 2007 σθόπουςὲφαίνετο,
883 1942 1090 2011 καίπερ
1118 1944 1193 2006 ὼς
1230 1944 1368 1998 λέων
1422 1946 1595 2011 δεινὸς
1640 1948 1762 2000 κατ’
1794 1949 1892 2001 αὖ·

305 2027 415 2080 τῶν
470 2030 849 2100 βρυχώμενος.
917 2034 1089 2095 mas
1130 2037 1225 2088 καὶ
1271 2036 1464 2089 τοῦτον
1525 2038 1892 2107 ἡττώμενονὸ

307 2121 770 2191 Καντακουζηνὸς
793 2124 1080 2189 ἐθεάσατο,
1115 2128 1434 2199 ἐπιρρώσας
1460 2130 1654 2182 ἐαυτὸν
1702 2130 1890 2202 ῶσπερ

306 2214 369 2275 ἐξ
398 2214 615 2283 ὁρμητη
629 2216 745 2287 ρίου
774 2217 922 2280 τινὸς
957 2221 1101 2272 κατὰ
1125 2221 1380 2288 μέτωπον
1406 2223 1503 2290 τῆς
1530 2224 1639 2276 τῶν
1671 2224 1894 2275 Κελτῶν

306 2307 673 2372 παρατάξεως
721 2309 883 2373 ἵεται,
935 2312 1029 2362 καὶ
1083 2314 1161 2375 εἰς
1212 2312 1352 2383 μέρη
1407 2314 1578 2368 πολλὰ
1632 2315 1894 2379 διαλύσας

300 2396 364 2447 τὸ
385 2398 728 2467 στράτευμα,
749 2400 942 2469 τρέπει
961 2404 1085 2465 τοὺς
1107 2405 1350 2468 Κελτοὺς
1377 2406 1722 2476 κατακράτος
1748 2407 1890 2476 (71),

301 2485 506 2549 διώξας
557 2488 687 2559 ἄχρι
764 2492 1043 2562 πολιχνίου
1109 2494 1204 2547 τοῦ
1266 2497 1608 2566 καλουμένου
1676 2498 1885 2563 Μύλου,

302 2578 539 2641 πολλοὺς
586 2580 688 2649 μὲν
720 2583 820 2651 τῆς
846 2584 1109 2653 δευτέρας
1143 2588 1314 2657 τύχης
1343 2591 1439 2641 καὶ
1477 2589 1585 2643 τῶν
1621 2589 1888 2660 μειζόνων

304 2669 515 2722 ἀνελὼν
540 2710 555 2735 ,
589 2674 743 2735 τινὰς
783 2674 839 2727 δὲ
867 2676 962 2728 καὶ
996 2676 1103 2729 τῶν
1148 2680 1429 2747 ἐπιφανῶν
1467 2682 1723 2751 κομήτων
1788 2682 1893 2747 ζων

300 2755 537 2833 τρήσας,
561 2765 653 2819 τόν
684 2783 741 2818 τε
766 2766 941 2819 Οΰϐου
960 2766 1009 2799 ⁸⁸
1030 2771 1121 2823 καὶ⁹
1151 2770 1380 2840 ἀδελφὸν
1416 2771 1739 2844 ’Ῥιτζάρδον
1775 2775 1890 2846 (72)
1916 2816 1919 2817 ν

302 2853 667 2923 καλούμενον,
688 2857 785 2908 καὶ
806 2857 897 2910 τὸν
913 2859 1356 2928 Κοντοπαγάνον,
1372 2863 1601 2933 νικητὴς
1626 2864 1895 2932 ὑπέστρε-

302 2944 426 3013 ψεν.
499 2949 927 3019 Ἀκριὸεστέραν
953 2953 1135 3006 τοίνυν
1188 2952 1285 3023 τὴν
1349 2954 1511 3023 νίκην
1554 2956 1631 3025 τῷ
1683 2957 1899 3027 βασιλεί

302 3038 656 3106 παραστῆναι
703 3040 1053 3110 βουλόμενος,
1091 3042 1304 3095 πολλῶν
1359 3044 1586 3099 Κελτῶν
1647 3047 1894 3117 κεφαλὰς

299 3130 415 3188 τοῖς
470 3128 662 3198 δόρασι
714 3133 1053 3202 περιπείρας
1098 3134 1194 3187 καὶ
1244 3122 1370 3197 τους
1448 3136 1707 3205 μείζονας
1772 3139 1882 3191 τῶν

302 3220 761 3288 κατασχιθέντων
785 3222 958 3278 Οὖϐον
983 3227 1076 3279 καὶ
1109 3227 1199 3280 τὶν
1231 3229 1660 3296 Κοντοπαγάνον
1691 3231 1886 3285 καλού-

304 3326 489 3379 μενον,
527 3315 867 3385 παραχρῆμα
893 3317 1216 3387 ἐξέπεμψεν.
1239 3314 1508 3371 Ἐνταῦθα
1534 3320 1590 3373 δὲ
1613 3322 1880 3393 γενομένη

300 3406 401 3455 καὶ
455 3407 588 3473 πρὸς
641 3407 851 3477 λύχνων
894 3409 1038 3477 ἁφὰς
1064 3410 1156 3462 τὸν
1178 3410 1223 3441 δι
1249 3411 1495 3480 κάλαμον
1523 3413 1884 3483 ἐπισύρουσα,

305 3498 511 3563 μικρὸν
541 3498 679 3568 πρὸς
710 3502 809 3570 τὴν
838 3501 1061 3572 γραφὴν
1106 3503 1573 3569 ἐπινυστάζουσα,
1618 3508 1885 3561 ἐπαισθάο

304 3605 471 3656 νομαι
504 3591 597 3641 τοῦ
631 3592 793 3659 λόγου
823 3593 1153 3663 ἀπορέοντος
1176 3593 1241 3650 δ’.
1274 3596 1447 3649 Ὅπου
1474 3600 1583 3667 γὰρ
1624 3599 1894 3669 βαρϐαρι-

300 3681 418 3732 κῶν
446 3681 730 3749 ὀνομάτων
776 3683 836 3748 ἐξ
879 3686 1127 3754 ἀνάγκης
1185 3688 1503 3742 ἀπαιτεῖται
1539 3693 1759 3761 χρῆσις.
1792 3694 1888 3745 καὶ

299 3773 731 3845 ἁλλεπαλλήλων
786 3777 1099 3831 ὑποθέσεων
1164 3778 1439 3851 διήγησις,
1476 3782 1536 3836 τὸ
1584 3785 1745 3854 σῶμα
1791 3786 1891 3855 τῆς

299 3866 551 3935 ἱστορίας
616 3869 715 3919 καὶ
760 3871 819 3921 τὸ
864 3872 1089 3942 συνεχὲς
1122 3873 1219 3941 τῆς
1261 3876 1488 3944 γραφῆς
1527 3877 1650 3929 κατ’
1698 3876 1883 3947 ἄρθρα

293 3959 446 4011 ἔοικε
488 3959 905 4019 διακόπτεσθαι.
948 3965 1060 4017 Καὶ
1097 3966 1159 4018 οὐ
1192 3966 1415 4037 νέμεσις
1447 3968 1559 4029 τοῖς
1593 3984 1655 4036 γε
1714 3967 1886 4033 εὔνως

297 4053 696 4123 ἐντυγχάνουσι
725 4061 791 4129 τῇ
845 4062 1058 4132 γραφῇ.

295 4155 628 4209 necessitate
667 4168 943 4211 verterant
993 4174 1009 4213 :

1997 582 2458 639 acremqpugnam
2508 568 2658 622 fusus
2707 585 2828 621 cum
2859 569 2971 621 suis
3021 569 3362 635 fugatusque.
3411 566 3567 637 Smpe

1997 658 2125 712 illud
2166 661 2499 728 experientia
2550 662 2892 724 monstravit,
2955 660 3209 713 sustineri
3268 675 3373 714 non
3410 674 3567 727 posse

1993 747 2133 803 Galli
2183 750 2369 805 militis
2415 752 2523 804 vim
2580 751 2667 804 ubi
2707 754 2913 806 hoSIem
2967 753 3017 804 in
3053 765 3205 805 arcto
3266 752 3568 820 deprehen-

1996 840 2135 894 derit
2167 854 2181 898 :
2214 842 2289 895 uti
2335 842 2570 895 vicissim
2607 844 2656 894 in
2701 844 2920 910 planitie
2951 851 3004 896 et
3033 858 3186 911 :eqno
3238 856 3430 911 campo
3463 859 3568 897 non

1997 931 2263 985 diﬂicilem
2322 934 2461 988 idem
2520 934 2765 988 vincendi
2826 934 3181 1001 rapicndiquc
3226 935 3306 987 sui
3358 935 3568 1002 copiam

1996 1024 2143 1077 facit.
2188 1025 2299 1078 lluc
2348 1026 2472 1079 elati
2521 1042 2810 1089 successu,
2850 1036 2994 1079 recta
3042 1028 3152 1095 jam
3188 1026 3255 1080 ad
3300 1025 3571 1080 Cantacu-

1997 1132 2190 1169 zenum
2222 1128 2438 1170 movent
2469 1136 2483 1179 ;
2517 1130 2571 1169 ut
2602 1134 2658 1171 se
2690 1119 2821 1172 satis
2859 1120 3237 1193 admoverunt,
3280 1118 3568 1174 observato

1997 1208 2181 1276 procul
2219 1208 2448 1260 naturali
2486 1211 2821 1263 munimento
2847 1192 3165 1263 castrorum
3200 1211 3568 1265 Romanorum

1999 1298 2241 1365 undique
2297 1306 2702 1362 protectorum,
2757 1298 2833 1352 uti
2872 1300 3140 1361 diximus,
3191 1315 3421 1368 pugnant
3459 1311 3570 1353 tum

1998 1390 2209 1455 quidem
2242 1389 2591 1443 distulerunt.
2626 1390 2694 1444 At
2724 1389 3138 1444 Cantacuzcnus
3175 1407 3374 1461 gnarus
3419 1392 3573 1457 cujus

1999 1485 2076 1535 rei
2113 1487 2382 1537 veuiSsent
2418 1498 2579 1537 causa
2604 1526 2617 1549 ,
2644 1484 2824 1538 irritos
2857 1483 3031 1537 redire
3073 1499 3176 1535 non
3219 1492 3301 1535 est
3335 1496 3521 1551 passus
3558 1499 3572 1544 ;

1997 1575 2213 1644 prodire
2260 1577 2672 1639 munitionibus,
2710 1585 2763 1628 et
2800 1575 3077 1629 liberalem
3124 1590 3313 1643 pugna:
3363 1575 3572 1640 copiam

1998 1666 2280 1719 constituit
2311 1664 2511 1721 facere.
2560 1666 2636 1719 Eo
2669 1667 2849 1723 animo
2888 1668 3185 1719 exercitum
3220 1681 3318 1734 per
3358 1680 3572 1718 amnem

1999 1768 2335 1827 transportat
2367 1770 2524 1814 nocte
2556 1768 2686 1815 tota:
2727 1772 2938 1812 summo
2972 1757 3086 1826 ipse
3124 1772 3305 1821 mane,
3332 1757 3575 1825 trajectis

1928 1823 2100 1914 Bjam
2156 1849 2403 1912 cunctis,
2440 1859 2563 1903 ante
2614 1848 2745 1903 solis
2792 1856 2967 1901 ortum
3014 1857 3254 1900 armatus
3307 1856 3571 1900 armatam

1994 1939 2259 1994 educitet
2313 1940 2518 1995 medius
2556 1940 2765 1994 obtinet
2803 1939 2995 2005 aciem,
3051 1940 3102 1992 in
3135 1939 3304 2005 prima
3365 1939 3573 1992 locatus

1996 2027 2192 2086 fronte.
2254 2028 2418 2084 Turci
2465 2030 2680 2092 lterum,
2719 2029 2877 2082 Alani
2909 2030 3047 2083 dure
3098 2029 3273 2083 Alano
3320 2028 3576 2083 Rosmiee

1994 2125 2243 2177 dextrum
2299 2122 2567 2175 habebant
2619 2136 2808 2199 cornu.
2876 2120 3148 2175 Przemissi
3207 2132 3331 2176 ante
3386 2138 3575 2177 omnes

1996 2217 2249 2287 Scythae,
2285 2230 2405 2270 eum
2443 2214 2709 2267 mandatis
2743 2222 2799 2267 ut
2854 2213 3037 2283 procul
3072 2214 3365 2280 iaculando
3392 2212 3576 2269 Gallos

1994 2308 2273 2369 elicerent,
2297 2307 2339 2360 si
2372 2315 2612 2372 possent,
2639 2320 2742 2359 non
2764 2314 3075 2373 exspectato
3096 2306 3312 2375 quidem
3335 2306 3572 2374 ipsorum

1997 2414 2217 2453 accessu
2270 2397 2539 2461 cominus,
2603 2396 2699 2450 sed
2766 2397 2853 2449 ubi
2884 2412 2949 2450 ex
2986 2406 3101 2449 tuto
3151 2395 3311 2463 jactis
3344 2396 3571 2450 telorum

2001 2489 2268 2542 imbribus
2298 2488 2696 2542 lacessivissent
2721 2527 2735 2551 ,
2791 2489 2976 2556 pedem
3013 2485 3299 2552 referrent,
3340 2504 3573 2555 moxque

1995 2583 2240 2636 obversis
2296 2582 2491 2635 iterum
2532 2579 2769 2633 vultibus
2798 2578 3182 2647 jaculationem
3241 2582 3572 2649 in0pinatant

1996 2682 2325 2746 repeterent,
2382 2689 2571 2728 rursus
2603 2673 2784 2728 statim
2820 2671 3089 2741 fugerent;
3138 2672 3324 2741 sicque
3376 2673 3569 2727 velita-

1997 2766 2235 2820 tionibus
2267 2774 2321 2820 et
2342 2764 2651 2819 recessibus
2674 2763 2969 2833 reciprocis
3000 2764 3236 2818 hostium
3263 2764 3572 2833 patientiam

1996 2864 2293 2912 tentarent.
2320 2856 2620 2911 Tentarunt
2647 2854 2924 2909 enimvero
2953 2862 3007 2909 et
3040 2856 3251 2925 experti
3305 2864 3433 2909 sunt
3468 2857 3537 2909 im
3558 2883 3576 2897 -

1996 2961 2200 3004 motam
2238 2949 2499 3004 adversus
2554 2948 2668 3002 haec
2698 2947 2930 3001 ludibria
2983 2947 3371 3003 constantiam.
3418 2946 3576 3002 Obti-

1997 3041 2157 3109 nebat
2194 3041 2333 3109 apud
2370 3039 2550 3094 Gallos
2568 3055 2665 3107 pro
2692 3054 2748 3092 se
2774 3039 3004 3106 quisque
3038 3037 3234 3102 locum,
3266 3050 3319 3092 ct
3351 3042 3573 3108 lit-uram

2000 3133 2254 3186 tuebatur
2288 3132 2461 3196 aciei,
2511 3146 2778 3197 nusquam
2838 3130 3021 3183 hiante
3084 3130 3369 3197 phalangis
3400 3141 3571 3195 textu;

1991 3223 2181 3291 sicque
2212 3223 2446 3290 undique
2474 3222 2781 3274 lucentibus
2812 3221 2983 3273 scutis
3012 3221 3182 3273 hastis
3220 3222 3573 3276 horrentibus

1978 3313 2251 3375 terribilis
2286 3312 2432 3365 lento
2490 3310 2662 3379 gradu
2700 3309 2823 3362 belli
2860 3309 3061 3373 moles,
3124 3309 3265 3361 velut
3317 3311 3573 3364 incedens

1992 3406 2221 3470 civitas,
2290 3402 2438 3455 nullo
2503 3403 2807 3469 interrupta
2859 3401 2975 3453 loco
3032 3415 3231 3454 corona
3292 3400 3572 3455 ﬁrmorum

1996 3496 2280 3556 nitentium,
2332 3493 2777 3561 promovebatur.
2831 3492 3053 3545 Arctato
3102 3493 3242 3560 quod
3301 3494 3442 3547 inter
3477 3509 3571 3562 ge-

1998 3586 2174 3640 minas
2197 3586 2342 3638 acies
2371 3584 2592 3651 patebat
2620 3583 2830 3652 spatio,
2866 3599 3041 3653 usque
3075 3586 3140 3637 ad
3171 3600 3290 3637 eam
3320 3586 3573 3638 viciniam

1997 3688 2052 3732 ut
2086 3692 2282 3733 nocere
2332 3677 2432 3731 sibi
2466 3688 2652 3730 mutuo
2674 3678 2837 3747 jactis
2870 3676 3171 3731 missilibus
3196 3687 3382 3746 partes
3402 3679 3574 3733 ambae

1995 3778 2237 3840 possent,
2281 3769 2606 3837 deprehensi
2660 3770 2710 3820 in
2744 3769 2920 3822 medio
2948 3768 3182 3838 Scythae,
3211 3778 3571 3838 praeterquam

1993 3866 2135 3933 quod
2187 3864 2373 3918 deerat
2434 3861 2778 3915 instabilibus
2836 3862 3284 3916 conversionibus
3334 3864 3571 3932 ipsorum

1994 3951 2093 4005 loci
2126 3949 2399 4018 capacitas
2454 3947 2668 4014 idonea,
2727 3949 2890 4002 etiam
2937 3949 3257 4004 vehemente
3316 3950 3567 4017 ﬂagellati

1991 4043 2326 4110 equitatione
2384 4040 2703 4106 Gallorum,
2760 4051 2909 4110 terga
2972 4058 3077 4096 non
3121 4041 3232 4110 jam
3288 4052 3422 4109 arte,
3476 4046 3570 4099 sed

1066 4174 1188 4213 cum
1242 4174 1368 4214 ecce
1431 4161 1724 4215 succedere
1782 4162 1848 4215 iis
1884 4160 2019 4230 iussi
2048 4167 2376 4230 procurrunt
2422 4155 2585 4209 Turci
2627 4196 2643 4221 ,
2677 4155 2849 4211 nihilo
2906 4155 3224 4211 melioribus
3292 4158 3571 4228 auspiciis.

293 4240 457 4311 393
484 4245 761 4311 Siquidem
793 4248 985 4317 EGallis
1028 4258 1081 4302 et
1130 4249 1228 4303 hos
1266 4251 1616 4318 contemptim
1659 4251 1867 4320 impetu
1911 4266 2098 4321 pugnae
2154 4249 2364 4303 ardenti
2422 4247 2904 4312 suhtnoventibus,
2975 4247 3390 4305 Cantacuzenus
3459 4251 3574 4306 vin-

292 4333 498 4388 cendos
523 4352 668 4399 mox,
724 4336 832 4391 imo
864 4353 1000 4406 pene
1048 4339 1160 4407 jam
1191 4340 1363 4395 victos
1427 4342 1633 4394 Turcos
1700 4358 1952 4407 cernens,
1994 4341 2453 4418 exusiocraturem
2508 4337 2796 4393 Rmnisccr
2854 4353 3023 4393 cornu
3056 4341 3227 4395 dextri
3251 4340 3570 4400 ductorem.

291 4428 498 4483 Alanos
524 4444 658 4497 quos
684 4431 1071 4500 regebatviros
1102 4432 1529 4501 pugnacissimos
1554 4448 1679 4487 cum
1742 4434 1911 4489 Gallis
1988 4434 2327 4488 committere
2397 4430 2675 4502 prmcepit.
2729 4429 2856 4486 Rmt
2918 4440 3029 4485 tum
3096 4433 3185 4488 ille
3232 4436 3453 4503 quidem
3516 4438 3569 4490 in

291 4535 526 4590 pugnam
565 4521 735 4576 nihilo
763 4522 978 4600 mitior,
1036 4523 1287 4578 minusve
1351 4539 1510 4594 asper
1584 4525 1738 4581 leone
1771 4542 1933 4591 saevo,
1977 4536 2156 4581 tamen
2190 4525 2255 4580 ad
2308 4539 2413 4579 non
2468 4524 2647 4578 minus
2678 4522 2848 4578 feram
2887 4523 3237 4583 ferocemoue
3287 4528 3565 4586 Gallorum

1376 4664 1580 4725 Variae
1611 4665 1921 4729 lectiones
1965 4683 2041 4729 ex
2066 4666 2207 4729 cod.
2253 4665 2522 4728 Coislin.

365 4759 411 4791 ⁸ο
439 4753 634 4812 Οὗῦον.
710 4758 753 4789 ⁸¹
779 4758 899 4828 τήν.
958 4760 1005 4791 ⁸³
1033 4761 1376 4831 ύπορέοντος.

1423 4876 1564 4939 Car.
1612 4873 1948 4937 Dufresnii
1980 4875 2075 4936 Du
2105 4876 2329 4955 Cangii
2365 4886 2550 4938 noue.

364 5000 480 5068 (70)
522 4997 1089 5073 Ἐξοιισιοκρατρρα.
1115 5000 1447 5069 Dignitas,ut
1472 5000 1702 5073 videtur.
1726 5004 1877 5073 pala-
1905 5004 1950 5057 D
1984 5004 2129 5055 Mon.
2155 5002 2466 5073 S.__Pantal._
2489 5020 2577 5054 au.
2608 5002 2765 5065 “89,
2791 5013 2842 5056 et
2874 5007 3209 5073 Anonymus,
3239 5001 3317 5055 De
3335 5006 3561 5072 expedit.

287 5073 424 5133 tina,
457 5084 560 5133 qua
614 5070 905 5121 Alanorum
950 5071 1358 5142 ftederatorum,
1416 5073 1506 5140 qui
1560 5071 1869 5142 Byzantinus
1974 5072 2148 5129 Asiat.
2195 5071 2403 5123 Frider.
2440 5071 2488 5123 Ι.
2520 5074 2647 5137 imp.
2673 5075 2811 5142 apud
2839 5070 3112 5126 Cauisium
3143 5088 3263 5142 pag.
3294 5072 3378 5128 7|.

287 5141 551 5211 Augustis
606 5142 938 5211 ιιιριειιιιιιι,
992 5141 1158 5193 duces
1204 5142 1567 5211 donabantur.
1606 5140 1759 5194 Nam
1813 5150 1872 5192 ut

2044 5142 2158 5211 (7|)
2214 5143 2417 5207 Τρέπει
2452 5143 2599 5193 κατὰ
2649 5140 2885 5207 κράτος.
2937 5145 3189 5197 Albcrlus
3218 5140 3336 5211 'Aq.
3383 5144 3477 5198 lib.
3502 5161 3556 5211 ι,

284 5209 542 5261 Acnluthi
569 5206 998 5281 _Bara_ttgortlln,
1034 5210 1351 5281 rprimigcrii
1404 5210 1865 5272 Bardariatorum,
1968 5206 2213 5281 capuli.

290 5278 625 5352 conoslauli,
669 5279 761 5352 vel
810 5279 1164 5352 conestabiles
1211 5279 1576 5352 Francorum;
1627 5280 1705 5332 sic
1740 5293 1871 5352 exn:

2039 5277 2151 5352 (Η)
2213 5278 2329 5352 Τόις
2362 5294 2427 5329 τε
2461 5277 2652 5330 Οὕεου
2712 5280 2809 5332 καὶ
2866 5280 3136 5352 ἀδελφὸν
3208 5280 3557 5349 Ῥιτζὰρδον,

284 5349 621 5418 siacratores
654 5347 946 5401 Alanorum
982 5348 1220 5417 praefecti
1254 5349 1507 5417 appellati
1551 5359 1698 5413 sunt,
1727 5348 1869 5416 quod
1975 5346 2255 5418 nugonem
2306 5346 2443 5400 forte
2483 5359 2840 5418 cognomento
2893 5346 3232 5411 Buduellum,
3286 5346 3397 5418 qui'
3430 5369 3554 5407 cum

284 5417 547 5487 videlicet
589 5416 660 5468 ita
704 5418 1117 5487 indignarentur
1174 5416 1301 5487 ipsi’
1327 5420 1531 5473 Alauia:
1580 5421 1870 5486 principes,
1979 5416 2256 5476 Richardo
2296 5426 2350 5469 et
2388 5421 2613 5487 caeteris
2647 5416 2930 5485 fratribus,
2961 5424 3029 5474 ob
3062 5434 3254 5475 causam
3295 5416 3326 5475 ιι
3364 5437 3423 5475 se
3446 5423 3562 5476 Ma-

281 5501 421 5554 quos
472 5486 601 5558 ⁸τῆς
679 5485 1397 5558 ’Δλανίαςψέξουσιᾶζοντας
1462 5485 1619 5543 vocat
1670 5489 1875 5558 Bryen-

1993 5492 2160 5546 ,itiam
2207 5485 2423 5555 [togerii
2462 5487 2525 5537 de
2568 5486 3049 5558 Montegomerico,
3106 5492 3321 5544 comitis
3389 5492 3559 5545 Belis-

282 5558 428 5631 pius,
471 5553 564 5607 lib.
626 5570 684 5618 ιι,
732 5571 788 5608 ιι.
926 5554 1374 5631 Ἐξουσιάζοντα,
1420 5553 1787 5631 γιοειειιιιιιιιιιζΔ
1817 5567 1875 5611 ut
1974 5565 2197 5622 mensis,
2247 5553 2495 5631 rigorem,
2525 5558 2699 5631 _ex_sul
2735 5553 3162 5631 deNormannia
3219 5563 3269 5613 in
3312 5562 3557 5631 Apuliam

280 5624 404 5701 Itali
473 5633 820 5701 nuncupant,
866 5625 1267 5701 interpretatur
1310 5622 1502 5701 alicubi
1539 5628 1869 5697 Acropolita.
1972 5626 2389 5701 fugerat._Vit_l_§
2428 5622 2745 5681 Ordericum
2806 5628 2966 5686 Vilal.
3049 5632 3122 5686 ib.
3158 5646 3187 5683 v
3217 5640 3273 5685 et
3312 5622 3391 5697 η’,
3432 5647 3555 5701 pag.

279 5693 488 5747 Alanos
527 5708 652 5747 vero
682 5695 1050 5749 conductitios
1091 5696 1300 5751 Graecis
1340 5697 1608 5751 militasse
1658 5693 1871 5752 testan-
1971 5693 2096 5757 578.
2133 5697 2260 5761 58L,
2289 5694 2410 5749 755.
2766 5728 2767 5731 η

280 5771 373 5815 tur
414 5764 581 5817 etiam
635 5761 970 5832 Claudinius,
1010 5764 1087 5820 De
1115 5766 1249 5819 bello
1303 5765 1502 5832 Getico,
1544 5768 1869 5823 Godel‘ridus
