3992 6278
489 369 592 430 9ῗῦ
1789 372 2015 434 ᾹΝΝιΈ
2049 375 2427 436 COMNENJE
3587 372 3668 433 0ἷὸ

489 477 790 546 impingens
817 477 1018 532 rabiem
1051 475 1258 531 oll'ensu
1321 477 1469 532 velut
1511 478 1666 532 molis
1737 477 1920 532 solida:
1987 479 2440 548 repulsus,haud
2490 477 2648 530 dubie
2709 475 2960 536 titubare,
3021 483 3118 526 nec
3187 472 3296 538 jam
3337 473 3682 533 dissimu‘antcr

488 577 634 619 retro
673 565 798 620 ferri
853 573 906 620 e't
931 569 1043 634 ipse
1109 565 1256 621 visus
1310 577 1409 622 est.
1461 565 1537 621 Eo
1587 568 1894 637 spectaculo
1945 585 2055 622 rem
2091 570 2203 639 jam
2235 581 2284 623 et
2323 583 2471 638 spem
2546 567 2849 621 universam
2899 565 2954 618 in
3023 577 3082 618 se
3127 565 3390 617 redactam
3437 581 3528 618 uno
3561 566 3678 620 Can-

490 674 781 714 tacuzenus
811 658 1124 714 admonitus
1153 701 1166 724 ,
1203 659 1404 714 nullam
1463 659 1588 713 facit
1619 675 1824 713 moram
1859 661 2184 716 immittendi
2211 699 2228 724 ,
2281 661 2422 714 velut
2460 679 2488 712 e
2521 659 2830 713 carceribus
2861 657 2986 710 dato
3053 657 3243 724 signo,
3321 655 3371 709 in
3443 656 3676 712 Gallorum

485 754 764 806 adversam
801 751 968 806 aciem
1001 751 1182 806 infesti
1217 769 1433 808 cursus.
1489 751 1598 806 Nec
1633 751 1850 805 fortuna
1883 753 2051 806 defuit
2091 753 2308 821 intepto
2361 751 2528 814 forti;
2575 751 2815 820 perrupit
2860 751 3005 802 enim
3069 761 3124 803 et
3167 749 3219 802 in
3289 757 3458 816 partes
3493 748 3680 816 disi-apii

490 845 684 900 multas
731 845 875 899 illam
908 846 1375 906 consertissimant
1419 859 1474 902 et
1522 851 1834 903 adhmsione
1907 859 2089 902 mutua
2165 847 2630 916 itnpeuetrabilem
2689 847 2856 900 aciem
2911 843 3214 909 Gallicam;
3267 843 3518 911 planeque
3565 845 3684 895 fusos

479 941 595 994 acie
631 943 816 996 hostes
849 952 903 996 et
945 939 1064 1012 fuga
1101 941 1309 996 cladem
1360 945 1701 1010 confitentes,
1761 961 1935 1014 usque
2013 944 2078 997 ad
2117 943 2424 1011 oppidulum
2481 941 2602 1012 Myli
2628 944 2830 996 dictum
2899 941 3175 994 insecutus
3205 948 3303 992 est.
3341 935 3466 990 Hinc
3497 936 3682 992 revertit

480 1033 824 1102 receptuique
875 1035 1104 1097 cecinit,
1161 1035 1334 1101 captis
1385 1049 1451 1088 eo
1481 1035 1570 1089 die
1607 1021 1882 1089 nonnullis
1912 1037 2050 1105 apud
2091 1036 2328 1089 Francos
2385 1033 2703 1094 illustribus,
2729 1047 2758 1085 e
2787 1045 3010 1084 numero
3030 1031 3305 1092 comitum,
3348 1043 3472 1097 quos
3506 1037 3682 1081 vocant-

477 1123 531 1174 ln
557 1121 623 1176 iis
653 1133 808 1176 erant
833 1121 982 1177 Uhus
1015 1121 1129 1177 sive
1153 1120 1325 1190 Hugo,
1399 1133 1451 1176 et
1518 1123 1683 1177 frater
1745 1125 1902 1193 hujus
1969 1123 2271 1178 ltichardus
2327 1125 2548 1186 dictus,
2619 1124 2852 1190 denique
2923 1121 3335 1190 Contopaganus
3405 1127 3682 1172 muneratus

476 1229 636 1283 supra
673 1235 685 1269 :
723 1230 858 1282 quos
903 1216 1063 1270 simul
1121 1233 1242 1270 cum
1289 1218 1549 1272 laureatis
1590 1221 1663 1272 rei
1701 1221 1836 1272 bene
1888 1229 2051 1288 gesta:
2089 1219 2298 1273 nuntiis
2329 1221 2393 1272 ad
2438 1221 2738 1288 Augustum
2789 1219 2969 1271 statim
3025 1217 3211 1280 misit;
3287 1215 3562 1284 adjungens
3599 1229 3683 1265 una

474 1307 651 1372 capita
689 1304 964 1361 Gallorum
1029 1309 1381 1377 plurimorum
1448 1325 1568 1378 qua:
1634 1312 1698 1364 de
1754 1312 1954 1364 truncis
2025 1311 2264 1364 abscissa
2320 1311 2617 1379 jacentium
2677 1309 3023 1372 cadaverum,
3087 1309 3466 1377 longarumque
3529 1309 3683 1358 hasti-

471 1413 590 1450 rum
651 1399 814 1453 infixa
905 1403 1828 1472 cuspidibus,sicquc.triumpltali
1884 1405 2129 1456 traducta
2167 1420 2358 1472 pompa
2409 1405 2460 1458 in
2515 1403 2683 1458 oculis
2735 1405 3073 1472 imperatoris
3131 1413 3184 1457 et
3253 1403 3530 1456 comitatus
3557 1399 3683 1464 eius.

475 1490 909 1560 magnitudinem
960 1493 1198 1547 victoria}
1260 1493 1714 1549 demonstrarent.
1773 1493 1886 1547 Hoc
1952 1509 2051 1563 ego
2091 1497 2144 1548 in
2185 1497 2496 1564 scriptionis
2529 1497 2647 1550 loco
2679 1512 2799 1549 cum
2866 1497 3039 1565 prima
3099 1495 3213 1549 face
3243 1494 3437 1563 Stylum
3519 1497 3682 1548 ducem

469 1581 534 1633 ad
573 1580 854 1635 lucuhrum
891 1593 1131 1638 versaret
1183 1588 1637 1650 commentando,
1724 1587 1869 1640 sensi
1946 1587 2123 1642 fateor
2163 1588 2427 1657 obrepere
2485 1587 2614 1642 mihi
2672 1603 2922 1642 somnum
2977 1590 3134 1644 taedio
3186 1589 3414 1655 quodam
3467 1587 3686 1640 orationis

469 1674 612 1726 haud
660 1677 789 1728 satis
821 1685 1048 1743 compta:
1099 1678 1337 1744 satisque
1363 1678 1704 1732 cohaerentis.
1755 1677 2014 1732 Volebam
2107 1681 2356 1747 equidem
2427 1695 2586 1748 quam
2635 1681 3073 1745 ornatissimum,
3138 1694 3404 1747 quamque
3450 1679 3686 1746 aptissime

465 1765 732 1833 iuncturis
799 1765 1273 1820 cohmrentissimis
1350 1765 1720 1821 continuatum
1785 1769 2028 1824 historiae
2101 1770 2254 1838 quasi
2326 1787 2518 1838 corpus
2587 1771 2776 1837 edere,
2841 1771 2975 1826 ﬂore
3031 1781 3288 1841 perpetuo
3343 1771 3572 1826 vestitum
3611 1771 3685 1822 de.

465 1857 640 1912 centis
677 1857 846 1926 ipsam
877 1869 928 1911 et
957 1857 1126 1911 doctis
1176 1857 1346 1911 oculis
1380 1859 1630 1927 expetita:
1679 1857 1884 1926 fortine;
1935 1859 2027 1914 sed
2095 1859 2344 1930 prohibet
2373 1862 2764 1931 conturbatque
2814 1875 2898 1916 me
2947 1864 3143 1931 smpius
3221 1863 3460 1916 incidens
3529 1875 3682 1914 neaes-

483 1953 616 2006 sitas
647 1951 932 2006 intentionis
971 1952 1267 2007 inferendae
1303 1952 1708 2006 barbaricorum
1743 1951 2046 2014 nominum,
2087 1967 2266 2006 nazvos
2294 1953 2531 2020 ingratos
2607 1955 3002 2024 aspergentium
3053 1953 3253 2010 Gneca:
3295 1955 3534 2018 dictioni;
3595 1965 3682 2007 tum

471 2059 600 2099 vero
646 2059 825 2098 rerum
881 2045 1054 2098 Alexii
1107 2043 1333 2114 Augusti
1390 2045 1646 2113 professa:
1717 2045 2082 2098 narrationem
2159 2055 2237 2098 tot
2271 2055 2487 2114 tamque
2522 2047 2687 2101 variae
2742 2057 2972 2113 natura),
3003 2049 3212 2116 negotia
3245 2047 3375 2100 mihi
3409 2061 3518 2099 sese
3552 2057 3682 2112 a'que

463 2151 780 2209 argumenta
817 2141 1066 2207 ingerunt
1095 2139 1431 2207 undique,ut
1455 2155 1575 2193 cum
1603 2141 1651 2191 in
1679 2155 1843 2193 unum
1869 2140 2027 2194 unius
2065 2141 2213 2196 velut
2251 2142 2370 2196 tela:
2406 2153 2608 2196 textum
2646 2157 2754 2196 non
2815 2141 2976 2197 facile
3042 2149 3188 2195 tanta
3231 2141 3512 2196 diversitas
3576 2155 3680 2191 con-

461 2239 662 2302 veniat,
725 2239 964 2292 historia:
1032 2237 1247 2291 articuli
1317 2237 1469 2305 quasi
1536 2237 1726 2301 luxati,
1793 2237 2263 2308 membrorumque
2320 2255 2486 2293 nexus
2551 2255 2738 2308 parum
2791 2241 2998 2309 uspiam
3051 2240 3320 2294 concinne
3377 2237 3590 2293 conserti
3631 2250 3683 2286 ac

469 2329 748 2383 commissi
813 2330 1118 2382 videantur.
1172 2327 1339 2382 Porro
1386 2329 1475 2392 id,
1531 2328 1643 2382 sive
1699 2326 1886 2380 vitium
1946 2330 2062 2384 sive
2133 2327 2288 2397 culpa
2346 2337 2452 2392 est,
2489 2329 2698 2384 factura
2727 2329 2858 2384 mihi
2895 2345 3013 2385 meo
3059 2329 3180 2398 jure
3211 2331 3432 2394 videor,
3465 2331 3504 2382 si
3539 2329 3686 2382 bonos

461 2436 755 2490 tequosque
788 2419 1019 2502 lectores
1067 2433 1259 2487 precer
1284 2427 1342 2472 ut
1381 2417 1652 2488 imputent
1681 2419 2027 2486 necessitati;
2069 2433 2170 2476 nec
2191 2417 2365 2475 fraudi
2399 2421 2564 2475 velint
2595 2435 2715 2476 esse
2741 2436 2874 2475 mea:
2905 2419 3060 2475 fama:
3100 2429 3411 2492 peccatum,
3473 2422 3513 2474 si
3567 2421 3680 2486 quod

461 2523 538 2566 est
573 2511 730 2572 forte,
758 2509 898 2580 quod
931 2510 1104 2564 vitare
1145 2525 1248 2564 non
1285 2511 1455 2578 potui.

534 2599 862 2654 Bainumdus
887 2599 998 2667 jam
1056 2600 1230 2662 nobis
1261 2599 1576 2655 revisendns
1617 2610 1730 2654 est.
1759 2601 1814 2654 in
1870 2601 2032 2656 arctis
2062 2610 2110 2664 Α

466 2705 701 2750 aestuans
735 2693 999 2762 angustiis
1023 2709 1036 2756 ;
1059 2693 1260 2762 quippe
1291 2708 1320 2746 a
1354 2694 1510 2758 mari,
1543 2709 1572 2746 a
1603 2703 1766 2760 terra,
1801 2709 1904 2748 non
1929 2694 2036 2748 cir-

463 2785 802 2841 curiaclusum
849 2785 1005 2838 modo
1047 2799 1124 2848 se,
1155 2786 1249 2838 sed
1285 2784 1588 2853 impetitum
1637 2785 1796 2839 etiam
1834 2785 2034 2854 magis-

461 2891 567 2946 que
593 2877 643 2929 itt
673 2877 790 2929 dies
828 2889 890 2928 ac
937 2875 1108 2943 magis
1157 2875 1575 2944 oppugnandum
1635 2890 1884 2931 cernens.
1934 2875 2036 2931 llic

460 2977 744 3037 postquam
781 2965 832 3018 in
859 2965 1192 3035 expediendo
1221 2965 1416 3020 difﬁcili
1439 2965 1661 3022 consilio
1691 2969 2034 3022 deliberatio-

468 3073 592 3110 nem
624 3055 933 3124 aliquandiu
966 3057 1126 3110 traxit
1170 3059 1407 3120 anxiam,
1442 3058 1652 3112 tandem
1681 3061 1762 3112 vir
1799 3059 2032 3130 ingentis

459 3149 646 3212 animi,
687 3163 783 3201 nec
819 3148 1086 3201 lentarum
1120 3149 1334 3216 patiens
1372 3153 1589 3216 artium,
1646 3167 1831 3204 verum
1883 3151 2028 3220 peri-

465 3237 707 3292 culorum
743 3254 807 3293 ac
841 3255 1140 3310 pugnarum
1197 3240 1482 3295 lacessitur
1533 3251 1638 3296 tuta
1690 3243 1796 3296 vita
1845 3257 2030 3312 prom-

457 3327 760 3395 ptissimus,
813 3327 948 3382 satis
1005 3344 1256 3398 magnum
1291 3345 1321 3382 a
1357 3331 1577 3399 reliquis
1622 3334 1869 3387 avulsum
1917 3333 2030 3388 suis

457 3421 628 3490 cupiis
661 3419 886 3472 militum
925 3435 1206 3474 numerum
1239 3421 1317 3475 ire
1364 3421 1523 3494 jussit
1553 3423 1916 3492 tle-praedatum
1950 3425 2030 3477 vi-

457 3527 550 3564 cus
581 3512 888 3579 Oppidaque
929 3526 1048 3579 quae
1071 3512 1216 3566 circa
1237 3513 1522 3578 Aulonem,
1551 3513 1922 3568 Jeriehuntem
1973 3526 2026 3569 et

453 3603 659 3654 Canina
719 3602 830 3654 suis
895 3599 1034 3656 forte
1083 3601 1298 3670 injuriis
1354 3615 1652 3672 opportuna
1704 3608 2022 3676 reperirent.

456 3693 634 3746 Sensit
680 3702 1026 3760 experrectus
1054 3693 1120 3746 ad
1150 3693 1329 3748 omnia
1361 3693 1770 3754 (Iantacuzenus
1810 3715 1915 3766 quo
1943 3700 2024 3754 vis

453 3784 686 3837 hostium
719 3785 1052 3838 incumberet
1087 3803 1100 3838 :
1134 3786 1403 3856 istamque
1449 3787 1502 3841 in
1557 3801 1762 3858 partem
1817 3792 2024 3846 idoneis

452 3873 776 3927 instructum
815 3875 1080 3930 Beroitem
1113 3877 1284 3945 copiis
1329 3879 1593 3946 proficisci
1633 3893 1816 3935 contra
1843 3883 2023 3938 Gallos

2219 2601 2308 2664 Ὠς
2337 2601 2395 2654 δὲ
2427 2601 2454 2654 ὁ
2491 2599 2881 2671 μαχιμώτατος
2935 2599 3276 2668 Βαῖμοῦντος
3315 2603 3373 2653 ὲν
3419 2595 3576 2664 στενῴ
3610 2611 3680 2646 κς-

2141 2693 2265 2762 μιδῆ
2317 2693 2384 2745 τὰ
2435 2690 2560 2746 κατ’
2585 2692 2747 2744 αὑτὸν
2822 2691 2969 2758 ἑώρα
2993 2730 3007 2754 ,
3033 2691 3093 2742 ἐκ
3127 2705 3186 2742 τε
3223 2689 3496 2758 θαλάσσης
3535 2687 3590 2738 ἐκ
3633 2699 3678 2735 τε

2135 2783 2369 2854 ἠπείρου
2429 2783 2784 2854 βαλλόμενος,
2825 2782 2898 2844 ὡς
2959 2783 3054 2833 καὶ
3100 2781 3208 2832 τῶν
3248 2779 3524 2850 χρειωδῶν
3558 2771 3682 2840 αὑτῷ

2135 2873 2530 2926 ἐπιλειπόντων
2561 2873 2682 2942 ἤδη,
2721 2870 3066 2940 πανταχόθεν
3097 2870 3552 2941 ὲξαποροῦμενος,
3577 2867 3676 2916 ἱκα-

2135 2963 2223 3016 νὸν
2284 2963 2590 3026 ἁποδιελὼν,
2653 2963 2990 3033 στράτευμα,
3059 2961 3196 3031 πρὸς
3245 2963 3352 3024 τὰς
3431 2959 3560 3011 κατᾶ
3607 2956 3681 3007 τὸν

2132 3055 2358 3108 Αὐλῶνα
2389 3055 2484 3107 καὶ
2504 3053 2601 3125 τὴν
2643 3050 2851 3123 Ἱεριχὼ
2883 3054 2977 3105 καὶ
3003 3053 3072 3105 τὰ
3111 3053 3330 3107 Κάνινα
3357 3049 3678 3118 διακειμένας

2123 3145 2320 3210 πόλεις
2351 3145 2643 3214 πέπομφεν
2699 3146 2918 3206 ἁπάσας
2973 3143 3300 3214 ληῖσασθαι.
3349 3141 3488 3196 Ἀλλ’
3541 3137 3682 3190 οὐδ¹ὀ

2131 3236 2588 3305 Καντακουζηνδς
2617 3235 2829 3304 ἡμέλει,
2855 3235 2976 3288 οὔτε
3021 3235 3257 3306 νήδυμος
3293 3233 3454 3295 ὕπνος
3477 3233 3589 3299 ἔσχε
3607 3227 3678 3278 τὸν

2130 3327 2322 3398 ἄνδρα,
2352 3327 2494 3380 κατὰ
2521 3329 2612 3380 τὸν
2642 3327 2894 3397 ποιητὴν,
2927 3326 3064 3380 ἀλλὰ
3091 3327 3317 3396 γοργῶς
3335 3326 3426 3377 τὸν
3447 3321 3679 3392 Βεροῖτην

2131 3419 2272 3490 μετὰ
2329 3419 2630 3489 ἀξιομάχου
2681 3421 2942 3490 στρατιᾶς
2997 3417 3451 3488 ἀντίπαλονρτοῖς
3487 3411 3678 3467 Κελτοῖς

2126 3511 2452 3582 ἐξέπεμψεν.
2500 3513 2666 3583 ’Πττᾷ
2699 3513 2796 3580 μὲν
2843 3508 2936 3564 οὖν
2961 3512 3155 3576 αὐτοὺς
3195 3509 3522 3566 καταλαϐὼν
3555 3519 3679 3572 πιρ-

2127 3605 2323 3657 αυτίκι.
2369 3607 2461 3656 καὶ
2521 3603 2630 3657 οἷόν
2689 3623 2742 3658 τι
2800 3606 3048 3675 πόρισμα
3087 3605 3186 3666 τὰς
3227 3603 3331 3658 τοῦ
3375 3597 3676 3669 Βπῖμούντου

2125 3695 2254 3758 ναῦς
2291 3698 2348 3748 ὲν
2389 3697 2467 3766 τῷ
2513 3696 2912 3767 ἐπανέρχεσθαι
2942 3697 3342 3776 πυρπολῂσαςσ
3371 3691 3676 3763 διεληλύθει.

2126 3787 2223 3851 Ὣς
2272 3787 2473 3860 ᾔσθετο
2515 3790 2572 3841 δὲ
2625 3789 2652 3840 ὁ
2714 3789 3186 3859 τυραννικώτατος
3231 3787 3562 3857 Βαῖμοῦντος
3594 3781 3678 3849 τῆς

2124 3880 2232 3934 τῶν
2259 3881 2618 3948 πεμφθέντων
2643 3881 2840 3950 ἥττης,
2867 3879 3057 3950 ὥσπερ
3085 3881 3296 3950 μηδένα
3316 3879 3413 3931 τοῦ
3439 3874 3677 3946 στρατεύ-

453 3965 697 4034 imperat.
729 3965 1024 4037 394lvit
1080 3967 1170 4026 ille
1221 3967 1466 4023 felicibus
1521 3971 1793 4038 auspiciis,
1847 3975 2022 4042 primo

2127 3986 2294 4040 ματος
2348 3971 2732 4034 ἀπολωλεκὼς,
2785 3974 3121 4024 κατέπιπτεν
3141 3971 3402 4040 οὐδαμῶς
3433 3985 3448 4000 ⁶
3495 3965 3675 4036 μᾶλλον

455 4071 744 4120 congressu
779 4057 952 4108 vietor
991 4054 1205 4122 factus;
1243 4060 1524 4113 succensis
1559 4062 1720 4113 etiam
1755 4063 1805 4114 in
1847 4065 2018 4116 reditu

453 4147 733 4200 Baitnuadi
765 4150 1008 4210 navibus,
1033 4149 1181 4204 velut
1208 4153 1497 4205 corollario
1545 4154 1810 4218 victoriae,
1845 4157 2020 4209 reddi-

455 4247 538 4287 tus
567 4235 786 4288 clarior.
823 4234 1050 4305 Regium
1086 4239 1244 4306 plane
1276 4240 1560 4310 frangique
1611 4245 1853 4297 nescium
1899 4243 2023 4297 Bai-

455 4325 638 4376 nmndi
677 4333 865 4392 pectus
914 4335 1074 4392 erat;
1131 4328 1262 4380 nihil
1324 4330 1438 4384 haec
1500 4331 1647 4384 illum
1693 4335 2021 4388 conturbare

453 4415 634 4467 ilades
661 4417 771 4468 visa
797 4425 900 4468 est.
943 4415 1080 4481 Quin
1139 4419 1250 4472 into
1315 4421 1460 4475 velut
1513 4424 1784 4477 neminem
1833 4441 1900 4478 ex
1954 4441 2022 4480 eo

453 4521 616 4578 quem
651 4505 718 4562 ab
743 4506 892 4558 ltalia
923 4511 1302 4575 deportaverat
1327 4514 1571 4567 exercitu
1601 4517 1777 4571 adhuc
1802 4519 2018 4571 amisis—

449 4607 552 4660 Sel,
585 4597 784 4664 prmliis
815 4597 878 4650 de
905 4599 1120 4666 integro
1156 4602 1389 4672 accingit
1411 4619 1559 4660 suos.
1599 4607 1670 4660 Ex
1695 4610 1840 4662 omni
1873 4609 2021 4678 pedi-

451 4699 564 4742 tum
594 4689 946 4759 equitumque
979 4691 1322 4747 multitudine
1345 4697 1802 4763 pugnacissimum
1831 4715 2020 4768 quem-

446 4795 552 4850 que
573 4779 842 4834 deleclum
877 4793 1022 4836 recta
1053 4783 1250 4837 vadere
1273 4784 1324 4838 in
1359 4786 1794 4842 Cantacuzenum
1825 4792 2015 4858 jubet;

447 4885 736 4926 numerum
765 4888 856 4928 sex
891 4875 1116 4929 millium
1148 4875 1200 4930 id
1233 4891 1423 4946 agmen
1463 4879 1736 4948 explebat.
1781 4880 2017 4951 Eratque

445 4963 632 5034 Opinio
690 4967 1140 5022 conﬁdentissimi
1201 4967 1421 5022 Barbari
1457 4985 1522 5023 ne
1553 4985 1768 5038 οοιιειιθι
1790 4975 1862 5026 tui
1895 4975 2017 5042 qui-

447 5055 565 5108 dem
601 5063 678 5109 tot
703 5058 949 5122 heroum,
976 5059 1308 5128 clatnorique
1339 5075 1386 5130 ι).
1407 5063 1721 5129 intepet-cm
1750 5064 2017 5117 Cantaur-

449 5159 641 5198 zcnum
675 5146 1012 5203 ltomanosve
1037 5150 1190 5216 fore;
1229 5153 1335 5204 imo
1369 5153 1652 5207 universos
1699 5155 1841 5223 ipsos
1870 5157 2014 5223 pari-

446 5243 529 5288 ter
563 5252 670 5289 uno
703 5238 920 5292 incursu
968 5243 1281 5310 οιῳίοιιιίοέ.
1331 5246 1400 5296 At
1445 5245 1872 5310 Cantacuzeuus,
1921 5261 2016 5314 per
2043 5279 2085 5335 α

445 5329 838 5396 exploratores,
861 5345 995 5400 quos
1019 5349 1234 5404 semper
1267 5351 1422 5389 acres
1445 5345 1498 5389 et
1532 5337 1664 5390 fidus
1701 5339 1927 5392 habebat
1961 5341 2010 5392 in

458 5423 656 5487 vigilia,
687 5422 862 5476 factus
893 5433 1102 5480 mature
1157 5427 1360 5502 certior
1393 5430 1456 5481 de
1481 5427 1712 5482 adventu
1753 5431 2010 5493 hostium,

444 5521 600 5565 nocte
650 5511 990 5582 intempesta,
1024 5531 1144 5570 cum
1175 5518 1402 5572 armavit
1434 5517 1546 5587 ipse
1582 5535 1660 5584 se,
1699 5530 1807 5572 tum
1847 5536 2018 5574 arma-

2125 4062 2226 4132 μὲν
2253 4059 2344 4116 οὖν
2371 4065 2464 4116 καὶ
2493 4063 2538 4094 ⁸³
2578 4062 3026 4133 θαρραλεώτερος
3065 4063 3341 4129 ἐφαίνετο,
3371 4061 3464 4114 καὶ
3486 4057 3676 4112 ἀποόιε·

2123 4153 2348 4223 λόμενος
2387 4149 2542 4216 αὖθις
2596 4154 2796 4218 πεζοὺς
2854 4155 2948 4207 καὶ
2987 4153 3360 4224 ἱππεῖς-πρὸς
3409 4151 3577 4222 μάχας
3599 4150 3676 4198 ἐπ’

2123 4243 2458 4312 θυμοτάτους
2487 4245 2566 4306 είς
2611 4244 2854 4314 χιλιάδας
2901 4244 2960 4308 ἒξ
3001 4245 3382 4314 ποσουμένους
3411 4241 3550 4296 κατὰ
3593 4232 3673 4288 τοῦ

2122 4334 2588 4403 Καντακουζηνοῠ
2641 4333 3060 4398 ὲξαπέστειλεν,.
3122 4337 3378 4404 οἰόμενος
3444 4327 3672 4385 αὐτοϐοεὶ

2123 4426 2372 4495 αἱρήσειν
2405 4427 2501 4478 σὺν
2532 4423 2609 4492 τῷ
2641 4425 2946 4496 ’Ῥωμαῖκῷ
2975 4427 3381 4496 στρατεύματι,
3415 4425 3508 4477 καὶ
3533 4419 3672 4472 αὑτὸν

2121 4515 2211 4567 τὸν
2245 4515 2873 4584 Καντακουζηνὸν.Ἄλλ’
2909 4517 3133 4579 ἐκεῖνος,
3172 4517 3416 4578 σκοποὺς
3460 4515 3540 4565 ἀεὶ
3567 4509 3673 4564 τοὺς

2122 4607 2512 4678 ἐφεδρεύοντας
2540 4609 2607 4659 τὶι
2637 4607 2878 4658 Κελτικὰ
2917 4608 3098 4677 πλήθη
3135 4608 3308 4676 ἔχων,
3360 4599 3670 4677 μεμαθηκὼς

2119 4700 2220 4769 τὴν
2274 4697 2453 4750 αὐτῶν
2521 4699 2827 4763 ἐπέλευσιν,
2876 4700 3070 4760 νυκτὸς
3133 4700 3232 4772 τὴν
3295 4691 3674 4768 στρατιωτικὴν

2121 4788 2392 4852 ὡπλίζετο
2424 4789 2754 4850 πανοπλίαν,
2804 4790 2898 4841 καὶ
2937 4789 3142 4852 ὥπλιζε
3172 4792 3304 4854 τοὺς
3337 4783 3671 4859 asperitati}

2123 4879 2408 4948 σφαδάζων
2479 4881 2824 4933 ἐπισπεσεῖν
2871 4881 3070 4944 αὐτοὺς
3141 4883 3286 4936 κατὰ
3365 4883 3426 4934 τὺ
3475 4878 3669 4944 περέορ-

2121 4972 2377 5042 ορον.⁹Ως
2408 4971 2453 5024 δ’
2477 4974 2526 5024 οἱ
2559 4971 2774 5038 Κελτοὶ,
2805 4974 3191 5036 κεκοπιακότες
3225 4974 3382 5040 παρὰ
3415 4969 3489 5040 τῷ
3521 4964 3666 5036 χείλει

2119 5063 2296 5130 Βοὺση
2347 5061 2442 5114 τοῦ
2485 5067 2754 5132 ποταμοῠς
2808 5064 3090 5134 ῥᾳστώνης
3125 5067 3330 5134 μικρᾶς
3375 5065 3532 5116 ἕνεκα
3561 5071 3670 5106 κατι

2119 5153 2432 5222 εκλίθησαν,
2479 5155 2642 5208 αὑτοῦ
2698 5171 2800 5207 που
2866 5155 3274 5226 καταλαμϐάνει
3316 5154 3534 5213 τούτους
3565 5163 3668 5216 μει·

2119 5244 2318 5314 διώσης
2345 5245 2552 5314 ἀπάρτι
2585 5246 2684 5314 τῆς
2725 5247 2960 5314 ἡμέρας,
2995 5247 3088 5300 καὶ
3127 5247 3478 5315 παραχρῆμα
3502 5237 3668 5292 ὲπιῡέο

2123 5351 2281 5406 μενος
2345 5336 2574 5396 πολλοὺς
2637 5335 2735 5404 μὲν
2793 5334 3035 5405 ζωγρίαν
3083 5337 3232 5404 ἄγει,
3309 5334 3558 5388 πλείονας
3621 5323 3666 5374 δε

2122 5428 2345 5492 κτείνει,
2383 5427 2431 5478 οι
2487 5425 2544 5478 δέ
2574 5443 2635 5493 γε
2681 5425 2862 5478 λοιποὶ
2905 5430 3023 5490 ταῖς
3069 5427 3244 5489 δίναις
3293 5425 3389 5479 τοῦ
3442 5413 3665 5486 τεοτςιξω⁵

2124 5519 2536 5588 παρασυρέντες
2587 5519 2994 5589 ἀπεπνίγησαν,
3041 5521 3131 5574 καὶ
3183 5519 3482 5588 φεύγοντες
3523 5513 3662 5608 lixa:

1288 5630 1362 5709 ί)
1512 5631 1716 5692 Varias
1757 5631 2066 5696 lectiones
2095 5649 2171 5693 ex
2202 5634 2340 5694 cod.
2371 5633 2642 5696 Coislin.

507 5723 559 5759 “
593 5725 800 5782 Desunt
835 5744 993 5786 voces
1023 5731 1226 5802 μᾶλλον
1264 5733 1364 5802 μὲν
1395 5732 1488 5785 οὖν
1518 5736 1608 5787 καὶ
1637 5742 1744 5788 etc.
1778 5749 1948 5806 usque
1977 5749 2027 5788 at

2125 5735 2390 5794 ατέπιπτε
2437 5735 2536 5805 μὲν
2563 5735 2815 5805 οὐδαμῶς
2846 5752 2896 5805 p.
2946 5735 3070 5794 595.
