3992 6278
357 360 466 424 9Π

1573 361 1995 456 ALEXtapts
2025 363 2174 426 LIB.
2212 361 2392 424 xm.
3513 359 3620 424 978

355 471 688 543 περιέτυχον
725 473 928 528 λέοντι.
968 473 1108 536 Τοὺς
1139 474 1240 544 μὲν
1282 475 1377 530 οὐν
1413 477 1662 546 κόμη-τας
1695 477 1942 537 ἅπαντας

2072 487 2132 526 os
2163 473 2580 541 procinctosque
2636 468 2825 526 habuit
2876 470 2942 524 ad
2999 481 3232 541 pugnam
3295 485 3464 538 suos;
3518 486 3623 542 pro

355 564 498 634 πρὸς
527 563 616 615 τὸν
645 563 1032 634 αὐτοκράτορα
1069 563 1372 634 ἐξέπεμψε,
1417 562 1734 628 κᾶθόὖτιιις
1781 567 1940 635 ἀνέρ-

355 673 514 727 χεται
545 655 681 724 πρὸς
702 655 792 707 τὸν
816 655 1054 724 Τίμορον
1083 657 1196 726 (75)
1229 674 1242 686 ·
1280 659 1444 720 τόπος
1469 658 1524 710 δὲ
1555 653 1711 721 οὗτος
1740 657 1941 728 ἑλώδης

309 805 319 824 π
355 749 454 800 καὶ⁹
491 747 762 808 δύσϐατος
787 764 801 778 ο
859 747 1000 800 κεῖθι
1046 748 1177 815 γοῦν
1210 749 1447 820 ἑϐδόμην
1479 751 1696 821 ἡμέραν
1743 752 1945 818 ἐγκαρ-

355 841 622 910 τερήσας,
659 841 964 908 μετρητοὺς
991 843 1226 904 σκοποὺς
1253 845 1311 896 ἐν
1345 843 1630 912 διαφόροις
1659 843 1941 915 ἐξέπεμπε

358 929 550 990 τόποις
601 928 926 998 περιαθρεῖν
981 930 1052 982 τὰ
1111 933 1241 1001 περὶ
1303 932 1394 985 τὸν
1445 933 1805 1004 Βαῖμοῦντον,
1852 935 1944 987 καὶ

359 1020 608 1088 γλῶτταν
639 1020 751 1092 (7d)
806 1021 956 1090 αὐτῷ
981 1023 1192 1076 ἐκεῖθεν
1225 1026 1454 1094 κομίσαι
1485 1027 1560 1089 ὡς
1587 1027 1653 1080 τὰ
1684 1027 1826 1080 κατὰ
1853 1029 1946 1080 τδν

360 1111 701 1180 Βαῖμοῢντον
781 1112 1092 1182 πυθόμενος
1161 1115 1560 1187 ἀκριϐέστερον
1621 1117 1942 1185 ἐγνωκέναι.

373 1204 803 1273 Ἐντυγχάνουσι
833 1205 889 1258 δὲ
923 1206 1166 1274 τυχαίως
1191 1208 1242 1259 oi
1271 1205 1656 1276 τπεμφθέντες,
1716 1209 1946 1270 Κελτοῖς

363 1296 564 1348 ἑκατὸν
616 1296 838 1365 σχεδίας
887 1298 1300 1369 εὐτρεπίζουσι,
1337 1300 1408 1353 δι’
1462 1294 1538 1352 ὧν
1571 1303 1664 1352 τον
1703 1302 1949 1370 ποταμὸν

269 1381 275 1388 ’
360 1385 757 1455 διανηξάμενοι
817 1388 880 1441 τὸ
922 1390 1059 1460 πρὸς
1125 1390 1225 1459 τὴν
1300 1392 1538 1462 περαίαν
1600 1392 1949 1460 διακείμενον

363 1479 644 1546 πολίχνιον
721 1480 972 1550 αἱρήσειν
1036 1482 1371 1551 ἠϐούλοντο.
1439 1483 1670 1546 Τούτοις
1751 1484 1977 1553 ἀθρόον,

365 1572 804 1636 ἐπεισπεσόντες,
822 1573 1144 1645 ἐζώγρησαν
1173 1576 1373 1646 μικροῦ
1398 1576 1644 1640 ἅπαντας
1669 1578 1762 1630 καὶ
1791 1577 1952 1630 αὐτὸν

362 1668 459 1717 τὸν
520 1666 618 1718 τοῦ
683 1666 1029 1736 Βαῖμούντου
1080 1667 1372 1735 ἐξάδελφος)
1433 1669 1545 1739 (75)
1594 1671 1675 1733 είς
1725 1670 1952 1723 δέκατον

364 1756 506 1810 πόδα
545 1759 842 1813 ἁνέλκοντα
869 1761 929 1813 τὸ
965 1762 1218 1831 μέγεθος,
1251 1761 1416 1831 εὐρὺν
1452 1762 1508 1814 δὲ
1543 1762 1800 1830 καθάπερ
1828 1764 1954 1816 τινὰ

365 1850 529 1901 ἄλλον
565 1851 865 1922 Ἡρακλῆν.
922 1853 1033 1905 Καὶ
1056 1849 1124 1919 ἦν
1162 1853 1292 1906 ἰδεῖν
1341 1855 1530 1906 καινόν
1555 1872 1625 1914 τι,
1652 1855 1742 1907 τὸν
1774 1855 1950 1921 μέγαν

365 1941 582 1995 ἐκεῖνον
609 1943 842 2011 γίγαντα
873 1945 1065 2014 καὶτῷ
1093 1945 1208 1998 ὄντι
1234 1945 1510 2016 πελώριον
1541 1947 1645 1999 ὐπὸ
1667 1947 1948 2016 πυγμαίου

365 2036 789 2103 κατασχεθέντα
822 2038 1132 2092 Σκυθιδίου.
1168 2039 1624 2109 Παρεκελεύσατο
1657 2039 1711 2091 δὲ
1747 2041 1772 2089 ὁ
1805 2042 1950 2092 Καν-

362 2127 707 2196 τακουζηνὸς
733 2170 745 2186 .
776 2131 904 2192 τοὺς
960 2131 1397 2199 κατασχεθέντας
1464 2131 1834 2198 ἀποστέλλων,
1863 2132 1954 2183 τὸν

367 2219 652 2284 πυγμαίον
709 2218 940 2287 Σκύθην.
997 2220 1234 2289 δέσμιον-
1281 2223 1373 2274 τὸν
1422 2221 1689 2291 πελώριον
1748 2223 1956 2275 ἐκεῖνον

367 2307 586 2372 εἰσάξαι
618 2309 695 2378 τῷ
742 2311 1152 2382 αὐτοκράτορι,
1191 2313 1581 2384 ἀστεῖζόμενος
1628 2315 1766 2384 τάχα
1815 2315 1952 2384 πρὸς

366 2401 470 2451 τὸν
497 2401 904 2473 αὐτοκράτορα.
944 2405 1033 2467 Ὠς
1054 2405 1108 2458 δὲ
1138 2407 1458 2474 φθάσαντας
1491 2406 1714 2468 τούτους
1742 2409 1768 2458 ὁ
1797 2407 1954 2476 βασι-

368 2484 499 2549 λεὺς
559 2490 899 2560 μεμαθήκει,
969 2493 1064 2545 ἐπὶ
1119 2495 1214 2547 τοῦ
1265 2495 1550 2564 βασιλικοῦ
1608 2497 1953 2564 προκαθίσας

370 2578 611 2643 Θρύνου,
687 2584 979 2638 ἐκέλευσεν
1050 2588 1376 2655 εἰσάγεσθαι
1443 2589 1570 2652 τοὺς
1639 2587 1950 2659 δεσμώτας.

375 2671 588 2725 Εἴσεισι
618 2675 673 2728 δὲ
696 2677 791 2728 καὶ
819 2678 846 2728 δ
881 2679 1094 2749 Σκύθης
1142 2682 1266 2750 μηδ’
1300 2681 1428 2752 ἄχρι
1466 2682 1694 2749 γλουτοΰ
1735 2681 1955 2750 φθάνων

369 2762 471 2817 τοῦ
535 2770 879 2833 γιγαντιαίου
948 2773 1161 2826 ἐκείνου

369 2859 741 2929 ἐπαγόμενος.
768 2865 944 2928 Εὐθὺς
975 2866 1068 2920 οὖν
1097 2867 1273 2935 γέλως
1321 2869 1542 2921 πάντων
1581 2868 1726 2938 ὦρτο
1768 2869 1957 2931 πολύς.

371 2950 485 3002 Καὶ
509 2953 637 3017 τοὺς
670 2956 770 3024 μὲν
802 2957 1022 3020 λοιποὺς
1062 2960 1309 3030 κομητας
1341 2962 1553 3032 φρουρὰ
1585 2961 1877 3026 διεδέξατο.

1235 2774 1467 2841 Κελεοῦ,
1495 2775 1718 2844 δέσμιον
1771 2775 1962 2827 τοῦτον

2045 562 2323 618 Gallorum
2353 563 2556 629 impetu
2585 575 2810 630 sperans
2836 574 2900 615 ac
2940 575 3142 617 vovens
3173 561 3310 625 fore,
3345 571 3400 616 ut
3444 565 3477 616 ii
3509 563 3623 616 Ro-

2045 671 2204 710 mana
2241 664 2423 709 castra
2453 653 2692 708 diluculo
2734 663 2965 722 posterae
2995 652 3124 718 diei,
3168 667 3272 721 qua
3311 655 3361 706 in
3396 668 3626 723 conspe-

2048 757 2193 802 ctum
2227 761 2416 803 eorum
2444 753 2730 811 venerant,
2778 745 3146 800 adorirentur.
3194 745 3393 798 Verum
3430 761 3623 814 super-

2048 840 2313 894 sederunt
2374 838 2480 904 illi;
2553 839 2754 908 quippe
2817 836 2946 892 fessi
2998 839 3063 890 de
3118 837 3203 890 via
3259 837 3398 892 diem
3474 839 3624 890 illum

2050 931 2328 1000 indulgere
2359 930 2426 984 ad
2454 931 2687 999 quietem
2719 929 2822 985 sibi
2851 929 3225 984 decreverant.
3254 928 3404 994 Quod
3437 941 3630 982 noster

2051 1033 2109 1077 ut
2169 1022 2462 1092 comperit,
2527 1021 2816 1077 consilium
2878 1021 3116 1075 hostium
3166 1020 3219 1072 in
3279 1019 3624 1074 occasionem

2051 1131 2226 1178 suam,
2279 1125 2334 1169 et
2376 1114 2684 1183 excipiendi
2736 1112 2859 1168 belli
2912 1122 3231 1182 apparatum
3269 1110 3326 1165 in
3363 1109 3626 1162 inferendi

2052 1207 2336 1262 audaciam
2365 1215 2583 1261 strenue
2610 1205 2790 1260 vertit.
2837 1203 3114 1271 Siquidem
3147 1203 3347 1256 castris
3375 1201 3628 1255 eductam

2055 1303 2229 1356 aciem
2255 1301 2343 1354 ubi
2395 1299 2762 1368 promovisset
2797 1296 3098 1364 paululum,
3134 1295 3360 1349 offendit
3414 1308 3541 1347 ecce
3565 1294 3629 1346 ad

2058 1393 2210 1445 Busae
2235 1390 2412 1444 amnis
2446 1389 2589 1456 ripas
2639 1387 2826 1441 Gallos
2856 1386 3148 1456 plerosque
3203 1385 3630 1449 decumbenles;

2054 1493 2278 1550 nam,ut
2306 1483 2440 1545 dixi,
2463 1482 2834 1536 lassitudinem
2870 1479 3078 1533 itineris
3098 1479 3239 1534 lecto
3276 1478 3452 1532 securi
3484 1491 3633 1532 smn-

2056 1592 2234 1646 noque
2254 1576 2598 1646 reparabaut.
2619 1573 2818 1628 Ridere
2851 1572 3198 1627 commodum
3229 1573 3344 1626 dies
3369 1579 3632 1639 cmperat,

2057 1685 2181 1724 cum
2207 1683 2403 1738 sopore
2436 1668 2727 1737 implicitos
2773 1666 3056 1734 expeditus
3089 1666 3140 1719 in
3176 1664 3342 1718 armis
3384 1672 3494 1717 toto
3533 1663 3636 1715 im-

2060 1773 2185 1830 petu
2235 1761 2513 1816 Romanus
2573 1761 2803 1829 impetit.
2849 1759 2956 1814 Res
3007 1766 3284 1814 momento
3331 1755 3632 1812 conﬁcitur.

2058 1855 2205 1908 Multi
2249 1855 2353 1906 vivi
2401 1853 2567 1921 capti,
2613 1853 2794 1922 plures
2841 1851 3050 1915 occisi;
3120 1849 3315 1920 reliqui
3369 1848 3639 1917 fugientes

2061 1949 2242 2016 (quod
2267 1947 2450 2016 aiunt)
2477 1947 2682 2014 lupum,
2716 1947 2856 2000 leoni
2901 1959 3191 1999 oceurrerc
3227 1961 3241 1997 :
3275 1943 3450 1997 hauSIi
3483 1941 3640 1994 vide—

2060 2041 2190 2094 liret
2221 2039 2519 2093 VOl‘liCibllS
2544 2037 2807 2104 ﬂuminis,
2858 2038 2984 2092 dum
3018 2037 3278 2105 expedire
3315 2036 3438 2104 fuga
3495 2033 3642 2087 salu-

2065 2145 2170 2189 tem
2201 2141 2472 2202 qumrunt.
2512 2131 2694 2187 Victor
2719 2133 2948 2201 captivis
2975 2131 3267 2186 comitibus
3299 2128 3549 2182 omnibus
3577 2127 3642 2178 ad

2067 2229 2445 2294 imperatorem
2477 2225 2676 2290 missis,
2709 2225 2985 2278 Timarum
3022 2237 3086 2277 se
3104 2221 3315 2276 confert
3344 2220 3531 2292 (locus
3562 2225 3645 2270 est

2062 2318 2316 2386 palustris
2355 2326 2410 2370 et
2455 2316 2687 2370 diﬂicilis
2743 2317 2927 2384 aditu}
2991 2315 3172 2383 ibique
3235 2313 3302 2366 ad
3359 2311 3643 2378 septimani

2065 2410 2306 2461 consedit
2370 2410 2508 2462 diem
2571 2408 2973 2475 exploratorum
3046 2407 3281 2461 reditum
3337 2401 3644 2473 opperiens,

2061 2517 2194 2571 quos
2230 2501 2423 2554 ιιιιιιιος
2460 2502 2512 2554 ἰιι
2544 2510 2721 2570 partes
2751 2501 2933 2554 varias
2969 2499 3272 2561 dimiserat,
3323 2510 3450 2550 cum
3491 2509 3648 2546 manu

2064 2594 2201 2646 datis
2227 2604 2275 2645 ut
2302 2593 2367 2647 de
2392 2593 2688 2647 Baimundo
2723 2591 3064 2662 explorarent
3084 2599 3228 2645 certa
3256 2588 3646 2654 referrentque.

2071 2685 2380 2737 Occurrunt
2420 2685 2501 2736 his
2530 2685 2665 2737 forte
2693 2683 2842 2752 jussa
2892 2679 3304 2750 capessentibus
3349 2675 3486 2730 Galli
3519 2689 3648 2728 cen-

2074 2785 2188 2828 tum
2225 2787 2439 2844 pontem
2471 2793 2499 2830 e
2532 2777 2738 2830 ratibus
2755 2775 3082 2830 subitarium
3110 2775 3449 2841 imponentes
3478 2767 3646 2828 amni,

2073 2881 2128 2923 ιιι
2158 2886 2222 2921 eo
2254 2871 2332 2922 sic
2365 2871 2593 2939 trajecto
2629 2871 2790 2924 situm
2839 2879 2987 2924 trans
3024 2868 3304 2921 adversam
3343 2864 3512 2932 ripam
3555 2875 3651 2929 op-

2070 2962 2310 3030 pidulum
2356 2973 2718 3032 expugnatum
2773 2961 2936 3014 irent.
2992 2961 3138 3012 Ilaud
3193 2956 3509 3026 negligenda
3565 2967 3651 3006 res

369 3041 539 3109 visa;
577 3045 906 3101 invehuntur
957 3050 1007 3102 in
1060 3052 1157 3105 hos
1204 3054 1393 3115 posui,
1457 3069 1702 3122 peneque
1761 3069 1954 3107 Omnes
1997 3052 2408 3123 vivoscapiuut.
2439 3055 2889 3110 Eminebatinter
2911 3069 3003 3108 eos
3067 3052 3370 3111 Baimundi,
3439 3055 3653 3115 patrue'

381 3135 452 3188 lis
503 3147 666 3192 vasuc
702 3156 764 3193 ac
840 3142 1106 3210 gigantem
1151 3153 1370 3197 staturte
1438 3145 1684 3213 jmenis;
1749 3145 1946 3212 quippe
1992 3146 2044 3198 in
2087 3146 2268 3198 decent
2315 3145 2508 3214 pedum
2555 3147 2890 3199 altitudinem
2939 3152 3242 3213 porrectus,
3297 3140 3654 3208 respondente

373 3226 693 3294 [)I‘OI‘CI'itttli
735 3231 998 3289 crassitie.
1035 3239 1253 3300 totaque
1286 3232 1598 3286 habitudine
1646 3243 1840 3285 torosm
1875 3247 1936 3286 ac
1977 3247 2142 3286 succo
2173 3235 2425 3290 distenta:
2501 3236 2680 3298 molis,

2772 3248 2991 3302 prorsus
3042 3232 3326 3286 Herculem
3387 3230 3647 3288 referens,

375 3320 423 3374 si
475 3321 650 3373 virtus
686 3322 848 3373 animi
909 3322 1122 3375 modum
1179 3324 1422 3392 corporis
1471 3332 1758 3390 aequasset.
1810 3320 1962 3376 Nunc
2002 3323 2201 3375 mirum
2248 3333 2301 3375 et
2367 3323 2652 3376 ridiculum
2709 3332 2826 3376 erat
2879 3322 3240 3390 SpCClaCllltllll
3313 3321 3497 3374 videre
3573 3322 3654 3390 gi-

376 3424 597 3482 gantem
626 3415 774 3466 illum
815 3422 1116 3467 monstrosa
1151 3414 1523 3484 magnitudine
1591 3424 1923 3484 suggestum,
1988 3414 2057 3469 ab
2098 3415 2365 3469 hutniliet
2417 3415 2636 3470 cubitali
2687 3424 2993 3481 correptum
3032 3429 3095 3467 ac
3143 3423 3373 3468 tractum
3434 3414 3653 3484 Stytha.

383 3508 511 3561 Visa
551 3525 634 3562 res
664 3508 1046 3562 (laruarum-no
1077 3509 1234 3576 digna
1268 3509 1439 3563 oculis
1490 3509 1768 3578 principis.
1819 3508 1953 3564 Cum
2000 3525 2130 3578 ergo
2164 3511 2227 3562 ad
2261 3509 2644 3578 imperatorem
2679 3519 2731 3564 et
2766 3509 2866 3564 hos
2892 3511 2956 3563 de
3028 3523 3178 3564 more
3237 3509 3480 3579 captivos
3529 3508 3657 3561 tuit-

380 3609 548 3664 ιρι-ιιι,
603 3601 854 3667 praecepit
913 3600 1230 3655 ductoribus
1274 3617 1461 3656 eorum
1528 3603 1870 3671 vaagrandem
1945 3614 2003 3656 ut
2081 3602 2294 3657 Gallum
2335 3619 2439 3656 non
2487 3604 2612 3682 sine
2667 3611 2942 3671 prmeunte
3004 3618 3068 3657 ac
3120 3603 3357 3656 tinctum
3412 3602 3658 3659 trahente

379 3711 630 3764 pygmmo
685 3694 887 3764 Scytha
938 3697 985 3748 ei
1043 3693 1318 3752 offerrent.
1383 3696 1671 3750 Nuntiatur
1729 3695 1969 3766 Augusto
2011 3699 2204 3753 adesse
2232 3697 2300 3752 ab
2323 3701 2565 3752 exercitu
2589 3699 2831 3767 captivos
2858 3712 3026 3752 novos
3047 3712 3230 3750 coram
3288 3697 3406 3766 ipso
3467 3697 3659 3749 sisten-

382 3788 756 3853 dos;insidet
779 3789 844 3840 ad
880 3787 1183 3858 eatn395
1217 3804 1400 3842 vocem
1468 3791 1734 3859 imperiali
1763 3790 1900 3843 solio
1959 3802 2014 3846 et
2092 3791 2357 3845 introduci
2421 3791 2672 3846 homines
2719 3793 2894 3861 jubet.
2963 3792 3134 3845 Datur
3189 3792 3240 3845 in
3309 3799 3659 3859 conspectum

383 3883 591 3954 Scytha
631 3885 783 3946 pusio
819 3883 1058 3937 vinctum
1110 3885 1259 3938 illum
1316 3885 1568 3939 immanis
1620 3886 1969 3953 corpulentia:
2012 3887 2224 3941 Gallum
2298 3883 2544 3946 trahens.
2613 3885 2768 3955 cujus
2821 3900 2889 3938 ne
2943 3883 3120 3937 femur
3177 3883 3388 3951 quidem
3451 3897 3660 3936 sutnuzo

382 3978 594 4031 vertice
646 3976 943 4042 minabat;
997 3977 1140 4030 risus
1228 3979 1484 4031 nituit-um
1545 3988 1696 4033 ortus
1742 3989 1825 4031 est

381 4082 537 4130 sunt.

1903 3976 2179 4034 omnium.

2281 3978 2397 4032 llati
2459 3995 2580 4033 mox
2643 3977 2901 4032 custodito
2962 3977 3061 4032 iSte
3152 3978 3350 4045 aliique
3438 3975 3660 4029 comites

459 4168 630 4220 Οὺπω
660 4166 860 4237 μικρὸν
910 4168 1395 4236 ὲπιμειδιάσαντος
1425 4169 1529 4235 «τοῦ
1566 4169 1945 4240 αὐτοκράτορο

2158 4166 2267 4220 Nec
2313 4166 2467 4229 longa
2514 4163 2862 4231 inperatoris
2914 4165 2978 4217 de
3032 4163 3189 4217 rebus
3220 4179 3246 4215 a
3283 4163 3662 4216 Caulacuzcnn

382 4263 481 4312 ἐπὶ
521 4259 594 4328 τῷ
630 4260 724 4311 τοῦ
762 4258 1220 4327 Καυςακουζηνοῦ
1253 4259 1664 4329 κατορθώματι,
1691 4261 1856 4331 ἑτέρα
1885 4279 1968 4324 τις

381 4349 686 4420 ἀπόρημος
720 4349 1023 4402 κατέλαϐεν
1053 4351 1310 4418 ἀγγελία,
1344 4352 1506 4417 φόνον
1545 4350 1831 4418 ἀμύθητον
1860 4352 1972 4404 τῶν

393 4443 539 4512 μετὰ
587 4440 682 4493 τοῦ
721 4439 993 4512 Καμύτζη
1041 4444 1134 4494 καὶ
1190 4443 1284 4495 τοῦ
1317 4443 1606 4495 Καϐἂσιλα
1641 4443 1972 4514 Ῥωμαϊκῶν

389 4534 692 4602 ταγμάτων
743 4533 1049 4604 μηνύουσα.
1087 4536 1407 4588 Κατέπιπτε
1449 4536 1547 4604 μὲν
1588 4532 1685 4588 οὖν
1716 4537 1973 4607 οὐδαμῶς

387 4627 416 4676 ὁ
451 4624 837 4694 αὐτοκράτωρ,
877 4625 1055 4678 καίτοι
1114 4626 1322 4695 σφόδρα
1351 4627 1572 4694 δηχθεὶς
1604 4627 1702 4699 τὴν
1743 4630 1974 4699 καρδίαν

387 4719 486 4766 καί
519 4714 842 4782 ἀνιώμενος,
871 4716 1240 4779 ὲπιστενᾶξων
1267 4734 1325 4769 τε
1351 4720 1464 4780 τοῖς
1501 4719 1788 4784 πεσοῦσιν,
1822 4721 1973 4773 ἔστιν

393 4799 457 4860 οὗ
487 4809 581 4858 καὶ
617 4807 872 4877 δακρύων
920 4809 1010 4859 τὸν
1051 4806 1173 4860 καθ’
1217 4808 1444 4860 ἕκαστον
1471 4827 1485 4840 ·
1523 4809 1653 4867 ἀλλὰ
1687 4813 1976 4864 Κωνσταν-

389 4901 541 4950 τῖνον
596 4899 688 4951 τὸν
743 4899 963 4968 Γαὸρᾶν
1009 4899 1178 4969 ἄνδρα
1230 4901 1526 4970 ἀρηΐφιλον
1559 4903 1652 4955 καὶ
1693 4904 1805 4974 πῦρ
1837 4905 1981 4957 κατὰ

389 4992 504 5044 τῶν
536 4992 797 5045 ἐναντίων
824 4993 871 5024 ⁸³
919 4994 1153 5045 πνέοντα
1207 4997 1729 5063 μεταπεμψάμενος,
1751 4997 1830 5059 είς
1871 4997 1970 5066 τὴν

392 5083 542 5135 οὕτω
587 5083 934 5155 καλουμένην
971 5084 1284 5156 Πετρούλαν
1323 5088 1614 5140 ἀπέστειλε
1643 5088 1984 5149 κατασκεψό-

403 5189 570 5244 μσνον
605 5174 728 5226 ὅθεν
768 5175 817 5226 ot
844 5173 1040 5227 Κελτοὶ
1069 5175 1150 5236 εἰς
1177 5175 1246 5226 τὰ
1289 5175 1473 5244 τέμπη
1522 5177 1862 5244 ἐμπεσόντες
1889 5176 1982 5228 τὸν

2085 4260 2402 4329 prudenter,
2442 4259 2676 4322 fortiter,
2710 4274 3082 4326 prospereque
3110 4258 3275 4327 grstis
3319 4257 3503 4309 laetitia
3546 4257 3662 4309 fuit.

2080 4352 2411 4420 Cotnpressit
2439 4351 2545 4403 cito
2577 4350 2853 4403 risusillos
2883 4348 3206 4417 pet-acerbus
3239 4347 3455 4401 nuntius
3487 4345 3662 4399 infau-

2086 4448 2208 4497 dam
2275 4443 2475 4497 cuidem
2538 4443 2906 4496 Romanarum
2965 4441 3298 4509 cohortium,
3363 4455 3483 4509 quae
3543 4453 3700 4492 cum.

2083 4537 2342 4606 Camytze
2375 4548 2437 4587 ac
2464 4533 2710 4587 Cabasila
2746 4533 2980 4600 fuerant,
3015 4533 3280 4587 referens.
3337 4530 3666 4586 Incredibili-

2086 4637 2168 4681 ter
2198 4626 2424 4695 Augusti
2454 4625 2696 4680 animum
2729 4626 2829 4679 ista
2854 4625 3037 4679 clades
3069 4625 3321 4693 perculit.
3357 4622 3508 4676 Sedit
3537 4635 3667 4675 moe-

2088 4731 2226 4786 stus,
2284 4719 2534 4786 suspiriis
2601 4718 2710 4772 late
2757 4718 2974 4772 sonoris
3029 4733 3294 4772 caesorum
3342 4714 3667 4769 desiderium

2092 4816 2361 4883 prodens;
2401 4813 2712 4882 lacrytnans
2744 4828 2960 4882 quoque
2991 4811 3225 4864 subinde
3257 4810 3322 4863 ad
3358 4808 3667 4862 distinctam

2093 4919 2361 4961 certorum
2391 4921 2454 4960 ex
2486 4907 2552 4960 iis
2578 4904 3068 4973 cmnpellationem.
3108 4901 3227 4952 Mox
3268 4909 3446 4952 tamen
3496 4899 3667 4952 solita:

2095 5001 2414 5055 constantia:
2444 5015 2506 5052 ac
2535 5014 2714 5052 rerum
2747 4994 3219 5065 procurandarum
3251 4991 3429 5045 oﬂicio
3465 5005 3523 5044 se
3545 4993 3668 5044 red-

2094 5093 2250 5156 dens,
2278 5090 2690 5144 Constantinum
2729 5087 2964 5142 Gabratn
3003 5084 3181 5136 virum
3229 5082 3366 5135 bello
3388 5082 3666 5135 ardentem

2093 5199 2156 5235 ac
2185 5197 2345 5236 manu
2382 5190 2710 5250 promptum,
2749 5177 2949 5247 quique
2982 5176 3159 5244 ignem
3212 5175 3263 5226 itt
3318 5173 3514 5242 przeliis
3561 5174 3668 5242 spi.

1481 5314 1678 5396 Variae
1707 5315 2014 5376 lectiones
2052 5333 2131 5376 ex
2162 5317 2302 5377 cod.
2330 5315 2569 5377 Coislin

477 5414 522 5445 “
566 5415 882 5486 Ῥωμαίων.

1498 5529 1635 5589 Car.
1668 5525 1995 5589 Dufresnii
2028 5528 2126 5588 Du
2157 5528 2379 5604 Cangii
2418 5536 2602 5590 notae.

482 5659 593 5729 (73)
648 5658 920 5728 Τίμορον.

478 5798 588 5866 (τι)
625 5798 928 5853 Ιῖὶῶτταν.
962 5797 1093 5851 Vide
1121 5796 1360 5852 Glossar.
1386 5796 1666 5855 Annaeum.

995 5656 1287 5723 Φρούριον
1363 5657 1598 5709 vicinum
1681 5653 1985 5725 Balagritis,

406 5725 506 5787 nec
535 5725 723 5795 procul
751 5725 1046 5788 aCaninis,
1088 5726 1489 5790 Cautacuzeuo,
1520 5726 1610 5780 lib.
1651 5742 1709 5791 ιι,
1745 5741 1863 5794 Cap.
1894 5725 1982 5778 32.

2169 5656 2279 5724 ('73)
2315 5656 2684 5723 Βαζιιούντου
2736 5654 3092 5723 ἐξάδελφον.
3155 5651 3300 5709 llhus
3367 5657 3485 5705 orte
3515 5648 3669 5718 Cujus

2098 5727 2338 5780 meminit
2384 5742 2502 5795 pag.
2536 5726 2657 5781 556.
