3992 6278
263 361 367 436 981

1444 341 1447 344 ’
1486 372 1913 436 ALEXIADIS
1950 377 2100 442 LIB.
2141 380 2316 444 xm.

3429 353 3533 444 982

258 477 546 560 ἡμάρτανε
605 485 702 542 τοῦ
761 478 992 546 σκοποῦ.
1045 489 1228 545 Μέσον
1279 490 1385 564 γὰρ
1441 491 1537 546 τοῦ
1593 491 1841 563 πορθμοῦ

1949 497 2210 564 partium.
2243 497 2423 553 Semel
2473 498 2778 571 iterumque
2837 495 3019 554 Latini
3077 505 3264 568 postea
3321 509 3536 565 quoque

257 579 699 663 καταλαμϐάνων
730 579 852 634 ἐπεὶ
872 581 997 644 τοὺς
1033 583 1271 648 Κελτοὺς
1293 584 1545 655 ὲξουρίας
1577 583 1842 648 πλέοντας

259 674 410 745 ἑώρα
443 674 514 728 τά
543 673 594 727 θ’
643 675 790 728 ίστία
835 675 1288 740 ἀναπετάσαντας
1319 677 1413 730 καὶ
1471 678 1698 748 σφοδρὸν
1751 679 1844 734 τὸν

259 767 546 820 ἀπόπλουν
597 768 979 836 ποιουμένους,
1017 770 1115 839 οὐχ
1165 764 1278 834 οἶός
1325 787 1381 824 τε
1423 765 1493 842 ἦν
1542 771 1680 843 πρὸς
1713 771 1844 836 τοὺς

259 858 504 921 Κελτοὺς
540 858 658 929 ἅμα
686 860 777 912 καὶ
806 849 938 923 ’τοὺς
993 862 1228 931 ἀνέμους
1282 864 1667 934 ἀπομάχεσθαι
1702 863 1846 918 κατὰ

257 950 489 1022 πρῶραν
534 950 630 1004 τοῦ
684 951 999 1026 πνεύματος
1045 955 1381 1025 ἱσταμένου⁶
1429 957 1551 1009 οὐδὲ
1587 958 1724 1028 γάρ.
1752 959 1844 1012 τὸν

267 1042 548 1111 Ἡρακλέα
582 1043 718 1113 πρὸς
751 1043 845 1097 δύο
896 1045 1028 1112 φασί
1058 1063 1072 1078 ο
1105 1049 1171 1116 τῇ
1202 1045 1290 1117 βία
1337 1046 1517 1101 τοίνυν
1552 1049 1646 1101 τοῦ
1674 1050 1843 1103 πνεύ-

260 1155 433 1208 ματος
461 1137 790 1207 παλίνορσος
831 1140 1062 1207 ἐγίνετο.
1103 1139 1225 1192 Ἐπὶ
1269 1140 1484 1205 τούτοις
1515 1143 1542 1195 ό
1570 1144 1842 1214 αὐτοκρά-

257 1249 370 1300 τωρ
409 1231 707 1300 διεπρίετο.
736 1233 1010 1312 Διαγνοῦς
1050 1231 1108 1315 δέ
1135 1232 1216 1286 ὅτι
1267 1232 1366 1304 οὐχ
1399 1237 1534 1288 ὅπου
1572 1237 1843 1306 προσήκοι

255 1323 351 1376 τὸν
385 1323 697 1390 Ῥωμαϊκὸν
735 1325 922 1378 στόλον
957 1328 984 1378 ό
1016 1327 1433 1398 Κοντστέφανος
1461 1328 1842 1399 προσὼρμισε,

260 1417 357 1470 καὶ
408 1416 498 1469 διὰ
545 1416 705 1470 τοῦτο
734 1419 897 1472 αὐτὸν
931 1418 980 1472 oi
1009 1421 1152 1472 νότοι
1204 1421 1573 1491 ἀπείργουσιν
1622 1421 1844 1476 εὐθετον

257 1513 372 1573 τοῖς
424 1511 655 1574 Κελτοῖς
708 1511 910 1581 μᾶλλον
961 1514 1054 1565 τὸν
1085 1513 1256 1566 πλοῦν
1305 1516 1696 1585 παρεχόμενοι,
1728 1516 1846 1569 δια-

258 1601 476 1670 γράψας
506 1601 606 1671 τὴν
643 1605 741 1672 τῆς
770 1603 1180 1676 Λογγιόαρδίας
1207 1605 1365 1678 ἠϊόνα
1410 1608 1503 1660 καὶ
1536 1607 1629 1661 τοῦ
1675 1609 1843 1662 Ἰλλυ-

262 1691 439 1762 ρικοῦ,
469 1695 563 1746 καὶ
596 1694 723 1758 τοὺς
754 1688 886 1766 παρ’
921 1697 1162 1764 ἑκάτερα
1186 1696 1568 1764 διακειμένους
1593 1698 1840 1766 λιμένας,

255 1785 548 1838 ἀπέστειλε
590 1785 667 1855 τῷ
709 1787 1142 1860 Κοντοστεφάνῳ
1205 1789 1498 1855 ὑποδείξας
1550 1791 1608 1844 ὲν
1653 1791 1842 1862 γράμ-

259 1895 417 1946 μασι,
453 1878 544 1932 καὶ
571 1879 694 1931 ὅποι
731 1879 814 1932 δεῖ
851 1883 1225 1953 προσορμίσαι
1256 1883 1355 1948 τὰς
1389 1883 1546 1948 ναῦς,
1580 1886 1674 1938 καὶ
1717 1885 1842 1939 ὅθεν

254 1971 445 2040 οὐρίου
494 1970 636 2042 τύχῃ
670 1971 764 2025 τοῦ
806 1973 1122 2044 πνεύματος
1153 1977 1315 2050 ,κατά
1371 1976 1482 2029 τῶν
1517 1977 1845 2042 διαπλωῖζο-

255 2066 438 2136 μένων
464 2057 694 2120 ’Κελτῶν
741 2067 1010 2139 ἐξορμῶν.
1057 2069 1327 2142 Ἀνέρωσέ
1377 2069 1490 2144 [τσ.
1530 2072 1840 2147 ἀνέρρωσε]

249 2175 312 2242 τε
368 2158 522 2223 αὖθις
580 2162 672 2214 τὸν
713 2162 1161 2233 Κοντοστέφανον
1225 2165 1318 2217 καὶ⁸
1377 2165 1544 2235 ἔργου
1594 2165 1842 2236 ἅψασθαι

249 2251 560 2306 ἀνέπεισεν.
603 2254 1084 2325 Ἀνακτησάμενος
1111 2254 1206 2310 οὖν
1240 2258 1434 2310 ἑαυτὸν
1479 2259 1506 2310 ό
1567 2257 1841 2323 Ίσαάκιος

249 2343 350 2395 καὶ
377 2341 705 2398 καταλαϐὼν
753 2338 980 2416 οὗπερό
1030 2347 1397 2418 αὐτοκράτωρ
1455 2348 1608 2417 αὐτῷ
1656 2366 1838 2419 παρε-

249 2434 554 2518 κελεύσατο
602 2438 699 2500 τὰς
731 2437 864 2500 ναῦς
916 2438 1282 2508 προσῴκειλε.
1319 2439 1429 2492 Καὶ
1474 2441 1667 2511 καιρὸν
1718 2445 1844 2495 ἐπι-

246 2529 500 2598 τηρήσας
533 2530 770 2599 ὁπηνίκα
803 2531 850 2582 οί
881 2529 989 2583 ἀπὸ
1021 2523 1428 2601 Λογγιὸαρδίας
1464 2531 1602 2601 μετά
1637 2533 1842 2605 πολλῆς

248 2622 624 2690 παρασκευῆς
699 2624 832 2692 πρὸς
904 2623 966 2676 τὸ
1042 2623 1342 2694 Ἰλλυρικὸν
1403 2624 1496 2678 τὸν
1554 2625 1839 2681 ἀπόπλουν

246 2712 553 2778 ἐποιοῦντο,
587 2714 791 2784 ἀνέμου
849 2713 1028 2778 δεξιοῦ
1081 2715 1392 2785 τηνικαῦτα
1446 2719 1833 2786 ἐπιπεσόντος,

247 2806 466 2875 δέχεται
501 2805 726 2870 τούτους
764 2808 1150 2879 τοῦπορομοῦ
1211 2811 1395 2879 μέσον,
1443 2812 1540 2865 καὶ
1587 2795 1841 2881 τινάωμὲν

245 2898 362 2950 τῶν
433 2899 746 2970 λῃστρικῶν
829 2901 1030 2954 πλοίων
1097 2903 1459 2974 πυρίκαυστα
1522 2905 1838 2974 πεποίηκε’

246 2987 424 3040 πλείω
457 2989 512 3040 δὲ
548 2991 642 3076 καὶ
672 2989 950 3062 αὔτανδρα
979 2989 1058 3061 τῷ
1090 2989 1236 3063 βυθῷ
1263 2993 1648 3064 παρέπεμψεν.
1667 2994 1838 3048 Οὔπω

243 3083 424 3137 ταῦτα
455 3085 793 3152 μεμαθηκὼς
829 3088 857 3138 ό
899 3085 1179 3157 βασιλεὺς,
1208 3089 1346 3143 ἀλλά
1381 3089 1519 3159 πρὸς
1568 3090 1638 3144 τὰ
1684 3089 1840 3160 παρά

1947 602 2163 642 cursum
2198 598 2402 644 rectum
2434 598 2487 645 et
2529 579 2945 646 incolumem'ex
2976 587 3126 644 italia
3163 588 3216 642 in
3261 586 3532 659 lllyricum

1949 682 2211 747 habuere,
2264 681 2464 736 frustra
2500 680 2718 737 obstare
2770 691 2966 737 conata
3022 679 3270 734 Romana
3332 678 3530 732 classe.

1949 773 2301 829 Promoverat
2354 790 2472 829 eam
2514 761 2730 846 quidem
2767 774 3008 830 lsaacius
3064 774 3118 828 in
3171 772 3365 829 fretum
3420 786 3535 826 me-

1950 867 2094 921 dium
2143 867 2358 921 obviam
2399 876 2587 922 contra
2636 866 2910 937 naviganti
2951 865 3206 930 Gallicae;
3255 863 3352 918 sed
3407 878 3531 916 cum

1951 961 2091 1015 hanc
2123 970 2316 1016 ventus
2353 976 2381 1014 ει
2411 960 2572 1030 puppi
2604 961 2875 1015 secundus
2902 959 3079 1014 valide
3108 958 3347 1028 pelleret,
3383 956 3527 1011 illaut

1950 1052 2092 1106 idem
2127 1069 2153 1105 a
2184 1068 2344 1118 prora
2398 1054 2690 1107 vehemens
2742 1050 2996 1115 diﬂlarct,
3066 1059 3256 1104 contra
3315 1057 3532 1102 ventum

1893 1191 1903 1210 1.
1948 1145 2238 1202 ethostem
2274 1160 2513 1212 pugnare
2541 1145 2702 1200 simul
2733 1145 2869 1198 ratio
2901 1142 3151 1208 nonfuit,
3179 1139 3433 1210 quoniam
3472 1153 3538 1192 ne

1949 1236 2207 1292 Hercules
2259 1238 2482 1307 quidem
2532 1239 2696 1306 (quod
2749 1236 2853 1290 diei
2911 1235 3067 1304 solet)
3126 1242 3316 1287 contra
3371 1231 3533 1285 duos.

1949 1330 2137 1401 itaque
2189 1331 2443 1386 cedentes
2503 1327 2817 1384 necessario
2872 1325 3130 1388 Romani,
3180 1337 3374 1392 purum
3429 1322 3533 1376 iter

1947 1424 2290 1492 liberumque
2339 1421 2543 1478 ltalicis
2580 1421 2852 1492 reliquere
2900 1419 3148 1473 navibus.
3199 1415 3534 1484 Ringebatur

1949 1517 2016 1571 iis
2067 1517 2305 1587 acceptis
2346 1517 2687 1586 imperator;
2755 1522 2810 1569 et
2864 1521 3104 1567 erratum
3162 1525 3194 1564 a
3247 1508 3534 1563 Contoste-

1949 1608 2132 1678 pbano
2165 1608 2468 1678 intelligens
2511 1607 2566 1662 in
2615 1607 2848 1663 statione
2882 1613 3006 1676 apta
3053 1602 3210 1658 classi
3240 1616 3351 1657 sum
3399 1598 3534 1653 deli-

1949 1707 2144 1776 genda,
2182 1705 2416 1760 tabulam
2445 1703 2731 1771 utriusque
2769 1715 2880 1756 ora:
2905 1698 3158 1753 littoralis
3201 1695 3488 1750 maritima:
3514 1733 3530 1757 ,

1954 1796 2294 1867 lllyricianae,
2323 1799 2566 1867 inquam,
2622 1803 2677 1850 et
2710 1795 2758 1849 ei
2801 1792 3043 1847 adversa:
3086 1787 3529 1860 Longobardieaa,

1950 1906 2072 1945 cum
2098 1890 2299 1945 notatis
2326 1889 2581 1957 utrinque
2611 1886 2849 1956 regionis
2871 1885 3152 1952 utriusque
3181 1879 3441 1950 portubus
3464 1875 3530 1928 ad

1947 1999 2070 2038 eum
2095 1983 2247 2037 misit
2285 1997 2300 2036 :
2337 1981 2538 2035 litteris
2568 1981 2870 2034 admonens
2917 1976 3114 2045 quibus
3151 1974 3203 2027 in
3245 1971 3381 2026 locis
3412 1970 3532 2038 qni-

1948 2077 2118 2130 bnsve
2166 2072 2493 2129 stationibus
2543 2080 2730 2126 tenere
2755 2084 2822 2126 ex
2862 2067 3106 2124 excubiis
3136 2080 3301 2120 naves
3331 2061 3532 2116 Roma-

1947 2184 2044 2223 nas
2066 2175 2360 2237 oporteret,
2397 2175 2453 2221 ut
2484 2181 2562 2221 eae
2589 2179 2912 2235 quocunque
2934 2171 3097 2218 vento
3124 2161 3440 2229 navigantes
3464 2171 3530 2211 ex

1947 2259 2098 2315 Italia
2121 2259 2358 2316 Gallicas
2387 2274 2576 2314 arcere
2619 2265 2862 2329 possent.
2899 2255 3056 2324 Cepit
3105 2251 3364 2314 lsaacius,
3403 2264 3528 2303 cum

1947 2352 2032 2407 bis
2061 2352 2354 2422 postremis
2384 2351 2604 2406 monitis
2648 2349 3030 2418 acquievisset,
3067 2346 3307 2399 fructum
3342 2341 3530 2396 docili-

1947 2446 2075 2500 tatis
2107 2460 2239 2500 suae.
2291 2442 2426 2498 Nam
2471 2444 2762 2498 observato
2815 2450 3054 2509 tempore
3110 2451 3218 2507 quo
3274 2435 3530 2504 trajectus

1944 2550 2099 2590 novae
2125 2535 2192 2589 ab
2219 2533 2592 2601 Longobardia
2631 2531 2926 2602 parabatur
2950 2528 3164 2593 classis,
3207 2527 3385 2580 locum
3424 2523 3528 2578 sibi

1946 2627 2171 2694 suisque
2206 2642 2272 2680 ex
2307 2624 2658 2694 imperatoris
2705 2622 2937 2676 consilio
2969 2619 3236 2674 delectum
3273 2613 3529 2684 sumpsit.

1943 2713 2073 2774 Inde
2106 2728 2282 2773 autem
2317 2714 2735 2786 procedentibus
2780 2726 3040 2783 prospero
3081 2721 3367 2764 ventorum
3397 2704 3524 2760 ﬂatu

1944 2806 2218 2870 Gallorum
2249 2812 2477 2866 navibus
2507 2809 2694 2864 multis
2736 2818 2793 2864 et
2834 2815 3096 2877 apparatu
3157 2803 3369 2859 onustis
3407 2799 3528 2869 pitt-

1938 2903 2107 2968 rimo,
2145 2905 2373 2959 infestus
2407 2904 2664 2973 ingruens
2700 2915 2858 2956 cursu
2905 2899 2959 2953 in
3011 2897 3211 2958 medio,
3270 2892 3530 2964 piraticas

1944 3010 2131 3050 eorum
2174 2996 2436 3063 quasdam
2493 2991 2754 3057 incendit,
2809 2990 2992 3059 plures
3035 3001 3158 3042 cum
3217 2983 3530 3038 vectoribus

1947 3085 2233 3156 depressit.
2270 3085 2383 3140 Hoc
2433 3097 2744 3154 quanquam
2800 3082 2870 3135 ita
2912 3080 3117 3135 lsaaeio
3165 3081 3525 3138 successerat,

245 3176 350 3229 τοῦ
389 3177 740 3246 Λαντούλφου
784 3179 1092 3249 γραφέντα,
1120 3180 1217 3233 καὶ¹
1263 3181 1432 3234 αὐτοῦ
1463 3181 1654 3245 δουκὺς
1697 3183 1840 3254 Δυρ-

1948 3172 2126 3233 ιιιωόιι
2158 3192 2278 3232 cum
2309 3176 2687 3230 accusationes
2721 3174 2772 3226 in
2804 3187 2927 3226 eum
2961 3167 3275 3236 Lantulphi,
3331 3180 3527 3220 conso-

254 3267 452 3340 ραχίου
483 3269 803 3339 ἐγκείμενον
846 3270 982 3340 ἔχων
1019 3269 1112 3323 τὸν
1158 3272 1304 3336 νοῦν,
1343 3273 1532 3343 ἐτέρου
1575 3273 1839 3344 λογισμοῦ

246 3360 494 3428 γεγονὼς
524 3363 867 3433 παραχρῆμα
894 3362 987 3415 τὸν
1023 3363 1125 3435 ἤδη
1157 3363 1400 3434 ρηΘὲντα
1428 3365 1712 3435 Μαριανὺν
1742 3367 1835 3419 τὸν

246 3453 780 3523 Μαυροκατακαλὼν
835 3455 1343 3525 μεταπεμψάμενος
1397 3457 1611 3510 ἐκεῖθεν
1658 3458 1838 3514 Δοῦκα

245 3545 348 3597 τοῦ
407 3546 593 3598 στόλου
637 3546 1049 3618 προχειρίζεται
1080 3589 1095 3613 ,
1147 3548 1215 3600 τὰ
1267 3547 1323 3600 δὲ
1370 3551 1469 3619 τῆς
1528 3550 1842 3621 Πετρούλας

245 3639 427 3718 ἑτέρῳ
489 3638 830 3708 ἀνατίθησιν.
883 3632 1055 3701 Οὗτος
1097 3634 1192 3692 οὖν
1237 3639 1493 3694 ἀπελθὼν
1547 3643 1644 3695 καὶ
1691 3643 1836 3696 κατά

244 3747 377 3783 τινα
427 3721 720 3798 συντυχίαν
751 3731 914 3793 εὐθὺς
944 3729 1186 3801 ἐντυχὼν
1223 3734 1346 3796 ταῖς
1392 3733 1500 3785 ἀπὸ
1531 3733 1844 3807 Λογγιϐαρ-

246 3822 372 3883 δίας
399 3821 538 3890 πρὸς
567 3822 660 3873 τὸν
696 3821 1035 3890 Βαῐμοῦντον
1066 3822 1564 3894 διαπλωῖζομέναις
1609 3826 1836 3898 λῃστρι-

248 3919 379 3977 καῖς
406 3916 500 3968 καὶ
525 3917 818 3984 φορτηγοῖς
846 3917 1028 3982 ναυσλ,
1061 3917 1330 3986 κατέσχεν
1363 3904 1580 3980 ἁπάσας
1611 3919 1842 3989 πλήρεις

249 4008 534 4060 παντοίων
603 4006 904 4075 ἐδωδίμων.
957 4008 1068 4060 Καὶ
1136 4007 1230 4060 τοῦ
1294 4008 1488 4061 λοιποῦ
1556 4009 1840 4081 ἄγρυπνος

252 4097 436 4167 φύλαξ
468 4096 562 4149 τοῦ
595 4097 914 4164 ἀναμεταξὺ
952 4097 1362 4169 Λογγιὸαρδίας
1406 4100 1500 4152 καὶ
1540 4100 1840 4173 Ἰλλυρικοῦ

249 4189 508 4260 πορθμοῦ
540 4191 846 4260 τυγχάνων,
880 4191 942 4242 οὐ
987 4190 1287 4261 συνεχώρει
1340 4189 1399 4244 τὸ
1435 4194 1695 4263 παράπαν
1730 4199 1842 4260 τοῖς

249 4284 484 4348 Κελτοῖς
512 4288 615 4338 τὸν,
645 4284 781 4355 πρὸς
812 4285 871 4337 τὸ
898 4286 1204 4357 Δυρράχιον
1237 4287 1538 4344 ἀπόπλουν.

337 4469 402 4521 '0
439 4467 498 4520 δέ
546 4484 609 4536 γε
667 4466 1046 4537 αὐτοκράτωρ,
1076 4467 1203 4536 περὶ
1254 4469 1380 4532 τοὺς
1422 4471 1698 4541 πρόποδας
1734 4474 1842 4526 τῶν

249 4561 594 4630 κλεισουρῶν
641 4561 736 4613 καὶ
796 4560 938 4612 κατά
999 4560 1100 4630 τὴν
1148 4560 1408 4614 Δεάϐολιν
1465 4562 1836 4633 αὐλιζόμενος,

245 4654 474 4724 ἀπῆγχε
501 4651 599 4721 μὲν
662 4652 788 4713 τοὺς
853 4651 1209 4721 προχωρῆσαι
1249 4651 1327 4721 τῷ
1362 4651 1682 4724 Βοιῖμούντῳ
1711 4655 1834 4708 ὠδί-

244 4760 448 4809 νοντας
468 4761 482 4776 ο
524 4744 658 4796 ὡσεὶ
691 4742 942 4811 νιφετοὺς
968 4741 1025 4794 δὲ
1057 4742 1193 4812 πρὸς
1217 4743 1344 4806 τοὺς
1379 4743 1478 4804 τὰς
1519 4745 1841 4816 κλεισούρας

245 4841 591 4908 ἐξέπεμπεν,
647 4836 865 4905 ἑκάστῳ
921 4835 1312 4905 ὑποτιθέμενος
1356 4836 1586 4901 ὁπόσους
1619 4840 1698 4902 είς
1739 4841 1839 4911 τὴν

247 4933 489 4988 πεδιάδα
546 4928 856 5000 Δυρραχίου
909 4926 1322 4991 ἐξαποστέλλειν
1372 4927 1514 4980 κατά
1556 4927 1649 4982 τοῦ
1709 4931 1838 4982 Βαῖ-

249 5026 494 5098 μούντου
547 5023 644 5076 καὶ
678 5023 860 5074 ὁποῖον
903 5021 964 5073 τὸ
1013 5019 1107 5072 τοῦ
1142 5020 1385 5088 πολέμου
1438 5020 1626 5090 σχῆμα
1651 5022 1842 5076 διατυ-

248 5117 419 5180 ποῦν,
467 5116 595 5177 τοὺς
627 5113 1067 5182 κατερχομένους
1108 5111 1214 5180 χρὴ
1248 5113 1306 5164 ὲν
1339 5111 1416 5180 τῷ
1446 5112 1718 5182 μάχεσθαι
1773 5115 1844 5168 τὰ

251 5210 490 5264 πλεῖστά
518 5224 580 5259 τε
621 5206 950 5275 προτρέχειν
981 5204 1095 5265 τοῖς
1133 5203 1320 5266 ἵπποις
1357 5204 1450 5256 καὶ
1486 5199 1645 5264 αὖθις
1676 5204 1843 5257 ἀνθυ-

254 5303 570 5365 πονοστεῖν,
613 5299 708 5351 καὶ
741 5297 884 5350 οὕτω
914 5295 1076 5349 πάλιν
1105 5295 1198 5348 καὶ
1236 5296 1400 5350 πάλιν
1428 5297 1716 5359 ποιοῦντας
1758 5297 1845 5350 διὰ

249 5395 353 5464 τῆς
384 5391 602 5459 τοξείας
641 5388 945 5458 μάχεσθαι·
981 5389 1109 5451 τοὺς
1150 5387 1207 5440 δὲ
1245 5388 1312 5440 τά
1343 5389 1550 5458 δόρατα
1573 5389 1844 5459 φέροντας

246 5485 483 5538 ὄπισθεν
521 5481 704 5536 αὐτῶν
735 5480 926 5550 βραδεῖ
959 5480 1084 5534 ποδὶ
1115 5480 1369 5552 στείχειν,
1392 5483 1481 5545 ἶν’,
1513 5483 1566 5534 εί
1590 5499 1693 5534 που
1755 5481 1847 5550 γέ-

250 5595 420 5648 νηται
473 5577 590 5638 τοῖς
644 5574 890 5637 τοξόταις
930 5571 1097 5625 πλέον
1139 5571 1234 5624 τοῦ
1292 5572 1502 5634 δέοντος
1560 5573 1696 5645 πρὸς
1745 5571 1847 5636 τὰς

249 5670 478 5723 ὄπισθεν
544 5666 949 5735 παρασυρῆναι,
1007 5664 1270 5734 δέχωνται
1327 5664 1568 5728 τούτους,
1628 5665 1742 5735 ᾰμα
1793 5663 1850 5716 δὲ

253 5765 353 5817 καὶ
388 5764 486 5815 τὸν
541 5761 619 5821 είς
675 5761 866 5827 χεῖρας
914 5756 1120 5811 τούτων
1182 5758 1310 5820 ἴσως
1363 5757 1586 5809 ἐλθόντα
1639 5756 1842 5808 Κελτδν

254 5859 572 5930 πλήττοιεν.
611 5853 972 5924 Ἐπεχορήγει
1017 5853 1073 5907 δὲ
1127 5851 1319 5924 δαψιλῆ
1369 5852 1577 5916 τούτοις
1632 5853 1699 5906 τὰ
1732 5852 1858 5923 βέλη

1947 3273 2031 3325 nis
2076 3283 2290 3340 quoque
2323 3267 2480 3322 ducis
2521 3261 2972 3335 Dyrrhachiensls
3013 3260 3344 3315 conﬁrmatae
3393 3270 3526 3325 que-

1947 3362 2096 3425 relis,
2128 3361 2425 3415 insiderent
2456 3358 2507 3411 in
2539 3355 2765 3424 Augusti
2801 3354 2983 3406 animo
3012 3351 3194 3412 altius,
3224 3348 3442 3403 tandem
3475 3346 3522 3402 is

1947 3465 2156 3508 mutato
2212 3462 2430 3522 repente
2490 3448 2720 3503 consilio
2781 3444 3052 3501 retinendi
3109 3443 3314 3498 diutius
3348 3441 3400 3494 in
3436 3439 3526 3494 illa

1947 3546 2112 3601 maris
2141 3545 2464 3613 praefectura
2505 3536 2952 3607 Contostepbani,
3001 3535 3324 3591 accersitum
3366 3545 3526 3602 quem

1947 3641 2106 3694 modo
2140 3638 2560 3693 memoravimus
2593 3622 2756 3704 3'97
2785 3631 3089 3684 Marianum
3123 3624 3527 3680 Maurocatalo-

1947 3750 2069 3788 nem
2102 3731 2295 3786 ducem
2329 3729 2516 3783 classis
2544 3737 2717 3788 creat,
2771 3721 3006 3778 Petrulse
3036 3721 3274 3773 visenda:
3310 3715 3528 3786 negotio

1947 3824 2101 3878 alteri
2130 3821 2401 3876 mandato.
2439 3817 2711 3871 illarianus
2751 3817 2802 3869 in
2854 3810 3186 3883 provinciam
3212 3809 3321 3863 cito
3353 3803 3532 3875 profe-

1945 3927 2066 3972 ctus
2095 3927 2318 3982 operam
2353 3909 2588 3965 navavit.
2636 3906 2851 3962 Etenim
2883 3902 3247 3974 deprehensas
3275 3901 3328 3953 in
3366 3911 3529 3952 cursu

1945 4007 2206 4080 piraticas
2231 4004 2620 4072 onerariasque
2665 4001 2902 4057 Gallicas
2950 4004 3290 4052 comeatuum
3324 3991 3529 4062 ingenti

1945 4103 1996 4157 vi
2027 4101 2256 4156 refertas
2285 4096 2662 4168 cepitomnes,
2700 4091 2939 4162 vigilque
2986 4088 3182 4144 deinde
3231 4101 3296 4141 ac
3347 4093 3528 4139 certus

1945 4205 2128 4250 custos
2151 4192 2334 4247 Italico
2363 4191 2500 4246 freto
2527 4189 2792 4243 incubans
2813 4196 2974 4240 omne
3003 4183 3188 4250 utique
3212 4177 3525 4232 Italicarum

1946 4286 2163 4340 navium
2195 4301 2226 4338 a
2257 4280 2783 4356 Dyrrhachicnsibus
2829 4273 3116 4332 Baimundi
3147 4271 3343 4329 castris
3371 4269 3531 4340 plane

1945 4379 2201 4448 deinceps
2227 4375 2614 4432 commercium
2645 4372 2883 4442 abrupit.

2028 4471 2201 4525 Porro
2242 4469 2541 4539 imperator
2592 4466 2812 4520 interim
2868 4461 3090 4518 Deaboli
3146 4458 3435 4515 considens
3475 4455 3532 4510 in

1951 4563 2196 4634 proxima
2231 4561 2428 4615 vicinia
2463 4558 2829 4614 claustrorum
2864 4557 2981 4611 sive
3011 4553 3358 4616 clisurarum,
3392 4563 3532 4620 quas

1951 4655 2145 4720 ﬁrmis,
2190 4654 2264 4708 uti
2298 4652 2556 4716 diximus,
2586 4649 2860 4721 praesidiis
2907 4647 3198 4713 munierat,
3247 4642 3529 4712 haudqua-

1947 4761 2110 4814 quam
2141 4745 2254 4815 ipse
2290 4741 2520 4798 vacabat
2551 4755 2716 4811 Opere
2739 4779 2757 4807 ,
2788 4739 2880 4796 sed
2913 4739 3267 4808 praecipuum,
3306 4736 3352 4791 si
3382 4740 3532 4788 recte

1948 4839 2072 4907 quis
2110 4838 2364 4901 aestimet,
2395 4835 2463 4890 ad
2513 4834 2639 4889 belli
2699 4847 2968 4888 summam
3019 4839 3349 4885 momentum
3399 4824 3532 4878 affe-

1950 4931 2127 4984 rebat.
2164 4927 2532 4994 Praeterquam
2576 4926 2719 4978 enim
2773 4925 2919 4993 quod
2975 4921 3304 4989 impediebat
3345 4916 3531 4982 utique

1950 5021 2144 5077 castris
2177 5036 2242 5075 eo
2278 5021 2396 5074 loco
2423 5017 2613 5088 positis
2645 5031 2712 5071 ne
2743 5015 2880 5069 nilus
2911 5028 2976 5067 ex
3011 5011 3240 5066 infensis
3274 5007 3376 5062 sibi
3408 5007 3532 5074 plu-

1945 5114 2099 5166 rimis
2132 5122 2186 5166 et
2214 5112 2545 5166 rebelliones
2582 5106 3022 5178 parturientibus
3072 5103 3414 5173 transfugere
3459 5095 3528 5156 ad

1944 5204 2331 5266 Baimundum,
2365 5217 2487 5256 cum
2531 5214 2704 5268 eoque
2749 5199 2891 5252 vires
2939 5211 3004 5252 ac
3053 5195 3278 5251 consilia
3343 5205 3532 5264 posset

1941 5297 2201 5366 jungere:
2230 5294 2470 5350 subsidia
2497 5293 2660 5347 etiam
2686 5291 3172 5362 supplementaque
3192 5288 3528 5344 creberrima

1946 5386 2251 5440 recentium
2281 5386 2503 5439 assidue
2540 5384 2771 5438 militum
2818 5385 2871 5437 in
2907 5384 3073 5438 horas
3115 5397 3252 5453 pene
3287 5382 3530 5450 singulas

1945 5480 2269 5552 suggerebat
2329 5480 2446 5534 suis
2493 5478 2722 5532 clisuras
2767 5475 3161 5540 obtinentibus,
3205 5476 3401 5546 quibus
3453 5475 3530 5530 illi

1949 5574 2092 5628 aucti
2127 5573 2267 5626 ultra
2301 5572 2600 5626 custodiam
2634 5569 3046 5624 commissarum
3099 5569 3331 5636 arcium,
3367 5568 3530 5622 etiam

1961 5663 2028 5717 ad
2063 5661 2404 5716 lacessendos
2441 5661 2626 5715 hostes
2653 5658 2985 5729 quotidianis
3034 5657 3341 5714 incursibus
3369 5672 3537 5728 para-

1957 5764 2065 5809 tam
2113 5762 2167 5806 et
2197 5753 2431 5808 alacrem
2488 5751 2883 5805 multitudinem
2937 5748 3232 5805 habebant.
3286 5749 3535 5805 Addebat

1970 5862 2087 5906 eam
2124 5848 2298 5918 ipsam
2330 5847 2394 5903 ad
2437 5859 2550 5901 rem
2598 5853 2866 5917 praecepta
2909 5844 3208 5916 imperator
3253 5842 3535 5908 salutaria,
