3992 6278
263 307 380 386 9'35
1484 336 1898 401 ALEXIADIS
1929 345 2075 405 LIB.
2113 347 2286 406 xm.
3415 329 3519 417 986

265 438 432 507 longe
465 453 562 493 usu
590 451 862 511 comperta
897 441 1188 512 imperator
1212 446 1461 504 obtinens
1521 452 1700 504 animo
1767 455 1908 508 illam
1950 459 2063 511 suis
2094 471 2254 523 quam
2294 459 2576 512 reterimus
2604 458 2903 529 imperabat
2935 461 2986 515 in
3017 461 3200 517 Gallos
3241 466 3513 534 pugnandi

265 536 563 598 rationem,
591 547 645 586 ut.
677 539 834 604 cquis
857 541 1038 608 jaculo
1062 541 1290 611 ligendis
1318 543 1462 598 viros
1494 548 1842 613 omitterent;
1886 552 2083 620 quippe
2119 550 2278 604 facile
2312 561 2365 605 et
2395 551 2616 606 innoxie
2677 554 2969 609 vincendos
3043 571 3305 626 equorum
3348 574 3505 614 casu.

259 628 534 685 Nimirum
571 646 674 684 non
724 632 868 686 illam
917 633 1192 701 ferociam,
1242 635 1362 690 illos
1435 638 1582 708 ignes
1643 656 1775 708 quos
1815 643 1865 694 in
1921 643 2072 711 equis
2133 642 2223 694 alti
2273 644 2500 711 spirant,
2528 644 2688 697 etiam
2720 648 2930 700 excussi
2988 649 3241 711 retinent,
3291 652 3335 704 si
3413 667 3518 720 qua

265 740 368 780 cos
413 725 496 778 vis
547 724 820 779 afllixerit.
867 725 1053 781 Gallus
1097 743 1239 796 equo
1292 745 1553 796 generoso
1609 742 1848 786 armatus
1889 733 2127 787 insidens
2155 735 2398 788 ﬂammea
2432 735 2715 790 velocitate
2789 736 3078 792 fulmineus
3123 739 3201 791 vel
3276 740 3511 813 Babylo-

261 824 392 877 nios
423 837 608 876 muros
639 821 968 885 transvolet;
1017 821 1163 876 httmi
1199 824 1502 893 depositus,
1537 829 1839 896 quibusque
1879 829 2052 882 obviis
2084 829 2238 882 ludus
2269 837 2370 882 est.
2451 825 2573 884 Haec
2631 831 2792 902 igitur
2845 832 2896 883 in
2937 832 3081 885 hunc
3158 835 3371 886 modmn
3420 850 3511 887 sa-

261 915 485 983 pienter
521 915 801 977 Augustus
829 929 892 966 ex
927 931 990 968 eo
1026 916 1146 970 loco
1205 919 1562 986 gubernabat.
1634 920 1742 974 Cur
1789 938 1894 975 non
1937 925 2255 990 procederet
2287 924 2510 976 ulterius
2539 935 2592 975 et
2641 923 2891 976 claustris
2947 923 3216 991 superatis
3241 925 3518 977 cautiones

259 1007 386 1076 ipse
417 1021 541 1060 cum
571 1007 740 1084 Gallis
784 1020 1032 1076 pugnans
1089 1010 1188 1061 has
1235 1022 1523 1078 usurparet
1555 1027 1691 1079 quas
1735 1012 1978 1066 tradebat
2049 1012 2196 1072 aliis.
2261 1028 2422 1067 causa
2494 1013 2607 1066 haec:
2655 1013 2755 1066 fuit
2810 1028 2968 1083 quam
3019 1029 3082 1067 ex
3134 1015 3248 1082 ipso
3325 1013 3514 1067 audire

263 1102 492 1156 memini
545 1118 664 1155 cum
716 1102 938 1164 diceret,
991 1117 1240 1169 perversa
1291 1103 1515 1157 consilia
1561 1104 1666 1157 sibi
1714 1117 1835 1157 nota
1878 1104 2014 1157 male
2043 1103 2410 1157 feriatorume
2449 1120 2546 1158 suo
2610 1106 2777 1173 ipsius
2845 1105 3100 1158 comitatu
3148 1121 3252 1158 non
3304 1119 3505 1173 pauco-

263 1214 388 1250 rum
429 1212 651 1251 aversos
689 1212 715 1248 a
745 1212 803 1250 se
836 1197 1043 1250 animos
1087 1198 1420 1258 habentium,
1476 1199 1716 1251 effecisse
1767 1208 1822 1252 ut
1862 1199 2168 1253 consultum
2200 1201 2506 1268 neutiquam
2541 1206 2769 1265 putaret,
2802 1198 2852 1251 id
2917 1199 3059 1266 quod
3126 1197 3322 1265 alioqui
3385 1211 3515 1249 avc-

261 1291 356 1342 hat
389 1291 570 1349 unice,
603 1290 849 1343 transitis
887 1289 1103 1342 elisuris
1128 1305 1279 1356 tequo
1305 1290 1470 1344 Marte
1540 1293 1663 1343 totis
1731 1291 1900 1358 copiis
1939 1308 2060 1345 cmn
2087 1291 2383 1346 Baimundo
2409 1290 2644 1360 experiri
2675 1291 2942 1344 fortunam
2973 1290 3162 1359 prtrlii.
3197 1290 3258 1342 Et
3299 1299 3511 1343 astrue-

261 1399 350 1446 re,
394 1381 448 1435 ni
509 1381 687 1447 fallor,
738 1383 860 1436 huic
915 1384 1032 1450 ejus
1061 1383 1206 1435 dicto
1262 1383 1416 1434 fidem
1469 1394 1687 1452 possent
1721 1399 1838 1451 quae
1878 1385 2127 1452 superius
2177 1385 2337 1440 locis.
2371 1385 2535 1437 variis
2602 1384 2666 1436 de
2718 1383 2910 1437 bellica
2964 1382 3134 1448 ipsius
3186 1381 3384 1442 indole,
3442 1381 3508 1434 de

262 1479 465 1530 ardore
495 1490 606 1529 rem
640 1477 874 1546 gerentis
905 1476 955 1528 in
986 1475 1122 1537 acie,
1153 1477 1219 1528 de
1253 1477 1548 1529 constantia
1593 1477 1986 1545 prmsentiaque
2023 1477 2237 1540 mentis,
2267 1490 2331 1530 ac
2360 1476 2538 1544 vigilia
2605 1475 2838 1538 consilii,
2916 1477 2969 1528 in
3035 1483 3232 1528 eventu
3301 1474 3512 1540 pericu-

259 1569 389 1625 love
428 1571 640 1638 quovis,
692 1578 1109 1623 commemorata
1150 1581 1274 1624 sunt
1323 1587 1351 1625 a
1406 1573 1579 1626 nobis.
1613 1571 1834 1637 Verum,
1875 1581 1933 1627 ut
1959 1587 2102 1640 smpe
2129 1573 2327 1626 dictum
2362 1581 2468 1635 est,
2497 1573 2598 1625 hoc
2631 1571 2683 1624 in
2721 1585 2828 1638 quo
2891 1569 3158 1623 narrando
3225 1582 3509 1621 versamur

261 1672 511 1728 tempore
540 1644 854 1730 gestientent
890 1660 940 1712 iu
979 1660 1266 1714 discrimen
1332 1675 1519 1728 pngnm
1588 1662 1902 1717 decretoriae
1937 1665 2166 1732 Augusti
2210 1662 2579 1714 fortitudinem
2638 1661 2878 1728 ejusdem
2924 1660 3185 1728 sapientia
3214 1660 3504 1718 continuit.

261 1753 598 1821 cogitatione
657 1767 719 1803 ac
776 1751 1105 1805 conscientia
1161 1753 1396 1818 suspecti
1451 1752 1694 1820 maleque
1747 1755 1832 1806 fidi
1873 1755 2204 1806 comitatus:
2246 1767 2363 1820 quas
2389 1767 2504 1814 res;
2526 1751 2688 1820 longe
2744 1751 2920 1803 minus
2986 1760 3128 1803 metu
3165 1751 3504 1813 insidiarum,

262 1858 434 1911 quant
495 1841 678 1894 dolore
735 1839 804 1894 ob
861 1851 1097 1907 ereptam
1151 1841 1487 1894 occasionem
1553 1844 1842 1911 probandae
1882 1845 2115 1905 virtutis,
2143 1842 2501 1897 discruciabat
2530 1842 2644 1907 ejus
2671 1840 2928 1894 animum.

337 1929 850 2000 Στενοχωρούμενος
873 1925 964 1981 οὖν
985 1931 1012 1982 ὁ
1038 1929 1364 1997 Βαῖμοῦντος
1394 1932 1500 1984 ἀπό
1524 1949 1579 1983 τε
1617 1933 1851 2001 ὴπείρου
1879 1933 1932 1992 Α

261 2023 365 2077 καὶ
406 2022 722 2089 θαλάττης·
780 2021 874 2070 καὶ
933 2020 1042 2087 γὰρ
1095 2021 1124 2070 ὁ
1165 2020 1262 2088 μὲν
1321 2021 1679 2091 αὐτοκράτωρ
1733 2019 1845 2074 οἷον

260 2115 472 2183 Θεατὴς
507 2113 618 2164 τῶν
651 2112 793 2163 κατὰ
822 2110 918 2180 τὴν
955 2111 1180 2165 πεδιάδα
1205 2114 1298 2165 τοῦ
1342 2113 1642 2183 Ἰλλυρικοῦ
1677 2131 1852 2184 πρατ-

256 2209 516 2276 τομένων
572 2206 836 2274 καθῆστο,
885 2206 990 2256 κάν
1024 2205 1122 2276 ὅλῃ
1157 2203 1301 2274 ψυχῇ
1335 2205 1430 2258 καὶ
1480 2205 1674 2276 γνώμῃ
1706 2223 1849 2274 συμ-

260 2301 455 2367 παρῆν
503 2299 616 2359 τοῖς
659 2295 1024 2366 μαχομένοις,
1087 2297 1177 2347 καὶ
1226 2298 1333 2349 τῶν
1381 2296 1564 2348 αὐτῶν
1619 2296 1849 2358 ἐκείνοις

262 2389 516 2458 ἱδρώτων
548 2389 642 2439 καὶ
692 2388 869 2438 πόνων
919 2388 1169 2455 μετεῖχεν
1211 2388 1260 2438 εί
1295 2389 1367 2453 μή
1409 2403 1512 2438 που
1555 2388 1647 2439 καὶ
1680 2386 1850 2438 πλείω

259 2499 352 2542 τις
390 2479 524 2548 φαίη
552 2518 567 2541 ,
597 2477 862 2546 ἐρεθίζων
913 2476 1049 2546 πρὸς
1087 2478 1382 2546 μάχαςκαὶ
1423 2478 1690 2545 πολέμους
1724 2478 1850 2538 τοὺς

264 2575 419 2627 κατὰ
445 2572 544 2633 τὰς
571 2569 908 2640 ἀκρολοφίας
932 2569 1039 2620 τῶν
1073 2569 1407 2639 κλεισουρῶν
1445 2570 1847 2632 κατατεθέντας

257 2661 568 2730 ἡγεμόνας,
596 2662 687 2712 καὶ
717 2658 1108 2726 ὑπ”ιτιθέμενος
1133 2658 1269 2728 ὅπερ
1289 2659 1332 2688 ⁸⁵
1352 2660 1457 2728 χρή
1482 2660 1848 2728 προσϐάλλειν

254 2757 396 2814 τοῖς,
432 2751 676 2812 Κελτοῖς.
727 2751 785 2803 Ὀ
820 2750 875 2800 δέ.
927 2765 990 2814 γε
1049 2751 1328 2818 Μαριανός
1377 2751 1472 2802 τοῦ
1531 2753 1846 2818 ἁναμεταξῦ

261 2841 680 2911 Λογγιὸαρδίας
726 2842 819 2892 καὶ
873 2840 1170 2910 Ἰλλυριχοῦ
1223 2840 1471 2910 πορθμοῦ
1523 2842 1621 2903 τὰς
1659 2844 1849 2894 κελεύ-

261 2938 396 2996 θους
426 2934 706 3002 ἐπιτηρῶν
733 2934 964 3000 ἀπεῖργε
995 2935 1308 2986 παντάπασι
1334 2935 1458 2996 τοὺς
1480 2935 1690 2988 ἐκεῖθεν
1716 2936 1850 3005 πρὸς

257 3031 360 3080 τὶν
404 3029 699 3094 Ἰλλυρικὴν
765 3025 1175 3096 διαπερῶντας,
1229 3027 1290 3078 οὐ
1327 3027 1675 3096 τριάρμενον,
1729 3028 1850 3080 οὐδὲ

263 3117 612 3186 μυριοφόρον
670 3115 890 3178 ὁλκάδα,
929 3114 1048 3166 οὐδὲ
1104 3113 1440 3183 μυοπάρωνα
1491 3113 1729 3165 ὃίκωπον
1791 3114 1850 3165 τὸ

263 3210 543 3275 παράπαν
581 3206 876 3276 ξυγχωρῶν
914 3207 1047 3276 πρὸς
1074 3205 1164 3257 τὸν
1195 3204 1530 3273 Βαῖμοῦντον
1557 3205 1848 3276 διαπερᾷν.

259 3301 384 3354 Καὶ
444 3298 624 3350 αὐτῶν
683 3297 974 3368 γοῦνα-ὦν
1024 3295 1111 3348 διὰ
1142 3294 1412 3363 θαλάττης
1478 3293 1851 3361 κομιζομένων

258 3391 562 3460 τροφίμων
615 3388 980 3441 ἐκλειπόντων
1039 3387 1223 3454 αὐτῷ,
1261 3386 1491 3438 καὶτῶν
1541 3384 1629 3436 διὰ
1677 3386 1848 3455 ξηρᾶς

243 3480 673 3549 ἐπιτιθεμένων
739 3482 835 3532 συν
886 3477 1155 3548 ἐμπειρίᾳ
1233 3477 1403 3546 πολλῇ
1465 3478 1554 3529 τὸν
1615 3479 1850 3540 πόλεμον

261 3577 426 3643 ἐώρα
455 3572 842 3642 προϐαίνοντα.
880 3570 1150 3638 ὐπηνίκα
1180 3568 1287 3638 γὰρ
1319 3569 1412 3621 τοῦ
1444 3569 1688 3639 χάρακος
1719 3588 1849 3641 χορ-

257 3665 558 3733 τεεγωγίας
593 3665 752 3734 χάριν
803 3661 949 3732 ἐξῄει
987 3679 1070 3724 τις
1107 3662 1138 3732 ἦ
1183 3662 1277 3714 καί
1315 3679 1478 3715 τινων
1505 3666 1848 3735 συγκομιδῶν

260 3762 478 3821 ἄλλων,
534 3759 566 3827 ἦ
633 3758 726 3810 καὶ
778 3758 902 3833 τρὺς
953 3757 1156 3818 ἵππους
1199 3757 1278 3820 είς
1336 3757 1499 3809 ποτὸν
1537 3757 1853 3828 ἐξήλαυνον,

260 3850 596 3907 ἐπετίθεντο
647 3849 860 3911 τούτοις
911 3849 960 3900 οἱ
1019 3848 1280 3917 Ῥωμαῖοι
1320 3850 1571 3912 καὶτοὺς
1603 3851 1856 3912 πῖιείονας

264 3941 536 4010 ἀνῄρουν,
594 3938 670 4001 ὡς
733 3938 874 3992 κατὰ
937 3939 1130 4008 μικρὸν
1184 3939 1242 3990 τὸ
1301 3939 1466 3993 αὐτοῦ
1517 3939 1856 3993 δαπανᾶσθαι

265 4034 625 4101 αράτευμω
662 4029 991 4092 ἀποστείλας
1047 4033 1183 4098 πρὸς
1217 4031 1306 4082 τὸν
1350 4029 1516 4082 δοῦκα
1550 4032 1856 4102 Δυρραχίου

277 4124 532 4188 Ἄλεξιον
559 4124 626 4176 τὰ
664 4122 796 4194 περὶ
829 4123 1054 4192 εἰρήνης
1081 4122 1192 4190 (80)
1223 4123 1498 4192 ἐπερωτᾷ.

2026 1932 2245 1986 lutet-im
2309 1945 2437 1984 vero
2491 1931 2656 1984 miras
2713 1930 2765 1982 in
2826 1929 3104 1998 angustias
3169 1930 3518 1984 arctabantur

1955 2022 2242 2076 Baimundi
2283 2037 2368 2076 res
2405 2040 2420 2074 :
2451 2022 2536 2076 cui
2583 2036 2754 2090 neque
2803 2035 2830 2072 a
2886 2022 3021 2074 mari
3073 2035 3244 2088 neque
3297 2037 3324 2073 a
3377 2032 3516 2075 terra

1951 2116 2244 2183 quidquam
2276 2115 2386 2182 jam
2427 2114 2634 2177 auxilii,
2664 2128 2724 2165 ac
2754 2129 2824 2167 ne
2854 2111 3036 2182 elTugii
3067 2112 3286 2182 quidem
3322 2113 3517 2167 factum

1953 2217 2074 2259 erat
2109 2206 2392 2273 reliquum.
2431 2203 2563 2258 llinc
2612 2206 2906 2272 imperator
2936 2205 3141 2270 aderat,
3188 2204 3383 2258 sedens
3434 2204 3521 2256 ille

1950 2298 2165 2365 quidem
2199 2297 2352 2364 quasi
2390 2304 2668 2364 spectator
2701 2297 2752 2349 in
2779 2298 2956 2349 media
3008 2295 3202 2366 Illyrici
3261 2297 3519 2364 planitief;

1950 2389 2043 2442 sed
2080 2387 2132 2440 in
2161 2402 2380 2450 suorum
2415 2388 2648 2456 undique
2678 2402 2776 2455 per
2803 2388 3091 2440 circuitum
3139 2403 3202 2440 ex
3248 2387 3376 2441 tutis
3431 2402 3521 2438 ar-

1950 2478 2100 2530 cibus
2123 2477 2336 2531 assiduc
2367 2476 2550 2530 Gallos
2581 2477 2974 2530 incursantium
3025 2477 3220 2530 animis
3267 2486 3320 2530 et
3358 2490 3523 2529 cona-

1951 2569 2116 2629 tibus,
2147 2568 2490 2621 auctoritatis
2525 2567 2574 2620 vi
2607 2567 2838 2636 quadam
2871 2568 2978 2619 late
3033 2566 3172 2629 fusa,
3210 2568 3422 2620 cunctis
3453 2582 3518 2620 ex

1937 2658 2200 2727 .partibns
2237 2673 2352 2712 rem
2391 2672 2529 2712 unus
2569 2673 2782 2726 gerens.
2828 2658 2979 2710 Adeo
3020 2671 3292 2724 nunquam
3337 2657 3524 2709 remit-

1954 2759 2072 2802 tens
2102 2748 2397 2812 contentio,
2430 2761 2702 2817 nunquam
2743 2745 3044 2801 cenniveus
3077 2746 3256 2817 vigilia
3289 2747 3522 2814 impera-

1954 2845 2105 2897 torire
2162 2842 2537 2912 providentiae,
2588 2843 2641 2895 in
2686 2841 2985 2901 mittendis,
3040 2837 3379 2901 revocandis,
3432 2837 3526 2888 ad-

1951 2937 2275 3000 hortandis,
2329 2934 2682 2991 admonendis
2735 2933 3001 2994 ducibus,
3061 2931 3360 2994 militibus,
3427 2929 3519 2998 qui

1951 3031 2180 3084 vertices
2210 3032 2496 3094 montium,
2535 3028 2629 3096 qui
2663 3027 2831 3080 valles
2872 3035 3152 3094 angustas,
3200 3023 3292 3091 qui
3327 3032 3522 3076 caatera

1952 3139 2046 3192 per
2075 3121 2364 3177 circuitum
2398 3120 2653 3188 disposita
2685 3117 2932 3187 praesidia
2963 3117 3241 3176 tenebant,
3274 3115 3514 3176 labores,

1955 3219 2200 3280 smlores,
2233 3224 2461 3270 conatus
2491 3213 2824 3282 singulorum
2875 3220 3041 3278 atque
3075 3207 3314 3262 omnium
3355 3205 3524 3271 impe-

1959 3308 2154 3360 ratoris
2209 3306 2455 3376 proprios
2518 3304 2684 3372 ipsius
2725 3301 3020 3355 faciebant.
3078 3297 3254 3350 Nihilo
3303 3293 3526 3361 segnius

1958 3399 2254 3450 curabatur
2292 3396 2562 3448 maritima
2612 3409 2720 3447 res.
2773 3391 3084 3445 Excubabat
3121 3388 3188 3441 ab
3236 3389 3336 3440 hac
3371 3393 3528 3454 parte

1958 3487 2186 3541 Mariani
2218 3488 2370 3540 ducis
2405 3485 2654 3540 acerrimi
2711 3485 2970 3536 adversus
3005 3489 3147 3534 artes
3191 3477 3395 3546 pariter
3439 3490 3530 3526 co-

1957 3592 2219 3650 natusque
2254 3593 2443 3633 omnes
2472 3576 2899 3646 impenetrabilis
2935 3572 3219 3636 custodia;
3251 3570 3323 3622 ita
3345 3575 3528 3635 partes

1955 3673 2226 3740 callesque
2269 3670 2388 3724 freti
2422 3670 2565 3737 quod
2600 3667 2804 3721 Italiam
2835 3675 2887 3719 et
2935 3663 3199 3734 Illyricum
3248 3657 3530 3726 interiacet

1961 3765 2240 3817 universas
2261 3763 2566 3829 ohsepieus,
2597 3769 2652 3813 ιιι
2678 3775 2782 3812 non
2815 3755 3037 3810 firmiori
3071 3753 3226 3808 trinis
3249 3751 3526 3803 instructa:

1960 3856 2095 3909 velis
2121 3856 2243 3907 navi
2273 3854 2510 3918 Gallicae,
2566 3869 2669 3906 non
2723 3851 3008 3912 onerariae,
3057 3862 3162 3900 non
3211 3838 3528 3913 myoparoni

1965 3961 2236 3999 remorum
2265 3947 2425 3998 duum
2460 3944 2710 4012 trajicere
2756 3943 2877 3994 illac
2912 3941 2980 3994 ad
3025 3947 3202 3992 castra
3244 3930 3527 3987 Baimundi

1961 4034 2070 4089 ullo
2101 4034 2260 4088 modo
2296 4033 2505 4088 liceret.
2537 4030 2746 4084 Arctari
2781 4046 2911 4099 ergo
2943 4030 2994 4082 in
3030 4028 3145 4081 dies
3171 4040 3404 4086 annona,
3435 4021 3530 4074 de-

1959 4127 2173 4181 ﬁciente
2205 4133 2448 4181 corneatu
2477 4124 2764 4187 maritimo,
2798 4138 2826 4175 a
2852 4134 2991 4176 terra
3021 4135 3150 4174 vero
3176 4119 3284 4188 jam
3317 4119 3390 4171 ita
3424 4133 3528 4172 nn-

269 4221 445 4286 dlque
479 4217 753 4271 admmeri
785 4216 1114 4286 oppugnatio
1156 4216 1354 4269 dudum
1387 4215 1622 4269 obsessis
1665 4217 1856 4271 castris

1957 4217 2138 4280 dlicis.
2177 4227 2234 4272 ut
2270 4217 2350 4270 vel
2392 4216 2658 4271 tantillum
2725 4213 2989 4284 prodiisse
3033 4210 3170 4264 vallo
3236 4195 3525 4278 pabulandi

266 4328 443 4366 causa
471 4313 693 4382 impune
723 4329 826 4365 non
869 4323 1030 4375 esset,
1067 4312 1454 4365 [lotnanistam
1539 4313 1758 4366 assidue
1823 4314 2251 4380 inminentibus,
2317 4311 2482 4382 399
2526 4320 2673 4364 tanta
2703 4321 2820 4365 arte
2872 4309 3191 4374 rationeque
3273 4318 3382 4356 rem
3429 4314 3522 4368 ge.

269 4406 547 4468 rentibus,
580 4416 637 4459 nt
670 4416 721 4460 et
746 4421 960 4473 semper
993 4406 1087 4472 ipsi
1126 4406 1319 4458 suhitis
1353 4406 1682 4470 incursibus,
1712 4415 1854 4476 temp

1966 4409 2049 4462 vis
2121 4406 2448 4476 receptibus,
2525 4405 2641 4459 sine
2702 4419 2801 4458 suo
2851 4400 3088 4471 periculo
3124 4407 3406 4462 nocerent;
3474 4401 3528 4447 et

266 4499 446 4554 Gallis
483 4497 683 4550 nullam
718 4497 1055 4549 occasionem
1103 4496 1416 4548 exercendae
1483 4495 1717 4556 virtutis,
1805 4497 2005 4549 nullam
2071 4512 2218 4566 spem
2254 4496 2545 4550 evadendas
2583 4493 2908 4548 calamitatis
2940 4491 3200 4560 reliquam
3268 4486 3528 4540 facerent.

266 4589 450 4657 Quisi
477 4587 559 4642 vel
583 4589 646 4642 ad
683 4599 862 4656 potum
891 4603 1058 4656 equos
1081 4589 1314 4640 educere
1379 4587 1642 4643 auderent
1707 4589 1924 4654 castris,
1966 4589 2237 4644 Romanos
2289 4603 2319 4643 e
2377 4588 2643 4657 prmsidiis
2674 4583 2937 4655 proximis
2972 4585 3113 4639 haud
3145 4582 3305 4636 dubie
3348 4579 3531 4633 iocur.

268 4692 466 4734 sautcs
499 4680 869 4748 patiebantur,
905 4679 1252 4732 creberrimis
1281 4693 1540 4747 equormn
1573 4680 1921 4750 virorumque
1990 4684 2395 4752 captivitatibus
2458 4695 2552 4738 aut
2633 4685 2888 4738 caedibus.
2940 4680 3122 4735 Sensit
3200 4674 3529 4732 Baimundtts

264 4769 681 4825 ineluctabilem
719 4769 828 4820 vim
860 4771 1004 4830 mali,
1034 4771 1293 4838 carpique
1345 4771 1545 4824 sensim
1584 4787 1648 4826 ac
1696 4773 2082 4842 colliqucscere
2113 4775 2321 4828 iteratis
2385 4776 2437 4829 in
2467 4777 2627 4829 horas
2684 4774 2897 4828 damnis
2955 4771 3256 4826 exercitum
3315 4765 3527 4821 videns.

265 4868 338 4917 a-I
372 4873 680 4916 extremum
707 4876 774 4914 eo
805 4861 1043 4931 confugit
1076 4873 1134 4916 ut
1202 4862 1382 4916 missis
1441 4865 1507 4916 ad
1567 4864 1810 4918 Alexiutn
1858 4867 2074 4920 dnecur
2116 4866 2437 4936 Dyrrhachii
2467 4867 2674 4935 legatis,
2711 4865 3042 4919 mentionem
3077 4861 3224 4930 pacis
3269 4859 3416 4927 prior
3447 4855 3532 4908 in-

270 4959 465 5008 inerret,

2034 5051 2144 5100 Szh
2199 5050 2246 5098 id
2305 5059 2512 5114 tempus
2564 5047 2860 5098 Gulielmus
2915 5045 3171 5101 Claretas,
3224 5032 3526 5104 pra-nobilis

1967 5144 2106 5194 inter
2140 5139 2317 5191 Gallos
2355 5141 2579 5190 comites
2612 5137 2699 5202 qui
2729 5150 2849 5187 cum
2882 5131 3174 5186 Bainmndo
3206 5126 3526 5182 militabant,

358 5050 516 5102 Ἐπεὶ
555 5050 613 5100 δὲ
641 5049 734 5101 καὶ
759 5043 838 5111 εἷς
870 5066 953 5110 τις
985 5049 1212 5119 εὐγενὴς
1241 5050 1348 5102 τῶν
1381 5050 1473 5103 τοῦ
1506 5053 1853 5122 Βειῐμούντου
1886 5063 1925 5114 C

271 5137 537 5203 κομὴτων
564 5136 854 5206 Γελίελμος
885 5139 913 5189 ὁ
952 5138 1232 5209 Κλαρὲλης
1279 5141 1390 5209 (8|)
1433 5141 1580 5210 ἑώρα
1617 5143 1675 5193 τὸ
1703 5142 1850 5194 ἆπαν

1351 5251 1544 5313 Variae
1578 5251 1877 5313 lectiones
1912 5268 1986 5312 ex
2026 5249 2162 5308 cod.
2204 5245 2469 5307 Coislin.

345 5351 392 5383 ε*
409 5352 582 5410 ὅπως.

1354 5463 1492 5522 Car.
1530 5459 1854 5518 Dufresnii
1907 5459 1998 5517 Du
2039 5455 2252 5532 Cangii
2286 5464 2472 5515 notae.

1975 5585 2160 5635 mitun
2213 5582 2503 5634 Bocmundi
2542 5580 2602 5629 all
2633 5578 2880 5631 Alcxium
2936 5573 3230 5629 defectione
3281 5571 3530 5622 Albertns

1973 5659 2050 5714 .‘tq
2113 5655 2200 5704 lib.
2240 5669 2290 5708 ς,
2326 5665 2445 5714 cap.
2477 5650 2610 5701 ﬁet
2640 5649 2748 5714 4.ι;
2779 5657 2833 5701 et
2865 5646 3150 5698 (irdericus
3189 5641 3316 5714 loco
3341 5640 3526 5714 citato.

1976 5704 2134 5774 Addit
2191 5704 2441 5772 Albcrttis
2487 5704 2815 5771 \V"lle-ltttittn
2869 5714 3068 5776 Clarct,
3114 5711 3200 5779 qui
3250 5704 3530 5777 Κλαρέλςις

352 5593 462 5657 (Sili
517 5591 591 5644 Τὰ
647 5587 780 5657 περὶ
832 5587 1093 5655 simia-17¢.
1146 5587 1452 5648 Ortlericuc,
1506 5586 1599 5638 lib.
1643 5601 1702 5657 μ’
1742 5600 1862 5653 pug.

273 5655 408 5728 trgi;
447 5655 876 5725 Alw-rtus'Aqu.
912 5660 1002 5710 lib.
1032 5675 1081 5710 κ.
1107 5673 1237 5728 cup.
1270 5657 1359 5717 41,
1391 5659 1478 5714 ιίὲί.
1515 5657 1603 5716 45,
1634 5655 1720 5706 lli.

348 5725 462 5801 (3!)
500 5729 828 5796 Γελιέλμος
861 5729 893 5780 ὁ
927 5725 1251 5794 K.f(1[é.iﬂf.
1313 5730 1487 5794 Agunt
1547 5727 1608 5776 de
1648 5728 1744 5776 huc
1774 5739 1861 5773 co-
