3992 6278
228 354 313 416 997
961 401 966 406 .
1401 307 1816 437 ALExums
1854 359 2002 418 LIB.
2044 361 2217 422 xm.

3358 367 3464 432 998
3493 411 3496 414 ‹

217 464 358 517 αὑτὶν
383 461 478 514 τοῦ
507 459 846 539 Βαῖμούντιῃ
897 459 1315 530 ἀπαγγέλλοντα
1353 461 1590 518 ἐλευσιν.
1626 467 1775 520 Ἐπεὶ

1888 472 2040 523 ruina
2070 471 2332 541 prmcipiti
2371 473 2436 527 ad
2468 480 2678 529 certum
2713 474 2938 532 exitium
2970 478 3156 534 velim.
3196 479 3277 534 Ad
3331 478 3470 552 Dyr-

216 559 264 608 δὲ
290 553 448 624 ἀγχοῦ
489 554 586 623 τῆς
611 553 896 625 βασιλικῆς
923 553 1168 622 ἐγεγόνει
1195 558 1399 626 σκηνῆς
1425 574 1566 626 παρε
1578 557 1781 610 σκεύα-

217 666 298 700 στο
325 651 416 701 καὶ
459 647 528 700 τὰ
568 647 668 715 τῆς
718 645 882 700 αὐτοῦ
915 645 1379 716 ὑπαντῆς,καθὼς
1426 651 1475 701 οἱ
1523 650 1783 718 πρέσῦεις

215 741 370 810 τούτῳ
426 739 734 792 συνέθεντο.
777 738 1130 820 Εἰσελθᾴντος
1171 739 1227 792 δὲ
1277 739 1492 806 τούτου,
1527 741 1784 804 ἐκτείνας

214 834 302 903 τὴν
347 835 508 902 χεῖρα
542 834 569 884 ὁ
606 831 860 898 βασιλεὺς
909 831 1006 884 καὶ
1070 831 1171 901 τῆς
1220 833 1434 886 ἐκείνου
1501 834 1786 904 ἁψάμενος

213 924 399 992 χειρὸς,
435 925 527 974 καὶ
550 923 648 983 τὴν
701 921 909 992 συνήοη
943 924 1058 984 τοῖς
1093 920 1376 991 βασιλεῦσι
1410 926 1787 994 προσαγόρευ-

215 1037 291 1071 σιν
320 1019 708 1088 ποιησάμενος,
757 1018 924 1086 ἐγγὺς
954 1017 1048 1070 τοῦ
1073 1017 1360 1088 βασιλικοῦ
1395 1021 1784 1091 παρεστήσατο

213 1109 412 1178 θρόνου.

1888 563 2239 619 rbacbieuses
2269 581 2399 635 ergo
2431 565 2830 635 Enphorbcuus
2858 571 3045 626 adiens
3086 576 3337 626 mandata
3389 576 3469 628 eis

1887 669 2006 722 quae
2033 656 2098 710 ad
2135 657 2278 725 ipsos
2315 657 2550 713 habebat
2573 659 2916 728 imperatoris
2948 663 3233 729 exposuit;
3268 667 3469 719 audere

1887 746 2034 814 ipsos
2065 746 2132 802 de
2165 758 2361 803 caetero
2395 765 2459 806 ac
2487 751 2690 819 optimo
2731 754 2914 806 animo
2958 769 3078 809 esse
3126 756 3341 824 juheus.
3377 756 3466 810 Ιιιυ

1887 841 2183 910 terrogavit
2241 843 2435 897 deinde
2492 845 2732 899 vicissim
2790 863 2896 914 quo
2951 863 3035 902 res
3106 865 3296 909 eorum
3352 850 3470 903 loco

1894 942 2113 998 essent;
2151 945 2205 989 et
2242 944 2302 989 ut
2332 947 2478 991 recte
2509 938 2708 994 habere
2737 943 2915 996 omnia
2945 943 3225 1009 comperit.
3255 935 3470 996 Summo

1892 1027 2122 1081 consilio
2195 1028 2541 1098 maximaque
2605 1034 2938 1098 providentia
3003 1043 3113 1088 toto
3173 1035 3469 1090 obsidionis

1892 1124 2133 1186 tempore
2166 1119 2597 1178 administratam
2634 1124 2775 1191 apud
2809 1123 2929 1180 illos
2982 1125 3150 1183 fuisse
3188 1121 3460 1194 publicam

207 1217 334 1265 rem,
367 1205 646 1257 abundare
674 1205 849 1258 adhuc
877 1203 1007 1272 ipsis
1033 1202 1100 1256 ad
1138 1203 1334 1257 victum
1411 1220 1475 1258 ac
1546 1204 1666 1259 belli
1698 1221 1850 1259 usum
1895 1222 2016 1276 quae
2085 1224 2222 1279 Opus
2272 1222 2490 1278 essent,
2545 1226 3000 1284 contemnereque
3066 1222 3282 1274 eosdem
3330 1209 3470 1275 nunc

212 1297 434 1347 maxime
481 1309 544 1348 ac
593 1294 751 1362 plane
803 1295 952 1348 nihili
1007 1293 1207 1350 ducere
1269 1296 1546 1350 machinas
1589 1311 1777 1350 omnes
1818 1309 2156 1369 conatusque
2221 1301 2530 1370 Baimuudi,
2573 1308 2816 1362 cumbis
2847 1309 2912 1362 atl
2967 1310 3324 1365 Baimundum
3382 1328 3469 1366 re—

206 1386 295 1436 diit
342 1387 429 1453 qui
479 1387 591 1455 jam
639 1389 982 1442 commodum
1034 1403 1128 1442 sua
1183 1399 1366 1443 castra
1421 1389 1771 1444 transtulerat
1811 1406 1932 1445 eum
1967 1393 2018 1446 in
2055 1395 2226 1449 locum
2258 1399 2322 1450 de
2359 1414 2464 1467 quo
2497 1399 2671 1453 fuerat
2703 1402 2852 1468 prius
2931 1417 3054 1455 eum
3099 1403 3243 1457 inter
3331 1403 3473 1472 lcga-

205 1483 386 1538 tusilue
421 1485 768 1533 cauveulum.
804 1478 938 1532 lluic
970 1494 1028 1533 se
1069 1479 1378 1549 adjungens
1412 1480 1809 1548 Euphorbenus
1851 1484 1956 1537 iter
2022 1488 2260 1554 capessit
2309 1490 2373 1542 ad
2424 1491 2769 1559 imperatoris
2840 1503 3038 1557 castra,
3125 1494 3296 1547 tribus
3351 1493 3472 1554 aliis

205 1567 360 1619 οοιεὲἰδ
414 1569 546 1633 suis,
589 1571 738 1636 prius
801 1569 1012 1638 legatis,
1106 1587 1248 1626 nunc
1333 1572 1635 1636 obsidibus,
1692 1582 1847 1640 prout
1889 1584 2004 1627 erat
2029 1579 2406 1644 constitutum,
2439 1583 2488 1634 in
2543 1580 2662 1637 Gidi
2713 1594 2977 1651 potestate
3028 1585 3254 1640 relictis.
3302 1585 3472 1639 Porro

203 1659 313 1727 ipse
356 1661 467 1725 jam
549 1676 778 1731 pergens
836 1662 1099 1730 praemisit
1151 1665 1214 1716 ad
1277 1664 1575 1732 Augustum
1614 1678 1658 1717 e.
1695 1663 1779 1716 via
1820 1663 2121 1721 Manuelem
2155 1668 2438 1725 Modeuum
2470 1672 2872 1729 hominemsibi
2945 1675 3265 1730 ﬁdissimum
3337 1692 3473 1730 nun.-

206 1753 330 1806 tium
360 1754 627 1808 adventus
683 1753 1006 1820 Baimuudi;
1092 1755 1182 1823 qui
1236 1755 1324 1810 ubi
1379 1758 1446 1809 ad
1495 1764 1701 1810 certum
1785 1756 1852 1809 ab
1893 1757 2171 1827 Augustali
2246 1764 2479 1830 spatium
2539 1777 2824 1834 provectus
2881 1770 3058 1822 eundo
3115 1780 3217 1832 est,
3281 1767 3470 1829 obvios

200 1845 549 1915 habuitjuxta
583 1856 738 1914 pacta
771 1858 1036 1903 conventa
1062 1849 1356 1903 familiares
1439 1835 1805 1917 imperatoris.
1890 1848 2091 1907 Deinde
2159 1853 2492 1915 Baimundus
2565 1861 2890 1924 admittitur,
2947 1862 3188 1931 Augusto
3245 1871 3467 1918 extensa

201 1957 358 1994 manu
433 1955 528 1994 sua
579 1956 794 1994 manum
842 1941 960 2010 ejus
1007 1943 1390 2010 prehendente,
1457 1946 1628 2013 iisque
1680 1960 1800 1996 eum
1863 1947 2044 2002 verbis
2100 1964 2164 2004 ac
2219 1953 2377 2006 modo
2410 1953 2681 2009 salutaute
2714 1971 2820 2024 quo
2864 1957 3217 2026 imperat-ores
3270 1962 3448 2018 solent

199 2047 317 2086 mox
355 2031 809 2086 etianninvitaute
830 2043 890 2086 ut
927 2047 1094 2103 prope
1129 2035 1537 2103 imperatorium
1568 2043 1775 2102 astarct
1817 2036 2036 2094 solium.

267 2119 372 2175 Ἦν
427 2122 482 2174 δὲ
512 2121 754 2186 τοιοῦτος
785 2125 813 2176 ὁ
846 2123 986 2193 ἀνὴρ
1037 2118 1175 2188 οἷος,
1215 2124 1290 2187 ὡς
1333 2124 1526 2195 βραχεῖ
1558 2124 1658 2194 μὲν
1694 2125 1774 2177 εί-
1807 2125 1850 2184 Β

198 2218 339 2277 πεῖν,
366 2215 541 2280 οὐδεὶς
570 2215 690 2268 κατ’
715 2217 922 2269 ἐκεῖνον
956 2215 1112 2285 ὤφθη
1145 2217 1201 2267 ὲν
1234 2219 1299 2286 τῇ
1337 2217 1445 2268 τῶν
1485 2215 1774 2283 Ῥωμαίων

195 2310 290 2376 γῇ,
351 2305 473 2359 οὔτε
539 2305 814 2376 βάρϐαρος
873 2305 998 2359 οὒτε
1030 2307 1268 2375 Ἕλλην·
1323 2306 1532 2376 θάμϐος
1572 2307 1682 2376 γὰρ
1710 2302 1778 2376 ἦν

193 2397 484 2465 ὀφθαλμῶν
503 2396 771 2467 ὁρώμενος
794 2397 888 2450 καὶ
907 2415 978 2466 φη
989 2398 1300 2466 μιξάμενος,
1318 2397 1578 2466 ἔκπληξις
1605 2415 1778 2460 κατα-

197 2491 360 2560 μέρος
411 2489 466 2540 δὲ
515 2489 828 2558 ὑπογράψαι
857 2490 919 2541 τὸ
947 2488 1043 2540 τοῦ
1081 2488 1362 2560 βαρϐάρου
1389 2487 1550 2551 εἶδος.
1597 2487 1780 2542 Τοιόσο

192 2582 250 2633 δε
321 2579 530 2649 μακρὸς
566 2575 632 2649 ἦν
663 2582 762 2648 τὴν
824 2580 1137 2651 ἀναδρομὴν
1192 2579 1287 2633 τοῦ
1345 2579 1601 2649 σώματος
1635 2581 1778 2634 ὥστε

197 2675 276 2735 είς
311 2674 488 2742 πῆχυν
521 2672 616 2723 Eva
659 2672 857 2743 μικροῦ
892 2673 1016 2734 τοὺς
1062 2672 1438 2742 μακροτάτους
1474 2672 1776 2742 ὑπερελαύ-

195 2782 330 2830 νειν,
358 2763 459 2833 τὴν
493 2764 736 2832 γαστέρα
771 2764 1216 2833 συνεσταλμένος
1259 2765 1353 2817 καὶ
1381 2766 1508 2828 τοὺς
1536 2765 1583 2797 ⁸⁸
1608 2765 1773 2833 λαγό-

199 2873 316 2916 νας,
359 2855 451 2906 καὶ
486 2856 609 2915 τοὺς
641 2853 825 2923 ὤμους
851 2854 1017 2923 εὐρύς
1055 2870 1069 2884 °
1101 2856 1286 2908 καὶτὰ
1316 2857 1516 2926 στέρνα
1567 2856 1776 2914 πλατὺς

196 2948 291 2998 καὶ
324 2949 450 3009 τοὺς
482 2945 778 3015 βραχίονας
799 2945 1091 3015 κρατερός·
1131 2947 1226 3000 καὶ
1257 2948 1356 3016 τὴν
1382 2947 1509 3017 ὃλην
1536 2948 1648 3014 ἕξιν
1679 2947 1774 3002 τοῦ

196 3039 448 3106 σώματος
482 3035 604 3089 οὔτε
633 3038 1100 3106 περιεπτισμένος
1118 3038 1186 3101 ⁸⁸,
1216 3037 1340 3091 οὗτε
1385 3039 1774 3110 περιϐριθόμεω

195 3148 282 3191 νος
311 3132 430 3193 ταῖς
466 3129 658 3194 σαρξὶν
677 3129 742 3192 ⁸⁸,
780 3129 896 3181 ἀλλ’
921 3129 995 3192 ὼς
1033 3131 1232 3200 ἄριστα
1262 3133 1630 3202 κεκραμένος,
1677 3131 1775 3186 καὶ

191 3213 304 3274 οἷον
331 3223 508 3272 εἰπεῖν
537 3221 679 3273 κατὰ
709 3221 799 3273 τὸν
829 3220 1238 3274 Πολυκλείτειον
1308 3223 1509 3276 κανόνα
1538 3224 1773 3292 ἐνηρμο-

193 3317 393 3383 σμένος
431 3333 445 3346 ο
476 3317 576 3379 τὰς
600 3318 789 3385 χεῖρας
817 3315 976 3387 ᾁδρὸς
1006 3315 1231 3369 καὶτῶν
1257 3315 1434 3368 ποδῶν
1463 3316 1559 3377 τὰς
1588 3315 1775 3384 βάσεις

195 3409 449 3480 στερρός·
480 3407 571 3459 καὶ
595 3409 687 3459 τὸν
707 3408 907 3478 αὐχένα
935 3409 1025 3461 καὶ
1050 3409 1120 3462 τὰ
1153 3409 1468 3477 μετάφρενα
1497 3406 1768 3475 εὐπαγὴς.

1951 2126 2001 2180 ls
2030 2129 2113 2182 vir
2141 2130 2252 2196 cui,
2282 2140 2338 2184 ut
2390 2132 2564 2187 multa
2597 2134 2782 2203 paucis
2826 2149 3074 2203 comgam
3097 2177 3112 2202 ,
3148 2137 3353 2192 nullum
3402 2154 3467 2194 ea

1881 2225 2204 2289 tempestate
2261 2240 2437 2293 neque
2480 2226 2728 2280 Graecum
2776 2241 2952 2295 neque
3009 2227 3304 2283 Barbarum
3359 2231 3468 2284 Ro-

1877 2325 2035 2365 mana
2065 2322 2204 2367 terra
2235 2330 2421 2383 parem
2445 2318 2609 2374 vidit:
2636 2318 2790 2384 cujus
2860 2318 3016 2372 fama:
3074 2320 3315 2388 ingenti,
3357 2337 3465 2390 qua

1887 2401 1996 2456 late
2041 2405 2229 2471 procul
2285 2407 2613 2474 percellebat
2666 2410 2881 2464 animos
2906 2449 2920 2475 ,
2953 2413 3162 2478 species
3187 2417 3464 2481 prmseutis

1879 2491 2218 2547 admirabilis
2281 2496 2495 2565 rapiens
2517 2512 2699 2551 coram
2729 2499 2915 2554 oculos
2941 2508 3129 2556 exacte
3161 2505 3465 2569 responde-

1879 2584 1992 2647 bat,
2021 2583 2186 2657 404
2216 2587 2340 2642 talis
2367 2587 2482 2643 fere
2523 2600 2742 2658 aspectu
2776 2607 2840 2647 ac
2892 2591 3067 2647 forma
3121 2594 3243 2648 fuit.
3281 2595 3466 2664 Longo

1879 2677 2134 2743 surgebat
2160 2692 2394 2734 excursu
2420 2690 2626 2736 statura
2655 2686 2934 2754 corporis,
2974 2686 3108 2740 adeo
3153 2696 3212 2740 ut
3266 2704 3462 2758 proce-

1879 2767 2125 2825 rissimos
2158 2787 2400 2840 quosque
2431 2791 2540 2830 uno
2565 2775 2738 2832 ferme
2761 2777 2921 2832 altior
2951 2780 3134 2836 cubito
3176 2789 3464 2838 transcen-

1878 2857 2051 2915 deret.
2097 2861 2354 2919 Ventrem
2380 2875 2436 2920 et
2478 2867 2572 2920 ilia
2609 2869 2939 2923 contractior
2963 2912 2976 2937 ,
3011 2871 3154 2926 latus
3184 2873 3465 2940 humeros.

1879 2953 2117 3022 spatioso
2139 2967 2194 3010 et
2224 2968 2505 3026 coaequato
2531 2970 2770 3029 pectore,
2799 2964 3016 3018 lacertis
3067 2975 3310 3032 torosus;
3350 2976 3460 3021 tota

1877 3044 2122 3112 corporis
2169 3046 2483 3102 habitudine
2507 3064 2608 3104 nec
2640 3053 2900 3119 strigosa,
2937 3069 3034 3107 nec
3057 3068 3281 3123 gravata
3313 3055 3460 3112 llum

1877 3134 2141 3200 carnium,
2175 3137 2266 3191 sed
2299 3138 2504 3207 optimo
2565 3140 2709 3193 inter
2745 3141 3066 3197 obesitatem
3127 3153 3179 3197 et
3227 3150 3458 3203 maciem

1881 3231 2327 3293 temperamento,
2357 3227 2504 3281 velut
2551 3227 2806 3300 Polycleti
2857 3246 3018 3284 manu
3064 3232 3344 3302 cujusdam
3392 3253 3458 3292 ex

1879 3311 1995 3366 idea
2037 3314 2540 3381 praecellentissima:
2568 3319 2702 3371 artis
2739 3318 2895 3372 ﬁctus
2939 3331 3100 3389 atque
3157 3330 3451 3381 tornatus:

1879 3405 2198 3474 majusculis
2223 3417 2276 3460 et
2300 3422 2463 3462 succo
2497 3409 2674 3464 vivido
2728 3411 2917 3465 solidis
2965 3414 3250 3480 manibus;
3312 3425 3458 3474 recte

199 3463 597 3569 ’Υτέοκεκυφὼς
618 3499 673 3551 δὲ
705 3499 946 3568 μετρίως
979 3497 1053 3568 τῷ
1106 3499 1348 3568 ἁκριὸῶς
1375 3499 1541 3552 αὑτὸν
1598 3516 1766 3570 περι-

1879 3463 2118 3554 fon-datis
2146 3500 2374 3568 pedibus
2397 3511 2450 3554 et
2483 3501 2702 3556 robuste
2729 3503 3018 3572 vestigium
3050 3507 3454 3576 obtinentibus;

188 3591 552 3661 εργαζομὲνῳ
599 3591 854 3658 ἐφαίνετο
879 3606 892 3618 ·
923 3590 983 3642 οὐ
1015 3590 1124 3642 τῶν
1156 3591 1422 3643 νωτιαίων
1456 3591 1773 3646 σπονδύλων

183 3700 239 3734 τι
275 3680 627 3734 πεπονθότων
673 3681 770 3748 τῆς
837 3681 1069 3750 ῥάχεως,
1097 3678 1210 3733 ἀλλ’
1243 3679 1389 3733 οὕτω
1446 3679 1684 3752 μετρίως
1711 3683 1774 3738 ἐκ

182 3769 440 3842 γενετῆς,
471 3773 544 3833 ὡς
580 3771 747 3837 ἔοικε,
782 3771 877 3839 τὴν
899 3771 1188 3825 διάπλασιν
1222 3774 1441 3844 ἔσχηκε.
1471 3773 1544 3826 Τὸ
1574 3774 1774 3844 χρῶμα

183 3868 287 3919 καὶ
339 3867 399 3918 τὸ
429 3865 558 3917 ἄλλο
611 3865 706 3933 μὲν
739 3864 899 3934 σῶμα
924 3866 1271 3931 λευκότατον,
1297 3865 1358 3918 τὸ
1392 3865 1447 3918 δὲ
1474 3866 1772 3936 πρόσωπον

187 3955 334 4024 μετὰ
375 3955 468 4007 τοῦ
526 3952 724 4005 λευκοῦ
747 3954 1072 4024 ἐπυρσοῦτο,
1093 3957 1187 4006 καὶ
1219 3953 1420 4024 ὴκόμη
1450 3952 1772 4020 ὑπόξανθος,

182 4045 303 4098 ἀλλ’
333 4045 604 4114 οὐμενοῦν
667 4045 830 4115 μέχρι
866 4044 973 4096 τῶν
1020 4044 1380 4114 μεταφρένων
1419 4045 1772 4115 αἰωρουμένη

182 4139 337 4190 κατὰ
386 4138 515 4199 τοὺς
573 4136 768 4198 ἄλλους
834 4136 1181 4206 Βαρϐάρους·
1241 4137 1300 4188 οὐ
1332 4135 1442 4207 γάρ
1478 4137 1774 4208 ὲτριχομά-

185 4249 274 4284 νει
308 4230 421 4300 (87)
451 4232 477 4282 ὁ
502 4229 662 4300 ἀνὴρ,
695 4226 832 4282 ἀλλὰ
888 4228 1115 4300 κουρίας
1136 4224 1204 4298 ἦν
1253 4229 1413 4298 μέχρι
1451 4229 1560 4284 τῶν
1593 4228 1770 4286 ὢτων.

184 4326 266 4378 Τὸ
293 4323 351 4376 δὲ
377 4324 585 4390 γένειον
613 4322 718 4375 εἴτε
748 4321 954 4390 πυρσὸν
994 4323 1102 4375 εἴτε
1134 4322 1266 4376 ἄλλο
1299 4341 1350 4375 τι
1377 4323 1572 4394 χρῶμα
1601 4319 1771 4394 εἶχεν,

174 4417 286 4471 οὐκ
323 4416 434 4486 ἔχω
473 4413 655 4482 λέγειν
688 4430 702 4444 ·
725 4415 752 4466 ὁ
777 4412 936 4482 ξυρὸς
962 4411 1070 4482 γὰρ
1090 4414 1132 4444 ³⁷
1181 4414 1477 4484 ἐπεξῆλθεν
1517 4415 1645 4468 αὐτὸ
1675 4415 1773 4468 καὶ

173 4509 407 4561 τιτάνου
465 4505 661 4568 παντὸς
726 4504 1119 4573 ἀκριϐέστερον
1143 4518 1158 4533 ο
1197 4505 1368 4560 ἐδόκει
1422 4506 1465 4558 δ’
1506 4506 1597 4560 οὖν
1632 4504 1772 4566 εἶναι

171 4602 277 4655 καὶ
330 4599 490 4651 τοῦτο
553 4598 777 4666 πυρσόν.
833 4595 905 4650 Τὺ
964 4594 1182 4665 βλέμμα
1232 4597 1468 4664 γλαυκὸν
1518 4601 1614 4652 καὶ
1654 4601 1772 4669 ἅμα

171 4693 366 4764 θυμὸν
393 4695 487 4745 καὶ
525 4689 846 4760 ἐμϐριθειαν
866 4689 1260 4757 ὑποσημαίνον.
1305 4690 1410 4742 Καὶ
1443 4691 1476 4760 ἡ
1512 4693 1595 4760 ῥὶς
1621 4691 1770 4763 αὐτῷ

1875 3590 2105 3645 cervicis
2141 3607 2527 3662 armorumque
2567 3605 2686 3663 apta
2721 3610 3048 3666 compages,
3073 3606 3126 3652 et
3163 3609 3272 3653 tum
3309 3603 3456 3658 succi

1875 3683 2054 3751 plena.
2085 3694 2196 3739 tum
2222 3686 2520 3756 dignitatis.
2559 3687 2762 3744 Trunci
2803 3699 2976 3745 status
3003 3731 3018 3755 ,
3052 3692 3094 3746 si
3127 3694 3247 3761 quis
3277 3703 3457 3750 atten-

1875 3773 2029 3829 deret
2055 3775 2345 3835 curiosius.
2380 3791 2410 3829 e
2441 3776 2746 3831 rectissimo
2793 3777 3040 3834 inclinari
3091 3781 3360 3852 paulisper
3400 3785 3453 3839 in

1873 3881 2104 3936 pronum
2145 3866 2428 3920 videbatur
2463 3884 2476 3920 :
2510 3883 2613 3922 non
2645 3868 2752 3922 ullo
2777 3869 3144 3925 vertebrarum
3173 3884 3265 3926 aut
3287 3877 3455 3944 spinae

1876 3955 2019 4010 dorsi
2052 3956 2210 4017 vitio,
2242 3956 2336 4010 sed
2390 3963 2550 4024 prout
2601 3956 2931 4024 apparebat,
2975 3959 3118 4026 quod
3169 3959 3236 4014 ab
3292 3969 3452 4015 actate

1877 4056 2058 4102 tenera
2094 4047 2355 4102 institutis
2389 4048 2780 4102 moderantium
2830 4048 2883 4100 in
2936 4049 3092 4108 istum
3126 4060 3269 4105 esset
3299 4051 3454 4108 babi-

1875 4147 1988 4190 tum
2014 4137 2080 4190 ad
2116 4138 2386 4206 specimen
2423 4136 2702 4192 modestia:
2731 4136 3019 4194 formatus.
3052 4141 3214 4195 Color
3244 4142 3453 4214 reliquo

1880 4243 2114 4297 corpore
2165 4228 2600 4284 candidissimus.
2645 4227 2832 4284 Facies
2887 4231 2940 4284 in
2992 4231 3152 4286 niveo
3199 4235 3447 4290 rubebat.

1872 4321 2066 4392 Capilli
2105 4319 2355 4389 subﬂavi,
2385 4333 2611 4378 eatenus
2645 4322 2896 4392 promissi
2922 4335 2980 4378 ut
3000 4339 3160 4381 aures
3177 4336 3451 4397 tegerent,

1875 4428 1982 4468 non
2018 4413 2180 4468 etiam
2215 4426 2366 4468 more
2397 4412 2573 4481 gentis
2600 4411 2854 4468 humeros
2905 4411 3254 4485 llagellareut,
3282 4432 3455 4487 neque

1873 4506 2016 4562 enim
2043 4505 2348 4562 in-saniebat
2382 4505 2537 4559 istam
2565 4505 2831 4559 insaniam
2883 4521 3064 4568 comae
3097 4508 3450 4568 studentium.

1873 4598 2048 4654 Barba
2083 4598 2234 4666 cujus
2263 4597 2457 4652 coloris
2491 4607 2647 4652 esset.
2671 4611 2776 4652 neu
2813 4613 3032 4668 possum
3067 4601 3245 4656 dicere
3269 4617 3454 4671 ,genai

1875 4693 2070 4762 quippe
2096 4707 2161 4747 ac
2193 4701 2434 4746 mentum
2455 4691 2571 4760 ejus
2593 4691 2710 4746 acie
2739 4692 3014 4747 novacula:
3038 4692 3102 4746 ad
3133 4703 3307 4748 cutem
3332 4709 3450 4748 rasa

1258 4807 1456 4867 Varias
1517 4808 1820 4874 lectiones
1851 4831 1926 4874 ex
1961 4810 2104 4872 cod.
2141 4810 2413 4873 Coislin.

216 4914 271 4948 ut
305 4911 432 4975 τάς,
509 4911 554 4943 1⁵
595 4909 1194 4981 περιεσφγμὲνος(εἰρ).
1272 4909 1319 4940 ⁸⁸
1355 4913 1419 4980 τῇ
1453 4912 1636 4980 σαρκί.

1717 4915 1759 4946 ⁸⁷
1791 4913 1951 4982 γοῦν.

1301 5033 1440 5092 Car.
1476 5031 1805 5093 Dufrcsnii
1831 5035 1928 5094 Du
1959 5030 2185 5107 Cangii
2225 5037 2412 5092 notua.

251 5134 378 5205 (87)
420 5128 836 5205 Ἐτριχοράτςει.
883 5132 1014 5205 Nam
1037 5134 1330 5189 Normanui
1379 5136 1576 5205 caeteri.
1625 5145 1761 5190 utet
1792 5139 1838 5194 D
1865 5145 1952 5205 est
2011 5151 2074 5188 ex
2117 5134 2401 5205 Cedreuo,
2434 5149 2557 5200 pag.
2598 5132 2723 5205 {53,
2769 5139 2833 5205 Aet
2897 5143 2958 5205 εξ
3018 5127 3234 5205 iis-qum
3259 5139 3445 5184 nota-it

161 5199 408 5268 Franci,
458 5213 592 5273 teste
649 5199 910 5257 Orderiro
953 5204 1106 5258 Vituli
1131 5207 1224 5258 lib.
1265 5221 1361 5258 νιιι
1399 5221 1412 5256 :
1448 5204 1684 5273 Capillos
1727 5221 1759 5257 a

159 5277 378 5331 vertice
443 5273 496 5325 in
559 5272 780 5334 frontem
832 5275 1288 5339 discriminabant,
1353 5272 1537 5342 longos
1593 5275 1760 5325 crines

156 5348 341 5400 veluti
396 5343 641 5404 mulieres
673 5344 998 5409 nutriebant,
1048 5355 1093 5397 et
1125 5359 1449 5409 summopere
1481 5344 1780 5396 curabant..

157 5417 328 5472 Ideni
371 5432 461 5468 au.
521 5409 705 5483 1092;
746 5408 824 5464 lto
863 5424 1092 5483 tenpare
1145 5408 1402 5466 militares
1445 5414 1542 5465 viri
1602 5427 1768 5483 more:

155 5499 436 5556 paternos
469 5485 524 5537 in
560 5481 749 5556 vestitu
778 5491 826 5534 et
860 5481 1169 5550 capillorum
1222 5493 1444 5556 tonsure
1474 5481 1766 5556 derelique-

155 5551 326 5617 ruut,
363 5571 496 5623 quos
543 5551 712 5623 paulo
757 5565 873 5613 post
913 5559 1189 5622 burgenses
1215 5562 1260 5604 et
1310 5552 1516 5623 rustici,
1563 5561 1611 5604 et
1645 5565 1768 5614 pene

157 5637 352 5678 totum
375 5619 574 5693 'vulgua
621 5619 808 5672 imitati
843 5634 987 5676 sunt.
1014 5619 1091 5675 'Et
1114 5622 1204 5676 lib.
1237 5637 1274 5675 ll
1303 5640 1316 5675 :
1356 5621 1422 5673 In
1453 5623 1768 5673 nutrimento

154 5713 358 5750 amem
417 5707 723 5752 comarum,
792 5694 1068 5745 mulierum
1125 5704 1369 5756 sequaces
1416 5695 1768 5744 wetimantur.

149 5769 369 5822 Gallos
399 5775 617 5818 veteres
651 5772 704 5818 ct
739 5759 976 5815 Francos
1007 5776 1214 5817 comam
1249 5761 1542 5816 nutrivisse
1592 5761 1764 5826 palam

1872 5204 2172 5258 Salmasius
2204 5205 2267 5254 ad
2295 5197 2558 5263 Soliu—um,
2595 5201 2911 5254 Gos<eliuus
2947 5199 2996 5250 in
3045 5197 3248 5249 Ilistor.
3285 5211 3441 5253 ceter.

1869 5272 2010 5326 Gall.
2055 5273 2427 5324 llotnmaunus
2467 5280 2521 5322 et
2579 5270 2924 5322 Malharellus
2975 5268 3026 5320 in
3063 5265 3442 5322 Franro-Gall.

1868 5351 2054 5394 contra
2115 5356 2286 5409 quam
2312 5338 2508 5409 Graeci,
2539 5340 2627 5409 qui
2660 5339 3163 5409 caput‘tumlebaul,
3195 5347 3253 5388 ut
3281 5345 3364 5409 est
3388 5341 3443 5409 in

1868 5413 2038 5479 Epist.
2070 5408 2290 5479 Adriani
2317 5407 2418 5479 PP.
2459 5411 2524 5460 ad
2561 5406 2741 5462 Caroli
2764 5407 2860 5460 'M.
2895 5423 2958 5460 ex
2999 5406 3064 5459 iis
3091 5421 3227 5473 quas
3282 5407 3448 5479 cditlit

1865 5477 2174 5534 Gretzerus.
2203 5478 2356 5545 Angli
2386 5479 2544 5531 etiam
2571 5493 2632 5530 ea
2661 5487 2973 5545 tempestate
2997 5491 3205 5528 comam
3241 5477 3446 5528 nutrie-

1867 5551 2017 5609 bant,
2053 5563 2159 5616 quo
2192 5547 2408 5600 nomine
2435 5548 2503 5600 ab
2526 5547 2777 5599 Ansclino
2821 5545 3234 5616 Cantu:nieii_si_
3268 5547 3446 5598 archi-

1867 5612 2119 5690 episcopo
2173 5632 2280 5670 non
2339 5618 2752 5690 semel_carptos
2775 5626 2960 5669 auctor
2988 5612 3444 5690 estulgaduerus,

1865 5683 1959 5744 lib.
1995 5704 2032 5750 I,
2055 5683 2124 5741 ιιι
2152 5697 2206 5743 et
2251 5702 2300 5740 tv
2331 5685 2468 5742 Hist.
2498 5683 2696 5741 Nordr.
2727 5694 2780 5739 et
2804 5702 2869 5739 ex
2892 5699 2956 5739 eo
2988 5683 3286 5738 W.llelmus
3316 5683 3446 5737 Mal-

1869 5757 2278 5813 mesburieusis.

1931 5925 1957 5937 ο
