3992 6278
575 373 674 434 999

1867 357 2087 416 ΛΝΝᾹΞ
2127 353 2508 413 COMNENsE

3631 349 3737 410 16130

577 481 916 551 superticiem
947 477 1214 531 habebant
1253 473 1442 542 quovis
1469 485 1635 540 gypso
1681 469 1980 528 laeviorem;
2014 481 2144 517 con-

2253 462 2338 514 zat
2365 463 2392 512 ὁ
2425 457 2640 528 μυκτὴρ
2665 456 2950 526 ἐλεύθερον
2971 454 3124 505 ἔπνει
3143 453 3232 506 τὸν
3255 453 3406 520 ἀέρα.
3431 455 3686 525 Euam-695:
3703 460 3745 510 δὲ

577 585 778 638 ta‘ctura
819 569 993 623 tanien
1029 576 1104 621 est
1139 565 1313 618 rufam
1369 573 1424 617 ct
1482 563 1620 616 hanc
1664 561 1849 614 fuisse.
1911 559 2144 632 Glaucus

577 675 848 732 aspectus,
879 663 970 714 ira:
996 667 1157 722 atque
1185 657 1496 712 acerbitatis
1531 672 1634 711 non
1677 657 1814 708 bene
1863 653 2143 706 latentimn

578 753 914 807 visubmista
969 751 1174 804 minax.
1223 747 1398 802 Nasus
1455 747 1625 802 libere
1701 761 1881 798 aerem
1943 744 2148 798 ducens

577 841 838 897 meatibus
869 841 1244 908 largiusculis;
1279 839 1358 892 sic
1385 837 1528 893 enim
1567 845 1686 890 erat
1729 850 1863 902 opus
1903 834 1968 887 ad
2003 847 2148 886 com-

577 935 732 988 ntode
779 931 1116 986 inferendam
1177 930 1616 996 cﬂ‘erendamque
1664 927 1888 994 spiritus
1935 924 2150 990 copiam

577 1031 830 1091 quantam
849 1021 914 1074 ad
937 1019 1334 1074 eventilandum
1355 1033 1448 1071 cor
1467 1016 1942 1087 ﬂagrantissimmtt
1971 1013 2151 1081 pulmo

579 1113 873 1182 pra-largus
901 1110 1202 1174 anhelaret,
1227 1113 1368 1162 unde
1398 1109 1484 1160 illa
1523 1110 1770 1160 instituto
1798 1115 2002 1158 naturae
2031 1119 2150 1172 pro-

579 1204 882 1274 portionem
911 1211 964 1256 ει
996 1202 1440 1270 signiﬁcationem
1478 1212 1716 1252 mutuam
1768 1197 2006 1258 habent,
2039 1212 2154 1248 ma-

580 1293 1030 1364 gnitudonarium
1062 1301 1117 1346 et
1149 1295 1374 1346 vastitas
1407 1293 1659 1359 pectoris.
1709 1289 1990 1344 Emicabat
2017 1329 2031 1351 ,
2077 1289 2156 1341 fa-

583 1399 721 1454 teor,
748 1389 996 1440 universa
1020 1403 1087 1441 ex
1117 1387 1296 1454 specie
1324 1399 1490 1438 suave
1517 1383 1792 1451 quiddam,
1827 1383 1926 1436 nisi
1952 1383 2153 1436 crebris

581 1481 946 1544 undecunque
1005 1477 1162 1531 simul
1223 1473 1632 1543 erumpentibus
1709 1473 1937 1527 terroris
1994 1473 2152 1540 quasi

584 1570 828 1638 fulgetris
857 1609 871 1634 ,
905 1569 1134 1622 blandus
1199 1568 1288 1622 ille
1337 1567 1520 1620 radius
1569 1567 1920 1636 frangeretur.
1976 1565 2158 1633 Itaque

583 1661 973 1714 amabilitatem
1009 1669 1225 1714 tenuem
1285 1658 1476 1728 majori
1531 1659 1816 1713 odiositate
1855 1659 2153 1721 obruente,

585 1763 696 1806 tam
729 1751 817 1804 ille
855 1751 1136 1820 giganteos
1182 1761 1356 1806 status
1385 1791 1399 1814 ,
1433 1765 1593 1818 quam
1642 1750 1864 1804 torvitas
1910 1749 2156 1819 quatdam

585 1841 780 1896 frontis
807 1843 1010 1906 arduae,
1043 1855 1104 1894 ac
1132 1841 1288 1910 quasi
1321 1842 1386 1894 ad
1415 1841 1521 1894 vim
1570 1841 1946 1909 expeditorum
1994 1841 2156 1894 tacita

587 1935 872 1986 minacitas
914 1942 1157 1994 artuum,
1187 1933 1438 1985 universo
1467 1939 1762 1999 conspectu
1811 1929 1983 1986 ferum
2015 1931 2156 1984 haud

585 2025 746 2079 dubie
779 2024 1057 2094 quidpiam
1107 2033 1160 2077 et
1209 2023 1480 2076 illaatabile
1541 2023 1816 2090 spirabat;
1849 2035 1906 2078 ut
1955 2023 2160 2076 arrisns

585 2117 699 2183 ejus
721 2157 736 2180 ,
765 2117 894 2169 mihi
923 2116 1141 2183 quidem
1175 2155 1190 2178 ,
1240 2114 1408 2168 nihilo
1473 2117 1745 2169 videretur
1772 2115 2038 2168 amoenior
2066 2124 2159 2168 aut

587 2205 832 2262 blandior
864 2246 878 2270 ,
909 2221 1070 2274 quam
1103 2205 1329 2259 aliorum
1385 2206 1524 2258 irata
1573 2205 1742 2260 facies
1787 2205 2116 2274 jurgantium
2143 2246 2157 2267 ,

587 2299 718 2352 adeo
748 2313 856 2351 non
908 2312 1124 2351 mavors
1181 2297 1352 2351 solum
1402 2297 1560 2364 ejus,
1621 2297 1716 2350 sed
1769 2297 2160 2366 qualiscunque

585 2403 740 2442 amor
763 2387 948 2454 etiam,
987 2387 1235 2442 militaris
1270 2387 1320 2439 in
1351 2401 1414 2440 eo
1449 2396 1608 2454 atque
1655 2395 1898 2440 armatus
1936 2401 2160 2455 appare-

585 2479 680 2534 bat
717 2497 730 2532 :
774 2477 848 2532 ita
905 2490 1082 2531 tamen
1125 2487 1182 2530 ut
1223 2478 1454 2532 sentires
1519 2479 1838 2533 suavitatem
1902 2480 2162 2532 exsistere

587 2577 754 2623 totam
810 2583 838 2621 a
879 2579 1071 2622 natura
1105 2568 1406 2638 iformaque
1461 2570 1750 2636 corporis,
1813 2569 1916 2624 vim
1961 2585 2158 2624 saevam

587 2667 752 2726 atque
793 2659 1082 2712 immanem
1125 2675 1152 2710 a
1205 2659 1436 2714 barbaro
1488 2659 1629 2714 intus
1675 2661 1953 2714 habitante
1996 2661 2160 2713 alllari

587 2751 790 2804 animo.
829 2747 958 2802 Erat
1001 2749 1046 2802 is
1077 2764 1184 2802 non
1236 2749 1575 2818 malignitate
1625 2751 1800 2806 solum
1858 2753 2165 2806 cumulatus

587 2839 838 2910 plurima,
859 2853 1041 2892 verum
1065 2839 1272 2894 artibus
1295 2855 1506 2908 quoque
1544 2844 1611 2894 ad
1645 2843 1782 2895 hanc
1803 2857 2036 2896 exerceo
2062 2847 2162 2896 tam

587 2929 841 2984 onmibus
873 2927 1186 2993 abundans;
1223 2927 1356 2982 nihil
1389 2943 1454 2982 eo
1486 2931 1772 2995 versutius,
1805 2930 1935 2983 nihil
1975 2947 2160 2999 prom-

587 3016 829 3086 ptissima
855 3014 1062 3070 consilii
1107 3019 1602 3072 accommodatioue
1659 3021 1829 3088 magis
1856 3022 2164 3089 expeditum

2247 555 2325 624 τῷ
2359 553 2599 622 μυκτῆρι
2631 551 2718 603 διὰ
2741 549 2848 602 τῶν
2865 549 3123 618 στέρνων,
3155 548 3248 601 καὶ
3271 547 3354 599 διὰ
3375 549 3463 600 τοῦ
3512 551 3743 619 μυκτῆρος

2248 647 2345 714 τὴν
2367 647 2472 698 τῶν
2499 646 2737 714 στέρνων
2757 643 3050 716 εὐρύτητα·
3077 642 3232 712 ήγὶιρ
3249 640 3404 708 φύσις
3419 642 3650 708 διεξόδους
3665 645 3752 696 ἐδε.

2250 739 2412 791 δώκει
2445 739 2532 791 διὰ
2561 739 2670 790 τῶν
2695 736 2858 808 ῥινῶν
2878 735 2971 789 τοῦ
2991 735 3096 788 ἀπὸ
3121 735 3220 803 τῆς
3244 753 3308 788 κα
3321 735 3459 804 ρῖίας
3495 736 3747 802 παφλάζον-

2249 849 2340 894 τος
2371 831 2707 899 πνεύματος.
2757 827 2886 882 Ἰῐδὺ
2907 827 2966 881 δέ
3002 845 3054 880 τι
3089 827 3187 879 καὶ
3211 826 3510 894 ἐνεφαίνετο
3535 827 3602 895 τῷ
3629 829 3750 896 ἀνδρὶ

2251 922 2450 989 τούτῳ,
2471 921 2604 974 ἀλλὰ
2641 923 2753 982 τοῖς
2789 919 3164 989 ἁπανταχόθεν
3191 919 3434 988 φοϐεροῖς
3455 917 3751 987 ὑπεθραὺετο·

2253 1015 2369 1076 ὅλος
2425 1015 2538 1083 γὰρ
2568 1014 2636 1066 δι’
2666 1014 2788 1067 ὅλου
2821 1011 2913 1064 τοῦ
2955 1012 3210 1081 σώματος
3269 1011 3568 1078 ἀμείλικτος
3589 1006 3645 1079 ἦν
3685 1012 3753 1062 καὶ

2255 1105 2529 1176 Οηριώδης
2559 1109 2586 1158 ὁ
2615 1105 2925 1174 ἄνθρωπος,
2987 1105 3096 1157 ἀπὸ
3139 1103 3232 1156 τοῦ
3284 1103 3550 1172 μεγέθους,
3576 1100 3752 1152 amt-3

2258 1199 2590 1268 βλέμματος,
2618 1199 2766 1250 δοκεῖ
2799 1215 2910 1265 μοι,
2939 1199 3032 1250 καὶ
3057 1199 3084 1249 ὁ
3109 1197 3281 1262 γέλως
3313 1195 3468 1248 αὑτοῦ
3495 1199 3590 1256 τοῖς
3619 1194 3756 1254 ἄλλοις

2259 1291 2588 1360 ἐμϐρίμημα
2621 1287 2708 1360 ἦν.
2741 1288 2926 1351 Οὕτως
2961 1285 3075 1357 εἶχε
3117 1287 3296 1356 ψυχῆς
3328 1304 3384 1338 τε
3431 1287 3515 1338 καὶ
3540 1284 3753 1354 σώματος,

2255 1381 2331 1444 ὡς
2367 1383 2459 1434 καὶ
2509 1382 2601 1434 τὸν
2653 1381 2826 1448 θυμὸν
2859 1381 2916 1432 ἐν
2971 1379 3146 1448 τούτῳ
3202 1377 3551 1447 καρύσσεσθαι
3595 1377 3671 1428 καὶ
3693 1377 3756 1427 τῖν

2258 1473 2461 1541 ἔρωτα,
2511 1473 2604 1525 καί¹
2650 1471 3000 1541 ἀμφοτέρους
3057 1472 3190 1540 ὁρᾷν
3227 1469 3386 1539 μπρὸς
3449 1468 3669 1536 πόλεμον.
3707 1468 3754 1516 'l'i

2257 1564 2314 1616 δὲ
2365 1565 2622 1632 φρᾷνημα
2657 1562 2807 1630 αὐτῷ
2840 1561 3185 1614 παντοδαπὸν
3217 1563 3313 1612 καὶ
3378 1558 3669 1628 πανοῦργον,
3693 1559 3755 1608 καί

2261 1656 2397 1726 πρὸς
2427 1655 2644 1709 ἅπαντα
2693 1656 2866 1726 λαϐὴν
2913 1653 3298 1724 διαδιδράσκον
3327 1667 3341 1680 ·
3405 1653 3456 1704 αί
3485 1653 3580 1720 γὰρ
3599 1647 3756 1717 ὁμιλίαι

2259 1749 2436 1818 τούτῳ
2478 1749 2749 1818 ἀκριϐεῖς,
2781 1745 2876 1799 καὶ
2929 1747 3026 1808 τὰς
3045 1745 3374 1813 ἀποκρίσεις
3405 1743 3562 1795 ἐδίδου
3601 1758 3756 1794 παντα-

2259 1841 2419 1910 χόθεν
2477 1839 2934 1910 ἁπεριδρὰκτους.
3003 1837 3113 1890 Καὶ
3166 1837 3406 1899 τοιοῦτος
3443 1835 3512 1888 ὢν
3574 1836 3651 1886 καὶ
3692 1849 3755 1883 το-

2265 1930 2471 1993 σοῦτος
2517 1930 2664 1999 μόνῳ
2718 1929 2794 1999 τῷ
2833 1929 3195 1998 αὐτοκράτορι
3253 1925 3516 1995 ἁλώσιμος
3559 1921 3640 1992 ἦν,
3692 1923 3756 1974 καὶ

2257 2023 2402 2094 τύχῃ
2452 2023 2545 2074 καὶ
2577 2021 2757 2088 λόγοις
2823 2023 2918 2072 καὶ
2975 2025 3088 2081 τοῖς
3141 2019 3327 2081 ἄλλοις
3351 2021 3456 2081 τοῖς
3487 2018 3580 2070 ἀπὸ
3599 2016 3756 2083 φύσεως

2261 2115 2751 2184 πλεονεκτήμασιν.
2820 2116 3166 2184 Ἀναμνήσας
3233 2109 3328 2166 οὖν
3397 2115 3422 2164 ὁ
3473 2107 3754 2177 αὐτοκράτωρ

2263 2205 2427 2259 αὐτὸν
2459 2205 2570 2258 τῶν
2607 2205 2890 2276 προτέρων
2921 2205 3288 2276 ἐπιτροχάδην
3317 2207 3408 2259 καὶ
3439 2201 3757 2266 συνετκιασμέ-

2263 2293 2368 2357 νως
2399 2313 2514 2358 πως
2551 2295 2702 2364 αὐτῷ
2738 2297 3125 2366 παραστήσας,
3159 2298 3360 2367 ἑτέραν
3393 2297 3539 2364 λόγου
3571 2291 3754 2362 περίοδον

2263 2386 2582 2454 ἐποιήσατο.
2647 2385 2706 2439 '0
2749 2387 2804 2439 δὲ
2840 2388 2940 2457 τὴν
2975 2387 3115 2442 ἰδίαν
3161 2388 3468 2458 συνείδησιν
3499 2387 3616 2455 ἔχων
3649 2383 3756 2449 ἐλέγ-

2264 2493 2483 2546 χουσαν,
2537 2477 2858 2547 ἐπιτηδείως
2911 2478 3014 2540 τὰς
3069 2479 3206 2547 πρὸς
3257 2479 3385 2542 τοὺς
3433 2477 3605 2544 λόγους
3639 2470 3754 2526 αὑτοῦ

2265 2569 2938 2640 ὲξέφυρενάνθυποςορὰς,
2961 2570 3114 2622 τοῦτο
3146 2569 3311 2638 μόνον
3333 2570 3574 2638 φάμενος,
3591 2567 3646 2627 ὡς,
3666 2564 3758 2630 Οὑχὶ

2265 2666 2396 2734 περὶ
2421 2664 2530 2716 τῶν
2561 2664 2820 2717 τοιούτων
2844 2661 3235 2731 ἀνακρίνεσοαι
3266 2661 3512 2729 ἐλήλυθα.
3539 2656 3663 2727 Εἶχον
3683 2656 3754 2722 γὰρ

2267 2757 2332 2810 ἂν
2380 2759 2476 2810 καὶ
2546 2756 2710 2816 αὐτος
2753 2753 2799 2786 ⁸⁸
2848 2755 3036 2806 πολλὰ
3083 2754 3286 2818 λέγειν.
3335 2751 3438 2806 Τοῦ
3499 2749 3616 2804 Θεοῦ
3651 2747 3692 2799 δὲ
3721 2745 3758 2794 ἐν

2266 2851 2482 2910 ταυτοίς
2515 2865 2580 2917 με
2621 2847 3030 2905 συνελάσαντος.
3071 2848 3252 2898 πάντα
3295 2845 3387 2897 τοῦ
3433 2841 3598 2896 λοιποῦ
3627 2839 3684 2906 τῷ
3708 2833 3756 2901 σῷ

2269 2940 2566 3009 ἀνατίθημι
2611 2939 2827 3008 κράτει.
2891 2938 2948 2989 Ὁ
2979 2938 3036 2990 δὲ
3075 2937 3336 3007 βασιλεὺς
3367 2937 3495 3005 πρὸς
3533 2927 3757 2985 αὑτὸν-Τά

2275 3034 2372 3103 μὲν
2409 3033 2825 3102 παρεληλυθότα
2881 3031 3068 3084 ἐατέον
3118 3031 3180 3083 τὸ
3237 3033 3352 3093 νῦν,
3407 3033 3466 3083 σὺ
3499 3031 3548 3081 δὲ
3577 3021 3756 3092 εἰβούὶει

590 3107 658 3162 ad
709 3108 1086 3162 conversiones
1119 3108 1357 3162 omnium
1407 3118 1728 3179 temporum.
1769 3108 2052 3179 Nunquam
2100 3113 2149 3164 ill

2280 3126 2609 3179 σπείσασθαι
2647 3126 2768 3194 μεθ’
2813 3124 2991 3193 ἡμῶν,
3045 3125 3296 3192 πρῶτονκ
3318 3124 3413 3193 μὲν
3449 3123 3536 3174 ἕνα
3579 3119 3666 3171 τῶν
3691 3109 3759 3166 tith

589 3200 806 3256 occasio
823 3216 1009 3254 ansatn
1049 3201 1311 3268 imparato
1329 3201 1479 3255 daret
1503 3217 1517 3267 ;
1545 3217 1815 3270 nunquam
1842 3205 1982 3273 quod
1999 3206 2171 3259 cuivis

589 3289 832 3357 petitioni
856 3301 1150 3358 opponeret
1180 3299 1391 3350 scutum
1421 3290 1628 3345 deerat.
1667 3291 1859 3347 Sermo
1903 3293 2019 3361 ejus
2051 3303 2164 3348 tra-

591 3378 788 3432 ctantis
839 3389 1154 3446 accuratus;
1183 3383 1562 3458 reSponsiones
1603 3384 1750 3437 omni
1799 3386 2034 3454 undique
2056 3387 2168 3440 cir-

592 3469 994 3537 cumspectione
1033 3473 1382 3540 prtemunitae,
1405 3483 1457 3528 et
1477 3475 1736 3530 adversus
1758 3477 1834 3528 vel
1853 3478 2170 3530 acerrimam

593 3575 832 3615 censurae
867 3562 1098 3632 vigzliam
1133 3564 1374 3632 cujusvis
1403 3607 1420 3632 ,
1473 3582 1591 3631 sua,
1619 3569 1960 3635 prehensioui
1988 3569 2162 3622 locum

591 3654 864 3720 praebente
893 3655 1057 3720 nulli,
1093 3658 1378 3724 prudentia
1432 3657 1741 3712 ttllissitttu'.
1791 3659 2030 3730 Denique
2081 3663 2167 3718 hic

593 3741 718 3796 talis
751 3757 815 3795 ac
845 3751 1025 3798 tantus
1062 3745 1182 3810 fuit,
1220 3755 1276 3798 ut
1326 3747 1420 3800 uni
1453 3748 1690 3802 οιιιιιίιιιιι
1717 3750 1808 3818 qui
1853 3760 1978 3806 tunc
2007 3763 2164 3806 erant

2276 3220 2368 3270 τὸν
2411 3217 2544 3286 ὲμδν
2594 3217 2800 3284 κράτος
2851 3217 2956 3286 χρὴ
2993 3217 3052 3267 σὲ
3085 3217 3386 3282 γενέσθαι,
3431 3211 3538 3267 εἶτα
3583 3205 3760 3278 δηλώπιι

2280 3311 2412 3380 περὶ
2453 3309 2619 3362 αὐτοῦ
2657 3326 2717 3361 τε
2749 3309 2943 3362 τούτου
2975 3309 3052 3377 τῷ
3085 3309 3166 3378 σῷ
3205 3309 3411 3378 ἀνεψιῷ
3441 3305 3651 3373 Ταγγρὲ,
3679 3301 3762 3352 ἑπι-

2282 3401 2487 3469 σκῆψαί
2521 3418 2578 3453 τε
2629 3401 2802 3472 αὐτῷ,
2838 3404 2952 3465 τοῖς
2985 3401 3044 3466 ἐξ
3089 3401 3227 3470 ἐμοῦ
3273 3399 3605 3456 ἁποσταλεῖσι
3639 3407 3762 3458 παρα·

2275 3489 2458 3542 δοῦναι
2489 3491 2588 3558 τὴν
2632 3491 2965 3560 Ἀντιόχειαν
2992 3493 3135 3544 κατὰ
3168 3495 3270 3555 τὰς
3301 3489 3570 3561 γεγονυίας
3592 3477 3766 3550 ὲξαρχίςν

2279 3579 2603 3648 συμφωνίας
2652 3581 2785 3650 ἡμῖν
2818 3583 2884 3646 ⁸³,
2939 3577 3058 3634 εἶτα
3129 3585 3228 3636 καὶ
3261 3583 3306 3636 τ’
3352 3581 3480 3636 ἄλλα
3523 3579 3666 3630 πάντα
3697 3572 3764 3622 ὅσ)

2274 3669 2716 3740 συμπεφώνηται
2780 3673 2934 3742 ἡμῖν,
2965 3671 3208 3743 τηρῆσαι
3281 3674 3479 3744 νῦνιτε
3526 3669 3603 3722 καὶ
3641 3660 3765 3734 pett-

2281 3775 2466 3814 πειτα.

595 3836 870 3890 hominum
899 3839 1208 3904 imperatori
1239 3839 1428 3894 Alexio
1453 3845 1720 3898 secundus
1748 3881 1763 3908 ,
1814 3847 1902 3900 uni
1933 3847 2191 3905 duntaxat
2227 3852 2302 3906 illi
2339 3854 2575 3924 fortuna,
2612 3857 2660 3912 vi
2693 3859 2920 3925 dicendi,
2955 3861 3204 3928 consilio,
3272 3864 3567 3930 cunei-isque
3617 3863 3768 3910 naturae

595 3931 808 3985 dotibus
831 3941 975 3988 esset
1001 3932 1262 3990 inferior:
1300 3935 1455 4002 plane
1503 3935 1896 3996 invictissimus
1926 3941 2158 4009 futurus,
2196 3947 2298 4002 nisi
2330 3963 2450 4003 eum
2492 3964 2624 4006 tetas
2657 3967 2776 4016 sua,
2811 3969 3096 4024 rerumque
3127 3971 3193 4010 ac
3223 3959 3338 4026 spei
3413 3957 3618 4010 rationes
3671 3961 3759 3998 cum

595 4034 750 4119 patre
786 4039 905 4078 meo
965 4026 1398 4119 commisissent.
1442 4026 1544 4093 Qui
1625 4031 1839 4098 quidem
1887 4051 2036 4091 meus
2091 4048 2242 4104 pater
2277 4041 2327 4094 ei
2358 4052 2483 4097 tunc
2521 4045 2624 4098 sibi
2649 4047 2868 4110 astanti,
2907 4063 3003 4117 pro
3025 4063 3089 4102 ea
3131 4067 3240 4119 qua
3275 4051 3478 4105 valebat
3509 4045 3664 4101 festiva
3697 4051 3763 4106 pc-

741 4118 1264 4210 se"“‘°“i5‘{"“sum
1295 4123 1853 4195 ψιεηιοιιηίιιιοᾰοε
1881 4128 2161 4196 ﬁgurandi,
2207 4131 2480 4188 refricavit
2513 4138 2745 4206 primunt
2819 4115 2974 4206 quasi
3022 4115 3167 4194 aliud
3221 4155 3385 4210 agens
3427 4139 3585 4193 obiter
3649 4139 3765 4193 διεμιε

537 4250 540 4252 η
601 4205 818 4276 oblique
839 4205 1152 4261 memoriam
1189 4211 1625 4276 praeteritorum:
1694 4233 1811 4283 qua:
1837 4233 1958 4272 cum
2041 4237 2228 4277 morsu
2271 4205 2637 4294 conscientia,
2669 4239 2724 4282 et
2751 4205 3124 4286 recordatione
3170 4205 3510 4287 successuum
3545 4228 3685 4280 minus
3708 4219 3762 4268 [θ’

597 4299 800 4365 lirium,
833 4300 1140 4368 displiceret
1183 4301 1502 4367 Baimundo,
1536 4314 1742 4362 malure
1777 4310 1822 4363 is
1853 4313 2209 4382 interpellavit
2237 4317 2499 4387 ingratam
2535 4321 2859 4384 orationem,
2921 4337 3020 4376 nec
3079 4323 3224 4376 ultra
3289 4337 3447 4376 ouant
3505 4321 3762 4373 alternante:

597 4393 877 4462 periodum
909 4391 1032 4446 είνῑι
1083 4407 1368 4448 excurrere
1403 4413 1416 4447 2
1446 4411 1567 4449 cum
1611 4405 1664 4450 el
1707 4399 1818 4468 ipse
1857 4417 2022 4470 prope
2071 4419 2165 4472 par
2206 4406 2424 4472 artifex,
2447 4423 2550 4463 non
2579 4409 2756 4464 minus
2779 4419 2954 4466 astute
2977 4411 3295 4476 declinaret,
3355 4426 3507 4481 quam
3558 4403 3761 4474 ingenitae

599 4482 920 4556 petebatur;
951 4493 1152 4551 etquae
1215 4487 1442 4540 obscure
1486 4503 1550 4542 ac
1603 4494 1902 4559 generatim
1953 4495 2388 4566 intendebantur,
2469 4503 2762 4556 universim
2827 4519 3041 4573 quoque
3104 4523 3168 4560 ac
3215 4505 3600 4562 dissimulanter
3634 4493 3760 4561 depel-

601 4581 735 4677 leret
767 4573 943 4677 :.illud
990 4575 1214 4677 subinde
1239 4578 1574 4677 admonens,
1624 4587 1938 4654 neutiquam
1996 4591 2282 4645 advenisse
2313 4609 2372 4648 se
2405 4595 2829 4664 disceptatorum
2863 4599 2930 4652 de
2993 4599 3151 4654 rebus
3221 4601 3363 4660 istis,
3429 4595 3634 4663 alioquin
3675 4597 3757 4640 e558

604 4875 759 4920 Daret
789 4865 1226 4937 pcrmitterctque
1257 4883 1397 4922 nunc
1432 4871 1634 4924 omnia.
1658 4867 1810 4925 Tunc
1842 4872 2163 4942 imperator:
2205 4872 2402 4930 Vetera
2437 4879 2598 4946 igitur
2619 4895 2750 4936 sane
2767 4881 3158 4948 delinquamus.
3185 4879 3263 4933 Te
3319 4893 3460 4942 vero,
3517 4871 3754 4930 Baimunde.

605 4955 650 5009 si
680 4955 818 5012 bona
853 4959 960 5012 ﬁde
1003 4973 1214 5012 mecum
1263 4957 1317 5010 in
1364 4959 1654 5014 amicitiam
1706 4965 1996 5018 convenire
2056 4967 2135 5019 vis
2161 5003 2177 5029 ,
2214 4967 2448 5034 primum
2480 4970 2720 5024 omnium
2755 4971 3020 5038 subjicere
3047 4971 3199 5032 ιιίἱίιί,
3231 4981 3285 5024 et
3315 4971 3601 5030 :dmninum
3651 4957 3755 5028 pritt'

604 5048 883 5116 cipemque
915 5062 999 5101 me
1032 5059 1178 5101 tuum
1219 5063 1512 5118 agnoscere
1535 5067 1597 5106 ac
1637 5054 1874 5120 profiteri
1919 5066 2164 5122 oportet,
2248 5070 2357 5114 tum
2429 5061 2554 5114 illttd
2588 5063 2758 5131 ipsum
2789 5063 2964 5132 nepoti
3001 5075 3091 5116 ttto
3123 5061 3402 5117 'l'ancredo
3439 5057 3658 5112 mandare
3695 5057 3758 5113 per

606 5137 808 5192 “"9735
831 5148 886 5192 ιιι
915 5148 968 5192 ei
995 5139 1104 5208 ipse
1135 5149 1385 5206 PTTSlel;
1419 5149 1816 5214 Prmcipereque
1838 5147 1980 5200 serio
2000 5148 2174 5201 eidem
2217 5158 2276 5204 ut
2301 5153 2640 5207 Antiochiam
2672 5154 2823 5220 juxta
2851 5163 3004 5222 pacta
3031 5133 3298 5207 conventa
3327 5152 3468 5220 prius
3529 5148 3646 5201 inter
3689 5147 3754 5187 ιιυί

599 5229 796 5296 iurata,
827 5234 1058 5287 ducibus
1087 5248 1114 5286 a
1149 5249 1233 5287 me
1297 5236 1480 5292 missis
1545 5248 1638 5292 aut
1683 5241 1962 5294 mittendis
2047 5245 2245 5298 tradat.
2285 5246 2565 5304 Posuetuo
2597 5249 2820 5305 inducas
2868 5251 2922 5303 in
2964 5251 3204 5302 animum
3252 5257 3307 5301 et
3345 5255 3516 5300 sancte
3553 5235 3754 5306 spendeas

605 5324 760 5378 velim
788 5337 978 5382 etetera
1015 5336 1064 5381 te
1093 5330 1272 5380 omnia
1305 5343 1425 5397 qute
1456 5329 1584 5384 olim
1638 5333 1766 5386 mihi
1815 5336 2167 5404 promiseras,
2209 5341 2276 5393 de
2307 5352 2502 5399 caetero
2532 5344 2782 5414 religiose
2799 5354 3138 5402 servaturum
3196 5341 3552 5406 facturamque
3598 5337 3752 5384 summa

604 5416 1146 5485 constantissimath
1169 5417 1290 5472 ﬁde.

675 5509 807 5563 Cum
837 5510 949 5564 lucc
978 5520 1031 5564 et
1061 5511 1161 5566 alia
1185 5513 1305 5581 ejus
1353 5521 1569 5586 generis
1611 5522 1763 5590 plura
1807 5523 2068 5580 dixissent
2099 5527 2157 5580 vi-

2358 5528 2548 5582 Ταῦτα
2582 5529 2677 5581 τοῦ
2711 5529 2977 5600 βασιλέως
3007 5529 3098 5585 καὶ
3129 5528 3270 5583 ἄλλα
3309 5528 3468 5580 πλείω
3503 5520 3613 5594 πρὸς
3635 5508 3748 5566 εὗτδν

1625 5657 1826 5718 Varia)
1875 5657 2178 5720 lectiones
2217 5677 2292 5721 ex
2329 5662 2472 5726 cod.
2503 5665 2760 5730 Coislin.

674 5739 719 5772 ⁸³
753 5743 886 5812 πρὸς
918 5743 1076 5797 αὐτά.
1149 5745 1194 5778 ⁵⁸
1222 5745 1396 5817 ἡμῶν.
2525 5769 2528 5774 ι
