3992 6278
299 310 434 375 1001

1534 307 1945 369 ALEXIADIS
1974 306 2117 366 LIB.
2157 306 2328 366 XIII.

3407 307 3544 365 102

290 425 548 488 εἰπόντος
587 440 646 477 τε
702 423 799 477 καὶ
856 423 1211 490 ἀκούσαντος,
1256 424 1380 478 ἐπεὶ
1412 424 1437 478 ὁ
1466 426 1625 488 αὐτὸς
1667 425 1870 486 ἐκεῖνος

1977 420 2158 475 εἴδεται
2192 420 2627 489 audirissentque
2664 419 2802 474 inter
2850 432 2909 474 se
2972 420 3268 489 imperator
3318 429 3370 476 et
3428 421 3517 475 Bai

294 513 367 588 ἦν
406 517 435 571 ὀ
477 514 814 585 Βαῖμοῦντες
862 515 959 570 καὶ
1001 517 1098 570 οὐκ
1144 517 1422 586 ἠλλοίωτο,
1462 517 1563 587 ἔφη
1597 518 1874 579 ἀδυνάτως

298 609 447 679 ἔχειν
476 606 577 679 τὴν
618 605 878 678 τοιαύτην
918 607 1213 677 ὑπόσχεσιν
1247 604 1600 676 ποιήσασθαι.
1653 608 1760 660 Καὶ
1802 608 1873 662 δι’

297 700 436 756 ἄλλα
465 700 587 753 τινὰ
619 699 771 769 παρὰ
815 698 911 752 τοῦ
943 698 1210 769 βασιλέως
1245 697 1631 767 ἁπαιτούμενα
1684 699 1875 768 ᾐτεῖτο

294 792 395 862 τὴν
417 792 559 863 πρὸς
587 790 648 845 τὸ
679 793 809 845 ἴδιον
845 792 1169 862 στράτευμα
1201 789 1565 855 ὲπανάζευξιν
1597 791 1740 845 κατὰ
1773 791 1874 862 τὴν

293 887 597 956 γενομένην
644 885 966 955 συμφωνίαν
1015 885 1166 955 παρὰ
1213 884 1322 938 τῶν
1371 884 1677 955 πρέσϐεων.
1722 885 1781 938 Ὀ
1814 883 1873 939 δὲ

297 976 557 1047 βασιλεύς
593 994 758 1045 φησιν
798 975 933 1047 πρὸς
966 975 1126 1030 αὑτὸν
1160 976 1240 1029 ὅτι
1271 975 1570 1045 Κρείττονα
1603 974 1738 1042 ἐμοῦ
1774 976 1874 1028 οὐκ

290 1066 405 1136 ἔχω
429 1067 520 1119 τὸν
570 1067 709 1136 μετὰ
758 1066 1057 1134 ἀσφαλείας
1107 1082 1166 1119 σε
1212 1066 1568 1133 διασώσοντα.
1619 1066 1728 1118 Καὶ
1755 1067 1873 1131 ἅμα

296 1159 372 1228 τῷ
414 1159 560 1227 λόγῳ
629 1160 743 1221 τοῖς
818 1158 1052 1228 ἡγεμόσι
1103 1157 1388 1229 παρρησίᾳ
1454 1156 1716 1210 ἐπέταττε
1772 1155 1868 1208 τοῦ

296 1253 736 1323 στρατεύματος,
773 1250 1064 1321 ἑτοιμάσαι
1088 1252 1215 1312 τοὺς
1248 1251 1449 1312 ἵππους
1484 1250 1687 1315 αὐτῶν,
1714 1248 1803 1320 ἐφ’
1829 1241 1874 1317 ᾧ

297 1341 394 1411 τῆς
428 1341 573 1409 πρὸς
600 1340 661 1392 τὸ
694 1339 998 1410 Δυρράχιον
1024 1338 1295 1410 φερούσης
1321 1338 1586 1406 ἅψασθαι.

367 1432 539 1484 Τοῦτο
579 1431 608 1483 ὁ
650 1430 979 1500 Βαῖμοῦντος
1000 1429 1237 1492 ἀκούσας
1262 1428 1496 1494 ἐξελθὼν
1523 1429 1614 1483 ἐπὶ
1636 1427 1873 1500 τῷ’πρδς

294 1522 396 1594 τὴν
428 1521 884 1591 ἀποτεταγμένην
907 1520 1055 1589 αὑτῷ
1089 1520 1311 1574 ἀπιέναι
1350 1520 1582 1591 σκηνὴν,
1616 1520 1712 1573 τὸν
1739 1521 1873 1591 ὲμῦν

291 1611 552 1682 Καίσαρα
578 1609 894 1681 Νικηφόρον
919 1609 1008 1663 τὸν
1034 1608 1321 1680 Βρυέννιον
1348 1608 1425 1679 τῷ
1453 1609 1546 1662 τοῦ
1582 1609 1872 1678 Πανυπερο

294 1703 563 1758 σεὸάστου
588 1704 707 1757 τότε
735 1703 1105 1774 τετιμημένον
1133 1700 1404 1772 ἀξιώματι
1445 1700 1629 1774 ἐζήτει
1676 1702 1872 1757 θεάσα-

295 1795 447 1850 σθαι.
482 1796 541 1848 Ὀ
567 1794 621 1849 δὲ
650 1792 879 1860 ἐξελθὼν
899 1795 993 1848 καὶ
1020 1796 1199 1848 πᾶσαν
1217 1792 1389 1847 πειθὼ
1416 1793 1588 1862 λόγων
1620 1795 1870 1865 κινήσας,

291 1890 483 1950 ὁποῖος
569 1890 778 1950 ἐκεῖνος
847 1886 906 1939 ὲν
968 1885 1338 1956 δημηγορίαις
1404 1887 1499 1941 καὶ
1570 1884 1872 1953 διαλέξεσιν

291 1978 700 2051 άπαράμιλ).ος,
735 1978 918 2032 πείθει
957 1978 1049 2031 τὸν
1084 1977 1422 2047 Βαῖμοῦντον
1453 1980 1565 2041 τοῖς
1595 1978 1873 2042 πλείστοις

293 2074 586 2131 συνθέσθαι
617 2075 725 2127 τῶν
760 2075 911 2146 παρὰ
947 2072 1042 2127 τοῦ
1076 2071 1344 2143 βασιλέως
1370 2072 1671 2143 ῥηθέντων.
1711 2073 1871 2144 Κρα-

291 2171 470 2241 τήσας
536 2166 630 2221 οὖν
685 2166 850 2221 αὐτὸν
903 2166 1004 2236 τῆς
1062 2164 1249 2236 χειρὸς
1310 2164 1521 2232 εἰσάγει
1587 2163 1724 2234 πρὸς
1779 2165 1873 2218 τὸν

288 2257 547 2330 βασιλέα.
578 2257 657 2327 Τῇ
688 2256 747 2309 δὲ
783 2256 902 2326 μετ’
939 2256 1110 2325 αὐτὴν
1138 2255 1426 2325 ἐνωμότως
1453 2259 1549 2308 καὶ
1583 2253 1725 2325 μετὰ
1771 2253 1871 2325 τῆς

288 2352 505 2411 οἰκείας
561 2350 933 2422 προαιρέσεως
955 2346 1097 2401 κατὰ
1121 2347 1181 2399 τὸ
1210 2344 1399 2400 δοκοῦν
1424 2346 1570 2415 αὐτῷ
1598 2344 1698 2417 τὴν
1730 2362 1872 2416 συμ-

290 2445 503 2514 φωνίαν
568 2443 911 2515 ἐπλήρωσεν.
966 2436 1096 2511 Εἶχε
1152 2439 1211 2495 δὲ
1260 2441 1331 2494 τὰ
1376 2439 1871 2511 συμπεφωνημένα

281 2538 465 2601 οὕτως
516 2536 648 2606 (88).

1979 513 2235 573 mundus,
2270 512 2482 566 tandem
2516 512 2601 566 hic
2635 512 2777 566 illius
2800 527 3080 566 sermones
3105 526 3291 580 parum
3320 511 3384 565 ad
3422 528 3549 565 suas

1979 617 2101 671 spes
2168 618 2231 656 ac
2300 603 2537 657 rationes
2612 604 3043 657 accommodatus
3111 603 3549 656 animadvertem

1979 693 2196 764 (quippe
2250 696 2337 762 qui
2390 694 2661 747 morditus
2706 696 2755 748 in
2815 696 3092 763 proposito
3134 696 3364 749 luere-ret
3392 734 3408 761 ,
3449 711 3548 749 nec

1978 786 2254 855 Cupiditati
2291 796 2453 853 atque
2484 785 2766 839 ambitioni
2798 802 2908 840 sua:
2933 788 3447 855 detrahiquidquam
3477 790 3544 840 du

1978 878 2226 946 superbis
2256 878 2360 931 illis
2404 878 2714 932 dominandi
2754 878 3115 949 reguaud‘que
3163 879 3303 934 τοῖς
3336 892 3552 950 βαίη-ΙΨ·-

1979 969 2110 1036 tur),
2144 970 2238 1035 sic,
2275 970 2425 1038 quasi
2457 972 2734 1037 dtsperata
2771 971 3158 1039 compositione
3186 1012 3200 1037 ,
3249 974 3548 1041 Augustum

1977 1061 2262 1130 alloquitur
2303 1078 2317 1115 :
2360 1061 2624 1127 Quoniam
2661 1078 2779 1132 qiue
2838 1065 3079 1131 promitzi
3135 1064 3484 1133 prmtarique
3521 1083 3548 1116 :t

1976 1168 2062 1207 nte
2099 1153 2189 1207 libi
2221 1155 2479 1222 postulas,
2516 1156 2590 1206 uti
2627 1155 2952 1207 dediIiann
2991 1156 3308 1221 Antiochia;
3345 1165 3403 1208 et
3438 1156 3539 1207 alii

1976 1246 2253 1317 Neraque,
2305 1262 2364 1301 ea
2396 1246 2655 1315 ejusmodi
2687 1262 2806 1301 esse
2837 1247 3012 1302 sentio
3041 1263 3158 1313 qua:
3185 1264 3280 1300 nec
3309 1247 3550 1317 polliceri

1976 1354 2075 1394 nec
2106 1352 2497 1407 repraesentare
2524 1340 2723 1407 possim
2752 1355 3010 1407 unquam,
3040 1355 3138 1407 age
3183 1337 3336 1406 juxta
3387 1339 3545 1393 fidem

1977 1431 2104 1484 mihi
2140 1447 2233 1499 per
2261 1440 2379 1484 tuos
2412 1430 2617 1501 legatos
2652 1446 2680 1482 τι
2719 1440 2769 1485 te
2797 1431 3003 1495 datam,
3052 1446 3230 1484 annue
3278 1431 3407 1484 mibi
3456 1446 3546 1484 sv-

1975 1537 2161 1576 eurum
2180 1523 2231 1577 in
2257 1534 2432 1577 caetra
2458 1537 2574 1576 mea
2603 1521 2855 1577 reditum.
2876 1523 2973 1577 Cui
2999 1523 3273 1594 Augustus
3305 1540 3317 1576 :
3343 1523 3550 1577 Prolixe

1974 1629 2125 1677 vero,
2156 1614 2351 1683 inquit,
2389 1615 2705 1681 Baimttnde,
2741 1630 2925 1669 annuo
2950 1617 3091 1685 quod
3126 1618 3294 1685 petis;
3326 1631 3388 1669 ac
3414 1630 3550 1685 quu-

1978 1708 2120 1760 niam
2146 1707 2213 1760 ad
2251 1717 2300 1760 te
2332 1716 2445 1762 tuto
2492 1722 2789 1777 secureque
2841 1707 3214 1762 deducendum
3268 1708 3544 1762 nemiuem

1983 1814 2067 1852 me
2101 1799 2219 1868 ipso
2249 1800 2513 1869 aptiorem
2550 1800 2723 1855 habeo
2750 1840 2765 1864 ,
2807 1800 2951 1871 agite
3008 1801 3209 1867 (vertit
3256 1802 3462 1856 vultum
3522 1818 3549 1854 a

1975 1887 2274 1944 Baimuudo
2302 1891 2544 1959 quicum
2587 1901 2798 1946 secreto
2845 1891 3203 1962 loquebatur,
3259 1895 3324 1947 ad
3381 1894 3550 1949 duret

1973 1982 2243 2036 exercitus
2293 1991 2530 2038 astantes
2585 1984 2876 2055 palamque
2947 1983 3079 2054 ipsis
3127 1994 3374 2039 contenta
3425 2000 3549 2037 voce

1973 2072 2053 2127 sic
2087 2073 2269 2135 edicit,
2296 2074 2459 2144 agite,
2491 2077 2733 2142 inquam,
2767 2090 2939 2143 equos
2971 2078 3252 2144 expedite,
3303 2090 3426 2130 mox
3458 2090 3542 2129 no-

1974 2163 2186 2219 biscum
2236 2163 2631 2236 Dyrrhachium
2686 2183 2875 2224 versus
2935 2167 3255 2234 profecturi.
3300 2167 3396 2223 llis
3457 2182 3545 2220 au-

1979 2258 2107 2312 ditis
2138 2256 2468 2315 Baimondus
2517 2274 2638 2315 cum
2698 2264 2764 2315 ad
2798 2261 3135 2330 designatum
3200 2269 3549 2329 paratumque

1976 2349 2079 2402 sibi
2124 2350 2529 2404 tabernaculum
2578 2366 2636 2407 se
2686 2353 2995 2422 reciperet,
3043 2367 3218 2405 meum
3282 2351 3549 2407 Caesarem

1971 2437 2336 2509 Nicephorum
2390 2438 2677 2512 Bryenium
2730 2441 3214 2512 paubypersebasti
3288 2442 3444 2497 titulo
3491 2453 3547 2494 ac

1978 2531 2238 2601 dignitate
2259 2532 2369 2601 jam
2403 2542 2513 2587 tum
2563 2544 2815 2589 ornatum
2866 2535 3047 2590 videre
3093 2537 3267 2590 obiter
3309 2533 3548 2605 expetiit.

292 2632 502 2689 Prodiit
557 2632 667 2699 ille,
726 2640 1001 2700 totamque
1050 2626 1326 2699 explicans
1378 2641 1540 2697 quam
1596 2640 1866 2683 summam
1908 2625 2143 2683 habebat
2168 2627 2381 2684 dicendi
2411 2630 2878 2694 vim,sermonum
2905 2630 3021 2699 ejus
3087 2632 3432 2685 familiarium
3497 2637 3547 2683 et

286 2729 629 2796 publicarum
675 2730 739 2783 ad
787 2727 1074 2782 conciones
1118 2724 1424 2780 orationum
1478 2722 1867 2794 experimentis
1907 2723 2120 2779 abunde
2149 2726 2453 2793 probatam,
2484 2727 2553 2780 ad
2616 2727 2959 2783 tractandum
3031 2728 3251 2782 adhibet
3313 2726 3548 2783 ferocem

287 2824 560 2884 animum,
594 2821 849 2890 omnique
878 2836 944 2876 ex
979 2828 1131 2889 parte
1160 2816 1517 2873 Baimundum
1565 2818 1737 2874 ambit
1785 2825 1949 2887 atque
1982 2829 2138 2889 urget
2205 2820 2421 2887 leniter,
2484 2836 2578 2876 sua
2638 2823 2727 2877 illa
2784 2839 2888 2893 qua
2940 2824 3175 2895 pollebat
3216 2827 3541 2895 incompara-

288 2916 386 2972 bili
408 2915 644 2971 efﬁcacia
682 2917 987 2980 suavitatis,
1005 2913 1179 2969 donec
1201 2911 1503 2969 molliendis
1521 2912 1865 2982 quibusdam,
1912 2914 2255 2983 imlulgendis
2282 2916 2423 2985 aliis,
2460 2918 2686 2987 perfecit
2726 2920 2943 2975 tandem
3016 2931 3073 2975 ut
3119 2920 3388 2990 plerisque
3455 2936 3543 2976 eo-

290 3028 411 3069 rum
442 3027 562 3082 qme
589 3014 865 3085 Augustus
900 3011 1130 3081 petierat
1188 3010 1539 3081 acquiescere
1591 3008 1701 3077 jam
1722 3018 1942 3079 paratus
1979 3021 2125 3065 esset
2152 3012 2507 3068 Baimundus.
2554 3014 2671 3081 Quo
2718 3016 2850 3070 satis
2904 3015 2989 3070 vir
3017 3030 3168 3071 meus
3222 3026 3505 3086 perspecto
3530 3054 3546 3081 ,

283 3111 517 3167 comiter
545 3111 942 3181 apprehensum
973 3123 1131 3161 malm
1163 3105 1523 3161 Baimuudum
1570 3107 1861 3161 introducit
1898 3105 2063 3178 5.06
2090 3107 2155 3161 ad
2187 3108 2507 3178 Augustum.
2571 3109 2835 3165 Convenit
2875 3112 3055 3165 statim
3109 3111 3249 3166 inter
3313 3115 3501 3167 ambos
3530 3154 3547 3177 ,

284 3214 343 3259 et
377 3204 639 3274 postridie
702 3216 768 3256 ex
824 3199 1106 3268 utriusque
1157 3199 1425 3254 sententia
1496 3197 1752 3252 conclusa
1832 3198 2127 3254 concordia
2195 3208 2301 3269 est,
2348 3198 2709 3257 instrumento
2779 3203 2989 3271 publico
3041 3201 3314 3258 Baimundi
3369 3204 3547 3262 verbis

287 3298 398 3352 rite
422 3304 706 3365 concepto,
739 3292 894 3360 cujus
917 3293 1220 3361 exemplum
1252 3291 1340 3344 hie
1377 3289 1629 3358 deinceps
1660 3288 2015 3344 describimus
2054 3305 2069 3342 :

367 3411 388 3445 ε
453 3393 522 3445 Ἥ
564 3392 663 3462 μὲν
699 3391 945 3460 προτέρα
993 3388 1306 3459 συμφωνία,
1356 3389 1478 3457 ἥτις
1507 3387 1575 3457 δὴ
1612 3389 1710 3441 καὶ
1752 3384 1870 3440 κατ’

2054 3406 2074 3440 ι
2112 3387 2354 3445 Primum
2408 3390 2648 3444 omnium
2682 3432 2697 3455 ,
2733 3393 3020 3446 conventio
3053 3402 3417 3464 tractatusque
3458 3397 3546 3454 ille

280 3487 469 3541 ἐκεῖνο
499 3481 695 3553 καιροῦ
724 3482 916 3549 γέγονε
946 3480 1085 3552 πρὸς
1114 3479 1175 3532 τὸ
1202 3479 1506 3546 Θεοστεφὲς
1535 3479 1736 3548 κράτος
1776 3495 1869 3533 σου

274 3578 493 3634 ὀπὸταν
523 3576 662 3646 μετὰ
683 3572 785 3641 τῆς
814 3569 1194 3640 πολυπληθοῦς
1224 3570 1444 3639 ἐκείνης
1472 3572 1735 3641 στρατιᾶς
1762 3571 1871 3624 τῶν

279 3670 565 3739 Φράγγων
612 3667 693 3731 είς
720 3667 822 3737 τὴν
855 3663 1110 3735 βασιλίδα
1158 3662 1315 3717 πόλιν
1349 3663 1731 3735 ἐπιδεδήμηκα
1756 3664 1872 3719 δια-

278 3763 498 3816 ϐαίνων
528 3759 638 3813 ἀπὸ
663 3758 763 3828 τῆς
791 3756 1064 3828 Εὐρώπης
1091 3756 1172 3819 είς
1203 3755 1304 3826 τὴν
1339 3755 1525 3809 Ἀσίαν
1555 3755 1652 3809 ἰπὶ
1675 3759 1739 3826 τῇ
1761 3756 1871 3809 τῶν

296 3852 701 3926 Ἰεροσολύμων
750 3848 1063 3919 ὶλευθερίᾳ,
1105 3846 1295 3919 ἐπειδὴ
1342 3847 1485 3901 κατά
1522 3863 1677 3909 τινας
1715 3864 1872 3918 περι-

282 3944 515 4007 πετείας
534 3940 880 4013 πραγμάτων
896 3938 1182 4009 ὴθὲτηται,
1208 3936 1396 4008 ἐκείνη
1422 3937 1525 4008 μὲν
1550 3938 1870 4008 σχολασάτω

284 4037 388 4093 καὶ
439 4034 517 4107 μὴ
549 4033 725 4105 ἐχέτω
772 4030 835 4085 τὸ
882 4028 1107 4100 ινεργὸν
1136 4029 1212 4092 ὡς
1239 4028 1301 4082 τὸ
1339 4029 1547 4100 ἄκυρον
1591 4030 1871 4101 ἀποφερο-
1905 4042 1911 4047 ’

287 4130 435 4202 μένη
486 4127 575 4181 διά
610 4125 711 4196 τὴν
745 4122 855 4177 τῶν
892 4122 1238 4194 πραγμάτων
1270 4121 1599 4192 περίστασιν
1622 4137 1637 4152 ⁶
1680 4124 1777 4177 καὶ
1807 4122 1867 4191 ἐξ

283 4221 512 4291 ἐκείνης
540 4216 602 4271 οὐ
631 4217 739 4289 χρὴ
771 4216 895 4269 κατ’
922 4212 1062 4285 ιμοῦ
1089 4212 1303 4266 δίκαιόν
1325 4231 1377 4266 τι
1410 4211 1557 4283 ἔχειν
1587 4210 1685 4283 τὴν
1713 4211 1868 4282 βασι-

282 4313 443 4365 λείαν
488 4326 608 4374 σου,
662 4306 963 4361 κάντεῦθεν
1028 4303 1406 4374 ἰσχυρίζεσθαι
1463 4304 1592 4374 περὶ
1638 4304 1746 4356 τῶν
1803 4305 1862 4357 ὲν

283 4402 482 4473 ἐκείνῃ
527 4395 1059 4470 συμπεφωνημένων
1104 4410 1165 4447 τε
1199 4395 1295 4447 καὶ
1325 4393 1866 4463 ἀναγεγραμμένων.

288 4491 547 4559 Πόλεμον
580 4488 689 4559 γὰρ
741 4484 1025 4558 ἀραμένου
1068 4501 1170 4554 μου
1204 4482 1349 4537 κατὰ
1380 4482 1477 4536 τοῦ
1510 4483 1605 4537 σοῦ
1635 4483 1869 4554 Θεοπροο

279 4586 489 4656 ϐλὴτου
514 4584 755 4654 κράτους
798 4581 893 4634 καὶ¹
920 4577 1342 4649 παραλύσαντος
1374 4576 1443 4629 τὰ
1488 4593 1863 4646 συμπεφωνη-

282 4680 451 4749 μένα,
496 4673 993 4745 συμπαραλέλυται
1032 4669 1241 4731 τούτοις
1272 4669 1368 4721 καὶ
1396 4670 1463 4721 τὰ
1495 4668 1603 4721 άπὸ
1637 4669 1733 4720 τοῦ
1767 4667 1861 4722 σοῦ

1972 3488 2132 3543 quem
2160 3491 2283 3531 cum
2308 3493 2339 3532 a
2362 3476 2471 3533 Deo
2500 3488 2754 3533 coronata
2789 3481 3073 3551 majestate
3108 3491 3194 3536 tua
3229 3493 3337 3537 tum
3374 3496 3546 3543 trans-

1980 3567 2089 3635 egi,
2129 3574 2343 3637 quando
2376 3570 2427 3624 in
2451 3573 2707 3625 comitatu
2757 3574 3184 3629 numerosissimi
3214 3575 3354 3630 illius
3381 3592 3543 3634 exer-

1969 3660 2111 3714 citus
2138 3658 2383 3715 Francici
2439 3676 2506 3716 ex
2571 3663 2784 3733 Europa
2816 3665 3215 3735 transgrediens
3264 3668 3315 3721 in
3356 3669 3539 3724 Asiam

1970 3746 2467 3821 Hierosolymorum
2559 3752 2935 3808 liberationem
2969 3795 2984 3821 ,
3068 3756 3540 3829 Constantinopoli

1972 3838 2218 3905 transivi,
2246 3848 2304 3894 ut
2325 3840 2645 3910 quibusdam
2674 3857 2851 3898 rerum
2883 3854 2936 3899 et
2968 3848 3302 3916 negotiorum
3358 3850 3428 3905 ab
3476 3866 3543 3905 eo

1970 3939 2214 4001 tempore
2248 3931 2642 3988 incurrentium
2670 3934 2877 3990 vicibus
2900 3935 3195 4006 abrogatas
3217 3949 3320 4005 est,
3354 3941 3425 3996 ita
3446 3958 3543 4012 pm

1968 4022 2230 4089 abrogato
2255 4022 2520 4092 planeque
2553 4023 2830 4093 antiquato
2880 4043 3025 4084 nunc
3077 4031 3339 4087 habeatur
3383 4052 3397 4087 :
3441 4051 3543 4089 nee

1968 4129 2034 4166 ex
2060 4127 2125 4167 eo
2150 4122 2237 4168 tua
2264 4114 2514 4184 majestas
2536 4114 2625 4183 jus
2654 4116 2755 4171 sibi
2792 4122 3023 4185 posthac
3069 4122 3235 4177 ullum
3282 4140 3497 4182 sumere
3523 4170 3540 4189 .

1968 4205 2124 4273 eique
2152 4206 2220 4261 ad
2251 4222 2401 4275 Spem
2434 4207 2596 4263 ullam
2628 4210 2783 4264 inniti
2812 4212 3006 4278 valeat,
3032 4213 3101 4268 ob
3122 4230 3182 4270 ea
3202 4231 3539 4288 quaecunque

1969 4310 2033 4350 ae
2062 4296 2455 4367 qualiacunque
2503 4308 2660 4354 cauta
2685 4340 2702 4366 ,
2737 4314 2958 4370 excepta
2990 4345 3006 4370 ,
3043 4306 3241 4376 scripta
3266 4347 3282 4373 ,
3318 4308 3495 4376 jurata
3524 4352 3540 4377 ,

1970 4388 2457 4458 quomodocunque
2512 4388 2584 4444 ibi
2635 4392 2895 4458 promissa
2943 4403 3034 4447 aut
3085 4410 3401 4454 memorata.
3446 4402 3538 4455 Et-

1971 4482 2117 4535 enim
2143 4480 2284 4536 bello
2317 4482 2514 4537 exinde
2547 4498 2576 4537 a
2618 4500 2705 4539 me
2735 4486 2997 4541 adversus
3045 4498 3187 4544 tuam
3220 4508 3248 4545 a
3284 4494 3389 4548 Deo
3416 4511 3543 4564 pro-

1972 4583 2171 4626 motam
2227 4573 2564 4639 majestatem
2626 4588 2770 4631 moto
2814 4592 3075 4649 gestoque
3119 4596 3366 4639 revocata
3419 4588 3540 4653 illa,

1972 4664 2236 4734 irritaque
2261 4680 2323 4718 ac
2346 4680 2495 4720 cassa
2524 4667 2791 4722 declarata
2840 4673 3052 4724 censeri
3097 4690 3223 4742 pars
3275 4686 3358 4729 est
3394 4691 3409 4728 :
3442 4694 3541 4733 nec

277 4772 527 4843 κράτους
573 4769 695 4821 κατ’
728 4765 864 4835 ἐμοῦ
896 4764 1215 4833 αἰτιάματα.
1254 4760 1367 4813 Νῦν
1392 4759 1448 4812 δὲ
1478 4758 1571 4813 οὖν
1602 4760 1645 4792 ⁶⁰
1674 4759 1862 4831 ὥσπερ

1973 4770 2196 4811 causam
2226 4765 2321 4810 aut
2350 4757 2562 4811 titulum
2598 4761 2838 4828 praebere
2865 4760 3027 4814 ullum
3060 4765 3152 4816 tibi
3180 4780 3336 4831 posse
3365 4765 3541 4833 ιρκίιίο

273 4869 348 4918 ὲκ
381 4859 747 4932 μεταμελείας
770 4857 1061 4926 ἐρχόμενος
1090 4853 1183 4907 καὶ
1210 4851 1401 4918 ὥσπερ
1426 4850 1609 4913 ἁλιεὺς
1629 4850 1864 4920 πληγεὶς

276 4955 383 5011 καὶ
415 4950 868 5019 ἀπενεγκάμενος
899 4946 1025 5000 νοῦν
1060 4944 1154 4998 καὶ
1200 4944 1365 5015 μόνον
1408 4943 1531 5012 οὐχ).
1564 4942 1641 5012 τῷ
1674 4942 1862 5013 δόρατι

1966 4864 2114 4903 mum
2168 4857 2359 4903 contra
2409 4865 2497 4904 me
2543 4852 2890 4904 accusatione
2945 4851 3051 4905 ulla
3106 4855 3393 4920 querelave
3451 4873 3538 4911 ve-

1968 4940 2170 4994 niendi.
2204 4939 2416 5007 Integer
2438 4953 2567 5007 ergo
2598 4955 2737 4993 nttuc
2764 4938 3031 5007 pleneque
3072 4942 3213 5009 juris
3261 4945 3362 4997 mei
3396 4944 3537 5000 ultro

273 5049 361 5116 τῷ
404 5045 500 5098 σοῦ
534 5042 947 5111 νουνεχέστερος
977 5035 1215 5106 γεγονὼς
1263 5035 1358 5089 καὶ
1398 5035 1495 5101 τῆς
1533 5034 1653 5087 κατ’
1686 5035 1863 5086 ἐκεῖνο

1973 5030 2057 5082 tibi
2088 5043 2169 5081 me
2203 5028 2357 5092 sisto,
2398 5027 2539 5081 velut
2565 5029 2802 5095 piscator
2833 5026 2967 5079 ictus
3004 5027 3085 5080 vel
3110 5043 3233 5084 sero
3278 5032 3536 5098 profiteris

274 5134 482 5207 καιροῦ
528 5134 698 5205 ἥττης
745 5131 843 5185 καὶ
889 5129 996 5184 τῶν
1043 5126 1299 5198 πολέμων
1344 5124 1719 5195 ἀναμνησθεὶς
1777 5122 1858 5185 είς

1965 5120 2336 5188 ρωιιὶιειιιίειιιι
2388 5137 2549 5190 quam
2581 5122 2800 5193 concepi
2849 5135 3070 5188 veram,
3120 5140 3185 5179 ex
3227 5135 3372 5180 certe
3418 5143 3534 5183 mea

1442 5243 1645 5305 Variae
1679 5242 1985 5304 lectiones
2023 5254 2107 5299 ex
2141 5237 2282 5299 eod.
2319 5236 2583 5300 Coislin.

344 5357 394 5391 ⁸⁸
427 5355 519 5412 αὖ.

1330 5433 1808 5500 Car.Dufresnii
1852 5435 1949 5495 Du
1996 5433 2208 5514 Cangii
2238 5440 2424 5497 notua.

339 5583 457 5647 (88)
513 5575 659 5646 Εἶχε
734 5574 803 5628 δὲ
862 5568 1059 5637 οὗτος.
1132 5568 1207 5621 De
1256 5580 1386 5634 pare
1440 5561 1855 5647 firmnata‘inlet'

1973 5564 2253 5647 Drdericus
2284 5562 2649 5647 e'tuhlatthzegs
2684 5563 2835 5619 Paris
2856 5580 2951 5647 ap.
2986 5560 3157 5633 “09;
3202 5577 3355 5621 vetus
3387 5565 3527 5621 srri-

262 5632 994 5711 “.31?lecinnamomi"...
1018 5632 1190 5703 'aguut
1230 5632 1484 5711 pra-terim
1539 5632 1853 5711 Fulrherjtts
1961 5647 2102 5705 μοι’,
2137 5646 2263 5691 tom.
2307 5632 2373 5689 IV
2404 5633 2541 5689 Hist.
2570 5634 2664 5690 Fr.
2699 5651 2821 5708 pag.
2854 5636 2944 5693 95.

643 5734 701 5779 It.
732 5710 977 5782 capL37;
1004 5702 1255 5764 Albertus
1283 5709 1384 5771 Aq.
1416 5705 1507 5757 lib.
1538 5720 1588 5767 κ,
1609 5719 1725 5773 cap.
1749 5702 1853 5766 4H;

602 5815 882 5875 Ριιτεοι..
929 5808 1047 5868 Gn.
1093 5799 1384 5863 CXXXI.

3019 5794 3095 5856 32
