3992 6278
257 336 368 401 1005

1403 330 1819 396 ΑΙΑΕΧῙΛὈῚΞ
1859 332 2006 396 LIB.
2041 335 2218 396 XIII.

3309 342 3452 409 1006

247 446 382 517 κυροῦ
420 444 654 499 Ἰωάννου
708 443 803 497 τοῦ
847 443 1366 516 Πορφυρογεννὴτου
1397 459 1411 473 ·
1455 443 1522 515 ἦν
1558 444 1768 514 ἀμετα-

1887 444 2195 500 ῖιινθειῑιιιτει
2229 445 2360 501 milii
2399 445 2680 503 confertur
2715 464 2810 520 per
2839 451 3041 508 Bnllam
3079 454 3310 511 Auream
3340 473 3454 511 ma-

245 537 422 606 κίνητον
454 536 545 589 καὶ
585 534 885 589 ἀσάλευτον
923 535 1180 602 καθέξειν
1212 533 1643 604 ὲπισχνούμενος
1668 551 1772 587 καο

245 629 386 700 Θάπερ
423 629 663 698 ἄγκυραν
721 627 964 699 ἀσφαλῆ.
1017 630 1127 682 Καὶ
1168 627 1257 681 ἴνα
1303 627 1636 682 ἐπαναλάϐω
1679 627 1774 681 τὸν

243 722 372 789 λόγον
404 721 722 792 σαφέστερον
759 722 853 774 καὶ
893 721 994 792 τὴν
1027 721 1268 790 ἰδιότητα
1317 719 1622 790 φυλάξαιμι
1663 720 1774 773 τῶν

243 815 484 884 ἐγγράφως
519 815 979 883 συμφωνούντων,
1029 814 1138 868 ἰδοὺ
1197 813 1309 882 ἐγὼ
1357 813 1694 885 Βαῖμοῦντος
1728 813 1773 845 ⁶²

243 907 340 969 υἱὸς
400 907 728 978 Ῥομπέρτου
783 907 1091 979 Γισκάρδου
1140 907 1421 977 συμφωνῶ
1482 907 1620 978 μετά
1678 905 1775 960 τοῦ

243 996 440 1066 κράτους
467 997 622 1064 ὑμῶν
655 998 749 1050 καὶ
801 998 902 1065 τὴν
942 998 1267 1066 συμφωνίαν
1312 998 1529 1069 ἀρραγῆ
1586 997 1777 1067 τίθημι

243 1088 486 1157 φυλάττειν
522 1089 658 1158 πρὸς
685 1090 784 1159 τὴν
805 1085 1090 1159 ’βασιλείαν
1121 1088 1300 1160 ὑμῶν,
1330 1090 1600 1155 τουτέστι,
1632 1092 1691 1143 σέ
1717 1102 1776 1142 τε

239 1181 316 1233 τὸν
339 1181 691 1252 αὐτοκράτορα
735 1182 1025 1252 Ῥωμαίων
1053 1184 1160 1255 κῢρ
1188 1183 1234 1217 ⁸³
1254 1182 1523 1253 Ἀλέξιον,
1557 1185 1651 1239 καὶ
1683 1185 1776 1239 τὸν

237 1271 430 1342 βασιλέα
457 1274 548 1325 καὶ
586 1273 700 1325 υίόν
737 1290 833 1327 σου
865 1274 955 1328 τὸν
996 1275 1537 1348 Πορφυρογέννητον,
1591 1276 1688 1329 καὶ
1716 1275 1777 1329 τδ

236 1361 381 1426 λίζιον
425 1362 725 1432 ἀνθρώπων
779 1363 1072 1418 ἅνόθευτόν
1101 1383 1160 1418 τε
1199 1367 1291 1419 καὶ
1348 1367 1778 1437 ἀπαραποίητον

234 1453 326 1517 ἕως
344 1452 398 1506 ἂν
421 1455 638 1523 ἐμπνέω
665 1456 757 1508 καὶ.
783 1455 921 1525 μετὰ
948 1457 1056 1508 τῶν
1077 1455 1297 1521 ζώντων
1323 1458 1774 1530 συναριθμῶμαι·

235 1547 317 1600 καὶ
345 1546 726 1617 ὲξοπλισαίμην
749 1548 846 1620 τὴν
869 1553 1028 1620 χεῖρα
1060 1549 1204 1604 κατὰ
1235 1551 1344 1604 τῶν
1373 1551 1623 1604 ἐντεῦθεν
1648 1552 1780 1604 ἀνα-

233 1640 589 1711 φανησομένων
646 1640 856 1713 ἐχθρῶν
898 1643 1052 1712 ὑμῶν
1091 1643 1185 1697 καὶ
1219 1645 1318 1712 τῆς
1358 1642 1635 1714 βασιλείας
1681 1643 1780 1713 τῆς

232 1733 471 1804 ὑμετέρας
495 1733 602 1787 τῶν
635 1735 1008 1788 ἀεισεϐάστων
1051 1736 1336 1790 σεδαστῶν
1369 1736 1636 1806 βασιλέων
1679 1736 1778 1807 τῆς
1810 1777 1830 1807 ε

227 1827 328 1880 τῶν
359 1828 631 1899 Ῥωμαίων
670 1830 974 1900 ἡγεμονίας
1005 1832 1098 1884 καὶ
1131 1830 1261 1884 ἔνθα
1297 1831 1362 1884 ἂν
1390 1832 1484 1884 καὶ
1541 1849 1780 1902 προστα-

227 1919 394 1992 χθείην
415 1921 498 1990 ὑφ’
525 1921 680 1991 ὑμῶν
695 1923 846 1993 ’μετὰ
871 1923 1052 1994 πάσης
1082 1925 1180 1994 τῆς
1227 1923 1357 1995 περὶ
1391 1925 1492 1994 ἐμὲ
1518 1923 1782 1994 στρατιᾶς

223 2015 614 2084 ἀπροφασίστως
661 2017 998 2070 ἐκδουλεύσω
1061 2019 1201 2070 κατὰ
1232 2017 1329 2090 τὴν
1366 2019 1782 2088 παρισταμένην

224 2106 414 2176 χρείαν.
450 2107 557 2159 Καὶ
598 2107 651 2159 εί
677 2125 820 2170 τινες
854 2109 918 2162 ἂν
958 2109 1052 2162 καὶ
1092 2105 1202 2162 εἷεν
1235 2109 1519 2180 δυσμενῶς
1565 2110 1782 2180 ἔχοντες

221 2196 348 2268 πρὸς
380 2196 434 2250 τὸ
470 2198 737 2269 ὑμέτερον
772 2201 974 2270 κράτος
1008 2201 1056 2253 εί
1100 2203 1285 2272 μήπου
1346 2205 1458 2266 τοῖς
1491 2202 1783 2265 ἀθανάτοις

216 2291 452 2358 ἀγγέλοις
486 2291 793 2355 ἰστάζοιντο
831 2294 896 2346 ἂν
938 2294 1032 2348 καὶ
1060 2295 1166 2348 εἰσὶ
1203 2296 1315 2357 τοῖς
1355 2294 1653 2365 ἡμετέροις
1691 2293 1780 2347 δό-

220 2399 368 2454 ρασιν
403 2383 653 2452 ἄτρωτοι,
687 2383 720 2454 ἢ
760 2385 1103 2456 ἀδαμάντινά
1138 2404 1260 2440 τινα
1292 2386 1641 2457 περίκεινται
1675 2384 1783 2438 σώ-

217 2494 356 2546 ματα
388 2478 522 2531 κατὰ
573 2477 779 2532 τούτων
839 2482 1062 2533 πάντων
1110 2481 1647 2552 ὑπεραγωνισαίμην
1683 2484 1783 2551 τῆς

214 2568 476 2638 βασιλείας
499 2569 678 2639 ὑμῶν.
707 2571 816 2624 Καὶ
840 2571 888 2622 εί
919 2571 1018 2642 μὲν
1053 2571 1222 2640 ὑγιῶς
1251 2571 1360 2644 ἔχω
1391 2572 1485 2626 τοῦ
1527 2573 1782 2644 σώματος

209 2663 302 2715 καὶ
358 2662 718 2733 ἐλευθεριάζω
760 2662 999 2733 πολέμου
1027 2664 1174 2726 τινὸς
1216 2663 1560 2737 βαρϐαρικοῦ
1596 2682 1654 2718 τε
1687 2665 1782 2718 καὶ

207 2751 501 2822 Τουρκικοῦ
560 2753 728 2816 αὐτὸς
758 2753 870 2821 ἐγὼ
910 2754 988 2822 τῷ
1028 2753 1144 2823 ἐμῷ
1183 2753 1397 2825 σώματι
1430 2752 1781 2825 ἀγωνιοῦμαι

204 2846 298 2896 καὶ
332 2843 416 2894 τὸν
451 2844 590 2910 ὑπὲρ
629 2844 784 2914 ὑμῶν
820 2846 1061 2914 πόλεμον
1092 2848 1231 2915 μετὰ
1270 2845 1364 2898 τοῦ
1407 2846 1780 2917 ξυνεπομένου

203 2936 631 3007 στρατεύματος.
671 2938 731 2990 Ei
772 2938 829 2991 δὲ
883 2937 915 3008 ἦ
949 2939 1090 3010 νόσῳ
1128 2938 1323 3010 βαρείᾳ
1376 2940 1649 3010 πεδοῦμαι
1694 2933 1781 2993 οἷα

202 3027 374 3080 πολλὰ
401 3028 467 3078 τά
499 3027 836 3099 ἀνΘρὼπινα,
873 3029 904 3100 ἢ
955 3031 1194 3100 πάλεμος
1236 3031 1588 3103 ἐπικείμενος
1642 3034 1784 3105 πρὸς

193 3120 395 3172 ἑαυτὸν
424 3119 569 3172 ἕλκει
603 3138 692 3189 με,
718 3121 840 3174 τότε
878 3120 962 3192 δὴ,
996 3125 1119 3174 τότε
1153 3124 1522 3194 ὑπισχνοῦμαι
1547 3127 1636 3179 διὰ
1669 3127 1777 3178 τῶν
1805 3149 1848 3206 c

190 3209 328 3279 περὶ
354 3208 452 3278 ἐμὲ
480 3211 746 3276 γενναίων
780 3211 1085 3281 ἀνθρώπων
1119 3231 1222 3284 μου
1287 3215 1387 3284 τὴν
1432 3216 1664 3285 δυνατὴν
1694 3217 1780 3282 ἐξ·-

187 3302 552 3355 αποστέ).λειν
583 3302 858 3374 βοήθειαν,
883 3304 958 3368 ὡς
982 3304 1444 3369 ὲπανασωζὸντων
1470 3307 1694 3360 ἐκείνων
1718 3308 1779 3362 τὸ

184 3393 330 3464 ἐμὸν
369 3393 664 3465 ἔλλειμμα.
727 3395 790 3447 Ἥ
838 3396 946 3466 γὰρ
995 3397 1132 3468 ὀρθὴ
1194 3397 1380 3462 πίστις
1430 3400 1498 3470 ἢν
1540 3401 1782 3471 σήμερον

184 3488 337 3559 πρὸς
399 3487 499 3559 τὴν
541 3486 823 3557 βασιλείαν
882 3489 1060 3558 ὑμῶν·
1119 3489 1281 3544 τοῦτο
1344 3493 1461 3544 ἐστὶ
1500 3492 1582 3552 τὸ.
1639 3492 1781 3562 sar

182 3579 445 3652 ἐμαυτοῦ
478 3581 510 3651 ἢ
542 3581 610 3635 δι’
640 3581 867 3652 ἐτέρων,
899 3583 1156 3655 καθάπερ
1186 3585 1432 3655 εἴρηται,
1457 3585 1783 3657 άνακρωτηο

177 3677 396 3746 ρξαστα
434 3677 624 3743 τηρεῖν
656 3675 721 3727 τὰ
771 3676 1249 3746 τῆςσυμιρωνίας,
1275 3677 1444 3746 ὁρΟήν
1493 3695 1550 3730 τε
1597 3677 1783 3732 πίστιν

173 3766 494 3831 φυλάττειν
529 3765 813 3837 διόμνυμι’
852 3767 944 3820 καὶ
995 3767 1226 3821 καθόλου
1277 3771 1374 3821 καὶ
1404 3770 1545 3822 κατά
1590 3769 1778 3840 μέρος,

172 3859 335 3927 ὑπὲρ
375 3856 476 3909 τοῦ
508 3857 780 3930 ὑμετέρου
814 3860 1050 3930 κράτους
1079 3861 1172 3913 καὶ
1196 3861 1295 3930 τῆς
1330 3861 1608 3932 ὑμετέρας
1638 3860 1782 3931 ζωῆς

169 3952 436 4020 ταυτησὶ
476 3951 622 4018 λέγω
653 3951 749 4020 τῆς
788 3953 940 4006 κάτω
970 3969 1029 4004 τε
1088 3953 1184 4006 καὶ
1216 3954 1413 4023 γηῖνης
1443 3968 1456 3981 ·
1492 3953 1632 4023 ὑπὲρ
1675 3953 1783 4022 γὰρ

165 4049 281 4116 τῆς
323 4044 592 4116 τοιαύτης
626 4045 778 4116 ὑμῶν
808 4044 974 4115 ζωῆς,
1007 4044 1266 4116 σιδηροῦς
1301 4063 1384 4108 τις
1427 4044 1651 4114 ἀνδρὸς
1694 4043 1786 4096 καὶ

167 4138 547 4207 σφυρήλατος
583 4136 884 4207 γεννοίμην
917 4139 1028 4200 τοῖς
1059 4139 1269 4202 ὅπλοις,
1310 4137 1448 4191 ἀλλὰ
1491 4137 1655 4209 μέχρι
1692 4137 1787 4189 καὶ

160 4233 279 4301 τῆς
317 4229 499 4300 τιμῆς
524 4228 622 4298 τῆς
654 4223 952 4300 ὑμετέρας,
993 4232 1274 4300 καὶμέχρι
1299 4229 1596 4300 βασιλικῶν
1630 4228 1786 4298 ὑμῶν

163 4321 375 4395 μελῶν
415 4323 651 4375 ἐκτείνω
678 4322 768 4374 τὸν
809 4322 993 4389 ὅρκον,
1021 4321 1076 4374 εἴ
1102 4339 1186 4384 τις
1211 4323 1397 4385 αὐτοῖς
1435 4322 1789 4376 ἐπιϐουλεύε-

155 4435 266 4471 ται
322 4417 589 4479 κάκωσις
639 4417 792 4487 παρά
847 4433 1011 4469 τινων
1055 4415 1356 4489 ἀλιτηρίων
1418 4417 1652 4489 ἐχθρῶν,
1694 4416 1788 4480 οὓς

1873 536 2088 607 jestatis
2124 548 2252 602 tute,
2299 554 2328 594 a
2383 548 2433 596 te
2488 542 2838 600 rubramento
2891 547 3274 619 subsrriptam.
3327 550 3458 619 Quae

1875 628 2090 699 quidem
2121 629 2274 685 Bulla
2305 647 2414 686 non
2440 636 2610 703 gratis
2638 638 2770 691 mihi
2805 649 2886 693 est
2926 642 3144 709 tradita,
3185 646 3276 699 sed
3305 661 3457 700 οοιιι·

1879 731 2085 776 mutata
2112 737 2210 792 pro
2245 739 2302 779 re
2331 727 2586 796 quapiam
2621 744 2647 781 a
2687 745 2770 785 me
2813 732 3051 788 vicissim
3108 738 3408 792 exhibenda
3437 757 3454 802 ,-

1877 812 1949 866 ita
1991 828 2090 884 ego
2122 826 2265 871 nunc
2307 819 2516 888 accipio
2564 828 2735 875 terras
2774 833 2830 877 et
2862 824 3098 881 ditioues
3141 829 3260 882 illas
3304 846 3331 882 a
3367 841 3455 886 ιιι-ι

1877 906 2160 978 majestate
2208 909 2547 967 irrevocabili
2599 914 2650 968 vi
2706 916 2977 985 praedictm
3034 918 3202 976 Bulla:
3261 923 3455 979 Aureae

1877 1001 2165 1057 attributas
2212 1005 2380 1071 mihi,
2422 1014 2484 1060 ut
2540 1007 2591 1061 in
2648 1013 3138 1066 remunerationem
3193 1022 3356 1084 at'que
3405 1016 3457 1070 in

1878 1095 2107 1160 pretium
2142 1104 2216 1149 tot
2278 1097 2492 1153 illarum
2536 1108 2917 1172 tantarumque
2952 1105 3232 1176 regionum
3271 1117 3326 1163 et
3373 1125 3462 1163 nr-

1878 1187 2047 1251 bium,
2107 1203 2376 1258 opponam
2423 1193 2764 1266 obligemqne
2807 1196 2966 1252 ﬁdem
3023 1214 3086 1252 ac
3136 1200 3453 1258 ﬁdelitatem

1885 1293 2060 1333 meam
2095 1280 2367 1350 majestati
2397 1285 2677 1354 utriusque
2706 1296 2939 1342 vestrum
2968 1305 2982 1355 ;
3021 1300 3158 1358 tuae,
3206 1293 3425 1362 inquam
3445 1335 3458 1356 ,

1882 1371 2062 1440 magni
2103 1371 2449 1440 imperatoris
2476 1378 2677 1443 domini
2711 1379 2887 1435 Alexii
2931 1381 3227 1449 Comneni,
3267 1393 3320 1439 et
3367 1385 3461 1438 de-

1881 1463 2264 1521 sideratissimi
2301 1468 2392 1522 ﬁlii
2431 1471 2504 1522 tui
2537 1473 2800 1540 principis
2840 1474 3041 1529 domini
3074 1475 3300 1534 Joannis
3332 1477 3464 1532 Por-

1882 1553 2220 1626 phyrogcniti
2262 1559 2532 1628 spondeus
2580 1572 2632 1616 et
2679 1563 2947 1634 pollicens
2996 1567 3274 1622 immotam
3337 1584 3459 1624 eam

1882 1643 2371 1717 inconcussamque
2414 1659 2770 1720 retenturum,
2807 1655 2951 1710 velut
2997 1656 3209 1712 ﬁrmam
3256 1660 3463 1714 ancho-

1886 1743 2023 1790 ra’m.
2055 1735 2229 1807 Atque
2259 1745 2315 1790 ut
2348 1739 2548 1796 clarius
2584 1757 2851 1812 exponam
2891 1755 3126 1801 mentem
3165 1763 3339 1802 meam
3362 1789 3376 1812 ,
3411 1759 3467 1804 et

1888 1827 2273 1895 proprietatem
2301 1845 2535 1896 servem,
2565 1831 2945 1905 legitimasque
2977 1852 3229 1908 usurpem
3268 1837 3465 1894 formu-

1885 1917 1967 1974 las
2006 1935 2194 1973 corum
2233 1921 2321 1989 qui
2375 1923 2479 1977 rite
2513 1924 2821 1979 ﬁdelitatem
2859 1919 3019 1983 alicui
3055 1944 3208 1983 snam
3259 1932 3464 2002 scripto

1887 2012 2200 2068 authentico
2232 2014 2558 2082 profitentur
2587 2034 2599 2070 :
2633 2033 2699 2072 en
2729 2033 2827 2089 ego
2869 2019 3202 2077 Baimundus
3239 2024 3463 2080 Roberti

1885 2102 2132 2158 Giscardi
2169 2106 2330 2170 ﬁlius,
2362 2107 2674 2163 fidelitatem
2700 2120 2756 2166 et
2777 2112 3170 2180 subjeCIionem
3207 2118 3466 2187 proﬁteor

1887 2209 2080 2250 vestrze
2114 2197 2406 2268 majestati,
2449 2202 2548 2254 hoc
2580 2211 2688 2264 est,
2715 2203 2812 2258 tibi
2846 2206 3159 2274 imperatori
3193 2208 3442 2264 Romano

1889 2301 2004 2339 rum
2037 2287 2256 2342 domino
2287 2289 2483 2345 Alexio
2508 2331 2522 2356 ,
2560 2305 2612 2347 et
2653 2295 2882 2366 principi
2929 2312 2992 2352 ac
3030 2298 3138 2355 ﬁlio
3191 2310 3285 2356 tuo
3327 2301 3467 2358 Por-

1885 2378 2283 2450 phyrogenito;
2327 2392 2380 2437 et
2415 2386 2657 2454 Spondeo
2694 2401 2781 2442 me
2827 2387 2981 2444 vobis
3031 2389 3212 2445 lizium
3249 2408 3465 2448 omnem

1884 2487 2071 2526 verum
2101 2488 2164 2528 ac
2193 2474 2464 2530 sincerum
2506 2476 2643 2544 fore,
2676 2481 2919 2550 quandiu
2948 2483 3197 2552 Spiritum
3227 2485 3422 2541 ducam
3450 2527 3465 2549 ,

1883 2575 1938 2619 et
1981 2579 2101 2618 cum
2151 2567 2286 2622 vivis
2336 2573 2686 2639 numerabor,
2745 2583 3198 2646 armaturumque
3247 2593 3468 2632 manum

1885 2669 2072 2712 contra
2119 2673 2308 2714 omnes
2345 2661 2436 2729 qui
2469 2676 2534 2714 ex
2581 2663 2683 2719 hoc
2728 2674 2975 2736 tempore
3025 2682 3146 2722 sese
3195 2669 3467 2738 proferen'

1889 2749 2069 2802 hostes
2132 2748 2429 2816 maiestatis
2469 2763 2688 2818 vestrae,
2750 2754 3144 2824 imperatorum
3210 2757 3470 2815 Romanae

1886 2839 2108 2894 ditionis
2143 2855 2360 2908 semper
2401 2844 2785 2912 Augustorum.
2825 2845 3020 2903 Vester
3067 2859 3272 2904 tantum
3320 2852 3472 2906 labor

1886 2927 2049 2984 fuerit
2102 2931 2294 2998 jubere
2345 2949 2408 2987 ac
2459 2937 2755 3005 praacipere
2781 2952 2888 3006 quo
2934 2941 3053 2994 loco
3112 2955 3176 2996 ac
3228 2954 3473 3012 tempore

1887 3022 2065 3076 velitis
2098 3037 2183 3076 me
2212 3032 2407 3092 praesto
2427 3024 2619 3080 adesse
2647 3043 2767 3081 cum
2795 3029 2929 3086 meis
2960 3031 3131 3100 copiis
3157 3033 3467 3102 universis:

1887 3113 2157 3181 obsequar
2193 3114 2465 3182 extemplo
2516 3115 2636 3170 sine
2679 3119 3053 3184 excusatione,
3107 3121 3225 3175 sine
3274 3137 3425 3179 mora
3452 3166 3468 3192 ,

1885 3205 2207 3272 naraboque
2241 3202 2454 3259 ﬁdelem
2490 3214 2545 3259 et
2574 3222 2735 3274 quam
2765 3207 3110 3264 utilissimam
3145 3211 3300 3268 vobis
3333 3230 3469 3285 ope-

1885 3311 2026 3359 ram,
2063 3304 2227 3366 prout
2289 3312 2377 3352 res
2433 3308 2732 3369 praesentes
2789 3302 3032 3369 exigent,
3101 3305 3470 3372 perduellibus

1889 3386 2106 3448 vestris.
2137 3396 2231 3442 aut
2263 3388 2670 3461 quibuscunque
2692 3392 3179 3464 quomodocunque
3211 3395 3364 3453 vobis
3389 3399 3471 3453 itt-

1889 3478 2058 3534 t'ensis
2093 3479 2223 3550 (nisi
2257 3479 2399 3536 forte
2433 3482 2836 3540 immortalibus
2876 3485 3082 3542 similes
3113 3488 3324 3558 angelis
3361 3491 3472 3546 sint

1889 3569 2312 3626 invulnerabiles
2347 3573 2548 3627 nostris
2580 3573 2772 3639 hastis,
2803 3582 2857 3628 et
2895 3575 3260 3631 adamantinis
3305 3577 3468 3632 solidi

1888 3664 2206 3732 corporibus
2242 3663 2495 3733 rigeant),
2530 3673 2640 3718 toto
2665 3665 2863 3733 impetu
2891 3680 2991 3735 pro
3015 3677 3192 3721 vestra
3220 3682 3383 3723 causa
3414 3679 3471 3724 et

1890 3756 2169 3825 majestate
2207 3756 2532 3825 impetendis
2563 3772 2626 3811 ac
2657 3757 3009 3813 debellandis.
3037 3758 3115 3814 Ac
3143 3760 3186 3814 si
3215 3775 3316 3830 ego
3349 3763 3470 3831 qui-

1890 3851 2009 3904 dem
2052 3857 2106 3902 et
2145 3863 2374 3917 corpore
2407 3849 2618 3913 valebo,
2655 3857 2708 3904 et
2740 3863 2771 3902 a
2807 3850 2945 3904 bello
2987 3865 3309 3922 quocunque
3345 3854 3472 3908 bar-

1889 3940 2073 3995 barico
2100 3949 2194 3994 aut
2224 3940 2453 3995 Turcico
2479 3939 2615 3995 liber
2643 3940 2819 4007 fuero,
2843 3958 2941 4012 per
2969 3958 3055 3999 me
3078 3944 3196 4015 ipse
3226 3960 3470 4016 praesens

1889 4034 2121 4088 ductabo
2155 4047 2304 4087 meas
2335 4032 2543 4103 copias,
2581 4048 2817 4104 cumque
2864 4036 2933 4092 iis
2979 4050 3157 4092 meum
3204 4048 3372 4109 caput
3417 4051 3472 4095 et

1889 4126 2057 4198 408
2071 4141 2267 4198 corpus
2294 4144 2346 4181 tn
2376 4143 2569 4198 pugna:
2594 4127 2885 4184 discrimen
2913 4141 3094 4184 vestra
3119 4147 3280 4186 causa
3309 4134 3470 4188 dabo.

1893 4222 1990 4276 Sin
2037 4237 2145 4286 me,
2180 4221 2360 4290 qualia
2398 4222 2566 4277 multa
2608 4223 2899 4279 humanam
2934 4225 3098 4278 vitam
3126 4224 3471 4282 incommoda

1892 4315 2172 4382 infestant,
2203 4326 2292 4370 aut
2322 4317 2505 4387 gravis
2533 4317 2758 4373 morbus
2786 4317 3110 4387 impedierit,
3148 4328 3241 4374 aut
3271 4318 3473 4375 bellum

1896 4407 2214 4465 incumbens
2274 4410 2343 4464 ad
2393 4424 2514 4466 sese
2571 4409 2678 4464 alio
2731 4411 2979 4476 traxerit,
3037 4419 3164 4467 tunc
3214 4412 3477 4482 polliceor

150 4509 422 4564 δυνατόν
458 4511 610 4564 ἔστιν
652 4483 752 4580 ἔμε
793 4509 1088 4564 καταλύειν
1127 4483 1538 4582 καλ-ἀπείργειν
1565 4510 1660 4564 τοῦ
1691 4527 1783 4564 κα-

1897 4503 2188 4558 missurum
2223 4517 2309 4558 me
2340 4517 2503 4573 quam
2539 4513 2728 4572 potero
2772 4503 3164 4559 validissimum
3207 4504 3472 4560 auxilium

148 4603 268 4658 κοῦ
302 4604 754 4673 ἐγχειρήματος
785 4603 922 4658 ἀλλὰ
945 4604 1038 4656 καὶ
1073 4603 1212 4674 ὑπὲρ
1251 4603 1434 4674 πάσης
1473 4603 1658 4674 χώρας
1687 4607 1789 4676 τῆς

146 4697 477 4769 ὑμετέρας
528 4696 624 4747 καὶ
665 4693 874 4759 πόλεως
919 4697 1123 4763 μικρᾶς
1151 4713 1208 4748 τε
1251 4696 1344 4748 καὶ
1395 4697 1643 4768 μεγάλης
1691 4698 1789 4751 καὶ

139 4793 368 4859 νήσων
399 4787 614 4851 αὐτῶν,
646 4787 741 4838 καὶ
777 4786 1137 4852 ἁπαξαπλῶς,
1172 4788 1344 4858 ὁπόση
1377 4788 1460 4852 τίς
1493 4790 1608 4842 ἐστι
1633 4790 1704 4860 γῆ
1727 4807 1788 4842 τε

136 4879 256 4932 καὶ
329 4875 608 4930 θάλασσα.
658 4876 764 4929 ὑπὸ
807 4877 874 4930 τά
917 4877 1160 4948 ὑμέτερα
1215 4879 1472 4950 σκῆπτρα
1523 4877 1583 4945 ἐξ
1617 4878 1784 4932 αὐτοῦ

127 4969 432 5040 δήπουθε
461 4967 560 5021 τοῦ
592 4967 970 5036 Ἀδριαντικοῦ
997 4968 1267 5037 πελάγους
1293 4973 1388 5024 καὶ
1414 4970 1575 5041 μέχρι
1602 4971 1786 5038 πάσης

124 5059 475 5128 ἀνατολῆς
507 5059 600 5110 καὶ
633 5059 778 5111 κατά
814 5059 988 5127 μῆκος
1021 5060 1116 5128 τῆς
1159 5059 1400 5131 μεγάλης
1442 5061 1623 5124 Ἀσίας
1659 5060 1789 5115 ἔνθα

117 5155 207 5207 τὰ
246 5153 388 5206 τῶν
437 5150 740 5220 Ῥωμαίων
790 5149 1068 5220 ὁρίσματα
1100 5145 1187 5219 ἦν.
1226 5151 1349 5202 Ἔτι
1381 5151 1660 5223 συμφωνῶ
1699 5152 1788 5203 καὶ

113 5246 326 5301 ἔσται
375 5243 506 5298 τῶν
541 5241 1072 5313 συμπεφωνημένων
1118 5243 1330 5314 μάρτυς
1366 5245 1460 5296 καὶ
1492 5244 1732 5312 ὑπήκοος
1763 5242 1791 5294 ὁ

108 5341 286 5406 Θεὸς
330 5337 645 5411 μηδεμίαν
679 5335 950 5407 μηδέποτε
989 5335 1176 5406 χώραν
1203 5337 1548 5407 τεταγμένην
1590 5336 1697 5387 ὑπὸ
1729 5334 1794 5387 τά

103 5436 428 5506 ὑμέτερα
482 5430 749 5499 σκῆπτρα
788 5425 902 5479 εἴτε
946 5425 1040 5478 νῦν
1085 5426 1195 5478 εἴτε
1229 5426 1518 5496 πρότερον,
1554 5427 1666 5478 εἴτε
1701 5426 1798 5479 πο-

95 5526 207 5580 λιν
249 5526 290 5598 ἦ
334 5523 543 5594 νῆσον
577 5520 801 5589 κρατεῖν
831 5535 888 5571 τε
925 5521 1019 5571 καὶ
1047 5518 1217 5588 ἔχειν.
1249 5520 1359 5572 Καὶ
1395 5519 1586 5582 ἁπλῶς
1619 5521 1794 5574 ὁπόσα

1896 4595 2135 4649 virorum
2169 4594 2392 4651 fortium
2423 4597 2513 4666 qui
2545 4595 2678 4651 mihi
2708 4597 2960 4663 subsunt,
2998 4598 3088 4668 qui
3122 4598 3189 4652 ad
3235 4606 3473 4654 vestrum

1899 4699 2090 4744 nutum
2123 4703 2234 4760 quo
2278 4687 2540 4760 jubebitis
2569 4699 2766 4760 praesto
2824 4689 3021 4754 futuri,
3079 4706 3256 4744 meum
3309 4691 3468 4744 ουτοι

1898 4786 2084 4855 quium
2135 4793 2526 4852 repraesentem
2575 4792 2630 4838 et
2682 4782 2954 4840 defectum
3005 4785 3314 4853 suppleam.
3353 4782 3478 4838 Haec

1895 4876 2041 4932 enim
2075 4884 2222 4930 recta
2265 4873 2396 4929 ﬁdes
2423 4883 2529 4938 est,
2556 4889 2718 4942 quam
2769 4873 2928 4929 hodie
2985 4871 3254 4939 majestati
3287 4881 3478 4927 vestra:

1894 4967 2097 5038 obligo,
2134 4976 2226 5021 aut
2257 4982 2350 5036 per
2378 4982 2465 5022 me
2493 4977 2581 5021 aut
2613 4982 2709 5033 per
2741 4964 2899 5031 alios,
2937 4975 2996 5018 ut
3022 4964 3174 5026 dixi,
3207 4963 3472 5018 iliibatum

1895 5060 2035 5114 tueri
2067 5059 2420 5127 subjectiouis
2442 5057 2710 5122 cilicium;
2748 5057 2850 5110 hoc
2880 5071 3044 5111 sensu
3083 5065 3284 5111 rectam
3311 5055 3474 5111 ﬁdem

1890 5155 2038 5223 juro,
2074 5163 2129 5207 et
2156 5153 2448 5206 universitn
2482 5162 2535 5206 et
2562 5165 2657 5219 per
2693 5162 2899 5221 partes,
2944 5167 3042 5220 pro
3073 5161 3251 5207 vestra
3284 5152 3480 5220 ampli—

1897 5245 2084 5299 tudine
2107 5259 2172 5298 ae
2205 5244 2466 5311 potentia,
2493 5258 2698 5314 proque
2725 5254 2904 5300 vestra
2929 5244 3062 5311 vita,
3088 5244 3213 5309 hac,
3237 5245 3474 5315 inquam,

1897 5335 2078 5390 inﬁma
2116 5335 2467 5405 terrestrique
2499 5350 2563 5391 ac
2593 5337 2828 5392 naturali
2857 5337 2967 5393 vita
2994 5381 3009 5406 ,
3039 5337 3242 5393 tuenda
3273 5352 3474 5408 pmpu-

1897 5425 2250 5498 gnandaqne,
2289 5441 2393 5480 non
2452 5425 2632 5483 minus
2691 5429 3051 5488 inconcussus
3106 5446 3170 5487 ac
3222 5438 3479 5485 constans

1898 5534 2058 5599 quam
2089 5517 2266 5572 ferrea
2297 5517 2380 5572 vel
2416 5533 2522 5573 tere
2550 5516 2668 5575 fusa
2713 5523 2943 5578 ductare
2981 5532 3160 5579 statua
3211 5522 3262 5575 in
3311 5521 3480 5576 armis

1271 5656 1468 5721 Variae
1509 5661 1816 5726 lectiones
1849 5678 1926 5724 ex
1953 5661 2095 5725 cod.
2134 5659 2402 5724 Coislin.

175 5799 240 5832 σι
288 5797 329 5850 δ
383 5781 785 5857 Βαῖμοῦνδος.
866 5781 913 5814 ⁸³
949 5780 1113 5838 Deest
1168 5779 1434 5853 νοιικῢρ.
