3992 6278
278 365 415 426 10113

1506 373 1916 436 ALEXIADIS
1947 378 2092 437 LIB.
2136 377 2292 440 XIV.

3392 384 3525 448 itm

274 473 573 537 Βυζάντιον
609 477 884 548 φερούσης
919 479 1115 550 ἥψατο.
1159 482 1503 538 Ἐπανελθὼν
1532 489 1588 541 δὲ
1616 490 1677 541 οὐ
1712 491 1847 560 προς

1955 488 2050 541 vit.
2109 489 2235 545 Post
2296 489 2410 556 ejus
2465 489 2763 546 discessum
2801 491 3030 546 detinuit
3062 503 3116 548 et
3149 507 3391 550 exercuu
3422 501 3523 552 alr-

271 569 491 630 ἀνέσεις
519 569 615 620 καὶ
649 570 970 636 ἀναπαύλας
1009 573 1289 628 ἀνέκλινεν
1325 577 1482 641 ὅλως,
1517 581 1657 634 ἀλλὰ
1703 582 1852 649 λογι-

274 659 504 725 ζόμενος
552 656 707 722 αὖθις
761 663 913 725 ὅπως
964 664 1035 718 τά
1086 667 1226 720 κατὰ
1275 667 1374 734 τὴν
1426 671 1702 741 παραλίαν
1750 674 1851 743 τῆς

277 750 541 820 Σμύρνης
575 755 670 805 καὶ
723 755 886 824 μέχρι
926 758 1099 826 αὐτῆς
1142 759 1458 824 Ἀτταλείας
1489 765 1536 814 οξ
1576 763 1850 834 Βά-ρσαροι

274 841 500 904 τελείως
539 844 860 914 ἡρείπωσαν
888 851 945 900 ἐν
967 850 1126 919 δεινῷ
1158 854 1415 916 ἐποιεῖτο,
1443 856 1491 906 εἰ
1523 855 1597 926 μὴ
1626 857 1724 920 τὰς
1760 859 1851 909 πό-

275 933 390 995 λεις
423 931 582 996 αὖθις
610 939 692 998 είς
719 938 820 1006 τὴν
845 943 1117 1010 προτέραν
1141 945 1484 1012 ἐπαναγάγοι
1511 950 1853 1002 κατάστασιν

274 1025 368 1075 καὶ
393 1025 487 1076 τὸν
516 1025 706 1096 πρώην
736 1030 967 1099 ἀποδοίη
1008 1033 1235 1099 κόσμον,
1265 1035 1360 1087 καὶ
1405 1038 1530 1098 τοὺς
1562 1039 1850 1110 ἅπανταχῆ

273 1116 679 1180 σκεδασθέντας
741 1121 998 1184 ἐποίκους
1054 1125 1246 1187 αὐταῖς
1292 1127 1725 1186 ἐπανασώσοιτο.
1776 1134 1851 1186 Οὐ

274 1209 386 1275 μὴν
433 1207 550 1260 ἀλλ’
582 1209 705 1262 οὐδὲ
740 1212 869 1280 περὶ
915 1213 1017 1282 τῆς
1061 1215 1158 1268 τοῦ
1203 1217 1461 1273 ’Λττάλου
1511 1222 1852 1292 ἀμεριμνίαν

269 1296 442 1368 εἶχεν,
469 1300 606 1355 ἀλλὰ
644 1302 848 1374 πολλὴν
879 1307 1120 1360 ἐποιεῖτο
1169 1309 1271 1379 τὴν
1316 1313 1448 1382 περὶ
1482 1315 1654 1383 αὐτῆς
1684 1333 1852 1384 φρον-

270 1389 418 1442 τίδα.
481 1391 539 1443 Ὀ
571 1392 873 1464 Φιλοκάλης
932 1392 1026 1450 οὖν
1081 1399 1351 1468 Εὐμάθιος
1399 1404 1560 1474 (ἀνὴρ
1601 1405 1657 1458 δὲ
1698 1402 1852 1472 οὗτος

269 1482 698 1550 ὲπιϐολώτατος,
745 1490 838 1540 καὶ
883 1489 994 1542 τῶν
1040 1491 1325 1560 ἐπιφανῶν
1370 1495 1429 1547 οὐ
1464 1497 1612 1563 γένει
1665 1499 1848 1567 μόνον,

267 1574 408 1628 ἀλλὰ
436 1577 527 1628 καὶ
557 1579 817 1648 φρονήσει
843 1582 949 1634 τῶν
975 1583 1184 1637 πολλῶν
1221 1586 1518 1659 διαφέρων,
1545 1590 1852 1662 ἐλευθέριος

269 1667 368 1718 καὶ
400 1665 636 1738 γνώμην
664 1671 758 1722 καὶ
794 1674 974 1742 χεῖρα,
1025 1676 1218 1740 πιστὸς
1265 1679 1364 1746 μὲν
1407 1681 1542 1750 πρὸς
1575 1682 1711 1735 Θεὸν
1757 1686 1852 1736 καὶ

264 1760 398 1821 τοὺς
433 1761 644 1829 φίλους,
679 1764 816 1833 πρὸς
858 1766 915 1818 δέ
960 1768 1089 1831 τοὺς
1147 1769 1413 1837 δεσπότας
1450 1775 1642 1839 εὔνους
1689 1777 1848 1847 εἰπερ

1955 581 2188 649 quandiu
2243 582 2545 649 Augustum
2599 599 2726 638 cura
2779 586 3088 654 Gallorum;
3147 594 3529 661 tandcm,qn2e

1955 672 2099 740 ipsos
2149 675 2471 742 spectabant
2528 687 2674 730 recte
2727 680 3038 736 constitutis
3096 697 3158 735 ac
3212 687 3528 752 compositis

1953 765 2226 828 onmihus,
2266 767 2369 820 iter
2403 769 2694 836 capessivit
2724 769 3039 841 Byzantium
3067 789 3273 829 Vt'rStlS.
3297 775 3524 831 Domum

1955 857 2145 922 redux,
2170 872 2272 910 non
2316 859 2403 910 ilic
2439 859 2490 912 in
2518 861 2690 913 otium
2720 865 3174 935 remissionesque
3201 867 3523 934 declinavit;

1954 946 2047 999 sed
2088 947 2270 1001 animo
2298 957 2556 1017 reputans
2592 953 2895 1007 miserrime
2924 966 3192 1009 vastatam
3222 967 3314 1011 aut
3345 961 3524 1027 potius

1956 1038 2249 1091 desolatam
2302 1039 2542 1096 funditus
2577 1057 2606 1096 a
2653 1043 2906 1100 Barbaris
2945 1061 3095 1100 oram
3143 1048 3283 1104 Asia:
3321 1053 3526 1105 littora-

1957 1128 2058 1182 lem
2095 1129 2404 1185 universam
2438 1143 2642 1201 quanta
2697 1145 2845 1207 patet
2876 1137 2942 1191 ab
2972 1139 3200 1210 Smyrna
3259 1159 3427 1212 usque
3462 1147 3527 1198 ad

1955 1220 2235 1286 Attalium,
2299 1224 2684 1290 exprobrabile
2743 1227 2845 1280 sibi
2907 1231 3179 1284 statuebat
3227 1229 3367 1298 fore,
3423 1237 3526 1290 nisi

1954 1307 2207 1363 ﬂorentes
2255 1311 2381 1364 olim
2411 1312 2658 1385 civitates
2700 1314 2838 1381 illas,
2889 1320 3237 1375 restituendis
3281 1325 3528 1378 aediliciis

1956 1415 2019 1454 ac
2044 1410 2239 1455 caetero
2265 1413 2482 1468 ornatu,
2517 1405 2728 1460 civibus
2757 1423 2974 1477 quoque
3031 1411 3268 1479 ipsarum
3319 1417 3408 1484 qui
3441 1419 3528 1470 di-

1953 1493 2124 1558 spersi
2153 1506 2370 1547 omnem
2408 1495 2462 1548 in
2498 1506 2709 1562 partem
2770 1500 2994 1568 reperiri
3047 1515 3287 1570 possent,
3350 1507 3401 1560 in
3437 1523 3530 1563 eas

1955 1584 2273 1639 reducendis
2313 1599 2610 1656 repararet.
2680 1590 2857 1661 Atque
2909 1595 2982 1647 illi
3046 1598 3280 1650 versanti
3337 1615 3524 1654 curam

1955 1675 2115 1730 istam
2158 1687 2211 1730 et
2265 1677 2439 1747 ipsam
2503 1683 2688 1738 urbem
2733 1683 2894 1739 Attali
2948 1687 3139 1756 majori
3169 1691 3331 1744 etiam
3365 1707 3524 1759 quam

1955 1779 2180 1824 caeteras
2202 1770 2564 1830 sollicitudine
2604 1776 2975 1846 amplectenti,
3011 1781 3157 1834 sistit
3188 1797 3245 1835 se
3282 1798 3527 1837 commn-

265 1867 351 1912 τις
381 1851 573 1915 ἄλλος·
607 1855 705 1920 τῆς
745 1857 934 1923 μέντοι
962 1863 1369 1934 στρατιωτικῆς
1409 1867 1659 1932 παιδείας
1702 1870 1844 1923 πάνυ

1957 1862 2081 1915 dum
2100 1860 2406 1918 'Pliilocaies
2429 1865 2751 1922 Eumathius
2785 1872 3175 1940 promptissimi
3212 1875 3293 1927 vir
3334 1877 3524 1941 animi,

267 1940 518 2011 ἀμύητος
547 1959 560 1974 ·
594 1945 719 1998 οὒτε
779 1950 889 2018 γὰρ
939 1951 1094 2017 τόξον
1159 1954 1255 2010 καὶ
1311 1960 1510 2026 νευρὰν
1557 1961 1647 2011 ἐπὶ
1682 1963 1850 2030 μαζὸν

266 2033 453 2086 ’ἐλκειν
470 2035 612 2104 ᾔδει,
649 2037 775 2092 οὔτε
835 2043 1018 2111 θυρεῷ
1051 2047 1384 2101 σκέπεσθαιο
1419 2049 1587 2103 τᾶλλα
1639 2053 1696 2104 δὲ
1741 2053 1850 2106 δει-

263 2124 518 2187 νότατος,
551 2127 742 2202 λόγους
774 2130 820 2162 ⁸⁷
871 2148 932 2184 τε
984 2135 1236 2206 ἐφιστᾷν,
1285 2139 1380 2190 καὶ
1431 2141 1518 2192 διὰ
1575 2142 1850 2196 παντοίων

271 2219 691 2287 μηχανημάτων
722 2223 850 2283 τοὺς
885 2224 1181 2295 πολεμίους
1233 2231 1448 2300 ἡττᾷν.)
1484 2226 1652 2294 Οὗτος
1683 2249 1852 2305 προσ·

271 2307 447 2360 ελῦὼν
520 2309 599 2378 τῷ
676 2313 1064 2386 αὐτοκράτορι,
1114 2320 1214 2389 τὴν
1271 2321 1370 2390 τῆς
1435 2324 1750 2388 Ἀτταλείάς
1802 2326 1850 2358 ⁸⁸

268 2402 521 2470 φρουρὰν
578 2404 857 2470 ἐπιμελῶς
919 2411 1104 2479 ᾐτεῖτο
1150 2413 1216 2467 θ’.
1281 2415 1573 2470 Γινώσκων
1623 2417 1718 2472 οὖν
1787 2421 1850 2472 τὸ

268 2494 522 2548 ποικίλον
557 2497 666 2552 τῶν
701 2498 868 2552 αὑτοῦ
907 2504 1198 2572 νοημάτων
1235 2523 1294 2558 τε
1327 2510 1422 2560 καὶ
1471 2511 1847 2582 ἐγχειρήσεων

267 2588 296 2638 ό
333 2589 718 2661 αὐτοκράτωρ,
774 2596 870 2648 καὶ
919 2595 1020 2666 τὴν
1067 2599 1650 2672 συμπαρομρτοῦσαν
1695 2603 1848 2676 αὐτῷ

270 2679 532 2750 εὐτυχίαν
562 2685 684 2754 ἥτις
714 2687 842 2739 ποτέ
885 2689 1003 2740 ἐστί
1039 2707 1098 2741 τε
1143 2692 1238 2744 καὶ
1277 2692 1499 2759 λέγεται
1528 2709 1541 2724 ⁸
1580 2697 1703 2749 οὐδὲ
1737 2699 1846 2766 γὰρ

269 2770 542 2842 οἰᾳδήτινι
593 2776 873 2830 ἐπιϐαλών
924 2797 1056 2833 ποτε
1111 2783 1308 2851 πράξει
1362 2785 1706 2859 διημάρτηκε
1751 2790 1844 2843 τοῦ

271 2863 479 2914 σκοποῦ
508 2879 522 2892 ’
562 2866 808 2921 πείθεται
856 2868 945 2922 διὰ
983 2871 1155 2924 ταῦτα
1181 2888 1196 2903 ·
1238 2876 1331 2927 καὶ
1381 2875 1644 2946 δυνάμεις
1701 2880 1841 2932 ἀπο-

269 2953 494 3020 χρὼσας
520 2955 674 3027 αὑτῷ
703 2958 909 3025 δίδωσι,
941 2962 1114 3014 πολλὰ
1156 2964 1497 3035 ὑποθέμενος
1539 2970 1630 3021 καὶ
1667 2972 1844 3022 ἐντει-

270 3041 509 3111 λάμενος
543 3046 601 3097 ἐν
631 3049 765 3100 πᾶσι
800 3053 1064 3120 νουνεχῶς
1112 3054 1212 3116 τάς
1246 3058 1622 3126 ἐπιχειρήσεις
1668 3063 1842 3113 ποιεῖ-

273 3134 424 3190 σθαι.
482 3136 542 3190 Ὁ
588 3138 644 3190 δὲ
690 3141 1020 3194 καταλαϐὼν
1063 3143 1161 3215 τὴν
1222 3147 1454 3200 Ἀὒυδον
1500 3150 1700 3203 αὐτίκα
1752 3153 1844 3204 τὸν

267 3229 588 3296 ἁναμεταξὺ
619 3231 1093 3302 διαπλωῖσάμενος
1125 3239 1393 3308 πορθμὸν,
1439 3242 1846 3311 καταλαμϐάνει

269 3315 334 3364 τὸ
374 3315 758 3386 Ἀτραμύτιον.
794 3321 956 3384 Πόλις
996 3323 1052 3376 δὲ
1111 3326 1307 3396 πρώην
1359 3327 1460 3397 μὲν
1503 3326 1572 3401 ἦν
1614 3331 1849 3385 πολυαν-

266 3407 640 3480 θρωποτάτῃ,
702 3415 944 3484 ὁπηνίκα
998 3419 1026 3469 ό
1087 3417 1307 3487 Τζαχᾶς
1370 3420 1432 3472 τὸ
1485 3425 1499 3452 ¹
1562 3423 1704 3477 κατὰ
1751 3424 1850 3493 τὴν

279 3498 540 3572 Σμύρνην
570 3503 817 3574 ἐληίζετο
847 3509 941 3561 καὶ
990 3509 1162 3581 αὐτὴν
1208 3513 1493 3578 παντελῶς
1541 3517 1849 3586 ἐριιπὼσας

265 3591 560 3660 ἠφάνισεν.
592 3595 696 3650 Τὸν
730 3599 862 3664 γοῦν
896 3601 1137 3672 παντελῆ
1177 3603 1490 3673 ἀφανισμὸν
1520 3607 1621 3677 τῆς
1661 3609 1848 3664 τοιαύ-

262 3699 372 3752 της
410 3683 748 3756 θεασάμενος
781 3690 1013 3758 πόλεως,
1045 3693 1123 3754 ὡς
1168 3694 1348 3748 δοκεῖν
1373 3700 1529 3767 ⁸μηδέ
1559 3700 1849 3771 ἄνθρωπον

269 3777 610 3846 κατοικῆσαι
634 3798 763 3834 ποτε
800 3783 860 3834 ἐν
893 3783 1054 3854 αὐτῇ,
1082 3789 1429 3858 παραχρῆμα
1459 3790 1846 3864 ἀνῳκοδόμησὲ

265 3885 330 3920 τε
363 3869 458 3920 καὶ
506 3871 586 3933 είς
621 3871 681 3924 τὸ
726 3874 994 3945 πρότερον
1033 3879 1455 3950 ἀποκατέστησε
1505 3883 1693 3951 σχῆμα
1721 3884 1848 3947 τούς

264 3974 330 4012 τε
354 3960 608 4027 ἐποίκους
639 3965 1019 4037 ἁπανταχόθεν
1057 3970 1448 4039 ἀνεκαλέσατο,
1486 3973 1679 4028 ὁπόσοι
1708 3977 1846 4039 τέως

266 4049 384 4102 τῶν
416 4052 759 4123 αὐτοχθόνων
788 4058 1074 4124 ἐσώζοντο,
1111 4063 1204 4114 καὶ
1251 4062 1310 4126 ἐξ
1354 4057 1674 4118 ἀλλοδαπῶν
1715 4068 1847 4120 πολ·-

266 4143 400 4205 λοὺς
432 4147 936 4220 μεταπεμψάμενος
966 4151 1192 4223 ἐνῴκισὲ
1234 4171 1293 4206 τε
1328 4156 1423 4210 καὶ
1454 4157 1545 4210 τὸν
1579 4159 1845 4230 πρότερον

266 4235 609 4291 ἀπεδεδώκει
655 4240 883 4311 κόσμον.
914 4244 1226 4314 Πυθόμενος
1269 4247 1328 4300 δέ
1373 4251 1502 4318 περὶ
1529 4250 1639 4302 τῶν
1669 4251 1842 4320 Τούρ-

267 4341 386 4377 κων
409 4327 502 4377 καὶ
536 4327 875 4398 μεμαθηκὼς
920 4332 1062 4385 κατά
1093 4335 1192 4404 τὴν
1226 4336 1466 4406 Λάμπην
1513 4340 1738 4402 τούτους
1767 4341 1846 4411 τῷ

266 4416 394 4470 τότε
432 4417 812 4489 ἐνδιατρίϐειν,
844 4423 1156 4493 ἀπόμοιραν
1197 4427 1307 4479 τῶν
1351 4429 1444 4481 ὑπ’
1479 4431 1644 4484 αὑτὸν
1684 4433 1844 4486 δυνάα

1953 1961 2007 2004 et
2029 1952 2305 2008 velocibus
2353 1969 2671 2026 magnarum
2726 1974 2907 2012 rerum
2947 1965 3388 2032 aggressionibas
3424 1969 3528 2019 mi-

1952 2057 2078 2097 care
2112 2044 2328 2100 habilis.
2394 2048 2524 2100 Erat
2572 2052 2657 2104 hic
2687 2067 2754 2105 ex
2799 2051 3135 2120 illustribus;
3191 2073 3296 2110 non
3332 2074 3529 2126 gem-re

1953 2137 2146 2202 solum,
2206 2137 2300 2192 sed
2354 2139 2516 2192 etiam
2575 2142 2856 2208 prudentia
2919 2143 3188 2214 plerisque
3242 2157 3530 2214 prmslans,

1953 2225 2088 2279 liber
2105 2238 2266 2297 atque
2295 2229 2474 2284 alacer
2502 2233 2894 2302 consiliojuxta
2925 2251 3216 2306 manuque,
3235 2235 3399 2309 420
3421 2240 3528 2294 Deo

1955 2318 2126 2372 fidelis
2157 2330 2213 2372 st
2245 2322 2468 2384 amicis;
2509 2322 2745 2377 dominis
2795 2340 2924 2378 vero
2959 2327 3248 2382 benevolus
3293 2332 3338 2383 si
3372 2332 3526 2398 quis-

1951 2423 2109 2476 quam
2145 2409 2303 2466 alius.
2337 2411 2652 2468 Militarium
2700 2417 3153 2473 exercitationum
3201 2423 3383 2485 rudis,
3419 2440 3525 2477 non

1953 2515 2112 2555 arcus
2147 2517 2371 2556 nervum
2401 2505 2468 2557 ad
2495 2521 2785 2560 mammam
2815 2511 3111 2578 attrahere,
3145 2527 3248 2566 non
3278 2514 3524 2584 clypeum

1950 2607 2074 2666 apte
2114 2599 2411 2654 obtendere
2473 2601 2709 2669 sciebat;
2744 2594 3002 2660 cancrum
3057 2607 3220 2662 animi
3287 2611 3524 2664 versutia

1951 2691 2250 2755 disciplinae
2284 2691 2548 2746 defectum
2604 2697 2886 2764 suppleas,
2922 2714 3173 2767 magnum
3228 2702 3309 2755 sui
3367 2705 3528 2756 dabat

1951 2782 2003 2834 in
2032 2781 2187 2836 bellis
2213 2798 2388 2844 usum,
2423 2799 2543 2838 cum
2571 2800 2635 2841 eo
2669 2802 2826 2842 nemo
2854 2790 3068 2844 cautius
3117 2790 3344 2846 insidias
3375 2794 3489 2847 loca
3509 2819 3526 2835 ε

1951 2882 2053 2936 ret,
2091 2890 2250 2930 nemo
2281 2877 2582 2944 machinas,
2619 2893 2776 2933 nemo
2832 2889 2984 2936 astus
3041 2892 3294 2952 artesque
3353 2888 3528 2953 Operti

1952 2967 2144 3021 martis
2193 2969 2508 3039 designaret
2554 2970 2948 3041 adhiberetque
3000 2973 3296 3029 solertius:
3333 2978 3528 3044 quibus

1947 3057 2262 3127 plerumque
2313 3061 2475 3114 rebus
2535 3061 2862 3119 fortissimos
2909 3065 3134 3120 vicerat.
3200 3069 3428 3138 Supplex
3484 3071 3528 3124 is

1872 3174 1915 3235 ρ
1950 3150 2260 3216 imperatori
2312 3150 2528 3216 accidit,
2565 3153 2730 3206 etiam
2760 3162 2925 3222 atque
2973 3157 3136 3208 etiam
3183 3172 3381 3228 rogans
3419 3162 3520 3215 sibi

1955 3250 2010 3294 ut
2027 3243 2175 3297 urbis
2193 3243 2404 3298 Attalis:
2429 3245 2736 3311 praesidium
2763 3246 3078 3312 prtefcctura
3090 3264 3246 3316 mque
3269 3255 3526 3308 commit-

1954 3342 2116 3388 teret.
2153 3334 2470 3403 Imperator,
2507 3336 2598 3403 qui
2631 3343 2868 3391 montem
2902 3338 3138 3393 hominis
3165 3342 3230 3393 ad
3279 3346 3523 3399 omnium

1951 3433 2253 3492 temporum
2293 3426 2610 3481 occasiones
2642 3435 2905 3496 paratam,
2958 3439 3012 3483 et
3041 3430 3256 3498 quidvis
3285 3443 3394 3488 tum
3427 3438 3525 3490 de-

1951 3518 2170 3587 signare
2195 3517 2506 3587 cogitando,
2545 3527 2656 3572 tum
2708 3519 2962 3574 invadere
3012 3523 3263 3577 audendo
3307 3525 3523 3582 facilem

1952 3618 2192 3671 noverat,
2225 3607 2542 3664 felicitatem
2572 3611 2733 3664 etiam
2766 3610 2960 3680 (qualis
2989 3627 3052 3666 ea
3103 3627 3526 3688 quasvecumque

1956 3702 2064 3773 est)
2097 3710 2418 3771 perpetuam
2445 3703 2615 3772 ceptis
2645 3700 2764 3772 ejus
2790 3700 3027 3757 adfuisse
3058 3705 3310 3759 comitem
3331 3710 3523 3762 memi-

1949 3801 2126 3859 nerat,
2157 3795 2356 3863 quippe
2388 3808 2548 3862 quem
2583 3793 2830 3848 ferebant
2859 3793 2991 3847 nihil
3039 3811 3270 3864 unquam
3303 3812 3526 3867 aggres-

1949 3898 2066 3939 sum
2102 3885 2243 3954 quod
2276 3899 2378 3939 non
2416 3884 2763 3950 confecisset,
2823 3888 3016 3940 annuit
3045 3902 3178 3942 sane
3213 3892 3437 3956 petenti,
3470 3900 3527 3945 et

1949 3977 2118 4032 multa
2153 3991 2380 4032 monens
2411 3979 2801 4047 mandansque,
2835 3993 2998 4045 super
3026 3981 3208 4034 omnia
3267 3991 3327 4035 ut
3386 3984 3524 4037 nihil

1948 4071 2050 4126 nisi
2082 4077 2245 4124 certa:
2275 4069 2505 4124 rationis
2553 4077 2668 4124 tuto
2702 4068 2928 4124 consilio
2966 4071 3287 4137 susciperet,
3319 4073 3524 4130 idoneis

1949 4165 2268 4220 instructum
2303 4164 2474 4234 cepiis
2521 4161 2742 4217 dimittit
2790 4175 2899 4229 quo
2933 4164 3202 4230 cupit-bat.
3257 4164 3305 4218 Is
3339 4182 3525 4236 perve-

1949 4269 2070 4311 ctus
2094 4259 2342 4328 Abydum
2378 4254 2599 4322 trajecta
2634 4253 2774 4306 freto
2799 4255 3121 4308 intermedio
3161 4255 3522 4328 Atramytium

1949 4365 2007 4404 se
2037 4349 2286 4404 contulit.
2338 4346 2762 4415 Populusissima
2823 4344 2937 4398 haec
2989 4345 3114 4398 οιίιιι
3174 4347 3384 4410 civitas,
3417 4363 3525 4417 quo

1953 4451 2193 4509 tempore
2215 4439 2458 4493 Tzat-has
2494 4436 2740 4507 Smyrna:
2784 4436 3102 4505 imperitans
3133 4447 3381 4491 cunctam
3418 4442 3526 4493 late

271 4526 427 4578 μεων
457 4511 898 4581 άποδιελόμενος,
930 4515 1203 4587 ἐξέπεμψε
1253 4519 1374 4573 κατ’
1413 4521 1615 4577 αὐτῶν.
1647 4523 1710 4576 Οἳ
1748 4525 1843 4578 καὶ

1950 4545 2098 4587 oram
2148 4533 2366 4599 impune
2402 4531 2671 4592 vastabat,
2719 4528 2786 4582 ab
2819 4541 2884 4580 eo
2918 4528 3156 4581 desolata
3220 4529 3525 4584 miserrime

267 4602 679 4666 καταλαϐόντες
706 4607 726 4636 ³
761 4607 960 4668 αὐτοὺς
998 4609 1094 4661 καὶ
1127 4610 1368 4679 πόλεμον
1409 4617 1682 4684 καρτερὸν
1725 4619 1844 4686 μετ’

263 4694 456 4748 αὐτῶν
499 4697 832 4764 συνάψαντες
857 4699 896 4762 ³,
924 4699 1022 4771 τὴν
1054 4701 1297 4756 νικῶσαν
1325 4699 1473 4775 εἶχον
1508 4708 1840 4776 παραυτίκα.

276 4786 536 4855 Ἀπηνῶς
579 4789 637 4840 δὲ
675 4791 788 4850 τοῖς
835 4789 1101 4861 Τούρκοις
1151 4794 1406 4848 τοσοῦτον
1454 4795 1478 4827 ι
1517 4794 1842 4867 ἐχρήσαντο,

264 4878 346 4941 ὡς
406 4877 502 4930 καὶ
549 4879 617 4931 τὰ
664 4881 859 4948 νεογνὰ
915 4882 1118 4934 τούτων
1173 4884 1254 4946 είς
1301 4885 1536 4956 λέϐητας
1588 4890 1845 4958 ἐμϐαλεῖν

268 4972 665 5041 καχλάζοντας,
688 4975 917 5038 πολλοὺς
943 4977 998 5029 δὲ
1028 4979 1120 5030 καὶ
1152 4977 1425 5045 ἔκτειναν,
1447 4981 1544 5034 καὶ
1575 4983 1847 5052 ζωγρείαν

265 5069 498 5130 ἄγοντες
541 5065 677 5134 πρὸς
707 5066 801 5118 τὸν
838 5067 1112 5134 Εὑμάθιον
1171 5071 1464 5138 χαίροντες
1515 5072 1842 5142 ἐπανῄεσαν.

267 5155 335 5205 υἱ
367 5153 427 5206 δέ
459 5170 521 5221 γε
557 5155 1016 5222 καταλειφθέντες
1058 5157 1292 5228 Τοῦρκοι
1345 5161 1844 5233 μελενδυτήσαντες

268 5246 364 5297 καὶ
398 5247 496 5308 τὰς
535 5245 554 5276 ³
579 5247 730 5311 σφῶν
770 5247 830 5311 ἐξ
868 5248 1049 5299 αὐτῶν
1091 5249 1312 5318 ἁμερίων
1355 5253 1686 5320 παριστάναι
1733 5255 1844 5315 τοῖς

269 5337 562 5406 Spe-pulos;
613 5339 953 5408 βουλόμενοι,
990 5340 1207 5396 ἃπασαν
1250 5346 1349 5415 τὴν
1393 5344 1496 5396 ὑπὸ
1525 5344 1635 5397 τῶν
1664 5343 1842 5410 Τούρ-

270 5448 382 5481 κων
439 5431 818 5501 κατεχομένην
863 5433 1084 5503 διῄεσαν
1116 5435 1322 5505 χώραν,
1377 5436 1568 5506 γοερὸν
1602 5433 1839 5505 ἀνοιμώ-

1949 4625 2272 4693 penitusque
2304 4621 2484 4676 excisa
2526 4619 2720 4674 fuerat.
2749 4622 3020 4678 Percussit
3061 4631 3282 4689 aspectu
3351 4623 3524 4690 primo

1950 4712 2243 4766 [’hilocalis
2267 4711 2503 4763 animum
2547 4711 2918 4764 misericordia
2950 4709 3097 4764 urbis
3131 4726 3196 4764 ex
3247 4711 3524 4764 ﬂorentis-

1950 4805 2087 4857 sima
2136 4801 2354 4856 fortuna
2405 4816 2468 4856 eo
2499 4802 2749 4860 redactas.
2778 4809 2835 4854 ut
2869 4799 2966 4854 soli
3015 4800 3128 4868 jam
3183 4800 3522 4854 incultissimi

1947 4895 2203 4965 squalens
2255 4893 2466 4954 horror,
2516 4893 2785 4945 neminem
2825 4890 2930 4944 illis
2965 4905 3200 4957 unquam
3249 4891 3524 4944 habitasse

1949 4988 2220 5043 hominem
2257 4986 2485 5039 suadere
2525 4985 2813 5036 videretur.
2853 4979 3032 5033 Muros
3078 4981 3244 5047 igitur
3301 4984 3518 5034 domos-

1949 5093 2052 5147 qne
2085 5077 2307 5129 reﬁcere
2343 5087 2631 5141 aggressus
2654 5108 2668 5133 ,
2704 5069 2848 5122 hrtvi
2883 5069 3080 5136 prioris
3118 5069 3304 5122 forma:
3347 5087 3522 5138 quan-

1956 5169 2078 5220 dam
2110 5163 2350 5232 speciem
2390 5161 2666 5224 restituit;
2698 5157 2890 5210 deinde
2941 5158 3058 5209 urbi
3117 5171 3381 5226 reparata:
3410 5163 3513 5217 fre-

1943 5255 2262 5322 quentandae
2295 5250 2440 5303 cives
2469 5250 2586 5317 ejus
2625 5258 2786 5315 atque
2822 5248 3102 5315 indigenas
3135 5263 3397 5319 quotquot
3426 5253 3511 5306 vei

1949 5358 2070 5396 rure
2121 5344 2323 5396 circum
2375 5339 2585 5392 abditos
2617 5339 2696 5391 vel
2743 5353 2964 5408 peregre
2995 5351 3239 5396 extorres
3284 5360 3378 5396 sua
3436 5345 3488 5398 in

1952 5438 2097 5490 hunc
2121 5433 2262 5487 diem
2287 5419 2505 5484 fortuna
2533 5440 2829 5492 servasset,
2876 5432 3193 5486 convocavit
3237 5435 3518 5489 undecun-

1302 5574 1505 5635 Varice
1535 5574 1834 5636 lectiones
1877 5589 1953 5633 ex
1993 5569 2135 5632 cod.
2178 5565 2444 5630 Coislin.

336 5696 380 5728 ³⁷
408 5694 621 5764 λόχους.
678 5692 725 5724 ’⁸
767 5693 1045 5747 Ἀττάλου.

266 5781 378 5820 τον.
419 5818 434 5825 _
457 5766 479 5797 ⁵
511 5763 600 5816 τά·

526 5856 796 5918 ΡΔτιπιοι..
835 5856 952 5917 Gn.
987 5854 1256 5916 CXXXI.

1139 5697 1184 5728 θ’
1210 5697 1348 5767 ᾔτει.
1446 5699 1460 5729 ¹
1488 5697 1574 5752 τά.

1653 5702 1671 5728 ¹
1705 5699 1760 5752 αἳ
1789 5699 1879 5752 καὶ
1909 5695 2331 5752 κατα).αίοῦσαι.

2435 5693 2454 5726 ³
2491 5689 2814 5760 συνάψειε-αι.
2895 5689 2914 5722 ⁸
2951 5687 3107 5744 Deest
3161 5704 3264 5746 vox
3319 5686 3507 5745 τοσοῦ-

3129 5851 3205 5912 33
