3992 6278
565 319 705 393 .1045

1831 331 2054 392 ANNfE
2095 327 2476 392 (ΣΟΜΝΕΝΑΞ

3618 335 3715 404 1036

564 462 671 516 que
711 446 1004 515 plurimos;
1035 445 1301 513 supplevit
1343 458 1631 500 numerum
1661 445 1916 510 coloniis;
1949 459 2122 500 accer-

2235 444 2426 508 ζοντες
2471 443 2569 498 καὶ
2621 443 2691 495 τὰ
2747 445 2933 508 σφίσιν
2985 443 3174 500 αὐτοῖς
3231 439 3550 511 ξυμπεσόντα
3602 445 3717 506 δεινὰ

565 541 840 607 sendaque
869 539 1083 590 aliunde
1111 536 1394 604 iuventute
1429 545 1484 591 et
1517 537 1887 592 celebritatem
1933 548 1988 592 et
2035 553 2128 592 or-

567 639 753 681 natum
787 627 1074 695 pristinum
1111 627 1416 696 Atramytio
1467 627 1728 694 reposuit.
1762 626 2008 695 Accepto
2034 641 2131 680 au—

567 730 672 772 tem
730 719 924 773 indicio
975 719 1040 772 de
1097 718 1294 772 Turcis
1319 735 1441 774 esse
1497 719 1617 773 illos
1663 719 1811 774 circa
1867 718 2126 787 Lampen,

565 811 764 865 lectum
807 825 998 879 agmen
1049 825 1112 864 ex
1169 811 1283 865 suis
1333 821 1671 880 segregatum
1715 811 1886 876 capiis
1941 821 2130 866 contra

2237 536 2608 606 διηγούμενοι,
2639 536 2749 588 κάκ
2802 533 2908 588 τῶν
2939 535 3161 603 ἀμφίων
3203 533 3432 598 ἅπαντας
3471 538 3540 600 εις
3583 535 3718 594 οἶκτον

2238 625 2672 698 παρακινοῦντες
2699 629 2794 680 καὶ
2830 629 2968 696 πρδς
3003 629 3218 696 ἄμυναν
3253 628 3576 697 ἐρεθίζοντες.
3609 630 3656 684 '0
3679 632 3720 685 δὲ

2238 719 2510 789 Εὑμάθιος
2547 718 2647 788 τὴν
2679 718 3068 788 Φιλαδέλφειαν
3105 719 3636 791 καταλαϐὼν,ἓχαιρεν
3653 722 3719 774 ιπι

2237 814 2304 881 τῇ
2337 812 2566 881 εὐτυχίᾳ
2598 812 2693 864 τοῦ
2723 813 3152 882 ἐγχειρήματος.

565 892 710 972 ipsos
744 905 912 959 misit.
945 903 1178 958 Profecti
1219 905 1384 958 nostri
1434 905 1547 958 acri
1619 917 1742 956 cum
1811 902 2005 958 Turcis
2059 905 2360 958 certamine
2421 903 2919 972 commisiso,plane
2973 906 3141 976 ipsos,
3171 907 3326 976 idque
3363 907 3540 978 impetu
3576 909 3719 976 primo,

565 1007 827 1069 superant
858 1015 872 1051 :
917 1009 1023 1050 tam
1061 997 1356 1051 crudeliter
1383 997 1461 1051 usi
1497 996 1721 1051 victoria
1751 1003 1810 1050 ut
1843 993 2140 1050 Turcorum
2181 995 2435 1065 parvulos
2467 997 2520 1050 in
2551 995 2756 1050 lebetes
2806 1011 2900 1064 per
2929 997 3106 1052 lusum
3137 1007 3194 1052 et
3255 999 3509 1054 lasciviam
3557 999 3723 1054 cachin-

567 1102 756 1150 nantes
788 1092 1092 1160 iujicereut.
1119 1091 1290 1146 Caesis
1324 1090 1589 1159 plurimis,
1627 1088 1872 1157 captivos
1925 1103 2140 1157 quoque
2177 1089 2436 1144 ducentes
2469 1089 2690 1154 multus,
2725 1090 2830 1144 ἰαιιί
2897 1091 2964 1145 ad
3025 1090 3364 1147 Eumathium
3416 1093 3616 1146 victores
3661 1105 3722 1144 re-

565 1191 751 1242 deunt.
784 1187 854 1242 At
886 1189 1047 1240 Turei
1083 1187 1426 1254 superstites,
1459 1199 1570 1254 quo
1597 1185 1798 1238 luctum
1839 1199 1902 1238 ac
1967 1183 2176 1238 cladem
2215 1199 2369 1237 suam
2427 1185 2660 1239 vestium
2709 1199 2924 1254 quoque
2983 1185 3207 1240 tristitia
3261 1195 3577 1252 testarentur,
3607 1183 3722 1252 pullis

565 1282 724 1334 atrati
757 1281 932 1348 palliis
975 1279 1336 1334 circumibant
1382 1277 1544 1330 urbes
1582 1277 1938 1344 regionesque
1971 1289 2159 1329 omnes
2197 1274 2412 1329 Turcici
2453 1275 2708 1340 nominis,
2741 1277 2967 1344 querule
3006 1293 3070 1332 ac
3101 1279 3498 1334 lamentabiliter
3551 1291 3721 1332 narran-

564 1383 647 1430 tes
677 1391 795 1442 qua:
821 1374 922 1428 sibi
951 1375 1142 1426 acerba
1177 1369 1553 1438 contigissent.
1589 1367 1839 1422 Movebat
1869 1382 1990 1422 cum
2027 1381 2132 1421 vox
2193 1367 2519 1421 miserabilis
2545 1377 2655 1420 tum
2687 1371 2894 1436 species
2953 1371 3195 1440 lugubris
3245 1374 3546 1442 supplicum;
3589 1373 3722 1441 itaque

567 1471 768 1538 passim
807 1468 872 1521 ad
907 1464 1340 1520 misericordiam
1398 1477 1645 1527 suorum,
1739 1462 1806 1516 ad
1863 1461 1999 1514 iram
2065 1469 2120 1512 et
2181 1468 2435 1514 conatum
2497 1461 2823 1530 reponenda:
2875 1462 3124 1518 hostibus
3171 1463 3338 1518 cladis
3389 1467 3722 1522 comitabantur

568 1563 710 1616 haud
736 1561 897 1614 dubie
923 1553 1484 1623 Barbari,Eumathio
1513 1555 1728 1610 interim
1750 1552 2134 1623 Philadelphia:
2171 1551 2258 1620 (eo
2289 1567 2348 1608 se
2382 1555 2755 1626 transtulerat)
2815 1555 2886 1611 ob
2951 1555 3264 1611 felicitatem
3317 1571 3574 1613 successus
3625 1559 3722 1612 tanti

564 1657 828 1724 gaudente
853 1657 904 1708 in
933 1653 1074 1708 sinu.

633 1747 902 1801 Caeterum
944 1745 1315 1814 arehisatrapa
1345 1743 1564 1813 quidam
1587 1783 1604 1810 ,
1638 1741 1782 1796 Asan
1817 1739 1980 1812 421
2033 1750 2129 1792 no-
2161 1737 2204 1797 Β

563 1840 709 1894 mine
771 1836 1165 1906 Cappadociam
1219 1836 1470 1890 obtinens
1529 1843 1584 1888 et
1643 1830 1912 1901 indigenis
1980 1829 2129 1884 velut

562 1929 852 1997 mancipiis
900 1928 1134 1998 superbe
1187 1941 1454 1994 avareque
1489 1925 1638 1980 abuti
1693 1923 1908 1988 solitus,
1944 1921 2130 1976 audito

561 2023 688 2089 quid
720 2020 1040 2088 contigisset
1071 2018 1263 2072 Turcis
1295 2019 1360 2072 de
1387 2017 1586 2086 quibus
1627 2015 1886 2078 diximus,
1916 2023 2128 2068 extem-

559 2113 646 2182 plo
681 2127 817 2182 quas
849 2112 899 2164 in
926 2125 1086 2164 manu
1123 2110 1352 2164 habebat
1383 2110 1554 2179 copiis
1607 2107 1922 2170 contractis,
1973 2105 2126 2160 aliis-

559 2219 662 2270 que
695 2201 914 2256 aliunde
943 2202 1142 2256 additis
1177 2216 1346 2270 usque
1399 2203 1466 2254 ad
1493 2214 1775 2253 numerum
1811 2205 2044 2266 quatuor
2073 2205 2128 2250 et

555 2297 744 2367 viginti
777 2295 1000 2350 millium
1037 2295 1266 2349 militum
1291 2333 1306 2358 ,
1339 2309 1458 2350 eum
1491 2293 1558 2346 iis
1605 2291 1834 2350 infestus
1863 2291 2012 2344 vadit
2035 2290 2128 2344 ad-

555 2403 746 2444 versus
805 2387 1172 2453 Eumatbinm,
1200 2400 1378 2440 acrem
1413 2383 1683 2440 hominem
1745 2398 1808 2438 ac
1866 2382 2123 2454 vigilem,

556 2484 782 2550 ideoque
847 2495 944 2536 nec
999 2479 1108 2533 falli
1153 2485 1243 2532 aut
1275 2475 1602 2545 deprehendi
1638 2473 1872 2528 facilem.
1900 2471 1952 2528 ls
1981 2471 2127 2526 Phil-

557 2573 818 2642 adelphiae
879 2572 1168 2626 considens
1219 2569 1452 2624 habebat
1505 2567 1702 2634 ubique
1751 2565 2126 2634 exploratores

555 2665 754 2718 multos
783 2663 916 2716 bene
947 2663 1150 2714 auritos
1182 2659 1425 2727 beneque
1455 2655 1698 2712 oculatos
1745 2655 1798 2708 in
1863 2655 2123 2725 speculis,

553 2768 786 2825 quorum
817 2762 1096 2819 utrunque
1135 2750 1370 2804 fidelium
1399 2762 1464 2801 ac
1497 2747 1844 2816 probatorum
1875 2746 2126 2802 attentio-

553 2861 674 2900 nem
707 2843 934 2898 subinde
959 2845 1178 2908 insuper
1209 2837 1608 2908 inspectoribus
1657 2837 1934 2892 mittendis
1964 2851 2124 2892 acue-

550 2938 642 2992 bat
675 2936 728 2988 in
757 2932 1174 2990 sollicitudinem
1200 2943 1363 2998 quam
1405 2927 1722 2991 maximam,
1747 2926 1821 2980 ita
1857 2933 1915 2980 ut
1936 2935 2125 2982 noctes

551 3039 692 3082 totas
722 3026 774 3080 in
804 3025 980 3094 vigilia
1011 3023 1378 3084 traducerent,
1411 3031 1574 3088 atque
1609 3020 1660 3072 in
1695 3026 1948 3088 suspecta
1981 3020 2125 3086 pari-

553 3134 636 3174 ter
677 3129 729 3172 et
753 3127 864 3172 tuta
899 3116 1010 3169 loca
1045 3128 1227 3184 parem
1259 3111 1613 3166 acrimoniam
1667 3124 1812 3165 curae
1865 3110 2117 3164 inconni-

551 3209 728 3264 ventis
763 3209 1126 3262 intenderent.
1165 3203 1366 3258 llorum
1401 3202 1492 3270 qui
1523 3200 1664 3256 forte
1694 3203 1901 3270 primus
1929 3213 2118 3258 contra

551 3303 856 3355 venientem
891 3297 1232 3366 conspicatus
1265 3294 1450 3364 procul
1477 3303 1560 3348 est
1589 3295 1886 3348 exercitum
1926 3293 2120 3350 Turci-

549 3410 670 3448 eum
731 3391 1006 3446 curriculo
1051 3389 1316 3443 accedens
1371 3385 1657 3440 Eutnatbio
1709 3385 1837 3455 quid
1887 3385 2117 3440 instaret

551 3485 784 3539 nuntiat.
813 3482 904 3537 Ille
927 3482 1090 3535 animi
1126 3481 1209 3533 vir
1235 3480 1648 3549 praesentissimi
1687 3478 2118 3534 deliberationis-

550 3593 653 3646 que
685 3577 918 3640 velocis,
961 3575 1158 3643 quique
1203 3573 1482 3642 longarum
1529 3573 1984 3628 consultationum
2027 3587 2116 3624 ra-

549 3670 764 3726 tiocinia
793 3681 900 3722 uno
927 3666 1043 3722 sani
1072 3664 1286 3720 consilii
1317 3674 1594 3718 mornento
1651 3663 1996 3732 corriperet,
2055 3671 2117 3716 ut

547 3764 728 3818 statim
755 3759 924 3815 sensit
968 3759 1280 3825 neutiquam
1309 3755 1498 3809 adesse
1532 3754 1723 3809 idoneo
1773 3761 1959 3823 copias
2013 3769 2116 3808 nu-

547 3867 700 3906 mero
731 3865 866 3920 quas
897 3863 1219 3918 comparare
1258 3845 1504 3900 Turcicis
1559 3845 1766 3914 patenti
1817 3845 1936 3900 acie
1985 3860 2114 3914 pru-

548 3949 736 3997 denter
777 3950 979 4011 posset,
1037 3939 1218 3994 claudi
1263 3936 1668 4004 Philadelphiae,
1708 3937 1797 3990 ubi
1833 3945 1950 3992 erat
1989 3953 2112 3992 cum

545 4037 658 4090 suis
715 4035 860 4104 ipse,
925 4039 1110 4100 portas
1163 4045 1350 4086 omnes
1403 4029 1576 4099 jubet.
1633 4029 1816 4083 Edicit
1873 4031 2110 4086 deinde:

547 4127 714 4180 Nemo
749 4141 961 4179 murum
995 4123 1272 4187 ascendat,
1307 4137 1464 4176 nemo
1505 4122 1721 4186 clamet,
1776 4137 1930 4178 nemo
1985 4123 2112 4178 tibia

545 4221 822 4273 citharave
847 4232 1038 4271 sonum
1068 4216 1211 4278 edat,
1257 4215 1348 4283 qui
1379 4214 1622 4268 exaudiri
1653 4215 1821 4280 possit
1849 4215 1915 4268 ab
1947 4216 2114 4268 hosti-

547 4314 898 4376 lnts;omnes
952 4309 1216 4380 ejusmodi
1271 4307 1538 4378 justitittm
1590 4308 1972 4376 silentiumque
2031 4318 2113 4360 te-

2313 1737 2757 1808 Ἀρχισατράπης
2803 1737 2859 1791 δέ
2885 1754 2968 1801 τις
3019 1739 3196 1790 ’Δσαν
3243 1739 3341 1807 τὴν
3387 1737 3574 1805 κλῆσιν,
3608 1736 3723 1804 trp

2231 1828 2634 1880 Καππαδοκίαν
2659 1828 2926 1896 κατέχων,
2987 1829 3103 1891 τοῖς
3155 1829 3435 1897 αὐτόχθοσι
3481 1828 3720 1897 καθαπερεὶ

2229 1918 2645 1988 ἀργυρωνήτοις
2699 1917 2976 1989 χρώμενος
3026 1917 3358 1990 μεμαθηκὼς
3409 1919 3474 1972 τὰ
3515 1922 3608 1981 τοῖς
3651 1919 3721 1988 ήδη

2232 2011 2446 2081 ῥηθεῖσι
2470 2013 2736 2083 Τούρκοις
2767 2015 3138 2082 ξυμπεσόντα,
3169 2013 3270 2078 τὰς
3303 2015 3496 2075 οἰκείας
3519 2013 3720 2079 δυνάμεις

2228 2104 2662 2176 ἀναλαϐόμενος,
2719 2105 2815 2158 καὶ
2842 2105 3110 2175 ἑτέρωθεν
3167 2109 3396 2171 πολλοὺς
3431 2105 3721 2178 μεταπεμψά-

2231 2217 2393 2269 μενος
2423 2200 2482 2262 ἐς
2519 2199 2698 2252 εἰκοσι
2727 2199 2868 2269 πρὸς
2887 2201 3008 2262 ταῖς
3040 2201 3309 2270 τέσσαρσι
3339 2181 3562 2270 χιλιάδας
3593 2214 3722 2268 παρα-

2228 2290 2423 2359 στῆναι
2458 2289 2519 2343 τὸ
2551 2289 2646 2342 ὑπ’
2668 2289 2834 2344 αὐτὸν
2861 2291 2882 2323 ⁸
2917 2292 3240 2364 στράτευμα
3273 2293 3387 2347 κατ’
3417 2291 3562 2346 αὐτοῦ
3587 2291 3720 2353 ἔξεισι.

2227 2382 2412 2445 Δεινὸς
2444 2381 2500 2434 δὲ
2547 2381 2623 2435 ὣν
2677 2381 2818 2452 ἀνὴρ
2867 2387 2895 2437 ὁ
2949 2385 3254 2454 Εὐμάθιος,
3287 2385 3364 2447 ὡς
3407 2387 3612 2455 εἴρηται,
3651 2380 3722 2431 οὐκ

2228 2471 2447 2540 ἀμελῶς
2480 2473 2582 2542 τὴν
2629 2474 3012 2542 Φιλαδέλφειαν
3065 2476 3232 2546 ᾤκει,
3287 2471 3722 2528 οὐδ’ἀναπεπτώκει

2227 2565 2359 2618 εἴσω
2388 2565 2498 2620 τῶν
2525 2566 2730 2636 ταύτης
2753 2567 2952 2636 τειχῶν
2998 2569 3272 2636 γεγονὼς,
3311 2569 3440 2622 ἀλλά
3467 2563 3659 2624 σκοπούς
3683 2575 3722 2612 τε
3801 2565 3806 2570 ’

2225 2657 2514 2728 ἁπανταχῆ
2567 2657 2806 2726 ἔπεμπε.
2867 2660 2982 2713 Καὶ
3031 2661 3120 2713 ἵνα
3210 2661 3284 2734 μὴ
3339 2659 3569 2730 ἀμελοῖεν
3615 2653 3722 2706 αὐτοὶ

2227 2750 2624 2819 προσέπεμπεν
2645 2751 2858 2812 ἄλλους,
2885 2751 3138 2822 καὶπρὸς
3163 2753 3516 2824 ἐγρηγόρησιν
3535 2742 3724 2816 ἀνηρέθι-

2228 2844 2346 2909 ζεν,
2393 2842 2536 2896 ὥστε
2575 2844 2884 2913 παννύχους
2917 2846 3306 2916 ἐγρηγορέναι,
3353 2843 3441 2898 καὶ
3477 2841 3562 2904 τὰς
3600 2831 3726 2906 dulei-

2225 2933 2352 2998 δους
2415 2935 2513 2988 καὶ
2573 2936 2672 2997 τὰς
2729 2937 2989 2998 πεδιάδας
3048 2937 3390 3008 περιαθρεῖν.
3443 2931 3627 2986 Τούτων
3659 2921 3722 2979 οὖν

2225 3042 2310 3088 τις
2339 3025 2625 3096 πόρρωθεν
2677 3027 2738 3078 τδ
2785 3027 3090 3096 Τουρκικδν
3143 3029 3474 3094 θεασάμενος
3523 3021 3722 3093 στράτευε

2233 3131 2328 3186 μα.
2390 3115 2648 3186 δρομαῖος
2719 3117 2870 3186 αὐτῷ
2918 3119 3241 3188 προσελθὼν
3303 3113 3624 3184 ἀπαγγέλλει.
3681 3107 3722 3157 ’0

2227 3205 2285 3260 δὲ
2315 3206 2598 3275 φρενήρης
2641 3205 2716 3258 ὢν
2745 3207 2842 3259 καὶ
2869 3207 2998 3272 ὀξὺς
3043 3207 3102 3260 τὺ
3153 3210 3272 3262 δέον
3329 3207 3540 3261 συνιδεῖν
3577 3203 3651 3254 καὶ
3682 3197 3722 3248 δν

2229 3296 2487 3366 ἀσκέπτῳ
2515 3298 2692 3367 χρόνῳ
2727 3299 2904 3368 πέρας
2935 3303 3050 3362 τοῖς
3085 3300 3370 3370 λογισμοῖς
3409 3299 3601 3357 διδόναι,
3639 3290 3722 3342 ἐπεὶ

2231 3387 2306 3456 μὴ
2341 3387 2672 3458 ἀποχρὼσας
2700 3390 2838 3457 πρὸς
2883 3395 3153 3455 τοσαύτας
3207 3393 3356 3462 ἔχειν
3387 3379 3704 3458 ὲγνὼκειδυνᾶ

2229 3499 2353 3550 μεις
2374 3482 2719 3552 παραχρῆμα
2771 3483 2988 3548 ἁπάσας
3055 3485 3157 3546 τὰς
3209 3483 3380 3546 πύλας
3417 3477 3615 3546 ταυτησὶ
3652 3472 3723 3538 τῆς

2227 3573 2435 3636 πόλεως
2491 3574 2896 3643 ἀσφαλισθῆναι
2947 3575 3206 3629 ἐκέλευσε
3225 3578 3266 3642 ⁷,
3331 3574 3422 3628 καὶ
3467 3569 3636 3643 μηδένα
3679 3563 3722 3613 τὺ

2227 3665 2488 3733 παράπαν
2527 3666 2608 3726 εἰς
2656 3665 2718 3715 τὸ
2753 3665 2930 3734 τεῖχος
2962 3670 3367 3737 συγχωρεῖσθαι
3407 3663 3604 3722 ἀνιέναι,
3649 3655 3726 3724 μή·

2223 3773 2286 3808 τε
2337 3757 2444 3825 μὴν
2479 3756 2818 3826 κραυγὰζειν
2869 3758 3029 3822 ὅλως,
3085 3761 3228 3830 μήτε
3275 3755 3513 3826 αὐλοὺςῆ
3545 3749 3722 3816 κιθάρας

2225 3850 2400 3917 ἠχεῖν,
2453 3851 2548 3902 καὶ
2618 3849 2804 3912 ἁπλῶς
2843 3851 2902 3903 ὲν
2927 3851 3160 3922 τοιούτῳ
3213 3853 3449 3923 σχήματι
3501 3837 3723 3914 τὴνπὸλιν

2225 3942 2606 4010 κατεστήσατο
2637 3941 2780 3995 ὥστε
2813 3944 2993 4012 πάντη
3019 3946 3280 4013 ἀοίκητον
3304 3945 3470 3996 δοκεῖν
3497 3940 3590 3996 τοῖς
3609 3933 3720 3998 διερ-

2224 4033 2494 4102 χομένοις.
2513 4033 2571 4085 Ὁ
2599 4033 2655 4086 δὲ
2702 4034 2866 4088 Ἀσὰν
2895 4035 3030 4105 (l9),
3057 4034 3380 4088 καταλαϐὼν
3411 4031 3498 4099 τὴν
3523 4019 3699 4081 Φιλαδέλ

2224 4137 2383 4192 φειαν
2405 4125 2587 4194 καὶτῷ
2605 4127 2792 4196 οἰκείῳ
2809 4127 3122 4196 περιζώσας
3143 4131 3210 4181 τὰ
3223 4129 3372 4196 τείχη
3395 4118 3717 4193 στρατεύματι,

2223 4217 2314 4269 ἐπὶ
2339 4217 2488 4288 τρισὶ
2536 4219 2871 4286 παρέμεινεν
2900 4223 3154 4291 ἡμέραις.
3177 4222 3270 4283 Ὠς
3298 4219 3354 4272 δὲ
3387 4217 3544 4273 οὐδεὶς
3565 4203 3724 4263 ἄνωθεν

2226 4311 2556 4378 προκύπτων
2587 4311 2876 4379 ἐφαίνετο,
2929 4313 3064 4366 αἰδὲ
3103 4314 3272 4367 πύλαι
3305 4310 3408 4363 τῶν
3449 4305 3580 4362 ὲντδς
3614 4294 3718 4365 εἵλην

547 4411 716 4456 neant
739 4416 846 4470 quo
881 4398 1190 4469 persuaderi
1238 4397 1704 4452 circumeuntilms
1732 4398 2114 4452 auscultatnris

2223 4402 2548 4468 ἀσφάλειαν,
2605 4403 2881 4467 ἑλεπόλεις
2937 4404 2995 4457 δὲ
3046 4405 3105 4457 οὐ
3168 4404 3422 4473 παρῆσαν
3465 4391 3593 4458 αὐτῷ
3633 4381 3716 4474 of]?

551 4502 715 4559 (preat
746 4493 903 4559 plane
939 4493 1208 4545 desertam
1256 4501 1312 4543 et
1359 4504 1388 4542 a
1447 4489 1661 4543 nemine
1696 4489 1892 4543 cultam
1927 4492 2116 4542 viven-

549 4597 682 4637 tium
711 4585 850 4636 hanc
875 4581 1044 4635 videri
1075 4581 1370 4634 civitatem.
1401 4581 1654 4634 Admovit
1699 4582 1824 4635 inde
1875 4582 2018 4635 Asan
2062 4598 2119 4636 se

553 4674 952 4742 Philadelphia,
983 4687 1048 4725 ac
1099 4687 1220 4726 cum
1271 4673 1459 4726 urbem
1516 4687 1714 4726 corona
1749 4689 1968 4726 suorum
1999 4675 2116 4726 cin-

549 4779 693 4818 ctam
726 4765 943 4817 curiose
991 4772 1103 4816 tuto
1164 4759 1342 4814 triduo
1389 4759 1706 4826 lustrasset;
1749 4761 2112 4824 solitudinem,

553 4856 798 4924 inquam,
827 4854 1105 4917 nnenitnn,
1161 4853 1558 4906 obstructarnm
1597 4864 1625 4902 a
1677 4857 1828 4918 parte
1877 4852 2114 4904 interiori

547 4952 823 5010 portat-um
872 4943 1105 5010 speciem
1142 4951 1503 5008 czeteramque
1550 4937 1884 4994 inﬁrmitatis
1933 4955 1995 4994 ac
2045 4943 2111 4996 ti-

2225 4495 2527 4564 πετροϐόλα
2563 4497 2772 4565 ὄργανα
2789 4498 2830 4560 ⁸,
2892 4497 3124 4566 νομίσας
3175 4469 3354 4562 ὀλίγον
3394 4487 3517 4542 εἶναι
3562 4483 3609 4534 τὸ
3651 4469 3716 4526 rbi:

2223 4586 2296 4636 Εὐ
2307 4587 2499 4654 μαθιου
2521 4589 2838 4656 στράτευμα
2865 4591 2958 4642 καὶ
2991 4589 3078 4642 διὰ
3109 4586 3272 4641 τοῦτο
3295 4583 3423 4656 μηδὲ
3448 4567 3716 4640 ἁποθαρρεῖν

2219 4677 2319 4746 τὴν
2351 4676 2622 4740 ἐξὲλευσιν
2659 4679 2754 4731 καὶ
2784 4679 2980 4747 πολλὴν
3011 4679 3296 4732 ἀσθένειαν
3331 4659 3716 4737 καταψηφισάμε’

2222 4785 2312 4830 νος
2345 4769 2451 4820 τῶν
2499 4771 2672 4834 ἐντὸς,
2701 4771 2866 4839 ἄλλην
2901 4771 3149 4840 ἀτραπὸν
3199 4769 3479 4838 ἐτράπετο,
3529 4764 3713 4809 καταπε-

2220 4859 2509 4928 φρονηκὼς
2558 4862 2723 4914 αὑτοῦ
2782 4861 3113 4914 παντάπασι.
3159 4861 3300 4914 Δέκα
3357 4855 3477 4924 γοῦν
3525 4841 3713 4919 χιλιᾶδας

2213 4950 2308 5002 τοῦ
2343 4951 2472 5003 ἰδίου
2511 4953 2921 5022 στρατεύματος
2969 4951 3180 5014 διελὼν,
3251 4948 3388 5002 κατὰ
3417 4941 3500 4996 τοῦ
3529 4929 3710 5002 κερῶν

551 5034 720 5088 moris
781 5033 1174 5088 confessionem
1236 5040 1550 5101 usurpasset
1593 5031 1788 5095 Ot'lllis,
1841 5031 1998 5086 facile
2063 5037 2113 5088 in

2223 5041 2306 5094 νοῦ
2329 5043 2350 5074 ⁹
2383 5043 2495 5112 (ΞΟ)
2518 5043 2920 5112 ἐξαπέστειλεν,
2950 5044 3142 5114 ἐτέρας
3179 5043 3235 5095 δὲ
3265 5041 3336 5103 ὡς
3365 5035 3491 5106 πρδς
3513 5025 3713 5095 Σμύρνην

1610 5145 1808 5206 Varii!)
1835 5147 2138 5212 lectiones
2169 5173 2242 5213 ex
2275 5157 2411 5231 cod.
2450 5159 2717 5223 Coislin.

616 5251 636 5280 ⁸
669 5249 854 5303 αὑτοῦ.

543 5318 750 5373 διανοῦ.

958 5251 976 5279 ⁷
1011 5248 1251 5302 ἐκέλευε.
1327 5249 1348 5278 ⁸
1373 5248 1578 5304 Desunt
1608 5263 1766 5304 voces
1797 5251 2074 5316 ἑλεπόλεις
2106 5255 2158 5306 δὲ
2191 5257 2252 5307 οὐ
2301 5259 2556 5330 παρῆσαν
2589 5262 2733 5332 αὐτῷ
2773 5261 2896 5314 οὐδὲ
2945 5259 3243 5331 πετροεόλα
3287 5255 3496 5324 ὄργανα.
3559 5251 3576 5278 ⁹
3603 5235 3706 5291 Κελ⁶

1563 5437 1696 5495 Car.
1731 5437 2060 5499 Dufresnii
2095 5443 2188 5502 Du
2237 5445 2459 5524 Cangii
2501 5456 2684 5511 notae.

618 5539 728 5610 (l9)
769 5537 982 5592 Ἄσαν.
1005 5537 1164 5608 407
1205 5535 1371 5605 Cujus
1405 5538 1649 5590 meminit
1679 5549 1799 5606 pag.
1833 5537 1958 5592 518.
1985 5537 2123 5595 Vide

783 5677 1348 5746 {t'8p6t01'017.noglﬂ,
1410 5687 1466 5730 ut
1527 5675 1758 5738 videtur,
1806 5675 2114 5731 Thracensi

539 5747 782 5802 Tbcntati
810 5749 886 5814 (in
913 5763 1021 5816 quo
1055 5759 1172 5802 erat
1204 5750 1456 5816 Smyrna,
1487 5757 1547 5802 ut
1579 5757 1664 5800 est
1703 5749 1840 5816 apud
1879 5747 2118 5818 Porphy-

2233 5551 2606 5616 rogennetam)
2655 5553 2854 5614 vicina,
2885 5549 3189 5606 Cclbianum
3223 5548 3358 5601 dicta
3413 5536 3556 5594 Paulo
3589 5526 3698 5580 [Τεθ-

2229 5615 2320 5666 ΙίΙὶ.
2357 5634 2468 5666 xm
2507 5620 2644 5666 "isi-
2685 5623 2828 5666 Mign,
2873 5621 3072 5666 Nimim!
3099 5621 3150 5666 in
3183 5620 3344 5666 Ιςειαο.
3379 5614 3459 5665 Μ).
3486 5624 3496 5660 Ι
3527 5621 3572 5654 "0
3589 5600 3629 5653 ἰ’
3660 5595 3696 5666 ξι

2229 5619 2320 5670 lib.
2357 5634 2468 5673 xxn
2507 5620 2644 5675 Hist.
2682 5623 2828 5674 tiliae.
2873 5621 3072 5676 Nicctae
3099 5621 3150 5672 in
3181 5620 3344 5673 ls:tac.
3379 5619 3459 5690 lib.
3486 5624 3496 5660 l
3527 5619 3629 5654 n.4,

2223 5688 2566 5810 ﬁcggaotiue.
2597 5707 2718 5762 pag.
2761 5693 2884 5760 598,
2934 5693 3061 5748 edi'.
3117 5691 3317 5746 Gener.
3377 5681 3492 5737 Vide
3531 5671 3662 5725 Lcunt

2228 5773 2280 5810 Il.
2304 5771 2394 5811 O‘J.
