3992 6278
248 427 367 493 103':

1425 420 1839 489 ALEXIADIS
1884 429 2027 490 LIB.
2069 419 2227 489 XlV.

3343 419 3478 488 1033

242 547 327 594 καὶ
359 541 402 572 ¹⁹
453 539 545 592 τὸν
597 538 888 609 Νύμφαιον
945 538 1082 609 (il),
1149 539 1246 602 τὰς
1288 539 1346 592 δέ
1401 558 1464 607 γε
1497 543 1810 600 ἐπιλοίπους

1918 556 2034 594 eam
2066 541 2387 595 sententiam
2418 538 2588 605 venit,
2629 548 2688 592 ut
2740 551 2938 608 paucos
2989 551 3105 592 esse
3156 538 3300 592 intus
3361 553 3476 592 cum

241 635 366 702 πρὸς
398 632 466 685 τὰ
535 631 749 700 Χλιαρὰ
797 629 908 700 (22)
942 633 1037 685 καὶ
1065 629 1164 700 τὴν
1189 631 1486 702 Πέργαμον
1511 650 1524 664 ο
1557 634 1807 694 ἅπαντας

240 721 292 775 δὲ
317 725 392 784 είς
451 723 734 792 προνομάς
787 723 1150 787 ἀποστείλας,
1189 722 1474 775 συνείπετο
1527 724 1809 786 καὶάὐτὸς

240 817 341 876 τοῖς
371 814 509 882 πρὸς
547 826 565 867 :
642 853 657 868 .
738 853 753 868 .
832 852 846 867 .
929 853 942 866 .
970 816 1388 884 ἀπερχομένοις.
1430 814 1488 866 Ὀ
1527 814 1814 882 μέντοιΦι-

240 905 750 974 ).οκάλης,διαγνοί›ς
777 905 838 956 τὸ
870 904 964 957 τοῦ
1000 907 1171 957 Ἀσαν
1204 905 1557 974 ἐπιχείρημα,
1594 903 1812 965 ἁπάσας

240 995 328 1055 τὰς
355 994 454 1045 ὑπ’
483 994 646 1046 αὑτὸν
674 994 932 1062 δυνάμεις
958 997 1102 1046 κατὰ
1130 994 1239 1046 τῶν
1258 989 1525 1062 Τούρκων
1555 993 1814 1062 ἀπέστειο

239 1085 428 1142 λεν.οί
469 1088 563 1138 καὶ
618 1086 906 1150 διώκοντες
962 1087 1090 1148 τοὺς
1154 1087 1288 1154 πρὸς
1317 1087 1377 1138 τὸ
1434 1085 1735 1155 Κερϐιανὺν
1768 1086 1810 1116 ¹¹

240 1178 601 1240 ἀπελθόντας,
643 1177 1073 1248 ἁμερμερίμνως
1131 1176 1645 1245 καταλαμϐάνουσι,
1717 1177 1813 1228 καὶ

239 1268 646 1330 ἐπεισπεσόντες
692 1268 904 1330 τούτοις
939 1265 1284 1334 αύγαζούσης
1315 1267 1526 1336 ἡμέρας
1577 1267 1814 1335 ἀφειδῶς

238 1362 607 1428 κατέσφαττον
641 1376 655 1390 ’
711 1361 837 1423 τοὺς
891 1359 950 1411 δὲ
1001 1360 1131 1429 παρ’
1194 1360 1374 1411 αὐτῶν
1413 1361 1811 1428 κατεχομένους

235 1450 600 1519 δορυαλώτους
630 1450 934 1522 ὲρῤύσαντο
957 1448 1224 1512 ἅπαντας,
1253 1449 1492 1503 κᾶπειτα
1520 1451 1648 1512 τοὺς
1680 1451 1816 1517 πρὸς

234 1545 328 1612 τὴν
390 1543 652 1612 Σμύρνην
713 1543 809 1596 καὶ
850 1542 1003 1594 cev"
1041 1542 1333 1611 Νύμφαιον
1393 1543 1809 1612 ἀπερχομένους

237 1633 508 1703 Τυύρκους
535 1635 788 1699 ἐδίωξαν.
818 1633 1256 1704 Διεκδραμόντες
1285 1633 1340 1686 δὲ
1378 1635 1469 1686 καί
1529 1638 1676 1696 τινες
1707 1634 1815 1686 ams

233 1743 288 1778 τε
325 1726 416 1778 τοῦ
444 1725 759 1795 ἔμπροσθεν
791 1725 989 1796 μέρους
1023 1727 1118 1778 καὶ
1149 1725 1208 1791 ἐξ
1261 1726 1541 1796 ἑκατέρων
1567 1726 1815 1796 κεράτων

232 1818 317 1871 τδν
349 1818 471 1870 κατ’
495 1818 679 1871 αὐτῶν
694 1817 1174 1886 συγκροτήσαντες
1192 1817 1432 1885 πόλεμον
1462 1817 1814 1886 κατακράτος

1918 633 2205 686 Eumathio
2241 632 2445 686 milites
2498 632 2764 692 crederet.
2820 629 3003 701 Itaque
3057 631 3098 685 si
3159 631 3383 685 balistas
3420 643 3477 686 at

1915 724 2193 778 machinas
2225 724 2601 792 reliquamque
2638 722 3026 777 obsidionalem
3060 721 3476 789 ευνιιεΙΙροιὶΙυιιτ

1915 817 2158 880 haberet,
2197 825 2500 870 tentaturus
2530 816 2671 869 haud
2715 815 2874 869 dubie
2899 817 3354 883 Oppugnationem
3389 831 3454 870 ex

1917 905 2114 974 templo
2169 905 2470 959 videbatur.
2540 904 2694 959 Nunc
2748 920 2812 959 eo
2856 907 3140 959 destitutus
3199 917 3459 975 apparatu

1914 997 2241 1067 contemptis
2291 997 2558 1062 hostibus,
2588 996 2730 1066 quod
2765 1002 2844 1052 eis
2872 1003 3156 1052 numerum
3191 1005 3244 1052 et
3272 999 3486 1051 animos

1917 1091 1983 1142 ad
2045 1091 2383 1156 eruptionem
2440 1091 2630 1144 deesse
2683 1090 2955 1154 credebat,
3013 1090 3198 1143 decem
3263 1105 3484 1142 suorum

1917 1181 2083 1236 millia
2122 1182 2427 1252 ab‘reliquo
2457 1183 2704 1236 exercitu
2767 1183 3030 1250 disjuncta
3093 1181 3240 1235 misit
3297 1192 3486 1235 contra

1915 1272 2285 1339 Cerbianum;
2371 1288 2561 1340 agmen
2620 1272 2762 1325 aliud
2821 1273 3111 1341 Smyrnam
3181 1287 3370 1326 versus
3426 1286 3489 1325 ac

1915 1356 2272 1434 Nymphaeum
2329 1364 2485 1429 j‘ubet
2524 1361 2832 1432 separatum
2868 1363 3119 1428 tendere;
3151 1364 3364 1416 tertium
3398 1367 3490 1417 de-

1919 1456 2080 1522 nique
2107 1469 2169 1508 ex
2203 1456 2447 1523 reliquiis
2483 1455 2751 1508 universis
2800 1463 3056 1509 constans
3091 1456 3140 1507 in
3172 1456 3489 1524 Pergamum

1918 1561 1980 1599 ac
2007 1546 2184 1600 Cliara
2246 1546 2494 1610 immisit,
2557 1546 2824 1600 mandatis
2870 1540 2936 1599 ad
2973 1561 3161 1600 omnes
3214 1548 3375 1610 editis
3435 1557 3492 1600 ut

1916 1637 2112 1704 praedis
2142 1651 2204 1692 ac
2239 1635 2539 1690 latrociniis
2559 1648 2781 1706 agerent
2807 1636 3120 1708 ferrentqu
3143 1639 3248 1693 late
3270 1651 3488 1695 cuncta.

1919 1727 2032 1795 ipse
2074 1727 2261 1781 harum
2313 1727 2544 1795 partium
2579 1741 2741 1780 unam
2789 1744 2925 1797 pone
2956 1731 3329 1784 assectahatur
3368 1746 3488 1785 eam

1917 1833 2178 1887 quae....
2207 1857 2222 1873 .
2294 1834 2484 1872 versus
2535 1819 2849 1873 intendebat
2908 1813 3031 1875 iter.
3083 1822 3254 1888 Nihil,
3298 1824 3490 1877 horum

234 1911 510 1978 ἐνίκησαν.
542 1910 637 1962 καὶ
665 1909 893 1972 πολλοὺς
924 1908 1023 1979 μὲν
1048 1910 1344 1974 κτείνουσι,
1381 1899 1609 1973 πολλοὺς
1633 1910 1689 1962 δὲ
1722 1913 1812 1963 καὶ

1922 1909 2228 1965 Philocalen
2294 1909 2472 1962 latuit.
2541 1910 2684 1978 Ergo
2718 1910 2860 1963 hattd
2905 1904 3083 1965 dubia:
3145 1914 3490 1967 occasionem

233 2001 502 2071 ζιιιγρείαν
547 2002 794 2068 ἄγουσιν.
856 2001 921 2052 Οί
951 2000 1005 2051 δέ
1061 2017 1125 2068 γε
1151 2000 1611 2067 καταλειφθέντες
1635 2000 1809 2069 ὀλίγοι

231 2095 366 2147 πάνυ
395 2093 694 2161 φεύγοντες
727 2095 851 2156 ταῖς
904 2092 1080 2154 δίναις
1130 2093 1224 2144 τοῦ
1279 2092 1596 2162 Μαιάνδρου
1639 2093 1814 2162 ἐμπε-

234 2189 414 2249 σέντες
442 2185 605 2246 εὐθὺς
644 2185 1057 2254 ἀπεπνίγησαν.
1117 2185 1372 2252 Ποταμὸς
1393 2185 1450 2237 δὲ
1484 2181 1638 2247 οὗτος
1681 2185 1832 2256 περὶ·

227 2279 492 2347 Φρυγίαν,
521 2275 890 2338 σκολιώτατος
944 2277 1210 2346 ποταμῶν
1243 2276 1502 2330 ἁπάντων
1543 2277 1639 2329 καὶ
1665 2293 1813 2346 καμ-

230 2375 332 2435 πὰς
360 2372 608 2442 συνεχεῖς
649 2370 996 2439 ποιούμενος.
1025 2369 1411 2439 Θαρσήσαντες
1439 2372 1482 2402 ¹³
1514 2370 1570 2422 δὲ
1594 2371 1687 2422 καὶ
1716 2369 1810 2422 ἐπὶ

228 2469 291 2533 τῇ
334 2463 565 2533 δευτέρᾳ
617 2462 742 2532 νίκῃ
796 2463 923 2523 τοὺς
981 2460 1298 2523 ἐπιλοίπους
1367 2461 1614 2517 ἐδίωκον.
1657 2462 1810 2515 Ἀλλ’

227 2553 378 2608 οὐδὲν
412 2553 598 2616 αὐτοῖς
625 2552 835 2620 ἐγίνετο
865 2551 1029 2603 πλέον
1054 2551 1163 2603 τῶν
1196 2551 1460 2620 Τούρκων
1488 2549 1810 2618 φθασάντων

224 2645 556 2718 πορρωτέρω
587 2644 843 2711 γενέσθαι
883 2642 1110 2697 τούτων.
1149 2638 1262 2695 Εἶθ’
1300 2643 1474 2706 οὕτως
1505 2643 1813 2712 ἐπανῆλθον

227 2735 362 2804 προς
387 2733 804 2801 Φιλαδέλφειαν.
845 2732 906 2785 '0
929 2731 987 2784 δέ
1017 2749 1082 2800 γε
1117 2731 1395 2800 Εὐμάθιος
1425 2730 1652 2796 τούτους
1681 2735 1809 2786 θεα-

230 2827 470 2894 σάμενος
498 2827 592 2878 καὶ
643 2824 985 2896 μεμαθηκὼς
1042 2825 1118 2889 ὡς
1167 2824 1423 2895 ἐκθύμως
1469 2827 1817 2896 ἠγωνίσαντο

226 2917 548 2980 σπεύδοντες
603 2917 808 2987 μηδένα
867 2916 978 2970 τῶν
1036 2915 1238 2988 χειρῶν
1298 2917 1484 2972 αὐτῶν
1519 2920 1809 2988 ἐκφυγεῖν,

222 3008 460 3077 δαψιλῶς
513 3009 712 3072 αὐτοὺς
743 3009 1273 3078 φιλοτιμησάμενος,
1315 3009 1563 3078 μεγάλας
1607 3012 1702 3064 καὶ
1730 3012 1813 3075 είς

224 3105 284 3152 τὸ
332 3101 643 3171 ἔμπροσθεν
676 3103 991 3171 ὑπισχνεῖτο
1016 3103 1114 3163 τὰς
1134 3101 1402 3171 χάριτας.

1913 2002 2154 2056 victoriae
2194 2000 2428 2055 oblatam
2460 2002 2729 2056 divisione
2760 1997 3065 2056 Turcor'um
3105 2003 3491 2073 interpretans,

1912 2107 2038 2147 snas
2064 2108 2256 2147 omnes
2282 2101 2548 2161 quotqttot
2575 2091 2812 2146 habebat
2836 2095 3047 2147 irruere
3084 2094 3135 2147 in
3165 2097 3282 2149 illos
3306 2099 3495 2166 copias

1907 2185 2082 2252 jubet.
2114 2183 2256 2238 Eunt
2283 2184 2453 2237 nostri
2482 2201 2495 2242 ;
2552 2178 2798 2251 for-teque
2835 2185 2886 2237 in
2921 2199 3017 2239 eos
3044 2184 3321 2252 improvisi
3355 2188 3497 2240 inci-

1913 2275 2050 2328 dunt
2087 2274 2176 2343 qui
2225 2274 2558 2338 Cerbianutn
2594 2275 2870 2343 petebant.
2903 2272 3066 2344 [‘22
3099 2273 3244 2328 Mora
3306 2277 3492 2342 nulla;

1913 2381 2128 2437 pugnae,
2182 2377 2277 2420 aut
2338 2367 2502 2420 caedis
2567 2367 2769 2435 potius,
2831 2365 3070 2420 diluculo
3121 2368 3333 2420 initium
3395 2371 3492 2434 lit;

1910 2463 2281 2518 interneciOne
2310 2462 2670 2516 conciduntur
2696 2460 2943 2515 Barbari.
2977 2461 3180 2526 Nostri,
3212 2480 3493 2532 recupera-

1916 2554 1984 2607 tis
2015 2554 2365 2622 liberatisque
2399 2552 2628 2620 captivis
2663 2548 2940 2618 omnibt‘Js,
3004 2569 3143 2623 quos
3173 2557 3318 2610 istud
3350 2553 3492 2609 Tur-

1915 2650 2102 2699 co'rum
2141 2657 2332 2714 agmen
2362 2642 2539 2697 obiter
2568 2650 2807 2711 ceperat,
2832 2641 2896 2696 ad
2928 2645 3320 2713 insequendum
3347 2647 3493 2699 aliud

1915 2738 2056 2806 quod
2096 2736 2386 2806 Smyrnam
2419 2749 2482 2787 ac
2511 2733 2867 2805 Nymplueum
2902 2736 3175 2804 cogitasse
3228 2738 3486 2801 diximus.

1911 2828 2018 2880 vim
2053 2836 2216 2894 atque
2240 2827 2504 2896 impetum
2539 2835 2778 2878 vertunt.
2817 2823 2978 2880 Turci
3015 2826 3258 2894 reliquias
3289 2829 3490 2896 prioris

1910 2920 2082 2973 cladis
2141 2921 2206 2970 ad
2256 2919 2394 2970 hanc
2453 2919 2747 2971 sccumlam
2793 2919 2963 2972 aciein
3010 2920 3338 2973 calamitatis
3370 2935 3482 2975 sua:

1911 3010 2082 3064 nuntii
2113 3010 2525 3075 communisque
2559 3009 2766 3062 indices
2817 3000 3040 3074 periculi
3091 3023 3149 3062 se
3202 3011 3481 3078 applicue-

1910 3111 2051 3154 rant.
2082 3099 2281 3153 llorum
2319 3099 2481 3166 igitur
2536 3106 2641 3166 Qua
2677 3098 2876 3150 indicio
2904 3099 3190 3160 admoniti,
3223 3115 3327 3167 qua
3358 3116 3479 3170 sup.

225 3196 496 3264 plemeuto
517 3195 684 3258 aucti,
707 3193 1135 3257 vertuntl'acies,
1172 3202 1562 3263 opponuutque
1603 3193 1808 3248 neatris
1856 3195 2083 3248 adversa
2140 3197 2390 3260 pectora;
2445 3188 2814 3257 quadratoque
2877 3195 3036 3255 atque
3076 3189 3128 3240 in
3158 3202 3357 3241 cornua
3390 3193 3484 3245 de.

225 3287 430 3355 scripto
457 3285 676 3354 agmine
703 3284 913 3354 capiam
945 3284 1117 3353 aperti
1151 3284 1318 3353 praelii
1341 3285 1558 3338 audent
1585 3283 1809 3350 facere;
1843 3283 2190 3339 concurritur
2250 3279 2479 3340 acriter,
2544 3276 2744 3330 nostris
2805 3276 3023 3346 egregie
3112 3273 3478 3332 vincentibus.

222 3379 436 3437 Cadunt
499 3375 800 3430 Turcorum
843 3376 1023 3440 multi,
1060 3390 1158 3430 nec
1189 3376 1479 3444 pauciores
1515 3374 1624 3429 vivi
1699 3376 1846 3445 capti
1913 3374 2173 3430 servitum
2227 3372 2604 3434 abducuntur;
2668 3369 2855 3437 reliqui
2929 3370 3182 3438 perpauci
3239 3383 3382 3424 caeca
3432 3389 3487 3440 (ιι

222 3471 488 3543 ιη’ωεὶρὶιί
551 3471 603 3522 in
674 3467 926 3523 Maeandri
963 3467 1195 3520 vortices
1229 3466 1362 3520 illati
1396 3467 1541 3536 fuga,
1602 3467 1669 3520 iis
1697 3467 1940 3535 absorpti
2020 3463 2159 3517 male
2229 3460 2461 3528 periere.
2538 3459 2706 3512 Alluit
2767 3458 2854 3512 hic
2918 3460 3096 3514 amnis
3172 3454 3486 3532 Phrygiam,

222 3570 512 3625 ﬂuviorum
573 3563 983 3633 obliquissimus
1023 3561 1263 3614 omnium
1323 3569 1378 3615 et
1411 3561 1647 3615 assiduis
1687 3576 1808 3616 sese
1878 3559 2202 3615 tlexiouibus
2276 3563 2665 3626 contorquens.
2701 3555 2866 3608 Porro
2925 3556 3116 3621 nostri,
3162 3573 3227 3612 ex
3272 3562 3371 3614 hac
3407 3577 3497 3617 sc-

221 3663 404 3714 cunda
461 3655 685 3710 victoria
756 3654 1052 3723 majoribus
1114 3654 1396 3720 conceptis
1461 3653 1690 3717 animis,
1734 3653 1800 3705 ad
1843 3654 2056 3706 tertiam
2078 3659 2293 3720 utroque
2316 3665 2435 3718 qua:
2468 3647 2843 3702 restabatsola
2906 3641 3208 3704 TurCorum
3270 3667 3490 3708 manum

222 3747 738 3820 deprehendendatn
788 3745 1151 3814 cogitationes
1198 3750 1252 3796 et
1324 3759 1546 3796 cursum
1624 3744 1990 3798 intenderunt.
2070 3741 2294 3796 Frusua
2359 3741 2411 3794 id
2483 3748 2684 3799 tamen.
2741 3741 2884 3808 Quod
2941 3732 3102 3796 Turci
3152 3739 3321 3800 nimio
3379 3747 3492 3814 jam

222 3841 517 3898 intervallo
549 3845 959 3908 praecesserant.
1053 3835 1289 3890 Rediere
1357 3837 1520 3905 igitur
1591 3835 2020 3904 Philadelphiam
2073 3849 2209 3904 quos
2278 3834 2512 3888 Victores
2542 3840 2705 3899 atque
2740 3832 3036 3888 incolumes
3085 3834 3239 3892 laetus
3308 3850 3496 3908 gratus

221 3939 458 4003 lausque
505 3928 818 3985 Eumathius
845 3930 1176 3998 amplectens
1204 3928 1519 3983 fortitudine
1570 3930 1806 3996 ipsorum
1843 3929 2082 3998 egregia,
2118 3933 2222 3996 qua
2262 3933 2421 3980 erant
2450 3923 2577 3976 totis
2604 3922 2811 3978 viribus
2837 3925 3013 3979 annisi
3047 3939 3113 3978 ne
3169 3941 3329 3994 quem
3389 3929 3492 3983 sibi

220 4032 368 4085 elabi
421 4029 658 4082 hostium
725 4028 1011 4094 sinerent,

1091 4040 1421 4097 magnopere
1483 4025 1809 4089 collaudata,
1851 4025 2006 4078 donis
2034 4038 2126 4079 eos
2151 4039 2247 4092 pro
2320 4023 2472 4092 copia
2524 4021 2776 4091 praesenti
2805 4021 2999 4090 amplis
3031 4034 3345 4080 muneratus
3373 4035 3492 4080 est:

223 4123 514 4176 uberiores
549 4122 711 4174 etiam
745 4122 952 4189 gratias
984 4128 1254 4174 tantorum
1287 4120 1627 4184 meritorum,
1655 4129 1891 4174 suamet
1920 4119 2144 4189 Augusti
2183 4118 2342 4172 [idem
2376 4117 2657 4180 addicens,
2691 4115 2942 4184 promisit
2999 4116 3052 4168 in
3117 4126 3417 4183 posterum.

297 4216 460 4269 Μετὰ
487 4215 544 4267 δὲ
573 4214 672 4285 τὴν
705 4214 800 4267 τοῦ
859 4215 1196 4284 Βαῖμούντου
1239 4214 1515 4283 τελευτὴν,
1571 4213 1756 4283 ἐπειδὴ
1783 4214 1810 4265 ὁ
1837 4221 1881 4278 c

223 4309 459 4378 Ταγγρὲ
513 4307 611 4376 τῆς
676 4307 1012 4377 Ἀντιοχείας
1085 4305 1524 4376 περιεδράξατο,

221 4399 603 4468 διαφέρουσαν
654 4397 805 4467 αύτῷ
853 4398 1127 4465 ἐλογίζετο
1168 4398 1488 4449 παντάπασι
1541 4396 1633 4448 τὸν
1663 4397 1822 4447 αύτο-

223 4493 482 4562 ιράτορα
526 4490 733 4560 ταύτης
781 4491 1082 4560 ἀλλοτριῶν
1120 4529 1134 4552 ,
1179 4491 1204 4540 ὁ
1267 4487 1522 4556 βασιλεὺς
1584 4485 1822 4538 ὲνταίθα

220 4581 522 4636 κατανοῶν
583 4583 677 4633 καὶ
735 4583 863 4643 τοὺς
896 4583 990 4632 ἐπὶ
1022 4584 1085 4650 τῇ
1129 4579 1284 4631 πίλει
1327 4577 1824 4648 παρασπονδουμέ-

215 4673 419 4737 γουςιι
488 4674 687 4743 ὅρκους
736 4675 844 4726 τῶν
907 4674 1210 4743 Βαρϐάρων
1245 4673 1472 4724 τουτωνὶ
1528 4670 1815 4738 Φράγγων.

217 4768 337 4820 Καὶ
365 4768 450 4819 ὅτ’
478 4767 641 4827 αὐτὸς
667 4766 838 4818 πολλὰ
858 4767 954 4835 μὲν
975 4765 1242 4834 ἀνηλώκει
1272 4766 1373 4833 χρή
1385 4780 1550 4824 ματα,
1573 4762 1742 4812 πολλὰ
1769 4751 1814 4812 δ’

214 4857 528 4910 ἐπεπόνθει
569 4857 740 4919 δεινὰ,
767 4857 837 4910 τά
872 4866 929 4908 τε
975 4856 1316 4925 μυριοπληθῆ
1344 4858 1524 4907 ἐκεῖνα
1561 4849 1829 4922 στρατεύο

219 4967 385 5017 ματα
419 4951 483 5001 ὲκ
513 4947 613 5016 τῆς
653 4948 926 5018 Ἐσπέρας
974 4949 1050 5010 είς
1089 4947 1186 5015 τὴν
1231 4947 1416 5000 Ἀσίαν
1464 4943 1816 5005 διαῦιὸάζωνι

217 5040 416 5092 καίτοι
469 5040 994 5109 δυστραχηλοτάτοις
1058 5040 1241 5103 αὐτοῖς
1291 5040 1635 5108 ἐντυγχάνων
1690 5036 1777 5088 ἀεὶ

214 5135 327 5185 καὶ
373 5120 1036 5198 καταπίκροιςὰνδράπι.
1086 5131 1263 5183 Πολλὰ
1313 5131 1370 5182 δὲ
1431 5129 1818 5199 στρατεύματά

229 5225 538 5296 Ῥωμαϊκὰ
604 5225 812 5286 τούτοις
838 5223 1240 5292 συνεκπέμπων
1262 5224 1402 5276 κατὰ
1422 5221 1528 5275 τῶν
1559 5221 1601 5272 Τ
1605 5219 1821 5289 ούρκων

1987 4215 2284 4266 Baimuudo
2341 4225 2496 4276 vero,
2537 4212 2612 4264 uti
2674 4209 2944 4273 diximus,
3013 4209 3300 4277 defuncto,
3366 4227 3489 4266 cum

1920 4297 2233 4359 Taucredus
2273 4304 2600 4372 possessioni
2633 4303 2937 4356 Antiochire
2985 4304 3247 4358 incubare
3303 4318 3496 4374 perge-

1922 4409 2020 4457 ret,
2047 4407 2365 4466 teneri-tque
2395 4411 2511 4448 eam
2553 4396 2854 4460 mordicus,
2917 4411 2979 4449 ac
3016 4381 3498 4466 planeimputaret

1922 4499 1978 4542 ut
2007 4490 2278 4558 propriam
2310 4489 2432 4559 jure
2458 4504 2618 4557 quam
2645 4489 2869 4556 optimo,
2903 4503 2990 4542 res
3017 4488 3295 4543 enimvero
3319 4490 3495 4556 impe~

1927 4581 2095 4634 ratori
2129 4581 2243 4634 visa
2275 4589 2360 4634 est
2415 4580 2705 4647 ejusmodi,
2759 4596 2921 4649 quain
2953 4596 3050 4635 nec
3105 4580 3355 4646 tolerare,
3399 4597 3499 4635 nec

1920 4675 2265 4729 dissituulare
2299 4685 2482 4744 posset
2517 4673 2767 4743 amplius.
2798 4674 3160 4744 Praeterquam
3185 4674 3324 4742 quod
3351 4673 3493 4725 enim

1919 4766 2264 4836 iurisjurandi
2320 4765 2511 4836 religio
2557 4775 2612 4818 et
2679 4767 2766 4818 illa
2814 4765 2922 4818 Deo
2969 4774 3108 4820 teste
3161 4780 3190 4817 a
3251 4773 3327 4816 tot
3387 4764 3492 4815 illis

1923 4857 2144 4912 Francis
2173 4859 2399 4914 ducibus
2440 4856 2623 4925 iurata
2659 4856 2791 4908 ﬁdes
2827 4856 3148 4908 vindicamlo
3187 4854 3372 4920 utique
3407 4853 3491 4901 lu-

1932 4949 2098 5002 iihrio
2123 4949 2468 5010 violabatur;
2519 4957 2636 5001 erat
2681 4947 2846 4998 etiam
2903 4945 3296 5012 iniquissimum
3330 4941 3496 4993 inter-

1921 5040 2058 5103 ‘verti
2092 5040 2194 5093 sibi
2231 5039 2461 5093 fructum
2491 5047 2568 5090 tot
2611 5035 2853 5088 laborum
2885 5041 3071 5102 totque
3119 5043 3437 5100 sumptuum
3469 5047 3485 5093 ;

1924 5145 2028 5182 nec
2058 5130 2198 5196 quod
2251 5127 2666 5182 innumerabiles
2706 5135 2782 5179 tot
2820 5125 2940 5180 illos
2973 5124 3244 5180 exercitus
3272 5121 3498 5174 inlinitis

1925 5219 2282 5273 incommodis
2345 5216 2605 5287 impensis
2664 5213 2916 5271 maximis
2965 5231 3029 5270 ex
3091 5214 3384 5268 Occidente
3443 5211 3498 5263 in

1281 5361 1481 5423 Varias
1512 5359 1818 5422 lectiones
1851 5375 1927 5420 ex
1973 5355 2113 5417 cod.
2149 5353 2417 5416 Coislin.

277 5467 325 5498 ³⁸
355 5467 444 5520 τό.
525 5463 569 5496 ¹¹
604 5463 924 5517 Κελϐιανὸν.
1011 5465 1053 5494 ¹¹
1081 5463 1162 5516 τό.
1245 5463 1289 5494 ³³
1323 5463 1726 5533 θαρρήσαντες.
1804 5459 1848 5492 ’⁸
1875 5457 2294 5526 σπενδομένονς.

1279 5581 1419 5644 Car.
1448 5581 1770 5643 Dufresnii
1802 5582 1899 5642 Du
1932 5577 2151 5656 Cangii
2198 5581 2380 5636 notas.

297 5711 417 5782 (2|)
479 5711 837 5777 'Ntﬁmoator.
911 5711 1091 5780 Lydia!
1139 5709 1268 5782 urbs
1329 5707 1630 5782 Eicephoro
1676 5708 1810 5782 Gre-

212 5778 408 5848 gms;
460 5783 559 5835 lib.
595 5795 652 5832 ιιι
710 5788 763 5832 et
808 5796 878 5833 νι.
922 5778 1507 5848 A'cropoliue,“Duce.
1559 5793 1676 5844 cap.
1716 5780 1808 5832 2i.

215 5846 581 5921 “'addiugo,
638 5864 727 5903 an.
786 5850 954 5913 1235,
1021 5867 1074 5903 ιι.
1135 5849 1224 5902 l5.
1293 5846 1420 5902 Vide
1478 5847 1699 5902 Lcuucl.
1755 5865 1806 5902 ιι.

1958 5707 2020 5734 ιιι-,τ

1958 5707 2020 5734 ιι·-

1918 5707 2103 5844 1ὸῧέ9.)
2151 5776 2391 5840 Χλιηρά.
2444 5768 2583 5830 Urbs
2614 5782 2736 5831 nota
2765 5772 2967 5830 Nicetae
3003 5773 3055 5826 in
3087 5769 3226 5826 Man.
3255 5769 3502 5838 Acropo-

1920 5848 2049 5912 litae,
2092 5847 2267 5910 Durae,
2296 5861 2401 5901 etc.
