3992 6278
293 329 424 398 1011

1476 346 1888 408 ALEXlADJS
1920 345 2064 408 LIB.
2107 348 2242 409 XIV
2257 340 2279 408 .’

3394 349 3527 418 1042

292 449 614 507 farniliarem
651 453 810 510 istius
862 457 1080 528 generis
1118 457 1489 522 insolentiam,
1553 475 1780 528 seseque
1841 476 2004 530 super
2053 472 2200 515 astra
2267 439 2518 518 thronum
2564 467 2862 534 positurum
2919 480 3099 532 suum,
3133 474 3290 535 atque
3359 467 3527 520 hastae

290 561 402 600 sure
423 547 650 615 cuspide
683 565 868 606 muros
901 551 1270 619 perfossurum
1310 554 1654 624 Babylonios,
1689 553 2058 606 minacissima
2111 555 2428 623 impotentia
2477 557 2723 625 jactavit.
2798 559 3066 613 Narrabat.
3141 559 3366 628 grandia
3451 560 3518 611 de

289 639 620 694 ineluctabili
658 657 752 696 sua
793 643 875 709 vi,
908 642 973 697 de
1001 646 1192 712 opibus
1232 660 1616 715 armorumque
1660 659 1724 698 ac
1765 659 1946 697 rerum
2002 655 2264 711 apparatu
2323 658 2661 710 camerarum,

2741 651 2936 720 quibus
2999 660 3052 706 et
3133 650 3199 703 ad
3260 648 3526 704 invaden-

288 734 417 786 dum
453 750 575 788 cum
617 751 711 804 spe
762 745 905 792 certa
943 739 1202 802 victoriae,
1236 739 1364 808 quid
1401 753 1625 806 quemve
1656 740 1835 797 vellet.
1878 750 1932 793 et
1962 739 2025 791 ad
2059 737 2401 792 refutandum
2435 741 2728 808 quamlibet
2756 758 2933 798 acrem
3002 742 3240 811 cujusvis
3311 754 3530 812 aggrcs~

289 828 430 882 soris
460 827 741 895 impetum,
775 841 921 884 esset
951 831 1422 886 instructissimus.
1481 832 1715 902 Negabat
1753 831 1910 899 dejici
1985 846 2043 886 se
2083 832 2185 887 ulla
2237 834 2445 888 ratione
2491 849 2652 904 posse
2703 843 2768 889 de
2818 838 3114 891 Antiochia:
3162 835 3528 905 possessione,

289 935 698 990 provocansqne
748 922 813 975 ad
857 925 1553 991 experientiam,addebat,
1609 941 1782 993 neque
1804 927 1847 980 si
1893 925 2236 979 mitterentur
2266 937 2454 980 contra
2500 941 2557 982 se
2591 928 2790 983 milites
2829 929 2998 1000 igneis
3079 928 3286 998 praediti
3348 927 3525 980 mani--

290 1016 411 1073 hus,
480 1015 773 1081 quidquam
831 1014 1172 1083 profecturos
1248 1026 1468 1080 tamen;
1525 1017 1848 1071 obstitnrum
1930 1016 2125 1085 quippe
2185 1017 2538 1073 nihilominus
2575 1033 2668 1084 se;
2706 1034 2768 1074 ac
2805 1019 2962 1074 facile
2999 1019 3325 1074 dilllaturum
3401 1019 3530 1074 irri-

291 1118 400 1160 tam
429 1108 562 1160 vim.
595 1105 726 1160 Sese
750 1122 984 1175 namque
1015 1123 1136 1163 esse
1173 1125 1421 1176 magnam
1501 1120 1760 1171 mentem,
1827 1125 2076 1177 magnum
2142 1112 2446 1181 Assyrium,

2531 1111 2797 1181 gigantem
2875 1113 3164 1166 immanem
3240 1113 3524 1176 immensa:

290 1202 465 1266 molis,
492 1199 712 1252 invictae
778 1199 1011 1264 virtutis,
1087 1202 1173 1254 cui
1211 1202 1527 1254 sustinendo
1554 1202 1639 1255 vix
1670 1211 1812 1256 terra
1848 1218 1942 1270 par
1981 1203 2071 1257 sit.
2097 1203 2367 1258 Romanos
2400 1217 2587 1258 omnes
2622 1205 2746 1257 dum
2795 1202 2960 1274 424
3009 1219 3072 1256 ex
3135 1203 3245 1259 alto
3295 1203 3527 1272 despicit

290 1292 376 1343 vix
412 1290 762 1344 formicarum
828 1298 920 1342 aut
962 1290 1406 1345 animalculorum
1452 1292 1503 1344 id
1551 1307 1718 1360 genus
1749 1291 2030 1347 imbecillis
2103 1294 2454 1350 motiunculis
2527 1293 2803 1348 turmatim
2848 1294 3189 1349 bullientium
3256 1297 3397 1365 apud
3473 1309 3532 1351 se

289 1383 463 1436 instar
491 1382 714 1434 habere.

371 1474 613 1528 Ἐκεῖθεν
648 1473 690 1504 ¹⁷
721 1473 777 1526 δὲ
806 1471 916 1526 τῶν
974 1474 1260 1544 πρέσὸεων
1313 1475 1712 1530 ἐπανελθόντων
1765 1474 1860 1528 καὶ

2036 1474 2260 1530 Talibus
2325 1474 2622 1540 legatorum
2688 1473 2862 1528 reditu
2935 1469 3134 1526 auditis
3218 1471 3530 1540 imperator.

287 1567 387 1635 τὴν
415 1566 508 1618 τοῦ
548 1565 758 1618 Κελτοῦ
793 1567 1057 1619 ἀπόνοιαν
1087 1567 1530 1635 διηγησαμένων,
1581 1569 1795 1636 πλήρης
1831 1569 1860 1620 ὁ

289 1658 544 1725 βασιλεὺς
576 1657 819 1724 ἐγεγόνει
850 1657 1046 1724 θυμοῦ.
1091 1661 1185 1712 καὶ
1214 1660 1313 1710 οὐκ
1358 1659 1439 1712 ἔτι
1467 1658 1734 1721 καθεκτὸς
1770 1653 1856 1727 ἦν,

287 1748 401 1799 ἀλλ’
435 1748 596 1817 ἤθελε
652 1749 996 1817 παραχρῆμα
1051 1749 1149 1818 τὴν
1216 1750 1490 1821 Ἀντιόχου
1545 1750 1858 1821 ἀναζητεῖν.

285 1839 620 1906 Συναγαγὼν
647 1835 739 1892 οὖν
770 1841 896 1901 τοὺς
931 1840 1405 1910 ἐλλογιμωτάτους
1437 1841 1532 1894 τοῦ
1591 1859 1861 1911 στρατιω-

283 1931 438 1982 τικοῦ
487 1931 786 1998 καταλόγου
821 1933 916 1984 καὶ
960 1931 1206 1994 ἅπαντας
1237 1935 1363 1995 τοὺς
1400 1935 1499 2002 τῆς
1551 1935 1860 2004 συγκλήτου

287 2023 482 2091 βουλῆς
507 2023 563 2088 ἐξ
601 2023 856 2076 ἁπάντων
881 2025 1062 2093 ᾐτεῖτο
1091 2023 1310 2096 βουλήν.
1356 2026 1635 2089 ’Ἅπαντες
1665 2026 1720 2078 δὲ
1761 2044 1861 2094 τη-

283 2113 516 2166 νικαῦτα
549 2115 804 2167 ἀνένευον
844 2119 978 2184 πρὸς
1036 2115 1134 2183 τὴν
1169 2116 1308 2168 κατὰ
1363 2117 1456 2170 τού
1507 2117 1730 2188 Ταγγρὲ
1766 2117 1861 2171 τοῦ

286 2205 692 2276 αὐτοκράτορος
719 2207 1010 2259 ἀπέλευσιν
1046 2207 1111 2270 ’⁸,
1145 2208 1266 2260 δέον
1302 2206 1554 2276 λέγοντες
1595 2208 1862 2278 πρότερον

282 2297 407 2361 τοὺς
445 2296 636 2360 ἄλλους
667 2299 1100 2367 ὑποποιήσασθαι
1129 2299 1374 2368 κόμητας
1403 2301 1530 2364 τοὺς
1582 2300 1725 2354 κατὰ
1764 2303 1864 2361 τὰς

284 2393 678 2461 περικειμένας
707 2389 771 2466 τῇ
805 2393 1074 2461 Ἀντιόχου
1109 2392 1264 2444 πόλει
1295 2393 1734 2458 ὲξουσιάξοντας.
1768 2397 1862 2448 καὶ

283 2479 452 2533 αὑτὸν
498 2481 558 2549 δὴ
619 2482 708 2533 τὸν
758 2482 902 2550 ρἦα
951 2483 1347 2552 Ἰεροσολύμων
1400 2485 1718 2538 Βαλδουῖνον
1767 2486 1862 2539 καὶ

280 2570 378 2629 τὰς
417 2567 625 2621 τούτοιν
649 2569 874 2638 γνώμας
903 2573 1185 2638 πειρᾶσαι,
1224 2573 1270 2623 ει
1299 2572 1670 2641 συνεπαρῆξαι
1699 2575 1864 2627 ἀπελ-

280 2659 432 2719 θόντι
482 2658 722 2729 βούλοιτο
757 2659 904 2730 αὐτῷ
945 2661 1085 2714 κατὰ
1120 2664 1216 2729 τῆς
1275 2663 1633 2732 Ἀντιοχείας.
1671 2665 1780 2716 Καὶ
1814 2668 1862 2718 εἰ

284 2751 386 2820 μὲν
415 2752 567 2820 γνοίη
606 2751 828 2814 τούτους
866 2753 1010 2806 κατὰ
1042 2752 1136 2805 τοῦ
1181 2753 1404 2823 Ταγγρὲ
1439 2753 1684 2823 ἔχοντας,
1741 2755 1860 2809 τότε

277 2840 674 2911 ἀποθαρρῆσαι
707 2841 806 2911 τὴν
838 2849 958 2894 κατ’
981 2841 1149 2896 αὐτοῦ
1187 2841 1400 2897 ἓλευσιν
1421 2861 1433 2875 ο
1463 2848 1512 2898 εἰ
1543 2845 1598 2897 δὲ
1634 2846 1729 2915 μὴ,
1763 2847 1859 2900 ἅλ-

277 2932 392 2994 λως
425 2933 702 3002 μετελθεῖν
726 2934 796 2987 τὰ
831 2935 971 2989 κατὰ
1007 2936 1102 3007 τὴν
1149 2938 1445 3008 ’Λντιόχου.
1491 2939 1550 2992 ’0
1606 2939 1662 2992 δὲ
1697 2941 1858 2992 αύτο-

277 3026 528 3094 κρὰτωρ,
558 3025 657 3095 τὴν
683 3026 878 3098 βουλὴν
916 3027 1122 3097 ταύτην
1157 3029 1474 3093 ἐπαινέσας,
1531 3032 1627 3083 καὶ
1663 3033 1860 3083 αὐτίκα

283 3117 788 3187 μεταπεμψάμενος
845 3119 1095 3188 Μανουὴλ
1153 3121 1249 3172 τὸν
1303 3121 1710 3191 Βουτουμίτην,
1767 3125 1860 3176 καί

275 3225 407 3261 τινα
432 3209 618 3279 ἕτερον
645 3210 744 3277 τῆς
771 3211 1069 3280 Λατινικῆς
1101 3211 1215 3281 εῑδή
1228 3230 1363 3280 μονα
1398 3213 1683 3266 διαλέκτου
1725 3215 1862 3285 πρὸς

274 3304 410 3366 τοὺς
460 3303 709 3373 κόμητας
750 3304 847 3356 καὶ
881 3303 974 3355 τὸν
1001 3305 1144 3372 ρἦα
1189 3303 1588 3372 Ἰεροσολύμων
1629 3305 1862 3372 ἐξέπεμ-

274 3395 383 3462 ψεν
413 3393 543 3462 (9.3),
580 3394 752 3447 πολλὰ
784 3395 998 3454 τούτοις
1031 3395 1370 3463 ὑποθέμενος
1400 3397 1528 3464 περὶ
1568 3390 1641 3448 ὧν
1677 3397 1862 3457 αὐτοῖς

274 3504 341 3538 τε
376 3488 482 3556 χρὴ
514 3486 792 3555 ὁμιλῆσαι,
845 3486 938 3538 καὶ
972 3484 1123 3554 αὐτῷ
1167 3486 1230 3555 δὴ
1267 3487 1345 3554 τῷ
1379 3489 1511 3555 ῥηγὶ
1569 3487 1863 3557 Ἰεροσολύ-

280 3595 403 3648 μων
435 3577 759 3647 Βαλδουξνῳ.
807 3577 966 3629 Ἐπεὶ
994 3577 1051 3629 δὲ
1087 3577 1180 3630 καὶ
1211 3577 1370 3646 χρεία
1399 3579 1699 3646 χρημάτων
1728 3581 1862 3633 ἀπο-

277 3667 482 3735 στολῆς
513 3667 650 3735 πρὸς
681 3668 880 3729 αὐτοὺς
909 3651 1289 3738 ἀπαραὶτητος
1317 3663 1386 3739 ἦν
1417 3669 1504 3722 διὰ
1530 3670 1590 3722 τὸ
1615 3673 1720 3724 τῶν
1751 3674 1862 3725 Λα-

273 3760 446 3812 τίνων
482 3760 947 3829 ἒρασιχρήματον,
980 3761 1386 3829 προστάγματα
1414 3761 1551 3830 πρὸς
1590 3763 1681 3815 τὸν
1712 3782 1864 3833 τηνι-

277 3851 461 3904 καῦτα
492 3849 659 3902 δοῦκα
692 3850 922 3918 Κύπρου
970 3849 1081 3919 (24)
1115 3850 1393 3919 Εὑμάθιον
1424 3851 1516 3903 τὸν
1561 3853 1862 3923 (Iulo-Aci).qu

277 3939 584 4009 ἐνεχείρισε
613 3940 692 4007 τῷ
724 3939 1069 4008 Βουτουμίτῃ
1093 3939 1553 4008 ζδιαλαμδὰνοντα
1586 3941 1734 4003 ὅπως
1769 3941 1864 3994 καὶ

279 4032 450 4084 πλεῖα
484 4031 598 4100 δοίη
635 4033 847 4092 τούτοις
883 4031 1098 4082 ὁπόσων
1129 4032 1188 4082 ἐν
1213 4031 1374 4100 χρεῑᾳ
1411 4031 1676 4098 γένοιντο.
1712 4034 1862 4102 ’Ἅμα

1961 1567 2185 1632 exarsit,
2219 1576 2276 1620 ut
2308 1582 2408 1636 par
2437 1575 2577 1628 erat,
2599 1565 2654 1619 in
2684 1565 2818 1619 iram
2856 1565 3270 1631 vehementem;
3307 1565 3530 1634 necjam

1964 1659 2136 1712 teneri
2183 1665 2396 1726 poterat
2449 1658 2680 1725 amplius
2721 1657 2848 1725 quin
2905 1656 3305 1724 expeditionem
3347 1656 3531 1712 confe-

1963 1749 2086 1805 stim
2128 1749 2518 1804 Antiochenam
2571 1749 2853 1802 indiceret.
2879 1746 3218 1801 Convocatos
3243 1761 3372 1814 ergo
3393 1762 3521 1814 prae.

1963 1843 2150 1912 cipuos
2183 1857 2212 1896 e
2242 1841 2463 1895 militari
2517 1841 2706 1899 ordine
2733 1881 2747 1906 ,
2781 1848 3160 1908 senatoresque
3210 1838 3492 1894 universos
3513 1881 3528 1904 ,

1963 1948 2025 1988 ea
2062 1934 2128 1988 de
2182 1949 2240 1988 re
2273 1934 2400 2002 quid
2453 1933 2722 1986 sentirent
2757 1931 2920 2000 jussit
2971 1944 3238 1999 promere.
3289 1929 3532 1985 Coucors

1962 2021 2203 2075 omnium
2235 2019 2333 2074 fuit
2366 2020 2637 2074 sententia
2688 2035 2794 2073 non
2855 2018 3028 2073 videri
3082 2029 3229 2073 recte
3263 2017 3532 2074 facturum

1964 2116 2370 2184 imperatorem,
2403 2117 2448 2170 si
2488 2124 2676 2170 contra
2702 2113 3042 2170 Tancredum
3075 2115 3256 2170 statim
3292 2116 3529 2171 duceret.

1962 2205 2273 2260 Tentandos
2328 2207 2480 2275 prius
2521 2217 2578 2260 et
2617 2206 2853 2270 nostris,
2887 2206 3064 2276 siqua
3107 2207 3294 2276 possit,
3327 2222 3532 2274 βιωθε-

1964 2299 2240 2365 cnpandos
2293 2297 2539 2360 partibus
2573 2297 2760 2353 Gallos
2813 2300 3044 2354 comites
3103 2314 3165 2352 ac
3196 2299 3410 2367 regulos
3442 2301 3534 2365 qui

1963 2387 2418 2455 circumjaccntes
2482 2388 2782 2443 Antiochiae
2856 2391 3100 2445 civitates
3161 2392 3340 2445 varias
3397 2392 3532 2445 varii

1964 2479 2231 2534 obtinent.
2267 2477 2441 2550 Ipsius
2494 2481 2621 2549 quin
2662 2481 2824 2534 etiam
2862 2481 3003 2550 regis
3034 2481 3530 2553 Hierosolymorum

1963 2571 2355 2641 experiundum
2418 2572 2668 2626 Balduini
2719 2572 2957 2626 animum
3014 2589 3030 2627 :
3099 2574 3291 2641 ecquid
3353 2574 3534 2629 induci

1963 2673 2122 2734 pacto
2181 2663 2288 2717 ullo
2322 2673 2484 2731 queat
2529 2665 2593 2717 ad
2632 2665 3063 2733 prosequendum
3105 2664 3306 2718 auxil'o
3340 2664 3536 2718 [ionia-

1965 2771 2114 2820 num,
2171 2754 2296 2809 dum
2331 2755 2376 2809 is
2422 2754 2764 2810 Antiochiam
2801 2753 2940 2808 bello
2977 2765 3203 2823 repetet.
3240 2753 3295 2808 Si
3346 2769 3535 2808 omnes

1964 2858 2204 2901 annuaut
2234 2855 2288 2900 et
2321 2857 2506 2900 contra
2546 2846 2886 2901 Tancredum
2917 2845 3248 2916 conspirent,
3298 2857 3386 2900 eat
3424 2854 3534 2899 tum

1962 2955 2112 3002 sane,
2159 2955 2218 2992 ac
2270 2939 2545 3008 negotium
2591 2953 2685 3007 spe
2760 2937 2962 3006 optima
3021 2947 3304 3005 capessnt;
3346 2936 3427 2990 sin
3484 2935 3534 2988 id

1963 3030 2156 3089 deerit,
2193 3030 2358 3084 videri
2400 3030 2796 3082 Antiochenam
2853 3029 3282 3082 controversiam
3313 3027 3416 3080 alia
3451 3041 3536 3080 ra-

1967 3121 2116 3172 tione
2149 3118 2576 3188 transigendatn.
2615 3117 2898 3184 Acquievit
2936 3117 3020 3170 his
3066 3115 3308 3170 consiliis
3356 3118 3532 3184 Augu-

1963 3223 2108 3273 Sltls;
2139 3209 2562 3275 accersitumque
2590 3206 2888 3260 Manuelem
2913 3205 3245 3272 Butumiteu,
3265 3215 3320 3259 et
3347 3222 3536 3275 quean-

1963 3301 2085 3353 dam
2122 3299 2284 3353 alium
2342 3299 2538 3365 linguae
2592 3296 2850 3362 Latinica:
2894 3297 3151 3367 peritum,
3196 3297 3261 3350 ad
3310 3297 3534 3352 comites

1963 3401 2128 3460 atque
2155 3391 2220 3442 ad
2257 3404 2437 3454 regem
2491 3387 2985 3458 Hierosolymorum
3032 3387 3222 3453 misit;
3266 3387 3534 3442 accuratis

1966 3484 2152 3536 ambos
2199 3482 2348 3545 prius
2396 3481 2700 3535 instructos
2737 3479 3007 3534 mandatis
3037 3479 3383 3544 monitisque,
3415 3480 3535 3550 qui-

1967 3573 2063 3628 bus
2113 3573 2524 3628 distinctissime
2555 3571 2878 3637 tradiderat,
2928 3571 3056 3638 quid
3107 3585 3281 3640 quave
3323 3573 3535 3624 ratione

1967 3679 2089 3716 cum
2123 3677 2443 3730 Imoquoque
2474 3663 2756 3727 comitum,
2801 3663 2929 3732 quid
2963 3677 3082 3716 cum
3114 3677 3238 3732 rege
3270 3663 3383 3730 ipso
3409 3661 3534 3716 Bal-
3601 3689 3608 3703 ι

1966 3755 2132 3809 duino
2158 3769 2314 3823 agere
2351 3756 2499 3822 ipsos
2521 3763 2816 3821 oporteret.
2851 3753 2930 3806 Ad
2973 3755 3110 3816 haec,
3147 3754 3406 3820 quoniam
3445 3754 3534 3806 in:

1968 3847 2243 3914 telligebat
2279 3859 2399 3898 cum
2443 3859 2605 3898 avara
2631 3853 2788 3913 gente
2819 3845 2952 3898 nihil
2980 3845 3094 3898 sine
3125 3845 3350 3913 pecunia
3379 3859 3536 3912 posse
3586 3863 3594 3875 ε

1965 3940 2178 3998 conﬁci,
2206 3938 2415 3992 litteras
2442 3938 2496 3990 in
2522 3952 2712 3991 manus
2743 3936 3031 3991 Butumitze
3069 3937 3218 3990 dedit
3247 3938 3311 3990 ad
3338 3935 3539 3989 Euroa-

1968 4031 2140 4083 thium
2165 4028 2478 4084 Philocalcn
2510 4028 2684 4099 Cypro
2717 4037 2828 4081 tum
2862 4027 3199 4097 praefectum,
3234 4028 3432 4097 quibus
3460 4027 3533 4080 illi

275 4125 337 4176 δὲ
384 4123 789 4192 παρεκελεύετο
837 4123 1012 4192 τούτῳ
1069 4123 1163 4176 καὶ
1221 4123 1482 4193 χρήματα
1543 4125 1711 4177 πολλὰ
1771 4127 1861 4178 καὶ

1969 4122 2278 4186 mandabat,
2329 4130 2386 4175 ut
2444 4135 2552 4174 non
2605 4128 2814 4174 tantum
2854 4135 3041 4183 naves,
3092 4129 3356 4190 quotquot
3392 4129 3536 4174 esset

279 4213 602 4268 παντοδαπὰ
645 4215 742 4267 καὶ
799 4213 908 4268 ἀπὸ
943 4215 1123 4284 πάσης
1160 4213 1303 4276 ῑδέας
1353 4215 1449 4266 κα)⁵
1482 4215 1860 4286 εξκονίσματος

278 4305 645 4360 παντοδαπῶν
674 4307 979 4375 ποιοτήτων
1015 4306 1098 4368 εἰς
1136 4305 1234 4368 τὰς
1271 4305 1408 4375 πρὸς
1437 4306 1563 4369 τοὺς
1617 4306 1862 4377 κόμητας

231 4461 238 4467 _
275 4398 478 4460 δόσεις,
529 4396 839 4465 Ἑπέσκηψε
880 4397 938 4448 δὲ
969 4399 1080 4458 τοῖς
1111 4396 1212 4466 ἤδη
1247 4395 1482 4465 ῥηθεῖσι,
1527 4397 1630 4458 καὶ,
1661 4398 1860 4467 μᾶλλον

237 4491 244 4498 ’
278 4488 542 4558 Μανουὴλ
586 4488 665 4559 τῷ
702 4487 1066 4558 Βουτουμίτῃ,
1105 4486 1179 4550 ὡς
1232 4486 1297 4540 ἂν
1353 4486 1422 4540 τὰ
1464 4488 1562 4558 μὲν
1601 4489 1862 4559 χρήματα

275 4581 682 4650 ἀναλαϐόμενοι
746 4581 853 4634 ἀπὸ
909 4581 1004 4634 τοῦ
1063 4580 1360 4633 Φιλοκάλου
1391 4621 1405 4646 ,
1459 4585 1539 4644 εἰς
1577 4583 1864 4652 ,Τρίπολιν

275 4673 699 4744 προσορμίσωσι
725 4673 822 4734 τὰς
854 4672 992 4733 ἰδίας
1025 4671 1178 4737 ναῦς,
1213 4673 1307 4725 καὶ
1343 4673 1674 4742 θεασάμενοι
1724 4676 1863 4728 Πελ-

275 4764 518 4831 κτρὰνον
544 4764 590 4796 ¹⁹
619 4763 732 4834 (25)
758 4763 972 4833 κόμητα
1004 4763 1095 4816 τὸν
1127 4763 1242 4816 υἱὸν
1275 4762 1369 4815 τοῦ
1411 4764 1696 4836 Ἰσαγγέλη
1733 4769 1861 4837 περὶ

1970 4231 2125 4284 Opus,
2161 4214 2346 4284 legatis
2379 4213 2552 4280 daret,
2591 4213 2685 4268 sed
2727 4213 3009 4282 pecuniam
3058 4214 3189 4282 ipsis
3220 4228 3380 4282 quam
3413 4213 3536 4282 plu-

1971 4309 2159 4361 rimam
2207 4306 2384 4362 omnis
2451 4306 2674 4371 metalli,
2713 4308 2950 4374 generis,
2984 4307 3285 4371 qualitatis,
3351 4305 3538 4359 formae

1972 4402 2344 4469 undecumque
2378 4408 2692 4466 congestam
2727 4398 3095 4467 suppeditaret
3127 4397 3180 4451 in
3223 4396 3538 4466 largitiones

1967 4492 2196 4562 Augusti
2230 4491 2443 4546 nomine
2480 4491 2648 4546 Gallis
2678 4492 2972 4546 comitibus
3003 4489 3302 4546 faciendas.
3343 4489 3536 4542 Iisdem

1970 4585 2191 4653 insuper
2251 4584 2442 4653 legalis
2480 4599 2543 4638 ac
2604 4583 2947 4652 potissimum
2983 4583 3214 4639 Manneli
3247 4584 3539 4638 Butumita:

1967 4675 2370 4730 commendavit
2402 4675 2742 4742 nominatim,
2778 4687 2835 4731 ut
2870 4692 2993 4732 cum
3049 4677 3171 4732 istis
3205 4675 3444 4745 pecuniis
3476 4688 3538 4724 ac

1965 4769 2194 4824 ravibns
2228 4785 2256 4822 a
2309 4770 2582 4826 Philocale
2631 4773 2869 4842 acceptis
2902 4773 2967 4826 ad
3003 4769 3266 4841 Tripolim
3303 4770 3536 4838 primum

1325 4877 1527 4967 Variae
1575 4879 1880 4944 lectiones
1909 4900 1985 4944 ex
2010 4883 2153 4946 cod.
2190 4882 2462 4946 Coislin.

356 5000 395 5029 ”
426 4999 630 5055 ἐκεῖσε.
714 4999 756 5032 ¹⁸
789 5000 1098 5054 ὲπέλευσιν.
1180 5001 1223 5032 ¹⁹
1248 5000 1581 5072 Πεκτρανόν.

1357 5117 1495 5194 Car.
1529 5117 1861 5180 Dufresnii
1893 5121 1990 5181 Du
2019 5121 2242 5198 Cangii
2279 5126 2468 5181 notae.

349 5235 466 5302 (2‘5)

269 5309 533 5362 Albertus
563 5309 661 5375 Aq.
693 5308 786 5360 lib.
828 5323 922 5368 χιι.
949 5323 1066 5376 cap.
1096 5310 1145 5373 7,
1171 5311 1223 5364 8.

350 5377 467 5448 (Ἡ)
521 5378 736 5451 Δοῦκα
765 5378 1044 5451 Κύπρουᾷ
1079 5381 1263 5451 Quem
1301 5381 1442 5435 circa
1500 5396 1560 5436 ea
1591 5391 1856 5451 tempora,

270 5447 371 5500 aut
425 5461 561 5500 sane
613 5449 794 5499 statim
853 5447 1265 5515 pOslTancretli
1323 5462 1575 5516 mortem,
1625 5447 1860 5506 fac—tione

269 5533 500 5572 suorum
536 5517 908 5581 interemptum
933 5519 1096 5571 tradit
1121 5516 1430 5585 Ordericus,
1461 5522 1555 5575 lib.
1589 5537 1646 5576 ιι.

345 5587 465 5657 (25)
519 5587 920 5657 Πελκτράνον.
978 5586 1296 5657 Bertranum
1347 5604 1438 5644 seu
1485 5591 1862 5651 Bertrandum,

272 5656 1061 5730 comitemwTripolitanum,_
1101 5656 1390 5730 Baimundi
1445 5659 1859 5730 Sancttegidiani

268 5727 494 5784 comi-is
525 5723 689 5780 tilium
706 5723 961 5796 nothum,
989 5727 1064 5782 uti
1100 5727 1297 5784 habent
1323 5729 1611 5786 Guibertus
1631 5723 1691 5787 εἴ
1714 5729 1857 5786 Will.

557 5237 950 5313 Ἐξέπεμψεν.
1017 5238 1282 5313 Meminit:
1331 5240 1491 5296 istius
1575 5239 1862 5308 legationis
1895 5247 1940 5302 D
1965 5241 2485 5313 Malmeshuriensis,
2521 5243 2609 5311 qui
2642 5242 2802 5310 paulo
2827 5253 2950 5299 ante
2981 5245 3240 5313 Tripolim
3277 5245 3534 5312 adjuvan—

1969 5312 2511 5385 tibus‘Genuensiluts
2545 5322 2633 5385 _et-
2670 5313 2930 5385 Balduino
2993 5312 3113 5382 rege
3154 5327 3531 5385 expugnarat;

1966 5391 2019 5452 et
2058 5380 2367 5452 priusquam
2400 5381 2495 5452 “in
2541 5381 2881 5436 Pttlteslinant
2952 5380 3255 5452 perveniret
3282 5380 3322 5440 ,ἡ
3346 5380 3532 5442 Alexic

1963 5449 2432 5522 Constantinopoli
2477 5450 2596 5505 ﬁdei
2641 5449 3032 5522 sacramentt'nn
3088 5455 3429 5522 prmstiterat,
3460 5459 3536 5511 uti

1967 5523 2165 5592 habent
2203 5517 2464 5592 AAlbertus
2527 5523 2666 5589 Aqu.
2707 5520 2796 5592 lib.
2840 5537 2898 5581 ιι,
2935 5538 3054 5590 cap.
3088 5517 3168 5586 ’5,
3223 5525 3255 5576 4
3289 5535 3341 5577 et
3376 5517 3533 5592 seq;

1964 5587 2306 5662 Fulcherius,
2345 5585 2458 5662 ΙΗιὲ
2481 5604 2540 5652 ιι,
2575 5585 2690 5656 cap.
2721 5585 3086 5662 58_;7'l‘yri‘us,
3119 5585 3210 5647 lib.
3256 5610 3314 5650 ιι.
3359 5585 3475 5662 αφ’.
3503 5585 3536 5649 3

1962 5670 2015 5714 et
2049 5673 2163 5726 seq.
2192 5657 2332 5711 Hist.
2392 5657 2599 5714 Ilieros.
2633 5675 2720 5713 an.
2758 5657 2995 5718 thSfet
3032 5661 3228 5718 Willel.
3289 5657 3535 5719 Maluicsa

1961 5728 2248 5795 buriensis,
2281 5727 2370 5782 lib.
2415 5743 2490 5786 ιν.
