3992 6278
261 375 373 441 1045

1444 384 1866 445 ALEXIADIS
1890 384 2041 446 LIB.
2084 385 2243 447 XIV.

3338 377 3482 441 1M6

264 491 646 562 Ἰεροσολύμων
701 495 983 564 Σιμοὺντῳ
1042 497 1137 551 καὶ
1192 496 1674 566 καταλαμϐάνουσι
1716 498 1790 550 τδπ

1912 514 2015 567 que
2071 498 2425 552 dimitterent.
2456 496 2635 563 Quare
2693 497 2881 551 statuit
2920 493 3088 549 satius
3148 506 3269 547 esse
3300 500 3478 545 tenta-

256 582 559 636 Βαλδουίνον
588 586 979 659 πολιορκοῦντα
1007 588 1104 659 τὴν
1134 590 1323 659 Τύρον.
1368 589 1426 641 '0
1454 590 1508 641 δὲ
1553 592 1790 659 ἄσμενος

250 674 973 749 αὐτοὺςὺποδεξάμενοςωὸ)
1000 682 1092 733 καὶ
1113 683 1377 742 παντοῑας
1406 681 1804 751 φιλοφροσύνης

247 764 488 829 ἀξιώσας,
519 769 639 820 ἐπεὶ
670 771 809 822 κατὰ
838 772 937 839 τὴν
965 774 1222 841 ἀπόκρεω
1248 772 1436 825 τοῦτον
1481 771 1800 835 κατέλαϐον,

248 857 485 924 κατεῖχεν
531 859 729 920 αὐτοὺς
758 861 826 913 δι’
878 864 1006 928 ὅλης
1058 865 1161 933 τῆς
1213 866 1658 935 τεσσαρακοστῆς
1714 882 1785 917 πο

246 947 458 1017 λιορκῶν
510 950 608 1019 τὴν
665 951 838 1023 Τύρον
869 955 1003 1025 (9.9),
1042 958 1116 1019 ὡς
1162 944 1396 1026 εἴρηται.

1914 599 2091 643 menta
2124 589 2294 655 prima
2329 588 2703 643 conventionis
2752 602 2875 641 cum
2905 596 3062 655 gente
3095 593 3270 637 astuta
3315 591 3369 634 et
3408 583 3474 636 ad

1911 696 2062 750 spem
2121 681 2254 734 lucri
2318 696 2532 747 aspera,
2599 680 2716 734 ﬁeri
2768 695 2795 732 a
2857 681 3042 732 vacuis
3090 674 3478 731 tractatorihus

1910 788 2141 841 quorum
2170 770 2331 824 verba
2364 772 2535 825 solum
2570 773 2775 835 audire,
2812 787 2913 825 non
2946 771 3107 823 etiam
3140 770 3311 837 spolia
3342 783 3477 821 con-

1912 866 2190 933 cupiscere
2226 872 2317 917 aut
2349 863 2643 931 deprmdari
2696 863 2832 918 Galli
2881 872 3120 931 possent.
3153 862 3287 930 Spes
3360 870 3477 911 tau-

1914 966 2025 1008 tum
2083 956 2292 1008 illorum
2339 956 2589 1023 suspendi
2644 971 2706 1010 ac
2748 956 2998 1023 proritari
3051 955 3214 1022 jussit
3270 952 3474 1007 liberali

242 1045 595 1096 ostentatione
641 1049 984 1114 praemiorum
1047 1052 1362 1118 ingentium,
1401 1053 1444 1105 si
1491 1052 1673 1119 jurarc
1716 1064 1779 1104 ac
1854 1059 2114 1118 praestare
2187 1049 2349 1103 ﬁdum
2391 1051 2712 1118 Obsequium
2760 1051 3054 1118 utilemque
3105 1062 3326 1116 operam
3362 1048 3475 1098 An-

247 1143 387 1202 gusto
417 1135 648 1202 vellent;
681 1140 773 1192 sed
808 1144 1365 1208 repraesentandormn
1408 1155 1533 1198 tunc
1560 1153 1789 1207 tantum,
1834 1159 1955 1197 cum
1984 1158 2047 1197 ea
2083 1143 2179 1211 ipsi
2208 1143 2404 1197 ofﬁciis
2434 1143 2691 1197 exhibitis
2733 1152 2822 1195 aut
2846 1142 3133 1210 promissae
3201 1141 3252 1192 in
3317 1140 3461 1191 futu-

245 1242 349 1280 rum
372 1228 493 1283 ﬁdei
523 1232 1071 1301 pignoribusicloneis
1139 1240 1429 1296 oll'erendis
1482 1243 1828 1296 meruissent.

1916 1241 2085 1307 Quam
2137 1256 2197 1295 ea
2239 1244 2534 1309 prudenter
2567 1242 2646 1293 sic
2689 1239 3014 1307 disposuerit
3058 1238 3332 1303 Augustus
3388 1250 3474 1289 res

244 1316 347 1384 ipsa
380 1320 691 1377 declaravit.
738 1325 1011 1379 Percussit
1052 1327 1372 1385 Balduinnm
1434 1334 1619 1400 procul
1652 1332 1790 1385 fama
1836 1333 2134 1401 legatorum
2210 1330 2277 1383 ab
2332 1332 2660 1399 imperatore
2717 1330 3123 1384 adventantium
3174 1342 3297 1381 cum
3369 1327 3473 1380 im~

247 1424 417 1463 mensa
450 1414 498 1465 vi
528 1415 772 1481 pecuniae
811 1432 825 1468 :
861 1427 909 1469 et
945 1418 1194 1476 videlicet
1240 1425 1407 1477 movit
1456 1424 1658 1476 homini
1692 1423 1915 1477 salivam
1971 1422 2184 1475 alIlatus
2225 1421 2359 1475 lucri
2401 1424 2553 1489 odor.
2581 1421 2752 1489 Igitur
2821 1419 3096 1488 extemplo
3156 1418 3322 1471 mittit
3381 1418 3459 1470 cis

242 1500 440 1553 Obviam
498 1520 668 1574 usque
725 1511 982 1581 Tripolim
1039 1517 1183 1585 (nam
1234 1530 1297 1569 eo
1323 1518 1635 1583 pervenisse
1706 1515 1814 1582 jam
1855 1514 2119 1583 audierat)
2163 1514 2435 1567 Simonem
2473 1512 2767 1580 patruelem
2822 1527 2975 1566 suum
3008 1554 3023 1579 ,
3056 1511 3148 1581 qui
3180 1526 3274 1565 eos
3312 1510 3376 1563 ad
3410 1526 3470 1565 se

243 1593 441 1659 prolixe
469 1597 730 1654 invitatos
757 1606 918 1657 etiam
946 1606 1181 1661 ofﬁciose
1208 1609 1515 1663 deduceret.
1548 1608 1643 1661 Usi
1678 1616 1797 1661 sunt
1842 1608 2176 1662 humanitate
2210 1606 2411 1660 Gallica
2450 1606 2677 1659 libenter
2717 1606 2911 1668 nostri,
2946 1614 3000 1658 et
3065 1604 3335 1673 pecuniis,
3400 1615 3457 1658 ut

246 1688 433 1741 dictum
471 1700 571 1755 est,
614 1695 663 1746 in
699 1712 822 1751 arce
849 1699 1178 1765 Tripolitana
1210 1701 1311 1755 sub
1340 1702 1581 1755 Bertrani
1622 1701 1778 1754 litlem
1822 1703 1873 1755 in
1935 1702 1983 1755 id
2052 1701 2226 1769 ipsum
2273 1715 2336 1754 ac
2391 1716 2573 1753 curam
2611 1698 2923 1767 spondentis
2949 1738 2962 1762 ,
3001 1698 3242 1752 custodia
3294 1698 3463 1764 depo-

235 1781 361 1839 sitis.
415 1799 537 1836 cum
586 1786 801 1845 Simone
838 1792 1219 1864 Hierosolymis
1280 1797 1443 1849 misso
1495 1796 1910 1864 proﬁciscuntur
1959 1796 2023 1847 ad
2082 1795 2397 1848 Balduinum
2470 1809 2630 1859 quem
2712 1793 3049 1845 obsidentem
3129 1791 3294 1863 426
3356 1793 3465 1862 Ty-

236 1888 342 1924 rum
373 1873 736 1934 oﬂ'enderunt.
776 1883 1113 1953 Excepitille
1178 1888 1421 1955 hospitis
1486 1888 1878 1943 humanissime
1917 1902 1980 1942 ac
2030 1903 2149 1940 cum
2212 1888 2353 1940 circa
2408 1888 2822 1955 carnispriviutn
2880 1884 3177 1939 venisseut‘
3222 1894 3329 1937 tota
3380 1899 3474 1939 eos

243 1967 370 2033 apud
408 1983 465 2021 se
499 1972 910 2043 quadragesima
963 1979 1012 2031 in
1046 1981 1241 2035 Castris
1283 1985 1424 2050 apud
1454 1981 1655 2051 Tyrum
1691 1980 1803 2034 suis
1844 1980 2040 2042 tenuit,
2074 1978 2216 2031 nulla
2248 1994 2351 2031 non
2397 1979 2615 2032 honoris
2645 1979 2788 2046 ipsos
2825 1991 2887 2030 ac
2957 1974 3341 2031 benevolentiae
3400 1973 3474 2029 si-

232 2058 564 2125 gniﬁcatione
607 2064 884 2123 deliniens.
924 2069 997 2123 De
1024 2070 1165 2141 Tyro
1200 2083 1253 2126 et
1283 2075 1382 2128 hac
1426 2074 1541 2141 ejus
1605 2073 2003 2143 oppugnatione
2088 2070 2291 2125 Gallica
2337 2069 2516 2125 dicere
2567 2070 2653 2124 hic
2709 2068 2881 2122 obiter
2944 2067 3094 2122 locus

3191 2069 3468 2121 admonet.

308 2148 721 2219 Ἐπεφρούρητο
747 2156 803 2209 δὲ
829 2160 859 2227 ή
892 2160 1050 2224 πόλις
1073 2163 1167 2215 καὶ
1195 2163 1372 2225 ἄλλοις
1397 2165 1497 2232 μὲν
1530 2164 1790 2234 ἀρῤαγέσι

1982 2159 2110 2213 Erat
2138 2175 2199 2214 ea
2228 2160 2422 2215 civitas
2467 2177 2588 2214 cum
2626 2160 2747 2213 aliis
2780 2165 3017 2227 protecta
3068 2158 3360 2213 soliditatis
3393 2159 3474 2211 iu-

228 2241 422 2310 τεὶχεσι
455 2244 549 2295 καὶ
572 2245 634 2313 δὴ
678 2247 767 2299 καὶ
797 2252 944 2319 τρισὶ
984 2256 1408 2323 προτειχίσμασι
1448 2255 1633 2326 κύκλῳ
1662 2255 1793 2308 ταύ-

228 2348 320 2399 την
348 2333 874 2400 περιλαμϐάνουσιν.
910 2342 967 2394 '0
993 2343 1101 2415 γὰρ
1124 2345 1391 2409 ἐξώτατος
1417 2348 1616 2408 κύκλος
1638 2366 1789 2418 περι-

224 2426 330 2491 εῖχε
370 2426 459 2476 τὸν
518 2427 791 2497 δεύτερον.
851 2427 1005 2496 οὗτος
1050 2435 1104 2487 δὲ
1145 2437 1235 2489 τὸν
1279 2438 1545 2492 ἐνδοτάτω
1598 2441 1665 2505 ³³,
1701 2442 1795 2493 καὶ

224 2516 418 2582 τρίτον,
453 2519 547 2571 καὶ
601 2514 742 2589 ἦσαν
797 2523 1045 2595 καθάπερ
1081 2527 1224 2590 τινὲς
1291 2530 1477 2583 κύκλοι
1529 2532 1794 2601 ἀλλήλους

225 2604 717 2674 περιλαμϐάνοντες
786 2613 879 2666 καὶ
950 2620 1387 2687 περιζωννύντες
1445 2624 1542 2692 τὴν
1613 2625 1791 2679 πόλιν.

235 2694 371 2748 Ἀλλ’
401 2699 428 2749 ὂ
458 2715 520 2765 γε
568 2701 882 2764 Βαλδουῖνος
930 2705 1071 2772 ἔγνω
1113 2709 1377 2779 πρότερον
1412 2714 1478 2765 τὰ
1511 2716 1794 2785 προτειχί-

223 2800 399 2847 auara
430 2787 601 2839 ταῦτα
625 2791 971 2857 καταϐαλεῖν,
991 2789 1091 2847 εἶθ’
1120 2795 1292 2860 οὕτως
1316 2796 1411 2868 τὴν
1449 2800 1605 2852 πόλιν
1629 2800 1791 2867 ἑλεῖν,

220 2870 307 2926 οἷα
336 2878 440 2943 γάρ
472 2896 592 2931 τινα
630 2880 873 2949 θωράκια
904 2886 998 2953 τῆς
1023 2887 1199 2955 Τύρου
1233 2890 1794 2964 προϐεϐλημένα,τὴν
1827 2932 1833 2939 υ

222 2965 539 3035 πολιορκίαν
581 2971 867 3039 ἀπεῖργον.
908 2975 966 3028 Ὀ
987 2976 1043 3029 δὲ
1070 2978 1158 3031 διά
1182 2996 1345 3032 τινων
1381 2986 1793 3055 μηχανημάτων

222 3060 566 3126 πορθητικῶν
635 3066 735 3133 τήν
765 3082 822 3116 τε
880 3067 1101 3139 πρώτην
1152 3072 1246 3123 καὶ
1309 3071 1569 3144 δευτέραν
1615 3075 1791 3145 ζώνην

221 3148 460 3201 καθεῖλε·
514 3153 740 3222 καὶτῆς
798 3160 988 3228 τρίτης
1029 3164 1390 3232 ἀπεπειρᾶτο,
1443 3170 1536 3220 καὶ
1588 3168 1651 3236 δὴ
1694 3169 1793 3230 τὰς

217 3243 470 3329 eam“;
503 3247 671 3315 αὐτῆς
702 3250 949 3304 καθελεῖν
972 3255 1051 3317 εἰς
1080 3256 1145 3306 τὸ
1166 3258 1364 3325 ἐφεξῆς
1385 3256 1788 3329 ὲρῤᾳθύμηκεν·

215 3326 325 3383 εἷλε
391 3335 500 3401 γὰρ
548 3336 613 3389 ἂν
672 3338 766 3390 καὶ
803 3339 1008 3411 ταύτην
1058 3344 1219 3413 εἴπερ
1266 3326 1621 3413 ἐπέσκευσεν,
1655 3326 1791 3401 αλλὰ

211 3422 302 3475 διά
328 3441 487 3477 τινων
518 3424 803 3497 κλιμάκων
835 3432 1080 3499 οἰόμενος
1131 3438 1269 3509 μετὰ
1299 3439 1472 3490 ταῦτα
1534 3439 1791 3508 ἐπιϐῆναι

210 3514 314 3581 τῆς
366 3516 593 3582 πόλεως,
646 3522 739 3573 καὶ
801 3522 877 3585 ὡς
933 3524 1030 3595 ἤδη
1085 3526 1292 3596 ταύτην
1330 3528 1469 3597 ἔχων
1502 3528 1578 3591 εις
1605 3531 1792 3599 χεῖρας

211 3608 353 3675 πρὸς
381 3609 480 3681 τὴν
510 3611 828 3682 πολιορκίαν
849 3616 1106 3670 ἐνέπεσεν
1131 3619 1268 3689 ὅπερ
1296 3624 1405 3683 τοῖς
1451 3621 1790 3692 Σαρακηνοῖς

210 3699 494 3768 σωτηρίαν
551 3703 890 3774 προύξένησε
941 3709 1006 3759 ⁸⁸.
1090 3710 1200 3764 Καὶ
1242 3712 1270 3763 ὀ
1329 3712 1427 3781 μὲν
1483 3712 1581 3780 τῆς
1635 3712 1791 3781 νίκης

1906 2253 2061 2306 victa:
2090 2251 2379 2314 moenibus,
2410 2260 2518 2305 tum
2546 2252 2917 2306 circumductu
2953 2251 3156 2304 munita
3197 2265 3470 2302 murorutn

1906 2344 2067 2396 lrium
2106 2360 2225 2399 sese
2257 2344 2663 2408 ittcltttleutittm,
2701 2344 2773 2397 ita
2816 2354 2872 2396 ttt
2917 2344 3186 2397 maximus
3235 2341 3472 2395 ambitus

1904 2438 2325 2489 contraetiorem
2385 2438 2705 2499 secundum,
2743 2434 2829 2487 hic
2879 2433 3259 2488 hrevissimum
3307 2440 3472 2499 atque

1906 2526 2156 2580 intimum
2192 2527 2614 2595 amplecteretur
2669 2525 2881 2579 tertium
2914 2543 2927 2578 :
2962 2538 3153 2577 omnes
3188 2523 3348 2575 simul
3384 2538 3474 2576 vc-

1905 2618 1982 2673 lut
2013 2619 2194 2672 lorica:
2248 2619 2504 2672 adversus
2545 2626 2822 2672 externam
2856 2617 2962 2669 vim
3013 2615 3239 2683 objecta:
3275 2615 3473 2667 lirmis-

1903 2711 2053 2764 sima:
2091 2710 2541 2779 oppugnationem
2588 2708 3017 2779 “frustrarentur.
3067 2704 3355 2758 Praevaluit
3386 2712 3470 2757 ta-

1904 2815 2024 2854 men
2077 2800 2308 2867 impetus
2374 2798 2653 2862 Gallicus;
2711 2810 2762 2852 et
2812 2798 3085 2852 machinis
3144 2796 3468 2866 quibusdam

1903 2891 2204 2945 muralibus
2227 2890 2521 2945 Balduinus
2552 2906 2681 2945 usus
2721 2891 2960 2959 primum
2987 2890 3329 2958 alterumque
3359 2888 3470 2940 cir-

1902 2983 2104 3037 cuitum
2143 2980 2300 3051 plane
2346 2982 2530 3035 diruit.
2578 2982 2657 3036 Ad
2700 2982 2916 3034 tertiqu
2949 2991 3191 3047 promota
3223 2979 3304 3034 vis
3341 2981 3466 3048 pin.

1901 3089 1999 3127 nas
2033 3073 2144 3141 jatn
2187 3071 2303 3138 ejus
2332 3082 2385 3126 et
2426 3074 2704 3140 superiora
2762 3078 3104 3137 corruperat,
3173 3085 3295 3124 cum
3335 3085 3463 3124 ecce

1904 3163 2197 3216 intervenit
2260 3162 2443 3217 fatalis
2472 3163 2643 3230 ceptis
2674 3163 2981 3229 ingentibus
3009 3176 3073 3213 ex
3113 3174 3466 3214 successuum

1902 3254 2158 3326 felicitate
2225 3271 2417 3310 secura
2467 3254 2833 3324 negligentia,
2914 3267 3020 3322 qua
3086 3253 3467 3304 intransver—

1900 3361 2021 3400 sum
2089 3354 2241 3400 actus
2308 3360 2445 3415 pene
2522 3346 2733 3410 victor,
2799 3359 2921 3399 cum
2983 3345 3186 3398 instare
3251 3341 3465 3411 percul-

1901 3437 1996 3500 sis,
2034 3445 2088 3489 et
2124 3437 2401 3491 concussis
2446 3450 2509 3491 ac
2565 3436 2879 3489 nutantibus
2939 3442 3048 3488 toto
3100 3433 3339 3502 pondere
3381 3431 3468 3484 in-

1820 3515 1864 3574 C
1897 3528 2152 3582 cumbrre
2177 3541 2275 3598 par
2304 3527 2463 3593 foret,
2507 3527 2639 3582 satis
2679 3526 2869 3581 habuit
2906 3540 3098 3594 parare
3138 3523 3314 3578 scalas
3344 3525 3464 3590 qui-

1899 3620 1999 3674 bus
2058 3621 2123 3673 ad
2172 3622 2512 3675 imminutam
2556 3620 2695 3674 muri
2752 3618 3089 3672 altitudinem
3146 3614 3299 3669 miles
3344 3629 3472 3684 per-

1898 3714 2133 3784 tingeret
2175 3732 2189 3767 :
2226 3728 2346 3766 cum
2385 3713 2646 3767 subruere
2703 3704 2940 3768 funditus
3000 3709 3314 3765 convulsam
3348 3720 3464 3759 mo-

1245 3887 1445 3949 Variae
1484 3890 1791 3953 lectiones
1835 3910 1913 3954 ex
1952 3894 2091 3955 cod.
2126 3893 2395 3955 Coislin.

279 3980 329 4011 “
356 3981 666 4036 ἐνδὸτατον.
743 3986 789 4018 ’⁵
820 3986 1210 4056 προσεξένησε.

1231 4101 1371 4163 Car.
1412 4100 1735 4163 Dufresnii
1767 4104 1858 4165 Du
1895 4107 2117 4185 Cangii
2150 4114 2339 4168 nolte.

196 4235 349 4282 nam,
380 4234 623 4291 uxorem
654 4220 901 4291 duxerat.
926 4221 1150 4277 Constat
1176 4222 1318 4275 enim
1369 4239 1431 4276 ex
1472 4223 1775 4291 Sigeberto.

194 4305 287 4345 an.
332 4290 494 4352 1107,
522 4289 922 4360 pluresliberos
972 4307 1288 4360 procreasse
1341 4289 1654 4357 llenric'um,
1702 4302 1780 4346 ta-

197 4360 363 4414 metsi
420 4361 643 4421 unicum
702 4359 1043 4414 Waleranum
1114 4363 1394 4417 nominent
1468 4366 1777 4433 scriptores.

1888 4225 2076 4350 totam
2138 4228 2311 4283 hanc-
2353 4228 2730 4298 cognationem
2803 4227 3083 4285 exhibebit
3150 4226 3469 4298 subjectum.

1888 4312 2134 4350 semina.

1887 4312 2134 4352 Stemma.

1388 4475 1675 4524 Eustachius
1707 4490 1871 4526 comes
1902 4476 2149 4525 Bononiae.

1162 4622 1395 4672 Lamber-

1162 4690 1262 4733 tus.

578 4601 970 4667 Ὲὶἶέῧῖιῖίῐιῖιι.

585 4691 750 4727 comes
790 4683 1035 4733 Bononiae.

576 4743 1037 4877 faculam—du”;

598 4886 943 4950 Lothariugiaa.

992 4816 1169 4823 ψ

1168 4817 1496 4891 nentiam];

1167 4906 1253 4941 rex
1280 4894 1478 4943 Hieros.

1532 5027 2241 5092 "sitm

1549 5105 1729 5163 gensis.

176 5232 420 5287 Floruit
474 5231 636 5285 etiam
679 5246 743 5285 eo
793 5231 1018 5301 ipsomet
1065 5246 1178 5285 aevo
1219 5231 1399 5285 Simon
1431 5234 1586 5293 alter,
1633 5233 1773 5283 ﬁlius
1802 5231 1853 5288 D

176 5302 537 5371 Theoderici
578 5302 730 5355 ducis
776 5301 1167 5371 Lotharingiaei
1190 5302 1499 5367 superioris,
1536 5304 1627 5355 lilii
1675 5302 1777 5356 Ge-

179 5372 342 5425 raldi
371 5370 585 5432 Alsatii,
622 5386 685 5424 ex
718 5370 982 5425 Gertrude
1012 5370 1115 5424 lilia
1144 5370 1360 5424 Roberti
1392 5371 1738 5427 Flautlrensis
1765 5391 1780 5439 ;

170 5442 377 5512 ωε
407 5442 498 5512 qui
538 5442 757 5512 quidem
816 5442 998 5512 Simon
1044 5441 1181 5512 patri
1222 5455 1311 5492 an.
1358 5442 1515 5503 1115,
1570 5453 1780 5497 mortuo

1523 4610 1818 4673 cannam
1846 4610 2047 4684 abigat:

1521 4700 1609 4747 pus
1642 4685 1952 4735 l’arisieusis.

1622 4833 1911 4881 Eustachius
1958 4847 2041 4881 co-

1622 4908 1727 4943 mes
1753 4893 2006 4944 Bononia.

2172 4612 2423 4687 Cerberga
2452 4638 2575 4673 uxor
2606 4625 2860 4675 Frederiri
2897 4612 3104 4677 comitis.

2172 4686 2525 4750 Luxemhurg”
2563 4686 2701 4736 ducis
2737 4689 3087 4751 Lotharingias.

2167 4821 2346 4883 infula
2391 4848 2516 4883 uxor
2548 4822 2918 4885 Henr—ici‘du—cis
2963 4836 3088 4885 Lim-

2166 4896 2429 4957 burgensis
2452 4902 2505 4944 et
2534 4895 2875 4956 Lotharingiae.

2366 5044 2529 5090 Simon
2570 5042 2706 5088 ducis
2748 5042 2879 5090 ﬁlius

2365 5108 2690 5162 nuncupatus.

2908 4820 3099 4829 ..η-...αα

1953 5231 2093 5298 (28)
2169 5228 2651 5296 Ύποδεξάμενος.
2712 5231 2981 5287 Albertus.
3036 5232 3135 5300 Aq.
3194 5234 3283 5287 lib-
3356 5252 3450 5301 1".

1876 5313 1995 5366 cap.
2037 5301 2089 5354 7.

1954 5369 2064 5438 (‘29)
2112 5370 2421 5443 pooa-._Dc
2454 5372 2676 5443 obsessa
2706 5372 2869 5443 Tyro,
2907 5388 2995 5428 an.
3049 5373 3207 5439 1111,
3255 5376 3460 5429 machi—

1882 5442 1965 5513 nis
1997 5456 2306 5513 nostrorum
2334 5440 2596 5513 incensis,
2635 5450 2686 5493 et
2725 5440 2960 5494 hostium
2995 5455 3111 5496 arte
3154 5444 3456 5513 conﬂagra—

1881 5509 1974 5582 t_i_s,
2038 5512 2103 5565 de
2158 5512 2344 5582 soluta
2394 5510 2627 5575 denique
2683 5513 2991 5582 obsidione,
3062 5516 3244 5568 multis
3292 5509 3457 5582 agunt

1880 5579 2136 5633 Albertus
2154 5582 2254 5648 Aq.
2294 5579 2383 5632 lib.
2413 5593 2508 5642 xu,
2540 5593 2659 5643 cap.
2693 5581 2871 5645 lete,
2900 5580 3237 5645 Fulcherins,
3268 5579 3361 5638 lib.
3394 5601 3453 5646 ll,

1880 5663 1999 5717 cap.
2050 5650 2152 5715 4i;
2214 5661 2267 5702 et
2296 5648 2514 5717 Tyrius,
2553 5648 2649 5703 lib.
2683 5664 2742 5713 ll,
2792 5666 2908 5717 cap.
2960 5653 3038 5704 l7.
3108 5651 3233 5708 Vide
3289 5655 3452 5707 etiam

1880 5715 2078 5774 Chron.
2113 5715 2398 5775 Orientale.

173 5510 502 5572 successit,
546 5511 616 5563 ita
646 5519 703 5563 ut
727 5511 874 5563 ducis
896 5511 1037 5577 [illus
1066 5510 1167 5563 dici
1217 5515 1452 5579 potuerit
1494 5527 1584 5579 an.
1621 5512 1779 5578 1111,

174 5597 306 5650 quo
347 5582 594 5632 nondum
628 5581 877 5650 ducatum
913 5583 1139 5649 adeptus
1168 5590 1310 5650 erat.
1368 5578 1499 5633 Vide
1557 5581 1783 5635 Galber-

174 5647 314 5704 ιὶιιιι
372 5652 424 5703 in
475 5651 602 5720 Yita
634 5648 690 5702 S.
724 5647 1109 5720 Garuliicomit.
1169 5647 1485 5720 Flaudrens.
1540 5666 1663 5720 cap.
1693 5652 1780 5714 15,

170 5737 238 5771 n.
295 5720 430 5784 l09,
477 5728 534 5774 et
562 5719 877 5788 Vigucrium
915 5719 967 5773 in
1006 5718 1307 5787 Originibus
1334 5722 1503 5774 Αιεαι.
1537 5718 1781 5791 pag.ll2

167 5798 233 5845 ct
272 5806 413 5858 seq.
