3992 6278
296 294 428 362 1053
1432 300 1850 362 ALEXlADlS

1975 301 2038 362 Β.
2078 302 2237 365 XIV.
3421 295 3558 361 1054

292 410 564 481 θαλάσσης
598 413 964 485 ⁴ἡγησάμενοι,
997 414 1137 484 πρὸς
1189 414 1289 486 τὴν
1339 417 1689 488 Χερρόνησον
1734 417 1868 482 ἀφο-

1975 429 2102 485 pere
2143 415 2418 470 volebant.
2462 411 2568 469 Sed
2614 413 2861 470 Bertrani
2915 411 3057 467 illius
3093 420 3148 466 et
3177 409 3553 480 Tripolitanus

290 502 419 570 ρῶσι
454 503 544 554 τὸν
567 505 946 576 αὐτοκράτορα
975 507 1211 577 ἔχουσαν
1231 546 1246 572 ,
1283 510 1378 562 καὶ
1410 508 1497 562 τὸν
1543 508 1869 575 Ἑλλήσπον-

1977 508 2266 575 episcopus
2315 509 2620 575 depositum
2673 516 3064 576 reprmsentare
3123 501 3549 554 cunctabantur:

285 609 371 648 τον
404 594 791 665 διαϐεϐηκότες
825 599 917 654 τὸν
957 599 1182 668 βασιλέα
1217 601 1755 670 καταλαμδάνουσιν.

1977 597 2306 652 instantibus
2331 609 2519 652 contra
2555 598 2755 652 nostris
2779 637 2794 661 ,
2838 603 2892 648 et
2930 591 3407 651 denuntiantibus,
3449 588 3552 642 nisi

289 689 543 753 pecunias
583 690 971 755 restituerem,
1041 689 1217 744 ollicio
1296 692 1578 756 defuturos
1619 691 1791 761 jur‘ati
1866 691 2108 758 Augusto
2159 689 2444 757 obsequii;
2503 701 2556 744 et
2639 688 2939 759 pudendam
2997 683 3334 738 inlidelitatis
3395 680 3448 733 in
3495 695 3556 734 se

287 778 549 831 maculam
604 791 988 848 suscepturus,
1028 783 1071 838 si
1111 785 1179 837 ab
1214 787 1298 838 avi
1331 785 1581 854 Sungelis
1614 796 1670 840 et
1710 785 1956 840 Bertrani
1987 786 2156 854 patris
2206 785 2471 854 exemplis
2517 794 2626 837 tam
2671 783 2874 837 recenti
2945 779 3207 835 memoria
3276 777 3327 829 iu
3401 773 3556 829 laude

285 869 518 922 omnium
554 872 896 938 vigentibus,
941 882 1046 926 tam
1087 873 1229 929 ftede
1263 891 1321 930 se
1385 877 1706 946 degenerem
1780 876 1925 930 illius
1967 891 2155 943 nepos,
2204 875 2364 944 huius
2406 876 2547 930 ﬁlius
2592 877 2880 944 probaret,
2933 869 3330 940 vituperatione
3383 881 3555 936 usque

291 960 354 1012 ad
413 961 788 1015 consultorum
851 973 1235 1020 curatorumve
1287 967 1456 1036 ipsius
1502 969 1735 1022 dedecus
1782 981 2124 1036 processura.
2197 964 2309 1020 lino
2363 976 2723 1036 praeterquam
2761 964 3133 1022 inhonestam,
3195 959 3359 1012 etiam
3431 973 3544 1010 rem

285 1052 381 1106 sibi
419 1056 638 1109 noxiam
673 1055 914 1114 facturos
947 1060 1111 1128 ipsos.
1151 1059 1287 1114 Cum
1317 1060 1496 1124 enim,
1581 1076 1686 1129 qua
1725 1061 1777 1114 in
1822 1058 2020 1112 vicinia
2061 1058 2224 1127 Cypri
2295 1069 2470 1120 erant,
2547 1071 2734 1110 carere
2767 1054 2924 1107 istius
2997 1050 3185 1103 insulae
3229 1047 3558 1102 commercio

283 1145 643 1216 subsidiisque
670 1150 788 1204 sine
824 1167 920 1206 sua
955 1153 1194 1218 pernicie
1252 1168 1357 1206 non
1428 1165 1670 1222 possent,
1736 1161 1941 1206 certum
1983 1151 2246 1206 haberent
2285 1151 2421 1214 fore,
2453 1150 2570 1202 nisi
2621 1159 2858 1201 actutum
2920 1143 3184 1210 pecunias
3240 1141 3556 1203 redderent,

285 1247 338 1287 ut
375 1238 516 1290 nulla
557 1240 810 1307 deinceps
842 1243 909 1294 ab
939 1241 1116 1312 Cypro
1157 1242 1331 1298 insula
1385 1248 1538 1314 cepia
1591 1259 1823 1298 annona:
1850 1285 1864 1304 ,
1909 1243 2072 1296 nullis
2112 1245 2264 1298 ducis
2302 1245 2418 1313 ejus
2496 1242 2714 1295 auxiliis
2759 1239 3120 1307 iuvarentur;
3205 1237 3347 1289 unde
3404 1233 3554 1300 ipsos

285 1345 508 1386 necesse
562 1345 708 1387 esset
756 1333 896 1389 fame
951 1338 1151 1404 perite.
1205 1335 1364 1392 Dura:
1405 1341 1470 1392 ad
1519 1340 1633 1393 hmo
1714 1342 1892 1392 omnia
1973 1338 2249 1393 Gallorum
2306 1347 2462 1392 erant
2515 1352 2696 1391 aures.
2744 1334 2912 1402 Igitur
2967 1334 3162 1398 nostri,
3227 1332 3316 1384 ubi
3383 1340 3552 1387 moto,

283 1425 421 1491 quod
469 1427 642 1488 aiunt,
703 1427 828 1481 fune
872 1429 1056 1494 omni,
1112 1429 1510 1500 blanditiasque.
1537 1446 1641 1484 non
1672 1431 1850 1484 minus
1891 1431 2094 1486 frustra
2136 1447 2295 1500 quam
2329 1431 2503 1484 minus
2532 1428 2780 1496 experti,
2855 1427 3184 1494 persuadere
3263 1424 3553 1492 nequivere

284 1513 526 1567 Bertrani
572 1515 682 1567 lilio
725 1519 1133 1572 curatoribusve
1194 1528 1305 1573 antv
1348 1519 1673 1574 consiliariis
1709 1523 1898 1590 ipsius,
1947 1530 2005 1575 ut
2056 1533 2444 1590 repraasentare
2492 1537 2603 1574 rem
2664 1522 2926 1574 creditam
2975 1518 3197 1582 vellent,
3231 1518 3444 1570 tandem
3490 1531 3556 1570 eo

281 1607 696 1673 descenderunt,
724 1619 780 1664 ut
811 1620 1018 1678 partem
1051 1612 1308 1681 depositze
1337 1614 1577 1683 pecunia:
1607 1631 1852 1686 magnam
1898 1613 2160 1669 Bertrano
2192 1615 2258 1669 ab
2290 1615 2616 1681 imperatore
2648 1618 2972 1671 destinatam
3010 1617 3112 1670 sibi
3188 1614 3374 1680 utique
3441 1627 3558 1665 ser-

281 1709 426 1752 varet
480 1699 728 1754 Bet'trani
783 1703 957 1768 (ilius,
1014 1706 1174 1758 molo
1229 1721 1370 1770 eam,
1424 1707 1729 1773 praestando
1773 1706 2000 1761 solemni
2073 1707 2351 1761 lidelitatis
2383 1706 2732 1776 iuramento,
2810 1706 3108 1777 promereri
3179 1705 3245 1756 ab
3319 1704 3555 1770 impera-

281 1803 392 1898 tore
429 1795 672 1864 fgratiatn
722 1812 1039 1870 occuparet:
1087 1807 1176 1863 Sic
1224 1812 1488 1878 prolatum
1550 1811 1850 1879 imperialis
1891 1829 2036 1881 gazre
2072 1813 2374 1882 depositum
2411 1824 2538 1876 est;
2583 1829 2650 1866 ex
2683 1827 2748 1867 eo
2790 1795 3073 1881 segregata
3146 1818 3256 1860 tum
3334 1813 3552 1858 mone“!

281 1896 580 1995 signatae}
613 1908 747 1995 auro
778 1905 940 1964 atque
970 1911 1214 1967 argento,
1243 1913 1352 1956 tum
1430 1903 1544 1957 vela
1595 1915 1889 1972 vestesque
1968 1909 2219 1976 pretiosa:
2269 1908 2450 1961 omnis
2500 1907 2717 1974 generis
2747 1946 2761 1970 ,
2823 1921 2958 1974 quas
3015 1904 3276 1958 Bertrano
3336 1896 3554 1964 proprie

278 1982 505 2084 augusti
532 1984 903 2084 dfsigmtlione
932 1993 1215 2046 constabat
1249 1996 1556 2050 attributas.
1579 1995 1690 2051 \Eae
1762 1996 1928 2068 429
1970 1999 2115 2053 illius
2152 1999 2260 2052 lilio
2293 1999 2525 2063 relictae;
2566 2015 2750 2052 verum
2797 1999 2884 2052 hic
2912 1998 3102 2051 eodem
3147 2005 3390 2061 tempore
3420 1992 3553 2062 legi-

282 2077 403 2124 tima
438 2077 539 2128 rite
567 2077 795 2132 formula
830 2083 1068 2138 solemne
1093 2085 1753 2152 ﬁdelitatisjuramentum
1789 2091 1840 2142 in
1883 2091 2106 2160 Augusti
2154 2107 2349 2145 nomen
2385 2090 2552 2144 dedit.
2586 2089 2825 2144 Czeteras
2864 2103 2997 2158 Opes
3080 2086 3222 2155 apud
3287 2083 3552 2151 Tripolim

278 2165 552 2236 depositas
589 2173 847 2245 tollentes:
875 2176 1034 2247 legati
1083 2189 1136 2234 et
1168 2181 1234 2236 ad
1280 2181 1625 2238 Eumathium
1687 2185 1738 2238 in
1776 2187 2009 2256 Cyprum
2039 2187 2364 2252 deterentes,
2404 2202 2574 2255 equos
2641 2187 2708 2240 iis
2775 2199 3073 2254 generosos
3151 2183 3220 2236 ab
3284 2180 3553 2239 Damasco

276 2269 328 2362 et
359 2259 554 2362 Edessa
585 2263 806 2362 ipsaque
837 2269 1034 2325 Arabia
1060 2275 1282 2326 mercati
1319 2284 1466 2331 sunt.
1492 2274 1625 2329 Hinc
1664 2277 1945 2349 Syriacum
1976 2280 2196 2348 pelagus
2251 2290 2304 2334 et
2336 2279 2710 2349 Pamphylium
2782 2279 2968 2331 sinum
3027 2274 3258 2336 emensi,
3328 2273 3551 2341 naviga-

279 2353 423 2462 tione
459 2353 700 2409 ulteriori
733 2367 790 2410 ut
823 2369 1071 2428 suspecta
1108 2363 1410 2431 declinata,
1457 2365 1643 2420 tutiori
1681 2368 1926 2422 terrestri
1963 2371 2156 2425 itinere
2219 2372 2270 2425 in
2338 2369 2736 2426 Chersonesum
2783 2365 3030 2431 tendunt,
3089 2365 3177 2419 ubi
3249 2362 3556 2417 didicerant

279 2455 662 2516 imperatorem
712 2465 854 2515 esse,
905 2469 969 2508 ac
1013 2455 1360 2525 Hellesponto
1411 2459 1644 2513 transito
1686 2461 1859 2529 ipsmn
1901 2462 2120 2518 adeunt.

359 2543 512 2595 Ἐπεὶ
543 2544 651 2614 γὰρ
683 2543 1078 2619 ἀλλεπάλληλοι
1109 2551 1284 2620 τούτῳ
1319 2553 1373 2604 αἱ
1403 2554 1682 2623 φροντίδες
1714 2572 1862 2623 νιφε-

2039 2557 2211 2613 Causa
2261 2557 2557 2626 prodeundi
2606 2557 2851 2625 Augusto
2899 2569 2966 2608 ex.
3013 2553 3145 2608 urbe
3199 2553 3342 2622 regia
3377 2551 3554 2604 fuerat

280 2633 374 2688 τοῦ
394 2634 551 2706 δίκην
570 2637 894 2707 ὲπήρχοντο,
913 2641 1020 2694 ἀπὸ
1040 2642 1139 2710 μὲν
1157 2643 1252 2711 τῆς
1276 2644 1546 2715 Θαλάσσης
1569 2646 1657 2699 διὰ
1677 2647 1863 2700 στόλου

278 2727 753 2798 εὐτρεπιζομένων
775 2749 884 2785 των
907 2735 1192 2805 ἡγεμόνων
1215 2739 1422 2809 Πίσσης
1446 2756 1502 2791 τε
1527 2741 1619 2792 καὶ
1636 2739 1865 2800 Γενούας

281 2821 377 2874 καὶ
405 2821 806 2894 Λογγιδαρδίας
832 2829 902 2880 τὰ
933 2829 1085 2897 παρὰ
1115 2829 1384 2884 Θάλατταν
1413 2821 1632 2885 ἅπαντα
1654 2831 1698 2863 ³⁸
1729 2831 1868 2902 δῃώ-

278 2913 497 2979 σασθαι,
529 2915 640 2968 κάκ
667 2914 768 2985 τῆς
797 2918 1028 2988 ἠπείρου
1051 2915 1207 2984 αὖθις
1225 2921 1285 2987 ἐξ
1327 2923 1504 2993 Ἐῲας
1529 2922 1625 2976 τοῦ
1657 2923 1866 2993 Ἀμηρ-

279 3009 480 3059 σαῖσᾶν
505 3007 1026 3075 καταλαμϐάνοντος
1060 3013 1160 3083 ἤδη
1183 3015 1326 3066 κατὰ
1355 3014 1453 3084 τῆς
1479 3014 1868 3083 Φιλαδελφείας

279 3099 377 3152 καὶ
412 3099 518 3151 τῶν
550 3099 832 3166 παραλίων
868 3103 1072 3171 μερῶν,
1097 3104 1208 3158 δεῖν
1236 3105 1332 3157 καὶ
1363 3106 1525 3169 αὐτὸς
1552 3106 1662 3170 ἐξελ
1677 3107 1869 3176 ηλυθέ-

279 3209 370 3245 ναι
405 3191 504 3261 τῆς
539 3192 934 3262 βασιλευούσης
958 3195 1100 3264 ἔγνω
1121 3213 1134 3226 ·
1165 3198 1422 3252 κακεῖθεν
1455 3198 1866 3268 παραγενέσθαι

277 3279 342 3339 οὗ
374 3287 600 3340 δυνατὸν
639 3289 734 3340 καὶ
771 3289 890 3342 κατ’
925 3289 1092 3360 ἄμφω
1121 3293 1189 3344 τὰ
1231 3292 1370 3362 μέρη
1418 3291 1709 3362 μάχεσθαι.
1751 3294 1867 3346 Κα-

275 3379 621 3449 ταλαμϐάνει
657 3381 838 3450 τοζνην
862 3382 907 3414 ³⁸
935 3383 1031 3452 τὴν
1056 3384 1424 3455 Χερρόνησον.
1458 3379 1592 3438 Εἶτα
1621 3385 1869 3438 ἁπαντα-

276 3471 440 3540 χῦθεν
478 3475 992 3543 μετακαλεσάμενος
1018 3477 1118 3538 τὰς
1152 3476 1438 3546 δυνάμεις,
1472 3477 1581 3530 ἀπό
1609 3495 1666 3529 τε
1697 3477 1868 3546 ξηρᾶς

280 3563 383 3614 καὶ
425 3563 716 3634 Θαλάττης,
752 3567 847 3618 καί
881 3567 1182 3620 ἀποδιελὼν
1213 3568 1398 3620 ἱκανὸν
1429 3569 1751 3639 στράτευμα
1783 3569 1867 3623 διὰ

274 3653 378 3707 τοῦ
405 3655 759 3725 Σκαμάνδρου
787 3657 982 3727 μέχρις
1015 3659 1360 3731 Ἀτραμήτου
1387 3662 1479 3714 καὶ
1499 3661 1662 3715 αὐτοῦ
1687 3662 1750 3731 δὴ
1774 3662 1867 3715 τοῦ

272 3747 594 3818 Θρᾳκησίου
619 3748 731 3818 (58)
756 3751 1133 3820 κατατίθησιν.
1163 3750 1290 3823 Εἶχε
1325 3755 1422 3823 μὲν
1442 3751 1536 3808 οὖν
1558 3755 1866 3824 τηνικαῦτα

281 3840 596 3910 στρατηγὸν
632 3843 662 3910 ἡ
698 3842 1056 3911 Φιλαδέλφεια
1089 3847 1500 3899 Κωνσταντϊνον
1531 3850 1619 3899 τὸν
1647 3847 1865 3914 Γαϐρᾱν
1894 3901 1933 3923 Α

275 3936 376 3984 καὶ
407 3931 537 4010 λαὸν
562 3933 890 4002 ἀποχρῶντα
931 3937 1070 4005 πρὸς
1096 3936 1193 4007 τὴν
1224 3937 1430 4008 ταύτης
1457 3938 1702 4008 φρουράν
1725 3955 1737 3970 ·
1775 3939 1866 3992 τὸν

271 4024 335 4077 δὲ
370 4024 782 4095 μιξοϐάρϐαροι)
803 4028 1152 4096 Μοναστρᾶν,
1182 4024 1355 4098 οὗπερ
1389 4029 1446 4081 ὲν
1483 4029 1697 4093 πολλοῖς
1724 4032 1751 4082 ὁ
1779 4031 1867 4084 λό-

274 4133 376 4184 γος
405 4117 706 4187 ἐμέμνητο,
737 4121 769 4186 ἡ
802 4120 1095 4188 Πέργαμος
1128 4121 1220 4174 καὶ
1249 4123 1318 4175 τὰ
1344 4121 1554 4192 Χλιαρὰ
1586 4122 1653 4186 ³⁸,
1682 4125 1772 4175 καὶ
1802 4123 1868 4176 τὰ

274 4210 492 4269 τούτοις
511 4209 894 4278 παρακείμενα
923 4211 1192 4282 πολίχνια,
1221 4215 1315 4267 καὶ
1341 4215 1398 4267 αἱ
1419 4218 1570 4284 παρὰ
1597 4214 1868 4268 θάλατταν

276 4301 471 4370 ἕτεραι
508 4301 714 4366 πόλεις,
753 4300 946 4363 ἄλλους
984 4302 1152 4374 πείρᾳ
1186 4306 1530 4374 στρατηγικῇ
1563 4305 1658 4357 καὶ
1693 4304 1867 4375 τόλμῃ

276 4392 660 4461 διαφέροντας.
692 4391 897 4462 Πολλὴν
917 4393 1086 4464 δὲτὴν
1107 4394 1244 4460 πρὸς
1268 4394 1467 4458 αὐτοὺς
1491 4395 1868 4464 παραγγελίαν

275 4487 307 4537 ὁ
337 4486 701 4558 αὐτοκράτωρ
729 4487 1028 4555 ἐποιήσατο
1051 4486 1416 4558 ἐγρηγορέναι
1435 4488 1751 4552 διαπαντὸς,
1775 4490 1869 4541 καὶ

273 4579 523 4640 σκοποὺς
557 4578 894 4648 πανταχόθεν
933 4579 1244 4648 ἐκπέμπειν
1284 4580 1412 4642 τοὺς
1442 4578 1544 4643 τὰς
1577 4581 1687 4632 τῶν
1724 4579 1865 4651 Βαρ-

271 4670 470 4741 δάρων
508 4670 909 4740 ἐπιτηροῦντας
943 4671 1270 4742 διεκδρομὰς
1303 4672 1396 4724 καὶ
1423 4672 1870 4740 ἀπαγγέλλοντας

271 4763 467 4824 αὐτοῖς
499 4760 622 4814 καθ’
645 4761 814 4833 ὥραν.
848 4761 1006 4815 Οὕτω
1032 4762 1130 4832 μὲν
1157 4760 1246 4814 οὖν
1276 4763 1347 4815 τὰ
1377 4766 1520 4818 κατὰ
1549 4764 1646 4835 τὴν
1683 4765 1870 4822 Ἀσίαν

271 4855 727 4924 ἀσφαλισάμενος
753 4855 888 4925 πρὸς
909 4857 1033 4918 τοὺς
1060 4855 1379 4920 θαλαττίους
1397 4859 1576 4911 ἐπεῖδε
1598 4861 1870 4931 πολέμους

269 4951 393 5010 τοῖς
444 4951 722 5012 ναυτικοῖς
755 4948 1157 5016 ἐντειλάμενος,
1207 4950 1336 5012 τοὺς
1389 4950 1490 5019 μὲν
1523 4955 1636 5015 τοῖς
1687 4953 1869 5023 λιμέσι

270 5037 538 5092 Μαδύτου
587 5039 698 5109 (59)
755 5040 850 5091 καὶ
907 5039 1118 5093 Κοίλων
1170 5040 1568 5110 προσορμίσαι,
1625 5044 1720 5095 καὶ
1776 5045 1868 5095 τὸν

1973 2651 2270 2720 periculum
2314 2650 2555 2718 undique
2591 2650 2780 2718 ingens
2826 2647 3086 2701 Romanae
3117 2646 3218 2700 rei.
3272 2645 3550 2713 Siquidem

1969 2743 2134 2798 certis
2182 2743 2248 2798 ab
2294 2742 2593 2799 Occidente
2648 2743 2852 2795 nuntiis
2886 2740 3161 2794 ferebatur
3213 2739 3443 2792 Pisanos
3491 2751 3555 2790 ac

1969 2838 2287 2895 Genuenses
2323 2848 2659 2907 cazterosque
2687 2837 2962 2906 principes
2991 2835 3161 2888 Italiae
3200 2847 3410 2887 summa
3454 2845 3557 2898 ope

1969 2933 2173 2988 classes
2211 2947 2409 3000 parare
2441 2918 2648 2986 validas
2671 2931 2870 3001 quibus
2911 2927 3160 2996 regiones
3195 2939 3386 2979 omnes
3413 2923 3557 2977 liui-

1971 3026 2042 3078 tis
2072 3025 2280 3080 occidui
2311 3025 2609 3076 maritimas
2638 3021 2883 3089 piraticis
2910 3018 3316 3073 incursionibus
3359 3026 3415 3068 et
3455 3029 3555 3069 ex-

1970 3115 2346 3170 scensionibus
2381 3115 2434 3167 in
2473 3123 2646 3166 tutum
2687 3111 2879 3166 subitis
2906 3109 3168 3163 vastaturi
3204 3122 3326 3159 mox
3351 3116 3554 3164 essent.

1969 3208 2269 3262 Censtabat
2303 3207 2518 3259 aliunde
2540 3204 2738 3259 bellum
2766 3201 2833 3255 ab
2864 3199 3086 3254 Oriente
3115 3201 3326 3252 instare
3355 3198 3554 3250 barba-

1971 3300 2141 3354 ricum
2201 3295 2618 3350 l‘orrnidolosum
2679 3304 2843 3362 atque
2903 3301 3108 3354 atrox;
3166 3291 3300 3343 duce
3370 3291 3556 3341 amere

1970 3390 2135 3445 Saine
2169 3389 2222 3440 in
2255 3387 2653 3455 expeditionem
2685 3383 2796 3449 jam
2821 3395 3133 3451 progresso,
3164 3394 3227 3433 ac
3251 3390 3397 3432 recta
3430 3391 3551 3430 mo-

1970 3489 2126 3534 vente
2179 3476 2607 3545 Philadelphiam
2639 3488 2830 3529 versus
2853 3483 2904 3527 et
2939 3482 3106 3526 totam
3137 3470 3278 3523 illam
3310 3469 3443 3522 mari
3473 3468 3554 3519 vi-

1968 3571 2146 3626 cinam
2199 3569 2493 3638 regionem.
2524 3565 2636 3620 Hac
2664 3566 2896 3636 quadam
2930 3563 3083 3632 quasi
3112 3562 3233 3615 nive
3257 3569 3347 3614 aut
3385 3575 3552 3627 gran-

1970 3663 2095 3717 dine
2120 3662 2433 3714 crebrarum
2461 3660 2665 3727 pariter
2683 3671 2736 3712 et
2753 3657 3152 3712 vchementium
3172 3666 3554 3717 curarum,ex-

1971 3769 2165 3808 cussus
2183 3752 2367 3821 utique
2383 3751 2675 3820 imperator
2690 3751 2870 3820 quiete
2889 3749 3081 3802 domus
3095 3747 3367 3814 Augustae,
3387 3758 3450 3797 eo
3464 3757 3554 3795 ae-

1971 3847 2297 3902 currendum
2312 3844 2541 3916 putavit,
2558 3843 2699 3897 unde
2717 3843 2977 3896 adversus
2994 3857 3023 3894 u
3035 3850 3280 3903 tramqne
3294 3837 3397 3889 vim
3412 3850 3554 3888 unus

1973 3946 2287 3995 occurreret
2316 3951 2477 4004 quam
2515 3935 2629 3989 ﬁeri
2661 3941 2848 4004 posset
2878 3933 3100 4001 optime.
3129 3927 3188 3980 Ei
3228 3927 3302 3980 rei
3344 3925 3552 3980 delecta

1975 4033 2353 4088 Chersonesus
2405 4031 2456 4083 in
2527 4043 2692 4098 quam
2753 4025 2916 4081 simul
2978 4038 3036 4077 se
3095 4019 3348 4079 contulit.
3394 4015 3552 4072 simul

1976 4125 2164 4179 eodem
2195 4137 2258 4176 ex
2292 4120 2426 4174 locis
2463 4119 2719 4174 omnibus
2773 4124 3062 4170 terrestres
3112 4113 3264 4182 juxta
3306 4105 3554 4161 navales-

1977 4231 2083 4284 que
2117 4213 2306 4283 c0pias
2330 4209 2644 4281 coegit.-Ex
2684 4208 2750 4262 iis
2782 4207 2994 4261 delectu
3033 4210 3374 4272 segregatum
3433 4197 3551 4248 ido-

1979 4322 2140 4362 neum
2172 4305 2472 4359 exercitum
2508 4317 2603 4372 per
2654 4299 3051 4354 Scamandrum
3093 4307 3264 4361 usque
3303 4290 3553 4343 Atrame-

1979 4407 2091 4452 tum
2123 4395 2413 4465 ipsumque
2444 4391 2800 4445 Thracesium
2833 4385 3085 4457 progredi
3121 4383 3308 4452 jussit,
3342 4379 3557 4446 illicque

1976 4490 2296 4546 subsistere.
2348 4484 2548 4539 Habuit
2624 4471 2748 4536 tum
2794 4477 3165 4546 Philadelphia
3243 4473 3557 4545 praefectura

1977 4579 2398 4637 Constantinum
2446 4563 3141 4639 Gahram,’numerumqne
3190 4566 3556 4620 abundantem

1979 4670 2344 4728 multitudinis
2370 4670 2435 4723 ad
2467 4667 2687 4722 tutelam
2718 4666 2821 4720 sui.
2861 4662 3098 4736 Hybrida
3137 4658 3462 4714 Monastras,
3495 4651 3560 4704 de

1978 4781 2086 4835 quo
2114 4779 2210 4818 nos
2248 4762 2414 4817 multa
2451 4760 2724 4829 superius,
2773 4756 3094 4826 Pergamum
3156 4746 3441 4804 obtinebat
3505 4749 3559 4835 et

1975 4830 2221 4914 Chliera.
2257 4856 2392 4908 Aliae
2438 4854 2525 4909 his
2574 4852 2882 4918 adjacentes
2934 4857 3107 4902 arces,
3165 4840 3439 4900 urbesque
3492 4830 3558 4883 ad

1979 4965 2129 5004 mare
2156 4951 2276 5003 sita:
2307 4956 2513 5001 tractus
2542 4944 2684 4998 illius
2713 4939 2955 5007 reliquiae
3002 4933 3125 4988 aliis
3175 4922 3557 4998 praestantibus

1980 5045 2056 5096 rei
2092 5041 2304 5096 bellicae
2353 5037 2550 5106 peritia
2583 5041 2637 5088 et
2669 5030 2990 5086 fortitudine
3015 5023 3245 5079 ducibus
3273 5017 3555 5072 suberant.

1335 5179 1536 5241 Variae
1575 5178 1875 5240 lectiones
1905 5196 1982 5240 ett
2015 5177 2157 5240 cod.
2185 5171 2452 5235 Coislin.

339 5281 389 5312 "
410 5280 837 5348 παραθαλάσσια
870 5281 1068 5343 πάντα.
1160 5281 1204 5314 ³⁸
1232 5281 1433 5342 τοίνυν.
1519 5281 1563 5312 ³⁸
1592 5278 1820 5348 Χλιερά.

1303 5373 1316 5378 δ
1337 5400 1485 5465 Car.
1510 5394 1833 5460 Dufresnii
1864 5396 1956 5454 Du
1985 5390 2204 5469 Cangii
2241 5393 2430 5449 noue.

352 5525 470 5588 (38)
505 5522 1344 5594 quxno'lov.410Thracesii
1375 5521 1675 5580 Tltetnatis.
1700 5517 1847 5594 quod

266 5597 534 5667 Lydiam,
568 5595 808 5667 Cariam,
847 5592 1073 5667 Ioniam,
1113 5603 1167 5645 et
1201 5593 1584 5667 aliquot_:_tlias
1632 5592 1856 5667 provin-

264 5659 395 5726 ci'as
422 5659 1303 5732 ιοοηιριυοιοικιιυινηϐιιηειοηιὶιιζ
1321 5664 1385 5716 de
1409 5659 1659 5732 Tltctnat.
1695 5660 1786 5714 lib.
1823 5674 1860 5722 ι,

263 5749 326 5802 et
365 5739 417 5794 in
449 5729 675 5800 Basilio,
714 5747 837 5801 cap.
880 5731 947 5786 l5
981 5741 1034 5788 et
1066 5732 1148 5788 16.
1441 5729 1445 5732 ’

2037 5513 2147 5583 (3.9)
2207 5511 2508 5583 Μαδύτου.
2561 5507 2830 5583 Oppidum
2885 5505 2939 5558 in
2976 5492 3548 5583 Chersonespl'l'lrra:

1972 5564 2292 5647 ειίὲξὶιοζιῖέ
2335 5579 2552 5640 Matios,
2601 5564 2740 5630 t'e'ste
2793 5572 3150 5629 Leunclavio,
3215 5566 3388 5647 ιι.
3441 5564 3549 5647 [ξςο

1975 5632 2551 5722 i’r'aétii'aaém._t__—.a'
2588 5649 2782 5722 Κοῖλα2
2841 5655 3030 5716 portus
3073 5644 3407 5694 memoratus
3441 5632 3549 5686 ..Νί-

1978 5718 2110 5780 cette
2136 5723 2187 5778 in
2221 5720 2364 5776 Man.
2399 5718 2491 5774 lib.
2518 5733 2569 5785 v,
2603 5732 2725 5786 cap.
2757 5718 2810 5773 4.
