3992 6278
270 336 368 403 1061

1414 343 1826 405 ALEXIADIS
1855 343 1999 403 LIB.
2029 342 2191 403 XIV.

3326 334 3460 396 Π)θῖ

267 452 642 517 talisauclenda,
676 468 927 509 sesuave
975 456 1225 524 privatim
1296 456 1596 528 Augustum
1660 455 1979 517 attendisse,
2034 467 2243 517 verum,
2295 450 2612 506 ut/solebat
2679 464 2921 517 semper,
2998 452 3075 504 rei
3145 444 3456 503 communis

268 547 497 603 utilitatem
526 557 581 603 et
609 552 806 619 sceptri
872 550 1099 605 Romani
1151 552 1482 621 majestatem
1525 560 1802 621 spectasse
1841 565 2040 613 unam;
2079 561 2271 616 magna
2325 546 2565 614 profecto
2599 555 2781 598 nostra
2851 557 2906 598 et
2954 546 3005 598 in
3056 556 3264 613 tempus
3298 563 3461 602 omne

261 645 548 715 propaganda
580 657 861 715 posterum
915 648 1194 710 felicitate,
1245 648 1405 719 433
1447 649 1491 702 si
1554 650 1803 701 durasset
1843 655 1947 697 tam
2030 642 2285 697 salutaris
2320 643 2415 696 ista
2449 641 2761 695 concordia.
2807 640 2939 693 Nam
2995 643 3286 695 intervenit
3325 642 3461 696 fata-

262 737 311 789 bs
338 737 415 801 vis,
438 748 485 791 et
518 738 617 792 hoc
652 746 900 807 exempto
922 741 1083 795 rebus
1106 742 1376 805 humanis,
1412 742 1563 809 longe
1594 739 1773 801 aliam,
1815 736 1969 806 culpa
2000 736 2422 799 succedentium,
2454 734 2601 788 orbis
2631 734 2885 787 Romana:
2950 734 3256 803 reipublicze
3323 751 3461 790 cou-

263 829 509 882 versionem
544 829 707 896 cepit.
757 830 890 884 Aliis
922 833 1183 898 consiliis,
1235 834 1321 886 alii
1362 847 1685 896 successus;
1723 839 1775 884 et
1822 829 2287 897 perlurbatissima
2315 836 2495 880 secuta
2539 836 2781 896 tempora
2818 829 2868 882 in
2953 829 3127 881 locum
3198 842 3462 886 venerunt

260 921 379 985 pacis
422 921 566 988 hujus
612 922 1024 991 fundatissimaz,
1057 943 1175 995 quae
1242 939 1294 981 ut
1352 928 1561 996 priores
1646 934 1859 979 nostras
1897 926 2179 977 universas
2210 923 2455 976 miserias
2485 922 2810 986 absolverat,
2862 924 2933 976 ita
2966 938 3073 976 non
3107 924 3324 977 dubiam
3362 939 3459 992 po,

256 1016 468 1080 steritati,
524 1021 681 1074 modo
718 1021 938 1074 retineri
982 1022 1272 1089 potuisset,
1326 1021 1775 1091 tranquillitatem
1815 1019 1866 1071 in
1918 1027 2126 1086 tempus
2168 1032 2325 1070 omne
2382 1017 2733 1083 promittebat
2798 1030 3159 1083 consequens.

3237 1015 3463 1085 Superis

256 1102 382 1156 aliter
413 1106 612 1172 visum;
679 1110 927 1177 adempta
977 1124 1097 1163 cum
1154 1110 1340 1163 Alexio
1391 1110 1591 1178 pariter
1674 1121 1797 1176 spes
1873 1106 2128 1174 salusque
2200 1106 2453 1176 publica;
2506 1116 2865 1173 conatumque
2896 1107 3035 1159 hunc
3077 1108 3195 1176 ejus
3238 1108 3464 1162 beanda:

254 1198 559 1261 posteritatis,
609 1201 871 1264 confusis,
926 1201 1028 1256 hoc
1076 1201 1303 1266 sublato,
1339 1202 1519 1263 rebus,
1550 1201 1672 1253 fecit
1704 1197 1913 1251 irritum
1949 1212 2135 1252 eorum
2206 1197 2587 1265 imprudentia,
2634 1197 2723 1263 qni
2791 1198 3029 1252 habenas
3095 1200 3304 1269 imperii
3378 1216 3463 1256 re-

251 1291 378 1344 lirtas
405 1291 463 1344 ab
494 1307 577 1354 eo,
616 1294 801 1360 peritia
834 1294 1027 1349 deinde
1070 1311 1174 1349 non
1212 1297 1323 1363 pari
1362 1304 1676 1351 tractarunt.

310 1384 361 1436 Οἱ
404 1384 451 1435 δὲ
489 1402 581 1436 του
628 1388 943 1453 Φραγγικοῦ
1012 1389 1203 1441 στόλου
1238 1390 1507 1459 ἡγεμόνες
1551 1389 1639 1443 διὰ
1666 1390 1775 1444 τῶν

1950 1387 2029 1438 Ad
2062 1383 2288 1438 classem
2328 1383 2611 1437 redeamus
2639 1383 2977 1447 Francicam,
3022 1385 3176 1454 cujus
3216 1390 3462 1443 modera-

250 1469 617 1535 περισωθέντων
670 1473 777 1525 ἀπὸ
837 1474 945 1525 τῶν
1016 1477 1174 1528 πέντε
1222 1477 1504 1546 δρομάδων
1538 1479 1683 1547 νηῶν
1708 1479 1775 1531 τὰ

245 1561 352 1629 περὶ
382 1560 460 1613 τοῦ
500 1562 809 1630 Ῥωμαῖκοῦ
844 1567 1056 1632 στόλου,
1079 1569 1152 1630 ὡς
1183 1570 1419 1639 εἴρηται,
1451 1569 1775 1637 βεϐαιωθέν-

241 1668 338 1716 τες,
376 1654 454 1705 καὶ
479 1654 561 1706 ότι
611 1656 639 1706 ὁ
672 1655 926 1721 βασιλεὺς
971 1658 1063 1709 τὸν
1099 1660 1281 1713 στόλον
1311 1661 1645 1729 εὐτρεπίσας
1675 1661 1774 1731 τὴν

241 1743 395 1794 αὐτῶν
421 1743 601 1811 ἔφοδον
649 1748 779 1809 περὶ
812 1748 910 1817 τὴν
959 1751 1305 1819 Χερρόνησον
1346 1755 1658 1823 περιμένων
1694 1755 1778 1808 ὲν-

237 1834 489 1903 διατρίόει,
512 1836 606 1889 τοῦ
632 1841 898 1909 προτέρου
923 1842 1126 1894 σκοποῦ
1159 1843 1496 1912 ἀπέστησαν,
1531 1844 1777 1914 μηδόλως

236 1924 334 1984 toi;
398 1924 581 1993 μέρεσι
650 1926 962 1997 Ῥωμανίας
1031 1932 1335 1996 πλησιάσαι
1421 1934 1772 2004 θελήσαντες.

238 2014 633 2084 Παραχειμάσας
662 2020 757 2073 οὖν
786 2026 813 2074 ό
842 2022 1090 2091 βασιλεὺς
1116 2028 1195 2088 είς
1222 2026 1618 2079 Καλλιούπολιν
1638 2028 1777 2095 μετὰ

231 2104 320 2172 τῆς
349 2106 603 2175 βασιλίδος
633 2126 646 2141 ⁸
709 2112 993 2165 συνείπετο
1051 2116 1160 2185 γὰρ
1220 2116 1369 2186 αὐτῷ
1412 2116 1499 2171 διὰ
1528 2118 1627 2186 τὴν
1666 2118 1775 2171 τῶν

232 2195 389 2248 ποδῶν
443 2198 653 2269 ὀδύνην,
687 2200 762 2264 ὡς
803 2204 1063 2267 πολλάκις
1108 2206 1389 2275 ἱστόρηται
1414 2208 1461 2239 ⁸⁸
1487 2249 1501 2270 ,
1536 2208 1631 2260 καὶ
1680 2210 1775 2260 τὸν

227 2287 401 2354 καιρὸν
448 2290 568 2342 καθ’
617 2290 675 2343 ὃν
706 2295 733 2344 ό
801 2294 911 2345 τῶν
959 2296 1202 2349 Λατίνων
1229 2297 1418 2350 εἴωθεν
1469 2300 1777 2367 παραπλεῖν

229 2377 397 2439 στόλος
476 2382 1006 2453 παραφυλαξάμενος
1069 2388 1149 2448 εἰς
1224 2387 1320 2457 τὴν
1384 2388 1777 2455 βασιλεύουσαν

227 2465 562 2537 ὑπέστρεψεν.
598 2471 673 2524 Οὐ
705 2472 869 2535 πολὺς
904 2473 1254 2544 παρίππευκε
1271 2476 1460 2547 χρόνος
1482 2477 1576 2530 καὶ
1604 2479 1778 2549 Τοόρ-

224 2571 331 2605 κων
352 2555 526 2622 ἔφοδος
549 2560 981 2627 καταγγέλλεται
1011 2562 1069 2628 ἐξ
1091 2563 1317 2616 ἁπασῶν
1346 2565 1453 2616 τῶν
1484 2565 1583 2634 τῆς
1619 2566 1778 2619 Ἀνα-

1890 1484 2035 1529 tores
2062 1477 2147 1528 ubi
2170 1485 2317 1529 certo
2335 1484 2667 1544 compertum
2690 1487 2770 1529 est
2795 1476 3175 1545 cogitationem
3203 1478 3462 1546 abjecisse

1890 1566 2156 1620 tentandae
2182 1566 2429 1620 cominus
2466 1566 2743 1620 Romaniae
2773 1584 2787 1619 :
2825 1567 2966 1636 quod
3000 1584 3093 1621 eos
3122 1584 3149 1619 a
3187 1570 3278 1623 tali
3326 1587 3459 1626 con-

1887 1658 2007 1710 silio
2038 1660 2387 1713 deterruisset
2420 1656 2673 1711 indicium
2702 1672 2889 1711 eorum
2915 1659 3006 1726 qui
3033 1674 3062 1709 e
3088 1660 3461 1724 speculatione

1884 1748 1975 1802 illa
2019 1752 2191 1818 prima
2243 1748 2310 1803 de
2362 1763 2469 1816 qua
2521 1748 2775 1813 diximus,
2835 1749 3074 1817 quinque
3116 1751 3457 1818 dromadnm,

1885 1842 2058 1907 captis
2100 1840 2326 1908 reliquis
2373 1840 2527 1908 pauci
2586 1841 2672 1892 vix
2729 1840 2861 1893 salvi
2894 1841 3198 1907 redierant;
3260 1844 3464 1898 retule—-

1889 1939 2116 1999 rantque
2146 1931 2356 1983 ﬁrmam
2392 1941 2445 1984 et
2471 1944 2813 1983 numerosam
2846 1946 2966 1985 esse
2995 1931 3289 1985 Romanam
3314 1934 3459 1987 clas-

1885 2037 1996 2077 sem
2022 2039 2037 2088 ;
2072 2024 2369 2091 Augustum
2391 2037 2519 2076 vero
2552 2022 2820 2089 intrepido
2843 2023 3027 2076 animo
3053 2025 3184 2076 bene
3213 2033 3461 2090 paratum

1886 2111 2147 2165 adversus
2171 2126 2551 2180 quamcunque
2585 2112 2716 2175 vim,
2752 2112 2959 2166 hostem
3005 2116 3143 2181 apud
3180 2114 3460 2169 Cherrbo-

1888 2215 2078 2254 nesum
2109 2201 2382 2270 opperiri;
2416 2211 2495 2267 ut,
2524 2203 2767 2269 inquam,
2795 2205 3032 2270 Augusto
3053 2204 3185 2257 satis
3213 2207 3461 2259 constitit

1884 2291 2067 2346 Gallos
2096 2291 2245 2345 hisce
2278 2291 2479 2344 nuntiis
2528 2293 2810 2359 perculsos
2859 2293 2966 2346 alio
3014 2310 3138 2361 spes
3188 2311 3461 2365 curasque

1888 2392 2121 2447 vertere,
2159 2398 2332 2451 neque
2366 2384 2430 2434 ab
2461 2382 2549 2447 iis,
2584 2398 2724 2436 nunc
2757 2385 2995 2451 quidem,
3033 2387 3332 2453 periculum
3368 2390 3456 2441 itt-

1887 2482 2055 2538 stare,
2088 2485 2198 2527 tum
2231 2489 2363 2527 sane
2398 2474 2513 2541 ipse
2544 2485 2813 2529 maturum
2845 2476 3073 2529 credidit
3115 2477 3167 2530 in
3213 2492 3458 2532 commo-

1889 2561 2097 2615 diorem
2126 2562 2371 2617 hibernis
2405 2563 2583 2615 locum
2638 2562 2964 2631 demigrare.
3011 2565 3091 2619 Ad
3148 2566 3198 2619 id
3249 2567 3459 2621 delecta

219 2647 372 2717 τολῆς
396 2650 606 2720 χωρῶν,
648 2655 741 2705 καὶ.
800 2653 962 2705 αὐτοῦ
992 2653 1086 2707 τοῦ
1123 2656 1376 2724 Χορασᾶν
1434 2655 1509 2719 ὡς
1543 2658 1621 2718 είς
1646 2672 1778 2709 πεν-

1887 2653 2221 2722 Calliopolis,
2250 2670 2359 2723 quo
2390 2664 2447 2708 ut
2496 2670 2555 2710 se
2595 2656 2849 2719 contulit,
2901 2668 3098 2724 praesto
3133 2657 3317 2713 habuit
3343 2660 3458 2714 Att-

217 2740 443 2807 τήκοντα
504 2742 748 2810 χιλιάδας
820 2748 1287 2816 συμποσουμένων
1333 2761 1348 2776 ⁸
1422 2748 1541 2802 οὐδὲ
1603 2750 1711 2818 γὰρ
1731 2750 1778 2781 ⁸³

217 2831 351 2899 πρός
381 2830 549 2901 βραχὺ
579 2834 862 2905 ῥᾳστώνης
898 2837 1207 2907 μετειλήχει
1262 2838 1354 2892 τὸν
1409 2840 1627 2893 ἅπαντα
1679 2841 1780 2906 τῆς

215 2923 635 2996 αὐτοκρατορίας
669 2927 835 2980 αὐτοῦ
865 2929 1077 2998 χρόνον,
1110 2930 1285 2982 ἄλλων
1318 2934 1431 2985 καὶ
1458 2933 1634 2986 ἄλλων
1661 2936 1781 2986 ὲπι-

214 3015 493 3085 φυομένων
521 3018 799 3086 πολεμίων
824 3021 869 3052 ⁸⁸
902 3022 1183 3091 διηνεκῶς.
1211 3024 1614 3078 Μετακαλείται
1669 3026 1783 3079 τοί-

210 3124 307 3160 νυν
330 3110 701 3180 ἁπανταχόθεν
726 3112 785 3164 τὸ
813 3112 1088 3167 ὁπλιτικὸν
1119 3115 1264 3167 ἅπαν
1285 3157 1298 3179 ,
1339 3118 1433 3169 κα)⁸
1460 3118 1553 3171 τοῦ
1584 3119 1779 3186 καιροῦ

210 3199 640 3269 στοχασάμενος,
707 3202 831 3256 καθ’
888 3202 945 3255 ὂν
984 3205 1177 3274 καιρὸν
1227 3206 1341 3277 (4i)
1383 3208 1611 3277 σύνηθες
1668 3213 1781 3273 τοῖς

205 3289 513 3358 Βαρϐάροις
559 3293 656 3353 τὰς
700 3293 842 3345 κατά
893 3294 1001 3346 τῶν
1056 3295 1397 3364 Χριστιανῶν
1417 3298 1461 3328 ⁵⁷
1512 3298 1781 3368 ἐκδρομὰς

202 3381 504 3446 ποιεῖσθαι,
536 3383 631 3435 τὸν
661 3384 974 3454 ἁναμεταξὺ
1012 3387 1309 3450 Βυζαντίου
1340 3389 1435 3441 καὶ
1482 3390 1783 3459 Δαμάλεως

198 3472 442 3542 διαπερᾷ
477 3473 745 3543 πορθμόν.
779 3476 888 3527 Καὶ
912 3476 1033 3528 οὐδὲ
1063 3477 1095 3545 ἡ
1125 3474 1429 3530 ἐπελθοῦσα
1464 3478 1638 3549 τούτῳ
1672 3479 1781 3532 τῶν

196 3563 386 3616 ποδῶν
444 3565 777 3634 περιωδυνία
814 3566 1039 3637 ἀπεῖρξε
1082 3567 1179 3620 τοῦ
1228 3568 1418 3636 ἔργου,
1469 3570 1589 3640 ἥτις
1656 3570 1779 3624 οὕτε

191 3655 306 3707 τινὶ
341 3654 454 3706 τῶν
500 3655 782 3723 προγόνων
824 3655 1143 3726 ξυμϐέϐηκε
1200 3658 1442 3727 πώποτε,
1493 3662 1578 3714 ἵνα
1606 3680 1688 3726 τις
1718 3665 1781 3716 ὲκ

191 3746 606 3815 σπερματικῶν
634 3747 806 3815 λόγων
834 3748 925 3800 καὶ
951 3750 1030 3809 είς
1057 3749 1220 3803 αὐτὸν
1251 3753 1547 3805 κατιοῦσαν
1571 3754 1781 3823 νομίσοι

185 3837 295 3904 τὴν
341 3836 523 3898 νόσον,
555 3834 680 3889 οὔτε
712 3840 775 3889 ἐκ
814 3838 1022 3908 διαίτης
1056 3840 1253 3910 ἁδρᾶς,
1286 3844 1446 3895 ὁποῖα
1476 3847 1586 3906 τοῖς
1628 3846 1781 3916 διαρ-

186 3927 509 4001 ῥέουσιτὸν
554 3927 670 3995 βίον
714 3928 809 3980 καὶ
855 3929 1159 3998 φιληδόνοις
1220 3932 1539 3999 συμϐαίνειν
1570 3936 1779 4001 εἴωθεν,

1885 2757 2095 2815 gnstam
2132 2757 2358 2801 matrem
2391 2762 2609 2801 meam:
2667 2749 2752 2800 cui
2796 2756 2973 2801 castra
3026 2750 3308 2815 sequendi,
3357 2750 3458 2805 de-

1884 2836 2149 2905 gendique
2176 2851 2421 2905 peregre,
2452 2851 2613 2890 causa
2632 2846 2748 2890 erat
2772 2839 2944 2904 prima
2966 2848 3021 2893 et
3044 2841 3371 2907 necessaria,
3393 2843 3458 2896 de

1882 2943 1986 2997 qua
2027 2942 2170 2997 saepe
2194 2929 2450 2991 diximus,
2484 2929 2844 2982 ministerium
2869 2931 2986 2983 viro
3011 2931 3376 2986 adhibendum
3404 2933 3457 2986 in

1882 3019 2037 3087 gravi
2095 3020 2290 3088 pedum
2348 3020 2538 3073 morbo
2586 3035 2691 3088 quo
2729 3020 2772 3073 is
2820 3020 3119 3075 laborabat.
3176 3023 3455 3092 Calliopoii

1881 3112 2162 3182 Augustus
2192 3113 2337 3166 velut
2378 3113 2432 3166 in
2458 3113 2703 3166 excubiis
2742 3112 3065 3178 quibusdam
3104 3114 3205 3167 fuit
3254 3125 3364 3168 toto
3393 3131 3458 3172 eo

1887 3213 2128 3270 tempore
2160 3218 2267 3272 quo
2305 3218 2618 3257 commeare
2648 3218 2742 3270 per
2779 3202 2869 3256 illa
2903 3204 3069 3257 maria
3102 3205 3307 3260 classes
3356 3206 3463 3260 La-

1884 3296 2009 3348 time
2045 3296 2258 3361 solent;
2288 3310 2353 3350 eo
2383 3295 2601 3349 demum
2651 3302 2928 3349 transacto
2967 3296 3079 3363 jam
3129 3311 3355 3352 securus
3403 3299 3457 3354 in

1884 3387 2072 3441 urbem
2104 3386 2304 3455 regiam
2334 3400 2392 3440 se
2426 3385 2637 3453 recipit.
2664 3382 2780 3438 Non
2811 3384 2901 3439 diu
2934 3386 3003 3439 ibi
3036 3388 3318 3453 quieverat
3335 3404 3455 3443 cum

1886 3478 2112 3547 trepidis
2141 3477 2413 3531 excitatur
2444 3475 2650 3529 nuntiis
2682 3476 2917 3545 ingentis
2972 3477 3295 3545 irruptionis
3321 3478 3458 3533 Tur-

1885 3584 2077 3624 corum
2117 3585 2184 3625 ex
2223 3570 2436 3623 cunctis
2476 3568 2718 3623 Orientis
2759 3568 3072 3637 regionibus
3117 3579 3173 3623 et
3228 3585 3295 3624 ex
3342 3572 3459 3641 ipso

1882 3660 2163 3716 Corosane
2208 3662 2274 3714 ad
2324 3659 2719 3729 quinquaginta
2769 3659 2933 3712 millia
2987 3670 3453 3729 congregatarum.

1883 3748 2149 3803 Nimirum
2183 3748 2346 3802 fatale
2377 3762 2496 3801 meo
2522 3748 2663 3815 patri
2704 3747 2804 3801 fuit
2840 3758 2913 3813 ut.
2939 3764 3005 3803 ne
3031 3753 3096 3802 ad
3127 3762 3455 3805 momentum

1883 3841 2098 3909 quidem
2131 3849 2241 3893 toto
2271 3839 2606 3908 principatus
2630 3838 2712 3891 sui
2747 3848 3006 3906 tempore,
3039 3854 3165 3893 cura
3195 3849 3246 3893 et
3271 3842 3465 3897 labore

1886 3947 2087 3986 vacuus
2120 3941 2303 4001 posset
2330 3930 2533 3983 vivere.
2596 3930 2742 3984 Adeo
2778 3930 2865 3982 alii
2922 3931 3177 3984 continuo
3223 3947 3286 3985 ex
3335 3934 3457 3985 aliis

182 4019 310 4073 ἀλλ’
341 4019 499 4083 ὅπως
531 4019 681 4093 αὑτῷ
708 4021 739 4089 ἡ
778 4019 1018 4082 διάθεσις
1070 4021 1178 4073 τῶν
1238 4021 1417 4074 ποδῶν
1447 4025 1778 4094 ἐπηρέαζεν,

1887 4023 2307 4079 sncrrescebant
2338 4022 2563 4087 hostes;
2599 4020 2701 4073 alia
2726 4033 2791 4073 ex
2829 4020 2950 4074 aliis
2976 4021 3112 4075 bella
3142 4024 3459 4090 surgebant!

177 4111 305 4179 ἐγὼ
365 4106 728 4179 διηγήσομαι.
788 4112 1104 4181 Ἐσφαίριζέ
1177 4128 1308 4164 ποτε
1373 4114 1782 4184 γυμναζόμενος

178 4203 638 4269 συσφαιρίζοντα
699 4202 792 4253 καὶ
848 4203 938 4254 τὸν
975 4203 1232 4255 Τατίκιον
1290 4203 1460 4273 ἔχων,
1526 4206 1656 4274 περὶ¹
1722 4202 1783 4260 οὗ

176 4295 474 4355 πολλάκις
524 4294 852 4363 διείλεγμαι.
935 4297 1032 4357 Ὃς
1098 4297 1192 4348 καὶ
1246 4296 1416 4349 imo"
1464 4298 1557 4349 τοῦ
1616 4298 1784 4352 ἵππου

173 4387 577 4457 παρασυρεὶς,
613 4385 880 4455 ἐμπίπτει
911 4386 988 4455 τῷ
1039 4385 1269 4454 βασιλεῖ,
1299 4387 1593 4441 κάντεῦθεν
1625 4392 1788 4462 ἀλγή-

172 4496 287 4538 σας
336 4477 449 4546 τὴν
488 4476 751 4544 κεφαλίδα
780 4475 873 4528 τοῦ
922 4476 1113 4543 γόνυος
1132 4478 1199 4540 ⁵⁸,
1246 4478 1339 4529 καὶ
1361 4479 1523 4533 αὑτὸν
1552 4480 1667 4533 ὅλον
1695 4483 1785 4537 τὸν

165 4568 335 4621 πόδα
377 4569 480 4620 διὰ
518 4568 578 4621 τὺ
608 4568 918 4637 ἀκροὸαρὲς
948 4570 1045 4638 τῆς
1074 4571 1410 4638 καταφορᾶς,
1444 4572 1545 4624 οὐκ
1581 4574 1785 4626 ἐνεδεί-

161 4663 324 4727 ξατο
360 4661 475 4731 μὲν
506 4660 744 4729 ἀλγῆσαι
779 4660 1228 4730 φερεπονώτατος
1264 4658 1338 4713 ῶν
1365 4679 1377 4689 '
1408 4661 1556 4731 ὅμως
1606 4664 1788 4733 μέντοι

158 4752 411 4822 μικρᾶς
449 4768 598 4814 τινος
626 4752 810 4819 τυχεῖν
840 4750 1183 4817 ἐπιμελείας,
1214 4752 1309 4802 καὶ
1359 4751 1480 4803 κατ’
1518 4753 1696 4821 ὀλίγον
1730 4757 1787 4819 ἐς

150 4845 230 4895 τὸ
272 4840 579 4894 ἀνώδυνον
603 4841 777 4893 ἐλθεῖν
804 4841 911 4893 τῶν
937 4840 1187 4911 συνήθων
1234 4842 1531 4912 διατριϐῶν
1585 4846 1783 4914 εἴχετο.

1894 4109 2042 4163 Novo
2084 4108 2323 4176 periculo
2353 4107 2507 4161 novis
2541 4106 2781 4162 consiliis
2804 4110 3132 4162 occurritur.
3182 4109 3459 4165 Convocat

1887 4202 2181 4271 imperator
2208 4201 2272 4253 ad
2299 4213 2470 4269 seque
2502 4198 2644 4268 cogit
2675 4200 2911 4267 undique
2962 4200 3209 4253 militiam
3260 4201 3460 4255 Roma-

1887 4310 2008 4348 nam
2041 4292 2385 4356 universam;
2422 4299 2478 4344 et
2527 4299 2809 4343 assecutus
2858 4291 3169 4358 conjectura
3224 4304 3458 4361 tempus,

1888 4405 1992 4458 quo
2024 4399 2265 4454 tempore
2295 4399 2391 4452 pro
2439 4397 2588 4435 more
2627 4382 2867 4450 ipsorum
2918 4385 3122 4450 pridem
3169 4385 3462 4439 observato

1884 4478 2216 4535 incursaturi
2244 4474 2681 4530 Christianorum
2720 4482 2895 4528 terras
2933 4474 3021 4527 isti
3052 4474 3272 4530 Barbari
3309 4477 3457 4530 vide-

1885 4574 2104 4634 bantur,
2131 4582 2515 4638 praeoccupare
2545 4564 2672 4618 illud
2709 4565 3058 4632 expeditione
3088 4568 3445 4630 maturanda,

1885 4674 1939 4717 et
1973 4662 2187 4731 prodire
2218 4660 2324 4735 illis
2355 4656 2569 4711 obviam
2600 4655 2809 4709 statuit.
2863 4654 3082 4709 Fretum
3130 4672 3259 4725 ergo
3312 4658 3462 4725 quod

1889 4753 2150 4807 Damalim
2218 4760 2271 4802 et
2321 4748 2638 4817 Byzantium
2694 4746 2998 4811 interjacel,
3040 4746 3239 4799 transit
3293 4762 3309 4801 :
3357 4763 3461 4800 nec

1893 4846 2033 4899 forte
2084 4855 2311 4915 per_eos
2368 4839 2483 4891 dies
2540 4840 2923 4903 ingravesrens
2989 4852 3107 4889 eum
3159 4837 3458 4890 retardavir

144 4936 340 5006 Δῦτη
391 4933 504 5004 μὲν
531 4932 624 4986 οὖν
662 4933 854 5004 πρώτη
878 4934 1024 4986 αίτία
1071 4934 1168 5002 τῆς
1198 4932 1311 4985 τῶν
1352 4934 1531 4987 ποδῶν
1563 4936 1780 5001 ἀλγηδό-

1891 4938 2087 5005 pedum
2115 4933 2287 4985 dolor.
2315 4928 2485 4997 Ainigi
2519 4928 2766 4980 Alc-vium
2802 4928 2904 4978 isto
2940 4926 3129 4978 morbo
3160 4934 3265 4978 tam
3289 4928 3462 4992 peni-

142 5047 262 5091 νος
314 5027 431 5080 τοῦ
486 5026 780 5095 βασιλέως*
849 5026 906 5077 ai
931 5023 1039 5096 γὰρ
1082 5025 1267 5077 ὀδύναι
1316 5027 1425 5077 τῶν
1454 5028 1656 5092 τόπων,
1710 5031 1791 5092 είς

138 5120 406 5180 ἑαυτὰς
437 5117 514 5169 τὰ
547 5117 797 5187 ῥεύματα
833 5114 1245 5184 ἐφειλκύσαντο.
1272 5115 1514 5185 Δευτὲρα
1552 5117 1662 5187 (42)
1695 5120 1791 5171 καὶ

1895 5026 2101 5080 naciter
2130 5018 2297 5073 videri
2330 5019 2523 5069 mirum
2558 5025 2793 5082 poterat.
2830 5014 2961 5066 Nam
2994 5029 3163 5080 neque
3193 5017 3461 5079 repetenti

1895 5113 2246 5167 domesticam
2283 5107 2405 5174 ejus
2448 5105 2761 5157 memoriam
2813 5105 3098 5173 quisquam
3143 5114 3461 5158 occurreret

1257 5227 1455 5289 Variae
1501 5228 1807 5290 lectiones
1848 5244 1926 5287 ex
1952 5224 2090 5286 cod.
2122 5218 2391 5280 Coislin.

226 5334 291 5365 ⁸⁵
340 5330 647 5399 ἱστόρητο.
712 5330 760 5361 ⁵⁵
784 5328 945 5383 Deest
983 5328 1175 5384 vocula
1225 5330 1353 5400 γάρ.

1432 5331 1481 5401 ’ἢ
1506 5330 1776 5399 πολέμων.

312 5407 323 5418 .
377 5400 403 5414 -

124 5409 189 5438 δ’
245 5418 513 5471 ravum.

1862 5328 1904 5358 ⁸⁷
1935 5328 2137 5379 Desunt
2184 5334 2341 5373 voces
2394 5317 2533 5370 κατὰ
2585 5314 2692 5367 τῶν
2749 5315 3114 5384 Χριστιανῶν.

3204 5314 3248 5346 ⁵⁸
3284 5318 3449 5387 παρὰ

1267 5483 1407 5545 Car.
1454 5483 1780 5547 Dufresnii
1846 5484 1937 5543 Du
1974 5479 2198 5557 Cangii
2237 5484 2421 5539 notae.

218 5594 381 5666 (Η)
424 5592 574 5647 Καθ’
609 5588 682 5643 ὃν
716 5586 945 5655 καιρόν.
983 5585 1116 5641 Vide
1143 5594 1299 5639 notas
1325 5588 1390 5641 ad
1428 5586 1691 5642 Viilhard.
1729 5603 1784 5639 η.

107 5670 383 5805 ωῖω)
425 5730 719 5798 Δευτέρα.
754 5727 846 5782 llis
875 5728 1101 5794 duabus,
1132 5727 1455 5797 ﬂobalyfag,
1490 5742 1582 5782 seu
1615 5726 1788 5783 Poda-

1895 5601 2006 5653 grae
2034 5583 2205 5637 Alexii
2235 5579 2699 5656 parentiscausis,
2734 5580 2950 5656 tertiam
2997 5578 3194 5631 addere
3244 5586 3453 5656 poterat

1891 5649 2071 5716 Anna,
2104 5669 2264 5721 quam
2293 5650 2632 5721 Niceplturus
2655 5649 2864 5701 Callist.
2897 5649 2989 5721 lib.
3029 5663 3180 5711 mn,
3210 5662 3328 5714 cap.
3356 5649 3464 5721 ao.

1896 5724 2081 5791 refert,
2121 5717 2660 5789 Constantinopolim
2728 5733 2920 5787 nempe
2977 5720 3276 5772 incolentes
3354 5717 3458 5772 hac
