3992 6278
236 386 364 448 1065

1446 386 1858 446 ALEXIADIS
1894 387 2042 446 LIB.
2082 386 2236 447 XIV.

3341 387 3480 451 1066

235 523 364 572 toth
425 502 760 571 αἰδούμενοι,
817 505 952 573 μήτε
1012 504 1354 574 τὸν,καιρὸν
1415 506 1771 575 παραρρἑντ

1911 513 2128 574 tamque
2187 507 2380 561 dissite
2435 522 2699 578 sparsam.
2759 516 2867 559 tam
2920 505 3246 560 necessariis
3290 505 3482 559 ofﬁciis

231 594 640 663 εὐλαϐούμενοι,
679 600 817 666 μήτε
851 596 952 663 τὴν
978 597 1086 647 τῶν
1115 598 1367 666 ὁρώντων
1413 597 1639 664 νέμεσιν
1666 598 1796 663 ὑφο-

233 684 485 755 ρώμενοι,
517 689 576 740 οὐ
605 691 713 750 τοῖς
741 687 965 740 ὄπισθεν
996 689 1338 757 ἐρχομένοις,
1369 688 1602 751 ἕκαστος
1629 692 1796 742 τόπον

227 778 439 846 ὁμιλίας
475 785 758 850 παρεῖχεν,
797 781 912 832 ἀλλ’
946 781 1155 843 ἁνέτως
1187 783 1285 843 τὰς
1315 781 1534 850 ὁμιλίας
1568 781 1661 832 καὶ
1697 783 1794 843 τὰς

228 871 469 938 αἰτήσεις
510 873 817 925 ἐποιοῦντο.

1907 597 2098 663 procul
2147 597 2460 662 distentam,
2517 610 2572 652 ut
2619 614 2718 652 nec
2763 598 2871 651 cito
2906 597 3022 650 sine
3063 597 3346 661 miraculo,
3383 611 3482 649 nec

1909 704 2144 757 unquam
2181 691 2299 743 sine
2329 693 2589 761 periculo,
2629 701 2718 744 aut
2755 690 2934 758 potius
2978 690 3146 743 exitio
3201 687 3478 755 praesenti,

1907 798 2068 835 unum
2097 785 2147 836 in
2186 785 2360 838 locum
2401 787 2518 855 cogi
2568 803 2723 854 posse
2757 787 3056 843 \iderctur.
3088 785 3350 838 Nimirum
3388 783 3480 836 alii

1906 873 2274 930 ltotnanornm
2312 879 2540 933 militum
2587 896 2682 948 per
2725 878 2968 932 Serviani
3008 893 3211 947 perque
3261 877 3478 930 Dalma-

229 963 348 1014 tiam
397 974 654 1030 angustos
701 975 910 1018 meatus
970 965 1208 1028 vallium,
1266 964 1504 1018 claustra
1562 964 1798 1034 imperii,
1838 965 2102 1030 pra:sidiis
2128 967 2480 1031 obtinebam;
2516 967 2604 1020 alii
2643 969 2785 1020 circa
2856 965 3048 1019 Istrum
3097 965 3352 1019 Cumanis
3415 979 3480 1017 ac

228 1053 380 1107 Dacis
410 1054 742 1122 irruptiones
818 1055 1035 1108 assidue
1102 1057 1491 1110 meditantibus
1555 1055 1750 1122 objecti
1821 1055 2063 1122 stabant;
2118 1059 2254 1110 alios
2311 1073 2510 1126 eosque
2559 1059 2820 1128 plurimos
2856 1056 3174 1126 Dyrrhachii
3226 1057 3474 1112 custodia

229 1147 583 1214 periclitantis
615 1147 811 1200 iterum
848 1164 877 1200 a
909 1146 1076 1200 Gallis
1131 1148 1336 1201 defixos
1391 1149 1477 1200 isti
1529 1148 1689 1201 limiti
1741 1149 1793 1201 in
1833 1150 2078 1202 excubiis
2119 1150 2420 1203 utilissimis
2455 1151 2706 1204 habebat.
2741 1149 2863 1204 Haec
2893 1165 3144 1213 cernens,
3211 1150 3325 1205 haec
3387 1167 3477 1205 re.

229 1248 439 1302 putans,
504 1237 631 1304 quid
679 1237 823 1289 aliud
873 1238 1168 1304 imperator
1220 1251 1427 1307 ageret,
1511 1254 1671 1307 quam
1724 1238 1865 1306 quod
1909 1241 2134 1306 urgebat
2185 1243 2417 1293 maxime
2471 1242 2521 1294 in
2581 1249 2648 1294 eo
2699 1243 3040 1309 procurando
3101 1250 3242 1294 totos
3305 1255 3469 1296 esset.

221 1329 514 1396 posteriora
571 1329 788 1382 interim
844 1329 1066 1382 duceret
1110 1331 1354 1383 cmtera?
1413 1330 1793 1385 Parturiehant
1832 1348 2003 1386 caecas
2032 1334 2249 1386 fraudes
2321 1334 2653 1402 rapinasque
2719 1349 2782 1386 ac
2815 1335 2951 1386 bella
2980 1334 3137 1388 solita
3166 1335 3465 1390 clanculum

221 1421 478 1489 parabant
535 1420 748 1474 finitimi
795 1422 998 1474 circum
1053 1420 1301 1485 Barbari,
1359 1421 1493 1474 nihil
1542 1423 1786 1476 omnium
1825 1423 2067 1491 Angusto
2096 1424 2392 1477 neSciente.
2474 1422 2672 1476 Verum
2712 1423 2838 1493 quia
2912 1425 3120 1478 Gallico
3165 1427 3463 1488 discrimini

221 1523 379 1567 totam
410 1513 719 1581 impendere
750 1513 1144 1581 providentiam
1178 1515 1517 1576 decreverat,
1545 1514 1702 1567 donis
1766 1523 1820 1568 et
1893 1516 2244 1583 dignitatibus
2297 1513 2662 1568 Barbarornm
2729 1519 2893 1570 duces
2938 1515 3100 1587 435
3155 1519 3465 1584 occupavit.

225 1606 552 1672 redemitqne
587 1605 679 1657 illo
701 1605 870 1673 pretio
892 1603 1240 1657 securitatem
1267 1604 1335 1657 ab
1409 1619 1475 1658 co
1547 1619 1747 1673 genere
1821 1606 2066 1673 periculi.
2115 1604 2311 1659 Totum
2361 1607 2557 1660 deinde
2600 1608 2840 1660 animum
2891 1622 3190 1677 οιιιιιυεψιθ
3241 1610 3306 1661 ad
3358 1611 3464 1663 vim

221 1697 490 1751 Gallorum
536 1698 912 1761 cohibendam,
960 1698 1422 1766 continendasquc
1464 1701 1532 1752 ab
1574 1698 1771 1766 injuria
1807 1700 2132 1768 cupiditates
2195 1682 2374 1752 vertit.
2439 1701 2756 1768 Quanquam
2791 1709 2847 1755 et
2881 1703 3108 1757 subinde
3165 1711 3471 1769 respectare

221 1791 362 1843 illum
396 1791 502 1843 alio
571 1807 788 1844 suormn
837 1791 1042 1844 insidiae
1088 1791 1491 1860 coujnrautinm
1574 1800 1628 1845 et
1673 1803 1858 1860 operta
1903 1791 2237 1845 defectiones
2281 1792 2617 1846 molientium
2672 1791 2876 1846 scelera
2939 1795 3222 1857 cogebant.
3281 1792 3470 1860 Neque

214 1880 324 1932 ha-c
356 1880 586 1942 facilior,
619 1881 663 1931 si
697 1895 881 1933 verum
904 1880 1154 1942 fatemur,
1183 1880 1265 1932 vel
1295 1880 1363 1934 ob
1391 1881 1784 1948 explorationis
1825 1881 2215 1946 difﬁcultatem,
2251 1884 2332 1935 vel
2386 1885 2453 1935 ob
2516 1882 2846 1937 anxietatem
2917 1883 3224 1939 difﬁdentiae
3284 1883 3470 1938 cautio

214 1987 346 2031 erat.
376 1974 577 2031 Tamen
605 1976 692 2030 ille
721 1985 940 2046 paratus
973 1985 1133 2043 atque
1183 1990 1396 2042 semper
1423 1991 1713 2029 occurrens
1764 1975 1828 2028 ad
1869 1975 2016 2026 varia
2052 1974 2192 2026 velut
2223 1975 2520 2043 multiplex,
2553 1975 2620 2027 ad
2688 1977 2866 2027 omnia
2916 1993 3052 2028 unus
3126 1977 3417 2031 sufﬁciebat
3451 2007 3466 2041 ς

211 2077 460 2121 caeterum
542 2078 673 2137 quot
739 2070 998 2122 aerumnis
1052 2068 1377 2136 quantisque
1421 2067 1696 2120 laboribus
1747 2066 1851 2120 ista
1895 2064 2182 2119 indefessa;
2226 2066 2423 2134 vigilite
2477 2067 2742 2131 custodia,
2802 2068 2898 2120 ista
2949 2084 3067 2121 sese
3115 2071 3179 2122 ad
3226 2070 3466 2124 omnium

208 2163 550 2216 occasioamn
598 2177 726 2215 usus
759 2162 903 2213 varie
956 2161 1258 2229 torquentis
1301 2168 1465 2226 atque
1515 2160 1769 2227 [iungentis
1812 2159 2068 2212 habilitas
2102 2158 2424 2224 prudentiae,
2467 2159 2540 2211 illi
2614 2161 2922 2212 constiterit
2967 2161 3089 2228 quis
3137 2178 3303 2231 queat
3385 2164 3468 2216 di-

209 2255 364 2308 cere?
393 2254 578 2308 Gallos
610 2255 824 2324 pmprie
854 2255 1210 2322 quodattiuet
1252 2257 1398 2323 (nam
1436 2256 1539 2316 his,
1606 2263 1663 2307 ut
1723 2254 1858 2316 dixi,
1901 2254 2240 2322 potissimmn
2277 2253 2663 2332 invigilandum
2697 2255 2991 2319 statuebat,
3019 2266 3070 2309 et
3115 2273 3264 2311 more
3308 2263 3464 2330 periti

208 2347 422 2407 medici,
465 2361 586 2398 cum
615 2345 816 2398 nullam
855 2346 1151 2414 negligeret
1177 2345 1302 2397 mali
1337 2356 1569 2413 partem,
1637 2353 1816 2398 tamen
1899 2345 1946 2397 ei
1985 2359 2105 2411 qua:
2138 2343 2492 2410 periculosius
2542 2355 2780 2413 urgeret,
2819 2347 3162 2401 curationem
3207 2350 3479 2408 adhihen-,

206 2438 327 2491 dam
365 2441 621 2493 censebat
654 2437 1044 2505 attentiorem),
1097 2436 1306 2496 Gallos.
1355 2437 1595 2503 inquam,
1634 2436 1774 2503 quod
1817 2435 2032 2497 attinet,
2118 2442 2258 2486 totos
2324 2433 2432 2486 illis
2461 2435 2745 2489 audiendis
2776 2435 3220 2504 alloquendisqoe
3261 2441 3466 2508 impen-

208 2527 368 2580 debat
400 2530 534 2582 dies.
575 2527 818 2582 Vidisses
847 2527 1022 2595 primo
1053 2526 1182 2580 solis
1213 2534 1401 2579 exortu
1451 2523 1778 2578 insidentem
1820 2524 1956 2578 solio
2006 2524 2331 2590 Augustum,
2364 2523 2532 2577 libera
2567 2539 2660 2591 per
2707 2541 2836 2580 suos
2880 2526 3018 2579 facta
3092 2526 3263 2582 Gallis
3335 2547 3464 2598 pro-

208 2624 412 2675 rniscue
449 2622 703 2674 omnibus
737 2621 802 2674 ad
845 2635 904 2674 se
936 2618 1167 2673 adeundi
1202 2625 1505 2685 potestate;
1563 2631 1686 2668 nam
1727 2625 1780 2669 et
1822 2616 1948 2682 quid
1972 2617 2273 2684 cogitarent
2299 2616 2494 2684 quidve
2520 2629 2779 2683 cuperent
2833 2633 3159 2688 cognoscere
3217 2622 3461 2687 protinus

206 2734 268 2770 ex
336 2716 465 2786 ipsis
533 2717 716 2768 auditu
778 2715 1054 2783 pra-senti,
1107 2713 1406 2781 sagacitate
1457 2709 1781 2780 suspicionis
1858 2713 2022 2765 etiam
2092 2712 2230 2763 ultra
2265 2711 2407 2763 dicta
2439 2726 2606 2778 usque
2633 2712 2697 2765 ad
2735 2728 2928 2767 sensus
2956 2713 3458 2783 exploraturaimi-

204 2823 340 2870 IDUS,
381 2807 480 2860 sibi
515 2807 578 2858 ad
629 2805 1075 2875 gubernationem
1131 2818 1310 2856 rerum
1367 2799 1455 2854 tali
1509 2809 1772 2872 tempore,
1811 2801 1892 2852 vel
1933 2800 1984 2852 in
2019 2799 2208 2866 primis
2240 2799 2369 2852 utile
2437 2801 2677 2868 putabat,
2727 2809 2782 2854 et
2862 2813 3045 2869 partes
3093 2806 3452 2870 persuadendi

202 2899 282 2951 eis
310 2914 428 2966 quae
451 2899 752 2967 oportebat,
794 2898 1118 2963 eosdemque
1168 2893 1456 2948 revocandi
1513 2907 1541 2944 a
1594 2891 1770 2945 noxiis
1809 2891 1886 2943 rei
1921 2891 2176 2946 Romana.-
2202 2891 2463 2956 consiliis,
2497 2893 2599 2945 sibi
2671 2894 3040 2949 arhitrabatur
3100 2902 3455 2968 usurpandae;

201 2993 288 3043 vel
323 2991 514 3043 fiducia
547 3005 657 3043 sua:
691 2989 995 3058 praestantis
1063 2990 1118 3040 in
1158 2985 1384 3040 dicendo
1451 2984 1752 3048 facultatis,
1783 2997 1847 3035 ac
1887 2984 2094 3051 peritiae
2122 2983 2525 3036 tractandorum
2558 2984 2900 3052 animorum;
2955 2987 3036 3041 vel
3089 2992 3230 3057 quod
3280 2993 3463 3048 minus

199 3081 297 3136 aliis
328 3092 695 3150 suppeterent,
731 3079 927 3147 quibus
975 3077 1040 3130 ad
1077 3092 1193 3130 eam
1244 3091 1356 3130 rem
1413 3075 1556 3138 ftdei,
1618 3075 1775 3137 artis,
1818 3074 2182 3137 auctoritatis,
2215 3074 2348 3128 satis
2381 3075 2557 3128 inesse
2584 3077 2876 3131 videretur.
2945 3078 3246 3134 Utebantur
3299 3098 3463 3151 porro

199 3171 325 3228 (fata
379 3173 534 3238 copia
608 3172 828 3222 minime
874 3166 1171 3220 verecundi
1225 3166 1564 3232 maximeque
1607 3163 1816 3217 verbosi
1890 3163 2026 3216 Galli
2057 3165 2321 3228 comites;
2353 3173 2408 3218 et
2437 3181 2557 3218 cum
2597 3174 2728 3234 quot
2761 3169 2955 3236 cuique
2996 3173 3216 3225 asseclis
3261 3173 3464 3228 libebat

198 3279 294 3318 ore
329 3262 420 3315 illo
447 3280 542 3316 suo
569 3264 703 3314 duro
733 3272 786 3315 et
825 3261 1007 3314 fronte
1032 3259 1249 3314 sublimi
1281 3263 1346 3311 ad
1383 3258 1764 3326 imperatorem
1809 3260 2132 3310 accedentes
2203 3257 2321 3326 ejus
2397 3273 2558 3311 aures
2607 3259 2980 3314 obtundebant
3024 3264 3333 3333 inexplebili
3382 3269 3465 3323 lo-

199 3359 497 3430 quacitate,
551 3358 636 3411 cui
696 3356 976 3410 materiam
1030 3356 1301 3422 praebebat
1350 3367 1626 3418 nunquam
1678 3350 2008 3404 defecturam
2075 3366 2193 3405 cum
2258 3351 2548 3405 familiaris
2608 3369 2672 3406 ac
2717 3369 2852 3421 pene
2897 3361 3155 3413 naturalis
3204 3362 3290 3415 isti
3369 3379 3472 3430 tre—-

197 3451 312 3502 neri
348 3449 694 3515 pecuniarum
731 3447 935 3508 iantes;
971 3455 1081 3497 tum
1119 3457 1273 3495 acres
1303 3451 1358 3494 et
1398 3439 1780 3495 inrevocabiles
1819 3443 1870 3494 in
1923 3441 1976 3494 id
2020 3456 2180 3495 onme
2223 3442 2368 3509 quod
2414 3443 2790 3510 concupierint
2838 3446 3090 3514 impetus,
3159 3467 3262 3519 qua
3335 3455 3462 3510 dote

196 3542 345 3597 velut
376 3539 476 3592 sibi
511 3538 725 3606 propria
759 3536 1032 3592 Gallorum
1065 3549 1196 3604 gens
1232 3550 1393 3602 supra
1430 3549 1620 3588 oinnes
1668 3545 1896 3588 caeteras
1963 3535 2199 3590 excellit.
2273 3534 2384 3590 lloc
2457 3537 2616 3592 modo
2684 3541 2773 3607 qui
2823 3539 2972 3609 prior
3019 3553 3136 3596 erat
3187 3547 3462 3616 ingressus

198 3637 559 3693 tumultuario
632 3645 685 3688 et
744 3636 862 3689 sine
914 3632 1250 3694 reverentia,
1305 3630 1394 3683 ubi
1454 3630 1783 3683 otiosissime
1828 3643 2164 3698 quaecunque
2215 3631 2269 3682 in
2313 3631 2532 3684 but-cam
2604 3645 2865 3687 venerant
2940 3635 3228 3704 eanticrat,
3277 3647 3462 3698 aderat

195 3728 340 3778 alter
406 3726 495 3793 qui
559 3724 673 3776 sine
741 3723 1028 3777 intervallo
1071 3719 1416 3786 succederet;
1487 3722 1715 3774 ethunc
1767 3719 2071 3783 excipiebat
2132 3722 2325 3774 tertius
2377 3735 2600 3788 quartus
2653 3739 2718 3777 ac
2768 3724 2967 3793 plures.
3021 3727 3310 3800 Deinceps,
3367 3753 3458 3804 qm

196 3822 352 3875 nullo
415 3820 798 3886 ittterspirattdi
871 3820 1044 3886 spatio
1090 3816 1405 3885 imperatori
1459 3817 1606 3880 dato,
1655 3816 1949 3883 pergebant
1978 3817 2233 3869 miserum
2306 3819 2539 3872 obruere
2581 3820 2812 3887 quadam
2887 3824 3062 3880 eluvie
3104 3828 3298 3883 infiniti
3351 3848 3456 3888 neu

194 3915 380 3966 minus
414 3929 574 3979 quam
632 3911 972 3978 lllCOillpOSlll
1023 3909 1312 3962 sermonis.
1370 3907 1552 3976 Neque
1597 3908 1765 3971 enim,
1844 3908 1984 3975 quod
2046 3909 2352 3961 rhetoribus
2407 3911 2856 3977 praescribebatur
2905 3915 3053 3979 olim,
3118 3920 3184 3971 ad
3262 3939 3456 3992 aquam

193 4025 263 4063 ac
322 4009 663 4077 clepsydram
724 4006 936 4059 dlceudi
996 4015 1209 4072 tempus
1267 4004 1651 4066 metiebantur,
1685 4005 1779 4056 sed
1814 4001 1994 4070 quivis
2068 4002 2210 4056 inter
2273 4017 2368 4056 eos
2399 4005 2560 4056 etiam
2589 4004 2654 4057 de
2683 4005 2840 4074 vulgo
2874 4006 2956 4060 fas
2987 4009 3086 4062 sibi
3133 4028 3253 4067 esse
3297 4029 3456 4084 puta.

191 4104 812 4171 batquandiucumque
838 4101 1491 4167 velletcumjimperatore
1551 4097 1810 4165 colloqui.
1889 4096 2040 4160 Quod
2102 4097 2318 4164 quidem
2377 4097 2448 4150 ita
2512 4099 2850 4166 usurpabant
2919 4101 3164 4157 homines
3211 4111 3300 4176 qui
3357 4126 3455 4163 nec

191 4200 416 4268 agendi,
476 4213 574 4251 nec
630 4196 879 4265 loquendi
945 4198 1157 4248 modum
1209 4202 1453 4257 nossent,
1508 4205 1565 4245 nt
1624 4193 1773 4246 nullo
1849 4200 2093 4261 respectu
2143 4197 2424 4260 prtrscntis
2469 4192 2790 4263 majestatis,
2854 4197 2998 4250 nullo
3043 4200 3236 4268 elapsae
3288 4206 3452 4262 horai.

192 4303 296 4348 aut
370 4293 511 4345 taedii
565 4289 1032 4345 circumstantimn
1103 4289 1252 4342 vultu
1301 4298 1356 4341 et
1404 4297 1623 4355 aspectu
1674 4286 1959 4351 declarati,
2042 4288 2255 4340 ratione
2321 4287 2522 4350 habita,
2576 4302 2744 4355 usque
2786 4287 3053 4342 haererent
3097 4292 3343 4349 instando
3394 4300 3458 4349 ac

188 4390 552 4464 petitionilrus
581 4385 871 4450 iterandis;
911 4399 1009 4436 nec
1047 4382 1500 4443 consideratione,
1548 4379 1643 4432 sed
1675 4380 1948 4444 satietate,
1978 4379 2153 4434 locum
2189 4381 2308 4435 aliis
2339 4382 2618 4436 cederent.

268 4485 345 4536 Τὸ
375 4482 536 4534 λάλον
569 4479 625 4531 δε
656 4478 862 4531 τούτων
915 4476 1010 4528 καὶ
1055 4473 1375 4544 θηρευτικὸν
1420 4475 1515 4526 καὶ
1546 4489 1771 4542 σμικρο-

1955 4474 2132 4528 Mores
2181 4487 2509 4543 naturasque
2572 4474 2752 4528 varias
2813 4476 3053 4543 gentium
3126 4477 3458 4545 cmtjecturis

183 4579 354 4645 λόγον
383 4575 492 4626 τῶν
549 4573 746 4634 λέξεων
785 4571 1015 4630 ᾶπαντες
1049 4567 1147 4636 μὲν
1175 4568 1353 4618 ἴσασιν
1387 4567 1604 4628 ὁπόσοις
1629 4565 1771 4634 ἠθῶν

1888 4567 2071 4621 venari
2103 4583 2167 4620 ac
2197 4565 2451 4633 colligere
2491 4565 2707 4632 quidam
2739 4567 2952 4631 solent;
2982 4569 3046 4621 de
3085 4569 3182 4622 hac
3225 4569 3453 4636 Gallica,

187 4667 509 4736 ἀνθρώπων
570 4664 725 4734 μέλει
763 4658 1293 4728 καταστοχάζεσθαι.
1349 4652 1487 4719 Τοῖις
1534 4658 1590 4709 δὲ
1648 4658 1772 4710 τότε

179 4761 475 4828 παρόντας
511 4755 910 4826 ἀκριϐέστερον
948 4755 979 4821 ἡ
1009 4754 1176 4818 πεῖρα
1201 4750 1468 4817 δεδίδαχε.
1507 4750 1618 4802 Καὶ
1663 4748 1774 4818 γὰρ

174 4855 330 4908 ἐπὰν
364 4851 580 4921 ἑσπέρα
631 4847 950 4907 καταλάϐοι,
1008 4845 1194 4903 ἄτιτος
1249 4843 1316 4893 δι’
1373 4842 1503 4909 ὅλης
1555 4841 1771 4909 ἡμέρας

1882 4661 1973 4728 qui
2001 4657 2475 4725 Constantinpoli
2509 4668 2618 4709 tum
2669 4657 2837 4715 fuere.
2878 4674 3070 4710 omnes
3116 4661 3248 4712 satis
3291 4676 3452 4727 cxpe-

1884 4749 2076 4801 ricntia
2131 4757 2470 4815 compertum
2525 4747 2724 4800 habent
2767 4745 2930 4816 436
2968 4763 3088 4800 esse
3141 4749 3282 4800 illam
3340 4761 3449 4800 tum

1883 4839 2396 4906 profluentissimam
2449 4838 2767 4900 Verborum;
2813 4847 2920 4889 tum
2976 4849 3151 4890 astuta
3200 4840 3442 4891 eamdem

1234 4959 1374 5016 Car.
1409 4953 1734 5014 Dufresnii
1775 4957 1872 5014 Du
1910 4953 2135 5029 Cangii
2169 4962 2356 5012 notio.

172 5087 230 5128 at
280 5070 655 5136 magniloquos
695 5064 1034 5136 perstringit;
1066 5056 1343 5136 llr-itot'rttm
1383 5055 1769 5136 ,t'rtttoricino-

171 5125 311 5197 rimi
346 5125 718 5205 ιζ’ίιιῚῚιΙῖιηιιειιί
754 5125 970 5205 Sttgtllat
998 5131 1196 5205 Gnther
1222 5125 1356 5204 “ad.
1399 5127 1490 5176 lib.
1513 5139 1766 5205 Itin-cup,

170 5193 251 5274 i5;
321 5193 755 5263 Niirtttannurum
818 5193 1101 5274 “attinens
1135 5198 1307 5274 Palis,
1347 5211 1448 5273 ua";
1493 5193 1671 5274 .ῙΙΣ)’Ῑν⁸
1716 5200 1765 5241 οι

171 5262 504 5336 Willelmus
539 5277 707 5331 Briln,
744 5273 834 5324 lih.
870 5287 897 5320 v
939 5268 1170 5334 Philipp.
1204 5262 1767 5336 Proviin_'iales__cti:un

172 5329 554 5406 ιὶᾶὦῖιὸιιιιιιρ
591 5329 764 5409 carpit
801 5329 1242 5409 Guiberttts,'_l‘ib.
1279 5348 1339 5393 tl,
1369 5347 1489 5398 cap.
1541 5329 1766 5409 “intubi

267 5398 601 5472 ’(ῑέιῖιῖιιιηιιυ
633 5398 1039 5479 διιιῑηιςιάὶειιιυ
1081 5398 1110 5460 :7
1136 5402 1266 5479 Εναι
1296 5412 1473 5453 “luem
1510 5398 1764 5478 .Pr‘l’fa'fiso

166 5503 386 5545 noslrxs
416 5487 741 5555 principibus
765 5478 920 5555 (utiuti:
948 5478 1228 5555 maturior,
1264 5482 1310 5552 et
1345 5479 1630 5555 eaJerCttus,
1663 5481 1763 5555 utsi

162 5540 446 5629 Quinum}.
486 5561 552 5606 ad
586 5540 828 5621 porrulos
870 5549 1134 5599 hominum
1165 5540 1562 5629 provinciallmm
1593 5551 1763 5629 mores

443 5609 842 5687 nulliuinferior.
877 5623 1073 5700 Ηυιίιιιι
1110 5627 1286 5690 mores
1312 5609 1762 5700 gripltltce'etiatn

661 5675 1264 5767 i-xprt-ssitnGervasius
1316 5675 1761 5737 ‘Tilicbcriensis,

164 5753 436 5826 Οίὶριορεῖη
480 5767 669 5829 imper.
708 5753 798 5815 lib.
836 5775 898 5812 ιι.
939 5756 1031 5807 Est
1066 5753 1200 5804 enim
1229 5765 1348 5816 gens
1380 5763 1535 5815 quam
1564 5761 1767 5813 provin-

518 5860 788 5920 PATRUL.
830 5853 944 5912 Gn.
986 5849 1144 5908 CXX
1159 5848 1198 5902 Χ
1213 5848 1225 5903 l
1241 5892 1254 5906 .

1869 5052 2056 5104 cialem
2113 5053 2476 5117 appellamus,
2527 5047 2744 5102 consilio
2806 5049 3110 5111 perspicax,
3173 5049 3450 5108 promissis

1869 5121 2060 5187 fallax,
2095 5136 2244 5178 opere
2280 5136 2396 5170 cum
2434 5119 2539 5169 vult
2572 5118 2789 5182 efﬁcax,
2842 5120 2956 5187 sine
3006 5132 3280 5187 armorum
3319 5135 3449 5184 pou-

1869 5185 1988 5242 dere
2020 5189 2292 5247 bellicosa,
2345 5205 2436 5248 pro
2469 5203 2564 5237 suo
2589 5195 2901 5252 paupertate
2929 5186 2982 5236 in
3011 5187 3235 5237 cibamlo
3265 5185 3443 5252 larga.

1869 5260 1920 5309 in
1953 5258 2183 5308 nocendo
2224 5255 2506 5318 insidiosa,
2552 5257 2688 5305 inter
2730 5259 2922 5317 probra
2979 5261 3271 5315 taciturna,
3324 5273 3444 5307 cum

1869 5328 2014 5377 locus
2049 5336 2135 5376 aut
2179 5324 2376 5391 temptk
2417 5327 2641 5387 suppetit
2697 5324 2978 5390 malefacta
3003 5335 3272 5385 memorat,
3309 5325 3444 5375 bello

1872 5397 2046 5447 navali
2104 5396 2480 5460 circuitispectu
2513 5401 2560 5444 et
2597 5394 2897 5455 victoriam,
2930 5395 3118 5446 coloris
3151 5395 3355 5461 patiens
3387 5412 3447 5444 ac

1873 5465 2108 5532 frigoris,
2140 5462 2319 5528 fontis,
2371 5478 2431 5510 ne
2481 5463 2808 5521 saturitutis,
2867 5478 2988 5528 gens
3040 5465 3092 5514 in
3147 5465 3446 5514 substantia

1873 5535 2064 5592 tenuis,
2090 5533 2212 5598 quin
2239 5533 2368 5590 ruit,
2393 5539 2441 5581 et
2475 5532 2805 5584 abundantia
2828 5532 2972 5596 pacis
3001 5533 3213 5602 affluens
3239 5532 3448 5600 quando

1877 5604 2004 5657 uult.
2033 5602 2086 5655 Si
2117 5604 2395 5654 Dominum
2447 5604 2753 5652 continuum
2775 5603 2986 5653 liabet-et
3041 5617 3191 5669 quem
3222 5604 3445 5661 (niteret,

1877 5675 2023 5726 nulla
2075 5687 2196 5741 gens
2242 5673 2396 5722 citius
2445 5669 2775 5736 frangeretur
2824 5669 2891 5721 ad
2925 5674 3136 5732 bonum,
3189 5687 3278 5726 nec
3312 5670 3444 5733 ulla,

1876 5743 2000 5812 quia
2035 5759 2134 5794 mm
2163 5750 2237 5794 est
2275 5758 2305 5792 ιι
2341 5756 2440 5792 auo
2477 5748 2687 5792 reantur
2745 5741 2812 5792 ad
2840 5741 3056 5793 titulum.

3018 5834 3088 5894 34
