3992 6278
254 517 330 570 εἶτ’
357 514 496 577 αὖθις
526 507 683 577 οὗτος
723 514 802 575 είς
835 513 1042 583 ἕτερον.
1069 513 1178 566 Καὶ⁸
1206 508 1274 584 ἦν
1311 513 1409 584 μὲν
1441 514 1498 565 ἐν
1548 511 1792 583 διαλειμ-

256 625 362 679 μασι
414 605 621 669 τούτοις
765 607 976 669 στάσις.
1039 606 1099 658 ὐ
1144 605 1200 658 δὲ
1244 606 1342 675 τὴν
1396 606 1586 657 στάσιν
1640 599 1785 672 εἶχεν

255 698 520 770 ἀπέραντον
549 699 711 766 μέχρι
767 697 992 766 πρώτης
1026 697 1354 767 ἢ.δευτὲρας
1408 696 1788 764 ἀλεκτοροφω-

253 791 367 850 νίας.
391 791 597 857 Μικρὸν
635 788 678 840 δ’
708 789 1129 856 ἀναπαυόμενος
1162 788 1312 856 ἡλίου
1351 788 1511 840 πάλιν
1540 787 1786 855 ἀνίσχονο

252 897 325 941 τος
350 881 428 932 ἐπὶ
458 879 550 931 τοῦ
589 879 780 946 Θρόνου
815 879 1059 947 καθῆστο
1089 919 1103 941 ,
1127 880 1218 931 καὶ
1254 879 1412 932 πάλιν
1433 879 1611 947 ἕτεροι
1634 879 1786 929 πόνοι

253 974 331 1024 καὶ
357 972 555 1039 ἀγῶνες
597 971 778 1024 διπλοῖ
805 973 930 1032 τοὺς
967 973 1314 1041 νυκτερινοὺς
1348 970 1586 1032 ἐκείνους
1619 970 1790 1022 διαδε-

249 1065 458 1134 χόμενοι.
505 1064 602 1116 Ἐκ
624 1063 829 1132 ταύτης
869 1063 1161 1130 τοιγαροῦν
1203 1064 1302 1131 τῆς
1337 1063 1516 1125 αἰτίας
1559 1065 1591 1131 ὴ
1625 1062 1785 1132 ὀδύνη

249 1159 337 1208 τῶν
366 1155 529 1208 ποδῶν
587 1157 886 1225 ἐνσκήπτει
919 1155 1012 1208 τοῦ
1057 1156 1482 1226 αὐτοκράτορος.
1556 1154 1785 1207 Ἐκτοτε

247 1249 293 1299 δὲ
320 1250 464 1318 μέχρι
513 1247 704 1310 τέλους
755 1250 820 1299 ὲκ
866 1248 1262 1316 διαστημάτων
1306 1247 1468 1300 τινῶν
1519 1247 1788 1316 χρονικῶν

248 1338 461 1408 ὲπῄειτὸ
492 1338 673 1407 ῥεῦμα
698 1339 894 1406 ὀδύνην
926 1339 1130 1405 ἐπάγον
1177 1337 1433 1406 ἔφυδρον.
1490 1338 1548 1391 Ὀ
1592 1339 1648 1391 δὲ
1696 1356 1787 1391 το-

248 1430 412 1481 σοῦτον
454 1430 810 1499 ἐγκαρτερών
858 1425 947 1492 ἦν,
995 1430 1069 1491 ὡς
1108 1431 1378 1499 μηδέποτε
1415 1431 1785 1496 γογγυστικὸν

245 1523 398 1573 εἰπεῖν
431 1522 602 1590 ῥῆμα,
645 1521 780 1572 ἀλλὰ
807 1521 868 1571 τὸ
901 1521 1070 1594 aeta;
1101 1522 1351 1589 πάσχων
1385 1523 1666 1588 Εὺλόγως
1685 1539 1788 1589 μοι

242 1613 404 1664 ταῦτα
441 1613 663 1680 γίνεται
691 1612 790 1665 διὰ
823 1611 939 1679 τὴν
965 1611 1085 1664 τῶν
1114 1610 1273 1681 ἐμῶν
1309 1609 1609 1680 ἁμαρτιῶν
1631 1616 1790 1677 πλη-

242 1703 356 1756 θύν.
388 1703 445 1754 Ei
471 1703 565 1754 καί
602 1719 702 1755 που
726 1702 780 1754 δὲ
810 1705 919 1755 τῶν
951 1701 1174 1770 χειλέων
1208 1701 1371 1755 αὑτοῦ
1408 1702 1558 1772 ῥῆμα
1594 1720 1790 1774 μικρο·

239 1794 413 1862 ψυχίας
445 1795 868 1863 ἑκδεδραμήκει.
895 1795 1056 1857 εὐθὺς
1076 1795 1150 1864 τῷ
1178 1796 1274 1847 τοῦ
1305 1795 1548 1862 σταυροῦ
1576 1796 1790 1866 σημείῳ

239 1884 363 1935 κατὰ
408 1883 507 1934 τοῦ
547 1885 887 1954 παλαμναίου
916 1886 1114 1954 ἐχρῆτο
1159 1885 1428 1954 δαίμονος,
1467 1889 1676 1958 Φεῦγε,
1709 1889 1796 1940 λέ-

237 1991 354 2040 γων,
391 1973 458 2037 ἐξ
495 1975 664 2042 ἐμοῦ,
702 1974 929 2044 πονηρέ
954 1990 969 2006 ⁶
1001 1978 1138 2030 οὐαί
1184 1993 1284 2029 σοι
1315 1978 1415 2029 καὶ
1466 1977 1593 2043 τοῖς
1641 1977 1794 2030 κατὰ

235 2067 340 2119 τῶν
386 2067 758 2134 Χριστιανῶν
816 2069 1292 2139 μηχανήμασιν]
1360 2070 1518 2122 Ἀλλὰ
1573 2072 1640 2123 τὰ
1695 2071 1793 2140 μὲν

231 2161 319 2228 τὴς
368 2161 472 2211 τῶν
544 2161 720 2214 ποδῶν
802 2163 1093 2232 ἀλγηδόνος
1153 2163 1350 2226 ἱκανῶς
1427 2165 1560 2233 ἡμῖν
1606 2164 1794 2233 -εῑρή-

233 2252 333 2304 σϐω
382 2254 445 2304 τὰ
503 2252 621 2308 νῦν.
669 2255 730 2306 El
773 2254 826 2306 δὲ
880 2271 962 2315 τις
1009 2257 1076 2324 τῇ
1118 2256 1256 2323 νόσῳ
1294 2255 1466 2325 ταύτῃ
1499 2257 1790 2325 συνήρατο,

229 2343 328 2394 κάκ
366 2341 453 2394 τοῦ
513 2342 878 2409 κερασθέντος
925 2342 1101 2410 τούτῳ
1134 2343 1332 2412 μεστοῦ
1374 2343 1598 2412 πικρίας
1656 2359 1792 2412 κρα-

225 2435 398 2502 τῆρτκ,
456 2434 640 2495 καθὼς
695 2436 751 2486 ἐν
807 2433 1007 2502 ὀλίγοις
1066 2433 1516 2504 ὲνσημανούμεθ,
1565 2434 1652 2485 ἵνα
1717 2432 1792 2503 μὴ

224 2523 359 2590 λέγω
382 2523 440 2574 τὸ
488 2525 621 2586 πᾶν,
657 2522 751 2575 καὶ
785 2521 885 2584 τὰς
932 2523 1230 2591 ἀλγηδόνας
1267 2520 1584 2589 συνηύξανε,
1623 2518 1727 2570 κᾶν
1756 2521 1788 2585 ἡ

227 2615 424 2684 βασιλὶς
473 2614 652 2682 μέλιτι
689 2613 781 2666 τὸν
814 2613 1070 2683 κρατῆρα
1096 2614 1459 2683 περιχρίουσα
1500 2613 1567 2664 τὰ
1614 2611 1786 2664 πολλὰ

223 2705 593 2758 διολισθαίνειν
624 2705 734 2756 τῶν
769 2703 956 2757 κακῶν
984 2706 1324 2773 ἐμηχανᾶτο,
1356 2702 1535 2770 φύλαξ
1557 2700 1791 2754 ἀνύπα-

226 2814 354 2858 κτος
399 2795 494 2848 τοῦ
545 2797 948 2866 αὐτοκράτορος
1019 2792 1178 2860 οὖσα,
1251 2793 1644 2865 προσερῤίφθω
1694 2794 1791 2846 καὶ

216 2879 366 2952 οὗτος
393 2889 470 2958 τῷ
497 2890 664 2959 λόγῳ,
699 2892 793 2943 καὶ
823 2889 963 2942 ἔστω
994 2890 1154 2958 τρίτη
1190 2905 1275 2950 τις
1307 2887 1458 2942 αἰτία
1501 2887 1602 2955 τῆς
1628 2887 1787 2939 νόσου

219 2983 313 3036 τοῦ
349 2983 636 3052 βασιλέως,
673 2984 734 3035 οὐ
794 2982 1252 3052 προκαταρκτικὴ
1307 2981 1495 3050 μόνον,
1532 2979 1668 3032 ἀλλὰ
1695 2980 1790 3033 καὶ

218 3076 660 3144 συνεκτικωτάτη
717 3075 860 3128 κατὰ
905 3075 1034 3137 τοὺς
1071 3074 1268 3136 παῖδας
1298 3073 1405 3125 τῶν
1443 3072 1647 3142 ἰατρῶν
1677 3087 1691 3103 ο
1725 3072 1787 3125 οὐ

210 3169 318 3237 γὰρ
351 3166 609 3230 καθάπαξ
645 3165 1112 3236 προσκεκρουκὼς
1171 3166 1383 3227 ἐκεῖνος
1444 3164 1615 3234 ἀπῆν,
1653 3162 1790 3216 ἀλλὰ

209 3263 514 3330 συμπαρῆν
542 3263 636 3312 καὶ
664 3258 1164 3328 συμπαρωμάρτει,
1191 3258 1268 3320 ὡς
1313 3260 1371 3308 ἐν
1401 3260 1512 3318 τοῖς
1541 3256 1790 3324 ἀγγείοις

205 3352 257 3406 cl
284 3350 651 3418 πονηρότατοι
686 3348 796 3401 τῶν
823 3347 1014 3417 χυμῶν
1042 3362 1057 3377 ο
1088 3346 1288 3416 μᾶλλον
1315 3345 1371 3397 δὲ
1405 3345 1556 3406 εἴτις
1582 3345 1661 3404 εἰς
1691 3342 1792 3413 τὴν

205 3442 424 3496 ἐκείνου
457 3441 620 3509 φύσιν
651 3440 891 3503 ἀπεῖδεν,
916 3438 974 3490 οὐ
1010 3438 1172 3507 μόνον
1194 3436 1342 3488 αἰτία
1367 3435 1679 3503 νοσήματος
1699 3427 1786 3501 ἦν,

1429 395 1842 458 ALEXIADIS
1873 396 2022 458 LIB.
2056 397 2216 459 XIV.

3327 399 3460 465 1071)

1819 520 1864 573 Α
1894 513 2117 576 durans,
2151 529 2179 565 a
2211 527 2433 582 vespera
2463 515 2659 584 sai-pius
2687 515 2753 569 ad
2787 527 3001 573 noctem
3039 520 3295 584 mediam,
3321 538 3467 592 saepe

1892 606 1958 656 ad
1995 604 2214 657 tertium
2244 605 2602 673 gallicinium,
2654 608 2925 663 interdum
2973 628 3142 682 usque
3186 615 3251 668 ad
3314 617 3465 671 albe-

1893 709 2048 747 scens
2082 709 2110 746 a
2138 695 2250 748 sole
2281 696 2538 752 redeunte
2587 699 2782 751 caelum
2832 700 3320 769 disceptationibus
3364 710 3468 761 im-

1893 782 2118 836 modicis
2146 799 2326 847 aures,
2356 787 2617 850 animum,
2644 804 2826 842 vocem
2866 793 3139 860 praebebat
3184 797 3249 850 ad
3280 815 3467 854 omnes

1893 878 2068 928 undas
2098 876 2326 930 Subinde
2362 879 2764 933 succedentium
2805 899 2945 936 unus
2997 886 3209 952 objectu
3247 904 3464 957 semper

1893 964 2066 1016 solido
2095 964 2388 1019 sufﬁciens.
2425 965 2575 1023 Unus
2610 971 2768 1037 plane
2798 990 2812 1036 ;
2853 990 2973 1026 nam
3011 977 3309 1031 aulicorum
3337 997 3468 1048 prte-

1897 1055 2300 1110 torianorutme
2331 1073 2554 1123 prorsus
2581 1074 2700 1115 erat
2733 1079 2889 1117 nemo
2917 1067 3008 1134 qui
3062 1070 3241 1123 standi
3290 1073 3465 1124 conti-

1893 1151 2153 1204 nuatioue
2208 1165 2313 1204 non
2365 1151 2664 1211 fatisceret.
2715 1155 2966 1225 Plerique
3027 1161 3190 1230 igitur
3235 1166 3464 1220 subinde

1895 1239 2194 1294 tlilabentes
2245 1243 2432 1296 furtim
2471 1247 2669 1300 alicubi
2733 1250 3178 1318 procumbebant,
3230 1259 3465 1323 quieturi

1895 1328 2192 1395 paululum,
2227 1348 2348 1386 mox
2390 1348 2510 1387 sese
2546 1335 2665 1388 loco
2691 1338 2942 1404 perinviti
2977 1341 3215 1408 quidem,
3259 1362 3320 1397 ac
3359 1364 3462 1401 non

1895 1418 1996 1472 nisi
2029 1419 2205 1492 ofﬁcio
2241 1435 2485 1491 cogente,
2537 1427 2826 1483 reddituri.
2869 1428 2968 1496 Qui
3007 1447 3134 1486 vero
3180 1437 3464 1491 ministerii

1896 1511 2226 1564 necessitate
2253 1527 2317 1565 ac
2345 1515 2673 1569 verecundia
2710 1522 2905 1573 retenti
2937 1522 3270 1589 perstabant,
3303 1527 3335 1578 ii
3385 1529 3468 1580 al-

1897 1609 2072 1652 terum
2104 1601 2158 1654 ln
2192 1603 2377 1670 pedem
2415 1606 2779 1661 alternatione
2811 1613 3040 1668 subinde
3070 1627 3273 1669 mutata
3324 1621 3469 1673 inni-

1899 1691 2184 1757 tebantur;
2217 1694 2430 1761 quidam
2480 1699 2807 1753 sessitabaut
2857 1703 3109 1772 uspiam;
3164 1709 3252 1760 alii
3307 1723 3470 1779 caput

1898 1794 2045 1838 certe
2099 1785 2419 1842 lassitudine
2471 1801 2524 1843 et
2579 1795 2755 1845 somni
2826 1798 3126 1851 Ientatione
3188 1800 3465 1869 inﬁextnn,

1898 1874 2082 1927 cubito
2113 1877 2190 1929 rei
2221 1877 2406 1932 solida:
2443 1879 2625 1933 innixo
2655 1883 3025 1952 sustinebant;
3062 1900 3336 1955 postremo
3360 1909 3467 1946 non

1897 1965 2120 2020 deerant
2154 1961 2242 2034 qui
2275 1971 2648 2038 apprimentes
2673 1989 2730 2028 se
2765 1978 2956 2042 parieti
2991 1981 3250 2034 sessionis
3279 1999 3470 2050 quem—

1896 2057 2016 2111 dam
2051 2075 2205 2114 usum
2242 2061 2383 2116 mole
2413 2066 2661 2131 corporis
2694 2066 2745 2118 in
2776 2065 3008 2121 fulcrum
3039 2086 3335 2126 exonerata
3389 2075 3472 2128 fu-

1897 2159 2180 2216 rarentur;
2211 2164 2400 2222 vegeto
2426 2153 2645 2208 interim
2686 2157 2750 2210 ad
2779 2160 2959 2211 omnia
2993 2171 3046 2212 et
3075 2163 3212 2216 velut
3252 2179 3470 2220 recente

1897 2257 2110 2311 semper
2141 2244 2385 2312 Augusto
2436 2260 2751 2315 apparente,
2796 2250 2949 2316 Cuius
2997 2251 3116 2306 ideo
3157 2253 3467 2312 ﬁrmitatem

1896 2335 2134 2402 pectoris
2163 2342 2217 2388 et
2242 2335 2546 2390 tolerantia:
2576 2339 2742 2391 robur
2794 2341 3128 2397 incredibilis
3176 2360 3296 2413 qua:
3335 2351 3469 2402 satis

1905 2427 2203 2494 praedicare
2238 2437 2403 2494 queat
2448 2429 2940 2484 oratio?Tumultu
2984 2434 3135 2487 vario
3183 2437 3472 2493 fervebant

1894 2516 2003 2569 late
2036 2528 2266 2582 cuncta;
2299 2521 2451 2572 turba
2487 2520 2745 2575 bulliebat
2771 2524 2975 2577 circum
3022 2527 3238 2596 ingens;
3297 2530 3468 2586 multa

1895 2608 2056 2662 simul
2087 2626 2279 2666 omnes
2300 2613 2610 2681 garriebanl
2646 2630 2740 2683 pro
2787 2632 2845 2670 se
2895 2619 3150 2687 quisque,
3202 2632 3364 2692 atque
3413 2637 3472 2680 ut

1894 2699 2161 2756 llomerus
2212 2703 2396 2768 habet,
2445 2706 2645 2759 mistim
2712 2706 2886 2764 fracto
2943 2711 3088 2764 velut
3123 2716 3468 2783 graculorum

1895 2807 2170 2848 murmure
2229 2796 2342 2848 sine
2399 2797 2502 2862 ﬁne
2557 2798 2772 2853 modove
2833 2800 3147 2869 fremebant.
3220 2806 3472 2878 Singulos

1893 2882 2186 2940 fabulando
2213 2886 2593 2956 jurgaudoque
2626 2890 2798 2946 lassos
2851 2894 3080 2964 ideoque
3135 2900 3468 2966 recedentes,

1894 2978 2243 3044 excipiebant
2279 2991 2531 3034 recentes
2580 2981 2694 3048 alii,
2754 2993 2809 3037 et
2845 2985 2944 3052 ipsi
2997 2985 3156 3054 longo
3203 2989 3472 3059 colloquio

1892 3072 2076 3124 verbis
2110 3071 2395 3126 exhaustis
2451 3089 2618 3126 novos
2663 3090 2761 3128 nec
2801 3076 2979 3130 ntinus
3023 3077 3298 3146 linguosos
3348 3098 3474 3137 suc-

1818 3187 1859 3242 ρ
1891 3177 2142 3216 cessares
2172 3162 2334 3232 437
2371 3164 2628 3216 habituri.
2665 3163 2819 3218 Vices
2851 3182 2982 3235 ergo
3017 3169 3150 3235 ipsis
3195 3180 3248 3223 et
3295 3176 3470 3240 spatia

1891 3253 2141 3306 cessandi
2169 3265 2360 3318 erant;
2399 3254 2642 3323 Augusto
2674 3255 3061 3323 interspirandi
3098 3275 3251 3313 mora
3280 3263 3468 3330 nulla;

1895 3343 1948 3396 in
1983 3343 2212 3410 vestigio
2243 3343 2291 3396 ei
2326 3346 2676 3412 perstandum
2709 3360 2736 3397 a
2773 3346 2946 3414 prima
2980 3347 3097 3404 face
3124 3355 3190 3404 ad
3235 3354 3469 3421 priuutm

1895 3436 2193 3489 alterumve
2225 3435 2348 3506 galli
2379 3451 2626 3490 cantum.
2669 3435 2819 3492 Tunc
2857 3451 3075 3507 gustato
3123 3458 3316 3499 somno
3351 3462 3471 3501 mo-

1823 1848 1868 1906 Β

206 3536 349 3588 ἀλλὰ
414 3537 511 3586 καὶ
545 3533 809 3604 ἄντικρυς
857 3532 1074 3601 νόσημα
1117 3529 1215 3582 καὶ
1265 3527 1573 3598 βαρύτατον
1651 3525 1789 3593 σύμ-

1898 3527 2041 3591 dico,
2081 3529 2192 3582 sole
2228 3544 2416 3582 rursus
2459 3528 2670 3583 oriente
2702 3531 3049 3609 seteddebat
3088 3538 3284 3590 throno
3327 3548 3381 3592 et
3412 3540 3466 3592 in

197 3644 432 3694 πτωμα,
1045 3625 1048 3629 ‘
1905 3620 2092 3672 orbem
2128 3619 2402 3674 hesterna:
2451 3623 2816 3676 contentionis
2869 3625 3099 3688 redibat.
3142 3629 3328 3682 eadem
3381 3630 3472 3684 ille

192 3724 423 3794 quidem
462 3723 508 3776 vi
550 3721 714 3776 anitni
743 3739 758 3789 ;
788 3722 880 3775 sed
911 3718 1142 3772 ﬁrmitas
1193 3715 1440 3785 corporis
1483 3714 1793 3768 continuata
1835 3713 2041 3768 diurnae
2075 3724 2463 3783 nocturnzeque
2530 3718 2788 3774 molestiae
2830 3719 3021 3788 injuria
3095 3720 3472 3790 languescens,

191 3817 564 3874 etliciebatut
606 3817 766 3884 duplo
799 3814 914 3870 fere
969 3813 1189 3884 gravior
1239 3812 1306 3864 ad
1357 3825 1574 3864 SCIIaUIII
1623 3809 1974 3877 experientiae
2037 3809 2188 3862 labor
2235 3810 2510 3864 videretur
2581 3813 2626 3866 is
2690 3815 2781 3882 qui
2855 3825 2930 3866 tot
3008 3815 3118 3884 jam
3185 3817 3472 3872 exantlatis

191 3909 607 3978 superveniret.
642 3907 768 3962 Haec
829 3907 1067 3960 maxime
1126 3919 1289 3958 causa
1343 3901 1574 3954 intendit
1618 3899 2066 3968 conﬁrmavitque
2126 3901 2435 3969 imperatori
2499 3903 2740 3957 dolorem
2807 3905 3025 3972 pedum,
3071 3908 3160 3973 qui
3213 3908 3469 3974 deinceps

187 4017 300 4056 nun
338 4000 555 4054 destitit
585 4001 648 4049 ad
683 4000 840 4052 tinem
879 4013 1050 4067 usque
1085 3998 1250 4050 certis
1281 3994 1578 4049 intervallis
1606 4009 1785 4049 acrem
1830 3995 1929 4061 ipsi
1955 4011 2020 4048 ex
2051 3995 2299 4050 humoris
2331 3994 2524 4049 atﬁuxu
2551 3997 2792 4053 dolorem
2857 4000 3121 4064 incutere,
3192 4003 3344 4070 cujus
3382 4002 3471 4060 ille

187 4107 426 4146 sensum
483 4090 696 4160 egregia
757 4105 970 4158 semper
1034 4089 1295 4157 patientia
1371 4086 1792 4152 dissimulabat,
1836 4101 2108 4153 nunquam
2179 4088 2399 4140 auditus
2449 4089 2732 4156 conqueri,
2769 4101 2862 4142 aut
2919 4091 3140 4145 verbum
3174 4094 3254 4146 vel
3305 4110 3468 4148 unum

184 4187 426 4241 mittere
472 4200 582 4252 quo
627 4184 866 4237 divinum
917 4181 1127 4237 Numen
1182 4185 1436 4236 incusare
1491 4182 1784 4234 videretur.
1829 4181 1918 4233 Illa
1952 4196 2081 4233 vero
2105 4181 2337 4235 subinde
2371 4182 2658 4266 iterantem
2726 4185 3067 4242 exaudtt'es:
3132 4186 3333 4256 Dignus
3353 4207 3470 4244 sum

177 4279 279 4348 qui
345 4281 463 4331 lucc
513 4278 725 4345 patiar;
780 4278 970 4329 merito
1021 4276 1151 4328 milii
1195 4276 1329 4328 talia
1403 4275 1716 4343 contingunt
1753 4272 1817 4327 ob
1893 4274 2285 4327 multitudinem
2338 4287 2678 4344 peccatorum
2735 4293 2988 4332 meorum.
3049 4279 3200 4346 Quod
3254 4285 3298 4334 si
3352 4297 3472 4352 quas

181 4372 507 4440 aliquando
537 4385 631 4441 per
655 4371 1052 4426 vehementiam
1081 4371 1283 4424 doloris
1313 4385 1415 4423 vox
1447 4369 1604 4423 labiis
1652 4369 1913 4437 eﬂ'ugcret
1947 4370 2369 4424 imbecillitatem
2403 4373 2694 4440 quamdam
2754 4374 3001 4428 iudicans
3083 4385 3135 4431 et
3205 4377 3469 4444 abjectio-

173 4483 313 4520 nem
372 4466 543 4519 animi
596 4464 818 4520 terendo
868 4463 1113 4532 imparis,
1161 4463 1344 4523 statim
1401 4464 1557 4530 signo
1609 4462 1788 4515 crucis
1831 4461 2097 4516 adversus
2175 4464 2568 4518 exsecrabilem
2609 4463 2866 4518 utebatur
2915 4467 3241 4534 daemonem,
3290 4465 3468 4540 Fuge,

171 4561 479 4630 inquiens,
507 4575 539 4611 a
567 4574 648 4611 me
676 4556 963 4620 scelerate;
991 4572 1063 4610 vt:
1095 4555 1190 4608 tibi
1219 4566 1267 4608 et
1294 4559 1396 4608 tuis
1426 4567 1612 4608 contra
1642 4553 1977 4608 Christianos
2009 4555 2507 4608 machinationibus.
2542 4555 2817 4613 llacteuus
2878 4559 2944 4613 de
3014 4560 3202 4616 dolore
3269 4562 3464 4632 pedum

165 4659 271 4726 qui
307 4657 704 4719 imperatorem
747 4650 1006 4704 extremis
1073 4649 1236 4703 annis
1310 4648 1576 4710 exercuit,
1605 4648 1805 4700 dictum
1833 4662 1861 4698 a
1903 4647 2058 4700 nobis
2088 4647 2218 4701 satis
2244 4659 2381 4702 esto.
2431 4645 2623 4702 Utrum
2673 4658 2852 4746 autem
2901 4651 2967 4703 ad
3015 4651 3179 4746 istius
3224 4668 3468 4746 causau',

166 4747 373 4802 morbi
409 4743 714 4816 symbolam
749 4743 996 4811 maligna:
1029 4741 1243 4795 virtutis
1279 4739 1513 4807 aliquam
1564 4752 1777 4808 quoque
1819 4737 2110 4790 c0ntulerit
2151 4735 2456 4806 plenusille
2485 4739 2869 4792 amaritudinis
2931 4749 3111 4795 crater
3133 4742 3180 4796 ei
3237 4743 3468 4798 mistus‘!

159 4844 468 4912 Equidem
520 4839 896 4892 subaudivisse
953 4836 1194 4906 quaedam
1256 4833 1431 4888 fateor
1493 4835 1678 4902 paucis
1735 4840 1793 4884 et
1829 4831 1983 4900 quasi
2013 4831 2196 4884 furtim
2225 4845 2288 4884 ac
2315 4831 2503 4886 timide
2531 4844 2818 4901 suggesta;
2850 4834 2945 4887 sed
3025 4850 3144 4902 qua:
3208 4850 3308 4888 nec
3356 4836 3466 4902 ipsi

158 4947 230 4988 ut
270 4933 479 4986 omnia
509 4931 860 4985 memorando
889 4929 1184 4998 adjungere
1209 4942 1343 4993 opus
1373 4934 1488 4987 est;
1522 4925 1606 4978 cui
1633 4924 1776 4977 enim
1821 4923 1872 4976 id
1907 4925 2046 4976 foret
2105 4922 2252 4985 usui,
2323 4924 2425 4976 nisi
2484 4923 2551 4976 ad
2623 4924 2984 4976 refricandum
3029 4925 3302 4977 mentione
3356 4929 3467 4993 ipsa

159 5040 224 5084 et
345 5030 664 5097 augendum
721 5025 1125 5078 at-erbissitmnn
1182 5021 1461 5077 dolorem?
1545 5020 1863 5088 Quanquam
1904 5019 2146 5087 Augusta
2173 5019 2388 5086 quidem
2427 5034 2531 5071 non
2577 5021 2784 5080 deerat,
2827 5029 3102 5123 craterem
3135 5019 3308 5122 omelle
3357 5021 3466 5123 cir-

154 5123 534 5182 eumlineus,
573 5128 735 5187 atque
801 5115 1058 5178 efﬁciens,
1127 5122 1184 5166 ut
1228 5113 1333 5167 isto
1378 5111 1532 5181 quasi
1581 5110 1844 5178 lapsantia
1884 5108 2093 5163 lubrico
2142 5109 2282 5162 mala
2330 5108 2589 5174 pleraque
2621 5121 2688 5161 ex
2737 5105 2949 5160 insidiis
2999 5107 3264 5175 immissa,
3312 5113 3465 5180 prius

150 5220 346 5272 irrita
386 5221 737 5274 corruerent,
788 5226 948 5280 quam
987 5210 1130 5280 quod
1182 5210 1436 5278 petebant
1473 5206 1781 5274 attigissent
1819 5214 2024 5271 caput;
2094 5203 2281 5268 sicque
2320 5217 2427 5308 nlon
2506 5201 2758 5308 exiguum
2803 5198 2984 5308 {cretis
3028 5201 3263 5308 fructum
3319 5208 3464 5308 acris

145 5317 334 5368 illius
377 5306 897 5372 inconnivemisqtte
920 5301 1179 5357 custodia:
1209 5317 1314 5370 qua
1345 5301 1396 5352 in
1426 5297 1651 5367 Augusti
1689 5296 1919 5348 salutem
1956 5294 2173 5347 assidue
2238 5292 2365 5362 vigil
2440 5293 2760 5348 excubabat.
2803 5290 3007 5347 Tamen
3077 5295 3330 5363 quoniam
3384 5300 3466 5352 vi-

141 5411 376 5465 tandis
420 5401 784 5459 incommodis
821 5414 925 5451 una
974 5397 1222 5466 plurimis
1255 5397 1510 5449 continuo
1579 5391 1814 5458 undique
1891 5388 2265 5458 ingruentibus
2295 5388 2383 5440 vix
2413 5403 2649 5458 unquam
2674 5403 2775 5458 par
2800 5398 2883 5492 est
2907 5389 3014 5444 ulla
3063 5393 3295 5492 humana
3328 5410 3456 5460 pro-

132 5501 467 5564 videntia,
532 5495 742 5550 tertiam
785 5505 999 5559 quoque
1056 5491 1212 5542 istam
1277 5487 1599 5554 adjiciamus
1650 5495 1784 5536 sane
1823 5495 2043 5535 causam
2080 5481 2252 5533 morbi
2290 5481 2487 5534 sontici
2523 5497 2630 5550 quo
2665 5487 2746 5535 est
2810 5481 3083 5550 Augustus
3147 5481 3462 5548 infestatus,

133 5612 421 5655 causam
459 5609 564 5646 non
597 5590 936 5643 extrinsecus
995 5584 1274 5654 appulsam
1340 5584 1607 5652 longeque
1656 5578 1992 5639 .venientctn,
2054 5577 2146 5630 sed
2213 5577 2428 5645 penitus
2475 5577 2694 5632 insitam
2730 5575 3108 5683 proﬁtttdeque.
3149 5591 3462 5683 conceptam

131 5689 514 5745 visceribus
563 5699 628 5735 ac
680 5681 926 5733 medullis
980 5679 1230 5731 intimis:
1281 5691 1401 5744 qua:
1447 5675 1553 5728 duo
1600 5685 1798 5740 genera
1837 5683 2121 5723 causarum
2157 5669 2488 5740 distinguere
2518 5672 2568 5724 itt
2600 5671 2940 5774 scrutandis.
2974 5671 3273 5774 originibus
3329 5691 3468 5778 mor-

129 5788 393 5842 borum
431 5789 769 5834 consuevere
823 5772 1154 5826 medicorum
1199 5770 1375 5838 pueri.
1427 5768 1662 5831 Dudum,
1713 5765 1958 5834 inquam,
1992 5764 2324 5832 abAugusto
2354 5764 2545 5819 aberat
2590 5765 2679 5818 ille
2709 5764 2801 5832 qui
2872 5764 3000 5817 olim
3066 5765 3120 5819 in
3187 5780 3310 5818 eum
3359 5767 3464 5821 itu-
