3992 6278
303 536 598 607 ἐκκρίτους
704 539 995 608 σατράπας
1104 544 1526 614 τεσσαράκοντα

302 628 665 696 διαιρεθῆναι,
700 630 793 681 καὶ
820 630 946 691 τοὺς
985 632 1085 699 μὲν
1106 633 1163 696 ἐς
1197 635 1475 706 προνομῆν
1507 636 1608 705 τῆς
1631 638 1874 698 Νικαίας

304 721 397 773 καὶ
429 719 539 771 τῶν
565 721 989 790 παρακειμένων
1028 724 1164 794 αὐτῇ
1196 726 1390 796 χωρῶν
1434 729 1734 784 κατελθεῖν.
1774 728 1877 785 Τὸν

303 812 360 864 δὲ
408 811 721 864 Μονόλυκον
781 813 874 865 καὶ
926 814 1017 865 τὸν
1096 854 1110 869 .
1192 855 1206 870 .
1287 856 1302 871 .
1382 857 1396 872 .
1472 820 1541 873 τὰ
1597 822 1726 890 περὶ
1778 821 1876 893 τὴν

305 903 577 955 θάλατταν
602 903 911 972 δῃώσασθαι
933 946 948 968 ,
981 907 1174 971 οἵτινες
1202 909 1271 962 τά
1298 927 1358 962 τε
1407 914 1785 982 παρακείμενα
1807 920 1874 988 τῇ

304 998 435 1065 περὶ
469 997 571 1065 τὴν
601 997 841 1051 Νίκαιαν
884 998 1075 1070 λίμνῃ,
1131 1003 1227 1054 καὶ
1257 1003 1356 1070 τὴν
1393 1005 1644 1072 Προῦσαν
1688 1008 1735 1040 ⁷ο
1778 1009 1875 1079 δῃ-

303 1090 573 1152 ώσαντες,
605 1091 680 1153 ὡς
714 1090 772 1143 δὲ
815 1092 912 1144 καὶ
941 1094 1042 1160 τὴν
1083 1096 1520 1163 Ἀπολλωνιάδα,
1565 1099 1735 1153 αὐτοῦ
1770 1118 1875 1155 που

303 1180 432 1248 περὶ
460 1179 667 1249 ταύτην
717 1182 1033 1248 ηὐλίσαντο,
1082 1187 1308 1241 κάκεῖσε
1362 1189 1462 1259 τὴν
1511 1190 1664 1244 λείαν
1696 1194 1877 1246 πᾶσαν

301 1272 657 1340 ἀφελόμενοι,
705 1274 845 1343 ὁμοῦ
880 1278 1016 1345 πρὸς
1048 1278 1115 1331 τὰ
1158 1281 1347 1349 πρόσω
1382 1282 1673 1354 ἐχώρησαν
1699 1301 1711 1316 ³
1750 1286 1875 1341 τότε

300 1367 571 1420 Λοπάδιον
601 1371 695 1422 καὶ
729 1371 908 1424 πάντα
942 1373 1011 1426 τά
1060 1373 1561 1449 ξυμπαρακείμενα
1609 1384 1877 1454 ληϊσάμε-

298 1474 403 1521 νοι,
435 1459 568 1513 ἀλλὰ
599 1465 691 1513 καὶ
726 1463 916 1530 αὐτὴν,
948 1467 1112 1534 φησὶ,
1142 1470 1240 1539 τὴν
1271 1472 1509 1534 Κύζικον
1535 1477 1874 1530 καταλαϐόν-

296 1565 390 1611 τες
427 1548 488 1613 ἐξ
517 1549 707 1618 ἐφόδου
738 1554 846 1606 ἀπὸ
887 1556 983 1609 τοῦ
1020 1560 1221 1627 μέρους
1260 1564 1357 1633 τῆς
1390 1565 1670 1635 θαλάσσης
1709 1570 1874 1623 κατέ-

299 1656 449 1710 σχον,
479 1642 572 1695 τοῦ
618 1644 821 1716 ταύτην
849 1651 1215 1719 φρουροῦντος
1267 1656 1392 1726 μηδ’
1430 1660 1682 1713 ὁπωσοῦν
1727 1663 1875 1716 ἀντι-

298 1733 557 1822 σχόντος,
615 1736 733 1789 ἀλλ’
788 1740 1007 1817 ⁵ςὶγενῶς
1069 1744 1285 1799 ἐκεῖθεν
1356 1750 1870 1822 ὑποχωρήσαντος·

296 1818 420 1875 εἶτα
470 1826 561 1878 τόν
595 1845 654 1879 τε
694 1830 1023 1902 Κοντογμὴν
1058 1838 1154 1890 καὶ
1199 1840 1376 1911 Ἀμὴρ
1409 1818 1868 1916 ἨἾΜουχούμετ,

293 1915 408 1968 τῶν
442 1918 713 1988 ἐκκρίτων
769 1922 1191 1996 ἀρχισατράπας
1253 1930 1342 1983 διὰ
1381 1934 1492 1987 τῶν
1558 1938 1869 1991 Λεντιανῶν

296 2007 436 2078 πρὸς
472 2010 534 2062 τὺ
585 2013 930 2082 Ποιμανηνδν
970 2020 1213 2084 ἀπιέναι,
1274 2025 1673 2095 ἐφελκομένους
1717 2030 1869 2085 λείαν

294 2101 500 2171 πολλὴν
541 2106 636 2156 καὶ
695 2108 897 2177 ἄνδρας
956 2112 1247 2177 πλείστους
1304 2116 1717 2189 δορυθηράτους
1771 2125 1868 2177 καὶ

290 2190 492 2258 γύναια
525 2195 617 2245 καὶ
654 2196 852 2259 παῖδας
887 2199 1049 2264 ὅσους
1077 2202 1295 2271 ἀφῆκεν
1325 2208 1353 2257 ὁ
1394 2206 1650 2278 σίδηροςο
1690 2210 1781 2265 τὸν
1810 2211 1866 2264 δέ

290 2299 357 2349 γε
385 2285 694 2338 Μονὸλυκον
720 2290 967 2359 ποταμὸν
1004 2292 1129 2346 τινὰ
1176 2296 1588 2365 διαπεράσαντα
1614 2301 1866 2372 Βαρηνὺν

289 2376 579 2446 ἐγχωρίως
611 2380 975 2448 καλούμενον,
1014 2386 1209 2454 ῥέοντα
1239 2388 1338 2456 μὲν
1373 2391 1662 2455 ἀπότινος
1701 2395 1865 2464 ὅρους

292 2465 504 2531 Ἴϐιϐος
545 2470 595 2500 ⁷¹
658 2472 1019 2542 καλουμένου,
1074 2477 1168 2545 ἀφ’
1223 2475 1284 2532 οὗ
1338 2481 1533 2536 πολλοὶ
1572 2486 1667 2539 καὶ
1714 2488 1864 2542 ἄλλοι

288 2558 765 2629 ἀπορρυἲσκονται
822 2569 1081 2636 ποταμοὶ,
1114 2570 1468 2643 Σκάμανδρος
1497 2592 1553 2628 τε
1576 2580 1868 2648 καὶἈγγι-

287 2648 610 2721 λοκωμίτης
656 2655 699 2687 ⁷³
733 2659 830 2710 καὶ
893 2660 1202 2730 Ἔμπηλος,
1260 2667 1397 2732 πρός
1444 2684 1502 2720 τε
1555 2670 1615 2722 τὸ
1651 2674 1863 2741 Πάρεον

286 2743 741 2809 ἁπονενευκέναι,
786 2750 881 2803 καὶ
909 2752 1007 2820 τὴν
1064 2753 1150 2820 ἐφ’
1191 2755 1590 2828 Ἑλλησπόντου
1629 2764 1860 2821 ’Ἄϐυδον

285 2833 385 2885 καὶ
423 2833 492 2886 δι’
537 2834 883 2908 Ἀτραμύτου
937 2842 1171 2896 καὶτῶν
1200 2846 1457 2918 Χλιαρῶν
1507 2851 1860 2923 διεληλυθότα

287 2925 430 2990 μετὰ
464 2929 645 2998 πάσης
681 2933 1060 3001 αἰχμαλωσίας
1088 2939 1445 3008 άναιμάκτως
1469 2948 1562 2999 καὶ
1594 2949 1722 3002 ἄνευ
1756 2952 1860 3020 μά-

281 3036 387 3113 χης
408 3020 580 3113 τινός.
614 3023 767 3113 ΔΠρὸς
798 3026 1002 3113 ταύτην
1028 3030 1128 3099 τὴν
1161 3032 1419 3099 ἀγγελίαν
1442 3038 1470 3089 ὁ
1498 3040 1857 3113 αὐτοκράτωρ

280 3108 376 3158 τὸν
407 3108 728 3179 Καμύτζην,
774 3112 938 3167 δοῦκα
964 3119 1293 3185 ’τηνικαῦτα
1341 3130 1752 3195 χρηματίζοντα
1785 3135 1853 3200 ⁷⁵,

1545 430 1955 491 ALEXIADIS
1996 434 2140 494 LIB.
2181 432 2352 497 'XIV.

1624 545 1859 615 χιλιάδιον

1988 548 2262 604 miseratio
2335 550 2535 605 doloris
2592 568 2700 620 quo
2753 553 3049 621 principem
3128 553 3196 607 ab
3257 554 3550 622 equitando

3422 435 3553 500 1074

1985 641 2261 708 prohiberi
2331 645 2659 717 sentiebant.
2716 646 3049 700 Emendabat
3118 653 3291 699 tamen
3347 646 3551 698 incom-

1984 735 2197 787 Inodum
2229 750 2625 805 maeroremque
2675 738 2726 790 'rn
2784 754 2931 806 spem
2986 738 3246 807 optimam
3308 737 3550 791 mutabat

1981 827 2236 880 renidens
2255 829 2510 881 oumesin
2546 840 2730 898 partes
2762 832 3103 896 imperatoris
3137 831 3327 893 facies,
3366 843 3552 897 quem-

1980 933 2085 986 que
2147 929 2302 983 nutu,
2352 931 2614 987 aspectu,
2697 923 2869 975 arrisu
2939 922 3135 976 blando
3190 922 3427 991 fortique
3481 921 3545 973 ad

1979 1021 2198 1064 strenue
2258 1027 2370 1065 rem
2406 1012 2690 1079 gerendam
2726 1014 2971 1082 beneque
3031 1016 3354 1078 Sperandum
3401 1011 3548 1064 exci-

1981 1112 2133 1161 tans.
2168 1104 2365 1157 additis
2417 1104 2469 1156 in
2508 1105 2738 1173 idipsnm
2789 1106 3009 1159 vol-ibus
3047 1105 3381 1175 plenissimis
3433 1104 3544 1155 ala-

1980 1193 2192 1247 critatis
2217 1232 2232 1257 ,
2264 1195 2461 1260 quibus
2500 1197 2625 1248 dum
2668 1196 3064 1264 compellantur
3119 1197 3277 1251 modo
3342 1195 3544 1257 cuncti,

1978 1284 2137 1337 modo
2191 1285 2409 1351 singuli,
2469 1286 2727 1354 gliscebat
2777 1304 2872 1355 per
2919 1288 3293 1341 universorum
3339 1289 3547 1339 animus

1976 1376 2152 1430 mirus
2229 1377 2393 1429 ardor
2456 1376 2649 1429 fiducia
2704 1379 3065 1446 coniunctus,
3138 1394 3200 1432 ac
3268 1378 3544 1438 studium,

1977 1466 2216 1538 laborem
2244 1467 2457 1520 itineris
2499 1467 2832 1536 periculique
2873 1468 3210 1522 formidinem
3267 1468 3546 1521 dulcedine

1974 1557 2055 1609 sni
2091 1558 2295 1611 fallens.
2324 1556 2414 1612 Sic
2436 1561 2615 1611 triduo
2635 1570 2950 1627 perventum
2972 1561 3038 1611 ad
3064 1559 3235 1613 locum
3259 1559 3544 1628 quemdam

1975 1649 2220 1719 Ailgyllos
2251 1652 2455 1704 dictum
2479 1693 2494 1713 ,
2527 1653 2670 1705 unde
2704 1652 2951 1705 Cibotum
2996 1667 3184 1706 versus
3217 1653 3545 1720 traiecturus

1979 1742 2276 1810 imperator
2298 1751 2439 1797 erat.
2474 1741 2549 1796 lbi
2586 1758 2710 1796 eum
2743 1742 3117 1812 traiectionem
3161 1757 3354 1809 urgere
3382 1743 3541 1794 istam

1978 1833 2221 1902 Augusta
2258 1834 2468 1897 videns,
2531 1835 2685 1888 venia
2736 1834 3022 1902 impetrata
3077 1834 3362 1888 recedendi
3423 1830 3542 1884 vale

1974 1925 2078 1995 ipsi
2137 1925 2292 1993 dixit,
2327 1927 2467 1980 etin
2526 1928 2712 1982 urbem
2748 1930 2946 1995 regiam
3006 1927 3109 1983 iter
3134 1926 3380 1980 intendit.
3437 1926 3541 1979 Im-

1973 2017 2211 2085 peratori
2294 2017 2544 2072 Cihotum
2624 2020 2849 2087 appulsu
2937 2020 3204 2073 nuntiavit
3276 2019 3538 2073 accedens

1970 2107 2188 2176 quidam
2210 2146 2223 2169 .
2254 2108 2555 2178 praecipuos
2589 2122 2834 2177 satrapas
2882 2110 3181 2164 'l‘nreorum
3205 2150 3220 2174 ,
3254 2111 3344 2176 qui
3380 2110 3538 2162 simul

1969 2215 2156 2254 omnes
2187 2200 2290 2254 sub
2324 2200 2496 2269 signis
2560 2201 2823 2255 haberent
2877 2202 3231 2270 quadraginta
3300 2203 3536 2255 militum

1966 2292 2161 2363 439*
2192 2292 2383 2355 millia,
2435 2293 2777 2346 distribuisse
2837 2292 2976 2347 inter
3025 2309 3083 2346 se
3135 2302 3247 2346 tum
3308 2294 3535 2360 copias,

1970 2396 2080 2441 tum
2118 2386 2239 2440 belli
2293 2385 2510 2455 gerendi
2544 2393 2725 2454 partes
2752 2427 2766 2447 .
2805 2386 2946 2440 hunc
2999 2384 3170 2438 ferme
3211 2385 3262 2437 in
3297 2386 3530 2438 modum.

1967 2478 2251 2545 Negotium
2312 2478 2639 2546 quibusdam
2693 2476 2873 2528 datum
2935 2475 3250 2529 infestanda:
3300 2473 3531 2540 Nicaeae,

1966 2570 2434 2638 adjacentiumque
2463 2569 2563 2637 ipsi
2609 2567 2882 2637 regionum
2915 2577 3076 2635 atque
3112 2568 3329 2621 urbium
3363 2581 3536 2634 popu-

1967 2662 2271 2716 landarum.
2322 2659 2598 2729 Monolyco
2628 2669 2830 2714 etc.....
2884 2659 3140 2712 attributa
3177 2660 3241 2710 ad
3286 2661 3534 2725 praedan-

1964 2754 2089 2806 dum
2117 2766 2238 2806 esse
2288 2751 2422 2803 mari
2457 2749 2628 2803 vicina
2682 2749 2821 2804 loca.
2870 2749 2982 2800 Hos
3036 2762 3231 2816 magno
3278 2762 3533 2802 successu

1965 2859 2076 2898 rem
2111 2844 2370 2911 gessisse.
2409 2840 2646 2896 Vastatis
2670 2840 2813 2893 enim
2871 2839 3126 2894 onttiibus
3174 2840 3320 2893 circa
3355 2841 3528 2894 lacum

1964 2939 2337 3003 Niraaensem,
2374 2937 2546 2990 Prusa
2617 2935 2779 2989 etiam
2841 2948 2939 2987 nec
3015 2950 3119 2986 non
3178 2933 3530 3000 Apolloniatle

1960 3032 2210 3098 exnilatis
2248 3046 2311 3083 ac
2341 3028 2569 3095 direptis
2616 3041 2979 3095 congregasse
3006 3026 3115 3080 illic
3145 3026 3330 3095 cupias
3363 3040 3528 3078 unum

1962 3120 2011 3172 iu
2037 3121 2210 3171 locum
2262 3118 2457 3172 castris
2499 3117 2723 3183 positis,
2756 3117 3044 3184 praedaque
3084 3119 3231 3168 omni
3285 3130 3532 3183 compor-

280 3193 375 3284 διὰ
409 3199 756 3265 γραμμάτων
792 3205 1240 3272 παρεκελεύσατο
1274 3193 1623 3282 παρέπεσθαί
1657 3238 1714 3273 τε
1742 3193 1850 3284 τοῖς

1963 3218 2093 3264 tata.
2143 3209 2277 3262 Tum
2326 3206 2596 3261 communi
2672 3206 2897 3260 consilio
2950 3216 3114 3273 atque
3173 3208 3369 3275 impetu
3406 3224 3529 3275 pro-

280 3283 600 3354 Βαρϐάροις
637 3292 775 3358 μετὰ
830 3298 1211 3351 πεντακοσίων
1262 3307 1613 3371 στρατιωτῶν
1660 3311 1855 3363 καὶτὰ

279 3380 409 3432 κατ’
445 3380 645 3446 αὐτοὺς
673 3384 762 3437 διὰ
814 3391 1167 3457 γραμμάτων
1204 3394 1423 3463 δηλοῦν,
1483 3401 1766 3466 φείδεσθαί
1794 3422 1852 3458 τε

276 3471 386 3538 τῆς
451 3476 570 3539 μετ’
634 3476 816 3529 αὐτῶν
877 3482 1225 3553 συμπλοκῆς.
1273 3487 1331 3539 '0
1372 3489 1430 3541 δὲ
1487 3492 1717 3555 ἐξελθὼν
1753 3499 1853 3567 τῆς

277 3558 525 3625 Νικαίας
568 3566 985 3635 καταλαμϐάνει
1018 3572 1201 3625 τόντε
1244 3577 1570 3653 Κοντογμὴν
1618 3586 1712 3637 καὶ

292 3650 475 3721 Ἀμὴρ
509 3655 842 3727 Μουχούμετ
882 3662 977 3715 καὶ
1026 3667 1153 3729 τοὺς
1185 3667 1408 3734 λοιποὺς
1438 3650 1618 3737 είςτὲι
1650 3679 1850 3732 καλού-

281 3760 426 3810 μενα
471 3745 731 3816 Ἀάρατα,
765 3751 861 3803 καὶ
896 3751 1087 3825 ὥσπερ
1136 3758 1238 3827 τῆς
1292 3762 1386 3815 τοῦ
1444 3767 1852 3842 αὐτοκράτορος

276 3838 669 3904 παραγγελίας
720 3842 1141 3915 ἐπιλαθόμενος,
1216 3860 1567 3927 παραχρῆμα
1638 3838 1852 3929 τούτοις

275 3929 633 4026 ⁸Ξτροηισϐςὶλλει.
669 3934 731 3987 Oi
761 3934 819 3987 δὲ
848 3976 862 4000 ,
896 3938 987 3990 τὸν
1042 3943 1426 4016 αὐτοκράτορα
1483 3954 1851 4026 προσδόκιμον

276 4019 519 4089 ἔχοντες,
564 4025 657 4076 καὶ
694 4026 889 4081 τοῦτον
931 4025 1076 4083 εἶναι
1112 4034 1203 4085 τὸν
1256 4037 1662 4096 ἐπεισπεσόντα
1696 4049 1850 4117 νομί-

276 4130 494 4177 σαντες,
559 4118 911 4186 πτοηθέντες.
949 4123 1017 4175 τὰ
1059 4125 1205 4179 νῶτα
1245 4128 1474 4187 διδόασι.
1519 4134 1737 4207 Σκύθην
1793 4141 1850 4194 δέ

271 4223 398 4259 τινα
425 4207 734 4276 τηνικαῦτα
765 4215 1140 4285 κατασχόντες
1177 4222 1272 4273 καὶ
1327 4226 1481 4295 παρὰ
1513 4228 1706 4283 τούτου
1741 4250 1847 4285 πυ-

274 4298 516 4367 θόμενοι,
560 4301 683 4353 ἐπεὶ
720 4305 812 4356 τὸν
852 4306 1158 4380 Καμύτζην
1205 4313 1541 4379 ἐγνώκεισαν
1572 4317 1714 4376 εἶναι
1747 4326 1847 4392 τὰς

273 4390 629 4459 ἀκρολοφίας,
650 4392 891 4464 διῄεσαν.
920 4400 1013 4451 καὶ
1039 4399 1401 4470 θαῤῥύνοντες
1424 4409 1652 4475 ἑαυτοὺς
1682 4414 1768 4470 διά
1788 4390 1847 4471 τε

273 4483 580 4552 τυμπάνων
615 4486 709 4537 καὶ
736 4488 1077 4559 ἀλαλαγμῶν
1124 4495 1493 4553 ἀνεκαλοῦντο
1527 4505 1650 4563 τοὺς
1674 4507 1848 4562 ἁπαν-

271 4576 411 4645 ταχῆ
450 4576 844 4641 σκεδασθέντας
879 4582 992 4634 τῶν
1024 4585 1337 4653 ὁμοφύλων.
1371 4592 1433 4644 Οἱ
1463 4593 1517 4646 δὲ
1550 4596 1846 4669 ἀνακλητι-

272 4666 371 4719 κὸν
404 4667 640 4721 τουτὶτδ
680 4669 934 4741 σύνθημα
976 4674 1347 4743 γινώσκοντες
1389 4686 1592 4750 πάντες
1652 4666 1850 4764 συν-έρ-

273 4762 421 4830 ῥεον,
469 4761 889 4828 Ἐπανελθόντες
916 4762 1010 4819 οὖν
1042 4769 1184 4822 κατὰ
1213 4774 1313 4841 τὴν
1348 4776 1576 4833 πεδιάδα
1611 4783 1711 4849 τὴν
1733 4761 1849 4837 δια-

269 4852 539 4921 κειμένην
573 4854 742 4922 ὲγγὺς
782 4857 1030 4913 κάτωθεν
1083 4861 1190 4915 τῶν
1242 4865 1600 4937 καλουμένων
1653 4875 1847 4944 Ἀορά-

267 4963 402 5011 των,
431 4946 588 5011 αὖθις
621 4948 1013 5019 ἡθροίσθησαν.
1066 4952 1122 5004 Ὁ
1155 4955 1211 5008 δέ
1262 4974 1323 5024 γε
1361 4962 1664 5034 Καμύτζης
1702 4969 1840 5033 (49),

269 5038 371 5110 τὴν
402 5039 554 5092 λείαν
586 5042 768 5093 πᾶσαν
814 5042 1151 5112 ἀφελόμενος
1226 5049 1285 5114 ἐξ
1325 5053 1524 5118 αὐτῶν,
1551 5057 1650 5109 οὐκ
1683 5059 1844 5127 male

275 5132 440 5200 μέχρι
470 5132 564 5183 τοῦ
600 5132 950 5201 Ιιοιμανηκοῦ
985 5137 1322 5192 καταλαϐεῖν
1357 5142 1435 5205 ὼς
1470 5139 1529 5197 εὖ
1594 5147 1664 5199 τὰ
1717 5152 1848 5201 κατ’

272 5222 438 5273 αὐτὸν
465 5225 518 5272 ὲν
542 5221 719 5291 τούτῳ
743 5222 1027 5279 διαθέσθαι
1048 5242 1060 5256 ⁸
1097 5231 1377 5300 πολίχνιον
1408 5233 1463 5285 δὲ
1487 5235 1652 5287 τοῦτο
1718 5239 1847 5308 ἐρυο

275 5316 569 5384 μνότατοψ
595 5314 734 5366 ἀλλᾶ
763 5320 893 5387 περὶ
913 5317 983 5370 τὰ
1019 5319 1251 5389 ’Δόρατα
1281 5324 1661 5393 ἐμϐραδύνων,
1688 5328 1847 5380 ἔλαθε

270 5405 396 5459 καθ’
431 5405 630 5459 ἑαυτοῦ
666 5405 1115 5477 βουλευσάμενος.
1152 5413 1214 5463 Οἱ
1242 5412 1520 5484 Βάρϐαροι
1547 5414 1655 5486 γάρ
1690 5418 1746 5468 ἐν
1772 5414 1849 5486 τῷ

1959 3315 2176 3371 gressus
2211 3299 2438 3352 ulterius
2481 3296 2784 3366 Lopadium
2842 3305 2897 3349 et
2939 3296 3165 3349 finitima
3223 3298 3346 3350 huic
3411 3298 3524 3351 loca

1957 3401 2153 3445 cuncta
2183 3391 2477 3443 latrociniis
2502 3398 2556 3443 et
2586 3402 2754 3455 genus
2787 3402 2947 3440 omne
2976 3386 3255 3440 maleficiis
3279 3400 3523 3452 vexasse,

1959 3485 2092 3553 ipsa,
2130 3485 2257 3553 quin
2289 3483 2475 3543 etiam,
2512 3479 2710 3550 Cyzico
2758 3477 2932 3545 primo
2960 3478 3181 3532 incursu
3213 3488 3367 3546 capta
3400 3493 3523 3533 cum

1955 3577 2007 3630 in
2041 3590 2158 3629 eam
2191 3590 2219 3628 a
2249 3586 2400 3644 parte
2424 3589 2541 3642 qure
2567 3587 2716 3625 mare
2738 3579 2944 3638 spectat
2974 3569 3525 3637 impetumlfecissent,

1955 3668 2211 3737 praefecto
2262 3666 2410 3718 urbis
2465 3679 2734 3733 nusquam
2768 3665 2833 3716 ad
2884 3665 3282 3733 prohibendum
3333 3676 3525 3717 occur-

1956 3771 2142 3825 rente,
2199 3761 2291 3812 sed
2345 3759 2534 3823 ignava
2590 3765 2645 3808 et
2692 3756 2835 3825 turpi
2885 3755 3006 3824 fuga
3062 3757 3266 3820 elapso.
3323 3754 3516 3809 Deiudt

1952 3852 2287 3918 Coutogmeu
2348 3860 2400 3901 et
2449 3848 2700 3900 Amerem
2765 3845 3161 3900 Mnehumetem
3215 3848 3307 3916 qui
3359 3862 3519 3914 supra

1952 3944 2252 4013 praecipuos
2275 3948 2615 4007 satraparum
2647 3937 2956 3991 eminebant
2989 3938 3253 4005 dignitate
3310 3952 3374 3992 ac
3428 3953 3523 4006 po-

1954 4037 2118 4089 tentia
2148 4073 2162 4098 ,
2215 4048 2311 4103 per
2354 4031 2646 4085 Leutiauos
2694 4029 3083 4084 Pcemaneuun:
3141 4030 3372 4092 abiisse,
3410 4039 3523 4083 tra-

1952 4133 2142 4185 hentes
2171 4143 2279 4198 pra:
2302 4131 2402 4181 lam
2433 4125 2676 4190 multam,
2698 4125 2952 4192 virosque
2974 4125 3217 4193 captivos
3238 4126 3517 4193 plurimos,

1951 4239 2071 4274 cum
2104 4220 2421 4274 mulieribus
2456 4226 2509 4270 et
2537 4218 2723 4287 pueris
2751 4225 3017 4285 qumquot
3051 4217 3281 4285 reliquus
3311 4216 3521 4284 gladius

1950 4312 2191 4366 fecisset.
2268 4309 2603 4378 Monolycutn
2674 4322 2804 4361 vero
2881 4316 3218 4374 transgresso
3288 4309 3518 4376 quodam

1951 4403 2120 4457 fluvio
2153 4402 2333 4469 (quem
2372 4401 2637 4452 Bareuutn
2695 4398 2891 4452 acrol‘e
2927 4398 3224 4467 appellant,
3261 4396 3519 4453 ﬂuentem

1951 4513 2016 4552 ex
2066 4504 2247 4548 monte
2293 4493 2522 4561 quodam
2578 4489 2725 4543 lbibe
2777 4502 3001 4554 vocato,
3057 4505 3120 4543 ex
3172 4505 3281 4560 quo
3332 4492 3519 4545 eodem

1953 4586 2104 4641 multi
2137 4584 2296 4638 etiam
2324 4582 2414 4634 alii
2461 4596 2646 4635 amnes
2693 4581 2992 4650 proﬂuunt,
3049 4582 3190 4636 inter
3211 4600 3347 4651 quos
3388 4583 3516 4638 Sea-

1949 4678 2206 4741 mander‘,
2254 4673 2685 4745 Argeiocomites
2742 4683 2794 4726 et
2832 4674 3112 4743 Empelus;
3172 4677 3238 4729 ad
3288 4675 3517 4730 Pareum

1947 4771 2285 4833 declinasse,
2357 4777 2411 4819 et
2466 4766 2715 4836 Abydum
2772 4766 2834 4817 ad
2890 4765 3291 4834 Hellespontum
3360 4771 3516 4822 sitam

1949 4874 2393 4930 praetergressum
2420 4899 2435 4923 ,
2479 4874 2574 4927 per
2598 4860 2936 4927 Atramytutu
2977 4874 3193 4925 quoque
3218 4868 3268 4911 et
3300 4859 3515 4912 Chliera

1951 4970 2071 5008 cum
2096 4962 2207 5005 tota
2238 4951 2576 5018 captivorum
2612 4949 2955 5001 multitudine
2986 4958 3159 5001 tutum
3187 4958 3239 5000 et
3268 4959 3514 5014 pacatum

1954 5046 2071 5098 sine
2092 5043 2380 5110 sanguine,
2418 5040 2537 5094 sine
2568 5053 2745 5105 pugna
2779 5039 2879 5090 iter
2914 5039 3186 5091 habuisse.
3224 5039 3519 5106 Imperator

1948 5135 2052 5187 hoc
2078 5132 2277 5186 iudicio
2325 5138 2547 5194 accepto
2575 5128 2784 5180 litteras
2817 5128 2908 5178 dat
2939 5129 3003 5179 ad
3051 5127 3358 5195 Camylzeut
3386 5138 3519 5183 tunc

1946 5223 2137 5275 ducem
2178 5219 2402 5279 Niceno,
2440 5217 2639 5284 quibus
2686 5216 2732 5269 ei
2770 5215 3094 5278 mandabat,
3147 5228 3202 5269 ut
3250 5218 3516 5271 Barbari»;

1947 5327 2085 5379 pone
2112 5317 2570 5376 sequereturrum
2591 5308 2853 5360 militibus
2882 5308 3209 5375 quingentis,
3229 5320 3280 5362 et
3303 5326 3422 5376 qua:
3451 5316 3516 5363 de

1949 5400 2081 5468 ἰρηίε
2116 5400 2338 5451 haberet
2368 5407 2642 5464 comperta
2672 5399 2957 5452 confi-szim
2994 5401 3260 5453 indicarat
3285 5400 3385 5454 sibi
3422 5415 3516 5469 per

1314 5552 1507 5613 Varias
1538 5552 1839 5617 lectiones
1867 5572 1942 5616 ex
1972 5555 2112 5615 cod.
2147 5551 2411 5614 Coislin.

342 5644 667 5713 πηδῶσιν.
798 5647 838 5678 ⁷¹
883 5646 972 5699 τὸν
1010 5629 1210 5721 Ἀμήρ,
1307 5653 1352 5683 ⁷⁸
1387 5653 1599 5717 ’16ιδος.

1717 5657 1768 5699 ⁷³.
1805 5654 2302 5722 Ἀγγελοκωμίτης.

2424 5652 2471 5683 ⁷⁸
2490 5651 2725 5716 Νικαίας
2781 5670 2884 5725 χρη
2896 5650 3205 5721 ματίξοντα.

1299 5763 1438 5825 Car.
1486 5766 1806 5829 Dufresnii
1830 5770 1928 5829 Du
1955 5768 2175 5846 Cangii
2203 5777 2387 5828 notae.

343 5862 456 5931 (ιο)
492 5858 822 5929 Καμύτζης.
864 5859 936 5918 De
959 5864 1059 5920 hac
1092 5862 1364 5920 Eustathii
1393 5864 1662 5935 Camytzze
1695 5867 1849 5921 clade

1963 5867 2003 5920 it
2037 5868 2303 5922 meras.
