3992 6278
533 393 670 458 1οἷ5

1819 396 1918 454 ΑΝ
1928 397 2048 456 NIE
2080 395 2226 456 COM
2240 398 2461 458 ΝΕΝΕ

3635 393 3758 458 1076

525 509 769 578 litteras;
820 507 1016 559 vitaret
1061 517 1239 560 autem
1285 522 1633 578 congressum
1685 525 1805 564 cu'n
1865 513 2085 576 Turcis,

2205 510 2478 578 ἀκινδύνῳ
2518 510 2810 578 γεγονότες
2845 509 2946 564 οὐκ
2987 509 3324 563 ἐπελάθοντο
3348 508 3444 562 τοῦ
3473 508 3755 578 Καμύτζη,

526 610 582 654 et
635 599 888 667 paucitati
935 613 1158 651 suorum
1209 613 1382 667 pugna
1437 602 1754 656 declinanda
1821 617 2092 670 parceret.

527 691 608 742 Ad
640 691 738 743 hoc
775 691 1060 758 imperium
1098 693 1460 758 egressusille
1497 693 1695 760 Nicma,
1732 697 2092 766 Contogtnen,

527 780 756 834 Ameren
805 780 1182 836 Muehutncten
1221 783 1563 852 reliquosque
1616 797 1865 855 satrapas
1905 790 2096 856 tiepre-

525 875 713 927 hentlit
741 873 794 926 in
845 875 963 928 loco
1027 891 1186 943 quem
1219 887 1412 930 vocant
1459 879 1658 932 Aorata
1687 921 1701 942 ,
1749 882 1900 949 quasi
1947 881 2095 936 dicas

521 968 714 1030 inrisa,
751 983 849 1022 nec
876 983 934 1022 se
969 970 1164 1034 tenuit,
1191 970 1302 1023 cito
1331 971 1580 1026 videlicet
1626 973 1825 1026 oblitus
1872 978 2092 1028 manda-

524 1067 696 1144 torum
733 1058 983 1128 Augusti,
1035 1060 1167 1126 quin
1194 1059 1508 1128 conﬂigeret
1559 1063 1718 1118 illico.
1765 1065 1960 1128 Turci,
1999 1067 2090 1132 qui

521 1148 626 1218 iam
669 1147 892 1219 jamque
939 1151 1253 1206 adfuturum
1311 1153 1692 1222 imperatorum
1748 1167 1871 1210 ante
1920 1159 2094 1212 credi-

519 1240 750 1306 derant,
833 1244 924 1296 ubi
1002 1245 1239 1299 vividum
1307 1247 1668 1316 enmdcmque
1741 1251 2090 1316 improvisum

521 1330 799 1402 Camytzis
824 1335 1083 1402 impetum
1111 1352 1350 1403 sensere,
1378 1339 1548 1405 [facile
1573 1342 1815 1408 [)t'l‘SllasI
1849 1359 1962 1396 rem
1989 1345 2088 1396 sibi

523 1439 647 1478 esse
679 1441 802 1478 cum
837 1427 1164 1496 imperatore
1197 1441 1412 1498 totoque
1437 1435 1700 1498 exercitu,
1737 1444 1882 1504 terga
1919 1436 2090 1488 territi

522 1526 824 1574 verterunt.
853 1521 958 1574 Sed
985 1532 1142 1590 capto
1163 1533 1286 1578 tunc
1315 1524 1514 1592 Scytha
1551 1527 1782 1593 quodam
1807 1542 1836 1579 e
1869 1531 2086 1594 nostris,

520 1609 611 1662 ubi
643 1625 705 1662 ex
733 1625 798 1664 eo
851 1615 1152 1681 percontati
1188 1632 1216 1668 a
1247 1616 1504 1686 Camytze
1541 1635 1644 1672 uno
1675 1634 1731 1670 se
1755 1619 1870 1672 loco
1907 1620 2091 1688 pulsos

521 1702 861 1768 didicerunt,
919 1721 950 1758 e
1003 1717 1184 1760 monte
1243 1709 1294 1761 in
1349 1723 1507 1776 quem
1566 1709 1830 1776 pavefacti
1901 1711 2090 1764 confu-

517 1804 710 1859 gerant
773 1799 1060 1864 resumptis
1123 1799 1320 1853 animis
1379 1802 1744 1864 descendunt.
1803 1813 1858 1857 et
1891 1819 2087 1872 magno

521 1891 896 1951 tympanorum
953 1900 1016 1940 ac
1069 1887 1512 1942 vociferatiomtm
1563 1891 1739 1946 sonitu
1821 1895 2088 1948 revocatis

517 1986 548 2024 e
605 1973 724 2043 fuga
779 1977 1017 2046 undique
1072 1979 1184 2033 suis
1234 1980 1586 2048 popularibus
1621 1982 1734 2050 (qn-i
1765 1999 1861 2050 pro
1898 1985 2088 2049 peritia

518 2065 713 2132 linguae
735 2083 800 2122 ac
845 2085 1052 2124 morum
1100 2071 1274 2138 gentis
1308 2072 1464 2126 facile
1513 2075 1695 2127 statim
1754 2085 2091 2146 agnoverunt

517 2171 639 2212 esse
671 2158 790 2212 illas
816 2175 980 2216 voces
1025 2177 1089 2216 ac
1127 2163 1278 2228 signa
1305 2165 1676 2219 revocantitttn
1707 2167 1986 2234 dispersos
2019 2171 2085 2223 ad

517 2263 666 2316 spem
726 2251 1002 2306 meliorem
1053 2253 1218 2325 440
1279 2257 1440 2311 rebus
1496 2257 1682 2328 salt-is)
1743 2263 1836 2312 ubi
1897 2276 2088 2316 omnes

517 2341 895 2396 conﬂuxenmt
942 2345 995 2396 in
1051 2361 1214 2400 unum
1261 2363 1486 2408 rursus.
1515 2349 1718 2404 reversi
1757 2361 1882 2406 sunt
1930 2354 2089 2407 simul

517 2431 570 2484 in
633 2433 908 2498 planitiem
976 2436 1024 2490 ei
1091 2437 1210 2492 loco
1269 2441 1514 2508 proxime
1574 2441 1872 2510 subjcctam
1927 2459 2086 2512 quem

517 2523 720 2576 Aurata
753 2525 988 2581 diximus
1038 2539 1308 2584 vocatum.
1343 2531 1410 2584 At
1441 2530 1744 2602 Camylzes,
1783 2534 1872 2603 qui
1915 2536 2089 2604 primo

519 2614 611 2668 illo
645 2631 900 2672 successu
952 2621 1186 2686 praedam
1222 2620 1475 2676 Barbaris
1517 2625 1813 2693 eripuisset
1869 2627 2086 2680 univer-

517 2721 671 2768 sam,
707 2723 810 2760 non
861 2711 1074 2764 curavit
1107 2713 1275 2780 (quod
1306 2723 1358 2767 ct
1383 2713 1538 2768 facile
1569 2726 1814 2781 poterat,
1851 2729 1906 2772 et
1961 2735 2090 2788 pru-

515 2797 710 2851 denter
779 2801 1030 2868 debebat)
1083 2818 1200 2856 eatn
1269 2805 1336 2858 ad
1405 2805 1792 2862 Ptemanenunt
1850 2811 2086 2867 vicinam

515 2904 697 2944 arcem
729 2893 1148 2948 munitissimam
1175 2897 1440 2951 tutissime
1469 2898 1578 2954 illic
1635 2899 1870 2954 futuram
1901 2911 2082 2958 trans-

515 2979 692 3044 ferre;
747 2982 840 3036 sed
895 2983 1099 3038 circum
1173 2987 1374 3040 Aurata
1426 3005 1604 3044 moras
1673 2991 1927 3057 trahens,
1983 2995 2082 3048 sibi

522 3073 814 3138 perniciem
889 3076 1156 3142 quaesivit.
1229 3077 1552 3148 Congregati
1619 3083 1814 3152 quippe
1889 3085 2082 3140 iterum

2199 599 2317 652 ἀλλ’
2356 601 2648 672 ἐνήδρευον
2677 601 2866 652 τοῦτον
2889 601 3204 664 διαπαντός.
3245 601 3356 652 Καὶ
3388 599 3757 668 μεμαθηκότες

2197 690 2278 742 ἔτι
2297 690 2460 744 αὐτὸν
2491 693 2570 754 εἰς
2598 692 2666 744 τὰ
2709 693 2946 760 ’Λνερατα
2977 689 3391 760 ἐνδιατρίϐοντα
3411 693 3506 744 καὶ
3531 691 3598 742 τὰ
3623 692 3758 760 παρὰ

2196 783 2296 851 τὴν
2325 783 2476 835 λείαν
2504 784 2725 836 ἃπασαν
2761 786 2856 835 καὶ
2895 783 3024 846 τοὺς
3051 783 3426 852 δορυαλώτους
3457 783 3734 851 διατιθέμε

2197 891 2307 938 νον,
2343 878 2688 945 παραχρῆμα
2734 876 2832 936 τὰς
2861 875 2954 927 ὑπ’
2985 876 3186 936 αὐτοὺς
3212 874 3473 944 δυνάμεις
3503 874 3625 927 κατ’
3651 874 3758 935 ἴλας

2196 965 2684 1034 καταστησάμενοι
2735 967 2867 1035 περὶ
2919 967 3105 1036 δείλην
3169 967 3312 1036 ἐῴαν
3381 967 3758 1018 εἰσπίπτουσιν

2195 1054 2366 1122 αὐτῷ.
2401 1055 2472 1106 Τὸ
2501 1055 2600 1121 μὲν
2635 1055 2727 1109 οὖν
2759 1057 2944 1108 πλεῖον
2971 1056 3066 1109 τοῦ
3105 1057 3516 1128 στρατεύματος
3538 1055 3635 1109 τοῦ
3661 1058 3758 1109 Κα-

2197 1145 2374 1216 μύτζη
2401 1145 2673 1216 τοσαύτην
2725 1147 2936 1216 πληθὺν
2969 1148 3275 1220 Βαρϐάρων
3325 1145 3758 1200 ἐπεισπεσοῦσαν

2193 1236 2380 1298 αὐτοῖς
2411 1237 2726 1305 ἑωρακότες
2758 1239 2940 1309 φυγὴν
2976 1241 3077 1304 τὴν
3105 1237 3320 1290 ἑαυτῶν
3369 1237 3756 1307 πραγματεύεο

2195 1328 2319 1382 σθαι
2349 1329 2572 1382 ἐδόκουν
2598 1331 2884 1400 σωτηρίαν
2907 1348 2923 1362 ·
2957 1331 3122 1393 αὐτος
3149 1332 3206 1384 δὲ
3237 1331 3378 1400 μετὰ
3402 1330 3509 1382 τῶν
3536 1330 3756 1382 Σκυθῶν

2193 1423 2288 1474 καὶ
2317 1422 2426 1474 τῶν
2463 1423 2682 1476 Κελτῶν
2721 1425 2817 1477 καὶ
2853 1423 3048 1477 ὁπόσοι
3104 1423 3212 1476 τῶν
3256 1424 3552 1492 Ῥωμαῖων
3599 1424 3754 1491 εὐψυ-

2191 1512 2406 1583 χότεροι
2428 1507 2592 1582 ἦσαν,
2627 1513 2884 1582 ἐκθύμως
2919 1513 3158 1583 ἐμάχετο
3185 1514 3258 1566 ⁷⁸.
3305 1514 3416 1565 Καὶ
3453 1512 3758 1580 τηνικαίτι

2190 1606 2238 1656 οἱ
2269 1603 2473 1658 τούτων
2509 1606 2730 1668 πλείους
2765 1607 3084 1660 πίπτουσιν.
3122 1607 3180 1660 ’0
3213 1605 3270 1658 δέ
3317 1621 3382 1670 γε
3435 1603 3753 1672 Καμύτζης.

2193 1696 2314 1765 μετ’
2346 1697 2544 1764 ὀλίγων
2604 1698 3022 1766 καταλειφθεὶς,
3067 1697 3148 1749 ἔτι
3195 1695 3474 1765 ἀντείχετο
3521 1695 3625 1762 τῆς
3663 1695 3757 1764 μά-

2191 1804 2314 1856 χης.
2357 1788 2597 1858 Καιρῑαν
2629 1789 2685 1841 δὲ
2733 1790 2761 1841 ὁ
2795 1791 2960 1851 ἵππος
3010 1789 3069 1840 ἐν
3106 1781 3149 1853 ᾧ
3195 1789 3460 1857 ἐπωχεῖτο
3503 1786 3754 1855 πληγεὶς,

2192 1881 2334 1934 κατὰ
2355 1881 2454 1950 γῆς
2481 1883 2725 1952 ἔρριπτο.
2763 1884 2820 1935 '0
2847 1885 2903 1936 δέ
2937 1901 3000 1952 γε
3027 1883 3215 1936 τούτου
3237 1881 3555 1944 ἀδελψιδοῦς
3585 1884 3758 1934 Κατα-

2195 1971 2362 2042 ρόδων
2393 1973 2533 2025 οὕτω
2573 1973 2916 2044 καλούμενος
2939 1973 3204 2038 νὰποῦὰς
3257 1974 3350 2026 τοῦ
3379 1975 3512 2026 ἰδίου
3572 1973 3755 2035 ἵππου,

2190 2066 2382 2118 τοῦτον
2413 2065 2561 2136 αὐτῷ
2581 2067 2789 2120 δίδωσι.
2819 2068 2998 2136 Βαρὺς
3017 2069 3073 2120 δέ
3100 2068 3176 2119 ὢν
3199 2071 3225 2121 ὁ
3253 2068 3392 2136 ἀνὴρ
3426 2069 3524 2120 καὶ
3558 2067 3754 2136 μέγας,

2193 2159 2390 2230 ῥᾳδίως
2413 2158 2506 2211 τοῦ
2533 2161 2698 2212 ἵππου
2737 2161 2994 2229 ἐπιϐῆναι
3025 2161 3124 2214 οὐκ
3157 2155 3270 2230 εἶχε
3301 2177 3314 2189 ·
3353 2159 3509 2212 ἐνθεν
3539 2176 3626 2210 τοι
3669 2159 3756 2210 καὶ

2195 2254 2390 2324 μικρὸν
2425 2251 2758 2312 ἁναποδῐσας
2785 2251 2878 2304 ἐπί
2911 2269 3033 2303 τινα
3061 2250 3193 2322 δρῦν
3234 2249 3430 2304 ἑαυτὸν
3459 2249 3755 2318 προσερεί-

2194 2363 2291 2408 σας
2322 2345 2414 2398 καὶ
2443 2344 2532 2396 τὸν
2558 2343 2830 2414 ἀκινάκην
2859 2343 3230 2412 σπασάμενος,
3255 2343 3355 2404 τὰς
3377 2359 3438 2393 τε
3475 2340 3758 2403 amis-5:1;

2189 2437 2556 2498 ἀπολωλεκὼς
2588 2435 2833 2498 ἐλπίδας,
2860 2435 3050 2487 ὁπόσοι
3081 2433 3266 2504 τούτῳ
3305 2433 3415 2485 τῶν
3451 2433 3757 2502 Βαρϐάρων

2193 2529 2590 2599 συμπλακῆναι
2654 2528 3033 2596 κατετόλμων,
3076 2525 3220 2578 κατὰ
3281 2541 3344 2591 γε
3399 2525 3638 2594 κόρυθος
3671 2525 3757 2576 καὶ

2191 2621 2358 2690 ὤμων
2403 2623 2496 2674 καὶ
2531 2621 2710 2674 αὐτῶν
2749 2621 2812 2688 δὴ
2849 2621 2957 2673 τῶν
2989 2618 3192 2689 χειρῶν
3229 2617 3412 2670 παίων
3448 2619 3552 2670 οὐκ
3588 2618 3754 2669 ἐνεδί-

2189 2712 2302 2767 δου.
2344 2715 2470 2766 Ἐπὶ
2517 2714 2654 2766 πολὺ
2704 2713 2833 2780 γοῦν
2867 2711 3058 2766 τοῦτον
3099 2712 3366 2778 ἀνέχοντα
3435 2709 3678 2778 ὁρῶντες
3711 2708 3756 2760 οἱ

2189 2803 2470 2874 Βάρϐαροι
2511 2805 2606 2857 καὶ
2659 2803 2894 2865 πολλοὺς
2955 2800 3256 2864 κτείνοντα,
3294 2799 3529 2862 πολλοὺς
3577 2801 3634 2852 δὲ
3669 2799 3758 2850 καὶ

2187 2897 2587 2968 τιτρώσκοντα,
2615 2896 3031 2966 ὑπεραγάμενοι
3056 2895 3153 2964 τὴν
3179 2892 3274 2946 τοῦ
3292 2893 3488 2963 ἀνδρὸς
3529 2893 3754 2962 τόλμαν,

2189 2992 2282 3044 καὶ
2303 2991 2362 3042 τδ
2387 2989 2661 3058 σταθηρὶν
2690 2989 2854 3041 αὑτοῦ
2901 2987 3312 3056 Θαυμάσαντες,
3349 2985 3446 3056 τὴν
3475 2985 3756 3052 σωτηρίαν

2188 3081 2356 3133 αὐτοῦ
2390 3081 2477 3134 διὰ
2527 3080 2702 3132 ταῦτα
2763 3077 3300 3150 πραγματεύσασθαι
3349 3077 3754 3147 ἐϐουλήθησαν.

515 3173 790 3232 resumpta
828 3165 1016 3220 fiducia
1073 3166 1293 3221 Barbari
1334 3171 1461 3224 totis
1503 3172 1697 3226 animis
1738 3173 2085 3231 imminebant

2201 3174 2259 3226 '0
2288 3173 2346 3226 δὲ
2392 3172 2813 3244 ἀρχισατράπης
2844 3171 3178 3240 Μουχούμετ
3220 3169 3318 3238 τὴν
3363 3169 3594 3236 κλῆσιν,
3637 3169 3758 3221 τοῦ·

515 3251 566 3304 in
613 3252 954 3308 occasionem
1028 3257 1320 3312 ulciscendi
1383 3260 1676 3331 Catnytzaa.
1755 3265 1888 3318 Cum
1954 3283 2083 3336 ergo

511 3346 896 3411 cognovissent
966 3351 1164 3404 morari
1231 3351 1408 3406 adhuc
1457 3369 1577 3408 enm
1656 3357 1800 3411 circa
1879 3358 2080 3413 Aurata

507 3448 827 3502 occupatum
885 3440 1184 3496 dividenda:
1241 3444 1593 3500 reddendmve
1659 3449 1849 3514 praeda:
1882 3489 1896 3512 ,
1953 3467 2081 3518 Cap-

511 3527 740 3582 tivorum
776 3545 988 3598 quoque
1011 3533 1382 3590 discernendis
1423 3535 1740 3592 tlilferentiis
1779 3555 1841 3593 ac
1875 3543 2075 3604 causis.

509 3620 734 3674 armatis
767 3622 1049 3677 confestim
1084 3633 1137 3678 et
1161 3641 1256 3694 per
1303 3636 1510 3682 turmas
1541 3629 1749 3684 eductis
1794 3633 2076 3689 ordinibus

507 3711 626 3764 acie
661 3712 920 3768 instructa
976 3715 1030 3769 in
1083 3727 1300 3772 nostros
1350 3719 1567 3772 irrttunt
1601 3723 1772 3788 primo
1817 3724 2074 3782 diluculo.

505 3801 736 3857 Maxima
766 3821 890 3874 pars
929 3809 1158 3872 agminis
1189 3809 1458 3880 Camytzzl:
1489 3815 1552 3866 ad
1586 3816 1818 3882 primum
1855 3833 2074 3872 sensum

509 3903 674 3949 tanta:
692 3896 994 3966 ingruentis
1018 3899 1380 3956 multitudinis
1399 3902 1692 3960 barbarica:
1709 3921 1856 3973 spem
1885 3909 2076 3963 salutis

506 3987 560 4040 in
608 4001 822 4044 matura
875 3991 998 4062 fuga
1059 3992 1258 4061 posuit.
1303 3993 1420 4064 Ipse
1449 3995 1554 4049 dux
1605 4012 1724 4050 cum
1763 3997 1980 4068 Scythis
2025 4008 2081 4054 et.

503 4077 688 4146 Gallis,
744 4081 1110 4152 Romanisque
1163 4085 1226 4139 iis
1249 4085 1502 4139 omnibus
1542 4102 1677 4154 qttos
1717 4088 1874 4156 paulo
1905 4105 2072 4159 gene-

2179 3283 2272 3319 τον
2298 3266 2392 3320 καὶ
2425 3266 2596 3318 πάλαι
2626 3265 2937 3332 γινώσκων,
2966 3263 3064 3317 καὶ
3098 3261 3406 3332 τηνικαῦτα
3439 3264 3756 3332 ἀναγνωρί-

2183 3373 2304 3422 σας,
2339 3357 2644 3410 ἀνακόπτει
2683 3357 2782 3424 μὲν
2813 3357 2912 3426 τῆς
2947 3355 3126 3424 ὁρμῆς
3176 3355 3300 3415 τοὺς
3327 3353 3480 3424 αὐτῷ
3515 3354 3755 3417 συμπλε-

2179 3451 2464 3520 κομένους,
2525 3449 2733 3512 ἀποὸὰς
2772 3449 2828 3502 δὲ
2891 3447 2985 3501 τοῦ
3057 3447 3224 3499 ἵππου
3275 3445 3394 3514 μεθ’
3457 3439 3536 3498 ὧν
3595 3447 3752 3516 ἔτυχε

2179 3542 2520 3614 προσελθὼν,
2551 3541 2656 3611 ἔφη
2685 3558 2698 3572 ·
2743 3540 2834 3609 Μὴ
2892 3543 3178 3609 πρόκρινε
3235 3538 3346 3606 τῆς
3378 3539 3504 3605 σῆς
3557 3555 3754 3606 σωτη-

2165 3639 2303 3706 ρίας
2341 3635 2446 3689 τὸν
2486 3635 2768 3696 θάνατον,
2823 3635 2986 3688 ἀλλὰ
3027 3633 3198 3686 δίδου
3254 3649 3358 3700 μοι
3415 3631 3592 3700 χεῇοα
3652 3631 3750 3684 καὶ

2171 3729 2382 3788 σώζου.
2433 3729 2491 3780 '0
2520 3728 2576 3781 δὲ
2612 3729 2718 3781 ὑπὸ
2747 3728 3026 3780 τοσούτων
3052 3724 3584 3793 περιστοιχούμενον
3611 3725 3746 3776 ἐαυ-

2175 3821 2266 3874 τὸν
2293 3819 2437 3891 ὁρῶν
2465 3819 2563 3872 καὶ
2595 3819 2672 3889 μὴ
2699 3819 2837 3890 πρὸς
2875 3817 3171 3877 τοσούτους
3213 3817 3468 3886 ἀντέχειν
3531 3816 3616 3868 ἔτι
3657 3815 3748 3867 δυ-

2177 3910 2434 3980 νάμενον,
2469 3909 2654 3964 δίδωσι
2709 3911 2897 3980 χεῖρας
2937 3907 3014 3976 τῷ
3075 3905 3372 3977 Μαχούμετ
3417 3906 3486 3958 ⁷⁸.
3537 3903 3734 3964 Καὶδς

2174 4002 2416 4070 ἔφιππον
2435 4003 2624 4056 τοῦτον
2656 4001 2990 4065 ἐπιϐιϐάσας
3008 4001 3132 4063 τοὺς
3151 3999 3318 4052 αὑτοῦ
3344 3998 3516 4061 πόδας
3534 3997 3748 4065 δεσμεῖ,

2180 4092 2257 4156 ὡς
2289 4092 2365 4162 μὴ
2401 4093 2598 4164 ῥᾳδίως
2629 4091 2938 4162 ἀποδρᾶναι
2973 4091 3254 4144 δύνασθαι.

503 4175 734 4231 rosiorcs
793 4177 1040 4234 militaris
1073 4178 1232 4234 ollicii
1279 4181 1535 4246 cogitatio
1599 4196 1628 4237 a
1701 4185 2089 4240 consciscenda
2152 4187 2290 4257 fugae
2367 4189 2575 4259 ﬂagitio
2635 4197 2922 4255 tenuerat,
2973 4187 3272 4242 fortissime
3327 4201 3608 4258 pugnans,
3659 4184 3748 4238 ubi

501 4269 613 4324 suis
639 4272 843 4324 circum
875 4275 1146 4342 plerisque
1167 4277 1420 4331 Omnibus
1439 4278 1658 4342 occisis,
1685 4280 2076 4347 deprehensum
2119 4299 2177 4339 se
2203 4300 2326 4338 cum
2355 4285 2542 4354 paucis
2599 4285 2655 4338 in
2709 4284 2882 4339 medio
2935 4285 3102 4348 vidit,
3189 4291 3365 4336 tamen
3443 4282 3752 4336 obfirmarit

501 4361 737 4415 animum
779 4363 831 4416 itt
857 4365 1084 4418 consilio
1107 4368 1428 4434 quaerendtc,
1454 4383 1549 4438 spe
1605 4370 1854 4426 vincendi
1902 4382 2134 4436 extorta,
2178 4376 2414 4430 honesta:
2455 4390 2601 4432 certe
2632 4378 2683 4430 itt
2738 4379 2904 4432 armis
2973 4377 3144 4440 necis,
3200 4377 3417 4446 quando
3463 4377 3649 4430 Ietbali
3701 4371 3746 4426 ei

499 4453 724 4507 vulnere
753 4469 1040 4518 percussus
1083 4476 1190 4525 quo
1221 4463 1516 4516 vehebatur
1547 4481 1720 4534 equus
1746 4507 1760 4530 ,
1797 4481 2019 4536 repente
2059 4470 2318 4524 concidit.
2348 4471 2520 4541 Prope
2570 4470 2758 4526 aderat
2814 4471 3074 4542 patruelis
3119 4473 3392 4542 Camytzte
3441 4471 3746 4526 Catarodon

501 4547 742 4600 nomine.
803 4549 853 4600 Is
911 4554 1127 4616 proprio
1196 4556 1378 4608 statim
1453 4571 1594 4624 equo
1647 4559 1904 4615 desiliens
1983 4576 2106 4616 eum
2146 4563 2420 4634 Catnytzat
2483 4566 2668 4620 tradit.
2737 4563 2930 4620 Verum
2987 4564 3146 4618 hmno
3197 4574 3386 4619 vastus
3469 4573 3528 4620 et
3599 4561 3746 4633 gra'i

503 4655 754 4708 corpore,
784 4657 904 4694 cum
928 4659 1122 4712 equum
1155 4646 1309 4700 lacile
1332 4651 1698 4706 conscendere
1725 4668 1832 4707 non
1867 4667 2066 4723 posset,
2112 4641 2386 4726 pauiulu'm
2447 4657 2794 4714 retrocedens
2847 4659 2912 4711 ad
2935 4657 3220 4727 quamdam
3291 4671 3554 4725 quercum
3647 4655 3746 4708 bu-

501 4732 665 4786 meris
710 4732 982 4801 applicitis
1029 4736 1246 4802 stringit
1295 4739 1570 4794 acinacem
1625 4743 1910 4811 saluthue
1973 4748 2286 4816 desperata,
2351 4749 2620 4804 Barbaros
2643 4757 2911 4818 quotqttot
2960 4749 3219 4802 accedere
3281 4747 3529 4802 cominus
3581 4748 3748 4798 aude-

497 4835 641 4889 rent,
693 4827 747 4881 in
794 4829 1006 4896 capite,
1063 4831 1114 4884 in
1188 4835 1399 4888 cervice
1487 4836 1538 4889 in
1607 4841 1857 4896 manibus
1935 4846 2100 4898 vastis
2165 4845 2304 4899 haud
2383 4863 2616 4915 unquam
2661 4862 2882 4900 cessans
2939 4846 3136 4902 ictibus
3163 4846 3399 4912 petebat.
3461 4842 3614 4896 [lane
3641 4855 3741 4894 tam

497 4919 710 4974 fortiter
777 4937 888 4976 rem
957 4931 1233 4992 gerentem
1295 4937 1350 4980 et
1419 4928 1602 4984 multis
1654 4933 1797 4988 circa
1861 4935 2056 5000 cassis,
2100 4937 2280 4991 multis
2311 4937 2626 5003 vulneratis,
2661 4939 2714 4991 in
2764 4952 2898 4992 nova
2931 4939 3108 4990 adhuc
3170 4935 3404 5005 pericula
3475 4935 3742 5002 intrepide

495 5016 777 5072 durantem
827 5019 1125 5088 conspicati
1181 5021 1342 5093 longo
1379 5021 1490 5090 jam
1561 5037 1802 5096 tempore
1846 5027 2089 5094 Barbari,
2157 5033 2515 5086 admiratione
2571 5047 2678 5086 non
2753 5031 2914 5086 dubia
2968 5041 3230 5098 concepta
3288 5037 3453 5082 tantte
3523 5026 3740 5080 virtutis

494 5117 765 5178 tantaeque
820 5114 1155 5178 constantiae,
1217 5129 1435 5170 servare
1491 5129 1600 5171 tam
1636 5118 1829 5174 fortem
1887 5122 2056 5175 virntn
2095 5125 2318 5200 omnino
2369 5126 2742 5180 decreverunt.
2792 5124 2870 5181 Ex
2923 5123 3009 5177 his
3073 5121 3442 5187 arcltisatrapa
3513 5119 3734 5173 bluchu—

493 5213 671 5258 metus
731 5203 860 5258 olim
915 5206 1086 5273 ipsum
1149 5222 1415 5272 noscens,
1485 5214 1926 5282 noscendumque
1983 5215 2058 5268 iiIi
2103 5225 2230 5270 tunc
2276 5217 2559 5286 exhibens,
2631 5231 2846 5272 cessare
2891 5231 2955 5270 ae
3007 5217 3276 5270 facessere
3322 5213 3478 5278 jubet
3553 5225 3738 5266 omnes

493 5297 584 5364 qui
615 5306 798 5350 contra
831 5313 952 5350 eum
1000 5298 1328 5366 pugnabant.
1379 5299 1498 5368 Ipse
1547 5313 1726 5356 autem
1753 5318 1892 5372 equo
1951 5307 2205 5362 desiliens
2271 5325 2391 5363 eum
2445 5309 2511 5364 iis
2567 5325 2704 5379 quos
2767 5311 2904 5362 forte
2953 5323 3134 5362 secum
3199 5306 3427 5369 habuit,
3519 5306 3736 5375 propius

493 5389 720 5455 accedit,
751 5393 1027 5460 amiceqne
1054 5393 1226 5446 virum
1262 5394 1344 5448 his
1379 5395 1489 5450 fere
1509 5398 1692 5452 verbis
1721 5400 2050 5469 alloquitur:
2132 5403 2215 5456 Ne
2273 5404 2436 5456 saluti
2485 5415 2738 5470 mortem,
2797 5419 2971 5471 quazso
2996 5435 3000 5438 ι
3027 5412 3114 5464 te,
3173 5403 3462 5470 prefer“;
3537 5403 3628 5455 sed
3669 5403 3734 5454 da

491 5484 620 5536 mihi
653 5499 890 5548 manuni,
929 5493 976 5536 et
1013 5484 1188 5538 salvus
1216 5497 1345 5539 esto.
1417 5489 1496 5542 Ad
1565 5504 1626 5542 ea
1673 5491 1958 5562 Camytzcs
1999 5507 2058 5547 se
2109 5508 2136 5546 a
2181 5503 2285 5548 tam
2321 5493 2507 5548 multis
2530 5509 2692 5547 unum
2723 5493 3148 5547 circumventum
3185 5493 3371 5546 videns
3395 5530 3410 5552 ,
3475 5506 3572 5545 nev.
3621 5491 3730 5558 jam

490 5576 636 5629 vires
683 5575 925 5629 seruiens
974 5574 1131 5646 44],
1193 5577 1537 5647 impressioni
1569 5583 1733 5636 variae
1769 5593 1848 5636 tot
1897 5584 2056 5637 simul
2099 5584 2521 5654 oppugnantium
2572 5577 2914 5639 sustinenda?
2957 5599 3147 5654 pares:
3235 5599 3450 5636 manum
3523 5585 3732 5638 Mat-bu-

491 5670 620 5723 meti
653 5669 742 5723 dat
775 5685 792 5722 :
827 5672 917 5740 qui
946 5671 992 5724 ei
1026 5671 1076 5725 in
1107 5686 1302 5740 equum
1349 5675 1599 5746 imposito
1631 5680 1819 5735 vinciri
1880 5682 2046 5750 pedes
2088 5681 2258 5750 jussit
2283 5697 2349 5735 ne
2381 5691 2560 5750 posset
2591 5682 2752 5737 elabi.

1563 5772 1757 5834 Vat-ite
1789 5773 2102 5838 lectiones
2133 5795 2209 5839 ex
2244 5777 2382 5840 cod.
2418 5775 2685 5836 Coislm.

576 5886 622 5919 "
651 5889 676 5940 ἑ
685 5887 936 5957 μάχοντο.
