3992 6278
272 342 408 405 1οτ7

1526 339 1940 401 ALEXIADIS
1977 342 2122 402 LIB.
2168 343 2323 405 XIV.

3397 344 3529 408 1078

355 452 520 503 Ἀλλά
561 453 735 505 ταῦτα
796 454 894 522 μὲν
929 456 997 507 τὰ
1031 454 1109 522 τῷ
1153 455 1446 525 Εὐσταοίῳ
1481 452 1853 522 συμπεσόντα.

2035 455 2302 509 ΙΙέιιιιηειις
2354 457 2416 509 dc
2448 472 2576 510 casu
2604 457 2894 514 Eustalltii.
2936 459 3004 512 At
3036 459 3322 524 imperatur
3350 461 3529 522 provi—

285 545 341 596 'O
373 545 429 596 δέ
460 562 519 610 γε
550 546 927 615 αὐτοκράτωρ,
948 547 1351 616 στοχασάμενος
1379 547 1476 616 τῆς
1502 543 1747 613 ἀτραποῦ
1783 542 1852 596 δι’

271 633 339 703 ἧς
400 637 598 690 διιέναι
630 636 874 704 ἔμελλον,
908 637 1074 710 ἀλλην
1111 639 1491 709 τραπόμενος,
1525 639 1614 692 διά
1661 655 1718 689 τε
1752 640 1855 705 τῆς

272 729 516 790 Νικαίας
569 727 798 781 διελθὼν
856 731 951 781 καὶ
1007 730 1115 783 τῶν
1163 730 1488 798 Μελαγίνων
1513 731 1555 760 ⁷⁷
1585 730 1719 796 (50),
1762 728 1857 780 καὶ

273 820 386 872 τῶν
417 819 562 872 οὕτω
593 819 948 889 καλουμένων
993 821 1302 874 Βασιλικῶν
1339 820 1544 890 (ταῦτα
1580 821 1635 873 δὲ
1670 820 1854 888 τὲμπη

273 911 384 963 εἰσὶ
417 912 508 963 καὶ
539 910 794 965 δύσϐατοι
829 912 1095 983 ἀτραποὶ,
1124 931 1188 964 πε
1201 915 1251 983 ρί
1275 914 1373 976 τὰς
1403 912 1734 982 ἀκρολοφῖας
1762 908 1857 962 τοῦ

289 1002 569 1071 Ὀλύμπου
594 1004 954 1075 διακείμενα)
977 1044 990 1066 ,
1017 1005 1347 1075 κατέρχεται
1373 1007 1452 1067 εἰς
1477 1003 1546 1056 τὰ
1579 1000 1854 1068 Ἀληθινὰ,

279 1095 510 1147 κάκεῖσε
544 1094 957 1164 καταλαμϐάνει
1006 1098 1106 1168 τὴν
1144 1096 1444 1164 Ἀκροκον,
1505 1095 1860 1163 ἐπειγόμενος

278 1185 724 1254 προκαταλαϐεῖν
772 1186 880 1239 ἀπὸ
929 1186 1039 1238 τῶν
1076 1185 1392 1257 ἔμπροσθεν
1424 1186 1550 1248 τοὺς
1582 1185 1860 1255 Τούρκους

278 1278 376 1329 καὶ
423 1275 568 1330 οὕτω
595 1277 885 1346 καρτερῶς
926 1279 1047 1343 μετ’
1093 1278 1274 1332 αὐτῶν
1304 1277 1541 1345 συνάψαι
1578 1278 1667 1329 τὸν
1699 1277 1861 1328 πόλε-

285 1386 407 1438 μον.
441 1370 502 1422 Ol
531 1368 609 1431 δὲ,
647 1369 781 1440 μηδὲ
817 1370 1008 1438 μνείαν
1059 1369 1198 1433 ὅλως
1253 1369 1565 1437 Ῥωμαϊκοῦ
1599 1369 1862 1440 στρατεύ-

285 1478 454 1528 ματος
486 1462 567 1523 sic
613 1460 738 1514 νοῦν
788 1461 1079 1525 λαϐόντες,
1113 1461 1206 1513 τὸν
1257 1460 1398 1514 κατά
1445 1460 1544 1530 τὴν
1593 1461 1864 1530 τέμπειαν

281 1553 630 1622 διακείμενον
657 1554 961 1621 καλαμῶνα
990 1552 1396 1616 καταλαϐόντες
1426 1554 1546 1604 ἐκεῖ
1572 1570 1675 1605 που
1709 1570 1866 1621 περι-

282 1646 542 1715 χυθέντες
596 1647 888 1714 ἐξέκειντο.
935 1646 1092 1699 Ἐπεὶ
1123 1645 1178 1698 δὲ
1233 1645 1529 1714 ἀπηγγέλη
1574 1644 1652 1715 τῷ
1698 1645 1864 1698 αύτο-

283 1740 516 1808 κράτορι
569 1739 936 1810 ἀπερχομένῳ
984 1740 1107 1792 κατ’
1143 1738 1325 1790 αὐτῶν
1364 1738 1462 1808 τὴν
1510 1738 1736 1791 πεδιάδα
1765 1737 1866 1805 τῆς

285 1832 551 1899 τεμπείας
583 1835 711 1896 τοὺς
747 1832 1070 1901 Βαρϐάρους
1126 1823 1461 1884 καταλαϐἐῖν
1498 1831 1606 1884 ἀπὸ
1639 1831 1866 1901 διαστή-

289 1942 462 1994 ματος
521 1923 734 1989 ἱκανοῦ,
801 1924 862 1977 τὸ
913 1924 1232 1994 στράτευμα
1282 1923 1363 1987 εἰς
1416 1921 1655 1992 πολέμου
1701 1923 1866 1975 τόπον

286 2016 644 2084 καταστήσας
692 2014 785 2066 καὶ
843 2013 1332 2085 παραταξάμενος,
1391 2012 1706 2082 ἔμπροσθεν
1771 2013 1868 2081 μὲν

290 2109 708 2160 Κωνσταντῖνον
778 2106 865 2160 τδν
934 2106 1154 2177 Γαϐρᾶν
1233 2107 1328 2159 καὶ
1390 2105 1482 2158 τὸν
1540 2106 1868 2175 Μοναστρᾶν

289 2199 499 2263 ἔταξεν,
528 2199 612 2268 ἐφ’
640 2198 878 2270 ἑκάτερα
909 2199 964 2252 δὲ
1002 2199 1178 2252 ἰλαδὸν
1209 2198 1561 2266 καταστήσας
1603 2197 1664 2251 τὸ
1697 2197 1868 2267 στράο

287 2309 489 2360 τευμα,
518 2293 616 2360 τὴν
633 2292 898 2361 οὐραγίαν
931 2291 1006 2362 τῷ
1028 2291 1368 2362 Τζιπουρὲλῃ
1393 2290 1488 2343 καὶ
1505 2290 1580 2358 τῷ
1612 2289 1859 2358 Ἀμπελᾷ

290 2384 496 2454 πολλὴν
530 2384 631 2453 τὴν
675 2383 768 2437 τοῦ
814 2385 1053 2454 πολέμου
1108 2387 1303 2452 πεῖραν
1342 2385 1406 2436 ὲκ
1457 2379 1670 2450 μακροῦ
1711 2383 1873 2451 ἐσχη-

291 2479 414 2530 κόσι
463 2476 697 2530 δέδωκε·
739 2477 800 2529 τὸ
843 2476 898 2528 δὲ
935 2477 1101 2545 μέσον
1151 2477 1248 2546 τῆς
1303 2472 1664 2544 παρατάξεως
1711 2469 1873 2532 αὐτὸς

289 2570 493 2624 διέπων
543 2569 668 2632 ὅλας
738 2571 1101 2638 συνετάραττε
1159 2569 1482 2636 φάλαγγας,
1544 2566 1641 2618 καὶ
1699 2564 1875 2626 οὕτως

297 2663 491 2734 ὥσπερ
524 2661 790 2731 κεραυνὸς
830 2664 942 2720 τοῖς
979 2660 1247 2729 Τούρκοις
1283 2658 1567 2726 ἐμπεσὼν,
1605 2657 1876 2729 καρτερδν

293 2756 386 2809 τὸν
434 2756 552 2824 μετ’
604 2755 784 2808 αὐτῶν
836 2754 1041 2823 συνῆψε
1098 2753 1358 2822 πόλεμον.
1417 2751 1610 2803 Πολλοὶ
1646 2750 1742 2821 μὲν
1785 2744 1878 2802 οῦν

293 2847 602 2919 τηνικαῦτα
657 2847 960 2900 κτείνονται
1023 2847 1132 2898 τῶν
1185 2844 1508 2914 Βαρϐάρων,
1557 2843 1876 2911 ἀγχεμάχου

292 2943 399 3010 τῆς
449 2941 627 3011 μάχης
682 2941 1003 3009 γεγονυίας⁶
1054 2937 1242 2991 πολλοὶ¹
1281 2937 1337 2989 δὲ
1387 2938 1480 2988 καὶ
1515 2935 1876 3003 δορυθήρατοι

294 3037 542 3102 ἄγονται.
615 3034 678 3086 Oi
749 3033 807 3085 δὲ
881 3031 958 3099 τῷ
1045 3029 1331 3099 καλαμῶνι
1398 3027 1880 3100 προσπεφευγότες

1958 563 2074 600 SIIIII
2114 549 2424 612 conjectura
2461 550 2647 602 callem
2679 565 2784 618 quo
2809 552 3146 618 progressuri
3199 559 3352 603 erant
3401 552 3532 601 Bar-

1963 641 2098 704 bari,
2129 641 2406 694 declinans
2433 641 2558 702 alio,
2611 642 2832 708 vitavit;
2868 652 2919 696 et
2962 657 3055 712 per
3090 641 3320 694 Nirmatn
3357 651 3534 694 trans-

1962 732 2078 786 iens
2162 749 2363 803 perque
2430 733 2726 802 Melagina,
2780 743 2834 789 et
2888 751 2983 804 per
3033 749 3153 786 eum
3204 734 3378 788 locum
3445 735 3531 787 oni

1963 824 2192 879 Basilica
2226 841 2415 878 nomen
2449 834 2534 880 est
2557 826 2745 896 (valles
2774 827 2854 881 ha:
2874 836 3002 880 sunt
3031 834 3269 894 angnstre
3289 826 3537 894 ostiaqne

1964 931 2026 969 ac
2073 915 2369 969 diffisillimi
2429 925 2591 985 atque
2625 918 3021 986 impeditissimi
3075 928 3282 970 meatus
3332 917 3537 968 circum

1964 1008 2171 1079 Olympi
2198 1007 2322 1077 juga
2354 1010 2440 1062 siti
2466 1009 2483 1079 )
2511 1009 2791 1064 descendit
2816 1010 2867 1064 in
2897 1010 3072 1064 locum
3106 1011 3351 1064 Aletltiua
3383 1025 3540 1066 Vora-

1968 1110 2101 1161 tnm,
2144 1101 2372 1168 indeque
2411 1105 2676 1156 Acroeum
2710 1117 2769 1157 se
2809 1102 3042 1164 confert,
3087 1103 3348 1172 festinans
3406 1115 3542 1168 prae-

1965 1207 2231 1258 occupare
2289 1209 2354 1246 ne
2393 1196 2603 1260 priores
2655 1208 2720 1246 eo
2765 1195 3108 1262 pervenirent
3168 1192 3328 1246 Turci
3387 1192 3540 1259 primi

1968 1283 2222 1351 agminis.
2255 1283 2574 1348 quibuscum
2605 1283 2700 1346 ibi,
2739 1293 3026 1349 antequam
3061 1285 3238 1337 caeteri
3271 1284 3541 1346 adessent,

1968 1375 2308 1428 committere
2343 1373 2582 1441 pra'littm
2621 1375 2956 1427 decreverat.
2996 1372 3196 1426 llorum
3231 1383 3284 1426 et
3318 1374 3541 1427 ltornani

1969 1472 2134 1541 plane
2161 1471 2335 1522 omnis
2370 1484 2529 1536 quem
2556 1468 2976 1524 contemnebant
3000 1507 3016 1531 ,
3045 1483 3144 1522 nec
3172 1470 3262 1523 ubi
3297 1481 3388 1522 attt
3417 1471 3544 1537 quid

1971 1572 2175 1635 ageret,
2207 1565 2429 1618 omnino
2483 1564 2583 1618 sibi
2643 1564 2941 1618 curandum
2976 1563 3388 1632 cogitantlumve
3424 1578 3548 1615 cen-

1972 1658 2183 1716 sebant,
2209 1656 2384 1711 securi
2412 1655 2569 1708 'l‘urci
2600 1669 2736 1724 quos
2769 1655 3029 1721 diximus,
3060 1655 3443 1707 arundinetum
3484 1653 3548 1704 ad

1974 1751 2129 1804 istam
2162 1749 2353 1802 vallem
2391 1748 2623 1815 positum
2658 1756 2948 1816 occupant,
2971 1746 3023 1799 in
3052 1747 3209 1816 idque
3233 1744 3547 1813 circumfusi

1969 1839 2326 1910 procumbunt
2357 1839 2578 1906 passim.
2616 1838 2690 1894 lbi
2733 1852 2855 1892 esse
2880 1837 3020 1901 illos,
3057 1851 3356 1902 secureque
3392 1851 3551 1903 agere

1971 1931 2274 1984 nuntiatum
2318 1928 2633 1998 imperatori
2665 1935 2749 1982 est
2785 1937 2970 1982 contra
3005 1928 3151 1996 ipsos
3192 1929 3426 1980 venienti
3459 1943 3553 1994 per

1971 2022 2249 2091 planitiem
2284 2022 2436 2075 vallis
2463 2063 2477 2084 ,
2517 2021 2607 2075 sed
2649 2021 2824 2074 adhuc
2879 2019 3158 2073 intervallo
3224 2020 3415 2072 idoneo
3472 2018 3554 2070 di-

1972 2116 2162 2171 stanti.
2193 2115 2291 2168 Hic
2318 2114 2406 2169 ille
2439 2114 2610 2168 aciem
2643 2112 2809 2168 struit
2841 2113 2892 2166 in
2934 2113 3078 2166 lnmc
3107 2112 3346 2165 modum.
3375 2110 3553 2162 Primo

1973 2205 2172 2274 agmini
2206 2205 2382 2259 fronte
2411 2204 2640 2258 adversa
2671 2203 2919 2256 hostibus
2971 2202 3184 2269 objeeto
3225 2201 3360 2256 duos
3414 2214 3553 2270 pras-

1976 2297 2103 2351 fecit
2167 2295 2586 2350 Constantinum
2649 2294 2883 2350 Gabram
2941 2304 2996 2350 et
3063 2293 3414 2349 Munastram.
3482 2291 3551 2344 lix

1980 2400 2212 2456 tttt-Oque
2246 2390 2414 2442 latere
2447 2388 2721 2441 turmatim
2755 2388 3018 2456 reliquum
3049 2387 3347 2441 exercitum
3377 2387 3556 2451 dispo-

1977 2482 2102 2537 Silii.
2141 2481 2477 2536 Postremum
2513 2494 2700 2548 agmen
2743 2478 3011 2546 Tzipureli
3057 2488 3108 2530 et
3160 2477 3395 2544 Ampelze
3428 2475 3556 2527 viris

1979 2575 2137 2642 longo
2173 2588 2272 2626 usu
2303 2571 2789 2640 experientissimis
2835 2571 2911 2624 rei
2955 2570 3158 2624 bellicae
3190 2609 3204 2632 ,
3263 2567 3554 2636 regendum

1979 2663 2408 2726 commendavit;
2443 2665 2670 2716 mediam
2707 2663 2820 2729 ipse
2852 2662 2951 2715 sibi
2986 2661 3219 2725 sumpsit
3269 2659 3555 2712 moderan-

1981 2760 2100 2811 dam
2133 2759 2325 2819 aciem,
2363 2771 2426 2810 ac
2454 2755 2746 2825 phalangas
2766 2764 2984 2824 aspectu
3006 2754 3360 2821 ingressuque
3386 2751 3558 2818 primo

1983 2849 2316 2904 conturbatis
2351 2858 2489 2902 totas
2511 2847 2751 2902 fulminis
2784 2861 2930 2902 more
2965 2847 3231 2913 modoque
3263 2845 3314 2898 in
3348 2843 3557 2897 Turcos

1985 2943 2166 3008 irruit,
2204 2955 2436 3009 aereque
2466 2955 2588 2995 cum
2621 2939 2686 2994 iis
2721 2939 2965 3008 praelium
2997 2939 3254 2992 conserit.
3279 2935 3550 2989 Admove-

1985 3044 2072 3089 tur
2092 3037 2157 3089 ad
2207 3049 2396 3086 manus
2444 3047 2643 3101 pugna.
2696 3031 2843 3085 Multi
2902 3031 3095 3085 cadunt
3153 3030 3556 3090 Barbarorum;

295 3126 438 3189 τέως
492 3123 778 3188 ἐσώζοντο.
829 3122 889 3176 Ὃ
937 3123 993 3177 δὲ
1052 3121 1426 3188 αὐτοκράτωρ,
1476 3118 1741 3188 λαμπρὰν
1779 3119 1872 3188 τὴν

1982 3127 2136 3182 multi
2182 3127 2486 3192 capiuntur.
2525 3123 2624 3176 Alii
2655 3137 2773 3176 sese
2809 3123 2858 3174 in
2899 3123 3209 3174 arundinem
3255 3120 3402 3174 silvae
3437 3136 3560 3188 pro-

295 3221 423 3275 κατ’
465 3217 646 3273 αὐτῶν
702 3219 860 3286 νίκην
915 3215 1214 3287 ἀράμενος,
1245 3215 1384 3284 πρὸς
1432 3213 1524 3266 τὸν
1577 3211 1876 3279 καλαμῶνα

297 3311 698 3382 ἐπιστραφεὶς,
736 3310 964 3364 ἔσπευδε
1017 3308 1274 3362 κάκεῖθεν
1313 3307 1539 3367 τούτους
1583 3303 1874 3357 ἀπελάσαι.

297 3406 365 3459 Ui
405 3405 460 3457 δὲ
506 3403 840 3474 στρατιῶται
879 3401 969 3454 διὰ
995 3401 1055 3454 τὸ
1089 3400 1363 3468 βαλτῶδες
1413 3399 1508 3451 καὶ
1549 3396 1752 3450 πυκνὸν
1781 3395 1876 3449 τοῦ

296 3497 627 3564 καλαμῶνος
649 3496 722 3566 μὴ
751 3495 1042 3563 δυνάμενοι
1067 3493 1296 3545 εἰσιέναι
1325 3492 1382 3543 έν
1406 3488 1688 3559 ἀμηχανίᾳ
1711 3483 1874 3558 ἦσαν.

299 3590 409 3642 Καὶ
441 3587 520 3650 ὃς,
547 3587 856 3655 περιζώσας
894 3584 983 3637 τὸν
1007 3583 1310 3651 καλαμώνα
1349 3581 1434 3634 διὰ
1473 3579 1582 3632 τῶν
1617 3594 1880 3648 στρατιω-

295 3682 434 3747 τῶν,
457 3679 569 3750 πῦρ
597 3682 660 3733 ἐκ
690 3681 890 3750 μέρους
914 3676 1009 3730 τοῦ
1036 3675 1363 3745 καλαμῶνος
1383 3674 1602 3742 ἀφεῖναι
1628 3669 1878 3735 ἐπέταξε.

296 3773 508 3828 Τούτου
539 3773 597 3826 δὲ
646 3771 962 3841 γενομένου,
996 3771 1030 3839 ἡ
1073 3768 1208 3836 φλὸξ
1245 3769 1324 3829 εἰς
1360 3763 1492 3833 ὕψος
1525 3759 1662 3833 ἦρτο
1715 3762 1883 3831 μέγα.

299 3868 364 3919 Οἱ
395 3866 452 3919 δὲ
486 3865 637 3926 ὲντδς
666 3865 964 3933 φεύγοντες
990 3863 1052 3915 τὸ
1079 3861 1216 3932 πῦρ,
1245 3862 1326 3923 εἰς
1357 3861 1456 3921 τὰς
1481 3859 1589 3910 τῶν
1616 3872 1882 3925 στρατιω-

293 3960 408 4013 τῶν
435 3957 728 4011 ἐνέπιπτον
759 3957 948 4025 χεῖρας
971 3970 984 3986 ⁸
1022 3953 1118 4007 καὶ⁷
1151 3951 1354 4004 τούτων
1380 3951 1458 4013 δὲ,
1502 3950 1549 4001 οἱ
1607 3947 1705 4016 μὲν
1736 3964 1809 3998 πα
1822 3963 1880 4014 ρ-

295 4051 567 4119 ανάλωμα
595 4049 780 4116 ξίφους
808 4047 1068 4116 ἐγίνοντο,
1095 4045 1143 4098 οἱ
1163 4044 1219 4097 δὲ
1243 4044 1375 4114 πρὸς
1400 4042 1488 4094 τὸν
1507 4039 1888 4109 αὐτοκράτορα

295 4143 524 4214 ἤγοντο.

1987 3217 2208 3272 fundum
2238 3215 2455 3284 penitus
2485 3213 2744 3266 abdentes
2777 3209 3027 3277 praesenti
3072 3219 3178 3261 tum
3209 3207 3425 3272 quidem
3458 3206 3558 3260 sibi

1985 3307 2223 3381 periculo
2287 3304 2526 3359 defuncti
2589 3303 2934 3356 videbantur.
3011 3300 3206 3353 Verum
3268 3299 3561 3368 imperator

1984 3399 2234 3454 omnibus
2263 3395 2352 3465 qui
2390 3395 2441 3448 in
2467 3408 2656 3462 campo
2685 3406 2820 3463 puro
2845 3399 3108 3446 steterant
3148 3389 3366 3460 egregie
3413 3389 3565 3440 devi-

1986 3488 2107 3552 ctis,
2141 3489 2378 3540 animum
2407 3484 2606 3553 adjecit
2635 3484 2698 3534 ad
2723 3497 2816 3536 eos
2844 3495 3061 3549 quoque
3092 3480 3180 3546 qtti
3218 3479 3317 3532 sub
3336 3477 3558 3532 obtentu

1988 3581 2308 3636 arundinum
2339 3577 2682 3638 mussabant,
2713 3574 3063 3630 extrahendis
3103 3573 3248 3625 inde.
3289 3570 3561 3626 (lanarum

1990 3668 2218 3724 Romani
2252 3683 2372 3720 cum
2403 3667 2704 3732 irrumpere
2728 3663 2779 3715 in
2807 3664 3006 3715 saltum
3057 3661 3247 3715 cannis
3289 3659 3558 3713 consitum

1991 3766 2264 3816 tentarent
2290 3758 2550 3827 uliginosa
2577 3755 2803 3808 tno‘litie
2839 3753 3094 3822 palustris
3117 3753 3245 3814 loci,
3278 3751 3558 3820 vestigium

1988 3853 2098 3908 alto
2135 3853 2243 3905 luto
2291 3849 2504 3917 penitus
2553 3847 2824 3900 sorbentis
2870 3845 3302 3899 deterrebantur.
3353 3843 3562 3896 Pende-

1989 3947 2119 4002 lrant
2175 3941 2512 3996 dubitatione
2561 3938 2775 4000 cuncti,
2825 3951 2985 4004 quam
3041 3934 3290 4004 prresenti
3336 3932 3565 3988 consilio

1993 4043 2264 4106 Augustus
2297 4031 2588 4100 expedivit.
2619 4027 2779 4084 Jubet
2808 4043 3006 4084 corona
3040 4027 3274 4096 undique
3327 4036 3564 4077 armato-

1997 4144 2112 4181 rum
2167 4121 2515 4188 circantcingi
2573 4119 2998 4179 arundinelum;
3060 4126 3172 4169 tum
3225 4115 3279 4168 itt
3347 4113 3397 4170 id
3459 4127 3563 4165 una

296 4208 589 4296 dumtaxat
625 4251 690 4291 ex
717 4247 870 4307 parte
900 4237 1050 4309 ignes
1071 4235 1217 4305 injiei
1251 4231 1605 4302 ;ardentibus
1651 4239 1872 4299 repente
1894 4229 2054 4283 densa
2088 4224 2241 4293 copia
2264 4220 2466 4275 'cannis
2489 4217 2735 4286 exsurgit
2762 4216 2867 4269 alte
2913 4213 3128 4268 flamma
3153 4251 3170 4277 .
3243 4210 3398 4281 cuius
3456 4208 3562 4263 Vit"

298 4337 466 4391 ‘l‘urci
502 4346 804 4392 metuentes
852 4349 884 4390 e
931 4333 1246 4404 periculosis
1294 4329 1512 4384 latebris
1559 4327 1613 4382 in
1667 4341 1856 4380 manus
1908 4331 2216 4379 nostrorum
2272 4314 2634 4373 obsidentium
2689 4313 2955 4383 fugientes
3003 4311 3307 4366 inciderunt
3353 4321 3562 4362 omnes-

299 4433 510 4487 Horum
539 4445 666 4500 pars
695 4428 870 4500 gladio
896 4427 1169 4495 absumpti
1196 4467 1211 4489 ,
1249 4441 1376 4494 pars
1401 4424 1464 4476 ad
1497 4424 1878 4494 imperatorem
1913 4417 2018 4470 vivi
2049 4415 2196 4470 ducti
2218 4423 2366 4468 sunt.

386 4497 554 4576 Ἀλλά
588 4497 762 4576 ταῦτα
801 4522 899 4592 μὲν
934 4519 1004 4573 τὰ
1051 4521 1196 4572 κατὰ
1228 4521 1354 4582 τοὺς
1385 4521 1494 4573 ἀπὸ
1535 4520 1630 4573 τοῦ
1675 4516 1872 4586 Καρμὲ

2059 4511 2328 4567 Hactenus
2359 4509 2424 4563 de
2453 4521 2509 4560 re
2538 4515 2690 4574 gesta
2728 4519 2756 4558 a
2779 4504 2986 4555 lverstts
3015 4516 3110 4555 eos
3149 4500 3419 4553 Barbaros
3462 4497 3559 4564 qui

299 4615 672 4678 κατελθόντας
726 4613 1066 4684 Βαρϐάρους.
1110 4613 1172 4666 ’0
1204 4613 1263 4666 δὲ
1320 4613 1499 4682 ’Λμὴρ
1529 4609 1880 4682 Μουχούμετ,

306 4708 648 4782 μεμαθηκὼς
693 4708 793 4776 τὴν
847 4705 1136 4777 συμφορὰν
1186 4705 1288 4776 τὴν
1334 4706 1465 4775 περὶ
1493 4705 1619 4766 τοὺς
1653 4701 1761 4756 ἀπὸ
1789 4699 1885 4752 τοῦ

301 4801 508 4872 Καρμὲ
556 4799 1034 4868 Μουσουλμάνους,
1068 4798 1299 4852 κατόπιν
1338 4796 1502 4858 εὐθὺς
1541 4793 1758 4848 ἐλαύνει
1791 4790 1885 4843 τοῦ

308 4892 581 4965 βασιλέως
635 4891 858 4952 ὲνωθεὶς
917 4890 1054 4960 μετὰ
1088 4890 1198 4943 τῶν
1254 4889 1396 4943 κατά
1433 4887 1532 4957 τὴν
1589 4885 1776 4940 Ἀσίαν
1808 4883 1888 4936 οἱ·

305 4983 558 5039 κούντων
627 4982 1033 5053 Τουρκομάνων
1094 4982 1190 5035 καὶ
1251 4980 1362 5034 τῶν
1429 4979 1656 5032 λοιπῶν.
1724 4977 1888 5030 Ὥστε

1990 4623 2018 4660 a
2055 4606 2252 4661 Carme
2279 4601 2690 4659 descenderant.
2738 4582 2903 4669 ἦλα
2953 4595 3028 4651 De
3072 4609 3179 4664 qua
3225 4603 3283 4647 ιιι
3331 4597 3562 4659 primum

1988 4698 2166 4754 factus
2212 4703 2296 4751 est
2350 4694 2549 4747 certior
2603 4691 2767 4745 Amer
2815 4689 3150 4752 Machumet,
3213 4690 3436 4753 repente
3489 4690 3566 4732 tot

1991 4787 2451 4842 Musnlmanorunt
2492 4782 2680 4836 ulcisci
2715 4779 2924 4838 cladem
2958 4777 3198 4846 cupiens,
3246 4774 3476 4827 infestus
3511 4770 3563 4822 itt

1992 4882 2381 4950 imperatorem
2412 4876 2597 4937 movit,
2624 4873 2828 4943 junctis
2881 4872 3043 4924 etiam
3078 4868 3180 4920 sibi
3210 4861 3565 4918 'furcomanis

1991 4975 2080 5041 qui
2111 4988 2204 5041 per
2241 4971 2420 5025 Asiam
2454 4969 2743 5040 degebant,
2773 4963 3018 5032 aliisque.
3061 4959 3242 5028 Itaque
3274 4968 3400 5010 tunc
3432 4972 3566 5008 eon-

1350 5093 1550 5156 Variae
1587 5087 1898 5152 lectiones
1936 5102 2015 5148 ex
2047 5085 2188 5146 cod.
2216 5083 2484 5145 Coislin.

380 5199 429 5231 ⁷⁸
460 5196 812 5265 Μαλαγίνων.

1346 5279 1487 5340 Car.
1536 5267 1860 5334 Dufresnit
1896 5266 1993 5325 Du
2023 5267 2247 5347 Cangii
2285 5278 2472 5332 notae.

388 5391 500 5458 (50)
533 5389 943 5458 Μελαγγίνων.
978 5383 1242 5458 Oppidum
1271 5382 1349 5458 ad
1390 5378 1710 5458 Qlympum‘
1731 5383 1884 5458 ιΙιέοιι-

311 5443 434 5515 tetii
459 5443 577 5529 (qui
605 5443 1286 5531 Mysiiecoguoniiitatuna
1318 5443 1632 5531 Pudetumn.
1664 5452 1718 5494 et

311 5517 580 5594 stantino,
608 5517 700 5583 lib.
743 5546 755 5580 ι
792 5517 1142 5589 ῡεὯιεηιαι.)
1186 5523 1316 5576 olim
1369 5517 1741 5595 Μελάγγειαι,

314 5577 1354 5663 ἶίιῦξῆίίϐτίνῇάλαγναιιιιηοιίυξηηιη,
1399 5603 1457 5641 ttt
1491 5577 1743 5663 estV-apud
1781 5577 1885 5629 Ζο-

315 5687 506 5725 naram
543 5670 596 5722 in
620 5655 897 5732 Micltaele,
927 5680 1020 5720 seu
1049 5661 1363 5728 Μαλάγινα,
1389 5669 1452 5732 ut_
1473 5665 1569 5732 cst
1600 5655 1742 5732 inn“!
1799 5663 1889 5732 Sx;

314 5723 460 5793 nodo
515 5723 1021 5803 metttttettica,'p:tg.
1071 5723 1383 5793 Mfifedit.
1433 5726 1592 5780 1618.
1641 5723 1890 5803 ροςιιιτίι

319 5790 469 5880 p:iur
525 5790 823 5878 appellatio
857 5790 1017 5874 'a‘pu'il
1051 5790 1461 5872 Tlletipltztttettt,
1510 5813 1599 5850 an.
1657 5795 1675 5846 1
1720 5790 1884 5844 Nice-

1991 5366 2144 5431 pltori
2193 5370 2437 5429 general.
2488 5369 2730 5422 Nicolant
2787 5366 2838 5417 in
2879 5366 3018 5419 Mart.
3050 5365 3142 5418 lib.
3183 5380 3220 5427 ι,
3256 5381 3311 5417 n.
3343 5365 3419 5428 ἒς
3465 5364 3559 5416 lib.

1991 5451 2076 5495 ιιι.
2109 5453 2161 5489 n.
2197 5439 2268 5501 ὃς
2305 5454 2360 5491 n.
2397 5439 2466 5504 2;
2511 5438 2707 5491 Alexio
2739 5437 2833 5489 lib.
2858 5438 2899 5496 l.
2941 5449 2993 5488 et
3022 5433 3430 5504 Pacbymerom.
3465 5435 3560 5486 lib.

1988 5521 2045 5576 t_t.
2071 5522 2190 5576 cap.
2217 5510 2280 5566 8;
2315 5503 2583 5576 posterior
2616 5510 2755 5572 apud
2788 5507 3019 5567 Annam,
3052 5505 3146 5558 lib.
3172 5503 3290 5562 ’xv:
3329 5503 3565 5576 Laudnl-

1991 5574 2101 5628 fum
2153 5574 2345 5640 Sagae.
2384 5579 2477 5630 lib.
2516 5593 2647 5630 xxm
2685 5587 2738 5626 ct
2809 5592 2955 5637 μιν,
3011 5576 3149 5641 apttd
3208 5590 3366 5641 quem
3427 5574 3565 5626 male

1990 5649 2192 5699 editum
2230 5646 2522 5716 Malagma,
2549 5645 2950 5716 pro__MaIagna.
2981 5644 3226 5716 Montem
3249 5643 3416 5716 fuisse
3445 5642 3564 5707 oni-

1993 5727 2158 5770 natur
2190 5717 2271 5772 vir
2295 5714 2544 5787 magnus,
2574 5714 2860 5770 atNtcetas
2887 5717 3085 5770 diserte
3107 5714 3360 5784 oppidum
3385 5721 3561 5768 vocat.
