3992 6278
240 375 378 441 1085

1500 383 1917 448 ALEXIADIS
1949 388 2098 450 LIB.
2133 392 2314 451 XlV.‘

3353 393 3488 456 1086

239 489 401 549 νεῶν,
446 488 511 552 ἃς
549 491 581 561 ἡ
618 491 726 543 τῶν
760 493 1091 564 Σαρακηνῶν
1125 497 1471 553 ὲτεκτὸνευσε
1511 499 1695 570 μῆνις,
1746 498 1813 560 ἃς

1919 505 1986 559 rit
2016 504 2155 559 hanc
2192 505 2298 558 vim
2349 505 2729 561 inexhaustam
2788 506 3163 576 multiplicium
3216 505 3479 559 malorum

243 580 273 648 ἡ
304 578 413 630 τῶν
452 580 734 634 Οὖετόνων
781 586 1147 652 συνεπλέξατο
1194 589 1502 655 πλεονεξία,
1540 592 1636 644 καὶ
1672 592 1815 644 κατὰ

237 672 340 739 τῆς
373 667 690 742 Ῥωμαῖκῆς
715 675 990 744 βασιλείας
1017 681 1256 735 δύσνοιαο
1293 685 1384 736 καὶ
1409 684 1515 752 γὰρ
1543 683 1816 751 ἐποφθαλ-

244 764 386 833 μῶσι
442 767 643 830 πάντες
677 769 837 840 αὐτῇ.
891 772 1054 827 Φύσει
1085 776 1192 846 γὰρ
1253 775 1386 830 οὖσα
1420 777 1669 839 δεσπότις
1706 777 1815 830 τῶν

241 854 414 907 ἄλλων
450 856 680 927 ὲθνῶνὴ
735 860 982 929 βασιλεία
1033 865 1320 934 Ῥωμαίων
1371 867 1656 937 ἐχθρωδῶς
1703 868 1815 921 δια-

248 947 504 1016 κείμενον
557 950 670 1020 ἔχει
723 955 783 1004 τὺ
815 954 1022 1018 δοῦλον,
1080 959 1175 1010 καὶ
1210 959 1430 1014 ἐπειδὰν
1466 959 1816 1030 ὲπιδράξαιτο

242 1041 458 1110 καιροῦ,
494 1043 720 1112 φέρεται
753 1045 909 1110 ἄλλος
937 1049 1157 1103 ἄλλοθεν
1185 1054 1249 1105 ὲκ
1276 1053 1379 1121 γῆς
1420 1052 1516 1106 καὶ
1543 1051 1816 1121 θαλάττης

240 1128 494 1193 ἕκαστος.
540 1133 703 1190 Ἀλλὰ
735 1139 805 1190 τὰ
855 1141 954 1208 μὲν
1002 1143 1268 1212 πρότερον
1308 1144 1504 1197 καὶτὰ
1558 1143 1660 1213 τῆς
1709 1141 1816 1212 πρὸ

238 1223 270 1289 ἡ
281 1223 398 1291 μῶν
420 1223 697 1292 βασιλείας
748 1231 1089 1300 ὲλαηφρότατα
1115 1230 1184 1305 ἦν
1215 1235 1303 1287 καὶ
1348 1234 1655 1305 κουφότερα
1679 1250 1694 1266 ·
1723 1236 1814 1288 ἐπὶ

239 1313 295 1416 δὲ
346 1316 549 1385 τούμοῦ
581 1319 788 1416 πατρὸς
810 1321 927 1390 ἅμα
955 1341 1013 1376 τε
1045 1324 1370 1396 ἐπιόεὸήκει
1414 1325 1507 1378 τοῦ
1532 1325 1812 1394 βασιλικοῦ

242 1410 510 1504 ξιρματος,
553 1410 658 1504 *καί
702 1411 863 1473 εὐθὺς
914 1413 1377 1487 ἐπισυνέρρευσεν
1430 1417 1813 1486 ἁπανταχόθεν

240 1491 458 1594 ξιέταντα
510 1491 802 1594 effert/dt.
841 1499 952 1552 Καὶ
1002 1502 1029 1554 ὁ
1080 1503 1286 1568 Κελτὸς
1341 1506 1648 1576 ἐκεκίνητο,
1717 1505 1812 1558 καὶ

239 1578 449 1686 έδείκνυ
472 1580 820 1686 τοῦδόρατ-ος
849 1589 947 1658 τὴν
976 1590 1182 1662 ἀκμήν·
1217 1597 1311 1647 καὶ
1337 1595 1365 1648 ὁ
1403 1595 1628 1667 Ἰσμαὴλ
1657 1597 1810 1662 τόξον

238 1673 488 1776 ξζιέτεινε.
509 1675 600 1776 κα).
634 1676 694 1729 τὸ
718 1679 1026 1749 Νομαδικὸν
1057 1684 1203 1738 ἆπαν
1223 1686 1376 1750 ἔθνος
1432 1689 1527 1741 καὶ
1550 1687 1813 1744 Σκυθικὸν

237 1767 390 1826 ὅλαις
441 1767 684 1835 ἀμάξαις
737 1774 1090 1844 παμμυρίαις
1147 1778 1462 1848 ὲπέΰρισεν.
1509 1781 1650 1834 Ἀλλ’
1683 1781 1812 1846 ἴσως

237 1873 340 1922 τις,
367 1859 595 1913 ἐνταῦθα
634 1863 728 1915 τοῦ
770 1865 927 1933 λόγου
982 1867 1271 1938 γενόμενος
1320 1871 1414 1925 καὶ
1471 1873 1812 1945 ἐντυγχάνων
1845 1845 1886 1898 Β

237 1954 758 2058 τιμησυγγροὶμματι,
791 1959 1192 2032 δεδεκασμένην
1238 1965 1382 2018 εἴποι
1417 1968 1482 2035 τῇ
1521 1970 1680 2036 φύσει
1713 1969 1811 2039 τὴν

237 2048 511 2149 Υξιῶσσῗν.
536 2048 697 2149 Εἰγὼ
727 2049 780 2149 δὲ
812 2052 871 2104 οὐ
921 2055 995 2122 μὰ
1047 2057 1174 2118 τοὺς
1209 2055 1303 2110 τοῦ
1360 2058 1626 2128 βασιλέως
1670 2061 1810 2132 ὑπὲρ

235 2139 336 2205 τῆς
386 2139 498 2192 τῶν
536 2139 826 2211 Ῥωμαίων
875 2147 1225 2217 εὐδαιμονίας
1267 2150 1568 2216 κινδύνους,
1621 2153 1681 2204 οὗ
1737 2153 1813 2220 μὰ

237 2230 306 2282 τὰ
349 2231 441 2284 τοῦ
487 2234 693 2304 πατρὸς
743 2237 1036 2308 ἀθλήματα
1089 2243 1185 2293 καὶ
1231 2242 1330 2306 τὰς
1380 2246 1690 2314 συμφορὰς,
1745 2241 1811 2310 ἃς

237 2322 376 2392 ὑπὲρ
399 2323 506 2376 τῶν
528 2326 872 2397 Χριστιανῶν
902 2331 1217 2395 ἐπεπόνθει,
1247 2334 1346 2387 οὐκ
1376 2334 1552 2403 ἔγωγε
1583 2336 1809 2408 χαριζο-

241 2414 375 2484 μένη
402 2415 478 2483 τῷ
502 2418 618 2487 ἐμῷ
641 2421 806 2488 πατρὶ
828 2421 896 2474 τὰ
927 2423 1150 2476 τοιαῦτα
1177 2425 1270 2476 καὶ
1305 2425 1449 2494 λέγω
1475 2428 1566 2480 καὶ
1590 2429 1808 2498 γράφω.

234 2499 313 2556 'H
348 2523 408 2568 γε
454 2507 500 2539 ⁸⁵
545 2511 639 2562 καὶ
669 2511 776 2580 ὅπη
822 2513 916 2565 τὸν
950 2515 1162 2585 πατέρα
1211 2517 1582 2586 σφαλλόμενον
1619 2520 1807 2590 ἴδοιμι,

237 2595 497 2665 ἄντικρυς
541 2602 636 2653 καὶ
685 2603 1014 2668 παραϐαίνω
1078 2607 1168 2658 τὸν
1207 2608 1374 2676 νόμον
1418 2609 1508 2661 τὸν
1557 2610 1808 2676 φυσικὸν,

235 2690 335 2739 καὶ
383 2691 481 2758 τῆς
514 2691 771 2759 ἀληθείας
816 2696 1099 2765 ὲξέχομαι,
1137 2699 1290 2767 φίλον
1339 2700 1441 2770 μὲν
1489 2703 1583 2756 καὶ
1619 2702 1810 2755 τοῦτον

234 2782 535 2853 ἡγουμένη,
600 2785 856 2855 φιλτέραν
893 2787 947 2840 δὲ
994 2787 1088 2856 τὴν
1123 2790 1382 2858 ἀλήθειαν
1417 2791 1634 2861 ἔχουσα.
1680 2793 1810 2862 Ἄμ-

234 2875 357 2941 φοῑν
385 2874 491 2942 γὰρ
547 2877 720 2928 ὄντοιν
746 2878 942 2948 φίλοιν,
978 2880 1053 2944 ὥς
1093 2881 1194 2936 πού
1228 2899 1314 2945 τις
1360 2883 1464 2952 ἔφη
1497 2883 1806 2951 φιλόσοφος.

233 2965 533 3034 κράτιστον
561 2971 841 3041 προτιμᾷν
877 2973 977 3040 τὴν
1005 2973 1286 3044 ἀλήθειαν·
1321 2973 1456 3027 ἀλλὰ
1487 2977 1597 3038 τοῖς
1625 2975 1806 3046 πράγ-

238 3076 408 3126 μασιν
432 3062 616 3124 αὑτοῖς
637 3064 1098 3129 ὲπακολουθοῢσα,
1124 3069 1218 3120 καὶ
1243 3070 1380 3140 μήτε
1403 3070 1804 3140 προστιθεμένη

1919 611 2039 666 qum
2085 596 2278 650 deinde
2339 598 2387 649 in
2441 607 2679 665 tempora
2734 599 2842 652 mei
2897 598 3070 666 patris
3129 597 3488 662 redundavit;

1917 689 2138 757 quando
2173 687 2315 742 velut
2356 689 2753 758 conspirantes,
2787 705 2813 741 a
2861 689 3228 758 septentrione
3261 688 3484 756 Scytha,

1917 780 1986 833 ab
2015 795 2210 834 occasu
2263 777 2470 842 Gallus,
2514 779 2586 834 ab
2640 788 2761 833 ortu
2819 779 3013 833 [smael
3069 779 3121 831 in
3181 778 3485 830 Romanum

1918 866 2202 937 imperium
2234 873 2404 926 coorti
2437 883 2582 936 sunt,
2612 881 2671 926 ut
2697 873 2963 925 maritima
3002 871 3218 922 interim
3247 868 3485 935 pericula

1918 964 2144 1028 sileam;
2181 964 2319 1027 illas,
2355 965 2593 1033 inquam,
2645 965 2781 1018 mari
2834 963 3238 1030 prmvalentium
3286 961 3488 1013 Barba-

1917 1070 2098 1109 rorum
2131 1057 2389 1123 piraticas
2422 1055 2845 1109 innumerabiles
2891 1070 3052 1108 nares
3097 1069 3234 1123 quas
3289 1053 3482 1119 partim

1915 1161 2070 1206 vetus
2107 1151 2500 1207 Saracenorum
2533 1153 2586 1206 in
2618 1168 2717 1208 nos
2747 1151 2929 1206 odium
2964 1160 3017 1202 et
3062 1148 3244 1203 furens
3295 1148 3370 1200 ira
3413 1145 3491 1200 fa-

1915 1245 2123 1301 bricata
2179 1254 2284 1314 est,
2335 1247 2530 1314 partim
2564 1243 2832 1299 Vetonum
2889 1244 3141 1305 avaritia,
3196 1256 3295 1294 nec
3353 1241 3489 1293 satis

1916 1352 2152 1405 unquam
2203 1337 2540 1392 dissimulata
2593 1337 2647 1392 in
2703 1335 3008 1388 Romanum
3060 1334 3341 1398 imperium
3404 1331 3486 1383 in-

1915 1431 2056 1483 vidia
2088 1431 2413 1484 construxit.
2446 1429 2709 1496 Quoniam
2768 1428 2910 1481 enim
2965 1426 3206 1479 Romana
3261 1439 3345 1475 res
3409 1423 3490 1474 in—

1914 1531 2160 1577 veterato
2185 1522 2348 1589 Ijuris
2399 1538 2499 1578 usu
2550 1521 2845 1574 dominium
2893 1521 2946 1572 in
2997 1525 3185 1586 gentes
3218 1515 3319 1567 late
3358 1513 3487 1565 reli-

1917 1631 2054 1686 quas
2079 1616 2306 1678 obtinet,
2337 1624 2528 1668 natura
2565 1613 2620 1666 [it
2649 1622 2705 1665 ut
2734 1627 2852 1666 eam
2899 1610 3001 1663 illm
3035 1621 3224 1660 omnes
3254 1603 3488 1672 obliquis

1915 1708 2107 1762 liment
2139 1706 2342 1771 oculis;
2374 1714 2425 1760 et
2460 1704 2732 1759 communi
2765 1716 2913 1756 more
2941 1716 3003 1753 ac
3026 1699 3333 1752 conditione
3374 1711 3490 1749 ser-

1915 1801 2176 1854 vientium
2206 1797 2610 1852 dominantibus
2643 1810 2861 1861 semper
2892 1790 3254 1851 infensorum,
3285 1787 3513 1851 taeitis,‘

1919 1893 1963 1949 si
1994 1892 2136 1946 aliud
2171 1899 2460 1960 nequeunt,
2497 1897 2816 1943 aversentur
2855 1887 3012 1950 odiis,
3053 1884 3095 1936 si
3140 1883 3316 1948 aliqua
3365 1891 3487 1947 spes

1918 1985 2202 2048 aﬂuiserit,
2235 1987 2277 2037 si
2312 1984 2461 2036 locus
2497 1982 2709 2050 injurize
2759 1978 3012 2048 patuerit,
3071 1975 3378 2028 facultatem
3429 1969 3482 2020 in

1915 2077 2205 2132 occasione
2237 2075 2461 2128 nocendi
2488 2073 2681 2141 cupide
2718 2071 2770 2124 in
2805 2085 2916 2124 rem
2944 2067 3264 2129 conferant;
3295 2071 3348 2115 et
3379 2074 3487 2129 qua

1916 2166 2213 2222 latrociniis
2248 2166 2535 2218 maritimis
2558 2179 2659 2232 qua
2695 2161 3049 2217 terrestribus
3081 2154 3488 2211 incursionibus

1917 2262 1970 2314 in
2014 2259 2130 2328 eius
2166 2273 2263 2327 pro
2312 2273 2368 2310 se
2411 2271 2637 2324 qumque
2688 2262 3006 2322 grassentur
3062 2248 3310 2302 exitium.
3365 2244 3488 2296 Scio

1915 2348 2169 2419 periculis
2231 2345 2533 2400 istiusmodi
2590 2341 2861 2396 exercitus
2919 2337 3086 2391 fuisse
3147 2331 3484 2401 principatum

1915 2443 2076 2495 etiam
2108 2453 2294 2493 eorum
2322 2438 2409 2505 qui
2446 2446 2568 2488 ante
2625 2442 2829 2502 patrem
2876 2443 3055 2483 meum
3109 2424 3186 2478 rei
3232 2421 3490 2478 Romanae

1915 2535 2123 2586 clavum
2146 2537 2466 2585 tenuerunt.
2489 2527 2686 2581 Verum
2713 2523 2986 2578 levissima
3011 2520 3062 2572 in
3085 2513 3488 2584 comparatione

1914 2633 2228 2676 nostrorum
2259 2619 2429 2674 fuisse
2459 2619 2569 2681 illa,
2601 2629 2653 2669 et
2680 2615 2838 2682 longe
2883 2608 3246 2664 tolerabiliora
3280 2615 3484 2655 certum

1913 2722 2018 2769 est.
2054 2712 2227 2766 Simul
2267 2709 2456 2764 autem
2513 2723 2666 2760 meus
2720 2719 2915 2774 parens
2947 2715 3108 2755 curru
3161 2695 3308 2762 regio
3359 2706 3489 2742 con-

1912 2820 2105 2860 scenso
2138 2803 2380 2858 habenas
2411 2801 2574 2869 coepit
2606 2797 2816 2867 imperii
2847 2795 3084 2853 ﬂectere,
3121 2788 3336 2842 irruuut
3362 2795 3490 2836 ecce

1912 2915 1973 2953 ac
2002 2899 2150 2951 velut
2182 2896 2309 2949 dato
2349 2893 2503 2962 signo
2558 2891 2862 2956 irrumpunt
2911 2884 3146 2953 undique
3199 2877 3358 2939 bella,
3407 2884 3492 2926 tn-

1911 2989 2137 3049 multus,
2173 2986 2312 3039 mala
2344 3000 2504 3038 omne
2541 2997 2729 3052 genus.
2766 2979 2977 3032 Etenim
3005 2983 3058 3028 et
3097 2971 3281 3026 Gallus
3311 2974 3491 3022 motus

1912 3081 2080 3134 hasta:
2111 3077 2387 3144 cuspidem
2412 3075 2649 3128 ostendit
2675 3090 2689 3136 ;
2716 3084 2768 3124 et
2797 3068 2989 3124 lsmael
3019 3081 3202 3120 areum
3237 3059 3486 3119 intendit,

359 3153 486 3172 ‘i,,,
580 3155 606 3166 θ
728 3156 741 3172 Ι
855 3158 868 3172 Ι
1054 3159 1076 3170 ο

233 3153 372 3221 παρ’
399 3154 644 3222 ἐμαυτῆς
675 3156 813 3226 μήτε
847 3158 1178 3228 ὑφαιροῦσα,
1235 3162 1301 3216 τὰ
1331 3161 1681 3230 ξυμπεσόντα
1711 3165 1807 3216 καὶ

1916 3180 1963 3224 et
2008 3159 2292 3222 nomadiea
2327 3167 2574 3219 universa
2617 3162 2940 3232 Scytharum
2976 3171 3130 3226 gens,
3176 3168 3268 3206 sua
3309 3152 3359 3202 iu
3391 3161 3489 3200 nos

230 3242 379 3309 λέγω
433 3247 528 3299 καὶ
556 3248 772 3318 γράφω.
831 3253 939 3304 Καὶ
971 3253 1202 3320 ἐγγύθεν
1235 3256 1263 3306 ὁ
1318 3255 1574 3324 ἔλεγχος·
1609 3256 1668 3308 οὐ
1705 3257 1812 3326 γὰρ

233 3337 316 3398 εἰς
345 3340 633 3408 μυριοστὸν
655 3341 774 3403 ἔτος
797 3342 983 3411 ἀνάγω
1009 3343 1070 3396 τὺ
1102 3345 1464 3415 σύγγραμμα.
1504 3347 1645 3400 Ἀλλ’
1675 3348 1812 3400 εἰσὶν

229 3427 434 3491 οἵτινες
485 3432 564 3492 είς
594 3432 691 3503 τὴν
724 3436 965 3505 τήμερον
1023 3437 1306 3506 περιόντες
1341 3439 1436 3490 καὶ
1467 3438 1558 3492 τὸν
1591 3440 1804 3510 πατέρα

227 3521 325 3573 τὸν
356 3521 487 3589 ἐμὸν
508 3524 828 3590 ἐγνωκότες,
859 3527 954 3579 καλ⁵
980 3527 1050 3579 τὰ
1077 3530 1201 3581 κατ’
1228 3529 1390 3582 αὑτὸν
1414 3531 1811 3600 ἀφηγούμενοι,

228 3612 328 3679 ἀφ’
350 3605 424 3665 ὧν
455 3614 549 3666 καὶ
571 3616 671 3668 οὐκ
702 3616 860 3685 ὀλίγα
886 3618 983 3688 τῆς
1018 3619 1264 3690 ἱστορίας
1294 3622 1544 3676 ἐνταυθοῖ
1573 3625 1814 3696 συνηρά-

227 3721 404 3767 νιστο,
435 3706 609 3760 ἄλλων
636 3708 764 3762 ἄλλο
820 3727 872 3763 τι
902 3711 1281 3781 διηγουμένων
1313 3713 1408 3767 καὶ
1444 3715 1812 3785 μεμνημένων

227 3791 308 3852 ὧν
353 3799 583 3862 ἕκαστος
617 3801 798 3871 ἔτυχε,
859 3804 954 3856 καὶ
989 3805 1208 3859 πάντων
1253 3806 1714 3874 ὁμοφωνούντων·
1745 3809 1814 3863 τὰ

235 3891 338 3960 μὲν
368 3891 475 3963 γὰρ
509 3892 679 3968 πλείω
705 3895 800 3948 καὶ
833 3895 994 3965 ἡμεῖς
1027 3897 1266 3967 συνῆμεν
1294 3899 1372 3968 τῷ
1409 3900 1576 3971 πατρὶ
1622 3903 1717 3954 καὶ
1745 3903 1810 3971 τῇ

234 3983 404 4052 μητρὶ
438 3984 824 4052 συνειπόμεθα.
853 3986 927 4038 Οὐ
949 3987 1056 4056 γὰρ
1076 3983 1144 4058 ἦν
1178 3989 1238 4041 τὸ
1268 3989 1536 4060 ἡμέτερον
1569 3990 1813 4044 τοιοῦτον

230 4073 346 4131 οἷον
379 4081 693 4151 οίκουρικὸν
729 4085 822 4136 καὶ
853 4083 957 4136 ὑπὸ
991 4085 1156 4137 σκιὰν
1187 4086 1281 4138 καὶ
1333 4088 1546 4158 τρυφὴν
1583 4088 1812 4157 στρεφό-

235 4187 420 4242 μενον·
453 4173 565 4224 ὰλλ’
597 4176 697 4243 ἐμὲ
732 4177 840 4245 γὰρ
883 4176 942 4240 ἐξ
991 4175 1169 4229 αὐτῶν
1229 4179 1557 4249 σπαργάνων
1587 4179 1811 4248 (ὄμνυμι

229 4264 322 4316 τὸν
359 4265 606 4335 ἐμαυτῆς
639 4267 772 4319 Θεὸν
804 4270 900 4322 καὶ
931 4269 1029 4338 τὴν
1087 4269 1298 4323 ἐκείνου
1334 4269 1612 4342 Μητέρα,)
1660 4273 1814 4324 πόνοι

233 4359 328 4409 καὶ
365 4357 574 4426 θλίψεις
622 4359 934 4429 παρέλαϐον
986 4362 1080 4414 καὶ
1116 4364 1399 4433 συμφοραὶ
1431 4367 1697 4432 συνεχεῖς,
1755 4365 1812 4416 ai

235 4453 336 4520 μὲν
372 4451 594 4516 ἔξωθεν,
625 4454 680 4504 αἱ
712 4444 768 4506 δὲ
791 4453 1024 4507 οἴκοθεν.
1051 4454 1132 4508 Τὰ
1163 4457 1264 4525 μὲν
1294 4456 1402 4524 γὰρ
1434 4455 1530 4509 τοῦ
1556 4457 1814 4527 σώματος

228 4545 519 4610 ὁποδαπῶς
549 4542 696 4617 εἶχον
731 4549 830 4602 οὐκ
866 4549 931 4602 ἂν
963 4549 1199 4619 εἴποιμι,
1221 4531 1531 4618 λεγέτωσαν
1559 4543 1614 4603 δὲ
1638 4549 1812 4605 ταῦτα

229 4640 279 4690 οἱ
318 4639 448 4708 περὶ
476 4638 577 4710 τὴν
603 4644 995 4705 γυναικωνῖτιν
1025 4642 1121 4694 καὶ
1153 4643 1630 4705 καταλεγέτωσανο
1663 4644 1732 4696 τὰ
1758 4644 1814 4695 δὲ

230 4731 436 4798 ἔξωθεν
468 4734 563 4785 καὶ
587 4734 688 4786 ὅσα
723 4752 811 4803 μοι
850 4734 1267 4788 συνεπεπτώκει
1299 4735 1450 4788 οὔπω
1496 4739 1586 4789 τὸν
1628 4737 1814 4804 ὄγδοον

230 4827 624 4900 ὑπερελασάσῃ
653 4827 866 4895 χρόνον,
894 4827 991 4881 καὶ
1034 4828 1195 4892 ὅσους
1222 4827 1454 4898 ἐχθροὺς
1495 4831 1528 4900 ἡ
1565 4830 1673 4883 τῶν
1716 4831 1816 4884 ἀν·

228 4917 470 4986 ορώπων
504 4935 595 4987 μοι
643 4921 807 4972 κακία
841 4920 1282 4990 παρεὸλάστησε,
1318 4921 1417 4990 τῆς
1465 4921 1815 4988 Ἰσοκράτους

227 5011 494 5079 Σειρῆνος
527 5011 722 5075 δεῖται,
747 5013 846 5080 τῆς
876 5013 1211 5084 Πινδαρικῆς
1245 5015 1689 5082 μεγαλοφωνίας,
1720 5015 1814 5068 τοῦ

226 5102 556 5171 Πολέμωνος
610 5102 821 5172 ῥοίζου,
867 5105 964 5173 τῆς
1006 5103 1309 5174 Ὁμηρικῆς
1345 5103 1686 5172 Καλλιόπης,
1720 5106 1818 5176 τῆς

227 5193 525 5261 Σαπφικῆς
557 5193 750 5263 λύρας,
785 5195 816 5264 ἦ
846 5211 992 5257 τινος
1030 5193 1199 5258 ἄλλης
1224 5193 1389 5263 παρὰ.
1419 5196 1624 5256 ταύτας
1653 5195 1815 5246 δυνά-

227 5302 402 5354 μεως.
424 5287 594 5340 Οὐδὲν
623 5289 732 5356 γάρ
760 5290 876 5341 ὲστι
904 5288 1012 5340 τῶν
1035 5287 1228 5341 δεινῶν
1259 5288 1320 5340 οὐ
1355 5287 1576 5356 μικρὸν,
1600 5286 1660 5338 οὐ
1688 5288 1812 5354 μεῖ-

220 5379 342 5439 ζον,
376 5377 477 5430 οὐκ
508 5377 763 5445 ἐγγύθεν,
801 5379 858 5430 οὗ
895 5378 1250 5450 πορρωτέρω,
1277 5377 1305 5430 ὃ
1351 5376 1429 5449 μὴ
1461 5376 1624 5439 εὐθὺς
1671 5376 1806 5429 ἐπέ-

219 5470 387 5538 ὄρισε
423 5469 547 5523 καθ’
613 5469 789 5540 ἡμῶν·
847 5471 938 5523 καὶ
991 5471 1124 5540 δῆτα
1165 5470 1262 5523 καὶ
1295 5469 1567 5540 ὑπερέσχε
1617 5467 1810 5538 σαφῶς

215 5564 282 5614 τὸ
337 5561 659 5615 κλυδώνιον·
695 5563 789 5616 καὶ
839 5563 1026 5616 ἔκτοτε
1061 5565 1154 5617 καὶ
1203 5564 1367 5634 μέχρι
1410 5562 1507 5615 τοῦ
1558 5561 1677 5628 νῦν,
1713 5561 1809 5614 καὶ

1918 3260 2007 3314 illa
2044 3260 2282 3328 plaustra
2310 3257 2489 3310 omnia
2539 3250 2952 3307 innumerabilia
2981 3245 3237 3299 devolvit.
3279 3241 3490 3294 Priene-

1917 3351 2160 3420 cupanda
2195 3348 2322 3401 mihi
2358 3347 2459 3400 hoc
2486 3347 2602 3399 loco
2631 3340 2984 3408 est-suspicio
3033 3335 3251 3389 lectoris
3295 3332 3487 3399 npina-

1918 3446 2019 3500 turi
2047 3445 2183 3498 forte
2215 3443 2341 3496 dum
2381 3441 2495 3493 haec
2533 3436 2673 3505 leget
2715 3433 2779 3486 ad
2825 3429 3052 3499 gratiam
3099 3425 3337 3480 scribere
3379 3433 3488 3485 me,

1916 3549 1970 3594 et
2002 3539 2237 3607 linguam
2274 3531 2396 3585 filia:
2429 3538 2536 3582 tam
2579 3525 2753 3593 ampla
2802 3523 2868 3575 de
2910 3529 3061 3588 patre
3110 3511 3487 3575 inemorautis,

1917 3631 2050 3686 nihil
2089 3627 2191 3683 nisi
2244 3622 2470 3678 naturali
2523 3618 2727 3674 servire
2773 3613 3024 3669 eharitati
3073 3610 3188 3665 sine
3241 3615 3486 3676 respectu

1915 3723 2184 3780 veritatis.
2218 3717 2335 3771 Non
2363 3715 2435 3768 ita
2463 3723 2574 3776 est;
2605 3726 2732 3771 non,
2765 3723 2858 3776 per
2893 3705 3009 3758 illas
3041 3704 3187 3768 ipsas
3213 3709 3486 3752 aerumnas

1916 3813 2273 3884 periculorum
2307 3821 2441 3876 quas
2473 3818 2568 3872 pro
2594 3800 2857 3855 felicitate
2884 3796 3141 3848 Romana:
3175 3789 3488 3858 reipublica:

1915 3904 2114 3978 pacisci
2145 3913 2418 3968 nunquam
2452 3893 2723 3949 recusavit
2751 3892 3021 3960 Augustus
3062 3900 3210 3937 meus
3256 3895 3484 3950 parens;

1916 4014 2045 4060 non,
2077 4009 2172 4064 per
2202 3992 2440 4061 ejusdem
2476 3995 2549 4040 tot
2601 3984 2686 4038 illa
2724 3982 3044 4040 certamina,
3095 3977 3216 4030 illas
3267 3971 3490 4027 calami-

1919 4102 2076 4152 tates,
2108 4100 2244 4156 quas
2293 4097 2389 4152 pro
2439 4076 2760 4133 Christianis
2799 4075 2962 4128 subiit
2991 4079 3169 4138 ,‘atque
3202 4078 3491 4137 perpessus

1916 4189 2030 4242 est;
2063 4190 2188 4238 nun,
2252 4173 2497 4240 inquam,
2551 4183 2654 4218 non
2704 4165 2819 4217 Iure
2865 4178 2963 4230 ego
3012 4159 3322 4230 gratiﬁcans
3372 4168 3490 4208 meo

1916 4253 2056 4340 patri
2090 4269 2281 4335 loquor
2314 4270 2405 4314 aut
2432 4259 2631 4314 scribo.
2662 4256 2801 4322 Quin
2838 4254 3013 4323 potius
3043 4250 3217 4305 sicubi
3270 4245 3493 4301 halluci-

1916 4371 2101 4416 natum
2148 4369 2360 4410 errasse
2409 4362 2611 4422 patrem
2655 4349 2832 4412 video,
2896 4362 2998 4398 non
3047 4341 3352 4406 dissimulo,
3387 4354 3491 4392 nou

1918 4468 2112 4524 parco;
2167 4465 2267 4503 nec
2324 4448 2554 4515 migrare
2619 4453 2823 4496 naturae
2873 4439 3045 4507 legem
3097 4436 3301 4494 dubito,
3364 4433 3488 4484 dum

1920 4557 2099 4618 partes
2133 4542 2329 4613 impleo
2362 4539 2516 4593 oliicii
2549 4537 2806 4604 suscepti.
2842 4531 3063 4586 Veritati
3118 4529 3368 4582 nimirum
3401 4524 3490 4577 uui

1916 4642 2116 4700 haereo,
2165 4650 2326 4689 unatn
2376 4632 2545 4685 miror
2601 4640 2929 4696 sequorque,
2995 4632 3106 4676 tota
3166 4637 3232 4675 ex
3283 4633 3388 4672 una
3429 4631 3489 4668 ea

1914 4733 2121 4800 pendeo
2147 4726 2380 4798 {Amicus
2408 4722 2594 4790 utique
2617 4727 2897 4787 estpater,
2925 4725 2976 4769 at
3013 4713 3239 4766 amicior
3264 4711 3491 4774 veritas;

1916 4839 2042 4877 nam
2077 4822 2127 4874 in
2170 4817 2420 4874 conﬂictu
2451 4813 2763 4875 aﬂectuum,
2793 4818 3224 4878 quantaecunque
3257 4801 3492 4856 necessi-

1921 4914 2092 4969 tudini
2118 4909 2485 4979 comparanda
2539 4905 2740 4964 veniat,
2789 4901 2872 4953 fas
2922 4912 3138 4966 semper
3169 4906 3492 4961 aequumque

1920 5019 2003 5062 est
2035 5005 2328 5076 prmvalere
2359 4998 2709 5070 praferrique
2744 4991 3051 5050 veritatem,
3092 4995 3150 5040 ut
3199 4994 3346 5038 recte
3394 4983 3491 5035 ali-

1920 5100 2042 5170 quis
2069 5094 2420 5166 philosOphus
2470 5087 2672 5142 docuit.
2701 5085 2816 5136 Hac
2858 5097 2956 5148 ego
2991 5093 3184 5133 norma
3231 5077 3488 5145 scriptio-

1921 5209 2040 5246 neni
2090 5205 2238 5258 rego,
2295 5197 2475 5238 rerum
2521 5179 2741 5248 vestigia
2791 5186 3060 5245 gestarum
3113 5173 3164 5226 in
3215 5169 3488 5224 narrando

1917 5297 2150 5350 sequens
2183 5298 2196 5333 :
2235 5275 2370 5332 nihil
2405 5273 2619 5344 ingenio
2648 5279 2861 5337 meOpte
2900 5269 3128 5336 ﬁngens.
3179 5264 3315 5318 nihil
3361 5263 3485 5317 odio

1914 5373 2159 5427 studiove
2181 5370 2383 5422 addens
2402 5375 2495 5419 aut
2515 5362 2864 5418 subtrahens.
2891 5360 3018 5425 Quae
3038 5371 3166 5412 vere
3189 5356 3484 5424 contigere,

1919 5481 2024 5520 non
2059 5477 2178 5530 qua:
2206 5459 2330 5528 tingi
2359 5467 2580 5527 potuere
2614 5453 2895 5509 commode
2925 5451 3027 5505 mei
3073 5451 3208 5502 duco
3241 5448 3485 5502 muneris

1919 5555 2062 5626 loqui
2089 5565 2142 5609 et
2169 5553 2445 5612 scribere;
2496 5548 2563 5602 ah
2591 5548 2694 5602 hac
2725 5547 2827 5601 fide
2879 5548 2922 5599 si
2976 5541 3191 5606 deﬁcio,
3221 5536 3387 5610 446
3425 5539 3482 5593 in

1252 5720 1451 5782 Varize
1485 5719 1791 5783 lectiones
1826 5736 1904 5781 ex
1941 5715 2082 5778 cod.
2147 5709 2424 5774 Coislin.

269 5851 318 5883 ⁸⁸
338 5851 385 5904 εἰ
409 5848 491 5904 δέ..
