3992 6278
228 340 367 402 1089

1418 343 1829 400 ALEXIADIS
1867 344 2010 404 LIB.
2059 345 2211 403 XIV.

3332 339 3470 408 1090

218 452 368 517 τρεῖς
423 448 662 518 βασιλεῖς
733 451 1032 521 θρηνοῦσα,
1084 452 1174 505 τὸν
1237 453 1451 521 πατέρα
1495 455 1588 506 καὶ
1637 466 1770 506 auro

1902 465 2072 508 ιιιιιιιιι
2105 457 2498 509 commeabant.
2536 455 2765 508 Maxime
2794 463 2998 516 autent,
3033 469 3095 508 ac
3144 470 3238 522 per
3266 470 3324 508 se
3381 472 3474 510 eo-

219 543 468 608 κρὸτορα
501 542 595 593 καὶ
625 543 723 608 τὴν
767 542 904 610 ἐμὴν
971 544 1225 596 δεσπότιν
1288 547 1382 597 καὶ
1450 546 1661 614 μητέρα
1704 549 1796 598 καὶ

220 629 494 699 βασιλίδα,
523 632 616 682 καὶ
661 632 750 683 τὸν
797 633 948 699 ἐμὸν,
997 635 1176 701 οἴμοιῐ
1225 635 1456 703 σύζυγον
1504 639 1785 705 Καίσαρα,

217 721 539 786 ἐγγωνιὰζω
568 721 632 773 τά
685 722 872 784 πολλὰ,
907 723 1001 774 καὶ
1059 723 1282 792 βιϐλίοις
1324 727 1420 776 καὶ
1468 725 1584 793 Θεῴ
1631 743 1798 793 προσο

218 813 538 880 ανὰκειμαι,
564 814 654 863 καὶ
708 814 829 865 οὐδὲ
873 816 984 874 τοῖς
1016 816 1408 884 ἀφανεστέροις
1443 815 1657 876 ἐξέσται
1687 815 1796 867 τῶν

220 901 530 968 ἀνθρώπων
554 901 680 971 παρ’
711 903 855 970 ἡμᾶς
887 905 1098 972 φοιτᾷν,
1131 903 1204 972 μὴ
1233 906 1317 955 ὅτι
1353 921 1416 970 γε
1448 905 1514 956 δι’
1550 900 1622 955 ὧν
1656 922 1794 971 μαν-

221 992 403 1044 θάνειν
429 994 674 1062 εἴχομεν,
701 994 845 1062 ἆπερ
878 994 1010 1062 παρ’
1036 993 1213 1046 ἄλλων
1239 995 1602 1062 διακηκοότες
1638 997 1797 1060 ἐτυγ-

223 1101 410 1153 χανον,
442 1085 671 1146 καὶτοῖς
721 1083 816 1135 τοῦ
847 1086 1056 1154 πατρὶς
1083 1087 1461 1148 οἰκειοτάτοις.
1499 1085 1594 1148 Εἰς
1637 1105 1796 1155 τρια-

226 1177 416 1228 κοστὸν
436 1178 541 1247 γὰρ
570 1177 726 1230 τοῦτο
748 1177 886 1242 ἔτος,
908 1179 981 1247 μὰ
998 1177 1096 1240 τὰς
1119 1179 1225 1229 τῶν
1251 1180 1684 1246 μακαριωτάτων
1701 1179 1795 1229 αύ-

223 1269 574 1338 τοκρατόρων
626 1269 828 1339 ψυχὰς,
858 1271 959 1322 οὐκ
993 1271 1327 1338 ἐθεασάμην,
1357 1271 1455 1322 οὐκ
1484 1266 1640 1334 εἶδον,
1697 1271 1795 1339 οὐχ

220 1359 522 1430 ὡμιλήκειν
549 1361 822 1433 ἀνθρώπῳ
853 1363 1111 1433 πατρῴῳ,
1147 1365 1305 1416 τοῦτο
1366 1364 1464 1433 μὲν
1498 1365 1604 1414 τῶν
1669 1365 1796 1415 πελ-

220 1449 327 1502 λῶν
381 1455 830 1523 ἁπερρυηκότων,
878 1456 1034 1508 τοῦτο
1067 1458 1123 1508 δὲ
1191 1456 1299 1508 τῶν
1343 1455 1550 1508 πολλῶν
1603 1459 1795 1524 ἀπειρ-

223 1542 471 1610 γομένων
525 1545 601 1614 τῷ
631 1545 808 1614 φόϐῳ·
862 1550 956 1599 καὶ
981 1548 1024 1578 ⁸⁸
1076 1547 1284 1610 τούτοις
1341 1549 1449 1616 γὰρ
1489 1550 1634 1616 ἡμᾶς
1664 1565 1794 1598 κατ-

219 1631 475 1686 εδίκασαν
543 1637 592 1687 οἱ
652 1637 984 1706 κρατοῦντες
1029 1640 1142 1700 τοῖς
1229 1641 1597 1707 ἀτοπήμασι,
1660 1639 1793 1709 μηδὲ

221 1717 448 1784 θεατοὺς
477 1717 638 1788 εἶναι,
667 1725 784 1776 ἀλλ’
813 1727 1222 1794 ἐστυγημένους
1268 1730 1378 1788 τοῖς
1415 1727 1682 1780 πλείοσιν.

1903 560 2040 608 ram,
2069 562 2188 612 qua:
2219 548 2462 598 viderant
2495 555 2902 613 gesserantque,
2953 560 3015 596 ac
3064 559 3291 610 quorum
3349 560 3471 613 pars

1901 652 2088 703 magna
2120 636 2352 702 fuerant,
2383 637 2580 704 sazpius
2609 637 2786 688 audivi
2821 645 3202 699 memorantes,
3238 637 3471 704 imper..-

1901 737 2066 779 torem
2103 729 2280 796 ipsum
2311 738 2364 782 et
2392 728 2680 794 Georgium
2713 728 3088 796 Palmologum.
3135 728 3302 780 Porro
3351 746 3467 795 quae

1899 821 2018 872 aliis
2043 837 2072 873 e
2101 822 2326 875 testibus
2355 823 2588 890 comperi
2615 837 2795 874 eorum
2830 822 3084 888 pleraque
3117 837 3177 872 ac
3201 823 3466 888 prazcipua

1899 912 2344 980 qna-queeollegi
2404 915 2697 980 imperante
2744 913 2834 965 illo
2889 914 2977 975 qui
3037 911 3223 964 tertius
3274 928 3300 962 a
3353 927 3470 963 meo

1900 1012 2049 1068 patre
2111 1002 2410 1054 Romanam
2475 1019 2585 1056 rem
2645 1003 2963 1069 gubernavit.
3010 1018 3164 1066 :qno
3223 999 3469 1053 videlicet

1899 1102 2142 1160 tempore
2185 1095 2362 1146 omnis
2395 1095 2628 1147 adulatio
2667 1103 2719 1146 et.
2765 1093 2928 1144 libido
2959 1092 3320 1144 adulterandae
3358 1104 3451 1141 ve-

1896 1185 2068 1236 rita:is
2095 1184 2146 1235 in
2173 1185 2393 1250 gratiam
2423 1183 2681 1252 principis
2709 1183 2905 1235 dudum
2945 1182 3139 1234 mortui
3172 1181 3326 1249 plane
3349 1180 3460 1248 jam

1895 1274 2229 1328 deﬂuxerat:
2258 1277 2581 1341 intentisque
2617 1285 2673 1326 ut
2706 1276 2762 1326 fit
2786 1273 2955 1327 oculis
2986 1275 3287 1340 spebttsque
3322 1287 3457 1324 cun-

1895 1375 2103 1419 ctorum
2153 1367 2204 1419 in
2239 1378 2484 1433 nepotem
2533 1368 2679 1435 regio
2727 1377 2838 1418 tum
2901 1366 3234 1418 insistentem
3289 1365 3464 1426 solio,

1898 1456 2076 1509 nullus
2112 1457 2162 1508 in
2203 1456 2362 1510 ullius
2419 1457 2602 1509 animo
2643 1466 2921 1524 supererat
2962 1467 3134 1510 metus
3165 1463 3254 1507 aut
3286 1470 3468 1523 respe-

1895 1556 2019 1600 ctus
2049 1548 2241 1600 anxius
2280 1548 2362 1600 avi
2396 1549 2597 1616 pridem
2625 1547 2902 1610 exstincti,
2935 1547 3028 1600 sed
3065 1545 3204 1598 nuda
3258 1555 3465 1598 tantum

1896 1651 1958 1688 ac
2007 1639 2235 1704 simplex
2291 1639 2593 1703 nulliusque
2648 1646 2896 1704 suSpecta
2960 1635 3065 1688 furi
3124 1637 3465 1698 recordatio;

1897 1729 2244 1796 narratioque
2275 1744 2340 1781 ex
2376 1746 2436 1782 ea
2467 1727 2636 1782 fluens
2668 1727 3006 1780 auctmitatis
3047 1726 3220 1794 plena,
3278 1743 3360 1778 res
3392 1725 3466 1777 uti

222 1826 279 1863 se
313 1814 607 1870 habuerant
635 1820 804 1886 prisca
841 1821 941 1872 fide
973 1830 1388 1887 reprmseiitaiiis.
1430 1823 1780 1874 Abundabam
1822 1837 1922 1888 ego
1952 1833 2127 1875 autem
2161 1825 2272 1876 otio
2323 1826 2388 1876 ad
2436 1825 2573 1877 banc
2646 1823 3120 1889 interrogationem
3193 1822 3464 1873 srnioruni

223 1907 454 1960 militum
493 1925 650 1976 quam
699 1913 1066 1967 curiosissime
1144 1913 1516 1967 factitantlam.
1583 1913 1852 1979 Quoniam
1885 1917 1939 1970 in
1969 1918 2330 1968 domesticum
2363 1932 2444 1968 me
2479 1917 2959 1970 secessnm'luctus
2996 1915 3270 1982 multiplex
3313 1915 3469 1967 abdi-

221 1998 370 2052 derat
427 2002 638 2070 plenam
689 2005 855 2058 cladis
889 2017 943 2059 et
977 2007 1368 2071 c:tl:llllil'.tltlm;
1403 2016 1456 2059 et
1505 2022 1626 2059 cum
1677 2007 1779 2058 alia
1819 2008 1978 2072 mala,
2008 2019 2116 2061 tum
2151 2011 2309 2061 trium
2344 2009 2499 2078 longe
2522 2009 2926 2063 carissimorum
2988 2007 3219 2074 capitum
3290 2008 3469 2076 jactu-

227 2107 340 2144 ram
378 2095 780 2149 acerbissimam
842 2098 1057 2152 assidua
1127 2098 1509 2151 lamentatione
1568 2110 2019 2166 prosequentem;
2064 2102 2230 2168 patris
2265 2117 2452 2168 nempe
2482 2103 2841 2169 imperatoris,
2873 2101 3060 2153 matris
3094 2115 3307 2168 quoque
3360 2101 3466 2151 Au-

220 2197 414 2256 guslaa,
467 2200 736 2256 postremo
786 2190 1112 2254 cliarissimi,
1163 2193 1262 2244 heu
1310 2193 1475 2244 mihi!
1534 2194 1775 2260 conjugis
1807 2191 2061 2247 Caes-aris.
2098 2195 2313 2263 Triplex
2349 2210 2432 2246 me
2460 2196 2548 2248 hic
2581 2195 2753 2247 luctus
2820 2205 2967 2247 arcet
3037 2193 3273 2260 publico,
3319 2193 3472 2244 dam-

223 2287 314 2331 nat
344 2281 597 2342 tenebris,
630 2281 711 2352 sui
745 2281 932 2335 solatia
979 2296 1216 2350 quaerere
1238 2283 1288 2335 in
1315 2283 1466 2337 libris
1498 2293 1549 2337 et
1576 2283 1628 2336 in
1659 2285 2047 2340 consuetudine
2090 2301 2210 2338 cum
2255 2284 2364 2338 Deo
2400 2285 2569 2353 jubet.
2632 2284 2934 2351 Obsequor,
2981 2284 3143 2347 lateo,
3225 2295 3468 2336 nmstam

221 2384 273 2425 ct
308 2374 604 2428 solitariam
640 2377 687 2428 in
717 2375 925 2442 angulis
954 2376 1131 2430 studio
1161 2376 1457 2429 litterarum
1481 2387 1534 2428 et
1567 2377 1838 2444 religionis
1871 2381 2030 2430 vitam
2069 2379 2348 2445 impendo,
2421 2387 2526 2429 tam
2615 2393 2800 2431 severa
2854 2376 3239 2444 colloquiorum
3321 2375 3467 2442 fuga,

221 2475 278 2518 ιιι
315 2465 512 2518 nemini
545 2467 719 2532 plane,
747 2483 811 2521 ne
829 2469 1072 2522 obscurae
1092 2469 1302 2534 quidem
1336 2467 1516 2528 sortis,
1543 2483 1604 2519 ae
1633 2478 1789 2522 sectae
1834 2469 2064 2521 latebras
2093 2468 2367 2537 professae,
2397 2470 2695 2538 ingressum
2729 2470 2794 2520 ad
2831 2484 2913 2521 me
2973 2467 3175 2520 homini
3247 2470 3468 2534 permit-

215 2566 332 2609 tam
355 2573 368 2608 :
395 2559 444 2609 ni
467 2559 494 2610 .i
525 2559 569 2612 si
601 2562 688 2626 qui
717 2569 839 2610 sunt
863 2575 892 2612 a
923 2558 1114 2625 quibus
1137 2574 1220 2611 me
1245 2574 1457 2626 sperem
1479 2558 1663 2612 audire
1686 2574 1893 2626 possem
1935 2559 2135 2627 aliquid
2156 2560 2218 2612 de
2248 2560 2408 2612 rebus
2439 2575 2571 2626 quas
2600 2558 2830 2611 meditor
2860 2558 3030 2612 Alexii
3062 2558 3302 2628 Augusti,
3329 2567 3468 2624 quod

216 2649 288 2698 ah
320 2647 524 2699 idoneis
581 2650 677 2715 ipsi
721 2650 1027 2702 auctoribus
1069 2649 1401 2716 acceperint.
1453 2647 1528 2700 Ac
1583 2664 1647 2700 ne
1714 2649 1797 2702 eni
1845 2664 2009 2716 genus
2071 2649 2256 2700 horum
2285 2649 2524 2718 ,testium
2561 2656 2866 2715 suspectum
2920 2651 3054 2701 forte
3131 2650 3234 2708 sit,
3287 2654 3471 2700 sancte

222 2742 479 2804 protiteor
518 2760 530 2794 :
567 2743 766 2795 nullum
799 2759 824 2795 ιι
865 2759 946 2796 ine
980 2743 1271 2796 admissum
1308 2742 1448 2794 inter
1475 2740 1595 2793 illos
1647 2755 1677 2793 e
1733 2757 1956 2794 numero
2002 2741 2418 2794 domesticorum
2483 2740 2826 2803 famulorum,
2879 2740 3134 2795 clientum
3206 2750 3296 2791 aut
3364 2739 3471 2790 alio

221 2837 439 2885 nomine
486 2834 846 2887 studiosorum
911 2835 1078 2903 patris
1126 2835 1250 2889 mei.
1301 2833 1430 2888 Juro
1489 2833 1630 2886 enim
1691 2848 1785 2900 per
1825 2833 2256 2886 beatissimorum
2289 2835 2668 2902 imperatorum
2702 2831 2908 2883 animas
2943 2831 3210 2884 neminem
3284 2848 3310 2883 a
3388 2847 3472 2883 nt».

220 2937 388 2974 unum
431 2922 546 2988 ejus
590 2925 804 2991 genetis
854 2927 975 2977 totis
1042 2925 1190 2978 hisce
1258 2923 1368 2990 jam
1423 2924 1579 2976 annis
1629 2921 1841 2990 triginta
1885 2925 2078 2986 visum,
2107 2934 2490 2992 conspectum,
2526 2922 2590 2976 ad
2626 2923 2950 2991 colloquium
3015 2923 3307 2976 adhibitum
3342 2941 3355 2976 :
3393 2925 3472 2978 vel

215 3017 360 3082 quod
397 3015 636 3083 plerique
691 3017 879 3068 horum
937 3026 1128 3079 tnorte,
1181 3016 1628 3083 peregrinatione,
1683 3023 1776 3066 aut
1827 3014 1984 3069 simili
2018 3030 2146 3067 casu
2176 3014 2424 3081 quopiam
2493 3015 2652 3066 variae
2699 3014 2929 3068 fortunae
2960 2998 3159 3082 "longe
3214 3015 3336 3068 hinc
3387 3009 3473 3066 iii-

220 3106 356 3174 lapsi
386 3108 659 3175 abreptive
703 3122 857 3173 sunt;
886 3108 965 3160 vel
995 3107 1134 3176 quod
1199 3123 1383 3160 eorum
1455 3108 1652 3160 multos
1696 3122 1724 3158 a
1773 3121 1856 3158 me
1895 3106 2137 3158 adeunda
2178 3105 2512 3160 inaleteriori
2551 3119 2667 3156 mea
2697 3115 2842 3158 sorte
2898 3112 3070 3156 metus
3110 3107 3325 3173 quidam
3376 3107 3473 3158 de-

217 3205 427 3250 terreat
461 3213 474 3249 :
507 3199 644 3262 quod
674 3198 784 3264 qui,
808 3208 863 3249 ut
891 3199 1178 3250 suutvices
1212 3213 1386 3249 rerum
1421 3198 1783 3250 humanarum
1853 3197 2028 3258 nobis,
2073 3196 2230 3248 hodie
2262 3195 2526 3249 submotis
2565 3193 2853 3260 plurimum
2926 3208 3166 3260 possunt,
3206 3212 3310 3248 iam
3378 3201 3474 3253 ab-

216 3289 400 3348 surdis
437 3287 773 3354 uosjudieiis
803 3299 1054 3341 notarunt
1081 3327 1094 3352 ,
1124 3301 1180 3340 ιιι
1213 3292 1369 3356 μιλιιυὶ
1403 3288 1656 3342 visendos
1701 3297 1792 3340 aut
1831 3289 2070 3357 alloquio
2126 3289 2459 3355 dignandos;
2529 3287 2769 3356 plerique
2850 3286 3078 3354 publicis
3144 3295 3471 3346 aversaudos

214 3389 358 3445 odiis
389 3385 720 3438 existiment.

295 3487 364 3536 Ἀ
396 3483 452 3534 δὲ
481 3480 813 3547 συνειλόχειν
844 3477 941 3545 τῆς
986 3477 1252 3546 ἱστορίας,
1280 3477 1412 3528 ἵστω
1440 3475 1592 3538 Θεὸς,
1653 3475 1787 3526 ἴστω

1963 3474 2237 3526 Hactenus
2274 3469 2341 3524 de
2370 3469 2582 3522 illorum
2619 3467 2722 3521 fide
2749 3483 2974 3536 quorum
3011 3470 3208 3522 auditis
3237 3485 3339 3538 ego
3387 3487 3472 3525 re-

219 3582 255 3648 ἠ
289 3576 662 3645 ὕπερκόσμιος
694 3573 892 3640 Μήτηρ
943 3569 1107 3622 αὑτοῦ
1159 3571 1314 3637 καὶὴ
1364 3570 1472 3639 ἐμὴ
1532 3571 1794 3630 Δεσπότις

214 3671 326 3725 ἀπό
360 3685 523 3719 τινων
550 3663 920 3729 συνελεξάμην
957 3661 1405 3730 ξυγγραμμάτων
1437 3661 1672 3730 ἀχρείων
1701 3660 1794 3710 καὶ

215 3765 285 3816 ἁσ
301 3760 510 3814 πουδῶν
529 3758 863 3814 παντάπασι.
894 3753 988 3806 καὶ
1010 3753 1280 3820 γερόντων
1303 3753 1398 3804 ἀνθ
1407 3750 1605 3821 ρώπων
1631 3767 1796 3818 στρα-

213 3851 580 3919 τευσαμένων
634 3849 755 3901 κατ’
813 3848 988 3898 ἐκεῖνο
1051 3843 1270 3912 καιροῦ,
1326 3843 1447 3895 καθ’
1501 3843 1560 3896 ὃν
1627 3843 1794 3911 οὑμὸς

219 3945 406 4013 πατὴρ
456 3959 562 3994 των
618 3941 914 4010 σκήπτρων
952 3935 1241 4004 Ῥωμαίων
1274 3936 1594 4004 ἐπείληπτο,
1657 3951 1794 4002 χρη-

219 4038 480 4104 σαμένων
534 4033 591 4084 δὲ
637 4031 946 4100 συμφοραῖς
1009 4029 1104 4080 καὶ
1169 4026 1794 4094 μετασχηματισθέντων

219 4128 329 4180 ἀπὸ
353 4125 453 4192 τῆς
491 4122 760 4190 κοσμικῆς
780 4119 983 4188 τύρϐης
1013 4117 1123 4184 (Si)
1167 4117 1244 4178 si;
1283 4114 1378 4182 τὴν
1408 4115 1516 4167 τῶν
1547 4114 1794 4183 μοναχῶν

219 4215 551 4286 γαληνιαίαν
609 4213 966 4265 κατάστασιν.
992 4209 1071 4261 Τὰ
1140 4207 1248 4277 γὰρ
1270 4211 1348 4269 εἰς
1397 4209 1589 4276 χεῖρας
1654 4204 1791 4273 ἐμὰς

221 4306 542 4378 ἐμπεσόντα
583 4304 996 4370 συγγράμματα
1055 4300 1203 4351 ἁπλᾶ
1232 4299 1330 4368 μὲν
1361 4295 1501 4369 ἦσαν
1532 4297 1627 4366 τὴν
1653 4297 1795 4364 φρά-

220 4419 304 4453 σιν
337 4403 435 4452 καὶ
487 4396 795 4464 ἁπερίεργα
842 4394 937 4444 καὶ
987 4393 1084 4459 τῆς
1137 4391 1393 4460 ἀληθείας
1428 4390 1660 4458 ἐχόμενα
1699 4389 1794 4440 καὶ

215 4493 370 4545 οὐδέν
397 4508 451 4542 τι
478 4487 686 4557 κομψὸν
720 4485 1152 4551 ὲπιδεδειγμένα,
1185 4484 1304 4535 οὐδὲ
1331 4483 1615 4554 ῥητορικὸν
1633 4482 1793 4547 ὄγκον

216 4582 621 4651 ἐπισυρόμεναι,
653 4580 720 4630 τὰ
785 4579 841 4629 δὲ
885 4576 1037 4644 παρὰ
1071 4574 1180 4626 τῶν
1227 4574 1565 4643 γεραιτέρων
1614 4573 1795 4640 ἐκδιη-

215 4679 508 4749 γούμενα’
569 4674 668 4742 τῆς
729 4671 898 4740 αὐτῆς
955 4665 1096 4739 ἦσαν
1161 4670 1252 4720 καὶ
1309 4667 1508 4732 λέξεως
1562 4668 1794 4719 καὶδια-

218 4773 373 4832 νοίας
410 4768 522 4820 τῶν
559 4763 1008 4832 συγγραμμάτων
1047 4759 1302 4827 ἐχόμενα,
1361 4763 1454 4810 καὶ
1486 4759 1796 4828 ἐτεκμηρά-

220 4881 330 4933 μην
361 4861 418 4924 ἐξ
452 4857 629 4910 αὐτῶν
668 4855 765 4922 τὴν
793 4854 891 4920 τῆς
937 4850 1175 4918 ἱστορίας
1208 4851 1488 4919 ἀλήθειαν,
1549 4849 1794 4919 συμϐάλ-

215 4954 390 5004 λουσα
439 4947 536 4999 καὶ
583 4942 1029 5008 παρεξετά-ζουσα
1073 4941 1140 4990 τὰ
1182 4938 1312 5008 παρ’
1349 4939 1594 5008 ἐμαυτῆς
1658 4941 1796 4991 ἱστο-

218 5045 461 5114 ρούμενα
496 5038 629 5106 πρὸς
645 5037 714 5087 τὰ
750 5037 877 5104 παρ’
907 5033 1130 5084 ἐκείνων
1162 5031 1426 5098 λεγόμενα
1466 5031 1559 5083 καὶ
1582 5032 1795 5099 τὰπαρ’

217 5135 448 5186 ἐκείνων
483 5131 618 5198 πρὸς
652 5126 718 5179 τὰ
746 5124 871 5192 παρ’
895 5123 1156 5189 ἐμαυτῆς,
1183 5121 1325 5189 ἆπερ
1367 5121 1502 5187 αὐτὴ
1539 5119 1598 5182 ἐξ
1630 5117 1793 5170 αὐτοῦ

218 5247 278 5281 τε
330 5225 536 5293 τούμοῦ
592 5221 792 5291 πατρὸς
831 5217 1050 5270 καὶτῶν
1085 5215 1214 5283 πρὸς
1247 5213 1452 5282 πατρὸς
1480 5211 1570 5263 καὶ
1591 5210 1794 5278 μητρὸς

1899 3564 2188 3617 latiouibns
2213 3563 2276 3614 ad
2323 3561 2480 3629 hujus
2529 3561 2970 3628 compositionem
3024 3559 3270 3615 lliSlOl‘l-B
3338 3579 3468 3631 pro-

1899 3655 2023 3711 feci.
2048 3656 2182 3720 Quia
2210 3670 2334 3708 vero
2359 3653 2613 3707 nonnulla
2651 3656 2810 3706 etiam
2837 3653 2902 3704 de
2927 3663 3243 3721 argumento
3273 3660 3460 3708 eodem

1897 3749 2094 3811 scripta
2133 3757 2475 3800 monumenta
2519 3747 2569 3798 in
2622 3760 2767 3798 meas
2824 3760 3012 3796 manus
3060 3755 3460 3812 pervenerunt,

1898 3838 2092 3904 quibus
2127 3852 2209 3888 me
2241 3836 2477 3903 adjntam
2511 3835 2559 3886 in
2595 3834 2696 3886 huc
2722 3848 2884 3901 opere
2909 3830 3104 3896 fateor,
3132 3849 3472 3901 quorumque

1899 3928 2017 3980 ideo
2057 3937 2314 3993 pra95tare
2352 3926 2504 3977 fidem
2543 3940 2716 3976 n.eum
2767 3934 2882 3986 est,
2919 3925 3082 3976 Deum
3121 3935 3289 3976 testor
3337 3939 3470 3977 con-

1896 4019 2089 4075 scium;
2120 4028 2287 4070 testor
2319 4019 2444 4070 item
2483 4017 2678 4068 mundo
2703 4017 3040 4084 superiorem
3090 4015 3180 4068 Dei
3229 4016 3466 4080 ejusdem

1898 4109 2117 4163 Matrem
2149 4125 2213 4162 ac
2245 4125 2414 4162 meam
2447 4108 2746 4169 Dominam,
2776 4108 2940 4160 fuisse
2965 4108 3086 4160 illos
3121 4107 3469 4160 Commenta-

1900 4203 2009 4255 rios
2034 4203 2246 4270 egregie
2281 4201 2564 4266 insignitos
2617 4200 2756 4252 notis
2800 4201 3055 4252 omnibus
3087 4198 3254 4269 448
3288 4202 3468 4252 ineor-

1899 4303 2070 4357 rnpta:
2099 4306 2175 4342 vei
2194 4291 2342 4342 italis
2365 4290 2590 4358 :quippe
2618 4288 2888 4353 incompta
2913 4289 3260 4355 simplicuate
3287 4290 3466 4349 rudes,

1898 4379 2366 4446 snspieiouemque
2416 4379 2549 4430 artis
2595 4394 2658 4428 ae.
2709 4376 2812 4430 fuci
2862 4380 2968 4430 situ
3007 4385 3234 4443 quodam
3292 4379 3470 4445 prisco

1898 4470 2212 4524 refutantes.
2246 4469 2472 4522 Prorsus
2503 4467 2868 4534 ejusmodiqni
2891 4479 3079 4521 exacte
3107 4481 3468 4535 congruerent

1899 4562 2138 4614 moribus
2180 4573 2484 4624 auctorum,
2518 4577 2546 4614 a
2579 4561 2970 4614 consuetudine
3003 4561 3255 4614 adulandi
3288 4569 3340 4613 et
3369 4576 3469 4612 usu

1898 4663 2150 4719 sectaque
2190 4652 2501 4705 ambitionis
2533 4652 2724 4704 aulica:
2768 4652 3173 4705 remotissimis.
3219 4651 3471 4719 Scripse-

1903 4753 2021 4796 rant
2057 4759 2151 4797 eos
2181 4743 2429 4797 videlicet
2459 4743 2559 4796 viri
2612 4754 2736 4796 natu
2771 4747 3024 4811 grandes,
3063 4753 3220 4796 aetate
3251 4757 3314 4794 ac
3346 4742 3474 4793 reli-

1827 4813 1868 4868 c
1903 4835 2060 4901 gione
2091 4836 2306 4900 maturi,
2335 4835 2424 4902 qui
2458 4835 2627 4903 patris
2653 4833 2780 4887 olim
2820 4835 2920 4886 mei
2955 4834 3126 4885 secuti
3185 4831 3430 4882 militiam
3459 4870 3474 4890 ,

1904 4926 2095 4978 deinde
2126 4927 2195 4980 ob
2227 4942 2384 4979 casus
2415 4929 2666 4978 adversos
2697 4926 2818 4977 vitae
2849 4923 3084 4990 pertaesi,
3121 4921 3171 4971 in
3209 4919 3474 4970 monasti-

1905 5031 1981 5068 ραι
2014 5019 2208 5084 quietis
2241 5027 2449 5085 portum
2482 5031 2510 5068 e
2538 5014 2715 5067 smculi
2755 5012 3004 5064 ﬂuctibus
3034 5025 3092 5062 se
3137 5018 3472 5072 receperant.

1905 5104 2070 5170 Cujus
2098 5109 2236 5159 sacri
2266 5108 2360 5157 otii
2391 5120 2511 5157 eum
2563 5113 2768 5170 partem
2809 5103 3176 5154 decrevissent
3221 5097 3466 5148 conferre

1911 5194 2142 5262 aliquant
2176 5198 2238 5246 ad
2270 5193 2572 5246 mandanda
2601 5208 2660 5246 ea
2691 5192 2881 5245 litteris
2912 5207 3030 5260 qua:
3055 5187 3315 5244 memoria
3346 5201 3470 5255 sng-

1248 5305 1442 5364 Varim
1470 5302 1774 5362 lectiones
1824 5319 1901 5364 ex
1932 5307 2072 5368 cod.
2102 5306 2370 5366 Cois-lin.

289 5427 333 5456 ’“
362 5423 515 5493 φόῆῳ
537 5420 622 5470 διὰ
655 5416 752 5488 τὴν
799 5415 905 5467 τῶν
937 5412 1278 5484 πραγμάτων
1309 5409 1628 5478 παλίρροιαν
1665 5421 1678 5435 ⁸
1719 5405 1831 5459 καί.

1293 5526 1427 5585 Car.
1461 5520 1786 5584 Dufresnii
1823 5522 1915 5578 Du
1947 5517 2166 5595 Cangii
2217 5523 2402 5576 nota).

291 5662 404 5726 (5-4)
439 5653 751 5724 Κοσμικῆς
786 5652 1030 5726 τύρϐηςΑ
1069 5646 1354 5726 Siecularis
1381 5646 1780 5726 lt‘ll'lllll.mlfc.‘_il-

214 5718 524 5788 caeci-mc.
557 5718 659 5779 ius.
702 5718 768 5776 ex
825 5723 950 5775 bibl.
995 5718 1156 5786 ιιι-ε..
1217 5719 1337 5772 cod.
1397 5719 1538 5772 asa;
1579 5718 1788 5785 rem,

1891 5643 2275 5710 ἁττόλαυσις,ἣ
2309 5641 2560 5712 θόρυϐος,
2591 5640 2843 5709 τάραξις.
2874 5641 3175 5712 llesyrltius
3202 5659 3215 5694 :
3255 5638 3469 5706 Ύανία,

1899 5714 2098 5784 τύρϐη,
2137 5715 2307 5783 μάχη,
2343 5711 2522 5781 ὓῦρις,
2557 5712 2860 5780 ἀγερωχία.
