3992 6278
243 356 376 418 1τ193

1465 365 1879 426 ALEXIADIS
1918 367 2066 430 LIB.
2101 368 2259 428 XIV.

3349 373 3488 441 1094

240 470 355 521 τότε
385 470 448 538 δὴ
487 469 578 522 καὶ
633 473 956 539 γυμνασίοις
1007 472 1198 525 ἑαυτὸν
1251 474 1518 541 ἐπεδίδου,
1563 477 1657 530 καὶ¹
1698 480 1808 542 τοῖς

1916 494 2036 534 sese
2095 480 2377 534 oblectans
2428 494 2492 534 ae
2552 481 2802 537 reﬁciens
2857 483 3152 538 interdum.
3204 482 3490 540 Studiosus

237 561 555 628 ίππὰσμασι
612 563 705 614 καὶ
740 565 862 628 ταῖς
909 565 1096 629 ἄλλαις
1127 567 1388 630 παιδιαῖς,
1445 570 1813 639 παράγγελμα

240 651 392 703 τοῦτο
422 653 603 706 λαϐὼν
634 656 692 720 ἐξ
722 658 974 726 ἰατρικῆς
1003 660 1336 727 ἐπιστήμης,
1408 659 1494 712 ἵνα
1525 663 1642 721 ταῖς
1676 679 1802 712 συν-

235 745 423 812 εχέσιν
466 747 762 810 ἱππασίαις
827 748 1137 818 διαφοροῖτό
1185 768 1236 802 τι
1276 752 1372 819 τῆς
1400 751 1814 824 καταρῤεούσης

1924 586 2063 625 unus
2090 581 2282 640 praeter
2315 581 2537 626 caeteros
2562 577 2804 643 corporis
2828 575 3143 638 douiitandi,
3179 577 3491 645 subigendi-

1923 677 2026 730 que
2069 663 2211 716 velut
2263 663 2414 717 freno
2454 667 2685 730 quodam
2738 669 3093 735 phiIoSOphiae
3138 669 3202 720 ad
3246 669 3492 736 quemvis

1925 770 2079 807 usum
2123 755 2283 809 oliicii
2319 757 2451 808 varii
2481 774 2573 826 per
2604 761 2914 813 occasiones
2946 761 3178 812 incertas
3207 761 3331 812 vitm.
3359 760 3496 813 mul-

1924 847 2125 912 tiplicis
2161 850 2465 900 occursuri.
2503 849 2824 918 Plerumque
2867 852 2956 904 ille
2987 852 3206 918 quidem
3242 851 3322 902 sui
3361 859 3493 902 tern-

1919 939 2065 1003 poris
2092 939 2398 1006 viriumque
2429 952 2632 1007 partem
2671 943 3015 1007 impendebat
3051 942 3362 1002 laboribus;
3410 956 3494 993 rc-

1916 1028 2090 1094 ceptui
2120 1036 2298 1080 tamen
2331 1045 2520 1082 rursus
2537 1045 2658 1082 cum
2685 1043 2800 1082 erat
2829 1047 3056 1084 necesse
3078 1049 3180 1083 non
3209 1034 3491 1083 immemor

240 1113 417 1165 πόνων
468 1116 564 1167 καὶ
630 1119 896 1186 καμάτων
947 1118 1089 1189 ὑπὲρ
1138 1119 1241 1189 τῆς
1313 1119 1604 1189 Ῥωμαίων
1652 1121 1808 1190 δόξης

1917 1135 2135 1181 canere,
2166 1136 2287 1174 sese
2315 1121 2426 1172 otio
2459 1122 2739 1176 refovebat
2773 1124 3181 1191 letnpestivo;at
3211 1123 3490 1180 negotioso

234 1203 536 1260 ἐσπάσατο.
1915 1212 2105 1264 eodem
2139 1212 2409 1278 utilique;
2439 1227 2559 1265 nam
2594 1214 2840 1266 remissio
2865 1216 2911 1266 ei
2948 1216 3166 1282 fatigato
3192 1213 3488 1277 laboribus,

235 1299 386 1356 labor
419 1313 536 1356 erat
569 1306 862 1369 secundus;
900 1321 1092 1372 nempe
1125 1306 1284 1360 lectio
1329 1307 1591 1359 libroruin
1617 1348 1630 1369 ,
1684 1308 2029 1376 studiumque
2053 1318 2105 1361 et
2133 1320 2380 1361 accurata
2453 1311 2740 1376 exquisitio
2801 1311 3085 1375 dot'trinze,
3150 1310 3399 1377 illiusque
3463 1326 3490 1361 a

233 1391 450 1448 Christo
483 1395 715 1464 impositi
761 1397 1066 1452 observatio
1115 1399 1404 1464 prteeepti,
1449 1397 1774 1451 Scrutamiui
1845 1400 2133 1463 scripturas
2167 1399 2204 1450 ¹.
2238 1395 2424 1451 Tertio
2451 1401 2643 1454 deinde
2703 1401 2818 1452 loco
2872 1400 3195 1454 succedebat
3255 1403 3491 1466 venatio,

235 1483 365 1552 pila,
391 1485 472 1538 vel
496 1487 778 1542 domitatio
797 1503 1081 1558 equorum.
1110 1488 1205 1542 llic
1224 1490 1372 1545 orbis
1399 1491 1808 1558 occupationum
1834 1501 1951 1545 erat
1984 1492 2084 1543 tnei
2120 1492 2305 1560 pam's,
2344 1509 2370 1543 a
2419 1491 2703 1557 jnventute
2767 1494 3044 1546 institutus
3135 1496 3303 1561 pruna
3331 1509 3344 1557 ;
3397 1494 3486 1547 hic

233 1577 369 1632 ordo
400 1580 796 1645 pulcherrimus
831 1581 1165 1649 impermista
1217 1583 1562 1636 distinctione
1614 1598 1904 1638 recurrens
1995 1584 2063 1636 ab
2121 1585 2790 1654 occupatione:praecipua
2837 1586 2900 1636 ad
2974 1585 3069 1639 has
3145 1586 3368 1639 alteram
3439 1599 3492 1642 et

232 1668 448 1722 tertiam
483 1670 532 1722 in
557 1672 962 1726 subsecivorum
987 1682 1290 1740 temporum
1315 1673 1469 1740 quasi
1495 1672 1607 1725 loca
1638 1687 1805 1726 vacua
1847 1674 2186 1740 descriptas;
2227 1675 2486 1743 pulchris,
2527 1686 2579 1727 et
2615 1685 2739 1744 apto
2773 1686 3026 1729 contextu
3090 1677 3224 1730 mire
3285 1688 3491 1745 tempe-

232 1765 364 1816 ratis
395 1766 604 1819 vicibus
633 1767 881 1821 utilitatis
909 1767 1276 1823 multiformis.
1350 1768 1441 1822 Sic
1509 1769 1666 1831 vixit,
1699 1771 1875 1837 quoad
1920 1771 2111 1837 pedmn
2162 1771 2400 1834 morbus,
2442 1772 2585 1824 velut
2615 1773 2868 1839 obliquus
2919 1789 3178 1841 serpens,
3226 1790 3386 1829 crura
3440 1778 3488 1831 ei

229 1873 371 1911 nexu
407 1858 556 1910 vario
605 1858 858 1928 impedita
907 1862 1335 1928 comprehendit,
1374 1863 1523 1932 juxta
1561 1861 1691 1915 illud
1742 1863 1795 1915 in
1873 1862 2255 1917 maledictione
2327 1865 2596 1928 serpentis
2666 1866 2928 1932 scriptum
2959 1907 2973 1930 ,
3031 1868 3286 1918 mordens
3367 1868 3481 1920 eal-

227 1970 455 2009 caneum
515 1954 652 2023 ejus.
714 1955 846 2008 Cum
900 1957 1042 2010 enim
1097 1957 1373 2026 corripere
1457 1956 1604 2010 illum
1657 1957 1842 2026 empit,
1918 1969 2078 2025 atque
2109 1958 2438 2011 invalescere
2469 1958 2846 2013 inclementius
2875 1960 2954 2012 vis
2986 1974 3123 2012 saava
3158 1960 3312 2014 istius
3343 1962 3493 2029 tnali,

226 2064 450 2106 coactus
484 2063 568 2106 est.
604 2051 888 2120 praeceptis
918 2051 1272 2115 medicorum,
1316 2062 1370 2105 et
1420 2051 1532 2118 ipsa
1594 2052 1802 2105 ratione
1837 2051 2078 2105 scientiae
2125 2053 2260 2116 ejus.
2301 2067 2407 2103 non
2447 2052 2624 2121 ignota
2667 2053 2766 2105 sibi
2793 2092 2807 2114 ,
2861 2051 3140 2106 effundere
3210 2069 3329 2108 sese
3401 2057 3488 2109 in-

225 2145 536 2212 dulgentius
570 2146 618 2195 iit
656 2143 996 2198 remissiones
1026 2155 1080 2198 et
1151 2143 1561 2198 exercitationes
1599 2146 1864 2210 corporis,
1906 2144 2288 2212 equitatioues,
2319 2145 2672 2198 excursiones
2701 2144 2957 2208 ludicras,
2990 2147 3032 2199 si
3063 2145 3204 2199 forte
3247 2147 3497 2212 jactatio-

224 2237 389 2288 uihus
437 2235 554 2288 istis
611 2245 795 2303 posset
853 2235 1174 2290 residentem
1218 2235 1540 2299 humorem,
1596 2235 1798 2288 doloris
1838 2249 2080 2298 causam,
2116 2237 2388 2290 resolvere
2427 2251 2488 2289 ac
2529 2237 2794 2304 digerere.
2831 2236 2965 2300 Quia
3024 2239 3192 2300 enim,
3261 2249 3319 2292 ut
3382 2239 3495 2296 dixi

223 2334 495 2400 superius,
519 2330 864 2384 contentione
895 2330 1136 2398 improba
1164 2330 1282 2384 sine
1348 2331 1508 2382 modo
1567 2332 1879 2383 continuata
1920 2331 2171 2383 laborum
2232 2346 2329 2399 pro
2371 2328 2596 2383 Romani
2642 2332 2875 2385 nominis
2926 2333 3092 2402 gloria
3122 2347 3493 2403 susceptorum

223 2440 344 2476 eam
405 2434 556 2493 pater
606 2443 756 2480 meus
803 2427 902 2480 sibi
959 2427 1334 2493 aegritudinem
1389 2426 1754 2480 accersiverat
1783 2467 1797 2490 ,
1838 2441 2057 2479 causam
2092 2427 2323 2480 habebat
2356 2429 2608 2495 sperandi
2659 2426 2774 2480 fore
2859 2437 2915 2480 ut
2963 2444 3026 2482 ea
3068 2431 3370 2496 levaretur,
3448 2447 3494 2498 si

222 2525 552 2575 contrariam
590 2523 898 2576 institueret
928 2524 1049 2576 vitae
1085 2525 1372 2584 rationem,
1408 2521 1866 2586 remissionesque
1900 2521 2196 2588 impensius
2228 2528 2551 2575 sectaretur.

347 2615 368 2632 ν
649 2631 676 2642 _
786 2608 812 2628 τ
1153 2614 1164 2628 σ
1429 2613 1446 2630 ς

299 2621 465 2667 Uvam
495 2615 737 2676 ἐνιαυτὸς
759 2631 836 2675 εις
892 2614 1278 2683 παρεληλυοει,
1314 2615 1408 2666 καὶ
1432 2613 1808 2682 λογοποιουμέ-

1993 2611 2236 2666 Nondum
2257 2627 2432 2666 annus
2451 2620 2502 2666 in
2530 2614 2632 2667 hac
2651 2615 2697 2668 ei
2718 2615 2897 2683 quiete
2912 2629 3030 2668 sese
3052 2631 3187 2668 unus
3199 2619 3494 2676 evolverat:

238 835 393 906 ὕλης,
449 840 544 891 καὶ
597 840 690 893 τοῦ
747 840 1127 911 ἐπιῦρίθοντος
1217 841 1418 911 βάρους
1475 844 1811 910 κουφίζοιτο.

237 930 410 982 Τοῦτο
427 931 535 1001 γὰρ
565 932 625 983 τὸ
656 933 826 996 πάθος
849 935 876 986 ὁ
901 936 1028 1003 spe;
1054 938 1259 1002 πατὴρ,
1289 937 1538 1004 καθάπερ
1571 938 1816 1006 εἰρήκειν

235 1021 462 1087 ἄνωθεν,
496 1025 598 1076 οὐκ
626 1025 683 1090 ἐξ
708 1025 899 1096 ἐτέρας
935 1027 1115 1090 αἰτίας
1146 1027 1365 1091 ἔξωθεν,
1392 1028 1492 1081 ἀλλ
1515 1029 1528 1047 ’
1572 1029 1678 1081 ἀπὸ
1705 1029 1814 1080 τῶν

222 2725 337 2758 νων
383 2707 430 2738 ⁹⁹
468 2705 723 2775 ἀκηκοὼς
765 2705 921 2769 αὖθις
953 2709 1084 2777 περὶ
1133 2707 1244 2759 τῶν
1277 2706 1545 2776 Κομάνων
1575 2707 1661 2759 διὰ
1715 2705 1808 2758 τοῦ

228 2803 459 2868 Ἴστρου
525 2799 950 2869 διαπεραίωσιν,
1012 2798 1205 2866 ὀγδόης
1267 2799 1369 2869 ἤδη
1427 2799 1811 2868 ὲπινεμήσεως

221 2889 344 2960 (56i
405 2889 807 2958 ὲφισταμένης,
865 2891 1174 2958 ἀρχομένου
1235 2887 1602 2958 φθινοπώρου,
1670 2888 1811 2941 κατὰ

226 2984 378 3052 μῆνα
420 2982 748 3051 Νοέμὸριον,
781 2981 949 3046 ἔξεισι
977 2981 1077 3049 τῆς
1107 2979 1381 3049 βασιλίδος
1410 2981 1519 3032 τῶν
1563 2981 1798 3044 πόλεων,

220 3077 322 3128 καὶ
355 3075 453 3136 τὰς
486 3075 748 3143 δυνάμεις
779 3074 1000 3135 ἁπάσας
1048 3075 1130 3143 (ιι)
1163 3073 1663 3143 μεταπεμψάμενος
1709 3091 1809 3124 κα-

221 3165 480 3234 τατίοησι
504 3165 728 3228 τούτους
763 3167 840 3228 εἰς
889 3182 947 3216 τε
969 3164 1396 3217 Φιλιππούπολιν
1449 3165 1546 3217 καὶ
1590 3166 1672 3227 είς
1719 3165 1810 3216 τὸν

217 3261 522 3328 λεγόμενον
553 3258 818 3328 Περιτζὸν
848 3257 939 3311 καὶ
965 3257 1321 3328 Τριὰδιτζαν,
1347 3259 1440 3310 καὶ
1470 3258 1549 3318 εἰς
1575 3256 1636 3307 τὸ
1667 3256 1811 3324 οέμσ.

217 3351 318 3405 τοῦ
347 3351 595 3422 Νήσου⁹¹,
627 3354 786 3422 μέχρι
815 3352 905 3403 καὶ
934 3351 1032 3420 τῆς
1055 3350 1360 3420 παρίστρας
1388 3347 1812 3417 Βουρανιτζόὸης

222 3443 367 3512 (5'7),
401 3443 711 3512 ἐπισκήψας
735 3440 936 3507 πολλήν
967 3458 1023 3492 τε
1074 3442 1201 3510 περὶ
1241 3439 1368 3502 τοὺς
1400 3440 1603 3501 ἵππους
1632 3439 1810 3492 αὐτῶν

221 3531 604 3584 ἐνδείκνυσθαι
629 3531 975 3600 ἐπιμέλειαν,
1009 3530 1149 3584 ὥστε
1181 3532 1370 3592 πίονας
1415 3531 1708 3599 γεγονότας
1754 3532 1810 3584 ἐν

218 3622 410 3694 καιρῷ
446 3624 625 3694 μάχης
651 3623 915 3677 δύνασθαι
939 3625 1122 3694 φέρειν
1145 3625 1272 3686 τοὺς
1295 3623 1585 3686 ἐπιϐάτας.
1636 3623 1810 3686 Αὐτὸς

215 3717 313 3781 δὲ,
351 3718 493 3769 κατὰ
531 3717 627 3785 τὴν
655 3719 1082 3772 Φιλιππούπολιν
1107 3717 1217 3788 (58)
1239 3717 1617 3788 ἐνδιατρίϐων.
1647 3717 1807 3779 Πόλις

218 3809 286 3863 δὲ
314 3807 456 3879 αὕτη
495 3811 623 3879 περὶ
650 3810 749 3880 τὴν
781 3813 880 3880 τῆς
914 3809 1140 3881 Θρᾴκης
1167 3809 1483 3878 μεσόγειαν.
1535 3804 1709 3876 Εὖρος
1741 3811 1807 3877 τῇ

220 3903 383 3955 πόλει
422 3904 704 3973 παραρρεῖ
735 3903 870 3971 πρδς
906 3901 1108 3973 βορρᾶν
1134 3901 1336 3971 ἄνεμον
1385 3902 1636 3954 πνέοντα.
1697 3901 1811 3952 Ῥεῖ

1915 2722 2036 2758 eum
2076 2721 2202 2760 ecce
2235 2706 2382 2758 illum
2417 2708 2616 2760 excitat
2663 2707 2806 2760 fama
2863 2723 3050 2760 rursus
3081 2711 3496 2775 pert-relieseens

1917 2812 2065 2849 nova:
2129 2797 2448 2866 irruptionis
2527 2797 2887 2852 Comauorum
2961 2798 3062 2852 sub
3134 2800 3344 2854 initium
3397 2819 3495 2856 att-

1917 2891 2108 2953 ttunni,
2139 2891 2376 2945 instante
2400 2900 2492 2945 aut
2521 2891 2736 2946 ineume
2763 2893 3056 2947 iudieiione
3085 2905 3274 2946 octava
3301 2899 3491 2949 Istrum

1915 2983 2166 3047 trajicere
2226 2984 2562 3055 parantium.
2626 2984 2790 3039 Parat
2844 2994 3034 3038 contra
3092 2988 3494 3053 expeditionem

1917 3076 2060 3128 illico
2117 3075 2414 3144 Augustus,
2469 3085 2525 3127 et
2557 3090 2743 3130 mense
2775 3075 3064 3130 Novembri
3129 3079 3494 3143 proﬁciscitur

1913 3181 1977 3218 ex
2020 3165 2150 3219 urbe
2218 3167 2360 3234 regia
2391 3208 2406 3231 ,
2465 3169 2866 3234 accersitasque
2911 3168 3264 3236 undecunque
3312 3173 3494 3232 copias

1919 3255 2192 3310 Romanas
2217 3258 2496 3310 universas
2532 3257 2700 3311 certis
2755 3257 2806 3308 in
2861 3258 3186 3310 stationibus
3220 3274 3315 3327 per
3341 3262 3488 3313 illum

1915 3348 2142 3402 limitem
2171 3351 2425 3420 dispenit,
2472 3350 2608 3403 alias
2651 3349 3004 3419 l’ltilippopoli
3041 3351 3331 3416 coll0cans,
3361 3353 3494 3407 alias

1912 3437 2185 3493 Peritzum
2241 3451 2296 3494 et
2345 3440 2678 3498 Triaditzam
2721 3441 2862 3508 (loco
2913 3441 2991 3494 sic
3042 3442 3205 3512 dicta)
3242 3446 3492 3498 obtinere

1908 3531 2103 3598 juhcns
2134 3548 2148 3596 ;
2182 3533 2306 3586 aliis
2341 3533 2544 3588 Thema
2574 3532 2714 3602 quod
2765 3531 2893 3586 Nesi
2953 3532 3154 3588 dicitur
3182 3537 3493 3588 custodien—

1913 3623 2040 3677 duni
2070 3626 2370 3679 attribuens
2415 3640 2584 3693 usque
2622 3625 2690 3680 ad
2727 3623 3148 3678 Burauitzobam
3181 3626 3490 3692 contiguam

1914 3713 2050 3771 Istro
2118 3718 2304 3771 urbem
2350 3733 2414 3771 ac
2462 3719 2761 3786 regionem.
2824 3718 3081 3772 Militibus
3137 3718 3214 3771 sic
3269 3718 3322 3771 in
3375 3719 3489 3771 loca

1914 3809 2196 3862 commoda
2268 3809 2573 3864 distributis
2628 3811 2797 3864 edixit
2864 3809 3132 3864 universis
3197 3809 3495 3878 imperator

1913 3913 2101 3953 curam
2127 3909 2695 3968 equorum‘gererent,
2731 3901 3032 3966 darentque
3064 3915 3305 3968 operam,
3329 3899 3494 3971 450

224 3994 337 4064 μὲν
363 3992 474 4062 γὰρ
517 3985 672 4055 οὗτος
705 3993 814 4046 ἀπὸ
844 3993 953 4045 τῶν
987 3995 1240 4062 περάτων
1279 3992 1458 4045 αὐτῶν
1484 3991 1585 4060 τῆς
1626 3990 1806 4044 Ῥοδό-

1916 4000 1971 4045 υι
2011 3990 2046 4044 ii
2107 3992 2334 4059 pingues
2370 3999 2425 4044 et
2457 3991 2666 4045 robusti
2715 3992 2851 4046 satis
2877 4000 3082 4055 essent,
3118 3993 3183 4044 ad
3239 3993 3493 4046 ferendos

221 4103 363 4156 πης,
412 4087 507 4139 καὶ
548 4085 752 4147 πολλὰς
813 4085 1142 4156 ποιούμενος
1185 4085 1373 4148 ἕλικας
1422 4086 1516 4138 καὶ
1551 4085 1803 4155 καμπὰς,

222 4178 574 4248 παραμείϐει
604 4196 662 4230 τε
690 4177 790 4248 τὴν
834 4176 1140 4248 Ἀδριανοῦ,
1180 4176 1390 4229 πολλῶν
1419 4177 1514 4229 καὶ
1539 4176 1716 4229 ἄλλων
1747 4179 1804 4238 ὲς

220 4268 392 4323 ταυτδ
453 4269 721 4338 ποταμῶν
783 4267 1330 4338 συνεμῦεϐληκὸτων,
1387 4266 1482 4320 καὶ
1538 4267 1673 4336 περὶ
1707 4265 1806 4337 τὴν

221 4357 388 4414 Αἶνον
413 4362 571 4412 πόλιν
606 4360 886 4413 ἐκδίδωσιν
913 4363 993 4418 εἰς
1039 4360 1138 4431 τὴν
1187 4358 1487 4411 θάλασσαν.
1537 4357 1802 4412 Φίλιππον

220 4456 280 4508 δὲ
312 4456 444 4507 ὅταν
471 4455 632 4516 εἴπω,
653 4455 712 4505 οὐ
747 4453 839 4505 τὸν
861 4450 1150 4505 Μακεδόνα
1181 4450 1326 4519 λέγω
1362 4453 1454 4503 τὸν
1479 4451 1572 4504 τοῦ
1603 4450 1809 4520 Ἀμύν-

221 4565 321 4600 sca
379 4547 645 4618 (νεωτέρα
675 4546 782 4615 γὰρ
829 4546 861 4616 ὴ
907 4544 1065 4607 πόλις
1113 4542 1208 4597 τοῦ
1252 4542 1520 4596 Φιλίππου
1563 4545 1804 4616 τούτου),

305 4731 320 4761 ¹
357 4728 514 4782 Joan.
549 4741 602 4789 v,
631 4725 720 4780 39.

302 4935 349 4965 9°
395 4923 886 4996 λογοποιουμένην.
975 4921 1018 4951 ⁹²
1053 4917 1248 4972 Νίσου.

1913 4081 2002 4136 die
2035 4096 2224 4150 pugna:
2259 4082 2564 4136 deeretorio
2593 4080 2844 4136 dominos
2867 4091 3138 4138 armatos.
3161 4082 3280 4150 Ipse
3307 4082 3492 4152 Augu-

1916 4185 2032 4230 stus
2058 4177 2431 4231 commorandi
2465 4177 2647 4231 sedem
2684 4177 2785 4231 sibi
2820 4175 3239 4247 Philippopolim
3276 4177 3490 4242 delegit.

1916 4263 2013 4319 Est
2056 4280 2116 4319 ea
2172 4265 2364 4319 civitas
2414 4265 2466 4319 in
2495 4267 2912 4320 mediterraneis
2964 4265 3230 4320 Thraciae.
3281 4263 3494 4319 Heln-us

1915 4371 2034 4410 eam
2070 4356 2272 4411 ﬂumen
2311 4358 2467 4412 alluit
2496 4375 2524 4411 a
2563 4359 2934 4426 septentrione
2983 4357 3172 4412 ﬂuens.
3222 4358 3272 4410 is
3319 4358 3494 4411 amnis

1917 4460 2070 4503 ortus
2108 4451 2175 4503 ah
2230 4452 2492 4504 extremis
2554 4449 2843 4519 Rhodopes
2898 4451 3117 4516 ﬁnibus,
3171 4450 3257 4502 tibi
3313 4449 3495 4501 multis

1916 4559 2037 4598 sese
2055 4541 2278 4598 ﬂexibus
2299 4544 2541 4600 sinuosis
2561 4545 2877 4615 obliquavit,
2904 4545 3013 4600 obit
3041 4543 3264 4598 Adriani
3284 4542 3493 4607 urbem,

1316 4816 1518 4878 Variae
1570 4816 1874 4881 lectiones
1905 4839 1982 4882 ex
2016 4822 2151 4885 cod.
2193 4823 2466 4886 Coislin.

1269 5008 1405 5068 Car.
1442 5005 1764 5066 Dul'resnii
1794 5008 1889 5067 Du
1925 5010 2145 5088 Cangii
2185 5020 2370 5073 mitte.

303 5129 419 5195 (56)
457 5124 710 5193 Ὀγδόης
739 5116 1171 5195 ἐπινεμήσεως.
1201 5112 1447 5195 _Al'exius
1504 5110 1802 5195 bellumnin

1916 5115 2088 5177 Anna,
2123 5117 2250 5166 dum
2312 5113 2507 5190 scribit
2555 5109 3311 5195 Philippopolim._Kp_1;vi6§§
3360 5110 3488 5188 olim

223 5177 502 5253 Coinaiios
533 5177 750 5261 psit-aiis,
781 5206 844 5242 ex
874 5177 1003 5241 urbe
1029 5177 1394 5261 tit'oiiciscitttr
1449 5196 1635 5261 incuso
1692 5177 1804 5232 No~

225 5249 411 5322 νζ-[ιῖιυ.
451 5249 580 5317 indit
604 5275 640 5316 t.
675 5249 882 5322 8.'ume
913 5249 1058 5310 cadit
1091 5258 1140 5307 iu
1179 5271 1268 5305 an.
1301 5249 1629 5322 Chad-lit.

306 5339 419 5406 (57)
482 5319 971 5406 βουριινιτζόὸης,
1006 5327 1184 5406 Malim
1222 5319 1584 5406 Βρανιζόξξης,
1606 5319 1805 5406 dequa

231 5391 367 5461 tit-he
403 5391 467 5457 ad
503 5391 698 5455 Istrum
735 5401 835 5453 sita
872 5391 971 5452 non
1007 5395 1174 5450 semel
1217 5391 1380 5461 agunt
1421 5391 1720 5442 Cinnamus
1761 5395 1813 5438 ct

229 5480 1206 5614 Νιῖἕέςῗδ’Φιλιππούπο.1ις-ζβπεεοιη
1254 5532 1454 5614 habent
1509 5528 1809 5614 gedrenus,

229 5599 501 5680 Zo‘tiaras,
560 5625 614 5665 et
668 5612 783 5664 Joel
844 5611 898 5660 in
931 5599 1232 5674 'Philippo.
1287 5601 1392 5654 Sed
1444 5599 1809 5654 ltalluciuatur

291 5817 363 5884 (α)
388 5818 480 5868 llic
501 5813 667 5864 deficit
691 5811 846 5861 codex
872 5805 1240 5860 Florentianus.

1917 5197 2197 5240 vovatazn;
2265 5185 2315 5235 id
2374 5183 2516 5232 enini
2575 5182 2828 5234 convenit
2895 5179 3182 5246 Philippis,
3244 5179 3489 5232 Thraciae

1914 5258 2137 5318 perinde
2172 5254 2390 5317 oppidi),
2431 5251 2517 5302 cui
2551 5251 2600 5302 id
2639 5250 2872 5301 nominis
2907 5251 3132 5300 littlitttiii
3166 5264 3194 5298 a
3252 5249 3489 5302 fontibus

1912 5324 2004 5387 qui
2041 5323 2179 5371 circa
2209 5322 2420 5381 collem,
2456 5320 2541 5371 cui
2600 5319 2982 5372 itta'dilicaltitti
3007 5329 3108 5378 εει,
3145 5320 3476 5387 Scalttriutit,

1917 5385 1989 5440 uti
2026 5391 2224 5440 diserte
2277 5392 2496 5441 tradunt
2550 5387 2848 5456 Appitnus,
2886 5390 2978 5441 lib.
3025 5387 3197 5456 tv__l)e
3229 5385 3362 5456 bello
3409 5388 3488 5437 ci-

1913 5457 2047 5521 uili;
2101 5458 2364 5510 Diodorus
2419 5457 2590 5512 Sicul.
2649 5469 2700 5512 et
2756 5459 3005 5512 l’lethou.

1915 5525 2178 5582 thlltard.
2219 5545 2271 5582 ti.
2298 5527 2424 5581 258.
2977 5555 2980 5559 ’

3074 5453 3207 5510 Vide
3257 5455 3380 5509 Net.
3419 5457 3484 5509 ad
3571 5482 3575 5488 ν
