3992 6278
166 366 290 431 1097

1382 358 1792 425 ALEXIADIS
1823 366 1969 424 LIB.
2012 360 2167 425 XIV.

3265 361 3400 424 l't‘lllS

165 479 344 548 ἀρχῶν
403 477 866 545 ἐπισκεψάμενον.
912 476 972 527 Ei
1020 477 1111 529 καὶ
1163 477 1194 544 ἡ
1247 478 1517 547 μοναρχία
1559 478 1730 545 τούτῳ

1842 476 2065 545 falsique
2100 479 2256 546 plane
2280 491 2343 532 ac
2374 476 2551 530 deli‘rii
2593 477 3030 531 convinceu'tiutn
3066 477 3398 548 scriptorum

162 573 236 632 εἰς
271 572 370 640 τὴν
413 568 766 638 Πλατωνικὴν
809 569 1029 638 ἐνάδαῆ
1067 570 1158 621 καὶ
1217 567 1275 619 τὺ
1309 567 1367 618 ἐν
1409 568 1538 630 τοὺς
1589 569 1722 621 ἀνα-

162 659 523 728 γινώσκοντας
562 658 860 724 ἀναγκάζει
909 659 1198 726 συνάγειν’
1263 660 1421 729 ἡμεῖς
1467 657 1573 727 γὰρ
1626 675 1722 726 μου

161 751 386 820 ναρχίαν
438 753 689 820 τιμῶμεν
713 768 724 783 ·
760 751 882 820 οὐχί
926 750 986 802 ἓν
1021 751 1314 819 πρόσωπον
1365 750 1721 818 περιγράφει.

162 844 293 896 Οὐδὲ
325 843 384 895 τὸ
421 843 478 896 ἓν
529 843 592 894 τὸ
639 842 926 904 Πλάτωνος
972 841 1018 872 ⁵⁸
1069 838 1490 910 προσηκάμεθα,
1533 838 1727 890 Τουτιῒ

158 939 217 988 τὲ
261 935 394 1005 παρ’
448 936 708 1002 Ἕλλησιν
757 935 1037 1007 ἄρρητον,
1090 935 1184 987 και)⁸
1241 933 1368 1001 περὶ
1427 930 1726 993 Χαλδαίους

162 1028 472 1098 ἀπόρρητον
495 1043 510 1059 ⁸
548 1027 820 1096 ἐξαρτῶσι
859 1026 968 1096 γὰρ
993 1024 1158 1078 αὑτοῦ
1191 1022 1390 1086 πολλὰς
1425 1023 1520 1075 καὶ
1557 1022 1725 1086 ἄλλας

1838 569 2008 623 allluit
2033 567 2187 638 copia
2214 583 2230 634 ;
2254 567 2453 638 quippe
2482 585 2604 624 cum
2639 585 2744 624 non
2771 584 2888 623 eam
2923 569 3097 624 solum
3126 569 3406 640 religionis

1837 660 2073 714 cultores
2100 670 2296 714 nostrae
2331 661 2432 714 viri
2471 661 2770 715 doctissimi
2807 659 3118 716 victricibus
3159 663 3407 732 disputa-

1837 749 2073 805 tionibus
2107 751 2526 820 proscripserint
2561 768 2574 804 τ
2605 753 2700 805 sed
2733 753 2892 804 homo
2921 766 3135 821 quoque
3173 753 3320 809 rabie
3349 753 3406 808 in

1840 856 1938 893 nos
2006 841 2291 895 instinctus
2348 841 2672 911 implacabili
2742 840 3116 912 Porphyrius,
3173 843 3292 914 ejus
3357 845 3408 899 in

1837 931 2111 1000 plerisque
2182 932 2450 1000 capitibus
2528 931 2920 985 absurditatem
2997 933 3406 987 insanis-simam

1836 1025 2166 1091 coarguerit,
2227 1026 2352 1077 dum
2406 1025 2800 1093 principiorum
2847 1025 3160 1080 dualitatcm
3193 1026 3408 1079 invictis

163 1118 334 1186 ἀρχάς
362 1119 672 1186 ἐγκοσμίως
700 1134 757 1170 τε
788 1117 882 1170 καὶ
913 1115 1319 1185 ὑπερκοσμίως.

1842 1114 1996 1181 plane
2027 1117 2355 1182 argumentis
2387 1115 2664 1170 confutat:
2704 1117 2844 1170 ultra
2876 1130 3035 1188 gyros
3062 1118 3150 1172 ille
3187 1118 3404 1188 quidem

166 1208 217 1258 in
260 1207 361 1260 hoc
398 1209 514 1274 ipso
548 1215 795 1270 evectus,
823 1206 968 1276 quod
999 1206 1068 1259 ita
1100 1221 1166 1258 ex
1240 1204 1528 1258 Platonica:
1597 1203 1799 1258 schola:
1839 1205 2051 1273 placitis
2093 1215 2297 1259 natura:
2327 1207 2524 1260 divinae
2566 1209 2824 1262 unitatem
2868 1209 3081 1268 astruit.
3125 1219 3180 1262 ut
3217 1223 3408 1278 perso-

165 1315 354 1352 narum
394 1299 647 1354 Trinitati
679 1301 880 1354 nullum
915 1300 1181 1368 relinquat
1210 1298 1384 1352 locum
1420 1313 1435 1350 :
1473 1313 1595 1350 cum
1635 1312 1734 1351 nos
1773 1298 2166 1351 contendamus
2190 1298 2310 1352 istis
2341 1298 2639 1352 rationibus
2671 1314 2802 1354 sane
2826 1300 3018 1353 validis
3079 1299 3213 1355 effici
3273 1282 3409 1353 nihil

170 1392 314 1445 aliud
396 1407 558 1460 quam
629 1393 937 1448 necessario
1000 1391 1389 1446 admittendam
1472 1391 1683 1445 unicam
1716 1397 1966 1443 naturam
2033 1391 2148 1444 sive
2195 1390 2485 1444 essentiam
2556 1391 2896 1460 principem;
2947 1392 3170 1445 minime
3229 1401 3408 1445 tamen

164 1490 420 1543 continuo
471 1503 717 1558 persona:
750 1489 912 1544 unius
949 1488 1105 1558 quasi
1178 1487 1383 1541 ambitu
1459 1486 2030 1541 circumst-ribendam.
2121 1483 2252 1540 Sed"
2277 1495 2330 1540 et
2379 1486 2481 1539 alia
2555 1487 2746 1556 dogma
2795 1488 2936 1540 istud
2980 1488 3044 1540 dc
3097 1488 3408 1542 monarchia

164 1583 536 1645 Platonicum,
630 1583 846 1636 arcanis
909 1582 1219 1637 Graecorum
1277 1590 1332 1635 et
1387 1579 1763 1635 Chaldaeorum
1801 1578 2000 1632 litteris
2059 1594 2121 1631 ac
2176 1579 2448 1648 mytteriis
2527 1579 2806 1643 traditum,
2865 1592 3108 1633 errorum
3160 1581 3412 1634 admistio

161 1673 407 1729 infamat.
446 1673 682 1729 Eatenus
719 1674 970 1729 videlicet
1015 1684 1221 1729 rectum
1253 1674 1304 1727 id
1355 1683 1434 1728 cst
1457 1674 1727 1728 duntaxat
1763 1682 2029 1740 quatenus
2096 1672 2358 1725 unitatem
2413 1672 2661 1740 principii
2719 1673 2957 1742 supremi
3010 1674 3166 1728 fateri
3242 1674 3408 1744 cogit.

164 1768 229 1819 At
259 1783 378 1833 qua:
401 1767 600 1821 deinde
627 1783 689 1820 ex
720 1767 893 1835 primo
918 1767 1072 1834 quasi
1115 1782 1368 1834 expansa:
1444 1767 1812 1835 producuntur
1855 1763 2112 1818 fabulosm
2140 1765 2308 1818 se-ries
2337 1764 2563 1817 aliorum
2593 1779 2659 1818 ex
2703 1765 2824 1818 aliis
2853 1775 3124 1834 aptorum,
3156 1781 3221 1820 ιι
3248 1781 3411 1836 seque

162 1859 390 1914 invicem
427 1859 773 1925 pendentium
817 1859 1201 1928 principiorum
1228 1899 1242 1920 ,
1282 1859 1422 1911 intra
1464 1855 1721 1910 tnuudmn
1762 1863 1816 1908 et
1844 1868 2008 1922 supra
2055 1855 2310 1906 mumlmn
2357 1853 2596 1907 infinitos
2633 1863 2820 1907 mutuo
2884 1855 3148 1924 implexos
3219 1872 3412 1914 causa-

160 1971 278 2009 rum
341 1952 557 2005 ordines
610 1951 1036 2011 contexentium,
1101 1949 1235 2002 nihil
1287 1949 1429 2002 aliud
1480 1947 1722 2017 profecto
1760 1962 1922 2014 quam
1953 1961 2105 2014 nugae
2129 1954 2276 2001 sunt.

245 2043 406 2098 Ἀλλὰ
439 2042 658 2104 τούτους
683 2041 744 2110 δὴ
772 2043 897 2104 τοὺς
935 2042 1040 2093 ἀπὸ
1069 2040 1367 2105 Μάνεντος,
1393 2040 1488 2093 καὶ
1523 2038 1732 2091 Παύλου

1909 2037 2108 2091 Verum
2155 2038 2221 2089 ad
2273 2035 2615 2090 Pau‘liciauos
2666 2037 2986 2090 “veniendum
3039 2048 3149 2094 est.
3185 2039 3248 2094 lli
3284 2054 3414 2112 ergo

160 2140 256 2191 καὶ
321 2133 596 2193 Ἰωάννου,
644 2131 754 2183 τῶν
819 2130 922 2198 τῆς
973 2129 1302 2200 meum;
1362 2128 1735 2199 ἀγριωτέρους

158 2227 319 2286 ὄντας
360 2224 459 2284 τὰς
509 2219 732 2290 γνώμας
773 2220 867 2272 καὶ
900 2219 1084 2288 ὠμοὺς
1126 2219 1220 2272 καὶ
1278 2220 1471 2290 μέχρις
1502 2218 1736 2286 αἳματος

159 2313 680 2375 διακινδυνεύοντας,
705 2313 732 2364 ὁ
767 2314 822 2362 ἐν
851 2309 1162 2380 βασιλεῦσιν
1194 2311 1402 2372 ἐκεῖνος
1431 2309 1736 2376 Θαυμάσιος

171 2406 427 2475 Ἰωάννης
464 2407 492 2457 ὁ
521 2402 841 2473 Τξυμισκῆς
874 2401 985 2472 (60)
1019 2400 1242 2470 πολέμῳ
1291 2400 1524 2470 νικήσας
1566 2395 1728 2461 ἐξαν-

159 2495 630 2570 δραποδισάμενος
683 2497 747 2546 ἐκ
797 2495 895 2563 τῆς
951 2494 1157 2558 Ἀσίας,
1201 2491 1412 2546 ἐκεῖθεν
1470 2488 1578 2543 ἀπὸ
1623 2488 1735 2540 τῶν

161 2593 431 2649 Χαλύϐων
489 2593 584 2646 καὶ
632 2593 738 2644 τῶν
806 2586 1185 2657 Ἀρμενιακῶν
1243 2584 1445 2648 τόπων,
1508 2586 1590 2644 εἰς
1636 2580 1734 2651 τὴν

160 2687 386 2756 Θρᾴκην
419 2685 862 2754 μετήνεγκε,καὶ
897 2685 964 2734 τὰ
995 2682 1126 2748 περὶ
1155 2679 1253 2748 τὴν
1291 2674 1728 2729 Φιλιππούπολιν

160 2776 480 2841 αὐλίζεσθαι
515 2775 964 2843 κατηνάγκασενο
1001 2769 1118 2839 ἃμα
1168 2768 1266 2836 μὲν
1316 2765 1426 2818 τῶν
1460 2767 1735 2835 ἐκρυμνο-

157 2871 342 2924 τάτων
370 2869 419 2900 ⁸³
447 2866 628 2920 πυλῶν
687 2867 781 2918 καὶ
839 2862 1116 2933 φρουρίων
1143 2860 1179 2914 ἃ
1223 2861 1474 2928 κατεῖχον
1530 2875 1734 2928 τνραν-

157 2962 385 3022 νιῶντες
419 2960 750 3026 ἀπαγαγεῖν,
784 2958 901 3027 ἅμα
937 2956 994 3008 δὲ
1026 2955 1120 3008 καὶ
1145 2954 1393 3022 φύλακας
1427 2951 1732 3019 ἐπιστήσας

156 3052 607 3122 ἁσφαλεστὰτους
641 3050 745 3102 τῶν
781 3047 1064 3102 Σκυθικῶν
1100 3045 1323 3099 ἐκείνων
1369 3041 1730 3112 διεκδρομῶν,

158 3148 228 3211 ἃς
275 3144 592 3214 ὑποσύχνως
643 3143 748 3195 ὑπὸ
797 3141 1098 3212 Βαρϐάρων
1155 3141 1288 3207 τάπὶ
1331 3140 1553 3210 Θρᾴκης
1607 3139 1735 3188 ἐπε-

155 3239 351 3293 πόνθει
409 3236 615 3307 χωρία·
661 3233 1089 3304 ὑπερϐαίνοντες
1116 3235 1226 3300 γάρ
1272 3231 1342 3283 τὰ
1390 3231 1574 3298 τέμπη
1639 3225 1733 3279 τοῦ

152 3330 336 3399 Αἵμου
371 3327 469 3389 τὰς
517 3324 622 3377 ὑπὸ
648 3322 856 3376 τούτων
887 3323 933 3354 ³⁸
973 3320 1229 3382 πεδιάόας
1270 3317 1622 3387 κατέτρεχον.
1670 3315 1732 3369 Ὀ

1844 2136 2142 2182 sectatores
2174 2125 2424 2191 Manetis,
2455 2127 2546 2180 sed
2571 2140 2601 2179 a
2625 2125 2790 2179 Paulo
2812 2133 2864 2180 et
2893 2124 3097 2182 Joanne
3129 2129 3414 2186 Callinices

1845 2217 1971 2270 filiis
2009 2217 2080 2286 (ιι)
2119 2215 2183 2270 ad
2220 2217 2547 2285 peculiarem
2581 2217 2867 2284 quemdam
2913 2224 3190 2289 magisque
3223 2234 3418 2274 contu-

1845 2320 2049 2359 macem
2078 2305 2310 2360 instituti
2351 2306 2632 2360 furorem:
2689 2304 2936 2360 homines
2981 2311 3178 2378 alioqui
3230 2311 3326 2365 feri
3359 2328 3416 2368 et

1845 2399 2177 2466 sanguinarii
2229 2399 2319 2467 qui
2375 2415 2532 2454 suum
2582 2402 2880 2456 aliorumve
2911 2413 3157 2456 cruorem
3189 2403 3414 2459 fundere

1843 2491 1981 2544 nihil
2017 2491 2166 2559 pensi
2212 2493 2498 2546 admodum
2538 2492 2798 2546 haberent
2834 2510 2848 2546 :
2904 2509 3002 2546 nec
3043 2495 3148 2547 isto
3183 2506 3275 2548 aut
3305 2496 3412 2550 alio

1844 2583 2036 2650 quovis
2053 2594 2195 2636 metu
2216 2585 2283 2638 ab
2302 2584 2407 2638 ullo
2439 2586 2676 2641 audaciae
2698 2601 2895 2658 genere
2916 2598 3315 2652 revocarentur,
3347 2603 3378 2642 e
3401 2607 3414 2637 ι

1844 2677 2261 2746 periculosiores
2287 2694 2393 2745 quo
2417 2679 2654 2744 pericula
2680 2683 3007 2746 spernebant
3026 2693 3206 2731 omnia
3229 2696 3242 2731 :
3275 2679 3415 2733 bello

1848 2779 2025 2822 tamen
2059 2768 2246 2821 domiti
2280 2784 2344 2822 ac
2393 2769 2551 2836 plane
2595 2769 2868 2839 subjugati
2917 2781 3039 2824 cum
3091 2768 3320 2824 fuissent
3348 2773 3418 2825 ab

1845 2862 1935 2915 illo
1965 2862 2164 2933 inclyto
2214 2861 2424 2916 Joanne
2470 2863 2758 2927 Tzimisca,
2811 2879 2876 2917 ex
2928 2863 3054 2916 Asia
3098 2864 3294 2931 captivi
3345 2866 3414 2919 ab

1843 2956 2034 3010 eodem
2059 2954 2204 3008 ducti
2240 2965 2387 3018 sunt,
2430 2965 2482 3009 et
2522 2956 2718 3011 abillis
2763 2955 3061 3027 Chalybum
3095 2975 3232 3023 quas
3267 2959 3418 3023 prius

1842 3047 2161 3101 obtinebant
2214 3047 2457 3110 sedibus,
2495 3047 2734 3117 locisque
2764 3049 3104 3104 Armeniacis
3143 3051 3193 3103 in
3245 3051 3414 3104 Thra-

1842 3135 1981 3189 ciam
2036 3134 2334 3198 transtulit,
2381 3151 2446 3189 ac
2490 3138 2634 3191 circa
2689 3137 3099 3206 Philippopolim
3145 3140 3415 3194 doudcilia

1845 3227 2009 3296 ﬁgere
2039 3228 2238 3297 coegit,
2287 3229 2496 3282 dualms
2550 3229 2617 3282 de
2659 3229 2863 3284 causis.
2917 3228 3158 3283 Primum
3211 3241 3272 3285 ut
3300 3248 3420 3297 quae

1845 3318 1994 3385 prius
2052 3317 2361 3371 insidebant
2410 3318 2646 3371 claustra
2698 3317 2953 3385 imperii,
3018 3335 3168 3375 arcos
3222 3330 3432 3376 natura.

150 3429 198 3481 δ’
229 3419 408 3493 Αἷμος
449 3415 600 3482 οὗτος
633 3419 756 3490 ὅρος
798 3417 916 3468 ἐστὶ
966 3416 1310 3486 μακρότατον
1361 3410 1504 3464 κατὰ
1556 3427 1734 3478 γραμο

1843 3409 2240 3463 Ιιξυιιίιίδείιιιξιε
2295 3419 2349 3462 et
2399 3423 2603 3473 manu;
2669 3423 2734 3463 ne
2789 3410 3098 3464 obtinerent
3158 3413 3442 3480 amplius..

159 3519 274 3589 μὴν
338 3512 685 3582 παράλληλον
707 3513 772 3580 τῇ
840 3508 1068 3576 Ῥοδόπῃ
1132 3505 1402 3572 κείμενον.
1478 3502 1737 3571 ’Λρχεται

1843 3517 2098 3556 earumve
2153 3501 2348 3555 fiducia
2389 3502 2453 3554 ad
2492 3501 2816 3557 rebelliones
2846 3504 3160 3572 cogitandas
3212 3507 3418 3559 anima-

157 3615 268 3684 μὲν
313 3609 425 3663 ἀπὸ
466 3606 557 3661 τοῦ
592 3605 840 3669 Εὐξείνου
877 3604 1078 3656 Πόντου
1119 3600 1180 3652 τὸ
1229 3598 1353 3666 ὅρος
1411 3596 1504 3649 καὶ
1546 3596 1737 3666 μικρον

1845 3601 2050 3647 rentur.
2088 3591 2292 3645 Deinde
2327 3604 2386 3646 ut
2411 3607 2586 3660 genus
2621 3593 2895 3648 hominum
2960 3597 3193 3651 ferreum
3245 3600 3416 3654 cuivis

153 3682 527 3776 παραμείσων
557 3701 681 3758 τοὺς
706 3696 1083 3766 καταράκτας,
1118 3693 1312 3762 μέχρις
1353 3689 1534 3742 αὐτῶν
1579 3688 1737 3776 Ἰλλυέ

1843 3682 2016 3738 labori
2057 3700 2119 3737 ac
2151 3684 2394 3752 periculo
2447 3701 2545 3751 p-ar
2590 3686 2849 3740 adversus
2898 3686 3038 3742 feros
3083 3689 3313 3743 maxime
3353 3705 3419 3744 ac

147 3774 337 3867 ρικῶν
372 3793 567 3862 διήκει.
613 3786 782 3858 Οἶμαι
824 3786 868 3837 δ’
901 3786 987 3837 ὃτι
1035 3783 1132 3836 καὶ¹
1174 3777 1611 3846 διακοπτόμενον
1663 3775 1737 3844 τῷ

1844 3775 2191 3828 vehementes
2258 3774 2582 3836 Scytharum
2637 3777 2864 3829 subinde
2919 3776 3209 3833 Thraciam
3273 3780 3418 3835 infe-

157 3881 536 3955 Ἀδριαντικῷ
566 3880 818 3946 πελάγει,
850 3876 1014 3928 πάλιν
1043 3876 1123 3934 εἰς
1167 3869 1468 3936 ἀντιπέραν
1507 3868 1737 3937 ἤπειρον

1844 3865 2104 3918 stantium
2147 3867 2399 3920 incursus
2445 3869 2799 3938 objiceretur,
2851 3869 3146 3924 securitate
3204 3870 3444 3939 imperii

143 3973 568 4042 ἀναλαμϐάνει,
596 3972 690 4024 καὶ
721 3970 914 4038 μέχρις
949 3964 1131 4018 αὐτῶν
1171 3963 1470 4031 Ἑρκυνίων
1514 3957 1737 4028 δρυμῶν

1847 3971 1954 4010 non
1980 3957 2195 4026 exigua,
2220 3958 2365 4025 quod
2396 3957 2507 4024 jam
2531 3959 2688 4015 limes
2719 3959 2812 4012 ille
2839 3960 3222 4016 vexatissimus
3257 3976 3417 4030 pares

141 4065 528 4132 ἀποτελευτᾷ,
558 4061 899 4129 ἑκατέρωθεν
935 4056 991 4108 δὲ
1035 4055 1144 4107 τῶν
1172 4051 1501 4124 καταρῤύων
1545 4047 1594 4101 τ’
1638 4048 1737 4099 αὐ-

1847 4047 2260 4115 aggressoribus
2280 4047 2600 4103 defensores
2631 4059 2843 4113 nactus,
2875 4049 3130 4119 deinceps
3159 4052 3444 4106 adversus

137 4161 254 4216 τοῦ
293 4157 467 4211 πολλὰ
517 4156 612 4207 καὶ
665 4149 1044 4206 πλουσιώτατοι
1087 4146 1215 4216 ἔθνη
1257 4145 1499 4213 νέμεται.
1553 4139 1737 4192 Δακῶν

1847 4150 2009 4190 omne
2045 4137 2343 4203 periculum
2377 4138 2588 4192 abunde
2617 4139 2868 4192 firmatus
2913 4139 3213 4196 videretur.
3259 4139 3421 4197 Mise-

145 4251 265 4320 μὲν
297 4247 469 4300 ὄντων
505 4240 882 4312 βορειοτέρων,
917 4239 1013 4291 καὶ
1058 4235 1166 4289 τῶν
1196 4232 1451 4304 Θρακῶν,
1487 4227 1737 4283 νοτιωτέ-

1847 4240 1965 4278 rum
2009 4240 2140 4280 sane
2189 4235 2348 4280 antea
2403 4228 2456 4286 in
2499 4227 2714 4281 modum
2753 4228 2809 4280 in
2843 4228 3116 4298 perpetuis
3142 4238 3291 4284 metu
3325 4239 3419 4284 aut

146 4315 278 4412 ρων
331 4337 394 4390 δὲ
429 4333 663 4404 Θρακῶν
697 4349 756 4384 τε
808 4329 988 4383 αὐτῶν
1019 4331 1113 4381 καὶ
1159 4324 1509 4380 Μακεδόνων.
1543 4320 1737 4412 Τοῦτον

1849 4316 1990 4370 malo
2043 4315 2290 4372 Thraciae
2350 4318 2510 4372 urbes
2558 4332 2623 4374 ac
2665 4319 2844 4386 populi
2904 4318 3205 4375 conﬂictari
3261 4335 3422 4377 erant

135 4407 248 4486 ’τὸν
277 4424 456 4496 Αἶμον
481 4422 842 4493 διαπερῶντες
863 4421 910 4473 οἱ
936 4417 1186 4486 Νομάδες
1213 4413 1419 4468 Σκύθαι
1449 4412 1594 4466 κατὰ
1617 4411 1737 4472 τοὺς

1848 4407 1988 4462 soliti
2017 4425 2032 4474 ;
2070 4425 2190 4462 cmn
2232 4408 2455 4463 Barbari
2487 4420 2747 4480 angustas
2779 4408 2945 4464 ﬂanti
2976 4412 3144 4466 valles
3187 4413 3420 4469 subinde

131 4520 436 4580 ἀνέκαθεν
461 4519 684 4586 χρῦνους
736 4513 903 4582 πρινὴ
950 4508 1047 4561 τοῦ
1093 4507 1332 4570 ’Δλεξίου
1373 4505 1432 4559 τὸ
1472 4506 1602 4576 δόρυ
1651 4505 1737 4556 xei

1850 4498 2305 4569 transgredientes
2323 4500 2376 4552 in
2400 4499 2698 4554 uberrimas
2719 4498 2834 4566 ejus
2857 4501 3144 4568 provinciae
3171 4501 3421 4571 planities

130 4622 194 4672 ot
271 4611 469 4666 πολλοὶ
521 4608 731 4676 ἀγῶνες
790 4607 872 4667 εἰς
931 4599 1311 4670 πανωλεθρίαν
1372 4599 1737 4669 κατήνεγκαν,

1849 4590 2054 4659 ingenti
2099 4606 2324 4646 numero
2364 4589 2543 4658 cli‘usi,
2591 4591 2966 4648 crudelissime
3005 4596 3188 4647 omnia
3235 4605 3418 4650 vasta-

133 4702 518 4774 πανστρατιᾷ
544 4700 642 4770 τὴν
689 4695 983 4767 Ῥωμαίων
1017 4692 1319 4763 ἠγεμονίαν
1361 4691 1618 4752 ἐκάκουν,
1649 4690 1737 4742 καὶ

1852 4689 1991 4736 rent.
2047 4681 2141 4735 Est
2192 4682 2278 4736 hic
2326 4681 2540 4737 llaemus
2589 4699 2746 4739 mons
2802 4683 3152 4754 longissimus
3209 4688 3297 4741 cui
3352 4691 3419 4743 ad

130 4770 408 4874 μάλιστα
449 4793 548 4854 τὰς
589 4791 922 4860 ἐγγυτέρους
970 4787 1178 4851 πόλεις,
1219 4779 1295 4838 ὧν
1325 4781 1676 4874 προὺκάῦητο
1713 4782 1737 4851 ή

1847 4770 2156 4840 parallelam
2199 4772 2398 4827 lineam
2433 4773 2646 4844 objacet
2673 4774 2956 4844 Rhodope.
2984 4777 3171 4844 Incipit
3198 4779 3265 4828 ab
3305 4777 3420 4830 Eu-

127 4863 337 4950 ;td).att
401 4884 841 4956 πολυθρύλὶητος
889 4875 1444 4936 Φιλιππούπολις.η⁹0
1496 4874 1554 4928 δὲ
1612 4873 1737 4936 TC:-

1845 4865 1974 4918 xino
2002 4863 2195 4920 Ponto.
2225 4865 2364 4921 Hinc
2397 4866 2489 4920 ubi
2532 4879 2834 4921 cataractas
2867 4871 3110 4934 proxime
3159 4868 3422 4933 praeteriit.

129 4983 376 5058 μισ·κῆς
419 4977 675 5043 Ἰωάννης
727 4973 854 5034 τοὺς
901 4971 964 5023 ἐκ
1002 4969 1046 5000 ⁸⁷
1084 4965 1432 5037 Μανιχαῖκῆς
1478 4963 1737 5058 αἱρέσεως

1845 4958 1984 5014 flexu
2038 4968 2190 5013 vasto
2248 4974 2420 5026 usque
2463 4959 2516 5012 in
2582 4960 2755 5028 ipsum
2813 4956 3082 5026 Illyricum
3154 4957 3420 5012 excurrit.

121 5045 506 5145 διντιμ-άχους
526 5126 533 5132 _
557 5070 688 5138 ἡμῖν
723 5067 1093 5135 ποιησάμενος
1125 5060 1472 5130 συμμάχους,
1503 5055 1650 5110 κατά
1681 5071 1737 5121 γε

1847 5049 1988 5114 Quin
2010 5049 2172 5103 etiam
2205 5047 2370 5118 452
2425 5048 2657 5111 videtur,
2707 5045 2852 5100 velut
2881 5045 3256 5115 interpellatus
3284 5059 3418 5110 pau—

114 5134 222 5225 -ειὰ
256 5134 435 5225 δὲιλᾶ,
485 5134 816 5229 ἀξιομάχους
843 5134 1110 5223 δυνάμεις
1144 5153 1255 5213 τοῖς
1306 5150 1502 5221 νομάσι
1534 5146 1737 5207 τούτοις

1850 5139 2016 5192 Iulum
2050 5139 2270 5193 incursu
2302 5138 2470 5192 maris
2511 5136 2796 5202 Adriatici,
2825 5146 2918 5191 aut
2947 5139 3124 5206 potius
3171 5135 3272 5191 sub
3303 5134 3423 5204 ejus

1209 5264 1409 5326 Variae
1441 5261 1752 5324 lectiones
1781 5271 1859 5316 ex
1884 5251 2024 5314 cod.
2055 5248 2324 5311 Coislin.

1492 5364 1537 5395 "
1565 5360 1775 5414 τοῦτον.
1849 5353 1893 5385 ’⁷
1917 5354 1981 5405 ἐκ
2006 5352 2121 5422 τῆς·

1774 4740 1824 4800 D

931 5373 976 5404 ⁸⁵
1011 5373 1145 5440 ἐρρη
1156 5366 1415 5422 νοτάτων.

1200 5485 1339 5547 Car.
1370 5476 1698 5545 Dufrcsnii
1725 5477 1823 5536 Du
1862 5468 2080 5548 Cangii
2118 5476 2302 5530 notae.

233 5600 349 5672 (60.)
392 5597 460 5652 ⁸0
496 5591 850 5662 Τζυμισκῆς.
890 5591 1130 5644 Zonaras
1179 5601 1230 5642 ct
1275 5585 1470 5654 Glycas
1514 5584 1565 5637 iu
1612 5578 1846 5636 Alexio.

237 5385 294 5418 ⁸⁸
320 5381 388 5435 τὸ
410 5375 509 5432 τοῦ
542 5375 850 5435 Πλάτωνος.

220 5761 298 5826 (a)
321 5759 451 5812 Vide
476 5754 762 5809 Cedrenum
791 5763 900 5812 pag.
926 5748 1016 5795 432
1036 5747 1116 5798 ed.
1142 5745 1246 5807 Reg
1761 5773 1766 5778 .

535 5807 806 5900 Parma:
841 5807 954 5895 ἀεὶ.
993 5834 1188 5896 CXXX
1203 5836 1246 5892 ι.
3023 5807 3100 5871 35
