3992 6278
212 431 336 497 1105

1383 446 1793 507 ALEXIADIS
1837 449 1984 509 LIB.
2022 451 2178 511 XIV.

3305 443 3440 510 1106

210 547 402 611 δεινοὺς
434 546 489 600 δὲ
528 547 781 617 ἐνστῆναι
810 553 875 623 τῇ
913 553 1124 609 ἑαυτῶν
1160 557 1479 630 κακοδοξίᾳ,
1504 561 1602 613 καὶ
1631 562 1769 631 πρὸς

1886 578 2062 618 ‘ursus
2092 563 2329 618 animum
2362 563 2426 617 ad
2486 562 2827 617 Manichaeos
2865 563 3093 632 repetita
3153 572 3442 620 concerta-

210 640 265 692 τὸ
317 639 609 708 πεισθῆναι
673 642 853 711 λόγοις
900 646 1320 717 ἀδαμαντίνους,
1379 653 1657 722 σπαράξαι
1713 653 1769 706 δὲ

212 728 342 781 θεῖον
394 730 598 797 λόγιον,
656 735 749 785 καὶ
814 740 1166 806 κακοσχόλως
1192 740 1341 812 αύτῷ
1390 742 1642 795 ἐκλαϐεῖν
1694 745 1773 806 εἰς

211 820 511 891 ὑπερϐολὴν
563 824 926 895 εὐμηχάνους.
987 830 1222 893 Τούτους
1278 835 1772 904 μεταπεμπόμενος

208 912 321 966 καθ’
356 914 573 984 ἡμέραν
598 918 836 989 ἑκάστην
869 922 1006 989 πρὸς
1026 924 1225 988 αὐτοὺς
1250 927 1340 980 τὸν
1394 928 1612 992 λογικὸν
1646 946 1773 981 συν-

208 1008 421 1076 εκράτει
447 1010 467 1041 ³
506 1010 759 1077 πόλεμον,
798 1014 893 1065 καὶ
924 1010 991 1085 ἦν
1028 1017 1155 1069 ἰδεῖν
1195 1019 1376 1086 ἀγῶνα
1407 1021 1647 1074 διπλοῦν·
1677 1022 1769 1075 τοῦ

213 1098 307 1165 μὲν
338 1097 602 1167 βασιλέως
630 1102 782 1167 ὅπως
817 1104 1063 1173 σωθεῖεν,
1101 1108 1195 1161 καὶ
1234 1111 1442 1182 σφόδρα
1478 1114 1772 1181 ὑπεραγωσ-

208 1187 501 1257 νιζόμενον,
535 1192 645 1243 τῶν
675 1194 720 1245 δ’
765 1196 919 1260 ὅπως
976 1201 1259 1268 νικήσειαν
1292 1202 1595 1273 λεγομένην
1658 1206 1773 1257 Κα-

205 1279 392 1348 δμείαν
422 1283 987 1351 διαφιλονεικούντων.
1044 1292 1264 1346 Ἐστᾶσι
1313 1295 1410 1364 μὲν
1457 1296 1565 1366 γὰρ
1603 1296 1696 1349 καὶ
1724 1296 1774 1347 οἱ

205 1372 349 1440 τρεῖς
394 1373 659 1443 θήξαντες
710 1377 977 1449 ἀλλήλους
1028 1384 1281 1455 καθάπερ
1336 1386 1479 1437 συῶν
1537 1387 1771 1451 ὀδόντες,

207 1462 297 1515 καὶ
332 1464 457 1526 τοὺς
502 1465 694 1533 λόγους
728 1470 822 1522 τοῦ
885 1473 1295 1546 αὐτοκράτορος
1351 1481 1408 1531 ὲν
1450 1479 1524 1549 νῷ
1558 1480 1775 1550 ἔχοντες

206 1552 529 1624 διατέμνειν.
566 1560 673 1610 Καὶ
720 1561 774 1612 εῖ
800 1579 883 1625 τις
914 1565 1006 1617 τὸν
1052 1567 1318 1621 Κούσινον
1364 1571 1659 1641 ἐξέφευγεν
1687 1574 1775 1627 ἕν-

207 1664 407 1711 στασις,
448 1650 653 1720 ταύτης
685 1655 712 1706 ὁ
745 1656 996 1710 Κουλέων
1019 1660 1477 1731 ἀντελαμϐάνετο,
1505 1668 1599 1718 καὶ
1632 1666 1771 1737 ἀμη-

203 1740 489 1809 χανοῦντος
546 1745 899 1811 Κουλέοντος,
949 1753 976 1803 ό
1023 1753 1203 1816 Φῶ).ος
1275 1754 1431 1819 αὖθις
1520 1758 1774 1821 ἀντεξαν-

205 1832 403 1897 ῖττατο,
454 1835 486 1904 ἢ
540 1835 632 1889 καὶ
675 1840 811 1909 πρὸς
870 1843 969 1903 τὰς
1024 1844 1311 1909 βασιλικὰς
1345 1849 1638 1917 προτάσεις
1682 1851 1774 1903 καὶ

204 1924 501 1993 ὐποφοράς,
535 1929 681 1998 ἄλλῳ
724 1932 819 1983 σὺν
850 1935 936 1986 ἐπ’
968 1936 1114 2006 ἄλλῳ
1142 1938 1162 1969 ⁸
1197 1910 1473 2009 ἠγείρετο,
1517 1910 1770 2010 καθάπερ
1808 1910 1847 1967 Β

207 2014 434 2084 μέγιστα
500 2020 723 2089 κύματα
793 2025 886 2077 ἐπὶ
952 2028 1209 2097 μεγάλοις
1278 2032 1770 2102 καταλαμϐάνοντα

207 2106 462 2177 κύμασιν.
521 2112 583 2166 '0
643 2115 701 2167 δὲ
762 2118 1122 2191 αὐτοκράτωρ
1160 2122 1261 2185 τὰς
1320 2124 1503 2186 πάσας
1562 2125 1773 2177 τούτων

202 2198 434 2254 διαλύων
487 2203 565 2267 ὡς
614 2208 762 2261 ἱστὸν
807 2211 1057 2281 ἀράχνης
1108 2214 1409 2280 ἐνστάσεις,
1456 2216 1771 2287 ὲπέρῤαπτε

203 2292 300 2360 μὲν
332 2294 494 2357 εὐθὺς
526 2299 635 2350 τῶν
660 2300 988 2369 ἀκαθάρτων
1035 2306 1103 2359 τὰ
1150 2307 1416 2376 στόματα.
1458 2310 1546 2371 Ὠς
1575 2308 1630 2361 δὲ
1670 2309 1769 2360 πέ-

203 2399 392 2437 πεικεν
421 2386 693 2455 οὐδαμῶς,
749 2392 902 2455 τέλος
956 2395 1277 2465 ἀπειρηκὼς
1324 2398 1461 2465 πρὸς
1510 2396 1609 2465 τὴν
1664 2396 1773 2449 τῶν

206 2475 415 2546 ἀνδρῶν
467 2480 673 2535 τούτων
719 2485 1037 2557 ἠλιθιότητα
1090 2490 1408 2558 προπέμπει
1437 2490 1663 2551 τούτους
1696 2490 1775 2551 εἰς

203 2567 300 2637 τὴν
330 2569 582 2638 βασιλίδα
610 2576 784 2641 πόλιν,
814 2578 1001 2632 ἑστίαν
1032 2581 1568 2651 άποκληρωσάμενος
1592 2581 1776 2641 αὐτοῖς

198 2661 295 2723 τὰς
331 2664 459 2733 περὶ
484 2665 546 2717 τὸ
580 2666 723 2735 μέγα
748 2670 1015 2723 παλάτιον
1039 2674 1407 2743 περιδρόμους
1433 2675 1596 2736 στοᾶς
1629 2672 1763 2739 (65).

1880 659 2025 712 tione
2055 657 2120 712 ab
2147 670 2333 713 errore
2368 656 2732 712 deducendos.
2760 655 2940 711 Facile
2972 657 3247 725 principes
3278 665 3443 712 sectae

1880 751 2042 804 latius
2072 758 2229 805 erant
2258 748 2481 810 Culeon,
2509 747 2763 813 Cusinns,
2795 757 2847 802 et
2875 747 3097 811 Pholus,
3132 764 3236 802 non
3272 747 3447 802 solum

1877 840 2307 909 pertinacissima
2355 841 2567 911 ingenia
2603 849 2875 909 conceptae
2914 839 3070 894 istius
3119 840 3404 911 pravitatis
3433 879 3447 903 ,

1880 953 2064 991 verum
2101 937 2264 992 etiam
2329 936 2659 989 auctoritate
2717 944 2878 1004 atque
2924 934 3134 988 artibus
3188 935 3447 987 instructa

1876 1030 2124 1084 omnibus
2148 1029 2266 1097 ejus
2297 1028 2685 1097 persuadendze
2719 1028 3209 1097 propagandaaque.
3263 1026 3447 1093 Itaque

1878 1125 1930 1177 in
1968 1123 2034 1176 iis
2066 1122 2399 1191 praecipuum
2440 1128 2796 1184 momentum,
2864 1118 2915 1171 in
2972 1119 3057 1172 bis
3104 1117 3247 1170 haud
3290 1114 3451 1168 dubie

1878 1218 1943 1267 ad
1977 1228 2290 1270 successum
2320 1213 2520 1282 negotii
2553 1213 2718 1265 totius
2763 1210 2874 1279 spei
2908 1211 3072 1265 cardo
3102 1207 3443 1263 vertebatur.

1878 1308 1947 1360 At
1980 1306 2141 1360 iidem
2174 1305 2274 1359 viri
2310 1320 2418 1374 pra:
2452 1304 2695 1366 ca-teris,
2728 1312 2787 1357 ut
2819 1302 3080 1367 diximus,
3137 1300 3280 1354 affixi
3313 1312 3454 1368 prm-

1874 1397 2129 1467 judicatis
2187 1395 2551 1465 opinionibus,
2585 1394 2733 1451 surdi
2768 1393 2831 1448 ad
2868 1392 3093 1459 monita,
3126 1392 3190 1445 ad
3224 1405 3455 1457 persua-

1878 1488 2057 1542 siones
2089 1486 2443 1551 adamantini,
2492 1486 2619 1556 quin
2671 1486 2833 1541 etiam
2868 1484 2921 1539 in
2954 1484 3096 1538 ultro
3142 1481 3453 1538 lacessendo

1880 1579 2275 1648 lacerandaqne
2308 1578 2553 1633 doctrina
2599 1593 2753 1642 sana,
2799 1576 3011 1631 cavlllis
3076 1573 3364 1629 malitiosis
3402 1582 3458 1627 et

1880 1669 2077 1724 astulis
2148 1670 2462 1739 argutisque
2527 1668 2876 1738 sophismatis
2959 1667 3454 1722 calumniosissinte

1880 1762 2123 1827 verbosi,
2157 1762 2365 1831 sperari
2408 1762 2497 1816 vix
2526 1761 2780 1816 sinebant
2811 1766 2951 1830 quod
2986 1758 3282 1829 Optandqu
3314 1764 3452 1812 erat.

1880 1857 2178 1925 Aggressns
2220 1854 2571 1911 nihilominus
2624 1854 2875 1910 homines
2923 1853 3198 1923 Augustus
3247 1858 3352 1915 est,
3403 1857 3457 1903 et

1879 1963 2000 2001 cum
2048 1947 2115 2001 iis
2161 1946 2404 2014 quotidie
2466 1947 2532 2000 ad
2601 1960 2659 2001 se
2709 1945 2920 2001 vocatis
2988 1942 3454 1998 concertationem

1878 2038 2115 2107 suscepit
2148 2052 2329 2091 aerem
2380 2044 2435 2091 et
2469 2036 2557 2090 diu
2592 2036 2884 2104 ancipitem
2920 2032 3136 2088 obnixis
3178 2029 3455 2097 utrimque

1877 2130 2072 2186 Studiis
2099 2129 2543 2184 contendentium
2568 2143 2582 2179 :
2608 2143 2728 2183 cum
2762 2127 3057 2196 imperator
3080 2124 3295 2193 quidem
3321 2118 3455 2173 nihil

1880 2220 1981 2275 sibi
2013 2220 2219 2275 faceret
2250 2219 2441 2287 reliqui
2475 2219 2541 2272 ad
2569 2234 2790 2273 onmem
2849 2232 3035 2271 curam
3078 2228 3459 2282 summumque

1881 2321 2132 2366 conatum
2174 2311 2535 2380 persuadendi
2573 2310 2800 2377 perditis
2832 2318 2890 2363 ut
2920 2308 3053 2364 salvi
3080 2322 3200 2362 esse
3230 2306 3447 2367 vellent,

1876 2404 1951 2457 illi
2005 2413 2191 2457 contra
2221 2401 2435 2456 stolidis
2466 2400 2736 2456 renisibus
2794 2400 3053 2454 indomita
3083 2398 3452 2454 obstinatione

1876 2497 1928 2549 in
1958 2494 2162 2548 furioso
2188 2508 2305 2548 sese
2339 2492 2565 2547 consilio
2595 2494 2909 2561 respuendae
2944 2492 3136 2547 salutis
3159 2491 3456 2545 obfirman-

1876 2597 1957 2641 trs
2014 2586 2142 2639 totis
2197 2584 2584 2639 incumbebant
2640 2586 2848 2640 viribus
2898 2586 2964 2639 ad
3013 2584 3278 2638 funestam
3340 2586 3445 2636 sint

1880 2688 2113 2743 vereque
2158 2671 2451 2727 Cadmeam
2500 2674 2784 2728 victoriam
2835 2674 3237 2744 rcportandam.
3278 2669 3454 2726 Ferox

196 2769 294 2826 ["3"
318 2768 375 2808 se
406 2759 630 2826 rl'll'sqttc
659 2762 1081 2817 additamentum
1120 2767 1355 2820 audacia:
1381 2783 1445 2820 ex
1475 2768 1751 2821 consortio
1789 2775 1979 2820 mutuo
2006 2767 2309 2821 snmebant.
2352 2765 2457 2820 Res
2486 2767 2555 2821 ab
2590 2767 2659 2820 iis
2685 2768 3045 2822 communiter
3110 2777 3166 2819 ut
3226 2782 3255 2819 a
3325 2781 3456 2820 con-

197 2845 530 2913 spirantibus
556 2851 963 2923 conjuratisque
991 2854 1314 2925 gerebatur;
1349 2874 1446 2913 nec
1473 2859 1764 2912 retundere
1804 2858 2041 2912 contenti
2086 2858 2335 2911 salubres
2371 2858 2714 2924 imperatoris
2746 2860 2906 2921 ictus,
2935 2857 3097 2911 etiam
3164 2872 3339 2927 usque
3402 2858 3453 2910 in

200 2936 449 2995 fiduciam
484 2943 623 2998 ultro
662 2946 970 3002 incessendi
1017 2950 1279 3005 tollebant
1346 2952 1557 3005 animos
1624 2951 1897 3020 religionis
1926 2950 2079 3018 juxta
2124 2950 2534 3019 majestatisque
2565 2960 2990 3019 contemptores.
3071 2949 3259 3004 Nullus
3340 2949 3452 3017 jam

197 3032 457 3102 Wineipis
486 3048 790 3107 respectus.
838 3040 1053 3095 lrritata
1085 3058 1255 3111 usque
1291 3044 1341 3097 in
1373 3044 1578 3099 rabiem
1633 3043 1974 3099 contumacia
2006 3043 2365 3096 reverentiam
2404 3042 2633 3096 vicerat.
2713 3042 2894 3095 Palam
2961 3044 3013 3096 in
3080 3057 3142 3097 os
3200 3043 3458 3111 procaci-

198 3135 282 3180 ter
316 3124 763 3198 interpellabatur
792 3132 1067 3203 Augustus
1092 3134 1429 3204 loquens,ab
1458 3138 1764 3192 inhumanis
1806 3153 1912 3191 non
1947 3138 2130 3190 minus
2162 3151 2320 3204 quam
2371 3136 2570 3203 impiis,
2610 3137 2698 3203 qui
2727 3135 2872 3189 velut
2909 3134 2959 3186 in
3006 3144 3159 3189 arcto
3244 3150 3273 3188 a
3353 3147 3448 3188 vc-

201 3222 488 3276 natoribus
540 3223 676 3281 forte
704 3229 1023 3297 deprehensi
1074 3241 1389 3299 spumantes
1475 3234 1592 3302 apri
1662 3233 1852 3287 dentes
1890 3233 2159 3287 acuebant
2199 3243 2382 3285 mutuo
2408 3243 2464 3287 et
2494 3232 2545 3285 in
2576 3245 2768 3286 omnes
2820 3227 3089 3283 inferendi
3134 3244 3346 3283 morsus
3377 3246 3466 3283 oo-

196 3313 450 3369 easioncs
480 3317 781 3379 inhiabant.
810 3323 909 3378 Ubi
944 3325 1152 3380 dixerat
1178 3324 1413 3380 Cusinus
1443 3328 1585 3394 quod
1620 3326 1771 3381 furor
1850 3332 2199 3397 suggesserat
2254 3326 2318 3378 ad
2371 3323 2812 3391 convellendam.
2840 3323 3263 3392 disputationem
3350 3327 3462 3377 An-

197 3407 367 3476 gnsti,
426 3410 568 3478 quod
627 3411 715 3466 ille
772 3415 1030 3470 omiserat
1087 3418 1371 3486 supplebat
1425 3418 1588 3473 Culeo
1622 3436 1636 3471 :
1670 3420 1771 3473 hoc
1849 3434 2070 3489 quoque
2104 3419 2220 3487 ipso
2246 3418 2537 3478 exhausto,
2575 3414 2797 3481 Pholus,
2834 3416 2990 3485 quasi
3039 3416 3253 3483 utrique
3336 3431 3458 3469 sur-

196 3506 563 3591 centnriatus,
605 3522 793 3563 recens
848 3525 1081 3581 pugnant
1138 3501 1457 3580 capessebat
1497 3530 1509 3565 :
1548 3516 1617 3569 ita
1683 3523 1775 3568 aut
1856 3514 2120 3568 adversus
2185 3511 2527 3579 imperatoris
2560 3509 3003 3565 ratiocinationes
3026 3520 3202 3562 certas
3238 3519 3290 3562 et
3327 3510 3464 3575 peti-

197 3596 383 3651 tiones
436 3598 806 3655 incluctabiles
852 3602 942 3655 alii
994 3618 1153 3671 super
1202 3605 1337 3659 alios
1383 3620 1502 3660 sese
1541 3607 1768 3660 invicem
1813 3606 2191 3661 inscendentes
2217 3603 2506 3659 resilientis
2561 3601 2874 3671 pertinacia:
2942 3600 3135 3655 ﬂuctus
3199 3612 3465 3655 cxmstua'

196 3703 346 3748 rent.
412 3695 489 3750 Ac
544 3694 699 3749 facile
731 3698 1005 3767 Angustus
1050 3700 1264 3768 quidem
1343 3702 1601 3770 quidquid
1652 3702 1724 3755 illi
1793 3700 2147 3755 obtenderent
2199 3696 2437 3751 tlifllabat
2506 3695 2897 3763 everrebatque
2942 3707 3036 3746 ceu
3089 3691 3268 3745 futiles
3334 3708 3460 3745 ara-

208 3803 439 3842 nearum
475 3788 632 3851 telas,
666 3791 850 3858 sicque
894 3791 1209 3845 obstruebat
1232 3808 1325 3845 ora
1354 3793 1586 3862 impttra.
1620 3794 1887 3847 Caeterum
1915 3792 2009 3845 ubi
2042 3790 2419 3858 loquacitatem
2480 3786 2586 3840 fuci
2674 3784 2785 3853 jam
2844 3782 3022 3837 omnis
3081 3783 3336 3851 impotem
3407 3786 3459 3836 in

196 3880 481 3936 silentium
506 3881 863 3950 compulerat,
898 3893 1004 3935 tota
1040 3885 1282 3937 restabat
1313 3886 1363 3937 in
1392 3884 1546 3939 duris
1610 3885 1807 3939 animis
1887 3883 2217 3950 pervicacia,
2250 3878 2508 3934 dedoceri
2558 3877 2745 3946 utique
2793 3889 3026 3930 renuens
3058 3884 3274 3928 errores
3300 3875 3465 3928 etiam

196 3975 507 4030 convictos.
540 3975 636 4029 llic
669 3986 931 4043 pertaesus
979 3979 1299 4033 stoliditatis
1358 3977 1637 4033 lfontinum
1672 3983 1945 4051 Augustus
1973 3979 2161 4032 deduci
2192 3992 2285 4032 eos
2315 3990 2426 4045 prae
2510 3987 2569 4028 se
2616 3974 2770 4042 jubet
2848 3972 2901 4026 in
2977 3972 3167 4026 urbem
3230 3973 3456 4040 regiam,

199 4073 480 4139 assignata
511 4072 641 4137 ipsis
679 4072 1009 4126 habitatione
1068 4075 1118 4126 in
1147 4075 1446 4142 porticibus
1480 4092 1599 4145 quae
1631 4078 1777 4131 circa
1821 4092 2072 4146 magnum
2112 4074 2375 4143 palatium
2404 4080 2552 4125 sunt.

279 4160 359 4212 Οὐ
420 4160 526 4229 μὴν
570 4159 773 4229 ἆουρος
831 4161 1180 4215 παντάπασιν
1227 4158 1294 4232 ἦν
1346 4166 1395 4216 εἰ
1429 4166 1525 4216 καὶ
1564 4165 1782 4225 τούτους

1967 4163 2057 4217 Sic
2100 4166 2149 4215 in
2194 4176 2431 4231 przesens
2467 4158 2614 4212 finita
2649 4158 2729 4211 vel
2776 4157 2953 4227 potius
2992 4156 3301 4211 intermissa
3343 4172 3467 4211 cum

198 4254 339 4314 τοὺς
367 4254 632 4322 ἀρχαίους
668 4254 861 4322 λόγους
894 4254 974 4324 τῷ
1023 4257 1163 4319 τέως
1191 4258 1291 4309 ούκ
1324 4258 1615 4327 ὲῢήρασεν,
1671 4258 1788 4312 ἀλλ’

199 4347 426 4416 ἡμέρας
463 4347 700 4412 ἑκάστης
752 4348 999 4417 προσῆγε
1038 4349 1177 4415 Θεῷ,
1234 4352 1367 4402 ὅπου
1418 4351 1516 4420 μὲν
1572 4351 1791 4413 ἑκατὸν,

200 4439 348 4490 ὅπου
379 4436 435 4489 δὲ
472 4439 565 4489 καὶ
594 4438 819 4501 πλείους
848 4438 958 4491 τῶν
993 4440 1188 4492 ἑκατόν
1216 4455 1228 4469 ’
1264 4442 1337 4503 ὠς
1376 4442 1793 4511 συμποσούσοαι

198 4530 342 4592 τούς
401 4545 461 4581 τε
514 4530 1037 4599 προτεοηραμένους
1078 4532 1170 4584 καὶ
1216 4533 1343 4595 τοὺς
1384 4534 1480 4587 νῦν
1533 4535 1638 4587 ὑπὸ
1690 4536 1793 4603 τῆς

198 4621 410 4673 τούτου
438 4618 688 4689 γλώττης
721 4621 1060 4684 ἑαλωκότας,
1093 4624 1173 4685 εἰς
1200 4623 1397 4691 μυρίας
1421 4626 1517 4677 καὶ
1545 4624 1792 4693 χιλιάδας

197 4712 430 4780 ἀνδρῶν
462 4711 952 4781 πολυαριθμήτων.
993 4711 1105 4764 Καὶ
1135 4712 1185 4763 τί
1213 4713 1321 4783 γὰρ
1351 4713 1432 4765 δεῖ
1460 4713 1640 4780 λέγειν
1698 4715 1793 4766 καὶ

197 4802 520 4871 διατρίϐειν
555 4805 682 4869 περὶ
712 4796 787 4855 ὧν
822 4805 854 4871 ἡ
892 4802 1157 4871 σύμπασα
1210 4806 1506 4873 οἰκουμένη
1562 4806 1793 4858 ἐπίστα-

196 4914 328 4958 ται,
369 4894 465 4945 καὶ
523 4895 800 4964 μάρτυρές
844 4898 946 4947 εἱσι
994 4896 1089 4948 καὶ
1130 4897 1387 4967 ’Λνατοὶὴ
1438 4899 1533 4950 καὶ
1584 4898 1791 4963 Δύσιςς

200 4990 413 5049 Πόλεις
448 4988 553 5054 γὰρ
585 4988 713 5039 ὅλας
745 4989 838 5039 καὶ
872 4988 1057 5059 χώρας
1087 4992 1207 5051 ταῖς
1241 4990 1612 5047 παντοδαπαῖς
1647 4992 1797 5061 αἱρέ-

199 5099 337 5134 σεσι
378 5078 802 5147 κεκρατημένας
852 5078 1211 5150 πολυτρόπως
1261 5084 1341 5143 εἰς
1388 5083 1485 5151 τὴν
1522 5082 1796 5152 ἡμετέραν

196 5169 509 5241 ὀρθόδοξον
565 5170 872 5239 μετήνεγκε
921 5170 1132 5225 πίστιν.
1185 5173 1324 5236 Τοὺς
1363 5173 1462 5241 μὲν
1501 5173 1569 5225 τὰ
1601 5173 1793 5242 πρῶτα

1894 4257 1977 4311 bis
2013 4255 2186 4308 tribus
2222 4254 2473 4306 tractatio
2519 4263 2599 4304 cst
2627 4269 2639 4302 :
2671 4250 2721 4303 in
2752 4250 2949 4319 quibus
2984 4260 3256 4317 utettnque
3287 4252 3467 4318 perdi-

1895 4347 2036 4399 disse
2065 4344 2324 4398 bactenus
2353 4342 2513 4393 verba
2548 4351 2601 4393 ct
2636 4355 2854 4408 operam
2887 4341 3161 4408 Augustus
3193 4340 3336 4395 visus
3364 4350 3469 4405 est,

1892 4455 1996 4493 non
2033 4447 2211 4491 tanien
2247 4434 2432 4487 irritus
2464 4432 2536 4486 illi
2584 4432 2737 4485 labor
2788 4431 2967 4485 omnis
3013 4432 3277 4498 spiritalis
3314 4432 3472 4502 hujus

1895 4547 1959 4586 ac
1989 4530 2254 4601 religiosa:
2284 4527 2587 4581 venationis
2637 4526 2819 4596 periit.
2858 4524 3095 4595 Singulis
3122 4526 3322 4580 etenim
3354 4526 3473 4580 die—

1894 4625 1995 4679 bus
2026 4622 2416 4677 reconciliabat
2455 4622 2563 4675 Deo
2593 4620 2880 4674 Ιιαετειίροε
2915 4620 3183 4675 interdum
3226 4630 3471 4683 centum,

1894 4731 2277 4786 nonnunquam
2310 4714 2487 4785 plures
2512 4732 2527 4778 ;
2561 4716 2693 4768 adeo
2726 4724 2807 4778 ut,
2838 4714 2879 4767 si
2906 4715 3026 4781 quis
3056 4728 3215 4767 unam
3244 4714 3294 4765 in
3321 4728 3469 4768 sum-

1896 4826 2036 4864 mam
2074 4809 2319 4863 conferat
2348 4818 2455 4861 tam
2486 4824 2579 4863 eos
2619 4807 2710 4876 qui
2745 4807 2911 4876 priori
2958 4807 3181 4874 Augusti
3230 4819 3471 4856 commo-

1896 4904 2109 4957 ratione
2138 4918 2268 4956 voce
2303 4884 2474 4971 ipsius
2504 4917 2565 4955 ac
2602 4901 2782 4965 lingua
2830 4899 3072 4967 persuasi
3110 4898 3470 4964 rcsipucrnnt,

1896 5012 2057 5061 quant
2088 5010 2224 5060 quos
2268 4993 2319 5045 in
2364 4994 2538 5046 reditu
2574 5000 2861 5057 resumpta:
2892 4989 3283 5057 disputationes
3320 4986 3472 5053 ejus-

1893 5086 2016 5138 dem
2061 5083 2228 5154 456
2264 5083 2603 5135 deduxerunt
2656 5077 2721 5128 ab
2770 5091 2976 5138 errore,
3024 5075 3179 5129 facile
3221 5074 3273 5126 in
3304 5074 3469 5127 multa

1907 5174 2071 5225 millia
2112 5188 2174 5226 ac
2205 5173 2475 5239 myriadas
2508 5177 2789 5223 excrescat
2815 5182 3093 5221 numerus.
3131 5165 3300 5235 Cujus
3334 5165 3473 5219 allir-

1290 5287 1490 5348 Variae
1528 5286 1833 5348 lectiones
1874 5302 1948 5346 ex
1974 5288 2113 5347 col.
2148 5284 2415 5345 Coislin.

289 5392 311 5422 ³
344 5388 688 5459 συνεκρότει.
767 5396 788 5427 ι
818 5389 967 5443 ἄλλο.

1308 5480 1449 5539 Car.
1490 5477 1812 5539 Dufresuii
1845 5482 1939 5540 Du
1978 5481 2196 5557 Cangii
2233 5488 2419 5540 notae.

281 5584 401 5653 (65)
447 5578 848 5653 Περιδρᾴμους
878 5578 1083 5653 στοάς.
1115 5578 1361 5632 Porticus
1395 5578 1782 5653 [tnlnlitttttuattt'

1910 5581 2189 5653 Iuliorum,
2213 5597 2437 5653 quarum
2462 5580 2702 5653 tnctninit
2721 5579 3013 5634 Chronicon
3040 5580 3475 5645 .-lt'cxam!riuum,

195 5648 453 5716 bien‘es,
501 5654 555 5703 in
600 5649 794 5717 quibus
823 5652 1165 5703 eXrubahant
1219 5650 1525 5717 praetoriani
1579 5648 1799 5710 milites,

192 5732 271 5781 ad
311 5726 483 5795 regia:
514 5731 569 5771 et
606 5721 971 5795 imperatoris
1014 5720 1203 5795 ipsius
1231 5719 1529 5795 custodiam
1582 5717 1799 5795 delecti,

236 5812 346 5851 uas
374 5788 899 5861 Eli-ganti_carmine
943 5789 1234 5861 descripsit
1281 5788 1569 5861 Cnrippns,
1611 5790 1717 5861 lib.»
1744 5803 1799 5841 Ill

216 5856 276 5925 λε
310 5856 577 5921 laudibus
610 5856 832 5913 Jusliui.
864 5858 967 5912 llas
1000 5860 1140 5912 intrr
1172 5870 1324 5913 crant
1356 5858 1596 5926 porticus
1632 5857 1801 5911 Scho-

1914 5667 2006 5705 au.
2036 5650 2236 5702 Justiti.
2273 5651 2306 5704 5
2336 5668 2349 5715 ;
2382 5652 2623 5702 cxvubita
2658 5652 2709 5701 in
2746 5653 3054 5702 universum
3097 5650 3255 5702 dicta:
3288 5667 3355 5703 un
3383 5670 3475 5707 ιιι-ε

1914 5720 2155 5783 Zonara-,
2186 5719 2222 5773 S
2257 5722 2431 5789 ylirzze
2467 5730 2519 5773 ct
2550 5719 2778 5784 Codinn,
2822 5724 2873 5772 in
2909 5720 3053 5785 Orig.
3092 5716 3198 5771 (ΣΡ.
3223 5736 3239 5783 ;
3264 5726 3446 5773 εαειιτρὲ

1903 5792 2064 5855 toria,
2092 5793 2296 5845 auctori
2328 5793 2391 5845 de
2428 5791 2618 5845 exsilio
2650 5789 2704 5843 S.
2744 5792 2954 5844 Martini
2986 5790 3083 5842 PP.
3122 5791 3249 5843 Vide
3278 5807 3326 5859 p.
3354 5792 3454 5845 49$
