3992 6278
231 363 374 431 “l3

1527 374 1933 435 ALEXIADIS
1970 378 2112 440 LIB.
2153 379 2278 444 XV.

3334 383 3478 451 Illi

227 481 416 549 τηγὼν
461 479 562 551 τὴν
611 483 847 555 μελέτην
887 485 1246 557 ποιουμένων,
1279 488 1336 542 ἐν
1377 486 1454 556 τῷ
1502 487 1705 557 μεταξὺ
1753 505 1778 538 τ

1882 492 2154 544 .nondum
2186 492 2321 548 satis
2357 501 2561 564 parata:
2604 511 2666 551 ac
2713 497 3045 555 confirmatae
3089 498 3345 568 perfidiae.
3392 501 3474 554 Ah

228 571 465 642 σύνηθες
493 571 717 645 ἄλγημα
744 576 852 630 τῶν
877 578 1052 632 ποδῶν
1077 580 1278 650 συνέϐη
1307 579 1388 650 τῷ
1417 580 1801 648 αὐτοκράτορι,

225 663 325 712 καὶ
347 661 609 732 δυνάμεις
633 665 1008 736 ἁπανταχόθεν
1031 667 1133 738 μὲν
1157 670 1467 741 συνέρρεον,
1504 669 1640 723 ἀλλᾶ
1665 668 1805 721 κατὰ

225 753 504 822 στράγγα,
555 755 650 808 καὶ
696 758 796 809 οὐκ
842 758 1058 830 ἀθρόον,
1097 760 1184 814 διὰ
1227 763 1288 814 το
1338 764 1522 833 πόρρω
1564 780 1663 814 που
1707 761 1804 822 τὰς

225 844 383 911 σφῶν
404 843 545 899 εἶναι
569 849 856 918 πατρίδας.
900 852 965 903 'H
982 851 1037 904 δέ
1064 869 1125 918 γε
1157 853 1314 924 ὀδύνη
1343 855 1571 922 ἀπεῖργε
1589 851 1800 915 τοῦτον,

222 935 289 987 οὐ
317 936 430 988 ,τοῦ
480 940 843 1007 προκειμένου
893 943 1056 1010 μόνου
1107 945 1346 1011 ἅψασθαι
1399 942 1622 1004 σκοποῦ,
1665 942 1801 994 ἀλλὰ

224 1028 324 1080 καὶ
363 1028 460 1081 τοῦ
501 1030 739 1098 βαδίζειν
773 1032 990 1097 ἁπλῶς,
1027 1037 1120 1086 καὶ
1159 1034 1420 1104 κλινήρης
1453 1033 1528 1086 ὢν
1564 1033 1760 1103 ἤχθετο
1783 1071 1798 1094 .

221 1117 288 1168 οὐ
324 1119 576 1172 τοσοῦτον
607 1122 694 1174 διὰ
719 1121 816 1191 τὴν
840 1122 948 1174 τῶν
983 1125 1157 1178 ποδῶν
1182 1125 1567 1195 περιωδυνίαν,
1601 1125 1799 1176 ὁπόσον

223 1205 316 1258 διὰ
361 1206 458 1277 τὴν
507 1209 775 1276 ἀναϐολὴν
813 1211 907 1264 τοῦ
948 1215 1085 1266 κατὰ
1123 1215 1228 1265 τῶν
1273 1214 1573 1284 Βαρϐάρων
1611 1212 1794 1282 ἔργου.

221 1297 343 1347 Οὐκ
394 1298 651 1351 ἐλάνθανε
703 1301 873 1355 ταῦτα
919 1305 1009 1356 τὸν
1053 1305 1327 1375 βάρϐαρον
1375 1305 1796 1368 Κλιτζιασθὶᾶν.

225 1387 421 1440 Ἔνθεν
475 1406 558 1441 τοι
604 1392 692 1442 καὶ
735 1393 1119 1466 ἀμεριμνήσας
1160 1397 1220 1450 τὸ
1265 1399 1436 1467 παρὸν
1459 1397 1556 1468 τὴν
1617 1397 1798 1450 Ἀσίαν

220 1475 445 1530 ἅπασαν
503 1479 768 1550 ἐληῖζετο,
825 1485 1052 1548 ἑπτάκις
1105 1489 1245 1540 κατὰ
1295 1489 1402 1538 τῶν
1451 1487 1796 1556 Χριστιανῶν

220 1565 492 1634 ἐκδρομὰς
537 1572 908 1642 ποιησάμενος
930 1590 942 1602 ·
986 1577 1079 1630 καὶ
1119 1580 1226 1647 γὰρ
1262 1578 1384 1630 οὐδέ
1421 1595 1548 1632 ποτε
1584 1581 1677 1632 ἐπὶ
1709 1596 1795 1633 το·

218 1656 414 1710 σοῦτον
447 1660 506 1712 τὺ
535 1661 696 1730 ἄλγος
727 1665 905 1718 έκεῖνο
949 1667 1037 1720 τὸν
1082 1670 1460 1741 αὐτοκράτορα
1508 1672 1791 1741 κατέσχεν.

231 1748 330 1801 Ἐκ
362 1750 746 1823 διαστημάτων
780 1758 885 1828 γὰρ
921 1761 1151 1831 μακρῶν
1186 1764 1409 1832 προτοῦ,
1451 1766 1791 1835 ἐπερχομένη

217 1843 397 1915 τούτῳ
433 1849 466 1918 ἡ
503 1850 656 1916 vdeo;
687 1853 748 1905 οὐ
785 1855 1108 1926 περιοδικῶς
1143 1858 1202 1910 τὸ
1250 1859 1502 1927 τηνικάδε
1545 1862 1792 1930 ἀπήντη-

221 1951 342 2000 σεν,
391 1939 525 1993 ἀλλὰ
567 1945 794 2014 συνεχὴς
842 1943 930 2018 ἦν,
987 1951 1079 2002 καὶ
1119 1951 1453 2023 ἐπαλλήλους
1487 1953 1614 2016 τοὺς
1653 1971 1792 2023 παρα

217 2026 492 2098 οξυσμούς
524 2035 718 2090 ἐδίδου.
774 2037 936 2092 Ἀλλὰ
977 2042 1131 2095 τοῦτο
1172 2043 1234 2096 τὸ
1276 2045 1446 2108 πάθος
1492 2047 1788 2117 πρόσχημα

216 2119 396 2174 ἐδόκει
425 2126 536 2186 τοῖς
571 2128 698 2198 περὶ
721 2129 812 2181 τὸν
841 2132 1241 2196 Κλιτζιασθλᾶν
1268 2139 1570 2206 νοσήματος
1593 2139 1654 2191 οὐ
1688 2139 1789 2208 μέν

213 2227 298 2262 τοι
337 2212 573 2282 νόσημα,
607 2216 722 2269 ἀλλ’
745 2218 903 2282 ὄκνος
938 2223 1032 2275 καὶ
1067 2223 1308 2294 ῥᾳθυμία
1336 2226 1533 2292 ἔξωθεν
1567 2230 1786 2297 περιϐε-

213 2298 457 2372 ϐλημένη
498 2305 596 2374 τὴν
631 2307 943 2376 ποδαλγίαν,
986 2315 1280 2368 καεκτεῦθεν
1314 2317 1484 2372 πολλὰ
1524 2319 1783 2384 πολλάκις

211 2393 595 2457 ἀπέσκωπτον.
629 2399 732 2452 κάν
751 2404 868 2464 ταῖς
901 2404 1094 2472 μέθαις
1135 2410 1236 2459 κᾶν
1261 2411 1368 2471 τοῖς
1401 2409 1584 2474 πότοις
1615 2412 1783 2463 καθά·

211 2500 320 2554 περ
356 2485 642 2554 αὐτοφυεῖς
694 2492 956 2563 ῥήτορες,
984 2495 1270 2566 ἠθοποιίας
1309 2502 1409 2567 τῆς
1456 2500 1566 2552 τῶν
1606 2501 1784 2554 ποδῶν

208 2573 406 2645 ὀδύνης
435 2579 527 2631 τοῦ
552 2580 951 2653 αὐτοκράτορος
974 2588 1022 2638 οἰ
1049 2587 1324 2660 Βάρϐαροι
1350 2592 1646 2646 ἐποιοῦντο.
1676 2594 1784 2646 Καὶ

210 2670 506 2740 κωμῳδίας
535 2672 747 2740 ἐγίνετο
779 2678 1052 2746 πρόφασις
1077 2683 1106 2749 ἠ
1148 2682 1254 2733 τῶν
1291 2682 1467 2735 ποδῶν
1494 2684 1744 2754 ἀλγηδών
1764 2701 1778 2714 ο

208 2760 479 2830 πρόσωπα
504 2763 611 2835 γὰρ
638 2766 840 2837 ίατρῶν
875 2785 933 2821 τε
970 2772 1062 2822 καὶ
1090 2773 1197 2826 τῶν
1231 2776 1360 2843 περὶ
1391 2780 1480 2828 τὶν
1508 2777 1780 2845 αὐτοκρά-

207 2868 346 2919 τορα
362 2852 803 2926 διαπονουμένων
826 2860 1188 2929 ὑποκρίνοιτο.
1223 2866 1316 2918 καὶ
1343 2867 1502 2918 αὐτὸν
1526 2868 1660 2937 δῆτα
1692 2869 1780 2921 τὸν

208 2943 434 3026 βασιλέα
483 2948 565 3010 εἰς
619 2950 681 3002 τὸ
726 2951 892 3019 μέσον
942 2957 1280 3024 παράγοντες
1317 2960 1410 3012 καὶ
1454 2960 1777 3030 ἀναθέμενοι

206 3036 300 3087 ἐπὶ
333 3035 523 3100 κλίνης
549 3040 912 3108 προσπαίζειν
935 3043 1104 3113 ᾤοντο
1124 3086 1140 3111 ,
1175 3049 1268 3100 καὶ
1293 3049 1384 3102 ἐπὶ
1409 3050 1633 3114 ταύταις
1660 3054 1779 3114 ταῖς

1907 580 2008 635 hoc
2036 582 2251 638 decreto
2302 594 2441 640 lotus
2491 589 2718 643 vertitur
2745 589 2810 644 ad
2841 590 3022 660 copias
3060 591 3327 661 cogendas
3356 605 3474 659 qum

1905 672 2044 728 bello
2073 677 2308 733 maximo
2337 693 2542 734 summa
2571 681 2621 734 vi
2654 682 2888 750 gerendo
2917 681 3246 738 sut’licercut.
3295 681 3474 736 Missis

1906 763 2069 832 igitur
2109 768 2175 821 ad
2205 781 2392 838 gentes
2419 771 2624 826 vicinas
2657 773 2963 829 hominibus
2995 774 3221 838 idoneis,
3277 774 3470 841 partim

1904 868 2156 927 corrogat
2181 861 2376 914 auxilia
2403 863 2673 917 sociorum
2697 906 2710 928 ,
2745 864 2940 932 partim
2989 867 3236 919 mercede
3261 865 3465 919 condu-

1903 957 2044 1001 ctam
2079 950 2325 1004 militiam
2357 954 2583 1014 advocat
2619 954 2900 1022 plurimam
2929 993 2946 1019 ,
2981 954 3140 1008 simul
3186 957 3466 1024 proprium

1903 1041 2202 1095 exercitum
2239 1046 2594 1114 undecunque
2624 1048 2690 1100 ad
2726 1062 2783 1101 se
2813 1047 3038 1116 colligit.
3078 1049 3309 1102 Ducibus
3340 1062 3468 1100 am-

1903 1131 2092 1185 barum
2127 1135 2356 1204 partium
2393 1138 2470 1192 sic
2507 1139 2769 1194 adversus
2798 1155 2916 1194 sese
2956 1142 3183 1195 invicem
3217 1141 3468 1209 utrinque

1903 1229 2240 1295 parantibus,
2276 1231 2460 1286 revisit
2506 1233 2886 1302 imperatorem
2931 1234 3210 1288 familiaris
3269 1235 3464 1304 pedum

1903 1317 2058 1372 dolor
2094 1338 2107 1374 :
2145 1335 2264 1375 cum
2295 1337 2402 1390 quo
2432 1325 2552 1376 dum
2596 1325 2684 1378 ille
2732 1325 3098 1387 conflictatur,
3129 1327 3470 1380 confluebant

1901 1413 2098 1463 sensim
2130 1421 2182 1465 ct
2207 1415 2360 1483 quasi
2397 1417 2647 1482 guttatim
2706 1415 2865 1481 iussae
2918 1418 3205 1471 convenire
3250 1419 3467 1483 copiae:

1901 1517 2000 1555 nec
2029 1518 2208 1557 moras
2239 1507 2506 1574 castigare
2533 1509 2660 1560 lenti
2695 1508 2890 1577 negotii
2923 1508 3256 1561 aut'omnino
3278 1523 3468 1575 urgere

1901 1594 2235 1662 propositum
2295 1597 2485 1652 rnorbo
2543 1599 2835 1666 inmlicitus
2893 1599 3140 1661 difficili,
3207 1615 3271 1653 ac
3326 1599 3466 1666 quod

1900 1682 2096 1750 plantis
2163 1685 2412 1741 insistere
2488 1693 2650 1756 atque
2719 1688 2924 1757 ingredi
2999 1689 3268 1757 nequiret,
3329 1690 3467 1742 lecto

1900 1778 2206 1831 necessario
2228 1779 2416 1834 afllxus
2441 1783 2571 1835 satis
2600 1781 2892 1849 imperator
2921 1789 3149 1850 poterat.
3175 1782 3463 1852 IEgritudo

1899 1882 2058 1934 porro
2113 1870 2520 1925 decumbontem
2581 1872 2728 1925 illum
2778 1872 2940 1926 animi
2993 1873 3270 1928 molestior
3303 1889 3463 1942 quam

1895 1961 2135 2026 corporis
2158 1962 2410 2030 angebat.
2446 1963 2659 2017 Homini
2713 1965 2858 2018 eiiim
2907 1965 3309 2020 Studiosissimo
3359 1966 3466 2020 rei-

1892 2050 2120 2118 publica:
2166 2053 2397 2108 toleratu
2448 2052 2660 2108 facilior
2716 2055 2872 2124 longe
2928 2055 3212 2110 videbatur
3269 2057 3462 2125 pedum

1893 2140 2046 2195 dolor
2077 2145 2418 2211 quantusvis,
2452 2161 2612 2212 quam
2651 2146 2838 2200 dilatio
2861 2147 3226 2216 expeditionis
3272 2163 3463 2200 ncces-

1891 2234 2050 2287 saria:
2096 2235 2148 2289 in
2189 2235 2454 2291 Barbaros
2520 2238 2662 2292 bono
2719 2238 2928 2307 publico
2978 2251 3264 2308 susceptae.
3322 2238 3461 2293 Nihil

1893 2326 2081 2378 horum
2115 2326 2273 2380 latuit
2304 2327 2766 2382 Clitziastblanem
2793 2330 3090 2384 Turcorum
3123 2331 3458 2400 principem;

1891 2416 2073 2486 itaque
2109 2418 2154 2473 is
2188 2420 2254 2473 ab
2288 2420 2613 2488 imperatore
2667 2421 2882 2474 interim
2943 2435 3187 2486 securus,
3245 2421 3461 2475 effusis-

1886 2510 2022 2564 sime
2051 2520 2214 2565 totam
2242 2512 2540 2566 latrociniis
2573 2512 2865 2582 infestabat
2886 2511 3091 2576 Asiam,
3125 2521 3333 2580 septem
3363 2527 3458 2580 per

1887 2603 1936 2657 id
1968 2615 2176 2671 tempus
2202 2605 2425 2659 diversis
2451 2604 2501 2657 in
2524 2603 2864 2658 Christianos
2887 2604 3282 2660 incursionibus
3304 2619 3458 2673 gras-

1885 2706 2054 2750 satus.
2092 2694 2326 2764 Tempus
2377 2696 2493 2762 eius
2529 2693 2700 2750 furori
2763 2696 2926 2750 dabat
2985 2696 3196 2765 longius
3240 2696 3457 2750 morbus

1885 2786 2248 2856 imperatoris,
2290 2801 2396 2856 quo
2433 2786 2520 2841 ille
2557 2796 2684 2842 tunc
2731 2789 2967 2842 atrocius
3016 2787 3457 2856 pertinaciusque

1883 2892 2042 2946 quam
2077 2893 2302 2946 usquam
2346 2877 2480 2932 alias
2519 2887 2754 2932 tentatus
2793 2886 2898 2932 est.
2934 2876 3068 2931 Cum
3096 2881 3238 2932 enim
3263 2894 3327 2932 ex
3370 2879 3455 2930 in-

1885 2969 2120 3024 tervallis
2143 2979 2296 3022 antea
2320 2969 2584 3023 duntaxat
2611 2971 2783 3025 redire
2805 2971 3030 3042 languor
3053 2971 3452 3033 consuevisse',

1885 3069 2010 3112 tunc
2037 3059 2154 3111 sine
2187 3057 2584 3112 intermissione
2627 3059 2732 3112 ulla
2770 3063 3030 3118 continuo
3058 3063 3202 3116 illum
3247 3063 3452 3132 afﬂige-

205 3127 447 3188 παιδιαῖς
469 3129 640 3196 γέλως
665 3134 774 3195 τοῖς
795 3133 1094 3207 Βαρϐάροις
1124 3141 1326 3209 ἐπῆρτο
1348 3142 1533 3204 πολύς.
1562 3141 1637 3196 Οὐ
1673 3144 1778 3212 μὴν

1887 3152 1976 3203 bat
2042 3164 2202 3203 sensu
2276 3148 2519 3212 doloris,
2579 3152 2918 3218 angescentis
2990 3155 3209 3222 quidem
3289 3155 3454 3210 certis

204 3223 468 3279 ἐλάνθανε
498 3225 672 3281 ταῦτα
707 3228 798 3282 τὸν
833 3231 1229 3304 αὐτοκράτορα,
1264 3238 1558 3290 κάντεῦθεν
1585 3237 1743 3307 ὴρεθί

205 3315 334 3379 ζετο
377 3317 512 3384 πρὸς
554 3319 650 3388 τὴν
694 3321 812 3373 κατ’
839 3323 1019 3374 αὐτῶν
1061 3325 1247 3394 μάχην¹
1281 3326 1481 3392 μᾶλλον
1507 3327 1772 3396 παμφλά-

204 3406 367 3469 ζοντα
391 3408 482 3461 τοῦ
506 3409 704 3479 θυμοῦ.
735 3413 807 3465 Οὐ
841 3414 972 3466 πολὺ
999 3415 1135 3468 τὸέν
1161 3417 1311 3488 μέσῳ
1335 3419 1426 3469 καὶ
1458 3419 1774 3486 κουφισθεὶς

197 3498 301 3566 τῆς
351 3497 568 3567 ὀδύνης,
613 3500 713 3570 τῆς
761 3505 1130 3576 προκειμένης
1179 3507 1493 3577 ὁδοιπορίας
1547 3509 1760 3578 εἴχετο·

195 3591 298 3659 τήν
329 3606 388 3641 τε
425 3590 669 3659 Δάμαλιν
702 3592 1056 3664 διαπεράσας,
1083 3599 1174 3651 καὶ
1201 3599 1292 3651 τὸν
1322 3600 1635 3668 άναμεταξὺ
1670 3603 1769 3654 Κι-

195 3681 359 3750 ϐωτῷ
391 3683 622 3754 αἰγιαλῴ
650 3685 1117 3757 διαπλωῖσάμενος
1146 3690 1409 3762 πορθμὸν,
1434 3695 1527 3748 καὶ
1546 3695 1641 3764 τὴν
1665 3697 1767 3748 Κι-

197 3773 374 3826 Cios-iv
413 3775 757 3841 καταλαῦὼν,
793 3780 1005 3832 ἐκεῖθεν
1044 3783 1122 3846 είς
1154 3785 1214 3836 το
1247 3786 1515 3840 Λοπάδιον
1547 3788 1768 3854 ἄπεισι,

196 3865 300 3934 τὴν
334 3867 442 3919 τῶν
473 3869 769 3935 ταγμάτων
805 3873 1154 3944 ἐκδεχόμενος
1185 3878 1400 3943 ἄφιξιν,
1444 3880 1535 3932 καὶ
1572 3881 1770 3934 ὁπόσον

200 3958 592 4029 μισθοφορικὸν
628 3963 1030 4032 μετεπέμπετο.
1078 3965 1250 4019 Ἐπὰν
1285 3969 1340 4020 δὲ
1380 3970 1767 4038 συνε).ηλύθει‹

198 4067 300 4101 σαν
342 4049 615 4114 ἅπαντες,
657 4052 876 4123 ἀπάρας
913 4053 1125 4107 ἐκεῖθεν
1159 4056 1255 4108 σὺν
1286 4057 1436 4121 ὅλαις
1471 4060 1768 4130 δυνάμεσι,

193 4139 259 4191 τδ
321 4139 415 4192 τοῦ
472 4141 640 4212 κυροῦ
701 4144 978 4214 Γεωργίου
1036 4145 1449 4218 καταλαμϐάνει
1510 4153 1770 4222 φρούριον

193 4233 368 4303 ἀγχοῦ
401 4233 502 4303 τῆς
531 4237 596 4305 τῇ
638 4236 843 4307 Νικαία
873 4240 1260 4313 παρακειμένῃ
1294 4241 1459 4315 λίμνῃ
1487 4243 1770 4315 διακείμε-

192 4343 285 4378 νον
307 4343 322 4356 ·
353 4327 590 4380 κακεῖθα
619 4328 659 4362 ¹⁸
687 4330 768 4393 είς
795 4329 1052 4385 Νίκαιαν.
1082 4329 1213 4386 Εἶτα
1243 4334 1329 4388 διὰ
1353 4337 1520 4406 τριῶν
1545 4338 1769 4409 ἡμερῶν

189 4413 350 4479 αὖθις
384 4417 718 4489 ὑποστρέφει
755 4421 906 4474 ἔνθεν
944 4422 1041 4492 τῆς
1072 4441 1135 4491 γε
1175 4424 1266 4478 τοῦ
1295 4427 1563 4481 Λοπαδίου
1599 4430 1767 4499 γεφύ-

195 4525 320 4579 ρας,
357 4510 451 4561 καὶ
489 4511 904 4580 στρατοπεδεύει
944 4515 1087 4566 κατὰ
1121 4514 1216 4586 τὴν
1249 4515 1439 4586 βρύσιν
1466 4517 1560 4571 τοῦ
1595 4539 1766 4590 καρυ-

185 4600 333 4658 κέως
381 4600 744 4670 καλουμένην,
796 4602 939 4656 οὕτω
984 4605 1141 4670 δόξαν
1191 4607 1358 4676 αὐτῷ,
1419 4610 1506 4663 ἵνα
1559 4615 1620 4664 τὸ
1669 4614 1766 4682 μὲν

187 4690 512 4761 στράτευμα
555 4691 819 4760 πρότερον
859 4693 944 4746 διὰ
984 4694 1080 4764 τῆς
1122 4696 1367 4767 γεφύρας
1404 4700 1762 4770 summa“,

182 4782 244 4832 ἐν
280 4780 553 4850 ἐπικαίρῳ
589 4782 739 4845 τόπῳ
768 4785 867 4845 τὰς
896 4786 1098 4854 σκηνάς
1132 4788 1404 4857 πήξηται,
1437 4787 1557 4862 κᾷθ’
1593 4793 1763 4860 οὕτως

180 4873 282 4924 καὶ
335 4872 497 4933 αὐτὸς
551 4873 578 4924 ὁ
629 4875 987 4946 αὐτοκράτωρ
1030 4877 1120 4930 διὰ
1158 4879 1259 4946 τῆς
1302 4882 1471 4950 αὐτῆς
1518 4885 1764 4955 γεφύρας

180 4961 415 5014 διελθὼν
455 4964 591 5030 μετὰ
625 4967 822 5027 παντὸς
853 4965 948 5017 τοῦ
990 4969 1396 5040 στρατεύματος
1425 4973 1524 5041 τὴν
1557 4975 1766 5044 βασιλι-

180 5056 289 5124 κὴν
312 5056 583 5126 καταθείη
611 5061 839 5128 σκηνήν.
871 5062 932 5112 Ol
954 5061 1008 5114 δὲ
1038 5066 1478 5134 μηχανικώτατοι
1504 5070 1759 5139 Τοῦρκοι,

177 5150 250 5199 τὰ
280 5149 424 5200 κατὰ
455 5148 552 5218 τὴν
580 5153 707 5218 περὶ
739 5152 864 5212 τοὺς
893 5155 1167 5221 πρόποδας
1187 5158 1293 5211 τῶν
1314 5161 1642 5224 Λεντιανῶν,
1668 5164 1763 5214 καὶ

177 5238 281 5306 τῆς
315 5235 460 5289 οὕτω
493 5239 835 5309 καλουμένης
867 5242 1252 5313 Κοτοιραικίας
1281 5249 1632 5319 διακειμένην
1664 5269 1760 5303 πε-

179 5329 345 5382 διάδα
379 5329 717 5398 ληϊζόμενοι,
757 5331 883 5384 ἐπεὶ
926 5334 1024 5403 τὴν
1064 5343 1160 5388 τοῦ
1207 5339 1608 5409 αὐτοκράτορος
1643 5341 1765 5395 κατ’

179 5422 368 5475 αὐτῶν
406 5423 820 5491 μεμαθήκεισαν
850 5423 1055 5492 ἕφώον,
1092 5429 1588 5496 ὲκδειματωθέντες
1623 5452 1764 5505 παρ-

177 5520 422 5577 αυτίκα,
486 5519 725 5585 πυρετοὺς
784 5520 1141 5586 παμπόλλους
1207 5524 1454 5593 ἀνῆψαν,
1511 5527 1760 5580 ἐντεῦθεν

176 5606 488 5677 φαντασίαν
529 5610 642 5670 τοῖς
684 5609 852 5678 ὁρῶσι
899 5615 1159 5682 στρατιᾶς
1199 5615 1398 5684 πολλῆς
1427 5617 1757 5688 παρέχοντες

1880 3242 2224 3306 accessibus;
2289 3255 2566 3310 nunquam
2634 3249 2814 3295 tamen
2881 3242 2955 3296 ita
3009 3244 3333 3298 remitteulis
3395 3254 3455 3298 ut

1872 3333 2104 3388 liberum
2131 3332 2394 3394 molestia,
2428 3331 2511 3386 vel
2536 3332 2698 3386 rebus
2726 3332 2971 3388 idoneum
3002 3336 3252 3402 gerendis
3288 3334 3454 3387 relin-

1876 3435 2066 3494 queret
2089 3425 2411 3494 Augustum.
2431 3423 2635 3478 Interea
2663 3433 2859 3494 praeter
2883 3427 3156 3482 licentiam
3177 3426 3450 3496 prmdandi

1874 3517 2037 3572 etiam
2074 3516 2356 3572 cavillandi
2381 3531 2566 3572 ansam
2598 3533 2747 3570 mora
2775 3527 2921 3572 tanta
2943 3518 3332 3575 Clitziasthlani
3357 3521 3452 3575 da-

1873 3613 1988 3668 bat.
2023 3610 2146 3666 llazc
2168 3619 2287 3666 erat
2319 3611 2518 3679 passim
2569 3611 2672 3681 ipsi
2713 3613 2937 3680 ejusque
2996 3612 3187 3667 aulicis
3223 3612 3447 3667 materia

1872 3701 2556 3774 sermonum,pr:etendere
2589 3702 2966 3771 imperatorem
2991 3717 3118 3758 vero
3150 3703 3329 3759 timori
3365 3702 3447 3757 fa-

1875 3813 2016 3851 mam
2039 3797 2348 3849 mendacem
2368 3795 2559 3857 morbi,
2583 3808 2742 3862 quem
2765 3795 2882 3849 ideo
2898 3795 3175 3851 simularet
3193 3805 3248 3849 ut
3263 3811 3450 3851 socor-

1874 3889 1975 3945 diae
2012 3898 2170 3957 atque
2198 3886 2424 3957 ignaviae
2454 3886 2728 3940 infamiam
2766 3887 3137 3956 lucrifaceret;
3192 3899 3354 3958 atque
3390 3890 3446 3944 in

1873 3997 1992 4037 eam
2021 3980 2343 4034 sententiam
2371 3980 2535 4033 multa
2577 3980 2717 4034 salse
2744 3979 2882 4034 inter
2901 3980 3111 4049 patinas
3141 3980 3448 4051 calicesque

1871 4073 2030 4146 461
2056 4071 2398 4137 joCabantur,
2433 4071 2590 4125 faceti
2629 4071 2874 4126 homines
2902 4071 3172 4129 videlicet.
3209 4086 3273 4125 ac
3304 4072 3449 4126 velut

1873 4163 2269 4231 extemporanei
2308 4162 2550 4216 rhetores
2583 4162 2868 4230 exquisitis
2912 4162 3098 4231 figuris
3155 4162 3444 4232 podagram

1875 4254 2218 4323 imperatoris
2271 4253 2638 4309 celebrabant.
2695 4252 2834 4318 Quin
2882 4253 3044 4306 etiam
3095 4253 3272 4308 scenis
3323 4267 3442 4307 eam

1876 4344 2078 4398 dabant
2124 4351 2497 4410 argumentum
2529 4342 2742 4398 fabulae.
2777 4341 3220 4398 Producebantur
3257 4356 3445 4410 perso-

1875 4436 1983 4490 nali
2058 4435 2292 4500 medici,
2360 4435 2640 4506 longaeque
2714 4435 2950 4505 ipsorum
3019 4434 3446 4491 consultationes

1871 4529 1935 4583 de
1986 4529 2325 4596 imperatoris
2377 4528 2600 4592 morbo,
2651 4537 2762 4582 tum
2796 4528 3237 4583 administrorum
3289 4526 3445 4583 fami-

1866 4616 2077 4670 liarium
2115 4616 2372 4684 obsequia
2399 4615 2464 4669 ad
2497 4614 2766 4669 theatrum
2803 4618 2902 4671 sub
2925 4617 3070 4670 larva
3098 4615 3442 4682 ludebantur;

1863 4723 1964 4762 nec
2018 4710 2205 4763 deerat
2257 4709 2368 4776 ipse
2426 4707 2708 4762 simulatus
2764 4708 3060 4778 imperator
3112 4723 3234 4762 cum
3300 4707 3443 4763 lecto

1864 4800 2047 4854 illatus
2088 4799 2141 4852 in
2203 4799 2441 4854 medium
2491 4809 2545 4852 et
2589 4799 2698 4852 risu
2739 4799 3127 4868 procacissimo
3164 4799 3441 4852 traductus

1863 4891 2149 4944 otiantium
2200 4891 2587 4946 Barbarornm.
2643 4888 3039 4942 Referebantur
3071 4887 3134 4940 ad
3189 4885 3434 4940 Alexium

1865 4983 1978 5036 lucc
2009 4982 2157 5050 ipsa,
2187 4982 2704 5046 cxsuscilabantque
2745 4993 2960 5048 gravem
3000 4977 3168 5045 ipsius
3214 4979 3349 5030 iram
3381 4985 3438 5030 ct

1861 5073 2204 5140 cupiditatem
2237 5073 2606 5125 vehementem
2636 5067 2964 5121 ulciscendae
2987 5081 3151 5132 quam
3200 5069 3432 5136 primum

1863 5165 1976 5216 acri
2010 5179 2183 5231 pugna
2238 5161 2599 5216 contumelias.
2638 5157 2821 5212 Rediit
2870 5158 3160 5225 aliquando
3188 5158 3436 5211 valetudo

1862 5255 2051 5307 melior
2096 5253 2332 5319 expetita
2364 5250 2543 5304 Iandiu
2577 5288 2592 5314 ,
2648 5258 2742 5300 aut
2771 5257 2918 5303 certe
2970 5249 3042 5302 ita
3089 5264 3150 5304 se
3174 5248 3438 5303 relaxavit

1862 5343 2035 5406 dolor,
2067 5350 2124 5393 ut
2171 5339 2448 5409 preposito
2507 5339 2689 5393 itineri
2740 5341 2998 5392 mandare
3050 5353 3110 5392 se
3159 5341 3434 5409 Augustus

1862 5441 2063 5502 posset.
2092 5430 2342 5496 Trajecto
2367 5431 2526 5500 igitur
2561 5428 2836 5495 Bosphoro
2868 5444 2931 5482 ac
2960 5431 3078 5482 sinu
3109 5430 3250 5498 quod
3278 5428 3426 5482 illinc

1865 5525 2111 5579 Cibotum
2159 5531 2304 5576 recta
2356 5517 2600 5590 pergenti
2658 5519 3131 5572 transmittendum
3165 5517 3424 5583 occurrit,

1866 5613 2260 5678 transfretato;
2316 5611 2617 5678 castrisque
2659 5610 2835 5665 obiter
2883 5610 2936 5665 in
2985 5611 3100 5679 ipso
3130 5610 3220 5668 illo
3252 5609 3434 5664 littore

1259 5733 1458 5795 Variae
1505 5734 1810 5800 lectiones
1846 5756 1922 5800 ex
1955 5737 2101 5800 cod.
2135 5733 2399 5797 Coislin.

247 5807 288 5843 ⁸⁸
336 5802 620 5860 κάκεῖθεν.
