3992 6278
595 359 740 425 1119

1899 367 2120 428 ANNzE
2146 363 2530 426 COMNENE

3647 343 3748 433 tuo

595 473 810 541 penitus
841 474 1080 530 abditum
1129 475 1494 544 penetralibus
1536 475 1838 538 continuit,
1905 479 2046 532 nulla
2099 488 2158 531 ut

2189 495 2231 551 Α
2260 473 2667 544 αὐτοκράτορος
2701 467 2950 533 ἇκουταί
2977 469 3074 523 καὶ
3118 469 3298 522 ⁷³⁸³³⁸νᾶ
3353 475 3744 546 περιστρεφομὲιη

598 576 768 630 usque
810 563 860 616 in
887 579 1096 630 vocem,
1142 577 1350 634 gestum
1421 576 1679 622 nutumve
1725 568 1889 620 ullum
1936 569 2172 634 trepida-

599 651 761 705 tionis
800 653 995 709 indicia
1027 659 1328 723 prodierint
1359 675 1374 722 ;
1411 658 1537 726 quin
1575 660 1756 728 potius
1783 659 1932 714 vultu
1969 660 2174 713 fronte-

598 755 704 809 que
752 757 814 798 ac
845 753 984 798 statu
1015 747 1258 814 corporis
1287 747 1672 802 firmitudinem
1713 747 1920 801 virilem
1975 758 2170 802 erectae

602 833 796 886 mentis
873 843 927 888 et
997 851 1179 889 veram
1237 838 1592 894 imitationem
1659 839 1798 892 illius
1859 839 2088 892 lamlatte
2143 853 2170 892 a

601 921 888 980 SJomone
965 926 1119 982 fortis
1197 929 1438 982 mulieris
1519 930 1952 984 exhibuitznon
2015 931 2174 984 deco-

607 1012 770 1067 lorari
822 1016 1022 1082 pallore
1065 1017 1230 1072 facies
1259 1059 1274 1084 ,
1319 1035 1424 1074 non
1478 1020 1700 1074 horrere
1731 1029 1916 1086 artus;
1963 1019 2152 1085 ﬂ-tus,

602 1101 838 1170 ejulalus
883 1109 1092 1175 nullus;
1123 1110 1254 1164 nihil
1302 1111 1554 1180 pra-ferre
1605 1111 1836 1178 denique
1887 1111 2168 1174 muiiebre,

605 1207 696 1250 aut
749 1199 1066 1270 cujusquam
1106 1202 1281 1256 simile
1315 1203 1526 1258 illorum
1554 1219 1672 1270 quae
1707 1202 1870 1256 nmlta
1917 1197 2168 1254 imbecilli

2271 563 2408 634 πρὸς
2437 564 2646 616 ἐκεῖνον
2699 563 2796 615 καὶ
2841 559 2994 630 θαμά
3041 560 3483 630 προσϐλέπουσα·
3525 565 3646 632 ὅμως
3682 567 3748 635 μέν

2269 674 2352 710 τοι
2415 655 2740 708 συντείνασα
2791 653 2993 723 ἑαυτὴν
3031 653 3129 706 καὶ
3177 650 3290 705 οἷον
3321 654 3593 715 τονὼσασα,
3640 657 3748 724 μόγις

2273 749 2560 818 ὲπηλλάγη
2600 747 2697 799 τοῦ
2743 747 3032 816 βασιλέως,
3091 746 3346 798 κάκεῖθεν
3375 747 3626 799 καταϐᾶσα
3661 751 3754 817 πρὸς

2273 838 2574 902 θάλασσαν,
2614 837 2850 890 κᾶπειτα
2879 837 2958 898 εἰς
2987 837 3047 887 τὸ
3081 837 3202 898 ταῖς
3247 834 3502 904 βασιλίσιν
3553 838 3750 888 ἀποτετα-

2279 929 2484 997 γμένον
2507 929 2640 997 μονῆ
2652 945 2741 998 ρες
2766 928 3167 997 εἱσεληλυθυῖα,
3195 928 3295 998 τὴν
3319 929 3467 995 ὴῖόνα
3487 927 3569 994 τῆς
3587 927 3756 979 Βιθυνῶν

2281 1020 2701 1088 παραπλέουσα,
2737 1019 3026 1072 θαλαττίου
3057 1019 3328 1080 κλύδωνος
3351 1019 3508 1086 αὐτὴν
3531 1018 3756 1085 natanat-

2277 1129 2389 1174 τος,
2415 1113 2534 1172 ταῖς
2567 1112 2762 1174 ἀκταῖς
2803 1111 2900 1176 τῆς
2945 1111 3370 1172 Ἐλενουπόλεως
3395 1109 3486 1179 τὴν
3521 1108 3629 1161 ναῦν
3646 1125 3758 1178 πρισ-

2312 1203 2610 1273 ορμίσασα,
2643 1203 2785 1256 κεῖθι
2815 1204 2952 1266 τέως
2983 1202 3284 1266 αὐλίζεται.

603 1293 881 1362 emotique
911 1298 1074 1350 animi
1103 1301 1261 1352 edere
1305 1299 1356 1351 in
1391 1299 1830 1354 consternatione
1857 1337 1870 1360 ,
1936 1299 2000 1348 ad
2057 1299 2238 1366 magni
2307 1310 2506 1352 metum
2553 1299 2806 1354 instantis
2837 1299 2962 1350 min
2993 1299 3246 1352 mulieres
3273 1297 3547 1351 cernimus.
3593 1294 3666 1348 llle
3689 1295 3759 1363 ipse

600 1385 758 1441 adeo.
787 1391 938 1451 cujus
970 1399 1083 1439 crat
1113 1389 1164 1440 in
1195 1387 1376 1442 cordis
1399 1389 1760 1456 penetralibus
1786 1389 1884 1440 sibi
1923 1389 2162 1452 conscia,
2205 1388 2375 1442 latens
2418 1399 2626 1452 metus,
2677 1397 2730 1444 et
2779 1390 3040 1442 rationem
3083 1389 3272 1441 habuit
3321 1397 3373 1440 et
3420 1388 3649 1441 ordinent.
3701 1385 3758 1439 Ti-
3887 1385 3889 1446 i

603 1476 778 1528 nteltat
817 1475 1160 1543 imperat0ri.
1191 1478 1419 1544 primum
1479 1493 1546 1530 ne
1577 1493 1676 1544 qua
1713 1492 1868 1538 eum,
1903 1477 2032 1529 nihil
2105 1477 2471 1546 periculorum
2522 1486 2887 1544 recusantem,
2943 1479 3136 1532 Martis
3197 1478 3343 1531 dubii
3403 1479 3598 1533 fortuna
3645 1479 3760 1534 incle-

605 1565 836 1620 mentior
867 1569 1158 1635 atiligeret;
1197 1571 1420 1624 timebat
1451 1572 1550 1624 sibi
1572 1569 1782 1634 deinde,
1817 1570 1954 1624 mala
1983 1569 2271 1640 providens
2301 1586 2454 1638 quae,
2483 1573 2526 1624 si
2557 1572 2682 1641 quid
2767 1571 3078 1626 humanitus
3146 1571 3264 1626 viro
3330 1573 3636 1640 contigisset.
3679 1576 3762 1627 Silii-

608 1659 780 1710 eunda
819 1661 1281 1715 monstrabantur.
1310 1661 1526 1714 Timore
1554 1671 1730 1714 tamen
1762 1669 1989 1728 utroque
2021 1661 2207 1714 virtuti
2243 1668 2354 1714 tum
2391 1663 2730 1728 exsuperanti
2799 1663 3161 1726 concedente,
3211 1663 3330 1718 vale
3379 1663 3594 1732 Augusto
3645 1663 3761 1736 dixit,

603 1751 762 1820 plane
791 1752 873 1807 soi
929 1768 1172 1823 cmnpos,
1230 1771 1330 1810 nec
1383 1757 1659 1826 indignum
1709 1756 1792 1808 vel
1859 1755 1950 1810 tali
1999 1754 2229 1810 articulo
2293 1771 2447 1824 passa
2502 1757 2792 1826 quidquam
2845 1757 3206 1827 generositate
3257 1759 3488 1826 propria.
3535 1756 3634 1810 Mox
3671 1757 3760 1809 viam

607 1860 938 1912 capessens,
989 1863 1148 1916 quam
1227 1849 1394 1902 invita
1451 1852 1728 1902 recederet
1805 1848 1874 1902 ab
1925 1848 2248 1916 imperatore
2286 1847 2514 1900 subinde
2571 1859 2886 1918 respectans
2939 1847 3272 1904 declarabat.
3329 1848 3582 1918 Pergebat
3645 1859 3762 1901 tamen

607 1941 894 2006 semetipsa
980 1941 1309 2002 obtirmans,
1360 1942 1565 2009 judicio
1615 1957 1718 1994 non
1763 1941 1930 1994 amori
1985 1940 2164 1994 minus
2233 1953 2392 2006 quam
2427 1940 2602 1994 timori
2648 1941 2978 1995 moderante.
3047 1939 3180 1995 Hinc
3229 1941 3388 1995 simul
3433 1941 3494 1993 ad
3539 1955 3658 1992 mare
3706 1939 3765 1992 tle-

608 2033 836 2096 scendit,
889 2033 1158 2101 propriam
1191 2033 1548 2099 Augustarum
1579 2047 1853 2087 monerem
1887 2033 2167 2100 ingressa,
2209 2043 2360 2085 oram
2407 2029 2758 2101 Bithynorum
2805 2033 2970 2104 legit:
3037 2033 3230 2087 dehinc
3293 2041 3587 2101 tempestate
3637 2033 3764 2100 depre-

609 2125 794 2186 hensa,
829 2123 1136 2192 llelenOpoli
1168 2143 1356 2181 navem
1383 2126 1610 2197 appulit,
1639 2127 1820 2195 ibique
1845 2126 2064 2180 mansit.

683 2218 788 2273 Sed
845 2222 910 2275 de
993 2220 1233 2290 Augusta
1315 2223 1594 2278 hactenus.
1665 2221 1965 2290 Imperator
2047 2225 2250 2279 veroB

610 2325 730 2363 cum
763 2313 1006 2380 cognatis
1059 2322 1112 2366 et
1174 2314 1497 2388 militaribus
1556 2315 1686 2368 viris
1753 2315 2024 2382 primariis
2085 2317 2174 2383 qui

609 2417 730 2456 eum
780 2402 898 2470 ipso
930 2415 1103 2468 erant,
1137 2407 1318 2460 statim
1381 2406 1430 2459 in
1485 2405 1858 2478 armisf’ﬁﬁﬁ
1915 2407 2084 2470 stetit,
2123 2417 2176 2461 ct

613 2494 768 2562 equis
819 2511 1006 2550 οιιιιιεε
1075 2499 1403 2562 conscensis,
1445 2498 1678 2553 Nicaeam
1736 2513 1924 2552 versus
1974 2500 2178 2552 inibant

609 2586 770 2638 viam.
841 2585 891 2638 ld
956 2588 1042 2640 ubi
1098 2599 1466 2656 cognoverunt
1527 2591 1765 2656 Barbari,
1819 2592 1990 2646 Alano
2039 2609 2179 2662 quo-

611 2675 732 2727 dam
799 2689 956 2744 quem
1045 2690 1300 2746 ceperant
1385 2681 1722 2750 imperatoris
1817 2693 2002 2735 contra
2085 2701 2177 2739 ve-

618 2767 816 2821 nientis
867 2769 1188 2824 instructum
1259 2773 1622 2840 impetumque
1697 2774 1826 2842 ipsis
1877 2778 2178 2844 tmntiante,

617 2875 722 2912 non
783 2860 1156 2914 sustinuerunt
1210 2863 1291 2916 vel
1347 2861 1538 2916 fatuam
1604 2865 1721 2934 ejus
1779 2867 2028 2933 primam,
2087 2869 2182 2923 sed

620 2948 809 3002 iisdem
872 2951 1066 3016 quibus
1129 2954 1419 3008 veniebant
1478 2955 1685 3008 semitis
1721 2995 1736 3020 ,
1795 2959 1965 3012 versis
2022 2959 2182 3028 impi-

617 3055 715 3105 gre
781 3043 1020 3111 vestigiis
1077 3043 1215 3114 fuga
1285 3059 1344 3098 se
1409 3047 1749 3104 mandarunt.
1824 3051 1904 3105 Ac
1955 3051 2183 3106 Strabo-

615 3133 852 3188 basileus
898 3145 951 3189 et
989 3134 1211 3190 Michael
1257 3135 1509 3208 Stypeota
1549 3136 1886 3210 (Stypeotam
1927 3143 2014 3197 hic
2057 3144 2182 3214 quis

618 3227 842 3280 audiens
874 3241 943 3282 ne
992 3227 1142 3281 illum
1187 3228 1464 3300 ltybridam
1507 3233 1745 3300 cogitet;
1781 3248 1902 3286 nam
1937 3235 1984 3289 is
2025 3235 2183 3302 hujus

619 3318 922 3386 emptitium
989 3321 1317 3389 mancipium
1390 3337 1513 3375 cum
1585 3321 1799 3388 fuisset,
1867 3325 2180 3394 imperatori

619 3407 816 3462 deinde
873 3409 1014 3463 dono
1069 3411 1248 3476 datus,
1309 3412 1508 3482 prioris
1563 3415 1762 3469 domini
1818 3418 2082 3472 vocabulo
2117 3421 2182 3474 ad

617 3499 804 3566 gratiae
825 3503 1138 3554 memoriam
1163 3501 1450 3571 insignitus
1479 3507 1608 3574 εει),
1631 3505 1906 3576 Stypeota,
1939 3509 2180 3578 inquam,

615 3604 645 3642 e
679 3604 906 3645 numero
940 3604 1274 3662 magnatum,
1303 3596 1404 3649 viri
1444 3597 1604 3652 ambo
1633 3597 1938 3664 fortissimi,
1973 3609 2024 3652 et
2055 3602 2182 3654 olim

615 3680 758 3735 fama
823 3683 1036 3738 virtutis
1097 3686 1374 3750 celebres,
1418 3703 1540 3740 eum
1603 3689 1743 3744 torte
1783 3701 1895 3743 tum
1955 3692 2006 3745 in
2037 3692 2184 3763 jugis

618 3773 959 3830 Germiorum
1015 3789 1376 3846 morarentur,
1401 3781 1563 3836 calles
1621 3792 1882 3852 angustos
1906 3793 1959 3838 et
2003 3785 2186 3841 devios

619 3868 885 3922 transitus
913 3879 1214 3931 servantes,
1249 3880 1326 3934 ut,
1363 3871 1406 3924 si
1441 3887 1545 3938 qua
1599 3883 1834 3941 possent,
1863 3875 2012 3930 velut
2039 3875 2184 3931 feras

617 3956 881 4022 cassibus,
917 3959 998 4013 sic
1041 3958 1306 4013 Barbaros
1361 3961 1572 4016 insidiis
1616 3965 2181 4031 comprehenderent:

615 4047 776 4102 simul
803 4048 944 4102 hunc
975 4063 1164 4102 eorum
1197 4052 1432 4103 reditum
1469 4065 1794 4120 cognovere,
1825 4053 1876 4106 in
1909 4053 2186 4123 subjectos

613 4153 835 4209 campos
864 4141 1194 4207 desilientes,
1224 4158 1346 4198 acre
1376 4143 1445 4198 ibi
1471 4159 1589 4199 cum
1612 4146 1744 4214 ipsis
1781 4149 2018 4212 praelium
2049 4164 2184 4203 con-

613 4241 823 4296 serunt,
855 4233 1184 4302 eosdemque
1223 4237 1440 4305 egregie
1467 4238 1714 4291 vincunt.
1743 4239 1963 4293 interim
2007 4241 2182 4308 impc-

615 4335 764 4377 rator
783 4325 976 4379 itinere
1007 4325 1224 4393 incepto
1253 4342 1500 4397 pergens.
1535 4330 1600 4382 ad
1629 4331 1823 4398 saepius
1853 4333 2179 4386 nominatam

617 4413 834 4485 Georgii
895 4431 1078 4471 arcem
1125 4419 1408 4485 pervenit;
1469 4421 1598 4474 hinc
1639 4421 1779 4476 ultra
1812 4423 1862 4476 in
1907 4423 2180 4492 quoddam

613 4507 876 4574 Oppidum
931 4507 1238 4576 (SagudaOs
1299 4513 1564 4580 indigenae
1617 4519 1837 4582 vocant)
1866 4532 2182 4585 progressus

615 4613 683 4652 ne
718 4599 789 4652 ibi
829 4599 1044 4665 quidem
1075 4597 1282 4653 ancos
1341 4605 1565 4666 reperit.
1623 4605 1888 4658 Cat-terum
1923 4623 2046 4660 mox
2092 4623 2182 4662 ac-

613 4697 774 4759 cepto
810 4689 998 4743 nuntio
1031 4691 1324 4758 splendidae
1353 4693 1598 4747 victoriae
1627 4709 1655 4748 a
1692 4697 1825 4750 viris
1870 4699 2183 4752 fortissimis

615 4795 754 4850 quos
813 4783 972 4834 modo
1033 4781 1326 4848 nominavi,
1379 4781 1637 4854 Stypeota
1683 4787 1736 4840 e't
1787 4785 2176 4855 Strabobasilc,

2360 2217 2523 2270 Ἀλλά
2579 2213 2754 2273 ταῦτα
2785 2217 2885 2284 μὲν
2928 2214 2996 2266 τά
3025 2214 3151 2283 περὶ
3185 2213 3288 2282 τὴν
3331 2213 3634 2281 asp-33m.
3669 2210 3764 2263 Ὅδὲ

2281 2309 2643 2380 αὐτοκράτωρ
2675 2306 2817 2376 μετὰ
2849 2307 2957 2358 τῶν
2991 2307 3263 2359 συνόντων
3295 2303 3621 2370 στρατιωτῶν
3639 2318 3681 2352 τε
3705 2303 3764 2351 καὶ

2282 2403 2563 2472 συγγενῶν
2597 2401 2760 2464 εὐθὺς
2809 2401 2899 2453 ἐπὶ
2928 2401 3041 2462 τοῖς
3069 2398 3262 2460 ὅπλοις
3299 2394 3388 2468 ἦν,
3438 2399 3524 2448 καὶ
3547 2395 3601 2464 δὴ
3625 2395 3764 2460 ἐποχῇ-

2282 2497 2466 2558 θέντες
2511 2495 2772 2558 ἅπαντες,
2827 2492 2925 2562 τὴν
2957 2491 3094 2559 arpis;
3143 2489 3388 2543 Νίκαιαν
3445 2488 3634 2542 ὥδευον.
3671 2482 3764 2536 Otii

2281 2587 2560 2658 Βάρϐαροι
2625 2585 2850 2636 Ἀλανὸν
2893 2599 3016 2634 τινα
3069 2581 3446 2650 κατασχόντες
3479 2579 3564 2631 καὶ
3595 2577 3673 2647 τὴν
3701 2571 3761 2624 τεῦ

2286 2676 2549 2746 βασιλέως
2583 2674 2704 2728 κατ’
2731 2673 2915 2726 αὐτῶν
2947 2671 3136 2740 ἔφοδον
3159 2669 3225 2722 δι’
3261 2670 3426 2724 αὑτοῦ
3454 2669 3765 2740 μεμαθηκότες,

2282 2771 2352 2822 δι’
2379 2765 2453 2822 ὧν
2477 2764 2639 2838 ἦλθον
2668 2767 2953 2833 ἀτραπῶν,
2977 2764 3065 2817 διὰ
3096 2763 3312 2817 τούτων
3369 2765 3645 2834 ἐπανῄεσαν
3685 2756 3766 2826 φεύ-

2283 2879 2489 2930 γοντες.
2539 2861 2597 2914 '0
2627 2861 2682 2913 δέ
2749 2876 2812 2928 γε
2873 2857 3378 2923 Στραδοὸασὶλειος
3425 2858 3516 2909 καὶ
3569 2849 3768 2919 Μιχαὴλό

2285 2951 2636 3022 Στυπειὼτης
2708 2949 3080 3020 (Στυπειώτην
3131 2950 3189 3002 δὲ
3247 2949 3466 3001 ἀκούων
3513 2963 3588 3006 τις
3627 2943 3684 3010 μὴ
3712 2941 3768 2989 τὸν

2289 3045 2696 3116 μιξοϐάρϐαρον
2753 3041 2990 3095 νοείτω·
3055 3042 3452 3112 ἀργυρώνητος
3503 3040 3596 3108 γὰρ
3639 3033 3768 3088 τούτω

2287 3141 2490 3200 ἐκεῖνος
2525 3137 2712 3200 δοῦλος
2743 3136 3008 3206 γεγονὼς,
3041 3137 3096 3198 ὲς
3137 3133 3369 3206 ὕστερον
3410 3134 3484 3201 τῷ
3537 3125 3770 3226 βσσιλεῖιξκ

2285 3231 2458 3300 δῶρόν
2479 3247 2530 3283 τι
2566 3229 2702 3296 πρὸς
2733 3229 2898 3282 αὐτὸν
2939 3229 3385 3298 προσενήνεκται
3409 3242 3423 3256 ·
3449 3225 3574 3278 ἀλλά
3590 3238 3683 3272 τινα
3703 3225 3772 3268 an

2285 3321 2386 3387 τῆς
2416 3319 2662 3388 μείζονος
2685 3316 2904 3386 τύχης),
2929 3317 3124 3386 ἄνδρες
3149 3310 3304 3370 οὗτοι
3337 3312 3690 3385 μαχιμώτατοι,
3710 3305 3770 3355 δίιὶ

2287 3411 2395 3464 τῶν
2424 3411 2592 3463 πάλαι
2627 3409 3014 3478 ὑμνουμένων.
3053 3403 3202 3461 οὗτοι
3233 3409 3382 3461 κατά
3409 3408 3505 3469 τὰς
3521 3401 3770 3474 expolia?!“

2287 3503 2392 3554 τῶν
2441 3501 2695 3570 ιἐρμίων
2748 3499 3213 3568 ἐνδιατρίϐοντες,
3279 3501 3375 3552 καὶ
3421 3499 3516 3556 τὰς
3568 3491 3770 3563 ἁμερόδθυς

2291 3591 2802 3664 παρασκοποῦντες,
2847 3591 3001 3643 εἶπον
3023 3593 3142 3652 ταῖς
3183 3589 3423 3660 ἄρκυσιν
3443 3587 3620 3650 αὐτῶν,
3659 3580 3774 3635 καθά-

2288 3702 2393 3754 περ
2422 3701 2504 3746 τις
2555 3684 2700 3751 θῆρα
2725 3684 2772 3734 οἱ
2818 3681 3102 3752 Βάρὸαροι
3133 3684 3529 3751 περιπεσόντες
3558 3675 3696 3744 ἁλῷεν
3726 3669 3773 3729 ὡς

2284 3777 2386 3840 τὴν
2408 3774 2614 3828 τούτων
2650 3773 2865 3827 ἔλευσιν
2913 3775 3362 3843 μεμαθήκεισαν,
3421 3769 3560 3842 παρά
3600 3768 3678 3826 τὰς
3713 3776 3776 3813 πε·

2287 3869 2478 3931 διάδος
2529 3867 2628 3930 τὰς
2691 3866 2834 3919 οὕτω
2889 3866 3238 3936 καλουμένας
3315 3904 3333 3920 .
3412 3907 3425 3920 .
3500 3903 3514 3917 .
3585 3904 3596 3914 .
3667 3851 3774 3908 avsi.-

2287 3958 2476 4021 θόντες
2507 3959 2602 4012 καὶ
2629 3957 3026 4026 ἀναδεξάμενοι
3071 3957 3163 4008 τὸν
3227 3957 3346 4026 μετ’
3387 3953 3558 4008 αὐτῶν
3585 3949 3770 4014 πόλεμον.

2287 4052 2470 4120 μάχην
2500 4049 2904 4120 συνεστήσαντο
2931 4047 3210 4117 καρτερὰν
3255 4049 3583 4116 ἡττήσαντες
3611 4037 3772 4092 τούτους

2291 4145 2662 4214 κατακράτος.
2707 4141 3049 4196 Καταλαϐὼν
3087 4141 3143 4193 δὲ
3183 4141 3211 4192 ὁ
3243 4140 3589 4210 αὐτοκράτωρ
3615 4131 3663 4185 τὸ
3687 4123 3774 4179 πολο

2283 4237 2443 4300 λάκις
2471 4237 2769 4306 εἰρημένον
2796 4235 3056 4304 φρούριον
3077 4235 3386 4305 Γεωργίου,
3417 4229 3646 4285 κάκεῖθεν
3669 4217 3772 4324 tulit;

2286 4328 2603 4398 κωμόπολίν
2637 4344 2760 4381 τινα
2785 4325 3130 4394 Σαγουδάους
3191 4325 3476 4394 ἐγχωρίοις
3513 4321 3770 4412 italo-metu}?

2283 4422 2379 4473 καὶ
2426 4423 2539 4482 τοῖς
2587 4421 2856 4490 Τοὺρκοις
2921 4417 3020 4486 μὲν
3075 4417 3148 4486 μὴ
3202 4417 3468 4485 ἐντυχὼν,
3521 4405 3770 4480 μεμαθηκὼς

2280 4512 2337 4566 δὲ
2393 4511 2466 4564 τὰ
2515 4511 2804 4580 συμϐάντα
2841 4509 3058 4572 τούτοις
3102 4509 3258 4578 παρὰ
3299 4507 3411 4558 τῶν
3453 4503 3546 4573 ἤδη
3573 4493 3768 4568 ῥηθέντων

2279 4602 2549 4672 γενναίων
2599 4603 2826 4673 ἀνδρῶν,
2853 4601 2949 4654 τοῦ
2985 4619 3043 4653 τε
3077 4599 3449 4660 Στυπειὼτου,
3483 4595 3568 4647 καὶ
3603 4585 3764 4682 "Ei-Pi:

2284 4697 2566 4750 6ο6ασίλει
2617 4696 2782 4766 φημὶ,
2819 4695 2915 4748 καὶ
2969 4691 3379 4760 ἀποδεξάμενος
3431 4688 3525 4758 τὴν
3568 4682 3616 4746 ἐξ
3659 4685 3763 4726 avi-9“

2283 4787 2457 4856 ἀρχῆς
2521 4783 2726 4853 τόλμαν
2757 4784 2854 4837 καὶ
2933 4781 3093 4852 νίκην
3157 4781 3270 4833 τῶν
3339 4775 3619 4845 Ῥωμαίων,
3673 4775 3764 4856 τηνι-

615 4873 820 4938 relatis,
863 4873 1004 4928 vallo
1038 4874 1235 4928 ibidem
1261 4885 1413 4930 extra
1452 4877 1502 4931 id
1530 4879 1672 4945 quod
1707 4878 1816 4932 dixi
1845 4879 2176 4934 castellulnm

2210 4887 2254 4942 D
2285 4878 2466 4930 καῦτα
2488 4877 2517 4929 ὁ
2543 4873 2710 4929 αὖτοῦ
2740 4891 2842 4927 που
2884 4873 3086 4939 ἔξωθεν
3123 4870 3346 4924 τουτουῒ
3387 4867 3478 4922 τοῦ
3517 4861 3759 4945 litteram"?

619 4962 748 5027 ﬁxo,
785 4964 1088 5034 castrisque
1121 4965 1360 5032 metatis,
1388 4981 1508 5021 eum
1539 4969 1851 5022 exsultante
1889 4971 2062 5024 milite
2093 4972 2178 5025 lte-

616 5061 704 5108 tus
732 5055 844 5122 ipse
897 5069 961 5108 ac
1001 5056 1280 5124 gratulans
1333 5058 1564 5112 fructum
1617 5075 1902 5116 successus
1935 5066 2182 5130 auspica-

621 5154 813 5207 tissimi
857 5155 1119 5222 gustavit,
1147 5156 1394 5209 meritam
1431 5158 1549 5226 ejus
1573 5157 1835 5213 facinoris
1865 5159 2182 5212 auctoribus

619 5261 722 5299 non
749 5261 909 5312 parce
947 5246 1165 5300 laudem
1200 5248 1851 5319 ittipertiens,!palantqtte
1880 5250 2179 5318 proﬁtens:

624 5337 704 5392 sic
737 5337 805 5390 ab
832 5339 934 5391 illis
962 5355 990 5390 a
1028 5339 1298 5408 principio
1327 5340 1393 5393 ad
1435 5342 1638 5394 exitum
1683 5357 1793 5395 rem
1836 5341 2184 5396 administra-

623 5437 730 5481 tam
761 5439 1159 5500 patratumque,
1185 5441 1241 5483 ut
1265 5445 1386 5484 cum
1415 5447 1588 5501 neque
1612 5434 1839 5487 consilio
1870 5434 2181 5502 prudentia,

622 5535 798 5590 neque
858 5522 1192 5591 aggressioni
1251 5521 1528 5590 fortitudo,
1589 5541 1685 5580 nec
1753 5526 1935 5594 pralio
1984 5527 2180 5592 virtus,

2277 4971 2369 5024 τὸν
2401 4971 2622 5039 χάρακα
2655 4968 2946 5036 πήγνυται.
2971 4965 3051 5034 Τῇ
3100 4963 3158 5016 δὲ
3207 4965 3332 5030 μετ’
3360 4961 3523 5028 αὐτὴν
3569 4954 3632 5013 ὡς
3666 4955 3762 5050 fit“

2277 5065 2374 5132 τὴν
2409 5059 2786 5114 Ἐλενούπολιν
2817 5055 3112 5118 κατελθὼν,
3134 5057 3198 5130 τῇ
3237 5053 3464 5124 βασιλίδι
3489 5045 3755 5132 ἐντετυχῇκει

2281 5131 2362 5207 ἔτι
2392 5151 2729 5223 αὐλιζομένῃ
2773 5149 2866 5203 διά
2893 5148 2952 5200 τὸ
2999 5148 3096 5216 τῆς
3131 5146 3404 5210 θαλάττης
3438 5131 3760 5226 ἄπλετον.

2280 5247 2598 5316 γησάμενος
2628 5219 2728 5296 οὖν
2755 5243 2824 5295 τὰ
2858 5240 3147 5311 συμϐάντα
3179 5241 3298 5299 τοῖς
3349 5237 3607 5302 Τούρκοις-
3633 5219 3760 5328 κπὶ

2283 5339 2441 5406 νίκης
2495 5333 2894 5405 ἐπιθυμοῦντες
2956 5329 3214 5401 συμφορὰ
3275 5321 3758 5420 προσεπέ),ασεν,.κῗ;

2285 5431 2512 5502 κρατεῖν
2559 5424 2963 5496 φανταζόμενοι
2999 5421 3203 5492 μᾶλλον
3240 5419 3608 5486 κεκράτηνται,

2287 5501 2514 5574 ἀναντία
2542 5518 2647 5570 τῶν
2687 5513 3174 5586 προσδοκηθέντων
3211 5510 3536 5580 ὲφεὺροσανν
3585 5513 3658 5551 και
3699 5501 3753 5546 π’

1674 5657 1873 5720 Variae
1904 5659 2204 5722 lectiones
2237 5673 2309 5718 ex
2353 5651 2491 5715 cod.
2526 5649 2792 5712 Coislin.

703 5779 744 5808 η
773 5779 862 5830 καὶ
894 5779 1008 5834 τοῦ.
