3992 6278
203 348 308 411 μοι
1404 343 1818 406 ALEXlADlS
1862 344 2005 402 UB.
2052 344 2176 402 XV.
3285 332 3421 396 11°22

199 461 376 530 πολλῆς
411 460 656 531 ἀθυμίας
687 462 1140 533 ἀνακτησάμενος
1187 460 1382 532 αὐτὴν,
1413 461 1634 516 ἄπεισιν
1678 458 1747 520 ὡς

1859 473 1958 510 nec
1987 456 2207 509 conatui
2243 453 2474 507 felicitas
2501 450 2758 514 defuerit,
2798 464 2906 503 non
2938 448 3110 516 magis
3133 447 3198 500 ad
3237 449 3421 516 priva-

206 557 323 620 πρὸς
357 554 403 606 Ν
412 554 618 608 ίκαιαν.

1876 549 2254 615 tumipsorum
2297 545 2649 614 prmconium,
2682 558 2842 610 quam
2893 541 2956 594 ad
2988 539 3257 608 publicum
3289 552 3424 605 gau-

197 649 317 699 dium
366 647 666 716 quidquam
704 647 1189 710 sitdesideratum,
1224 645 1403 700 Movet
1463 646 1615 700 illine.
1643 646 1905 716 postridie
1938 656 2130 697 versus
2197 637 2590 707 llelenopolim,
2660 635 2750 689 ubi
2810 636 3108 702 Auguszam
3179 644 3422 684 commo-

197 741 302 792 dum
326 740 575 805 offendit,
650 741 773 794 dum
840 755 989 792 mare
1052 739 1449 795 detumesceret
1496 742 1568 795 ibi
1641 743 1816 795 adhuc
1853 744 2280 806 exspectantem.
2332 731 2390 784 Ei
2451 745 2556 785 non
2597 744 2786 796 parum
2829 725 3006 779 anxiae
3051 740 3147 793 pro
3179 723 3422 792 periculo

198 833 244 885 in
270 848 367 899 quo
419 833 593 884 virum
658 842 823 898 alque
850 831 1152 884 exercitum
1187 829 1502 898 reliquerat,
1547 846 1752 886 mmror
1791 829 2045 884 videlicet
2079 826 2360 878 abstersus
2406 819 2582 874 outnis
2613 826 2718 881 est,
2754 832 2876 870 cum
2926 815 3144 868 nuntius
3205 827 3298 880 per
3355 829 3415 869 se

196 923 488 976 laetissimus
546 924 703 974 vii-tae
745 921 979 975 feritatis
1013 921 1278 986 Tui-ciere,
1317 923 1384 976 ab
1449 939 1556 977 uno
1617 923 1815 977 idoneo
1848 921 2084 974 maxime
2112 917 2350 970 omnium
2398 914 2464 967 ad
2510 911 2900 966 consolandam
2954 922 3148 975 aagram
3201 916 3424 961 auctore

195 1012 498 1065 deferretur.
537 1011 793 1065 Narravit
831 1027 1013 1066 coram
1052 1013 1151 1080 ipsi
1187 1014 1445 1066 nimirum
1470 1013 1746 1080 Augustus
1785 1010 1913 1080 quid
1949 1007 2148 1060 Turcis
2173 1003 2449 1059 evenisset
2501 1001 2632 1064 illis,
2689 1008 2876 1054 contra
2902 1012 2960 1051 se
3026 995 3420 1050 nudiuStertius

194 1117 324 1158 tanta
357 1105 548 1159 fiducia
604 1104 952 1173 pergentibus
992 1122 1007 1158 :
1049 1116 1100 1157 ιιι
1131 1115 1239 1158 tum
1277 1105 1586 1159 foedissime.
1619 1106 1730 1160 sint
1765 1103 2028 1174 prolapsi,
2064 1115 2184 1154 cum
2236 1096 2702 1152 conﬁdentissime
2759 1101 3130 1160 assurgerent,
3197 1100 3253 1143 et
3326 1102 3424 1156 pro

192 1198 398 1250 victoria
444 1215 608 1266 quam
644 1199 746 1251 sibi
796 1199 1105 1252 vnnissirais
1154 1199 1569 1266 despondissent
1631 1197 1852 1265 spebus,
1934 1193 2278 1262 improvisam
2327 1189 2537 1246 cladem
2590 1189 2942 1241 invenissent.
3015 1180 3097 1234 Ab
3159 1181 3242 1234 bis
3309 1190 3424 1234 sta-

190 1293 272 1345 tint
296 1292 412 1345 inde
459 1290 692 1343 Nicaeam
724 1306 782 1344 se
803 1290 1034 1344 confert.
1081 1291 1157 1342 lbi
1187 1291 1360 1344 factus
1404 1293 1604 1344 certior
1636 1290 1704 1344 de
1740 1290 1909 1343 altera
1953 1285 2262 1339 incursione
2294 1283 2593 1335 Turcorum
2627 1277 2921 1345 Lopadium
2959 1274 3344 1344 proficiscitur.

264 1386 464 1436 Ἑκεῖτε
515 1384 570 1435 δὲ
609 1383 799 1452 ἔφοδον
851 1384 1054 1454 ἐτέρων
1090 1384 1428 1454 μεμαθηκὼς
1459 1383 1744 1453 Τοῦρκων,

188 1477 386 1546 ἔρχεται
423 1477 558 1548 πρὸς
584 1477 643 1528 τὸ
672 1475 942 1528 Λοπάδιον
972 1477 1029 1528 ὲν
1058 1467 1102 1542 ᾧ
1139 1476 1336 1545 μικρὸν
1383 1474 1744 1544 χρονοτριϐῆ-

187 1586 274 1627 ea;
321 1570 410 1620 καὶ
470 1565 804 1637 μεμαθηκὼς
847 1567 945 1638 τὴν
1005 1568 1240 1620 Νίκαιαν
1291 1567 1743 1635 καταλαμϐάνειν

185 1661 306 1713 πολὺ
361 1661 666 1731 Τουρκικδν
715 1661 1068 1730 στράτευμα,
1130 1661 1228 1723 τὰς
1285 1659 1547 1729 δυνάμεις
1608 1661 1740 1712 ἀνα-

1918 1380 2033 1434 Νοιι
2079 1380 2170 1432 diu
2198 1378 2308 1430 illic
2361 1375 2561 1437 fueral,
2597 1388 2720 1427 cum
2781 1373 3100 1424 admonetur
3126 1370 3421 1424 Turcicum

1847 1475 2154 1529 exercitum
2213 1486 2567 1539 permagnum
2609 1470 2903 1521 admovere
2945 1452 3004 1520 Se
3059 1465 3276 1518 Nicmm.
3311 1463 3424 1520 Hoc

1845 1568 2048 1631 audito,
2077 1582 2198 1619 cum
2232 1565 2403 1631 copiis
2438 1564 2502 1617 ad
2537 1563 2691 1616 Cium
2727 1560 2916 1614 tendit.
2947 1558 3049 1611 Per
3077 1567 3295 1612 noctem
3317 1571 3423 1626 qua

1850 1659 1922 1712 ibi
1958 1657 2078 1724 fuit,
2119 1657 2269 1710 inulti
2302 1655 2529 1708 subinde
2569 1653 2794 1705 allluunt
2841 1649 3048 1712 nuntii,
3073 1649 3161 1717 qui
3196 1650 3426 1702 doceant

186 1755 496 1821 λαϐόμενος,
576 1753 834 1805 ἁπονεύει
895 1754 1030 1822 πρὸς
1097 1753 1251 1812 Κίον,
1316 1753 1414 1805 καὶ
1475 1752 1545 1806 δι’
1615 1752 1744 1821 ὅλης

1852 1750 2294 1819 appropinquare
2344 1746 2538 1800 Nicaea:
2588 1744 2818 1808 Turcos,
2882 1751 3046 1810 atque
3103 1739 3240 1793 adeo
3307 1738 3420 1808 jam

187 1846 272 1914 τῆς
323 1847 489 1913 αὐτῆς
519 1847 713 1908 νυκτὸς
770 1848 1111 1916 μεμαθηκτῒς
1174 1847 1374 1907 αὐτοὺς
1413 1848 1480 1917 εὖ
1534 1845 1743 1915 Νικαίᾳ

185 1937 567 2004 προσπελάζειν
640 1937 764 2006 ήδη,
826 1937 1046 2006 ἀπάρας
1100 1937 1308 1989 ἐκεῖθεν
1382 1935 1602 2006 ἔρχεται
1657 1934 1743 1987 διὰ

188 2031 270 2096 τῆς
338 2028 571 2092 Νικαίας
656 2032 791 2097 πρὸς
845 2030 1184 2095 Μίσκουραν.
1248 2029 1358 2081 Καὶ
1413 2027 1576 2081 αὐτοῦ
1639 2045 1741 2080 που

185 2117 486 2189 βεϐαιωθεὶς
535 2120 610 2182 ὼς
667 2121 729 2172 τὸ
789 2120 885 2189 μὲν
942 2123 1050 2173 πᾶν
1086 2121 1404 2189 στράτευμα
1435 2119 1540 2171 τῶν
1574 2118 1746 2190 Τούρέ

184 2229 282 2262 κων
326 2209 477 2262 olim»
504 2211 828 2275 κατέλαδεν,
860 2211 1030 2280 ὀλίγοι
1061 2211 1117 2263 δέ
1148 2228 1293 2274 τινες
1351 2211 1479 2280 περὶ
1506 2211 1598 2262 τοῦ
1633 2212 1746 2264 Μ’)-

185 2303 387 2355 δολύκου
423 2304 846 2367 ἀποσταλέντες,
896 2303 1039 2356 κατὰ
1111 2303 1173 2355 τὸ
1209 2303 1434 2355 Δολύλον
1482 2303 1744 2370 ἐνδιατρί-

185 2393 340 2458 δουσι,
375 2396 471 2447 καὶ
501 2398 569 2448 τὰ
601 2398 698 2466 τῆς
747 2397 984 2458 Νικαίας
1017 2398 1180 2466 μέρη.
1225 2397 1313 2465 ἐφ’
1351 2391 1394 2464 ᾧ
1425 2396 1524 2466 τὴν
1575 2394 1742 2447 αὑτοῦ

183 2490 522 2557 περισκοπεῖν
555 2489 787 2554 έλευσιν,
839 2491 1072 2552 καὶτὰς
1122 2493 1251 2561 περὶ
1299 2489 1464 2543 αὐτοῦ
1507 2489 1584 2560 τῷ
1634 2490 1747 2542 Μο-

182 2578 373 2650 νολύκῳ
422 2580 622 2634 διδόναι
675 2583 918 2652 συνεχεῖς
965 2583 1218 2652 εἰδήσεις.
1267 2582 1471 2634 Λέοντα
1515 2582 1612 2650 μὲν
1651 2581 1743 2633 τδν

181 2669 465 2741 Νικερίτην
528 2672 667 2741 μετὰ
720 2672 828 2725 τῶν
876 2673 967 2725 ὑπ’
1017 2673 1181 2726 αὐτὸν
1230 2673 1511 2743 δυνάμεων
1557 2673 1636 2735 εἰς
1685 2671 1746 2724 τὸ

181 2759 436 2811 Λοπάδιον
499 2759 836 2830 πέπομφεν,
915 2763 1277 2834 ἐγρηγορέναι
1329 2781 1390 2815 τε
1456 2762 1745 2825 διαπαντὸς

181 2850 723 2920 παρακελευσάμενος
760 2855 977 2917 καὶτὰς
1006 2855 1285 2924 ἁμφὸδους
1317 2856 1624 2924 ἐπιτηρεῖν,
1650 2853 1746 2906 καὶ

177 2938 305 2992 ἅττα
329 2939 392 2999 δὴ
423 2944 551 3012 περὶ
576 2943 685 2994 τῶν
717 2942 977 3014 Τούρκων
1003 2947 1182 3017 γνοίη,
1205 2945 1377 2998 ταῦτα
1408 2947 1494 3000 διὰ
1518 2945 1746 3015 γραφῶν

175 3032 362 3102 δηλοῦν
387 3034 556 3102 αὐτῷ.
593 3035 664 3088 Τὸ
687 3035 742 3088 δὲ
778 3036 1058 3089 ἐπίλοιπον
1090 3039 1409 3107 στράτευμα
1440 3040 1497 3090 ὲν
1526 3037 1743 3090 ἐπικαίο

1848 1843 2131 1894 adfuturos
2165 1841 2354 1895 videri.
2391 1838 2520 1892 Sine
2549 1852 2694 1890 mora
2733 1837 3030 1903 imperator
3060 1835 3172 1886 luce
3196 1831 3421 1885 audiens

1844 1932 2006 2004 465
2036 1947 2132 2001 per
2185 1931 2350 2000 ipsam
2389 1930 2622 1982 Nicmam
2671 1941 2838 1996 usque
2867 1925 2933 1977 ad
2961 1922 3251 1977 Miscuram
3294 1932 3423 1988 pro-

1846 2026 2114 2093 greditur,
2149 2023 2239 2076 ubi
2272 2022 2504 2077 certiora
2542 2021 2607 2074 de
2660 2019 2907 2073 hostibus
2955 2013 3260 2086 cognoscit;
3305 2014 3418 2066 haec

1847 2132 2040 2183 nempe
2065 2156 2080 2180 ,
2111 2115 2348 2168 nondum
2408 2113 2692 2166 advenisse
2726 2120 2893 2164 totum
2947 2108 3244 2162 exercitum
3277 2105 3422 2159 Tt!"-

1847 2226 2059 2272 corum,
2101 2209 2194 2260 sed
2223 2221 2423 2276 paucos
2460 2213 2668 2258 tantunt
2701 2218 2888 2257 eorum
2915 2201 3226 2270 praemissos
3249 2216 3278 2252 a
3305 2201 3419 2254 blo-

1849 2302 2041 2369 nulyco
2121 2299 2319 2352 morari
2390 2298 2538 2351 circa
2613 2296 2856 2365 Dolylum
2894 2305 2945 2350 et
2983 2305 3166 2362 partes
3225 2293 3418 2348 Nic-reae

1846 2394 2029 2443 animo
2065 2389 2376 2457 speculandi
2409 2387 2702 2439 adventum
2730 2387 3096 2453 imperatoris,
3142 2386 3420 2440 mittendi.

1847 2498 1951 2550 que
1983 2483 2136 2536 illinc
2173 2483 2238 2534 ad
2272 2481 2608 2550 Monolyeum
2631 2478 2945 2546 quotidiana
2974 2480 3036 2529 de
3072 2477 3160 2529 illo
3190 2477 3419 2535 indicia,

1850 2575 1942 2628 llis
1965 2577 2238 2644 Augustus
2265 2571 2558 2641 compertis
2606 2568 2842 2624 Leonem
2873 2569 3170 2622 Niceritam
3195 2582 3318 2620 cum
3351 2582 3415 2622 ea

1847 2667 2124 2734 copiarum
2157 2675 2309 2732 parte
2343 2664 2582 2733 (ιυωίρεί
2616 2663 2856 2726 suberat,
2885 2659 3183 2728 Lopadium
3228 2657 3415 2722 mittit,

1850 2776 1974 2814 cum
2042 2757 2316 2816 mandatis
2373 2755 2644 2810 accuratis
2679 2752 2935 2823 vigilandi
2971 2752 3193 2813 acriter,
3231 2759 3418 2802 custo-

1853 2852 2150 2921 diendique
2177 2850 2392 2912 itinera,
2429 2859 2480 2902 et
2508 2849 2626 2918 quae
2659 2843 2976 2900 interim'de
3005 2842 3131 2896 Turi
3154 2841 3198 2896 is
3228 2841 3419 2908 explo-

1849 2957 2026 3003 rasset
2086 2945 2271 3000 trissis
2301 2945 2365 2997 ad
2417 2960 2477 2997 se
2525 2941 2810 2996 confestim
2869 2937 3141 2991 indicandi
3197 2936 3418 2989 litteris.

1850 3039 2138 3106 Reliquum
2207 3034 2507 3088 exercitum
2544 3037 2595 3085 in
2635 3031 2748 3084 loca
2803 3028 3084 3082 commoda
3119 3023 3417 3088 distribuit,

173 3140 281 3192 ροις
312 3124 686 3193 καταθέμενος
726 3125 912 3188 τόποις
944 3126 1139 3194 διέγνω
1160 3103 1170 3107 ⁷
1190 3103 1397 3196 βέλτιον
1426 3122 1585 3190 εἶναι,
1631 3143 1741 3195 μηο

1852 3134 1930 3187 sic
1977 3145 2159 3184 serunt
2202 3136 2472 3189 statuens,
2534 3125 2845 3191 neutiquam
2881 3137 2910 3174 e
2951 3136 3008 3173 re
3063 3120 3230 3173 videri
3269 3126 3416 3171 recta

170 3216 285 3268 κέτι
309 3218 449 3269 κατὰ
484 3216 578 3269 τοῦ
616 3218 916 3271 σουλτάνου
945 3221 1165 3289 χωρεῖν,
1201 3219 1600 3290 στοχαζόμενος
1614 3221 1743 3281 τοὺς

169 3308 444 3369 σωθέντας
478 3309 800 3379 Βαρϐάρους
831 3309 931 3379 τὴν
963 3309 1086 3362 κατ’
1119 3309 1300 3363 αὐτῶν
1329 3311 1506 3381 ὁρμὴν
1551 3311 1745 3380 διακη-

167 3403 542 3470 ρυκεύσασθαι
571 3406 688 3467 τοῖς
731 3404 872 3458 κατὰ
907 3404 1003 3476 τὴν
1034 3405 1222 3457 Ἀσίαν
1253 3406 1428 3459 ἅπασι
1455 3405 1742 3474 Τούρκοις,

161 3494 238 3557 ὡς
299 3499 357 3546 ὲν
417 3496 696 3566 διαφόροις
775 3497 1194 3567 ἐντετυχηκότες
1273 3498 1386 3558 τοῖς
1449 3495 1744 3566 Ῥωμαίοις

159 3588 506 3658 προσέϐαλον
535 3590 610 3654 ὠς
651 3591 940 3662 καρτερῶς
965 3589 1326 3659 ἀντέστησαν,
1372 3587 1447 3652 ὡς
1486 3587 1750 3658 ἡττηθένο
1792 3615 1797 3622 -

155 3697 274 3744 τες,
305 3681 356 3732 oi
397 3681 495 3748 μὲν
524 3683 806 3745 ἑάλωσαν,
859 3683 909 3734 oi
962 3681 1018 3734 δὲ
1048 3668 1419 3753 ἆνῃρέθησαν,
1468 3680 1640 3746 ὀλίγοι
1691 3679 1747 3732 δὲ

153 3775 256 3824 xa‘t
317 3772 842 3844 τραυματισθέντες,
891 3773 1193 3827 ἀπώλοντο*
1252 3776 1361 3826 κάκ
1412 3771 1601 3826 τούτου
1631 3772 1747 3825 δια-

151 3864 497 3934 γνόντεςτὴν
514 3864 682 3917 αὑτοῦ
716 3866 1006 3918 ὲπέλευσιν
1032 3867 1081 3918 οἱ
1101 3865 1383 3935 Βάρόαροι
1412 3864 1748 3934 ποῤῥωτέρω

151 3961 256 4011 καὶ
309 3957 480 4010 αὑτοῦ
549 3959 775 4011 Ἰκονίου
846 3959 1174 4029 γενήσονται
1229 3957 1324 4010 καὶ
1390 3956 1748 4019 κενόσπουδος

148 4049 314 4119 αὐτῷ
342 4052 373 4119 ἡ
405 4050 612 4119 σπουδὴ
660 4050 907 4119 γένηται.
969 4049 1071 4102 Διὰ
1128 4047 1304 4102 ταῦτα
1335 4047 1574 4117 στρέψας
1622 4047 1750 4108 τοὺς

145 4142 418 4211 χαλινοὺς
444 4140 531 4194 διὰ
561 4144 658 4210 τῆς
684 4140 927 4194 Βιθυνῶν
956 4140 1056 4210 τὴν
1097 4137 1471 4209 Νικομήδειαν
1518 4136 1750 4189 κατέλα-

146 4237 278 4291 6εν,
356 4232 432 4284 ἵν’
476 4232 726 4285 ἐντεῦθεν
793 4231 1199 4294 ἀπελπίσαντες
1249 4229 1350 4300 τὴν
1410 4227 1528 4280 κατ’
1571 4227 1750 4279 αὐτῶν

143 4325 353 4392 ἔφοδον
383 4364 398 4387 ,
451 4324 802 4377 ἐπανέλθοιεν
855 4324 1088 4386 ἕκαστος
1154 4316 1328 4391 οὗπερ
1379 4319 1479 4388 τὴν
1538 4318 1749 4385 οἴκησιν

1845 3225 1900 3278 in
1955 3221 2227 3275 sullanum
2268 3220 2484 3278 ducere,
2520 3214 2719 3268 frustra
2749 3214 2890 3267 enim
2924 3212 2974 3265 id
3005 3228 3062 3266 se
3097 3197 3366 3265 facturum
3400 3227 3416 3263 :

1847 3314 2114 3384 siquidem
2167 3319 2283 3364 erat
2329 3307 2623 3362 verisimile
2656 3305 2804 3358 fusos
2854 3303 3009 3373 paulo
3052 3313 3175 3356 ante
3210 3302 3418 3355 Turros

1847 3423 1875 3461 ιι
1930 3404 2192 3462 Romanis
2250 3402 2479 3456 ducibus
2532 3399 2700 3453 cladis
2751 3412 2859 3450 suae
2920 3397 3117 3448 famam
3170 3395 3278 3448 late
3322 3409 3420 3463 per

1847 3499 2033 3554 Asiam
2064 3496 2351 3567 sparsisse,
2396 3491 2673 3559 variisque
2709 3490 2892 3542 varios
2929 3488 2981 3541 in
3017 3487 3149 3540 locis
3183 3501 3302 3539 esse
3337 3496 3419 3538 te-

1849 3597 2022 3643 statos
2069 3585 2378 3641 occurrisse
2431 3581 2708 3636 Romanos
2740 3581 2892 3649 ipsis,
2931 3579 3223 3631 commissa
3264 3575 3417 3643 gravi

1849 3696 2053 3753 pugna,
2099 3679 2267 3734 victos
2301 3692 2424 3732 esse
2476 3674 2706 3738 Turcus,
2735 3672 2995 3742 quosdam
3045 3679 3254 3738 captos,
3286 3667 3422 3720 alios

1853 3774 2086 3835 occisos,
2121 3770 2436 3824 vulneratos
2483 3767 2648 3820 etiam
2683 3765 2895 3832 aliquos
2942 3762 3135 3814 deinde
3164 3759 3418 3828 periisse.

1851 3861 2058 3929 Quibus
2089 3861 2250 3914 rebus
2285 3857 2542 3928 vulgatis,
2581 3854 2804 3908 dubium
2844 3867 2949 3907 non
2986 3852 3266 3906 videbatur
3288 3849 3416 3918 quin

1853 3951 2079 4007 Barbari
2111 3950 2398 4005 consilium
2437 3946 2817 4002 retrocedendi
2846 3952 3103 4013 caperent
3140 3952 3300 4010 atque
3333 3942 3418 3992 iu-

1854 4045 2023 4098 terius
2060 4045 2114 4097 in
2148 4042 2262 4096 loca
2287 4049 2402 4094 tuta
2429 4039 2652 4094 ditionis
2681 4038 2919 4106 ipsorum
2951 4050 3122 4105 usque
3145 4037 3209 4087 ad
3239 4033 3414 4100 ipsum

1852 4136 2094 4191 Iconium
2131 4133 2318 4202 copias
2353 4133 2702 4194 reducerent,
2739 4130 2924 4199 sicque
2967 4128 3225 4181 frustrato
3269 4125 3417 4178 inse-

1853 4227 2138 4297 quentium
2190 4225 2369 4280 studio
2399 4239 2462 4279 ac
2524 4238 2619 4292 spe
2664 4224 2881 4276 inanem
2936 4218 3196 4272 Romanis
3257 4226 3418 4284 atque

1853 4320 2066 4374 irritam
2112 4318 2478 4373 contentionis
2528 4315 2736 4371 inutilis
2771 4323 2824 4370 et
2882 4312 3168 4367 irridendm
3198 4310 3415 4364 lassitu-

146 4420 438 4487 πρότερον
473 4416 770 4484 ἐπεποίητο
825 4417 965 4468 ἐπὶν
993 4415 1047 4466 δὲ
1078 4413 1564 4481 ἁποθαρῤήσαντες
1591 4408 1747 4470 αὖθις

1853 4413 2039 4466 dinem
2101 4411 2494 4479 relinquerent.
2546 4407 2618 4460 Ea
2664 4415 2884 4474 propter
2937 4401 3260 4459 retroversis
3310 4401 3421 4453 Au-

141 4517 237 4575 εἰς
281 4513 570 4582 προνομὴν
621 4511 968 4583 σχεδαοθεϊεν
1020 4508 1097 4571 ὼς
1135 4509 1252 4571 ἔθος
1299 4509 1408 4565 tot;
1457 4503 1743 4574 Τούρκοις,

145 4612 261 4662 καὶ
299 4610 466 4670 αὐτὸς
492 4609 521 4660 ό
562 4608 853 4670 σουλτὰνος
883 4604 980 4659 τοῦ
1006 4604 1277 4675 προτέρου
1319 4601 1525 4673 ἅψηται
1559 4601 1744 4670 ἔργον,

133 4704 472 4771 τηνικαῦτα
513 4703 607 4755 καὶ
641 4703 804 4763 αὐτὸς
833 4699 942 4752 τῶν
980 4695 1329 4767 στρατιωτῶν
1378 4695 1575 4764 μικρὸν
1613 4695 1747 4746 ἁνα-

133 4794 564 4861 παυσαμένων,
618 4793 712 4845 καὶ
762 4791 870 4844 τῶν
926 4791 1111 4843 ἵππων
1157 4789 1250 4841 καὶ
1283 4787 1596 4855 ὑποζυγίων
1626 4784 1750 4838 πιόέ

132 4905 263 4939 νων
302 4882 559 4938 ἐντεῦθεν
582 4883 907 4952 γεγονότων,
947 4880 1064 4950 μετ’
1125 4880 1188 4932 οὒ
1221 4878 1354 4932 πολὺ
1389 4877 1747 4948 σφοδρότερον

126 4980 244 5031 τοῦ
317 4978 440 5031 κατ’
497 4977 678 5029 αὐτῶν
714 4975 920 5045 ἅψηται
968 4972 1228 5041 πολέμου,
1291 4970 1387 5022 καὶ
1437 4968 1538 5037 τῆς
1568 4967 1747 5038 μάχης

127 5071 456 5144 καρτερῶς
514 5069 819 5133 ἀνθέξεται.
875 5067 974 5120 Διὰ
1021 5065 1195 5118 ταῦτα
1248 5063 1346 5133 τὴν
1377 5061 1746 5130 Νικομήδειαν

127 5162 546 5231 ἀναζητήσας,
578 5161 652 5222 ὡς
684 5159 921 5230 εἴρηται,
949 5159 1046 5209 καὶ
1071 5154 1398 5210 καταλαϐὼν
1427 5155 1553 5215 τοὺς
1590 5169 1749 5204 συνε-

126 5254 518 5324 φεττομένους
549 5251 697 5322 αὐτῷ
734 5251 981 5311 ἅπαντας
1007 5249 1115 5301 τῶν
1156 5246 1504 5319 στρατιωτῶν
1533 5243 1612 5306 είς
1648 5243 1747 5305 τὰς

123 5347 362 5416 ἐγγύθι
398 5345 742 5413 κωμοπόλεις
769 5340 1052 5403 κατέθετο,
1085 5339 1160 5402 ὡς
1190 5339 1302 5392 οἵτε
1357 5338 1515 5391 ἵπποι
1540 5335 1632 5387 καὶ
1680 5332 1748 5386 τὰ.

123 5439 451 5505 ὑποζύγια
477 5435 685 5508 τροφὴν
738 5433 1076 5504 ἀποχρῶσαν
1103 5433 1276 5502 ἔχοιεν
1313 5430 1436 5499 (τῆς
1497 5424 1749 5480 Βιθυνῶν

120 5536 255 5604 γῆς
283 5531 468 5583 πολὺν
505 5530 595 5582 τὸν
618 5531 816 5600 χόρτον
849 5525 1232 5594 ἀναδιδούσης)
1278 5525 1373 5576 καὶ
1414 5519 1571 5574 αὐτοὶ
1605 5519 1661 5572 δὲ
1701 5519 1748 5571 οἱ

123 5624 514 5697 στρατιῶται
554 5623 750 5691 ῥᾳδίως
786 5619 896 5671 ἀπό
920 5635 980 5669 τε
1017 5617 1116 5684 τῆς
1148 5615 1467 5678 Βυζαντίδος
1496 5612 1589 5664 καὶ
1640 5611 1749 5662 τῶν

118 5720 325 5792 πέριξ
354 5718 451 5770 διὰ
489 5715 587 5768 τοῦ
620 5712 1035 5787 παρακειμένου
1085 5709 1286 5762 κόλπου
1320 5707 1649 5776 ἀποχρῶντα
1681 5705 1751 5757 τὰ

117 5815 304 5886 πρὸς
367 5809 566 5882 χρείαν
619 5807 951 5879 κομίζοιντο,
1017 5799 1330 5870 ἐπισκήψας
1406 5799 1589 5862 αὐτοῖς
1655 5797 1750 5870 ὅλῃ

1856 4511 2048 4572 gustus
2090 4500 2321 4555 habenis
2351 4512 2447 4566 per
2491 4497 2750 4566 Bithynos
2784 4493 3154 4548 Nicomediam
3190 4504 3250 4543 se
3292 4503 3422 4541 cnn-

1855 4591 2010 4657 tulit;
2047 4606 2157 4660 qtto
2209 4589 2466 4643 nimirum
2539 4587 2631 4640 tali
2685 4584 2807 4654 ejus
2864 4597 3112 4652 regressu
3173 4578 3421 4633 nuntiato

1853 4684 2069 4748 Turcis,
2102 4684 2177 4738 illi
2211 4684 2289 4738 sic
2324 4683 2484 4737 levati
2517 4692 2660 4735 metu
2711 4679 3030 4747 irruptionis
3059 4689 3221 4743 quam
3253 4688 3282 4726 a
3313 4670 3412 4724 Ru-

1854 4780 2031 4832 manis
2056 4779 2372 4839 timuerant,
2411 4774 2675 4828 auderent
2707 4770 2982 4839 explicare
3012 4782 3077 4820 ac
3100 4776 3419 4834 promovere

1853 4872 2038 4939 capias
2071 4870 2323 4934 liberius,
2385 4877 2897 4930 reverterenturque
2938 4859 2992 4912 iu
3028 4858 3143 4911 loca
3175 4855 3322 4920 prius
3350 4851 3418 4903 ab

1853 4967 1987 5038 ipsis
2021 4971 2310 5033 occupata,
2342 4960 2485 5014 unde
2526 4957 2666 5011 versi
2692 4968 2787 5022 pro
2814 4966 2912 5006 suo
2945 4962 3096 5001 more
3130 4947 3324 4998 iterum
3362 4943 3416 4994 in

1853 5060 2086 5128 praedas,
2117 5069 2346 5125 quarum
2377 5051 2540 5120 primi
2567 5059 2854 5102 successus
2894 5039 3170 5094 sultanum
3203 5049 3419 5106 quoque

1856 5151 2032 5220 ipsum
2085 5147 2345 5201 elicerent
2401 5141 2465 5194 ad
2497 5141 2649 5208 prius
2674 5135 3046 5189 intermissum
3091 5144 3230 5198 Opus
3267 5141 3427 5181 resuo'

1855 5246 2129 5305 mendum,
2164 5237 2489 5292 luculentam
2520 5233 2724 5286 cladem
2761 5246 2826 5284 ex
2861 5228 3154 5294 improviso
3185 5224 3416 5292 aliquam

1859 5334 2118 5401 dispersi,-
2150 5329 2380 5396 vagique
2427 5324 2675 5392 accipere
2727 5337 2755 5374 ιι
2793 5319 2994 5373 nostris
3041 5313 3419 5384 possent.jam‘

1856 5400 2074 5480 refectis
2122 5429 2176 5474 et
2227 5412 2513 5487 pinguibus
2546 5429 2558 5464 :
2595 5411 2792 5480 quippe
2841 5407 2934 5476 qui
2968 5403 3228 5457 beneficio
3264 5400 3422 5464 modo

1857 5513 2080 5571 indulta
2143 5507 2486 5568 cessationis,
2535 5514 2589 5557 et
2639 5517 2736 5556 sua
2789 5508 2844 5552 et
2893 5508 3156 5565 equorum
3207 5491 3422 5560 egregie

1859 5621 2086 5677 corpora
2119 5609 2425 5664 curassent,
2469 5600 2655 5666 sicque
2686 5595 2751 5648 ad
2779 5591 3019 5661 praelium
3073 5588 3328 5650 alacrius,
3369 5593 3426 5636 et

1857 5716 1979 5756 cum
2009 5712 2102 5768 spe
2152 5693 2392 5749 victoria:
2445 5690 2677 5742 certiore
2731 5682 3120 5751 capessendum
3176 5677 3426 5730 venirent

1867 5792 2187 5868 paratiores.
2219 5786 2292 5842 Eo
2336 5782 2561 5841 consilio
2602 5775 2971 5834 Nicomediam
3007 5774 3425 5841 imperatorcpe-
