3992 6278
275 320 400 384 H33

1480 317 1755 378 ALEXIA
1771 317 1896 375 Ι)ῐὸ
1942 316 2088 376 LIB.
2138 317 2262 375 XV.

3370 309 3508 375 1134

262 454 356 489 των
417 434 669 504 γένηται,
730 434 789 487 τὸ
839 433 897 487 δὲ
945 434 1032 487 καξ
1090 434 1214 496 τοὺς
1276 433 1675 502 ἐλπιζομένους
1710 432 1831 485 ἐκεῖ

1951 444 2076 484 tune
2107 445 2168 483 ai:
2199 429 2399 498 Scytha
2430 428 2663 497 quodam
2696 426 2761 481 ad
2787 440 2846 481 se
2876 426 3123 481 advocat.
3151 422 3246 477 His
3270 425 3508 493 assignat

263 526 571 597 Βαρϐάρου;
604 526 958 595 ὑφορώμενος
986 525 1203 595 ἤχθετο.
1241 525 1450 594 Βουλὴν
1473 521 1569 577 οὖν
1602 524 1823 593 βουλεύ-

263 636 368 671 εται
427 620 655 686 συνετήν
684 634 741 668 τε
779 618 872 669 καὶ
928 617 1209 688 τολμηράν
1239 633 1251 646 ·
1294 618 1427 669 Θεὸν
1474 616 1825 684 ἐπερωτῆσαι

260 714 301 762 εί
334 711 437 780 χρὴ
462 710 563 778 τῆς
607 710 740 779 πρὸς
771 711 831 761 τὸ
862 710 1081 761 Ἰκῦνιον
1142 707 1390 777 ἔχεσθαι,
1429 708 1463 777 ἦ
1524 708 1665 759 κατὰ
1715 706 1826 757 τῶν

261 800 463 869 περιτὺ
513 801 812 870 Φιλομήλιν
844 799 1148 870 ἐξορμῆσαι
1192 798 1516 869 Βαρϐάρων.
1563 796 1650 848 Ἐν
1705 795 1827 848 δυσὶ

263 894 381 962 γοῦν
417 894 664 963 χαρτίοις
717 893 848 960 περὶ
876 891 1082 943 τούτων
1113 892 1469 959 ἐπερωτήσας
1492 889 1587 941 καὶ
1618 885 1827 941 ἄνωθεν

261 987 349 1051 τῆς
400 987 552 1055 ἱερᾶς
617 982 990 1051 καταθέμενος
1034 982 1238 1050 ταύτης
1295 979 1580 1052 τραπέζης
1620 978 1828 1032 παννύ-

263 1094 366 1146 χιον
418 1078 508 1127 τὸν
573 1074 739 1143 ὕμνον
776 1076 867 1126 καὶ
915 1075 1153 1136 ἐκτενεῖς
1204 1072 1282 1143 τῷ
1336 1071 1455 1142 Θεῷ
1515 1071 1828 1142 προσέφερε

268 1168 353 1230 τὰς
389 1167 684 1229 ἐντεύξεις.
720 1166 878 1216 Κατὰ
932 1165 989 1216 δὲ
1020 1165 1082 1217 τὸ
1122 1163 1446 1234 περίορθρον
1504 1159 1766 1214 εἰσελθὼν
1802 1163 1828 1213 ὁ

269 1258 437 1325 ἱερεὺς
465 1256 562 1308 καὶ
603 1255 833 1325 θάτερον
856 1254 968 1306 τῶν
1010 1253 1277 1307 τεθέντων
1302 1252 1527 1323 χαρτίον
1556 1253 1600 1285 ⁸⁸
1628 1251 1829 1305 ἀναλα-

267 1347 489 1416 ϐόμενος
516 1351 612 1399 καὶ
669 1345 957 1416 παρρησίᾳ
1012 1345 1180 1407 λύσας
1232 1344 1513 1406 ἁπάντων,
1563 1342 1827 1409 ὑπανεγί-

264 1453 429 1488 νωσκε
487 1436 564 1505 τῷ
627 1437 994 1505 αὐτοκράτορι
1039 1435 1136 1502 τῆς
1206 1432 1343 1503 πρὸς
1399 1433 1458 1485 τὸ
1535 1432 1830 1501 Φιλομήλιν

264 1527 581 1594 ἁνθέξεσϐαι
614 1528 738 1581 ὁδοῦ
768 1526 1315 1597 παρακελευόμενον.

1935 524 2187 575 idoneum
2223 524 2499 587 copiarum
2528 535 2841 585 numerum,
2889 528 2945 573 et
2997 530 3050 571 ut
3105 517 3157 570 in
3212 531 3307 569 eos
3365 524 3508 570 recta

1935 612 2158 666 tendant
2219 614 2478 679 irruperat;
2520 628 2583 664 «ιο
2617 622 2673 665 ιιι
2722 612 3069 680 pervenerint
3119 609 3509 679 praedatoribus

1936 703 2191 757 immissis
2226 706 2371 758 viros
2408 705 2643 772 undique
2674 704 2835 757 simul
2859 719 3047 758 omnes
3079 702 3277 757 vastari
3311 702 3508 770 jubet;

1934 793 2218 863 indigenas
2260 797 2408 864 ipsos
2447 796 2513 848 ad
2566 812 2625 849 se
2657 797 2867 850 deduci.
2921 796 3056 850 Dum
3098 796 3361 864 imperata
3415 796 3509 850 isti

1936 885 2166 950 faciunt,
2199 886 2495 955 imperator
2528 888 2639 955 ipse
2674 887 2839 955 priori
2866 888 3077 943 haerens
3109 887 3384 957 proposito
3410 885 3510 941 Po-

1940 978 2108 1048 lyboti
2142 978 2396 1044 adeundi;
2430 988 2591 1046 atque
2624 980 2748 1033 inde
2780 977 3021 1033 Iconium
3059 996 3230 1049 usque
3279 995 3508 1050 procur-

1944 1071 2121 1135 rendi,
2153 1072 2361 1126 duobus
2388 1073 2438 1123 in
2473 1073 2588 1139 ipso
2626 1071 2904 1140 procinctu
2941 1073 3152 1126 itineris
3187 1072 3348 1127 istius
3382 1088 3510 1125 cou-

1943 1161 2196 1216 turbatur
2213 1163 2438 1215 nuntiis.
2462 1163 2775 1215 Allirmnhat
2792 1179 2931 1217 unus
2949 1163 3219 1232 Solymatn
3236 1164 3508 1218 sultanum

1941 1264 2160 1321 accepta
2191 1254 2354 1307 certis
2385 1256 2700 1307 auctoribus
2732 1255 3075 1321 imperatoris
3109 1262 3296 1309 contra
3329 1256 3508 1323 ipsqu

1939 1347 2281 1412 expeditione
2355 1346 2663 1400 incendisse
2723 1346 2921 1413 passim
2988 1356 3198 1415 segetes
3249 1348 3511 1416 planeque

1940 1448 2187 1490 vastasse
2226 1437 2475 1506 regiones
2510 1438 2773 1491 universa:
2812 1438 2977 1501 Asiae,
3013 1438 3313 1506 praesertim
3364 1438 3514 1506 equi-

1943 1529 2135 1583 tabiles
2168 1540 2219 1582 et
2255 1529 2437 1583 itineri
2477 1530 2706 1583 Romani
2744 1533 3020 1586 exercitus
3059 1540 3410 1600 opportunas,
3439 1532 3513 1585 ita

265 1626 442 1693 utjam
478 1627 527 1679 in
564 1627 645 1679 eis
671 1626 803 1679 nihil
834 1626 1070 1695 supersit
1102 1640 1326 1692 prorsus
1351 1624 1491 1691 quod
1519 1622 1827 1677 hominibus
1873 1635 1965 1676 aut
1995 1624 2261 1693 jumentis
2306 1626 2413 1681 cibi
2484 1625 2600 1681 loco
2649 1630 2818 1694 possit
2864 1641 3007 1681 esse.
3080 1628 3324 1681 Addebat
3374 1627 3513 1680 alius

264 1722 527 1790 ingentem
559 1736 680 1775 esse
717 1721 941 1783 famam,
1015 1730 1125 1772 tota
1174 1727 1563 1786 pervagantem
1612 1720 1764 1781 Asia,
1829 1720 2066 1775 recentis
2089 1720 2444 1789 ejusdemque
2482 1722 2911 1779 numerosissimi
2949 1725 3223 1778 exercitus
3294 1723 3491 1778 Barba-

267 1829 445 1868 rorum
520 1828 584 1867 ex
623 1814 997 1880 superioribus
1043 1812 1285 1880 partibus
1334 1820 1524 1863 contra
1609 1812 1891 1865 venientis.
1938 1811 2031 1866 llis
2060 1815 2131 1866 ita
2172 1816 2467 1882 compertis
2512 1816 2697 1881 rebus,
2736 1817 3022 1870 verebatur
3065 1818 3336 1886 Augustus
3387 1815 3498 1885 pri-

268 1923 406 1963 mum
445 1907 681 1974 quidem,
720 1922 786 1959 ne
814 1907 857 1959 si
891 1905 1205 1958 oblirmaret
1235 1904 1413 1954 animo
1440 1904 1833 1970 promotionem
1868 1905 2137 1958 exercitus
2171 1920 2342 1975 usque
2411 1908 2474 1959 ad
2527 1906 2768 1961 Iconium
2818 1908 3022 1963 cladem
3072 1926 3098 1962 a
3137 1910 3274 1964 fame
3339 1922 3500 1980 atque

266 1998 437 2067 inopia
465 1998 647 2066 pabuli
678 1996 809 2049 viris
837 1997 1101 2067 equisque
1156 1994 1518 2047 miserrimam
1584 2007 1908 2049 accerseret.
1948 1994 2154 2050 Rursus
2183 1998 2501 2052 denuntiata
2532 1999 2875 2053 multitudine
2900 2001 3262 2056 Barbarorum
3293 2006 3498 2057 adven-

268 2090 488 2146 tantium
540 2091 1007 2154 commovebatur,
1045 2092 1239 2140 merito
1288 2096 1539 2141 metuens
1584 2100 1651 2140 ne
1698 2102 1825 2141 suos
1876 2090 2158 2156 pauciores
2226 2106 2288 2143 ac
2348 2088 2524 2146 fessos
2554 2100 2628 2145 tot
2682 2091 2789 2146 illis
2817 2094 3146 2149 obterendos
3198 2098 3505 2151 recentibus

265 2184 759 2253 imprudentissime
815 2185 1098 2253 objiceret.
1163 2183 1221 2237 In
1287 2182 1487 2236 talibus
1563 2183 1830 2252 angustiis
1906 2186 2189 2239 consilium
2241 2188 2377 2255 capit
2414 2188 2650 2257 prudens
2708 2189 2834 2242 illttd
2892 2192 3106 2258 quidem
3157 2193 3250 2247 sed
3334 2196 3510 2250 audax

266 2286 465 2330 tamen.
506 2279 597 2333 Dei
625 2278 947 2331 sententiam
997 2276 1285 2347 exquirere
1327 2275 1591 2339 decernit,
1638 2276 2077 2344 consulendoque
2138 2281 2356 2333 oraculo
2422 2282 2729 2352 exquirere,
2771 2284 2964 2351 ecquid
3027 2296 3171 2338 recta
3243 2288 3508 2347 Iconium,

265 2372 339 2422 uti
413 2379 649 2437 ceperat,
721 2383 942 2436 pergere
994 2375 1296 2435 praestaret,
1342 2381 1409 2419 an
1456 2380 1586 2419 vero
1635 2366 1889 2420 suaderet
1965 2366 2142 2434 potius
2202 2370 2540 2426 venientibus
2588 2387 2617 2425 a
2669 2371 2950 2427 Philomeli
3013 2375 3264 2431 Barbaris
3321 2388 3513 2433 contra

264 2460 579 2515 occurrere?
608 2460 659 2512 ld
689 2460 1006 2527 exsequitur
1032 2457 1177 2512 hunc
1211 2457 1263 2510 iu
1298 2457 1542 2510 modum.
1588 2455 1823 2511 Chartas
1864 2469 2015 2526 parat
2046 2459 2181 2512 duas
2218 2460 2270 2512 in
2302 2460 2498 2528 quibus
2544 2462 2610 2517 de
2638 2476 2870 2533 utroque
2934 2465 3346 2522 deliberationis
3415 2484 3511 2522 ca—

264 2556 373 2622 pite
427 2554 655 2608 seorsim
715 2560 1083 2621 percontatur.
1136 2551 1338 2606 Ambas
1392 2552 1493 2606 sub
1550 2566 1828 2618 vesperam
1868 2553 2085 2608 excelso
2151 2554 2271 2607 loco
2337 2571 2499 2625 supra
2531 2573 2737 2611 sacram
2771 2575 3012 2614 mensam
3046 2563 3305 2628 collocat;
3337 2576 3501 2621 totam

266 2647 389 2699 hinc
445 2654 655 2700 noctem
704 2643 937 2697 assiduis
993 2642 1088 2698 Dei
1142 2642 1391 2697 laudibus
1444 2652 1498 2696 et
1582 2642 1841 2711 religione
1915 2656 2169 2713 perpetua
2220 2648 2471 2710 traducit,
2528 2649 2692 2704 Deum
2751 2652 2976 2718 intente,
3051 2670 3156 2722 quo
3210 2657 3503 2727 indigebat,

276 2757 527 2813 poscens.
562 2741 811 2796 Dilucnlo
844 2740 1123 2809 ingressus
1187 2738 1415 2793 antistes
1482 2737 1704 2791 alteram
1755 2738 2142 2809 depositurum,
2206 2759 2325 2812 qua:
2408 2745 2642 2814 primum
2701 2748 2897 2801 accidit
2980 2750 3158 2817 obvia,
3207 2755 3514 2811 chartarum

262 2838 475 2905 arripit.
507 2833 745 2903 explicat
793 2832 968 2900 palam
1027 2840 1079 2887 et
1116 2832 1337 2886 attentis
1384 2828 1641 2884 omnibus
1688 2829 1831 2884 clara
1910 2847 2040 2887 voce
2070 2834 2217 2903 legit.
2282 2835 2352 2889 Ea
2386 2837 2693 2905 imperatori
2729 2840 3119 2898 suadebatiter
3196 2847 3523 2904 Philomeli-1

263 2945 472 2986 νειςιις.

352 3026 512 3079 ’Λλλᾶι
556 3021 732 3075 ταῦτα
768 3020 866 3089 μὲν
897 3020 965 3071 τὰ
994 3018 1134 3072 κατὰ
1159 3017 1251 3069 τὸν
1304 3016 1706 3086 αὐτοκράτορα.
1783 3015 1842 3068 '0
1876 3025 1915 3078 Β

262 3121 323 3173 δέ
357 3134 418 3183 γε
451 3115 660 3184 Βάρδας
697 3112 979 3183 Βούρτζης
1006 3114 1062 3163 ἐν
1105 3110 1182 3179 τῷ
1226 3109 1445 3177 ἐχεσῦαι
1473 3108 1573 3176 τῆς
1615 3109 1716 3177 ἠδη
1744 3110 1841 3175 ρη-

264 3212 456 3274 θείσης
523 3205 643 3259 ὀδοῦ
684 3206 1000 3273 στράτευμα
1062 3202 1195 3253 πολὺ
1240 3200 1571 3269 θεασάμενος
1640 3197 1845 3266 ἐνωοῆ-

260 3320 355 3355 ναι
386 3301 520 3369 μετὰ
548 3300 639 3350 το)
672 3295 987 3350 Μονο).ύκου
1009 3294 1097 3347 διὰ
1126 3295 1223 3363 τῆς
1246 3292 1492 3362 γεφύρας
1527 3291 1620 3343 τοῦ
1644 3290 1838 3360 Ζόμπη

262 3394 651 3458 ἐπειγόμενον,
724 3387 974 3458 παρευθὺ
1030 3385 1395 3454 ὁπλισάμενος
1471 3383 1844 3453 συμμίγνυται

259 3486 480 3544 τούτοις
516 3482 773 3552 περὶτὴν
797 3481 891 3531 τοῦ
942 3478 1203 3548 ’Λμορίου
1270 3476 1522 3540 πεδιάδα,
1566 3477 1661 3530 καὶ
1718 3475 1848 3545 νικᾷ

262 3577 639 3644 κατακράτος.
679 3574 902 3643 Ἕτεροι
956 3571 1013 3626 δὲ
1048 3571 1156 3623 ἀπὸ
1217 3569 1313 3622 τοῦ
1363 3567 1690 3622 ἀνατολικοῦ
1750 3567 1848 3637 μέ-

264 3686 402 3741 ρους
426 3667 663 3736 Τοῦρκοι
694 3663 1094 3734 κατερχόμενοι
1126 3661 1222 3714 καὶ
1251 3662 1326 3721 ὡς
1355 3660 1494 3731 πρὸς
1536 3660 1627 3711 τὸν
1669 3659 1846 3713 Μονό-

257 3761 433 3811 λυκον
489 3757 839 3819 σπεύδοντες,
888 3754 1305 3825 παρατυχόντες
1335 3755 1399 3821 τῇ
1446 3748 1546 3803 τοῦ
1602 3747 1846 3818 Βούρτζη

260 3844 621 3914 παρεμϐολῇ,
668 3844 877 3895 ἐκείνου
909 3845 1079 3913 μήπω
1129 3840 1458 3910 φθάσαντος,
1490 3839 1847 3911 ἀφαιροῦνται

259 3939 337 3988 τὰ
371 3935 758 4005 παρατυχόντα
812 3933 1089 4001 ὑποζύγια
1119 3933 1216 3994 τὰς
1255 3932 1297 3962 ⁸⁸
1339 3930 1694 4002 παρασκευὰς
1742 3930 1850 3983 τῶν

262 4026 643 4097 στρατιωτῶν.
662 4028 718 4078 Ὀ
741 4025 796 4078 δέ
820 4023 1095 4094 Βούρτζης
1109 4022 1319 4076 ἐκεῖθεν
1339 4021 1853 4091 νικητὴς,ύποστρέ-

261 4135 390 4187 (ρων
425 4116 519 4168 καὶ
550 4115 753 4187 πολλὴν
787 4114 1291 4185 συνεπιφερόμενος
1319 4113 1473 4165 λείαν
1498 4111 1850 4183 συνηντηκὼς

260 4228 377 4263 τινι
404 4209 515 4260 τῶν
549 4211 665 4261 ἐκεῖ
702 4208 1021 4277 ἐρχομένων
1066 4208 1163 4259 καὶ
1215 4204 1554 4276 μεμαθηκὼς
1614 4207 1763 4267 ὅπως
1801 4206 1850 4257 oi

264 4300 380 4353 Τοῦ
393 4316 517 4369 ρκοι
541 4300 763 4351 ἅπαντα
802 4300 873 4351 τὰ
901 4300 959 4351 ἐν
984 4300 1049 4367 τῇ
1090 4296 1414 4367 παρεμϐολῇ
1440 4296 1605 4348 αὐτοῦ
1632 4297 1727 4348 καὶ
1755 4295 1851 4366 τὴν

2020 3018 2116 3072 llic
2148 3019 2534 3087 relinquendus
2558 3021 2830 3088 paulisper
2855 3020 3016 3090 472
3050 3023 3363 3091 imperator,
3391 3031 3517 3083 dum

1946 3122 2065 3175 quae
2094 3108 2305 3160 interim
2334 3109 2519 3162 Bardte
2549 3113 2824 3178 contigere
2841 3114 3344 3171 reddimus.Bardas
3363 3120 3524 3175 Burt-

1947 3214 2057 3261 zi's,
2118 3202 2241 3252 dum
2290 3200 2396 3264 via,
2450 3201 2525 3253 uti
2583 3202 2838 3265 diximus,
2892 3206 3207 3275 praeSt-ripta
3250 3212 3521 3279 graditur,

1949 3290 2092 3344 videt
2129 3291 2402 3358 copiosum
2456 3294 2754 3346 exercitum
2813 3293 3113 3348 Turcorum
3162 3312 3256 3362 per
3301 3314 3519 3369 pontem

1947 3380 2133 3451 Zompi
2168 3399 2226 3436 se
2258 3382 2539 3454 Monolyco
2568 3384 2899 3453 conjungere
2934 3385 3335 3445 festinantium.
3370 3392 3524 3449 Stre-

1952 3486 2055 3524 nue
2081 3473 2348 3541 correptis
2375 3472 2540 3525 armis
2589 3472 2748 3526 irruit
2785 3475 2834 3526 in
2872 3473 3041 3544 ipsos,
3095 3493 3423 3548 manumque
3469 3484 3522 3537 in

1950 3562 2174 3631 planitie
2212 3563 2415 3617 Amorii
2454 3563 2669 3618 fortiter
2721 3568 2992 3631 conserit,
3040 3569 3301 3638 planeque
3358 3574 3526 3629 vincit

1950 3657 2254 3711 universos.
2287 3657 2356 3710 At
2389 3658 2606 3711 interim
2642 3658 2730 3712 alii
2774 3659 2841 3712 ab
2870 3660 3121 3714 orientali
3169 3673 3322 3731 parte
3361 3665 3523 3721 Turci

1951 3747 2017 3799 ad
2046 3745 2385 3816 Monolycum
2425 3758 2779 3816 properantes
2810 3764 2905 3817 per
2942 3749 3153 3806 Burtzte
3189 3764 3363 3808 castra
3394 3772 3528 3811 non-

1953 3837 2080 3891 dum
2115 3837 2230 3905 ipso
2279 3838 2478 3892 reduce
2512 3848 2832 3907 transeunt;
2884 3855 3114 3911 quaeque
3165 3844 3237 3898 ibi
3281 3846 3526 3914 jumenta

1956 3944 2209 3997 reperere
2270 3931 2608 3998 militumque
2668 3933 2917 3987 sarcinas
2976 3935 3274 4003 depraedati
3355 3939 3528 3992 obiter

1951 4021 2351 4090 praeterierunt.
2377 4020 2607 4077 Redibat
2640 4023 2811 4077 victor
2836 4022 3062 4080 Burlzes
3092 4027 3304 4095 agmine
3333 4029 3525 4097 pra-dte

1954 4111 2192 4181 ingentis
2222 4127 2391 4167 onere
2426 4113 2936 4185 impedimentisque
2973 4116 3207 4181 tardato,
3241 4134 3360 4172 cum
3397 4135 3526 4175 ecce

1955 4205 2023 4258 ab
2051 4213 2375 4259 occurrente
2406 4206 2637 4273 quodam
2674 4206 2733 4259 llt
2762 4208 2963 4261 certior
2995 4209 3203 4278 direpta
3239 4225 3335 4279 per
3373 4226 3525 4265 suam

1956 4295 2258 4349 absentiam
2321 4294 2491 4349 fuisse
2556 4304 2759 4361 castra,
2823 4296 3200 4367 Barbarosque
3264 4298 3527 4356 facinoris

260 4391 425 4444 λείαν
459 4392 641 4442 πᾶσαν
705 4389 1105 4456 ἀναλαϐόμενοι
1153 4386 1376 4457 ᾤχοντο,
1424 4387 1764 4439 διεσκοπεῐτο
1798 4388 1844 4439 τί

1955 4397 2204 4441 auctores
2233 4386 2432 4442 abiisse
2463 4404 2582 4443 cum
2606 4389 2805 4457 praeda.
2835 4387 3176 4445 Deliberahat
3211 4393 3298 4445 hic
3324 4391 3528 4447 Bai-das

256 4485 335 4536 ἂν
362 4484 466 4552 χρὴ
494 4484 694 4534 ποιεῖν.
740 4480 945 4545 ὐξέως
986 4480 1044 4532 δὲ
1062 4480 1149 4531 τὸν
1168 4479 1367 4548 δρόμον
1395 4480 1500 4531 τῶν
1547 4479 1849 4548 Βαρϐάρων

257 4573 637 4641 ποιουμένων,
691 4570 854 4641 ἤθελε
897 4572 994 4638 μὲν
1028 4571 1123 4622 καὶ
1174 4570 1338 4632 αὐτὸς
1381 4568 1609 4622 ὄπισθεν
1630 4570 1850 4622 διώκειν

257 4664 508 4726 τούτων,
566 4665 665 4716 οὐκ
699 4664 935 4733 ἠδύνατο
987 4662 1043 4714 δὲ
1080 4661 1449 4731 κεκμηκότων
1477 4660 1586 4713 τῶν
1645 4662 1849 4715 ἵππων.

256 4760 383 4812 Καὶ
406 4758 494 4811 διὰ
523 4758 672 4810 τοῦτ’
702 4754 957 4809 ἀπειπὼν
981 4753 1081 4824 τὴν
1116 4753 1413 4817 ἐπιδίωξιν,
1441 4753 1514 4817 ὡς
1552 4752 1628 4823 μὴ
1665 4751 1849 4823 χεῖρόν

253 4869 318 4905 τι
354 4849 619 4920 συμϐαίη,
653 4848 840 4919 βραδεῖ
887 4846 1010 4900 ποδὶ¹
1038 4849 1134 4898 σὺν
1166 4845 1393 4914 εὐταξίᾳ
1426 4845 1653 4913 στείχων
1711 4843 1854 4897 κατὰ

252 4946 324 4998 τὸ
360 4943 690 5013 περίορηρον
722 4942 788 4993 τὰ
818 4939 919 5010 ήδη
974 4938 1206 5008 ῥηθέντα
1246 4938 1338 4989 τοῦ
1390 4938 1635 5007 Βούρτζη
1682 4954 1855 4990 κατα-

262 5036 550 5105 λαμϐάνει
583 5035 836 5103 πολίχνια
862 5031 956 5084 καὶ
985 5030 1244 5095 ἐξοικίζει
1292 5030 1529 5083 ἅπαντα.
1586 5030 1856 5081 Κάκεῖθεν

255 5130 401 5191 τούς
433 5145 491 5180 τε
528 5124 906 5196 δορυαλώτους
931 5122 1352 5190 ἀναλαμϐάνων,
1414 5122 1513 5174 καὶ
1557 5120 1728 5187 ὁπόση
1771 5136 1856 5181 τις

253 5217 334 5290 ’ἦν
356 5220 651 5288 περιουσία
678 5220 789 5278 τοῖς
804 5216 1111 5284 Βαρϐάροις
1130 5214 1495 5283 ἐπαγόμενος,
1537 5214 1631 5265 καὶ
1655 5211 1849 5279 μικρὸν

254 5315 325 5364 ἐν
374 5310 649 5379 ἐπικαίρῳ
678 5308 830 5376 τόπῳ
872 5306 1065 5358 ἑαυτὸν
1098 5322 1157 5357 τε
1206 5307 1299 5358 καὶ
1328 5304 1535 5364 πάντας
1583 5316 1852 5353 κεκοπια-

257 5405 440 5465 κὸτσς
518 5403 993 5470 ἀνακτησάμενος,
1053 5400 1365 5468 ἀνίσχοντος
1423 5398 1579 5465 ἡλίου
1628 5395 1725 5463 τῆς
1775 5393 1851 5453 ὡς

1956 4479 2083 4541 quid
2109 4495 2244 4548 opus
2272 4479 2415 4534 facto
2452 4492 2613 4535 esset.
2642 4482 2907 4536 Audiebat
2942 4482 3216 4539 Barbaros
3248 4487 3529 4541 celeritate

1960 4587 2149 4642 magna
2184 4572 2289 4625 iter
2317 4570 2532 4638 facere;
2571 4573 2804 4627 instituit
2854 4584 2909 4628 et
2952 4576 3070 4645 ipse
3119 4592 3224 4631 non
3279 4579 3528 4647 segniore

1961 4666 2106 4735 ipsos
2133 4665 2332 4734 impetu
2368 4665 2611 4734 insequi;
2645 4674 2699 4718 at
2726 4667 2835 4720 cito
2880 4678 3135 4735 expertus
3180 4678 3263 4723 est
3313 4670 3363 4721 id
3412 4668 3530 4722 [io-ri

1961 4774 2065 4811 non
2128 4771 2307 4825 posse,
2348 4757 2612 4826 siquidem
2650 4774 2812 4811 cursu
2861 4767 2913 4811 et
2948 4774 3121 4827 pugna
3169 4760 3295 4812 fessi
3333 4758 3531 4812 Roma-

1966 4862 2156 4901 norum
2189 4846 2310 4914 equi
2350 4846 2811 4899 continuationem
2843 4846 3212 4899 contentionis
3251 4861 3353 4898 noo
3383 4846 3527 4898 ferc-

1960 4939 2112 4991 baut.
2144 4936 2285 5005 Ergo
2316 4951 2381 4990 ne
2412 4935 2536 5003 quid
2570 4934 2723 5002 pejus
2754 4936 2930 4996 lieret,
2966 4936 3235 4988 moderari
3276 4952 3520 5004 gressum

1957 5039 2203 5092 c0actus,
2243 5027 2385 5080 lento
2413 5026 2676 5077 duntaxat
2715 5041 2897 5093 passu,
2932 5026 3023 5079 sed
3081 5026 3347 5080 instructu
3386 5027 3527 5080 utili-

1960 5122 2062 5175 tari
2081 5135 2143 5173 ac
2161 5118 2483 5188 prtemunito
2497 5116 2868 5170 assectabatur
2886 5128 3281 5185 praecurrentes
3304 5120 3525 5173 'l‘urcns.

1959 5211 2073 5264 Hoc
2100 5209 2257 5262 modo
2290 5221 2531 5276 pergens
2562 5206 2663 5259 sub
2696 5206 2988 5258 diluculum
3018 5210 3261 5273 pervenit
3293 5208 3344 5259 iu
3378 5209 3528 5277 prius

1963 5309 2258 5355 memorata
2295 5296 2510 5351 Burtzae
2543 5296 2762 5365 oppida,
2794 5310 2915 5364 quae
2966 5296 3175 5350 civibus
3223 5308 3387 5365 atque
3440 5282 3529 5349 in-

1963 5392 2098 5446 colis
2133 5401 2331 5444 cuncta
2362 5390 2636 5453 exhausit,
2668 5389 2917 5457 captivos
2940 5402 3157 5457 quoque
3182 5389 3251 5442 ibi
3288 5402 3531 5458 repertos

253 5497 412 5563 πρὸς
470 5494 563 5546 τὸν
620 5494 1003 5560 αὐτοκράτορα
1069 5489 1345 5559 φερούσης
1398 5490 1595 5558 εἴχετο.
1629 5486 1720 5538 Ἐν
1776 5483 1844 5552 τῷ

1963 5487 2201 5550 recepit;
2238 5492 2294 5535 et
2329 5482 2545 5549 proviso
2598 5480 2705 5533 illic
2732 5495 2762 5534 a
2791 5478 3042 5533 Barbaris
3074 5491 3373 5535 commeatu
3414 5482 3533 5550 plu-

1639 5631 1732 5688 Du
1775 5622 1999 5701 Cangii
2032 5629 2216 5682 notm.

344 5758 391 5788 υ
418 5755 679 5825 χτνρτίων.
759 5756 800 5785 ¹⁹
826 5756 916 5805 καὶ
956 5756 1071 5816 τάς.
