4022 6282
279 387 418 452 1149

1539 379 1946 440 ALEXIADIS
1987 381 2132 445 LIB.
2162 383 2287 445 XV.

3385 382 3524 450 1150

275 523 381 556 που
454 503 619 556 Ἀσὰν
678 504 896 570 Κατοὺχ
954 501 1052 570 τὴν
1107 501 1302 571 κλῆσιν
1356 499 1416 553 ὃν
1474 499 1836 570 προφθάσας(

1954 499 2234 555 Saisanem
2295 500 2520 556 redeunt
2571 500 2739 574 nso
2783 503 3168 557 conﬂrmantes
3217 516 3276 556 se
3322 503 3524 558 vidisse

271 595 477 650 Σαῑσὰν
514 595 695 647 ἀνεῖλε
737 593 1048 654 σουλτάνον,
1092 593 1243 645 παίει
1288 591 1475 644 τοῦτον
1506 591 1593 644 διὰ
1627 589 1720 644 τού
1765 590 1849 644 δό-

275 704 460 757 ρατος.
507 685 565 736 '0
597 686 653 738 δὲ
681 685 893 752 γοργῶς
917 684 1274 753 ἐπιστραφεὶς
1304 683 1602 754 ἐξαρπάζει
1632 683 1692 736 rb
1723 683 1849 751 δόρυ

273 779 382 832 τῶν
411 777 608 846 χειρῶν
631 777 726 828 τοῦ
751 777 918 840 Γαζῆ,
947 781 1184 846 φάμενος
1217 777 1292 839 ὡς
1318 778 1438 830 Οὐκ
1467 776 1637 845 ᾔδειν
1665 775 1848 842 ἔγωγε

274 869 366 922 ὅτι
397 868 492 922 καὶ
523 867 808 935 γυναῖκες
843 867 960 920 νῦν
985 867 1203 934 δόρατα
1224 867 1475 936 φέρουσι
1505 868 1632 921 καθ’
1657 866 1843 936 ἡμῶν,

274 959 372 1012 καὶ
401 957 702 1028 τηνικαῦτα
730 958 948 1028 φεύγων
978 959 1076 1028 τῆς
1105 960 1240 1028 πρὸς
1269 959 1361 1012 τὸν
1391 959 1613 1028 βασιλέα
1651 959 1845 1026 φερού-

278 1067 378 1118 σης
413 1050 609 1120 εἴχετο.
652 1051 972 1120 Ἀπείργετο
995 1051 1052 1104 δὲ
1089 1051 1240 1120 παρὰ
1269 1051 1360 1103 τοῦ
1408 1055 1846 1120 συνεφεπομένου

276 1143 426 1212 αὐτῷ
456 1142 690 1211 Πουχέα,
722 1142 778 1203 ὃς
806 1142 882 1211 τῷ
919 1144 1070 1212 μέρει
1096 1143 1189 1195 τοῦ
1214 1144 1438 1197 Maso-Dr
1469 1144 1634 1195 πάλαι
1682 1159 1850 1210 προσ-

273 1235 546 1303 κείμενος,
577 1233 656 1303 τῷ
693 1235 1001 1303 φαινομένῳ
1041 1235 1232 1301 φιλίως
1303 1236 1378 1300 τῷ
1425 1236 1627 1286 Σαῖσᾶν
1663 1252 1835 1302 προσ-

273 1325 507 1394 ε·;ἐρετο
535 1324 601 1376 τὰ
623 1320 798 1392 λῲονα
827 1326 966 1394 τάχα
998 1327 1401 1393 ὑποτιθέμενος,
1443 1329 1507 1394 τῇ
1555 1325 1598 1376 δ’
1619 1324 1848 1395 ἀληθείᾳ

273 1416 457 1478 πάγας
487 1415 635 1482 αύτῷ
671 1415 764 1466 καὶ
810 1412 1031 1484 βόθυνον
1061 1413 1340 1484 ὀρύττων,
1376 1414 1722 1479 ξυνεϐούλευε
1772 1414 1846 1483 μὴ

271 1502 410 1571 πρὸς
434 1503 525 1555 τὸν
559 1503 782 1571 βασιλέα
811 1503 1224 1573 παλινοστῆσαι,
1270 1503 1406 1555 ἀλλὰ
1452 1507 1531 1566 εἰς
1563 1503 1622 1556 rb
1668 1502 1848 1570 Τυγά-

269 1611 384 1648 νιον
433 1594 477 1626 ³³
515 1595 795 1660 εἰσελθεῖν,
849 1595 1045 1664 μικρὸν
1081 1597 1179 1663 τῆς
1222 1595 1342 1649 ὀδοῦ
1383 1595 1844 1666 παρεκκλίναντα,

270 1686 544 1755 πολίχνιον
576 1687 634 1739 δὲ
677 1685 834 1740 τοῦτο
873 1686 1102 1756 ἔγγιστα
1132 1687 1226 1741 τοῦ
1273 1688 1598 1758 Φιλομηλίου
1641 1688 1845 1740 διακεί-

270 1794 455 1846 μενον.
491 1777 744 1830 Πείθεται
796 1780 910 1840 rei;
957 1779 1050 1832 τοῦ
1122 1781 1336 1850 Πουχέα
1367 1780 1546 1846 λόγοις
1583 1780 1610 1832 ό
1644 1781 1846 1832 Σαῖσὰν

269 1869 484 1938 νήπιος,
518 1869 612 1922 καὶ
640 1868 964 1922 καταλαϐὼν
995 1871 1054 1924 τὸ
1084 1872 1127 1924 Τ
1131 1873 1351 1938 υγάνιον
1373 1872 1661 1943 προσηνῶς
1694 1876 1845 1943 παρὰ

266 1961 378 2013 τῶν
428 1959 663 2013 ἐποίκων
718 1959 1009 2031 Ῥωμαίων
1059 1962 1292 2033 ἐδέχθη,
1324 1965 1703 2032 γινωσκόντων
1748 1965 1847 2034 τὴν

268 2049 408 2118 πρὸς
433 2049 597 2102 αὑτὸν
627 2048 718 2103 τοῦ
773 2049 1036 2120 βασιλέως
1066 2053 1372 2122 εὐμένειαν.
1435 2052 1847 2118 Καταλαϐόντες

266 2140 323 2194 δὲ
347 2144 396 2194 οἱ
433 2140 732 2212 Βάρσαροι,
769 2143 862 2195 καὶ
903 2143 1065 2207 αὐτὸς
1103 2146 1131 2198 ὁ
1163 2145 1390 2198 Μασοὺτ
1439 2144 1847 2214 περιζξιῖισαντιες⁵

267 2231 501 2302 γύροθεν
535 2233 600 2285 τά
639 2233 791 2304 τείχη
825 2235 959 2304 πρὸς
995 2236 1312 2306 πολιορκίαν
1343 2239 1627 2291 ἀπένευον.
1675 2239 1733 2290 Ὀ
1767 2239 1844 2301 δὲ,

268 2323 560 2393 προκύψας
605 2325 845 2386 ἄνωθεν,
889 2327 1139 2396 μεγάλως
1181 2329 1457 2399 ἠπειλεῖτο
1503 2332 1615 2394 τοῖς
1645 2333 1843 2401 ὁμοφύο

267 2413 382 2476 λοις
436 2415 605 2492 αὑτοῦ
663 2416 967 2488 Βαρδάροις
996 2460 1010 2483 ,
1059 2419 1182 2472 ὅσον
1218 2419 1317 2490 ἤδη
1354 2420 1532 2488 λέγων
1586 2421 1846 2491 δυνάμεις

278 2503 594 2570 Ῥωμαϊκὰς
644 2505 1082 2572 καταλαμϐάνειν
1126 2507 1325 2570 αὐτοὺς
1367 2505 1460 2560 τοῦ
1511 2507 1845 2577 αὐτοκράτο-

269 2611 384 2662 ρος,
423 2595 515 2646 καὶ
550 2595 596 2647 εί
631 2595 705 2664 μὴ
758 2596 1024 2650 παύσεται
1053 2597 1153 2667 τῆς
1187 2598 1364 2668 μάχης
1398 2597 1676 2651 πείσεσθαι
1715 2599 1846 2652 τόσα

267 2687 365 2740 καὶ
412 2686 559 2738 τόσα.
616 2686 965 2741 Ἀνθίσταντο
1025 2689 1081 2742 δὲ
1146 2691 1238 2742 καὶ
1270 2691 1318 2741 οἱ
1368 2691 1516 2753 ἐντὸς
1584 2689 1844 2758 Ῥωμαῖοι

263 2779 377 2838 τοῖς
403 2776 666 2846 Τούρκοις
696 2776 980 2844 γενναίως.
1027 2777 1087 2830 '0
1115 2777 1171 2829 δὲ
1219 2777 1463 2847 Πουχέας
1497 2778 1594 2845 τὴν
1638 2778 1844 2847 σκηνὴν

261 2867 648 2938 δεαῤῥήγνυσι,
702 2869 791 2918 καὶ
834 2865 926 2918 τὸν
977 2867 1347 2936 κρυπτόμενον
1393 2869 1459 2937 τῇ
1505 2866 1636 2936 δορᾷ
1683 2867 1844 2919 λύκον

262 2961 343 3019 εἰς
375 2959 686 3027 τούμφανὲς
729 2957 1038 3026 ἐξαγαγὼν,
1090 2957 1302 3010 κάτεισι
1351 2959 1462 3010 τῶν
1512 2959 1730 3028 τειχῶν,
1767 2959 1842 3028 τῷ

266 3049 371 3118 μὲν
434 3050 635 3102 Σαῖσὰν
689 3048 1064 3119 ὑποσχόμενος
1121 3048 1394 3119 θαρσύναι
1457 3050 1658 3119 μᾶλλον
1713 3051 1842 3114 τοὺς

1952 595 2241 648 neminem.
2262 592 2376 650 Non
2395 593 2654 649 dubitavit
2685 595 2878 649 Saisan
2905 595 3031 662 quin
3064 609 3188 648 vera
3215 602 3520 648 narrarent.

1952 681 2186 751 Indeque
2235 694 2384 738 tanto
2437 685 2666 740 solutius
2721 686 3098 753 incantinsque
3149 685 3514 752 progredienti

1951 785 2250 828 occorrunt
2278 776 2445 842 ecpiae.
2480 776 2779 829 barbarica:
2822 774 3030 838 Masuti,
3064 791 3126 828 ex
3165 783 3270 827 tam
3306 775 3517 826 adut-ita

1953 867 2141 920 vicinia
2176 869 2404 936 primmn
2440 869 2566 922 visae
2617 879 2672 922 ut
2706 886 2769 922 ex
2806 871 3088 922 illSll’lIi'liS
3120 869 3398 921 ordinibus
3439 870 3514 916 ci-

1952 969 2061 1013 tato
2091 961 2288 1028 impetu
2329 977 2651 1030 procurrens
2675 961 2845 1016 Gasz
2875 963 3091 1030 quilla'n
3125 963 3262 1013 lilius
3287 973 3518 1026 Salt‘npzi?

1949 1051 2092 1104 Asan
2115 1051 2319 1104 Catuch
2344 1053 2491 1115 dicti,
2520 1068 2678 1119 quem
2706 1052 2814 1121 juu
2845 1052 3112 1104 sultauum
3143 1062 3297 1103 antea
3328 1052 3515 1102 Saisan

1951 1143 2264 1207 occiderat,
2306 1143 2584 1197 Saisauem
2615 1147 2796 1196 statim
2837 1145 3010 1208 ipsum
3049 1152 3330 1196 assecutus
3363 1142 3516 1193 hasta

1949 1237 2195 1289 cominus
2234 1235 2584 1302 percusserit.
2633 1234 2858 1301 Quando
2899 1235 3084 1286 Saisau
3124 1246 3340 1287 strenue
3385 1248 3514 1285 cou-

1949 1338 2138 1376 versus
2167 1334 2468 1391 correptam
2499 1325 2705 1377 hastam
2736 1323 2895 1376 Gazis
2925 1326 3171 1376 manilius
3208 1333 3513 1391 extorquet,

1949 1418 2062 1470 haec
2111 1415 2265 1468 simul
2297 1415 2460 1468 verba
2503 1416 2704 1467 addens
2744 1432 2756 1466 :
2805 1412 3106 1468 Nesciebam
3147 1416 3386 1469 mulieres
3421 1415 3512 1467 ha-

1947 1517 2058 1560 stas
2091 1522 2228 1560 nunc
2255 1505 2390 1574 ferre
2423 1515 2603 1559 contra
2635 1522 2748 1560 nos.
2789 1505 2885 1560 His
2913 1507 3070 1560 dit-tis
3119 1504 3255 1574 fugae
3284 1523 3341 1559 se
3369 1523 3520 1557 tuan-

1959 1599 2051 1652 dat
2080 1607 2225 1650 recta
2257 1611 2378 1650 cum
2413 1597 2462 1650 in
2493 1597 2668 1650 lorum
2708 1597 2986 1649 intendens
3016 1613 3232 1651 cursum
3271 1595 3358 1648 ubi
3405 1606 3521 1650 erat

1949 1690 2261 1759 imperator.
2299 1689 2402 1743 Sed
2435 1689 2718 1742 revocabat
2755 1703 2876 1741 eum
2913 1702 3096 1740 comes
3124 1687 3240 1756 ejus
3272 1687 3520 1740 Pucheas

1951 1781 2140 1837 Masuti
2174 1782 2416 1850 partibus
2450 1781 2575 1835 olim
2623 1781 2880 1844 studens;
2917 1791 2972 1833 at
3004 1795 3109 1848 quo
3145 1780 3314 1847 magis
3352 1794 3516 1832 noce-

1952 1883 2054 1939 ret,
2085 1873 2241 1926 ﬁdem
2269 1883 2323 1926 et
2372 1871 2799 1926 benevolentiam
2834 1873 2887 1924 in
2920 1870 3186 1924 Masntum
3226 1869 3516 1926 simulans.

1947 1963 2092 2033 Ergo
2125 1963 2170 2015 is
2217 1961 2537 2015 auctoritate
2587 1975 2650 2013 ac
2695 1959 2874 2028 specie
2921 1957 3215 2012 consiliarii
3271 1957 3516 2011 ﬁdissimi

1947 2069 2230 2125 aggressus
2258 2055 2512 2108 miserum
2547 2053 2676 2106 nihil
2713 2053 2892 2105 minus
2922 2065 3081 2120 quam
3110 2049 3378 2118 perditum
3408 2050 3518 2103 ibat

1949 2146 2220 2200 hominem
2241 2145 2460 2214 laqueos
2489 2143 2705 2197 incauto
2729 2143 2958 2196 tendens
2981 2151 3032 2195 et
3055 2141 3262 2195 foveam
3288 2142 3515 2195 fodiens.

1947 2237 2215 2293 Suadebat
2251 2246 2428 2290 autem
2462 2235 2510 2289 ei
2541 2250 2607 2289 ne
2661 2243 3021 2290 reverteretur
3059 2219 3124 2287 ad
3173 2236 3473 2303 Augustum
3500 2272 3515 2298 ,

1945 2332 2038 2384 sed
2071 2329 2250 2396 potius
2281 2328 2348 2382 de
2385 2328 2464 2380 via
2500 2325 2788 2380 deﬂectens
2853 2325 3152 2393 paululum,
3215 2324 3513 2394 Tyganium

1946 2421 2336 2487 ingrederetur,
2387 2418 2704 2487 oppidulum
2749 2416 2798 2469 id
2833 2426 2914 2469 est
2944 2417 3102 2468 situm
3137 2431 3243 2470 non
3294 2417 3448 2483 longe
3483 2433 3512 2470 a

1946 2511 2282 2566 Philomelio.
2305 2509 2488 2565 Credit
2536 2507 2768 2562 Puchea‘.
2806 2507 2990 2561 infelix
3045 2505 3236 2561 Saisan
3293 2508 3515 2576 ignarus

1946 2613 2204 2672 quantum
2238 2602 2338 2660 sibi
2369 2601 2492 2655 mali
2519 2602 2907 2662 conscisceret,
2937 2598 3350 2670 'l‘yganiumque
3385 2616 3514 2667 pro-

1948 2698 2120 2753 lectus
2157 2713 2184 2748 a
2229 2695 2484 2750 Romanis
2520 2693 2694 2746 locum
2741 2693 3116 2745 obtinentibus
3141 2732 3156 2756 ,
3208 2708 3303 2761 pro
3338 2693 3514 2746 amico

1948 2789 2290 2856 imperatoris
2319 2786 2528 2856 (paceni
2574 2787 2715 2838 enim
2755 2787 2948 2836 factam
2986 2786 3372 2852 cognoverant)
3414 2786 3518 2838 ad-

1945 2882 2142 2935 missus
2174 2888 2539 2948 exceptusque
2585 2876 2839 2930 benevole
2873 2885 2976 2930 est.
3027 2876 3103 2929 lie
3149 2875 3388 2930 Masutus
3419 2891 3515 2930 co-

1945 2970 2115 3036 gnita,
2173 2984 2357 3022 muros
2391 2967 2569 3036 oppidi
2619 2977 2816 3020 Corona
2871 2967 3110 3034 undique
3175 2967 3518 3034 amplectitur

1945 3075 2174 3128 seseque
2199 3061 2268 3112 ad
2301 3059 2753 3127 oppugnationem
2789 3057 3040 3125 accingit.
3075 3057 3298 3110 Interim
3331 3058 3521 3123 despe-

260 3141 517 3204 ὲποίκους
552 3142 638 3211 ἐφ’
666 3134 711 3210 ᾧ
758 3141 1132 3211 γενναιότερον
1178 3141 1556 3205 ἀνθίστασθαι,
1581 3140 1836 3194 ἀπειλού-

1944 3161 2100 3207 ctans
2134 3166 2164 3204 e
2195 3151 2365 3203 muris
2396 3163 2629 3216 superne
2659 3145 2852 3200 Saisan
2887 3148 3046 3199 minis
3087 3147 3398 3214 increpabat
3432 3149 3516 3199 in-

263 3250 426 3302 μενος
456 3233 740 3303 δὲμᾶλλον
789 3233 973 3296 αὐτοῖς
1019 3233 1112 3288 καὶ
1163 3233 1548 3304 ξυμϐουλεύων
1600 3233 1840 3286 ἐνδοῦναι

259 3324 356 3374 sui
411 3324 509 3386 τὰς
567 3325 741 3387 πύλας
793 3324 1145 3388 ἀναπετάσας
1189 3328 1300 3388 τοῖς
1347 3325 1704 3394 Τούρκοις,εῐ
1754 3324 1828 3394 μὴ

257 3412 536 3483 βούλοιντο
563 3413 906 3484 βαρϐαρικῆς
947 3415 1124 3484 χειρὸς
1150 3414 1526 3484 παρανάλωμα
1557 3415 1832 3482 γενέσθαι,

253 3504 472 3557 πολλῶν
529 3505 813 3575 δυνάμεων
870 3505 972 3574 ἤδη
1035 3505 1577 3576 καταλαμϐανουσῶν
1625 3508 1717 3560 καὶ
1779 3507 1839 3572 ἐξ

250 3595 420 3650 αὐτοῦ
457 3597 731 3665 Χορασάν.
766 3598 827 3649 Οἱ
861 3597 938 3660 δὲ,
980 3597 1040 3648 rb
1083 3597 1266 3666 μέντοι
1331 3597 1420 3650 διὰ
1471 3599 1530 3650 rb
1557 3597 1663 3650 τῶν
1699 3599 1840 3669 Βαρ-

249 3686 448 3756 ϐάρων
481 3689 685 3756 πλῆθος
718 3689 1230 3758 ἐκδειματούμενοι,
1260 3689 1320 3741 rb
1351 3689 1407 3742 δέ
1439 3708 1522 3742 τοι
1575 3693 1668 3743 καὶ⁵
1716 3694 1836 3754 ταῖς

248 3781 347 3832 τοῦ
374 3781 586 3850 Πουχέα
611 3780 939 3849 ξυμόονδλαῖς
969 3781 1304 3845 πεισθέντες,
1332 3783 1720 3854 παραχωροῦσι
1740 3784 1836 3852 τῆς

248 3873 462 3925 εἰσόδου
505 3876 616 3936 τοῖς
657 3872 949 3944 Τούρκοις·
976 3876 1066 3926 καὶ
1112 3874 1468 3938 συλλαῦόντες
1495 3877 1586 3928 τὸν
1631 3877 1834 3928 Σαῖσὰν

251 3966 588 4028 σουλτάνον,
625 3965 985 4034 ἀποστεροῦσι
1049 3965 1159 4017 τῶν
1221 3966 1504 4034 ὀμμάτων.
1573 3969 1833 4038 Ὀργάνου

247 4054 306 4106 δὲ
333 4053 470 4119 πρὸς
515 4051 673 4105 τοῦτο
719 4052 1148 4122 χρησιμεύοντος
1187 4053 1534 4120 ἀπορούντων
1570 4055 1631 4106 τὸ
1675 4056 1828 4108 δοθὲν

246 4145 330 4214 τῷ
373 4145 572 4196 Σλῖσὰν
602 4147 754 4213 παρὰ
779 4144 870 4196 τοῦ
918 4145 1321 4213 αὐτοκράτορος
1379 4147 1675 4215 μανουϊλην
1718 4147 1830 4218 (81)

247 4239 616 4306 ἐχρημάτισε.
642 4239 748 4289 Καὶ
771 4234 838 4304 ἦν
861 4237 988 4288 ἰδεῖν
1012 4237 1314 4306 τηνικαῦτα
1338 4239 1398 4289 rb
1417 4239 1623 4308 δοχείον
1655 4242 1832 4307 φωτὸς

250 4331 482 4391 σκότους
523 4333 616 4381 καί
638 4328 1018 4399 ἀμαυρώσεως
1049 4330 1267 4396 γεγονὸς
1305 4330 1503 4384 αἴτιον.
1547 4331 1730 4402 Αὐγὴν
1761 4335 1817 4386 δέ

244 4440 374 4473 τινα
431 4423 636 4490 μικρὰν
687 4421 770 4474 ἔτι
822 4422 1149 4474 ὑποϐλέπων
1183 4424 1318 4474 ἐπάν
1349 4424 1408 4474 τὸ
1450 4421 1670 4477 Ἰκόνιον
1707 4443 1825 4495 χει-

1950 3242 2200 3311 gentibus
2236 3239 2467 3294 rebelles
2516 3254 2644 3292 suos
2693 3237 2979 3300 Barbaros,
3017 3239 3341 3292 denuntians
3390 3240 3519 3305 ipsis

1947 3330 2131 3384 adfore
2164 3345 2284 3382 mox
2317 3326 2619 3381 Romanum
2663 3327 2962 3379 exercitum
3033 3326 3359 3393 imperatore
3404 3329 3519 3395 ipso

1947 3423 2224 3484 ductante,
2258 3418 2412 3485 cujus
2442 3416 2582 3470 haud
2618 3416 2775 3470 dubie
2805 3415 3010 3467 victore
3048 3414 3246 3482 impetu
3271 3455 3286 3478 ,
3327 3417 3377 3468 ni
3411 3431 3520 3467 ma.

1949 3522 2064 3564 ture
2100 3511 2446 3574 absisterent,
2495 3508 2703 3575 passuri
2755 3515 2936 3560 essent
2979 3515 3219 3559 extrema
3268 3522 3514 3575 quaeque.

1944 3602 2315 3659 Conlirmabat
2343 3615 2436 3655 eas
2467 3601 2636 3652 minas
2673 3597 2828 3652 fortis
2848 3608 2901 3650 et
2921 3606 3176 3650 constans
3205 3613 3516 3665 propugna-

1945 3699 2017 3751 tio
2069 3695 2474 3757 Romanorum;
2520 3701 2628 3744 tum
2677 3689 2924 3744 Pucheas
2985 3689 3156 3741 velum
3201 3690 3512 3754 abrumpit,

1945 3789 2147 3841 larvam
2180 3787 2348 3854 ponit,
2381 3795 2432 3836 et
2470 3784 2723 3838 latentem
2755 3786 3020 3840 hactenus
3070 3787 3170 3840 sub
3221 3788 3358 3854 pelle
3401 3801 3514 3838 nie-

1944 3886 2076 3939 liore
2104 3885 2282 3950 lupum
2314 3884 2366 3935 in
2401 3891 2639 3950 apertmn
2674 3897 2953 3946 exs-rens,
2985 3884 3311 3937 descendite
3339 3899 3512 3948 muro,

1942 3977 2126 4047 specie
2162 3973 2402 4044 quidem,
2450 3982 2506 4025 ut
2554 3973 2830 4042 indigenas
2877 3982 2927 4026 et
2979 3975 3122 4026 cives
3175 3973 3353 4041 oppidi
3414 3973 3515 4040 (sic

1939 4069 2080 4124 enim
2113 4065 2325 4119 Saisani
2379 4079 2436 4117 se
2487 4063 2759 4116 facturum
2799 4063 3166 4131 promittebat)
3207 4065 3273 4115 ad
3308 4079 3507 4132 propu-

1941 4155 2135 4224 gnandi
2169 4153 2444 4205 audaciam
2491 4151 2960 4220 constantiamque
3011 4153 3270 4212 lirmaret,
3325 4167 3508 4204 revera

1945 4257 2001 4301 ut
2045 4244 2206 4298 minis
2254 4243 2602 4310 consiliisque
2643 4241 2788 4310 ipsos
2833 4243 3144 4310 perpelleret
3207 4244 3272 4294 ad
3326 4252 3510 4310 portas

1941 4335 2131 4388 Turcis
2170 4332 2509 4400 aperiendas,
2543 4332 2592 4383 ui
2629 4332 2845 4383 Illalit'lll
2890 4333 3184 4386 barbaricis
3233 4348 3352 4384 mox
3387 4333 3508 4400 gla-

1940 4427 2044 4481 diis
2074 4426 2274 4479 misere
2293 4423 2523 4483 concidi;
2553 4423 2972 4477 innumerabiles
2997 4423 3140 4476 enim
3159 4424 3292 4478 alias
3313 4434 3517 4491 praeter

250 4513 682 4585 ραδίωγούμενος
719 4513 1011 4576 κατέλαόε,
1045 4515 1352 4584 τεθάῤῥηκε
1395 4516 1552 4568 τοῦτο
1581 4520 1646 4587 τῇ
1677 4520 1822 4588 τιθῇ,

1943 4537 2024 4574 eas
2056 4534 2192 4590 quas
2221 4525 2508 4571 cernerent
2539 4517 2830 4567 adventare
2859 4517 3040 4584 cupias
3064 4554 3078 4578 ,
3116 4529 3226 4568 tum
3264 4517 3502 4579 aliunde,

248 4605 490 4672 κάκείνη
542 4604 598 4656 δὲ
623 4607 688 4672 τῇ
741 4603 906 4656 αὑτοῦ
955 4607 1283 4674 ὀμευνέτιδι,
1323 4608 1416 4658 καὶ
1449 4607 1592 4659 οὕτω
1625 4610 1822 4678 μέχρις

246 4695 440 4749 αὐτῶν
473 4695 652 4747 ἀκοῶν
681 4695 776 4746 τοῦ
798 4696 1023 4748 Maca-Ur
1059 4699 1086 4747 ό
1114 4697 1267 4764 λόγος
1301 4699 1583 4763 ὲρθακὼς,
1635 4702 1819 4765 ἐξετά-

249 4785 386 4857 ραξε
445 4785 544 4852 τὴν
584 4785 762 4854 ψυχὴν
809 4785 901 4837 τοῦ
933 4787 1242 4855 Βαρϐάρου.
1289 4788 1349 4840 ὐ
1372 4789 1446 4853 δὲ,
1482 4789 1656 4860 Θυμοῦ
1695 4793 1828 4863 πλη-

246 4876 426 4939 σθεὶς,
461 4875 538 4942 τῷ
575 4873 822 4944 Ἐλεγμῷ
870 4876 1194 4946 (σατράπηξῇ
1225 4877 1280 4929 δὲ
1305 4873 1456 4940 οὗτος
1490 4880 1599 4933 τῶν
1632 4882 1830 4950 ἐπιφα-

245 4968 384 5037 νῶν)
455 4967 737 5036 ἐπέσκηψε
773 4966 862 5020 διὰ
893 4969 1092 5036 νευρᾶς
1127 4968 1316 5020 τοῦτον
1335 4972 1600 5039 ἀπάγξαι.
1633 4974 1822 5028 Τοιοῦ-

1939 4621 2050 4662 tum
2089 4626 2118 4662 e
2152 4609 2466 4664 Chorosaue
2497 4608 2629 4674 ipso.
2660 4607 2853 4662 Incolae
2881 4609 3162 4661 audientes
3195 4608 3318 4660 talia
3340 4647 3354 4672 ,
3387 4623 3519 4674 par-

1937 4705 2030 4755 tim
2073 4712 2238 4763 metu,
2271 4700 2463 4766 partim
2494 4701 2816 4754 auctoritate
2842 4701 3069 4753 Puchete
3096 4701 3345 4765 permoui,
3376 4716 3510 4766 pan-

1933 4796 2069 4848 dunt
2102 4802 2321 4859 repente
2355 4789 2546 4844 Turcis
2583 4791 2741 4842 ostia.
2784 4789 2861 4841 Illi
2899 4790 3350 4856 comprehensum
3381 4787 3495 4840 sul-

1936 4897 2116 4940 tanum
2148 4884 2426 4937 Saisauem
2455 4881 2626 4934 oculis
2655 4882 2888 4949 privaut,
2913 4879 3028 4931 loco
3060 4880 3235 4931 idonei
3269 4879 3502 4934 alterius

1934 4979 1998 5030 ad
2041 4976 2092 5028 id
2123 4973 2445 5042 supplicium
2493 4969 2829 5023 inferendum
2883 4967 3248 5030 instrumenti,
3292 4968 3496 5022 cande-

1295 5087 1493 5149 νει-ιω
1539 5091 1841 5153 lectiones
1888 5111 1966 5155 ex
2001 5093 2138 5154 cod.
2186 5086 2446 5149 Coislin.

326 5185 373 5216 ³³
393 5184 698 5253 Τυράγιον.

1293 5297 1434 5359 Car.
1488 5296 1806 5357 Dul‘resnii
1844 5297 1938 5356 Du
1971 5295 2190 5372 (Σθηὸἱί
2227 5303 2410 5355 notae.

324 5421 437 5491 (81)
469 5419 862 5491 Μανοηήλην.
886 5417 1063 5491 Recte
1096 5419 1356 5491 interpres
1413 5420 1807 5478 candelabrum.

249 5489 342 5545 ex‘
387 5491 599 5543 Meursii
652 5489 934 5543 Glossario
986 5490 1163 5542 vertit.
1241 5490 1368 5541 Nam
1433 5491 1539 5542 faili
1596 5500 1814 5543 constat

251 5565 428 5614 virum
457 5561 724 5613 eruditum
756 5560 894 5623 apud
931 5557 1148 5619 Ducam,
1183 5573 1300 5624 cap.
1329 5559 1420 5623 59,
1458 5561 1544 5612 uhi
1578 5560 1813 5629 μανουά-

250 5635 341 5682 λια
379 5630 618 5681 armillas
669 5629 1073 5698 interpretatur.
1123 5629 1460 5698 Anonytnus,
1521 5628 1586 5681 tle
1614 5628 1814 5694 templo

250 5699 312 5752 S.
350 5698 564 5764 Sophia:
624 5715 636 5750 :
691 5696 968 5764 Σταυροὺς
1020 5696 1076 5747 δὲ
1117 5696 1339 5763 ἐποίησε
1383 5699 1565 5760 πέντε,
1611 5728 1678 5738 -
1719 5699 1813 5749 καὶ

248 5767 570 5824 Μινουάλια
593 5766 688 5819 δύο
714 5765 1003 5834 ὁλόχρυσα.
1029 5776 1132 5819 etc.
1170 5768 1309 5818 Auro
1336 5765 1456 5834 fusa
1485 5771 1587 5820 duo
1624 5770 1786 5820 cumle

1920 5420 2090 5472 labra.
2152 5418 2222 5470 Ita
2283 5417 2656 5472 Coqu-lisius.
2721 5415 3008 5478 Μενάλιον,
3067 5428 3162 5482 pro
3244 5413 3496 5466 Μαινουά-

1919 5488 2051 5550 λιον,
2084 5491 2318 5540 occurrit
2363 5488 2413 5539 in
2470 5484 2617 5554 Orig.
2665 5483 2704 5537 C
2740 5485 2798 5536 Ρ.
2839 5486 2944 5535 Καὶ
2995 5483 3216 5550 μενάλια
3249 5483 3343 5533 δύο
3380 5482 3495 5534 όλό-

1921 5574 2122 5626 χρυσα;
2147 5568 2228 5609 est
2250 5568 2426 5608 autem
2455 5557 2838 5626 eamlelalii-uui
2866 5555 3006 5618 quod
3034 5569 3192 5626 inanti
3217 5562 3484 5626 gestator.

1919 5619 2254 5679 candelabro
2287 5627 2468 5693 igitur,
2494 5625 2607 5676 vice
2639 5624 2864 5692 μύδρονι,
2900 5639 2992 5673 seu
3028 5622 3154 5675 ferri
3179 5619 3485 5693 candentia»

1924 5699 2063 5758 quod
2127 5705 2236 5747 tum
2296 5688 2501 5755 aberat,
2566 5688 2710 5744 visus
2746 5688 3043 5750 'admuptus
3105 5700 3187 5743 est
3241 5688 3480 5744 Saisani.

1922 5766 2054 5817 Vtie
2088 5765 2372 5818 Histoiiam
2408 5776 2642 5817 nostram
2674 5759 2827 5812 Gallo
2860 5758 2990 5828 Byz.
3034 5777 3089 5813 n.
3122 5761 3211 5814 5-1.
