4022 6282
605 334 739 398 1155

604 445 808 510 ctaudi,
847 444 1039 498 avertit
1065 443 1116 494 in
1143 441 1601 510 exspectationem
1642 441 1744 495 diei
1765 450 1991 507 postera:
2031 439 2175 509 cogi-

605 536 832 587 lationes
852 543 1214 602 praesentium,
1237 547 1456 586 monere
1469 533 1646 585 statim
1665 546 1981 593 conscenso,
1997 532 2167 597 prima

607 624 722 676 face
749 624 1010 678 Palatium
1045 624 1232 676 tenuit.
1269 623 1534 676 Postridie
1559 633 1700 676 totus
1722 633 1838 674 erat
1871 625 1921 674 in
1943 621 2171 690 captivis

609 719 1008 783 pcregrinisque
1039 716 1315 768 curandis.
1345 715 1548 768 Pueros
1580 715 1744 782 igitur
1769 724 2028 782 quotquot
2077 729 2168 765 or~

605 809 806 876 phanos
827 806 1041 859 amissis
1060 807 1375 873 parentibus
1393 821 1508 858 ama
1520 820 1588 858 ra:
1606 804 1851 857 orbitatis
1867 817 2170 857 aerumnosa

605 907 855 962 gravatos
879 897 1038 964 jugo;
1069 906 1331 965 quotquot
1358 896 1520 949 etiam
1555 897 1676 948 vitae
1727 893 2015 947 sanctioris
2049 909 2172 960 pro-

608 989 895 1044 ΐοιεδὶοιιθιιι
921 1006 1144 1044 exorsos
1178 990 1415 1058 reperit,
1463 990 1755 1058 assignavit
1795 988 2172 1054 distribuitque

605 1083 936 1144 educandos,
971 1081 1086 1135 illos
1113 1083 1326 1148 quidem
1361 1081 1804 1148 consanguineis;
1849 1080 1945 1132 hos
1989 1088 2169 1131 autent

605 1187 699 1238 per
732 1173 1056 1224 monasteria
1084 1173 1358 1238 dispersos
1406 1170 1674 1240 praefectis
1713 1185 1988 1224 sacrorum
2039 1169 2173 1222 isto-

605 1279 724 1316 rum
759 1265 1009 1326 caetibus,
1041 1264 1294 1318 omnibus
1326 1265 1588 1316 mandans
1621 1278 1688 1316 ne
1729 1261 1844 1314 illos
1877 1261 2170 1327 mancipio-

606 1369 720 1404 rum
753 1353 868 1405 loco
902 1353 1162 1406 ducerent
1199 1354 1546 1416 haberentve,
1579 1354 1671 1406 sed
1704 1364 1760 1404 ut
1806 1352 2003 1405 liberos
2033 1352 2170 1404 libe-

606 1445 791 1496 raliter
847 1444 1229 1505 instituerent,
1283 1443 1683 1512 disciplinisque
1736 1445 1907 1496 οιιιιιὶς
1956 1445 2172 1510 generis

606 1535 866 1600 honestis,
909 1538 1077 1588 sacris
1103 1535 1230 1600 quin
1279 1534 1438 1589 etiam
1484 1534 1676 1588 litteris
1705 1535 2028 1586 erudiendos
2078 1549 2173 1587 cu-

605 1637 810 1681 rarent.
844 1627 1113 1691 Quosdam
1153 1627 1313 1680 etiam
1361 1625 1474 1693 ipse
1531 1626 1630 1678 sibi
1695 1637 1938 1679 servatos
2003 1625 2168 1694 recipi

600 1718 760 1786 jussit
814 1719 864 1769 in
912 1733 1028 1770 eam
1058 1734 1215 1782 quam
1273 1717 1478 1772 alendis
1535 1718 1796 1785 orpbauis
1831 1716 2165 1770 excitaverat

607 1810 868 1862 domum:
909 1809 960 1860 in
1015 1824 1116 1876 qtta
1169 1821 1290 1862 cum
1346 1820 1541 1876 prater
1586 1817 1833 1861 cmteram
1885 1823 2168 1874 corporum

606 1915 790 1952 curam
841 1898 1022 1951 ludutn
1074 1913 1287 1965 quoque
1349 1898 1669 1952 instituisset
1733 1897 2053 1952 litterarium
2118 1897 2170 1950 in

606 2005 712 2058 quo
739 1991 827 2058 qui
861 1990 1052 2042 vellent
1077 1989 1374 2056 disciplinis
1399 1989 1709 2043 liberalibus
1736 1990 1901 2040 imbui
1929 1996 2170 2054 possent,

608 2091 736 2133 tttuc
773 2080 892 2149 ejus
929 2081 1035 2132 ludi
1067 2079 1334 2146 praefectis
1373 2094 1435 2130 ac
1464 2079 1810 2131 scientiarum
1851 2078 2173 2146 protessuri-

605 2172 702 2225 bus
737 2171 925 2223 horum
957 2170 1337 2224 institutionem
1371 2172 1433 2221 ad
1465 2184 1654 2222 omnes
1686 2170 1946 2223 doctrinae
1995 2179 2174 2236 partes

604 2262 1022 2315 conmendavit.
1070 2261 1199 2314 Erat
1245 2261 1386 2314 istud
1457 2260 1974 2329 orphanotrophium
2009 2260 2061 2313 in
2111 2275 2171 2313 ea

604 2353 1280 2420 Constantinopolisparte
1314 2367 1432 2419 qua:
1462 2366 1640 2404 arcem
1683 2362 1908 2420 spectat.
1954 2349 2026 2404 lbi
2068 2367 2171 2418 qua

604 2454 665 2498 Os
704 2443 856 2497 Ponti
888 2447 1127 2513 aperitur
1155 2445 1319 2496 aedem
1353 2458 1562 2495 sacram
1605 2459 1724 2495 ctnu
1758 2445 2043 2511 repi-rissct
2075 2444 2176 2495 im-

604 2547 819 2605 perator
846 2535 1161 2603 capacitatis
1197 2533 1482 2596 maximae,
1517 2535 1816 2587 dedicatam
1870 2535 1922 2586 in
1958 2537 2174 2588 nomine

605 2629 782 2696 magni
841 2628 1068 2696 apostoli
1111 2625 1302 2688 Pauli,
1356 2627 1539 2679 urbem
1604 2626 1710 2679 illic
1759 2627 1811 2678 in
1856 2627 1986 2681 urbe
2029 2628 2174 2695 regia

604 2720 818 2772 molitus
845 2731 899 2771 et
928 2719 1317 2771 architectatus
1366 2727 1450 2771 est
1491 2719 1672 2775 aliam.
1730 2718 1903 2786 Ipsum
1956 2721 2170 2788 quidem

603 2812 742 2878 quod
779 2811 886 2862 dixi
923 2811 1179 2877 templum
1239 2812 1289 2861 iu
1342 2811 1776 2864 eminentissimo
1806 2811 1954 2863 urbis
2012 2811 2173 2879 hujus

605 2917 783 2967 parva:
807 2903 971 2953 situm
1006 2900 1257 2951 exstabat
1288 2901 1405 2954 loco
1436 2900 1580 2953 velut
1596 2899 1758 2970 483
1779 2918 1871 2954 arx
1901 2904 2166 2970 quwdam.

609 2989 907 3056 Utrumque
949 2991 1012 3040 ad
1049 2989 1185 3042 latus
1220 3003 1352 3041 nova
1390 2990 1578 3042 civitas
1628 3006 1776 3058 :cqua
1815 2992 2172 3058 descriptione

603 3082 938 3150 protenditur
965 3085 1030 3134 ad
1063 3081 1234 3135 stadia
1260 3085 1310 3134 in
1341 3083 1553 3151 longum
1585 3083 1855 3152 latumque
1878 3087 2173 3152 quamlibet

604 3173 766 3226 multa
787 3188 802 3237 ;
827 3173 1029 3225 circum
1055 3188 1171 3226 eam
1204 3186 1428 3242 surgunt
1459 3175 1694 3242 undique
1725 3176 1918 3229 domus
1941 3178 2168 3240 crebra},

604 3262 900 3316 diversoria
943 3279 1235 3332 pauperum
1270 3282 1284 3318 :
1326 3266 1552 3332 etquod
1613 3269 2000 3321 humanitatem
2047 3268 2171 3320 An-

603 3357 740 3425 gusti
785 3357 1123 3409 conuueudat
1162 3342 1427 3425 praecipue
1452 3397 1467 3420 ,
1511 3357 1786 3410 hominum
1832 3359 2085 3412 debilium
2119 3368 2174 3414 et

605 3445 808 3498 moibis
849 3454 942 3497 aut
975 3446 1288 3499 vulneribus
1326 3447 1712 3501 laln-l‘actorutn
1757 3461 2026 3518 receptus.
2069 3451 2172 3505 Eos

606 3537 729 3590 inde
757 3539 936 3590 videte
962 3549 1048 3590 cst
1082 3539 1274 3590 virititn
1308 3541 1659 3606 procedentes
1682 3555 1747 3594 ex
1781 3557 1872 3594 sua
1909 3556 2173 3612 quemque

608 3630 826 3695 regione
858 3648 871 3688 ;
906 3631 1028 3682 hinc
1065 3630 1280 3696 quidem
1305 3646 1498 3692 Ciecos.
1529 3631 1671 3683 illinc
1691 3631 1932 3695 claudos,
1957 3634 2174 3689 aliunde

607 3722 712 3775 alio
745 3723 1052 3776 laborantes
1094 3721 1416 3775 incommodi
1443 3736 1658 3790 genere.
1688 3719 1994 3776 Salomonis
2018 3725 2174 3791 plane

609 3815 904 3882 quamdam
943 3817 1208 3881 porticum
1264 3825 1314 3867 te
1351 3823 1503 3882 putes
1552 3813 1665 3867 haec
1717 3828 1945 3869 cernens
1977 3816 2172 3870 intueri

608 3903 860 3958 t'eicrtatu
895 3907 1200 3958 hominibus
1226 3907 1304 3959 vel
1347 3907 1682 3960 membratim
1733 3908 1995 3962 mutilatis
2022 3947 2037 3971 ,
2089 3909 2172 3964 vel

607 3997 869 4051 ulcerosis
919 4013 982 4050 ac
1035 3997 1173 4049 male
1230 3996 1435 4050 allectis
1485 4008 1596 4052 toto
1623 4013 1866 4066 corpore.
1903 3997 2174 4055 Circuitus

607 4099 731 4145 erat.
755 4087 944 4155 duplex
988 4088 1200 4156 gemina
1239 4098 1465 4156 uterque
1497 4090 1895 4160 contignatione
1930 4093 2174 4144 Substrtt-

610 4187 752 4228 ctus.
785 4175 1080 4244 Utrobique
1114 4187 1220 4229 tam
1248 4177 1300 4231 in
1334 4179 1628 4232 cmiiaculis
1652 4195 1810 4248 quam
1862 4181 1912 4232 in
1955 4181 2174 4235 inferio-

606 4263 755 4318 ribus
784 4265 1043 4318 cubiculis
1079 4266 1429 4333 quiescebant
1463 4283 1524 4320 ac
1549 4269 1878 4322 curabuntur
1936 4271 2168 4324 mutilati

605 4361 697 4405 aut
729 4355 930 4408 morbis
955 4354 1136 4409 aﬂlicti
1196 4356 1362 4410 variis
1420 4373 1556 4422 quos
1603 4358 1837 4412 diximus
1893 4361 2173 4428 utriusque

606 4457 766 4495 sexus
794 4443 1039 4498 homines
1067 4461 1081 4506 ;
1113 4446 1162 4497 hi
1195 4447 1387 4500 sublati
1443 4449 1496 4500 in
1561 4449 1757 4502 coelum
1809 4450 2052 4511 liberius,
2117 4452 2166 4504 hi

606 4543 763 4586 terra
794 4535 1043 4587 humilius
1084 4540 1304 4599 admoti,
1371 4550 1530 4606 prout
1577 4541 1836 4609 cujusque
1882 4541 2173 4595 necessitas

604 4634 658 4677 et
691 4624 792 4676 loci
826 4626 961 4677 ratio
1011 4626 1276 4680 ferebant.
1311 4629 1476 4683 Porro
1517 4631 1675 4683 istius
1724 4630 1936 4683 :edilicii
1972 4632 2167 4698 gemini

605 4715 812 4768 circum
857 4715 1094 4786 undique
1138 4720 1397 4771 adstructi
1447 4721 1864 4789 Ittugttitudittcn‘t
1923 4737 2078 4776 nosse
2127 4723 2168 4776 si

604 4806 726 4873 quis
760 4805 936 4872 cupiat
965 4844 980 4871 ,
1017 4821 1080 4860 ex
1106 4823 1168 4862 eo
1197 4809 1463 4862 mstitnare
1509 4814 1706 4879 poterit
1748 4814 1886 4879 quod
1937 4828 2058 4868 vere
2093 4815 2176 4867 di-

604 4913 720 4951 cam
764 4916 778 4952 :
818 4900 1051 4951 l'utnrmn
1095 4914 1284 4970 nempe
1305 4910 1359 4951 ut
1385 4901 1478 4969 qui
1511 4904 1605 4953 hos
1633 4912 1861 4970 a-grotos
1890 4919 1984 4970 per
2010 4904 2174 4957 cellas

603 4996 697 5042 aut
756 4991 1110 5043 contubernia
1182 5007 1412 5059 superne
1474 4992 1806 5062 iuret-iusque
1882 4995 2174 5064 dispositos

606 5078 778 5146 primo
811 5079 982 5132 visere
1013 5082 1243 5134 diluculo
1281 5084 1557 5151 ccepissct,
1609 5086 1674 5148 is,
1713 5084 1754 5137 si
1787 5099 1973 5138 onmes
2021 5085 2173 5139 vellet

605 5184 941 5236 percurrere,
977 5174 1063 5224 vix
1095 5173 1389 5227 commissa
1424 5189 1643 5242 vespera
1672 5177 2042 5228 lustrationem
2071 5179 2171 5230 al)-

605 5266 834 5318 solveret
867 5282 880 5318 :
917 5267 1051 5320 adeo
1075 5279 1230 5320 erant
1254 5270 1401 5322 multi
1434 5280 1649 5338 tamque
1671 5273 1776 5325 lato
1803 5275 1976 5340 Spatio
2006 5272 2180 5341 longis

605 5359 883 5411 ordinibus
907 5361 1165 5427 porrecti.
1194 5357 1364 5412 Tanta
1399 5362 1511 5416 haec
1540 5373 1657 5417 erat
1697 5365 1910 5428 civitas,
1952 5373 2030 5418 tot
2063 5365 2178 5432 ejus

608 5450 776 5511 cives,
807 5463 1032 5515 quorum
1070 5465 1228 5504 nemo
1255 5467 1376 5504 cum
1404 5454 1626 5508 haberet
1653 5455 1845 5508 fundos
1870 5497 1885 5520 ,
1934 5458 2128 5524 praedia
2162 5495 2179 5520 ,

611 5539 904 5605 bortosve,
961 5555 1117 5594 nemo
1167 5544 1390 5606 vineas,
1447 5555 1540 5596 aut
1578 5546 1721 5599 aliud
1770 5547 2028 5614 ejusmodi
2074 5564 2179 5616 quo

613 5627 826 5682 fundari
885 5631 1254 5698 possessiones
1301 5635 1574 5689 hominum
1606 5648 1659 5689 et
1709 5653 1853 5705 spetn
1885 5642 2056 5694 vietus
2115 5657 2177 5695 ac

614 5723 784 5786 copia:
818 5727 1071 5779 constitui
1104 5728 1347 5784 videmus
1383 5748 1396 5784 :
1431 5731 1524 5786 sed
1579 5733 1804 5801 quisque
1855 5747 1908 5790 et
1954 5753 2179 5806 quaeque

1900 331 2125 392 ANNIE
2162 330 2542 392 COMNEN/E

3639 337 3734 407 1156

2202 445 2249 500 Α
2285 439 2592 508 ἀνθρώπων
2658 435 3051 506 λελωϐημένων
3103 435 3488 506 ἐνδιαιτήματα.
3518 440 3737 516 Ἐστιγάρ

2276 533 2405 584 ἰδεῖν
2434 532 2658 593 τούτους
2693 534 2814 584 κατ’
2838 531 3005 600 ἄνδρα
3033 531 3263 583 ἕκαστον
3287 531 3735 602 ἐπερχόμενον,ὂπου

2276 625 2374 694 μὲν
2418 622 2674 691 τυφλοὺς,
2705 623 2840 675 ὅπου
2880 622 2936 675 δὲ
2987 625 3081 675 καὶ
3112 621 3332 691 χωλοὺς,
3357 623 3477 678 ὅπου
3515 627 3562 678 δέ
3593 647 3634 681 τι
3668 635 3734 683 καὶ

2272 716 2400 769 ἄλλο
2424 718 2595 768 κακὸν
2626 717 2870 784 ἔχοντας’
2912 714 3007 782 τὴν
3041 714 3202 767 στοὰν
3226 712 3539 781 Σολομῶντος
3562 718 3612 770 ἂν
3635 717 3741 785 εἶπες

2277 810 2403 861 ἰδὼν
2435 808 2639 878 μεστὴν
2670 809 2975 875 ἀνθρώπων
3003 805 3412 877 πεπηρωμὲνων
3438 810 3498 861 τὰ
3531 811 3642 880 μέλη
3678 816 3744 867 καὶ

2273 900 2369 952 ὅλα
2395 900 2461 952 τὰ
2482 901 2731 968 σώματα.
2762 901 2819 951 Ὀ
2839 899 2893 950 δὲ
2923 899 3120 962 κύκλος
3148 897 3364 959 διπλοῦς
3387 915 3440 950 τε
3464 900 3547 952 καὶ
3563 901 3742 971 δίδυμος,

2274 991 2336 1043 Οἱ
2366 991 2466 1059 μὲν
2491 992 2596 1060 γὰρ
2621 992 2733 1045 ἄνω
2764 991 2858 1043 καὶ
2891 991 3155 1058 μετέωροι
3181 988 3479 1043 κατοικοῦσι
3506 992 3597 1042 τῶν
3622 1010 3748 1061 τετε,-

2275 1082 2534 1151 ρωμένων
2552 1080 2755 1134 τούτων
2776 1081 2984 1150 ἀνδρῶν
3015 1097 3072 1132 τε
3100 1080 3192 1132 καὶ
3218 1082 3497 1146 γυναικῶν,
3517 1084 3558 1134 οἱ
3579 1083 3623 1135 δὲ
3641 1086 3745 1136 κάτω

2277 1172 2366 1224 καὶ
2396 1171 2675 1240 πρόσγειοι
2711 1170 3139 1240 παρασύρονται.
3175 1168 3246 1222 Τὸ
3291 1169 3344 1222 δὲ
3374 1170 3461 1222 τοῦ
3492 1171 3656 1223 κύκλου

2274 1262 2452 1330 γεθος,
2472 1264 2524 1313 εἰ
2547 1279 2630 1322 τις
2658 1261 2832 1313 ἐΟέλεί
2848 1262 3067 1323 τούτους
3099 1263 3249 1325 ἰδεῖν,
3277 1262 3554 1332 ἀρξάμενος
3573 1265 3747 1332 πρωῖἣεν

2275 1355 2351 1414 εἰς
2382 1353 2626 1421 ἐσπέραν
2653 1351 2716 1404 ἂν
2744 1352 2834 1403 τὸν
2867 1350 3066 1403 κύκλον
3092 1353 3425 1407 συνετέλεσε.
3452 1353 3654 1421 Τοιαύτη
3682 1355 3745 1421 μὲν

2277 1443 2310 1512 ἡ
2339 1443 2512 1506 πόλις,
2546 1443 2776 1495 τοιοῦτοι
2818 1443 2873 1495 δὲ
2912 1445 3004 1495 καὶ
3036 1446 3084 1495 οἱ
3135 1443 3235 1511 τῆς
3271 1445 3468 1506 πόλεως
3496 1446 3663 1510 ταύτης
3697 1448 3750 1495 oi-

2274 1537 2524 1602 κήτορες,
2577 1534 2702 1587 οὗτε
2765 1535 2976 1603 γήπεδα
3030 1535 3270 1604 ἔχοντες,
3317 1534 3432 1587 οὔτε
3476 1535 3747 1605 ἀμπελῶνας

2275 1625 2396 1677 οὐτε
2445 1644 2496 1677 τι
2533 1625 2660 1679 ἄλλο
2693 1625 2934 1678 τοιοῦτον
2967 1626 3096 1696 περὶ
3134 1624 3162 1677 ὃ
3192 1627 3286 1678 τὸν
3331 1625 3633 1695 ἀνθρώπινον
3676 1626 3754 1693 βίοιί

2274 1716 2607 1785 ἠσχολῆσοαι
2666 1716 3181 1784 καταλαμϐάνομεν.
3219 1716 3356 1769 ἀλλὰ
3391 1716 3518 1769 κατὰ
3554 1717 3632 1768 τὸν
3671 1714 3753 1767 ἰὼί

2204 1792 2246 1850 Β
2275 1807 2502 1867 ἕκαστος
2531 1807 2562 1875 ἢ
2595 1806 2802 1875 ἑκάστη
2833 1808 2931 1874 τὴν
2982 1808 3081 1874 μὲν
3115 1807 3596 1876 δημιουργηθεῖσαν
3620 1808 3755 1864 αὐτοῖς

2275 1900 2454 1950 οἰκίαν
2505 1899 2647 1950 οἰκεῖ
2677 1916 2687 1928 ο
2724 1900 3004 1966 αὐτόματα
3041 1899 3096 1951 δι
3140 1902 3210 1951 τὰ
3252 1900 3384 1968 πρὸς
3411 1900 3592 1970 τροφήν
3625 1915 3670 1948 τε
3693 1898 3755 1948 καὶ

2277 1989 2486 2058 σκέπην
2535 1989 2685 2056 παρὰ
2725 1989 2822 2056 τῆς
2873 1989 3164 2057 βασιλικῆς
3198 1988 3384 2058 χειρὸς
3427 1989 3591 2050 αὐτοῖς
3621 1984 3755 2054 ἔπορε.

2275 2082 2417 2145 ζετο
2441 2083 2534 2136 καὶ
2559 2084 2661 2150 γὰρ
2687 2083 2745 2135 τὸ
2773 2082 3215 2153 παραδοξότατον
3243 2084 3297 2135 ol.
3325 2084 3606 2152 ἀκτήμονες
3623 2080 3755 2148 ὥσπερ

2274 2175 2419 2236 τινὲς
2447 2174 2705 2226 δεσπόται
2735 2176 2988 2244 κτήματα
3019 2175 3231 2244 ἔχοντες
3263 2175 3357 2226 καὶ
3391 2173 3652 2243 προσόδους
3669 2187 3758 2222 mv-

2273 2267 2533 2327 τοδαπὰς,
2587 2266 2916 2336 φροντιστὰς
2967 2266 3174 2336 ἔχουσι.
3231 2267 3329 2319 καὶ
3374 2265 3462 2318 τοῦ
3507 2265 3606 2334 βίου
3630 2262 3758 2316 αὐτῶν

2275 2357 2636 2426 ἐπιμελητὰς,
2689 2358 2854 2410 αὐτόν
2885 2375 2944 2410 τε
2997 2357 3091 2409 τὸν
3155 2359 3530 2428 αὐτοκράτορα
3579 2353 3761 2413 καὶτοὺς

2275 2448 2421 2516 ἀμφὶ
2463 2451 2554 2502 τὸν
2608 2452 2988 2521 αὐτοκράτορα
3045 2451 3443 2520 σπουδεργούς.
3501 2450 3650 2501 Ὅπου
3687 2445 3758 2510 γὰρ

2274 2539 2472 2608 δήποτε
2502 2541 2605 2609 γῆς
2647 2541 2836 2611 κτῆμα
2872 2538 2939 2612 ἦν
2971 2545 3026 2594 ἐν
3063 2542 3214 2613 καλῷ
3249 2545 3338 2596 κεί
3347 2559 3524 2613 μενον,
3548 2539 3706 2593 ταύτὸν
3725 2537 3760 2588 δὲ

2273 2632 2450 2683 εἰπεῖν
2508 2633 2862 2702 εὐπρόσοδον,
2914 2635 3028 2696 τοῖς
3085 2634 3340 2702 ἀδελφοῖς
3395 2633 3588 2694 τούτοις
3634 2631 3760 2696 φέρων

2274 2721 2546 2789 ἐνείματο.
2591 2722 2710 2792 ἰλῴ⁵
2745 2717 2818 2777 ὧν
2854 2720 3000 2788 οἶνός
3036 2743 3094 2778 τε
3129 2725 3318 2789 αὐτοῖς
3377 2725 3510 2779 κατὰ
3555 2719 3762 2788 aanimi;

2276 2816 2496 2884 ἐπιρρεῖ
2531 2814 2625 2867 καλ⁸
2653 2817 2816 2883 ἄρτος
2850 2816 2946 2868 καὶ
2995 2817 3094 2868 ὅσα
3127 2816 3220 2868 ἐπὶ
3258 2817 3377 2878 τοῖς
3409 2816 3579 2884 ἄρτοις
3608 2807 3763 2862 σιτοῦν-

2272 2923 2361 2959 ται
2395 2905 2693 2978 ἄνθρωποι.
2742 2909 2804 2960 Οἱ
2835 2907 2891 2960 δὲ
2954 2907 3228 2972 ἐσθίοντες
3287 2907 3428 2978 ὑπὲρ
3456 2903 3672 2975 ἀριθμὸν,
3701 2899 3766 2950 καὶ

2271 2999 2410 3066 τάχα
2442 2997 2628 3067 τολμῶ
2688 2999 2782 3051 καὶ
2818 2998 2990 3066 λέγω,
3024 2999 3168 3051 εἴποι
3220 3017 3312 3062 τις
3360 3000 3444 3065 ἂν,
3476 2998 3596 3066 πρὸς
3624 2994 3670 3044 τὸ
3701 2987 3764 3042 τοῦ

2201 3129 2244 3187 C
2276 3088 2410 3157 ἐμοῦ
2443 3089 2692 3158 Σωτῆρος
2732 3088 2918 3158 θαῦμα
2950 3092 3057 3142 τῶν
3111 3090 3538 3160 ἑπτακισχιλίων
3566 3084 3681 3155 φημὶ
3705 3078 3769 3132 ut

2277 3179 2734 3250 πεντακισχιλίων
2770 3181 3138 3250 ἀναφέρεσθαι
3189 3181 3258 3235 τὸ
3315 3181 3406 3234 τοῦ
3447 3176 3768 3245 αὐτοκράτορος

2270 3271 2455 3342 ἔργον.
2503 3271 2644 3324 Ἀλλ’
2675 3273 2856 3325 ἐκεῖσε
2913 3275 2978 3326 ἐκ
3031 3274 3192 3326 πέντε
3245 3274 3427 3344 ἄρτων
3473 3267 3767 3342 ἐκορέσθησαν

2271 3363 2536 3434 χιλιάδες,
2566 3364 2702 3418 καθδ
2731 3365 2823 3416 καὶ
2843 3366 2872 3417 ὁ
2897 3364 3029 3427 Θεὸς
3065 3366 3092 3416 ὁ
3127 3364 3577 3435 θαυματουργῶν,
3597 3354 3770 3411 ἐνταῦθα

2269 3452 2327 3506 δέ
2355 3452 2423 3505 τὰ
2465 3453 2564 3522 μὲν
2621 3454 2721 3520 τῆς
2769 3453 3187 3523 φιλανθρωπίας
3244 3456 3348 3524 τῆς
3401 3453 3542 3515 θείας
3587 3447 3769 3515 ἐξέχεται

2273 3542 2511 3613 ἐντολῆςο
2539 3542 2601 3597 τὸ
2624 3541 2669 3597 δ’
2691 3543 2836 3609 ἄλλο,
2863 3547 3038 3598 ἐκεῖσε
3069 3547 3166 3614 μὲν
3198 3545 3407 3614 θαῦμα,
3424 3541 3518 3599 ὦδε
3535 3543 3585 3595 δὲ
3601 3537 3772 3611 χορηῖί³

2275 3634 2535 3707 βασιλικὴ
2591 3635 2655 3689 τὸ
2706 3635 2981 3705 αὔταρκες
3043 3641 3156 3700 τοῖς
3212 3639 3466 3708 ἀδελφοῖς
3523 3632 3772 3704 πορίζουσα·

2274 3721 2428 3780 Εἶδον
2459 3727 2571 3796 ἐγὼ
2615 3728 2712 3781 καὶ
2747 3728 2920 3797 γραῦν
2955 3732 3192 3795 γυναῖκα
3231 3731 3340 3783 ὑπὸ
3378 3728 3598 3788 νεάνιδος
3623 3727 3777 3783 omo:-

2270 3817 2557 3888 τουμένην,
2589 3819 2683 3870 καὶ
2709 3818 2877 3888 ἄνδρα
2908 3820 3110 3888 τυφλὸν
3141 3821 3250 3873 ὑπὸ
3285 3820 3572 3892 βλέποντος
3616 3806 3775 3878 ἀνθρώ-

2273 3928 2374 3963 που
2406 3911 2749 3981 χειραγωγοῦ
2760 3927 2944 3978 μενον,
2975 3914 3066 3964 καὶ
3098 3912 3281 3966 ἄποδα
3346 3914 3511 3974 πόδας
3551 3899 3777 3977 ἔχοντα.ηὗ

2269 4001 2398 4063 τοὺς
2453 3999 2673 4063 ἑαυτοῦ,
2730 4001 2867 4054 ἀλλὰ
2924 4002 3053 4065 τοὺς
3117 4003 3460 4075 ἀλλοτρίους,
3511 3997 3594 4052 καὶ
3634 3996 3776 4061 ἄχειρα

2272 4093 2366 4145 ὐπ’
2393 4093 2606 4164 ἀνδρῶν
2659 4093 2864 4164 ἐτέρων
2908 4096 3462 4166 χειραγωγούμενον,
3517 4092 3602 4145 καὶ
3653 4085 3775 4154 βρέέη

2270 4184 2635 4255 τιθηνούμενα
2664 4184 2795 4254 παρ’
2821 4185 3123 4256 ἀλλοτρίων
3157 4188 3444 4258 μητέρων,
3469 4185 3557 4238 καὶ
3599 4173 3776 4249 παραλύο

2271 4293 2398 4337 τους
2419 4277 2510 4330 ὐπ’
2524 4277 2699 4332 ἄλλων
2727 4278 2824 4330 ἀνθ
2836 4277 3034 4346 ρώπων
3058 4280 3509 4349 δουλευομένους,
3535 4272 3775 4344 sapam»!-

2275 4366 2383 4418 Καὶ
2428 4367 2566 4429 ὅλως
2598 4367 2819 4420 διπλοῦν
2867 4364 2934 4438 ἦν
2963 4369 3024 4421 τὸ
3079 4371 3288 4438 πλῆθος
3337 4370 3446 4422 τῶν
3480 4361 3771 4437 τρεφομένων

2201 4469 2244 4522 D
2273 4458 2378 4511 τῶν
2419 4461 2516 4530 μὲν
2549 4462 2628 4522 εις
2674 4460 3095 4532 δουλευομένους
3133 4463 3582 4531 ἀριθμουμένων,
3627 4454 3708 4506 τῶἰ
3733 4447 3768 4498 δὲ

2283 4553 2363 4615 είς
2385 4553 2758 4616 δουλεύοντας·
2791 4555 2881 4625 Τῷ
2919 4556 3017 4622 μὲν
3047 4556 3424 4624 αὐτοκράτορι
3486 4554 3579 4605 οὐκ
3604 4547 3700 4612 ἐξῆν
3725 4536 3772 4604 τῷ

2283 4644 2583 4714 παραλύτφ
2615 4646 2814 4699 εἰπεῖν’
2852 4648 3081 4715 Ἔγειρε
3114 4648 3214 4700 καὶ
3252 4647 3582 4714 περιπάτει·
3607 4638 3698 4693 οὐδὲ
3726 4629 3776 4697 τῷ

2275 4735 2460 4804 τυφλῷ
2499 4735 2759 4790 κελεῦσαι
2819 4738 2878 4790 τὸ
2907 4738 3143 4808 βλέπειν,
3180 4741 3309 4792 οὐδέ
3342 4739 3421 4807 τῷ
3451 4737 3522 4807 μὴ
3549 4724 3772 4803 Exortus;-

2279 4828 2376 4890 δας
2407 4830 2730 4897 ἐπιτρέπειν
2760 4835 3089 4901 περιπατεῖν
3118 4849 3133 4863 ο
3159 4831 3342 4886 ταῦτα
3380 4830 3448 4902 ἦν
3482 4817 3570 4884 ⁴ἰοῦ
3603 4827 3775 4883 Μονοτε⁴

2279 4917 2404 4980 νοῦς
2444 4921 2540 4972 καὶ
2577 4920 2645 4972 δι’
2694 4922 2839 4992 ἡμᾶς
2879 4926 3164 4990 γεγονότος
3208 4923 3506 4995 ἀνθρώπου
3556 4919 3636 4970 καὶ
3680 4909 3772 4972 ὑπὲρ

2280 5009 2581 5078 ἀνθρώπιον
2610 5012 2866 5064 ἐνταυθοῖ
2901 5013 3402 5082 πολιτευσαμένου.
3436 5015 3499 5065 Ἀ
3536 5009 3585 5062 δὲ
3613 4999 3772 5072 προσῆνν

2280 5101 2468 5152 ἐκεῖνα
2494 5103 2660 5152 ποιεῖ·
2695 5103 2966 5172 ὑπηρέται
2984 5095 3198 5174 ἑκάστῳ
3225 5104 3430 5157 διδόναι
3448 5092 3770 5169 πεπηρωμένῳι

2284 5193 2376 5244 καὶ
2413 5192 2513 5263 τὴν
2545 5195 2716 5262 αὐτὴν
2776 5194 3035 5261 πρόνοιαν
3078 5196 3293 5249 τιθέναι
3353 5196 3430 5265 τῷ
3465 5183 3769 5256 λελωσημένφ·

2276 5280 2354 5350 τῷ
2384 5283 2702 5348 ὑγιαίνοντι,
2741 5285 2900 5336 Ὥστε
2931 5283 2984 5336 εἴ
3012 5302 3096 5349 τις
3124 5285 3378 5356 βούλοιτο
3411 5287 3504 5355 τὴν
3537 5282 3644 5333 νέαν
3669 5274 3768 5324 πόλει,

2280 5375 2617 5441 καταμαθεῖν
2643 5377 2706 5444 ἣν
2735 5379 2798 5427 ἐκ
2818 5375 3034 5446 βάθρων
3059 5379 3086 5430 δ
3113 5379 3248 5448 ἐμὸς
3283 5379 3464 5446 πατὴρ
3507 5367 3765 5434 meum

2279 5467 2589 5532 τετραπλῆν
2613 5467 2678 5519 ἂν
2701 5468 2798 5520 ἴδοι
2819 5468 2917 5537 τὴν
2950 5469 3104 5523 πόλιν
3132 5473 3224 5523 καὶ
3247 5468 3554 5533 πολλαπλῆν
3570 5463 3659 5514 τῶν
3671 5457 3766 5507 κάτω

2278 5556 2387 5609 τῶν
2452 5559 2588 5624 ἄνω,
2669 5560 2776 5612 τῶν
2828 5562 3154 5633 ἀμφοτέροις
3199 5563 3416 5623 τούτοις
3487 5558 3762 5622 ἐξυπηρετῶν

2288 5651 2484 5718 μένων.

2218 5742 2352 5797 Jobo
2405 5746 2476 5799 illi
2527 5749 2578 5799 iu
2627 5749 2966 5817 sterquilinio
3006 5751 3250 5804 omnium
3296 5762 3480 5820 egeno,
3557 5737 3668 5811 ψιοιί
3719 5723 3758 5780 ³⁸
