4022 6282
214 360 344 423 1151
371 311 374 316 ’
1460 359 1868 420 ALEXIADIS
1920 360 2067 420 LIB.
2104 362 2226 422 xv.
3305 367 3439 432 1158

193 482 452 538 quemque
474 467 724 538 priVaIim
755 473 1040 540 attinebat,
1064 485 1204 528 esset
1271 474 1581 539 persimilis,
1647 483 1824 526 tamen
1864 484 1980 527 erat
2009 474 2249 528 mirabile
2279 475 2555 533 abundare
2591 493 2782 534 omnes
2825 479 3031 535 idoneis
3072 482 3322 536 omnibus
3373 484 3443 536 ad

197 576 338 613 usum
387 564 836 634 rebus.Augusto
875 569 1124 643 uitulorum
1161 567 1360 620 liberali
1415 582 1573 620 manu
1622 576 1944 635 suggerente
1969 566 2098 634 ipsis
2117 583 2453 636 quaecunque
2514 573 2580 624 ad
2653 575 3034 628 habitationem
3098 584 3151 628 et
3217 558 3443 632 tectum,

193 652 257 706 ad
286 654 483 706 victum
515 657 876 726 vestitumque
906 675 1039 726 opus
1067 672 1241 713 erant.
1269 660 1396 725 Quae
1461 661 1592 726 ipsis
1643 659 1824 712 omnia
1865 673 1987 710 cum
2020 660 2138 711 sine
2172 661 2343 728 pretio
2382 678 2447 716 ac
2484 679 2610 716 cura
2640 679 2830 732 sponte
2881 684 2942 721 ac
2971 669 3137 736 gratis
3193 669 3438 734 proveni-

195 757 344 807 rent,
402 747 734 813 inopinatum
784 753 1108 804 cernebatur
1166 752 1461 818 quiddam;
1515 751 1761 804 homines
1799 749 2041 803 omnium
2073 754 2443 819 pauperrimus
2474 755 2774 820 latifundia,
2857 762 3142 828 vectigales
3235 773 3442 818 terras,

208 851 267 890 ac
293 848 582 903 proventus
605 842 780 893 Omnis
801 843 1014 908 generis
1039 845 1268 909 habere;
1300 846 1424 911 quin
1457 845 1616 896 etiam
1646 841 1988 896 curatoribus
2019 852 2180 911 atque
2226 842 2557 898 administris
2616 863 2794 900 rerum
2855 860 2908 900 et
2970 861 3431 918 nppnrtnmtatum

197 945 403 982 suarum
434 933 505 982 ttti
531 931 776 998 plurimis
809 932 984 999 iisque
1020 935 1344 995 illustribus,
1387 935 1500 1002 ipso
1528 931 1776 985 videlicet
1817 932 2143 1000 imperatore
2195 933 2634 1003 principibusque
2674 938 2807 990 aula:
2841 953 2904 991 ac
2940 941 3186 1008 cognatis
3214 941 3428 992 comiti-

196 1022 392 1089 busque
425 1023 564 1075 illius
607 1041 619 1075 :
651 1024 739 1088 qui
770 1024 985 1090 quidem
1019 1041 1229 1079 summa
1259 1027 1362 1079 lide
1392 1041 1456 1079 ac
1489 1024 1688 1079 eﬂicaci
1723 1021 1905 1078 studio
1938 1024 2170 1077 rationes
2202 1024 2427 1077 ismrutn
2470 1042 2759 1095 pauperum
2796 1042 3047 1085 curantes
3081 1031 3233 1085 sicuti
3263 1046 3433 1085 terra-

197 1130 308 1167 rum
333 1117 598 1181 praedium
623 1120 823 1183 optimo
849 1119 1144 1173 situmloco
1187 1119 1440 1173 uberrimi
1473 1127 1763 1186 proventus
1788 1117 2304 1182 animadverterent,
2345 1121 2577 1185 agebant
2624 1125 2805 1175 statim
2839 1135 2894 1178 ut
2933 1126 2982 1176 id
3035 1126 3122 1178 isti
3165 1129 3437 1180 sodalitati

197 1211 596 1261 attrduteretur.
633 1207 838 1272 Quibus
870 1211 1062 1264 deinde
1094 1212 1236 1266 velut
1265 1227 1328 1266 ex
1359 1210 1688 1280 perennibus
1718 1211 1959 1266 fontibus
1992 1210 2043 1262 itt
2071 1209 2262 1262 horum
2291 1212 2634 1278 quotidianos
2669 1230 2795 1268 usus
2824 1218 3192 1270 convictorutn
3226 1230 3278 1270 et
3308 1220 3426 1271 vitta

201 1302 354 1368 largis
380 1299 691 1355 ﬂuminibus
725 1300 1001 1356 aﬂlnerent
1033 1314 1087 1357 et
1116 1305 1268 1372 panis
1297 1320 1360 1358 ac
1387 1320 1721 1374 quaecunque
1745 1307 1811 1358 ad
1858 1317 2049 1372 panem
2093 1301 2269 1354 victus
2324 1303 2589 1357 humanus
2619 1308 2896 1360 consuevit
2934 1323 2962 1361 a
2985 1310 3130 1362 ldere
3171 1312 3420 1375 proveni-

196 1405 326 1459 rent,
366 1395 587 1462 bcnigna
641 1410 737 1448 nec
767 1394 997 1449 deiicere
1030 1407 1297 1450 metuente
1321 1397 1496 1466 copia.
1522 1399 1680 1464 Atqui
1712 1409 1866 1450 erant
1889 1395 1978 1463 qui
2015 1393 2212 1446 isthittc
2241 1395 2599 1460 pascebantur
2622 1397 2800 1465 plures
2825 1415 2987 1468 quam
3010 1402 3128 1466 quis
3160 1413 3424 1455 autumet.

198 1493 269 1545 Ita
300 1499 350 1539 ut
381 1488 577 1556 (modo
610 1497 785 1542 tamen
820 1489 870 1539 id
906 1489 1030 1542 inihi
1071 1504 1162 1557 per
1191 1489 1474 1543 Dominum
1506 1489 1683 1544 Jesuut
1715 1485 1908 1556 liceat)
1944 1486 2167 1538 audeam
2203 1502 2324 1538 cum
2357 1487 2649 1540 Salvatoris
2678 1490 2960 1552 miraculo,
3015 1504 3217 1560 septem
3247 1497 3424 1547 humi-

197 1597 317 1634 uutn
351 1595 400 1633 et
430 1579 624 1632 ίιιῚυΙΙῚ
670 1583 906 1650 quinque
969 1583 1130 1634 tttillia
1169 1581 1438 1650 pascentis
1474 1583 1627 1646 bauc_
1685 1578 2025 1647 imperatoris
2059 1577 2456 1644 providentiam
2527 1591 2578 1631 et
2635 1580 3011 1636 liberalitatem
3049 1585 3231 1653 aliquo
3285 1589 3442 1639 modo

196 1671 456 1725 conferre.
495 1669 722 1724 InIcrt-st
747 1683 925 1726 tamen
973 1680 1115 1741 quod
1143 1675 1252 1728 illic
1279 1675 1515 1742 quinque
1573 1683 1668 1727 aut
1718 1681 1924 1737 septem
1964 1671 2212 1735 panibus,
2243 1674 2462 1725 totidem
2491 1673 2762 1725 hominum
2797 1676 2960 1727 millia
3000 1688 3237 1731 saturata
3279 1691 3433 1734 situt.

193 1769 331 1820 licus
366 1780 555 1834 nempe
589 1767 727 1819 Dt-us
763 1778 880 1822 erat
912 1768 998 1834 qui
1032 1767 1283 1820 nimirum
1321 1767 1391 1820 ibi
1418 1767 1817 1833 omnipotentim
1859 1780 1971 1818 sine
1998 1762 2190 1815 edebat
2231 1765 2522 1831 specimen.
2565 1765 2657 1817 llic
2691 1764 2820 1816 nihil
2849 1767 2950 1817 nisi
2984 1778 3208 1821 conatus
3239 1773 3431 1824 buma—

197 1861 372 1916 nitatis
409 1862 522 1924 fuit,
559 1871 887 1930 praecl-ptum
921 1881 946 1914 a
991 1863 1099 1915 Deo
1130 1861 1439 1927 impositum
1473 1859 1801 1922 hominibus,
1827 1865 1883 1910 ut
1913 1869 2096 1912 mutuo
2128 1860 2183 1914 in
2218 1875 2325 1930 quo
2392 1860 2618 1928 quisque
2678 1871 2852 1926 potest
2893 1861 2979 1914 alii
3031 1861 3162 1916 alios
3199 1861 3386 1930 juvent
3413 1904 3429 1929 ,

207 1956 423 2023 implere
449 1958 766 2020 satagcnt’ts.
815 1953 981 2026 484
1015 1955 1153 2022 Ergo
1189 1953 1296 2006 illic
1350 1953 1566 2021 quidem
1601 1950 1860 2004 mirabilis
1899 1949 2120 2007 effectus
2156 1954 2534 2021 omnipotentis
2565 1956 2793 2006 dexterae
2834 1970 2848 2006 :
2884 1958 2969 2008 hic
3009 1956 3224 2026 largitio
3265 1959 3436 2027 impe-

198 2048 387 2101 ratoria
421 2047 691 2101 sodalibus
719 2059 824 2098 tam
862 2049 1043 2099 multis
1081 2049 1237 2100 unius
1271 2057 1439 2100 vastae
1468 2047 1659 2098 domus
1689 2045 2045 2100 contubernio
2074 2041 2340 2102 de'vinctis
2367 2057 2558 2100 cuneta
2601 2063 2718 2115 quae
2749 2060 2912 2103 erant
2942 2035 3010 2103 ad
3044 2067 3196 2105 usum
3248 2069 3435 2107 net-es-

181 2139 321 2191 saria
348 2138 638 2205 praébebat.
663 2138 891 2192 Jnvabat
925 2157 1007 2192 me
1033 2141 1214 2192 videre
1241 2139 1347 2192 illic
1377 2153 1539 2192 anum
1582 2138 1649 2192 ab
1676 2136 2018 2192 adolescente
2043 2139 2224 2193 curari
2260 2139 2458 2193 femina
2485 2157 2498 2204 ;
2543 2157 2744 2195 mecum
2785 2143 2956 2195 virum
2990 2158 3017 2194 a
3046 2144 3256 2198 vidente
3277 2163 3438 2200 manu

189 2232 303 2284 duci
333 2246 346 2291 ;
382 2232 500 2283 clau
524 2234 599 2284 los
631 2242 722 2284 attt
749 2233 1025 2285 mutilatos
1053 2232 1295 2298 pedibus,
1323 2232 1486 2300 pedes
1511 2230 1710 2284 habere
1747 2245 1851 2284 non
1885 2246 2032 2292 sues,
2061 2231 2154 2284 sed
2189 2230 2362 2285 aliena
2413 2233 3174 2308 benignitatecommodatos;
3210 2237 3445 2305 propriis

188 2336 450 2384 carentes.
481 2326 778 2376 amicorum
812 2324 1024 2376 vicariis
1053 2325 1126 2377 uti
1161 2323 1448 2387 manibus;
1505 2323 1668 2376 orbos
1719 2321 1953 2376 infantes
2007 2331 2237 2375 matrum
2278 2322 2576 2376 alienarum
2624 2325 2884 2380 uberibus
2935 2326 3158 2393 lactari;
3200 2328 3436 2396 denique

191 2417 434 2469 homines
466 2415 790 2484 paralyticos
814 2425 869 2469 et
900 2415 1150 2469 resolutis
1185 2415 1388 2478 nervis,
1421 2415 1628 2468 debiles
1668 2413 1895 2468 aliorum
1928 2414 2223 2468 valentium
2266 2414 2579 2470 tninisteriis
2625 2417 2872 2484 Supplch
2893 2417 3159 2471 defectum
3185 2419 3436 2473 inertium

192 2505 784 2575 membrorum.ltaque
815 2508 865 2558 in
899 2507 1206 2559 universum
1264 2503 1464 2572 duplici
1524 2519 1721 2574 genere
1778 2504 2061 2559 multitudo
2122 2507 2465 2573 imperatoris
2517 2508 2772 2576 impensis
2825 2509 2926 2561 isto
2967 2512 3015 2562 iu
3065 2510 3181 2562 loco
3236 2514 3439 2565 nutrita

193 2602 472 2655 constabat
505 2617 517 2653 :
552 2599 641 2654 alii
669 2601 932 2669 siquidem
964 2611 1120 2655 erant
1152 2600 1345 2667 quibus
1398 2599 1834 2663 ministrabatur;
1900 2600 1985 2652 alii
2040 2600 2128 2666 qui
2187 2600 2588 2654 ministrabant.
2649 2601 2815 2655 Porro
2845 2604 3116 2667 Augustus
3157 2618 3262 2655 non
3326 2620 3444 2657 eam

194 2698 419 2750 habebat
447 2699 552 2752 vim
583 2715 687 2768 qua
722 2709 897 2766 posset
932 2696 1122 2751 el'fectu
1155 2705 1435 2764 sequente,
1475 2698 1655 2750 dicere
1687 2695 1981 2765 paralytico
2002 2695 2166 2761 Surge
2196 2709 2243 2749 et
2275 2697 2507 2763 ambula,
2534 2709 2622 2749 aut
2653 2713 2797 2751 czrco
2838 2698 3127 2766 praeripere
3155 2709 3212 2750 ut
3235 2700 3434 2758 videat,

189 2790 500 2843 autcarenti
538 2789 760 2858 pedibus
787 2789 962 2842 subito
986 2790 1138 2858 jussu
1170 2803 1411 2856 gressum
1471 2787 1764 2852 indulgere.
1805 2785 2025 2854 Propria
2070 2787 2160 2840 illa
2211 2797 2445 2856 potestas
2497 2789 2594 2840 fuit
2656 2789 2922 2858 Unigeniti
2975 2791 3064 2857 qui
3102 2788 3436 2843 humanitate

193 2895 406 2952 propter
430 2897 527 2936 nos
558 2892 856 2950 assumpta,
882 2881 1044 2934 vitam
1079 2881 1165 2934 hic
1192 2883 1334 2935 inter
1367 2880 1613 2934 homines
1639 2880 1873 2932 humano
1935 2881 2093 2932 modo
2125 2893 2188 2933 ac
2213 2889 2372 2949 captu
2405 2882 2736 2946 superiorem
2768 2881 2942 2933 duxit.
2978 2878 3107 2945 Quae
3137 2891 3314 2934 autem
3349 2881 3449 2932 int-

182 2991 405 3046 perator
439 2978 628 3046 potuit,
660 2977 912 3030 nimirum
941 2977 1231 3045 unicuique
1267 2975 1510 3030 ututilato
1539 2991 1602 3029 ac
1627 2975 1988 3028 membrorum
2021 2991 2114 3027 usu
2147 2986 2300 3043 rapto
2335 2977 2609 3042 ριόιιι·ἱιιιιι
2645 2975 2895 3029 atldicet'e
2964 2974 3222 3028 famulum
3248 2975 3313 3026 ad
3347 2988 3446 3024 CII-

194 3071 452 3125 rationem
473 3080 526 3123 et
554 3069 891 3136 obsequium,
923 3080 973 3121 et
1007 3080 1111 3122 tam
1139 3069 1375 3136 aegrotis,
1403 3083 1561 3134 quam
1595 3069 1739 3120 sanis
1763 3079 1994 3136 :egrotos
2023 3067 2356 3125 curantibus,
2421 3065 2701 3131 providere
2736 3068 2934 3132 pariter
2975 3066 3042 3118 de
3074 3069 3214 3120 victu
3239 3067 3448 3128 stabili,

191 3179 256 3216 ea
289 3179 420 3215 sane
449 3162 748 3230 perprobxe
781 3162 920 3213 fecit.
954 3161 1217 3213 (Ia-terum
1254 3161 1298 3212 si
1335 3159 1453 3224 quis
1487 3157 1880 3211 diStinr-tiorem
1920 3159 2118 3210 habere
2178 3157 2422 3208 notitiam
2459 3160 2607 3210 urbis
2667 3159 2822 3210 istius
2866 3157 2994 3209 velit
3018 3171 3045 3208 a
3081 3166 3235 3222 patre
3267 3174 3386 3212 meo
3418 3173 3448 3211 a

184 3257 558 3309 fundamentis
585 3254 881 3315 aediﬁcatae,
915 3254 958 3304 is
985 3254 1119 3306 sciat
1145 3249 1526 3318 quadrifariam
1567 3249 1795 3300 diViSJIn
1829 3247 2000 3307 illam,
2030 3247 2132 3300 nisi
2159 3249 2319 3299 etiam
2354 3249 2708 3313 plurilariam,
2755 3249 2939 3300 luisse.
2974 3245 3290 3301 Conﬂabant
3321 3266 3438 3305 eam

189 3350 446 3403 l-illlil‘ttlll
485 3346 574 3415 qui
607 3349 656 3397 in
688 3346 1053 3411 superiorilms
1084 3344 1334 3395 tabulatis
1363 3351 1416 3393 et
1455 3340 1802 3393 inferioribus
1832 3340 2180 3394 conclavibus
2205 3341 2387 3404 aegroti
2421 3340 2811 3392 decumhebant
2866 3338 3250 3393 desidebanlve
3288 3358 3300 3392 :
3333 3350 3444 3396 tmn

179 3443 280 3510 qui
315 3455 421 3493 lant
447 3439 816 3506 superioribus
852 3437 998 3489 hisce
1029 3453 1186 3502 quant
1212 3437 1334 3488 aliis
1368 3435 1592 3488 inferius
1626 3434 1943 3502 degentibus
1977 3443 2256 3484 curatores
2286 3432 2576 3496 l'atnttlique
2628 3430 3029 3482 ministrabant.

259 3535 424 3586 ’.Χλλι
452 3533 534 3592 τίς
559 3529 930 3599 ἐξαριθμῆσαι
949 3528 1241 3594 δννήσοιιτο
1260 3528 1385 3588 τοὺς
1411 3525 1532 3578 καθ’
1558 3525 1770 3595 ἡμέραν

1946 3523 2012 3575 At
2048 3522 2172 3590 quis
2203 3537 2522 3574 ontnnerare
2556 3521 2619 3570 ad
2655 3529 2906 3572 exactum
2944 3531 3107 3585 queat
3157 3535 3289 3590 quot
3338 3525 3450 3578 illic

182 3628 494 3686 ἐσθίοντας.
521 3624 554 3692 ἦ
587 3621 686 3690 τὴν
711 3619 832 3672 καθ’
869 3620 1107 3686 ἑκάστην
1135 3619 1406 3687 δαπάνην,
1445 3619 1541 3668 καὶ
1564 3617 1664 3686 τὴν
1688 3632 1771 3682 γι.-

183 3721 426 3786 νομένην
466 3715 546 3776 εἰς
588 3713 817 3764 ἕκαστον
870 3714 1165 3780 trp/nomn);
1229 3708 1320 3772 Εἰς
1373 3711 1582 3761 ἐκεῖνον
1661 3708 1774 3777 γὰρ

183 3808 453 3875 ἀναφέρω
509 3807 598 3858 καὶ
657 3804 724 3856 τὰ
767 3804 886 3871 μετ’
935 3803 1139 3853 ἐκεῖνον
1168 3816 1182 3831 ⁸
1217 3802 1426 3861 ἐκεῖνος
1479 3800 1590 3869 γὰρ
1620 3801 1772 3867 ἀφω-

186 3902 386 3969 ρίσατο
402 3897 470 3946 τὰ
489 3894 596 3948 ἀπὸ
620 3894 720 3961 γῆς
740 3891 1114 3957 καὶ-Θαλάττης
1139 3889 1309 3957 αὐτῆς
1333 3889 1607 3956 προνοίαςο
1629 3889 1774 3940 ἐκεῖ-

187 4010 280 4053 νος
309 3990 364 4042 δὲ
381 3989 481 4055 τὴν
512 3985 744 4055 δυνατὴν
771 3983 1050 4054 ῥᾳστώνην
1077 3983 1258 4043 αὐτοῖς
1283 3982 1678 4047 περιποιήσατο
1705 3979 1768 4030 ³⁵.

189 4079 548 4150 ιιροκὰθηται
570 4077 678 4145 γὰρ
697 4076 836 4143 ἁνήρ
853 4091 935 4135 τις
953 4072 1060 4124 τῶν
1074 4071 1428 4135 ἐνδοξοτάτων
1451 4069 1774 4139 φροντιστὴς

183 4178 294 4242 ti};
352 4172 687 4242 μυριάνδρου
723 4169 957 4235 ταυτησὶ
999 4167 1233 4228 πόλεως.
1272 4165 1768 4235 Ὀρφανοτροφείον

181 4271 243 4320 δε
265 4266 442 4335 ταύτῃ
467 4262 729 4330 τοῦνομα.
764 4260 1258 4328 Ὄρφανοτροφεῖον
1278 4255 1388 4324 (85)
1414 4255 1470 4307 δὲ
1500 4269 1773 4323 προσαγοο

189 4359 442 4429 gadet-1t,
470 4357 551 4408 ὅτι
581 4357 613 4423 ἠ
646 4353 785 4421 πρὸς
819 4352 941 4411 τοὺς
971 4349 1247 4418 ὀρφανοὺς
1275 4349 1369 4400 καὶ
1395 4343 1772 4414 ἀποστρατεύ-

183 4465 322 4510 sou;
372 4442 756 4514 φιλανθρωπία
789 4440 886 4492 τοῦ
919 4441 1347 4509 αὐτοκράτορος,
1378 4437 1502 4488 ὅθεν
1531 4437 1627 4487 καὶ
1658 4433 1776 4487 τοῦ-

182 4557 338 4607 νομα
369 4537 718 4600 ἐπεκράτησε
747 4532 846 4599 τῆς
887 4530 995 4581 ἀπὸ
1017 4529 1124 4580 τῶν
1140 4526 1390 4596 ὀρφανῶν
1421 4525 1773 4602 προμηθείειςο

186 4630 432 4698 σέκρετα
472 4623 582 4690 (86)
627 4623 733 4691 γὰρ
782 4619 874 4670 ἐπὶ
914 4618 1122 4676 τούτοις
1177 4615 1309 4665 πᾶσι
1353 4617 1446 4665 καὶ
1489 4615 1764 4683 λογοπρι-

183 4720 317 4788 via:
345 4715 454 4768 τῶν
489 4713 877 4784 προνουμένων
912 4709 957 4739 ³⁸
997 4711 1091 4759 καὶ
1124 4705 1191 4758 τὰ
1227 4705 1336 4758 τῶν
1361 4705 1611 4776 πενήτων
1641 4707 1776 4776 κτή-

186 4830 348 4884 ματα.
386 4810 478 4861 καὶ
505 4791 894 4876 χροσὸὁουλ).οι
946 4799 1095 4866 λόγοι
1151 4794 1606 4862 ὲττιὸραϐεύοντες
1663 4797 1776 4856 τοῖς

1876 3613 2119 3683 quotidie
2146 3629 2241 3665 ora
2279 3626 2656 3678 pascerentur,
2679 3623 2938 3680 quantum
2972 3611 3023 3663 itt
3049 3612 3100 3665 id
3130 3623 3449 3680 sumptuum

1877 3707 2280 3775 proﬂigarelttr,
2307 3719 2466 3772 quam
2502 3703 2741 3756 beneﬁca
2774 3715 3046 3769 quamque
3097 3703 3281 3756 sedula
3334 3706 3453 3759 sin-

1877 3797 2035 3865 gulus
2082 3797 2156 3850 ibi
2211 3796 2444 3863 quisque
2499 3792 2839 3862 providentia
2878 3803 3188 3855 curaretur,
3245 3805 3449 3861 quanta

1878 3890 2144 3953 hodieque
2176 3887 2428 3953 largitate
2457 3885 2654 3949 cuique
2683 3885 2861 3937 victus
2893 3891 2947 3935 et
2974 3892 3166 3936 cretera
3205 3899 3453 3936 necessa-

1880 3981 1954 4032 ria
1986 3978 2350 4045 praebeantur.
2383 3975 2510 4026 Nam
2552 3982 2604 4025 et
2638 3988 2700 4025 ea
2751 3973 2862 4039 ipsa
2913 3987 3035 4038 qua:
3075 3983 3193 4038 post
3243 3983 3450 4040 patrem

1886 4085 2084 4133 meum,
2112 4068 2179 4120 ab
2209 4067 2327 4134 ipso
2357 4067 2625 4129 instituta,
2661 4065 2880 4126 durant,
2919 4063 2990 4115 illi
3033 4079 3152 4115 meo
3177 4064 3299 4132 jure
3333 4067 3453 4118 vin-

1881 4162 2026 4222 dico,
2065 4170 2124 4213 ut
2165 4159 2231 4212 ad
2264 4158 2480 4211 laudent
2537 4158 2708 4224 ipsius
2757 4156 2952 4207 merito
3001 4153 3305 4208 referenda.
3362 4154 3454 4208 ll'e

1877 4252 2022 4304 enim
2057 4248 2364 4302 maritimos
2401 4246 2520 4298 illos
2552 4255 2973 4310 terrestresque,
3013 4243 3152 4292 unde
3200 4243 3298 4293 ista
3352 4245 3454 4294 du-

1878 4350 2024 4406 rant,
2060 4339 2268 4394 reditus
2322 4337 2604 4398 attribuit;
2659 4334 2746 4386 ille
2795 4333 2877 4385 vel
2933 4333 3124 4385 donius
3174 4330 3455 4398 inquilinis

1878 4431 2059 4492 istius,
2092 4428 2174 4482 vel
2211 4428 2360 4481 urbis
2409 4425 2645 4483 civibus,
2691 4422 2804 4475 haec
2835 4421 2966 4483 otia,
3001 4420 3138 4471 hanc
3180 4420 3453 4482 copiosam

1882 4522 2124 4588 requiem
2157 4528 2209 4572 et
2246 4518 2410 4570 vitam
2445 4529 2724 4575 securam,
2748 4511 3154 4566 liberalissimis
3179 4510 3293 4564 suis
3333 4508 3456 4562 fun-

1879 4615 2072 4666 dorum
2096 4609 2422 4679 optimorum
2453 4616 2505 4659 et
2534 4615 2866 4659 aitet-norum
2905 4616 3167 4655 ccnsuum
3205 4601 3456 4670 assigna-

1882 4702 2124 4758 tionibus
2188 4713 2350 4768 quam
2412 4696 2524 4751 ﬁeri
2594 4695 2771 4764 potuit
2826 4692 3151 4746 ﬁnitissimis
3205 4692 3455 4746 coofecit.

1887 4794 2147 4849 Praesitlet
2183 4792 2273 4846 isti
2309 4791 2405 4844 toti
2438 4791 2626 4842 decem
2665 4784 2777 4839 fere
2807 4785 3006 4838 civium
3056 4782 3221 4835 millia
3275 4799 3453 4834 nuntu-

182 4872 556 4974 ξρεφομένοις
586 4900 645 4947 τ),
673 4893 1060 4961 ἀναφαίρετον.
1101 4888 1189 4956 Τῷ
1217 4889 1273 4939 δὲ
1306 4887 1418 4957 ναῷ
1455 4887 1548 4940 τοῦ
1605 4902 1773 4956 μεγα·

1890 4887 2028 4940 rauti
2053 4885 2260 4939 civitati
2295 4883 2379 4936 vir
2404 4897 2468 4936 ex
2497 4878 2882 4933 illustrissimis
2913 4875 3132 4940 quidam
3154 4889 3273 4925 cum
3295 4874 3454 4941 plena

183 4998 507 5064 λοκήρνκος
564 4989 793 5051 Παύλου¹
848 4983 1046 5051 κλῆρος
1101 4982 1273 5050 μέγας
1323 4980 1638 5032 κατείλεκτο
1685 4980 1780 5031 καὶ

187 5090 390 5150 πολὺς,
443 5087 534 5138 καὶ
595 5081 788 5150 φώτων
846 5075 1135 5144 δαψίλεια,
1195 5073 1289 5126 καὶ
1349 5072 1794 5142 παραγενόμενος

1897 4977 2212 5032 moderandi
2247 4985 2442 5028 cuncta
2498 4967 2958 5039 dispensandique
3008 4973 3299 5030 potestate.
3354 4966 3454 5017 0r-

1904 5066 2357 5136 pbanotrophium
2381 5074 2670 5118 commune
2692 5071 2887 5110 nomen
2909 5063 2990 5108 est
3015 5055 3280 5108 universa:
3303 5054 3454 5110 istius

1236 5165 1438 5225 Varite
1471 5164 1780 5224 lectiones
1812 5178 1888 5221 ex
1923 5162 2065 5222 cod.
2105 5158 2376 5219 Coislin.

268 5286 316 5317 ⁸⁵
342 5279 794 5354 περιεποιήσατο,
867 5274 912 5305 ³⁸
950 5269 1386 5341 προνοουμένων.

1275 5379 1416 5442 Car.
1456 5372 1778 5436 Dufresnii
1807 5374 1910 5438 Du
1938 5370 2162 5450 Cangii
2199 5378 2384 5433 notae.

266 5501 384 5571 (85)
457 5491 1019 5571 ’φρερανοτροφεῖοπ
1088 5479 1775 5571 Deﬁnitut;“prpbaqo‘tro:

187 5547 383 5639 ,ιιιῖἆὶὶί
421 5586 450 5623 a
478 5547 706 5639 ﬁliani)
738 5547 1107 5639 antecessore,
1156 5552 1450 5639 (ξοιιξιιίιιιιΓ
1536 5567 1570 5639 :u

183 5624 534 5701 {oneratum
565 5636 620 5686 in
648 5647 748 5695 quo
780 5630 1079 5701 parentibus
1119 5624 1317 5701 orbati__
1346 5624 1496 5689 pueri
1541 5632 1770 5685 pascua-

181 5692 476 5767 ὶιξὲίῗίσιθ
515 5692 619 5768 leg.
649 5692 717 5754 52
750 5692 869 5751 cod.
901 5700 967 5751 de
993 5699 1156 5764 episc.
1177 5704 1233 5768 et
1263 5692 1404 5768 (ller.

742 5754 1145 5823 Sccreautn'hnc
1175 5766 1292 5815 loco
1327 5763 1651 5825 interpretor
1689 5754 1769 5806 fo-

1885 5495 2001 5533 rum
2032 5475 2311 5546 iudiciale,
2349 5476 2403 5529 in
2439 5488 2546 5542 quo
2572 5474 2647 5546 de
2674 5473 2836 5546 rebus
2869 5481 2922 5527 et
2971 5471 3184 5546 prtediis
3232 5469 3298 5524 ad
3341 5467 3445 5546 Org

1881 5541 2337 5618 phanotropbiutn
2362 5541 2736 5618 spectantibus
2761 5542 2901 5618 lites
2918 5542 3284 5610 agitabantur,
3314 5541 3455 5618 quod

1885 5611 2099 5670 videtur
2143 5611 2524 5667 intlicare'vnx
2591 5611 2993 5680 λογοπραγίας,
3052 5626 3171 5679 qua:
3217 5611 3456 5676 proxime

1881 5691 2148 5755 St'qltilttl'.
2189 5682 2318 5735 Vt‘it‘
2360 5696 2540 5734 uolatu
2574 5685 2636 5733 ad
2686 5699 2801 5749 pug.
2836 5680 2921 5732 τυ.
