4022 6282
327 372 466 436 ιῖ65

1523 368 1942 428 ALEXIADIS
1974 369 2120 431 LIB.
2195 371 2318 433 XV.

3431 375 3573 435 1266'

315 486 565 549 ἑστᾶσιν,
613 483 664 536 οἱ
707 484 808 553 μὲν
861 484 989 552 περὶ
1021 484 1322 554 ἐρωτήσεις
1360 482 1688 551 ἐπτοημένοι
1718 498 1899 554 γραμ·

2009 485 2549 554 merosiss-imumque
2579 485 2867 556 insignium
2895 487 3139 542 virorum
3173 487 3277 541 ritu
3324 485 3567 556 legitimo

317 577 583 648 ματικὰς,
637 579 686 629 oi
739 577 796 628 δὲ
851 575 1188 646 ξυγγραφεῖς
1237 575 1346 627 τῶν
1392 575 1706 644 λεγομένων
1773 589 1896 643 σχεο

314 672 423 726 δῶν
485 672 622 744 (9i).
684 675 794 728 Καὶ
832 673 982 726 ἔστιν
1044 674 1172 727 ἰδεῖν
1230 672 1324 726 καὶ
1379 672 1608 726 Λατῖνον
1661 668 1894 724 ἐνταῦθα

319 764 872 836 παιδοτριϐούμενον,
920 767 1018 820 καὶ
1070 765 1290 837 Σκύθην
1336 763 1736 836 Ἐλληνιζοντα,
1797 764 1892 816 καὶ

326 855 600 927 Ῥωμαῖον
649 858 717 912 τὰ
762 857 872 910 τῶν
923 857 1198 928 Ἑλλήνων
1253 855 1670 926 συγγράμματα
1723 871 1892 924 μετα-

313 946 720 1018 χειριζόμενον,
767 947 866 1002 καὶ
908 947 1000 1003 τὸν
1041 947 1408 1018 ἀγράμματον
1445 946 1687 1016 Ἕλληνα
1717 942 1891 1016 ὀρθῶς

2007 574 2114 628 Dco
2143 575 2566 628 ministrantium
2593 574 2913 646 collegium:
2952 576 3130 629 addita
3164 578 3388 647 insuper
3423 579 3569 645 larga

2000 664 2158 734 cepia
2223 666 2486 721 funalium
2535 667 2952 737 lampadttmque
3008 668 3075 722 ad
3129 683 3284 724 saera
3340 669 3566 723 lumina.

2000 758 2189 827 itaque
2230 758 2543 828 ingrediens
2581 756 2723 812 forte
2753 759 2855 814 hoc
2908 760 3165 829 templum
3200 761 3411 815 videres
3443 775 3566 815 cum

1999 851 2248 920 religiosa
2297 850 2575 921 voluptate
2633 859 2980 920 comparatos
3030 851 3160 905 hinc
3213 860 3379 920 atque
3438 851 3568 906 inde

1998 945 2431 1012 connnissosque
2463 944 2659 998 choros
2693 943 2917 998 alternis
2979 944 3315 998 cantantium
3365 958 3429 998 ac
3475 960 3568 997 re-

323 1039 515 1111 Ἕλλην
523 1038 726 1104 ίζοντα.

2005 1034 2402 1104 spondentium.
2438 1032 2568 1089 Nam
2599 1034 2722 1089 huic
2751 1050 2991 1105 quoque,
3010 1037 3086 1089 uti
3114 1045 3166 1089 et
3190 1035 3566 1104 Apostolorum

315 1147 485 1192 sacra:
523 1134 624 1188 aedi
674 1143 958 1190 cantorum
1021 1143 1078 1191 et
1132 1133 1492 1189 cantatricunt
1543 1128 2022 1202 (quemadmodum
2083 1128 2208 1182 olim
2268 1127 2757 1199 Hierosolymitano
2807 1130 3005 1197 templo
3055 1128 3335 1196 Salomon)
3392 1136 3566 1182 coctus

316 1233 620 1296 perpetuos
658 1226 968 1291 addixerat,
1001 1242 1193 1296 magna
1252 1226 1494 1280 adhibita
1542 1220 1883 1294 providentia
1923 1233 1989 1274 ne
2022 1219 2341 1274 diaconissis
2389 1220 2454 1273 ad
2505 1234 2662 1274 suum
2715 1219 2789 1274 ibi
2841 1219 3201 1274 ministerium
3235 1220 3566 1289 fungendum

317 1323 530 1375 deesset
565 1335 802 1391 unquam
855 1321 1105 1390 aliquid:
1140 1337 1275 1377 neve
1336 1321 1480 1375 istuc
1512 1318 1736 1373 admissi
1782 1332 1846 1371 ex
1891 1314 2062 1370 Iberia
2099 1315 2348 1369 monachi
2396 1316 2486 1384 qui
2541 1330 2764 1386 peregre
2819 1325 2975 1370 antea
3031 1316 3570 1386 Constantinopolim

316 1414 547 1484 ingressi
581 1417 882 1484 precariam
915 1415 1155 1470 ostiatim
1211 1414 1621 1468 emendicantes
1651 1421 1707 1466 et
1741 1409 2048 1464 instabilem
2124 1410 2396 1464 ducebant
2426 1411 2613 1474 vitam,
2649 1410 2792 1463 nulla
2828 1421 2984 1480 parte
3036 1414 3357 1467 necessaria:
3403 1413 3574 1482 copim

311 1505 706 1560 deficerentur.
744 1505 838 1561 llis
867 1507 1013 1561 enim
1037 1521 1254 1577 quoque
1285 1507 1335 1560 in
1378 1507 1480 1559 hac
1509 1504 1655 1558 velut
1683 1517 1819 1557 nova
1871 1501 2005 1556 urbe
2039 1502 2211 1571 patris
2241 1502 2344 1555 mei
2378 1503 2688 1573 peramplas
2722 1503 3024 1572 magnificis
3066 1507 3373 1575 sumptibus
3425 1510 3570 1563 mdes

315 1602 607 1664 exstruxit,
640 1601 692 1653 in
740 1601 941 1671 quibus
971 1613 1262 1658 consuetas
1294 1602 1424 1672 ipsis
1457 1615 1628 1656 sacra:
1673 1598 1934 1653 doctrinae
1969 1598 2462 1652 commentationes
2505 1609 2559 1654 et
2616 1601 2892 1671 religionis
2940 1600 3112 1656 oﬂicia
3164 1604 3265 1657 tite
3308 1606 3459 1659 obire
3507 1621 3569 1658 ac

319 1692 569 1745 meditari
603 1695 778 1747 otiose
801 1703 1024 1764 possent
1051 1713 1065 1748 :
1098 1695 1248 1763 large
1275 1695 1513 1765 praebitis
1542 1710 1608 1748 ex
1639 1693 1832 1748 aerario
1861 1691 2078 1760 publico
2109 1707 2228 1760 qua:
2261 1693 2325 1747 ad
2357 1692 2556 1746 victum
2593 1693 2724 1763 ipsis
2756 1695 3120 1764 vestitumque
3152 1700 3568 1752 convenientem

313 1796 452 1849 opus
503 1794 680 1836 erant.
720 1783 895 1839 Jactet
925 1801 985 1840 se
1013 1794 1274 1856 quantum
1309 1786 1529 1840 libuerit
1556 1783 1865 1839 Alexander
1902 1781 1990 1836 ille
2040 1798 2264 1852 magnus
2293 1786 2361 1837 ob
2391 1784 2774 1838 Alexandriam
2814 1785 2867 1838 in
2909 1784 3166 1856 Egypto,
3204 1787 3568 1856 llucepltalum

316 1879 368 1931 in
402 1877 598 1940 Media,
637 1876 1036 1950 Lysimachiam
1070 1881 1122 1934 in
1152 1879 1431 1949 Etltiopia
1473 1879 1726 1935 conditas
1773 1893 1802 1931 a
1853 1891 1911 1931 se
1965 1877 2166 1943 utbcs;
2205 1877 2503 1948 imperator
2551 1879 2768 1948 quidem
2819 1880 3044 1934 Alexitts
3106 1898 3384 1951 nunquam
3436 1885 3572 1938 adeo

317 1971 418 2025 sibi
455 1969 692 2040 placebit
735 1970 792 2024 in
848 1979 927 2026 tot
963 1971 1092 2030 illis.
1147 1987 1285 2041 quas
1335 1971 1450 2026 fere
1497 1971 1699 2040 ubique
1729 1961 1998 2023 terrarum
2049 1971 2117 2025 ab
2164 1986 2227 2025 eo
2285 1977 2524 2024 structas
2556 1971 2782 2034 scimus,
2831 1971 3180 2040 civitatibus;
3238 1985 3293 2028 ut
3343 1992 3447 2029 non
3507 1979 3573 2030 de

317 2068 419 2122 bac
462 2064 808 2137 potissimum
850 2082 878 2120 a
927 2082 986 2122 se
1039 2068 1302 2132 fundata,
1339 2065 1603 2122 instructa
1663 2073 1967 2134 ornataque
2014 2065 2300 2135 glorietur.
2362 2063 2534 2119 Porro
2589 2066 2844 2134 templum
2902 2065 3003 2120 hoc
3072 2075 3126 2120 et
3179 2069 3571 2123 monasterium

317 2163 641 2230 ingredienti
685 2161 780 2215 tibi
830 2162 895 2216 ad
937 2161 1126 2214 lzevam
1161 2169 1485 2224 occurrent;
1533 2159 1600 2214 ad
1660 2158 1944 2213 dexteram
2012 2159 2190 2229 magni
2249 2159 2434 2228 templi
2489 2159 2682 2212 domus
2751 2157 2947 2213 visitur
3005 2159 3334 2215 inStitutioni
3393 2164 3570 2217 dicata

313 2269 635 2327 puerorum,
661 2255 934 2324 ludusque
965 2252 1270 2308 litterarius
1303 2251 1565 2322 orphanis
1599 2267 1663 2305 ex
1697 2253 1844 2305 omni
1887 2265 2085 2321 genere
2125 2251 2362 2305 maximo
2409 2265 2638 2304 numero
2664 2249 2905 2304 collectis
2963 2250 3242 2322 frequens,
3301 2255 3571 2324 impositis

317 2348 691 2416 grammaticis
760 2344 1128 2416 praefecwque
1180 2345 1451 2400 classibus
1501 2360 1601 2398 suo
1655 2343 1886 2412 singulis
1948 2344 2255 2413 magistro,
2309 2346 2411 2400 sub
2466 2343 2630 2398 unius
2695 2350 2968 2400 communi
3028 2362 3159 2400 cura
3209 2350 3570 2410 moderatoris

313 2439 512 2492 summi
565 2438 654 2508 qui
711 2437 926 2493 cunctis
972 2446 1125 2491 stans
1173 2437 1383 2490 medius
1446 2435 1712 2508 invigilat.
1767 2433 1998 2488 Ordines
2047 2435 2255 2489 circum
2312 2433 2571 2503 descripti
2630 2435 2952 2489 discentium
3009 2445 3162 2491 sunt.
3223 2435 3289 2491 Hi
3350 2438 3567 2508 quidem

312 2534 744 2589 elementaribus
792 2532 902 2588 illis
955 2534 1148 2604 primis
1185 2531 1727 2600 interrogatiunculis
1782 2541 2020 2588 mentem
2073 2547 2136 2586 ac
2171 2533 2489 2586 memoriam
2529 2530 2692 2586 rudes
2725 2540 2948 2588 acuunt.
3004 2533 3111 2588 Alii
3171 2535 3430 2590 nonnullo
3453 2536 3565 2606 jam

313 2626 566 2680 videlicet
614 2640 716 2679 usu
771 2625 884 2679 nisi
926 2626 1311 2694 scriptitandis
1363 2634 1697 2679 exercentur
1745 2625 1966 2682 schedis
2018 2626 2119 2694 (sic
2153 2623 2297 2679 enim
2355 2622 2702 2694 appellant):
2739 2623 2924 2680 videre
2987 2624 3078 2680 hic
3111 2635 3194 2681 est
3258 2625 3432 2683 Latini
3481 2645 3574 2698 ge-

312 2716 462 2771 neris
496 2733 726 2786 puerum
788 2732 895 2769 non
953 2715 1137 2769 minus
1179 2723 1331 2768 recte
1392 2729 1554 2783 quam
1605 2714 1747 2784 apud
1799 2731 1931 2771 suos
1985 2716 2182 2786 linguae
2232 2714 2462 2782 propria:
2514 2713 2798 2784 prazceptis
2850 2714 3001 2783 fingi,
3043 2727 3098 2770 et
3148 2718 3400 2787 Scytham
3463 2737 3569 2777 non

313 2806 603 2862 infeliciter
649 2807 919 2876 loquendo
970 2807 1368 2875 scribendoque
1419 2804 1606 2861 Graeca
1664 2808 1898 2876 conatiJ
1923 2819 1977 2860 et
2029 2807 2332 2860 Romanum
2401 2806 2467 2859 ad
2499 2804 2818 2860 Graecorum
2862 2805 3101 2877 linguam
3155 2812 3574 2888 disciplinasque

316 2900 563 2966 institui;
604 2909 810 2954 etcum
867 2900 958 2968 qui
994 2907 1122 2954 ortu
1169 2901 1434 2952 duntaxat
1464 2914 1527 2953 ac
1559 2908 1708 2954 sor—te
1741 2900 2002 2955 nascendi
2048 2899 2297 2962 Graecus,
2350 2897 2627 2968 acquisito
2681 2913 2784 2952 usu
2833 2897 3135 2956 litterarum
3190 2910 3569 2982 perceptisque

314 2989 600 3053 doctrinis,
629 2991 788 3043 istius
816 2989 1051 3044 nominis
1087 2989 1256 3044 decus
1292 2990 1450 3043 tueri.

391 3086 632 3138 Τοιαῦτα
684 3083 739 3137 δὲ
805 3085 933 3154 περὶ
963 3083 1063 3155 τὴν
1093 3085 1317 3156 λογικὴν
1351 3085 1636 3139 παίδευσιν
1681 3083 1749 3138 τὰ
1798 3083 1892 3137 τοῦ
1929 3094 1968 3147 Β

328 3177 568 3241 Ἀλεξίου
623 3177 1041 3245 σπουδάσματα.
1099 3175 1207 3229 Τοῦ
1265 3177 1322 3229 δὲ
1364 3177 1584 3246 σχέδους
1619 3177 1652 3244 ἡ
1702 3176 1888 3245 τέχνη,

314 3266 537 3336 εὕρημα
587 3264 696 3316 τῶν
747 3266 1031 3335 νεωτέρων
1063 3264 1180 3316 ἐστὶ
1231 3267 1324 3318 καὶ
1358 3265 1454 3333 τῆς
1491 3264 1575 3333 ἐφ’
1607 3263 1763 3332 ἡμῶν
1795 3280 1889 3330 γε·

315 3357 466 3418 ν’ἆς.
500 3353 750 3424 Παρὶημι
779 3354 836 3409 δὲ
878 3353 1197 3418 στυλιανούς
1232 3373 1387 3418 τινας
1432 3357 1527 3407 καὶ
1558 3357 1688 3419 τοὺς
1733 3355 1890 3425 λεγο-

2070 3082 2134 3136 ili
2167 3083 2524 3146 fructus,ba:c
2570 3086 2865 3152 specimina
2892 3098 3113 3142 exstant
3144 3093 3308 3145 studii
3339 3095 3569 3165 ingentis

1998 3189 2107 3242 quo
2140 3174 2364 3227 Alexius
2403 3175 2469 3226 ad
2501 3190 2852 3243 progressum
2897 3178 2973 3231 rei
3006 3178 3302 3247 litterariae,
3337 3196 3572 3242 rectam-

2000 3285 2106 3338 que
2162 3271 2214 3324 in
2273 3269 2574 3338 disciplinis
2609 3270 2927 3326 liberalibus
2981 3281 3033 3326 et
3078 3275 3379 3332 disserendi
3430 3295 3568 3346 arte,

1996 3360 2390 3416 institutionem
2417 3360 2724 3428 juventutis
2757 3359 3051 3416 ferebatur.
3075 3362 3192 3418 Jam
3219 3368 3361 3435 quod
3403 3369 3570 3426 Sche-

321 3447 520 3518 μένους
582 3445 990 3515 Λογγιϐἁρδους
1054 3445 1150 3498 καὶ
1207 3446 1360 3507 ὅσους
1420 3446 1512 3498 ἐπὶ
1568 3447 1892 3517 συναγωγὴν

316 3541 679 3609 ὲτεχνάσαντο
709 3537 1073 3592 παντοδαπῶν
1101 3538 1408 3606 ὀνομάτων,
1448 3539 1541 3591 καὶ
1593 3539 1718 3602 τοὺς
1763 3538 1890 3591 Ἀτ-

316 3633 506 3693 τικοὺς
563 3631 658 3683 καὶ
715 3629 1014 3698 γεγονότας
1071 3628 1165 3682 τοῦ
1223 3629 1374 3701 ἱεροῦ
1432 3630 1738 3698 καταλόγου
1794 3630 1896 3700 τῆς

320 3725 581 3792 Μεγάλης
675 3722 806 3794 παρ’
847 3725 979 3793 ἡμῖν
1041 3722 1364 3791 ἐκκλησίας,
1424 3715 1499 3776 ὧν
1533 3721 1774 3794 παρίημι
1829 3722 1897 3777 τὰ

318 3817 584 3884 ὀνόματα,
619 3814 758 3867 ἀλλὰ
788 3815 883 3867 νῦν
920 3815 1072 3868 οὐδὲν
1103 3817 1159 3866 ὲν
1194 3815 1433 3885 δευτέρῳ
1469 3815 1616 3884 λόγῳ
1666 3815 1734 3866 τὰ
1767 3815 1897 3886 ’περὶΙ

321 3908 530 3958 τούτων
587 3904 698 3958 τῶν
756 3904 1052 3976 μετεώρων
1111 3907 1204 3958 καὶ
1262 3905 1506 3974 ποιητῶν
1567 3906 1662 3958 καὶ
1716 3906 1897 3958 αὐτῶν

330 3997 724 4064 συγγραφέων,
761 3995 856 4048 καὶ
895 3996 994 4064 τῆς
1046 3997 1153 4048 ἀπὸ
1185 3996 1390 4048 τούτων
1423 3998 1737 4066 ἐμπειρίας·
1769 4013 1901 4048 πετ-

331 4089 454 4141 τεία
485 4088 542 4140 δὲ
579 4088 644 4140 τὸ
681 4087 1030 4156 σπούδασμα,
1066 4087 1165 4141 καὶ
1192 4088 1330 4142 ἄλλα
1361 4088 1427 4140 τὰ
1476 4090 1613 4159 ἔργα
1644 4089 1901 4158 ἀθέμιτα.

333 4181 523 4234 Ταῦτα
575 4180 633 4233 δὲ
685 4180 850 4247 λέγω,
901 4180 1180 4251 ἀχθομένη
1229 4180 1318 4233 διὰ
1362 4186 1463 4250 τὴν
1513 4180 1754 4250 παντελῆ
1805 4181 1904 4251 τῆς

328 4273 624 4338 ἐγκυκλίου
689 4272 1027 4334 παιδεύσεως
1083 4272 1382 4342 ἀμέλειαν·
1436 4272 1592 4326 τοῦτο
1637 4275 1744 4343 γάρ
1799 4290 1902 4343 μου

330 4367 432 4433 τὴν
466 4364 652 4434 ψυχὴν
679 4365 1001 4433 ἀναφλέγει,
1031 4365 1115 4418 ὅτι
1158 4366 1294 4418 πολὺ
1330 4367 1461 4436 περὶ
1506 4366 1683 4418 ταῦτα
1733 4367 1910 4420 ἐνδια-

330 4457 563 4525 τὲτριφα
591 4469 604 4485 ·
655 4453 758 4508 κᾶν
799 4455 1024 4508 ἐπειδὰν
1057 4455 1421 4526 ἀπήλλαγμαι
1473 4455 1570 4526 τῆς
1606 4455 1907 4528 παιδαριώ-

1998 3453 2191 3508 darum
2227 3453 2388 3521 paulo
2427 3459 2556 3522 ante
2595 3452 2925 3510 mentionem
2979 3453 3104 3521 feci,
3153 3471 3242 3513 ars
3292 3475 3356 3516 ea
3408 3473 3492 3516 est
3537 3479 3568 3517 a

2001 3543 2396 3599 recentioribus
2431 3554 2594 3613 atque
2635 3550 2768 3600 adeo
2797 3546 2971 3600 atatis
3002 3547 3162 3618 hujus
3218 3563 3418 3607 nostrae
3454 3570 3569 3610 ma-

1997 3635 2181 3706 gistris
2212 3637 2449 3689 inventa.
2480 3634 2752 3690 Praetereo
2802 3653 2928 3692 vero
2977 3641 3236 3710 stylianos
3282 3648 3565 3714 quosdam,

2000 3737 2054 3780 et
2095 3729 2187 3796 qui
2249 3727 2578 3798 Longibardi
2631 3740 2920 3796 vocantur,
2966 3747 3029 3785 ac
3067 3733 3204 3789 alios
3256 3738 3570 3808 quicunque

2000 3828 2117 3871 arte
2168 3833 2233 3872 ac
2285 3819 2540 3873 methodo
2600 3821 2941 3875 \‘ocabularia
3008 3827 3228 3880 collecta
3297 3834 3572 3898 digessere

2001 3909 2181 3962 omnis
2213 3911 2429 3978 generis
2458 3910 2763 3975 nominum,
2794 3923 2849 3965 ct
2873 3914 3104 3981 Atticos,
3139 3927 3193 3970 et
3242 3932 3337 3972 eos
3364 3921 3454 3986 qui
3505 3938 3571 3976 ex

2003 4017 2160 4057 sacro
2192 4004 2441 4073 eatalego
2501 4003 2709 4073 Magna:
2758 4007 2899 4072 apud
2951 4022 3050 4060 nos
3097 4008 3353 4064 Ecclesia;
3406 4010 3575 4084 486

2001 4093 2243 4156 fuerunt,
2304 4109 2534 4162 quorum
2601 4096 2762 4150 edere
2809 4097 2898 4150 hic
2950 4099 3166 4153 nomina
3242 4117 3351 4156 non
3413 4107 3572 4169 tanti,

2007 4199 2148 4238 nunc
2179 4185 2416 4252 quidem,
2455 4185 2713 4240 arbitror.
2746 4186 3014 4242 Cteierum
3047 4189 3313 4257 ejusmodi
3356 4195 3573 4247 novitiis

2007 4277 2245 4331 inventis
2279 4277 2485 4331 factum
2519 4280 2672 4332 video
2703 4288 2759 4332 ut
2803 4280 3120 4336 sublimium
3171 4285 3387 4340 illorum
3430 4300 3576 4343 vete-

2011 4383 2134 4422 rum
2187 4369 2535 4436 scriptorum,
2587 4380 2891 4439 poetarum,
2946 4375 3291 4446 ipsorumque
3349 4381 3576 4434 histori-

2009 4475 2200 4516 corum
2228 4476 2412 4532 opera,
2447 4476 2513 4516 ne
2542 4463 2792 4519 secumlis
2823 4466 3040 4533 quidem
3074 4469 3348 4525 hodierna:
3374 4473 3572 4543 juven-

1363 4571 1508 4630 Car.
1547 4570 1874 4632 Dufresnii
1911 4575 2008 4635 Du
2041 4575 2265 4654 Cangii
2292 4583 2478 4640 notua.
3161 4629 3164 4632 μ

402 4669 516 4743 (9i)
544 4668 1332 4757 deaér.‘8chedographiam
1363 4672 1630 4757 intelligit,
1661 4688 1752 4728 seu
1786 4690 1899 4757 eam

2009 4677 2210 4757 λέγειν.
2270 4682 2644 4757 ριιοιιᾼβοιτο
2693 4683 2881 4757 _Gr:e_ei
2931 4687 3356 4757 σχεδογραφεῐν,
3409 4688 3576 4742 Latini

325 4746 696 4814 grammatica:
717 4750 924 4808 partem
982 4757 1083 4808 qua
1111 4746 1362 4793 darentur
1388 4745 1740 4798 adolescentes
1764 4747 1890 4798 scri-

325 4824 417 4880 pta
444 4814 754 4879 intelligere,
789 4821 881 4863 aut
917 4817 1158 4877 probare,
1201 4823 1254 4863 ιιι
1287 4825 1366 4864 est
1400 4817 1539 4881 apud
1572 4815 1888 4869 Martialium

326 4881 647 4954 Capellaan
675 4882 898 4954 libat".
956 4883 1027 4933 lia
1071 4885 1210 4954 enim
1249 4883 1324 4934 vis
1369 4895 1453 4954 est
1506 4886 1649 4939 vocis
1710 4886 1894 4954 σχέδος

329 4950 468 5022 apud
487 4951 768 5015 Basilium,
789 4951 926 5003 libro
953 4950 1089 5018 Περὶ
1118 4953 1454 5020 γυμνασίας
1469 4950 1894 5023 γραμματὶκῆς,

329 5027 416 5075 ubi
451 5026 515 5078 tle
548 5024 805 5075 vocabulo
858 5023 1266 5090 σχεόογραφεῐν.
1337 5024 1506 5076 [Ιόυεν
1546 5027 1794 5090 γίνεται;
1835 5029 1900 5078 ὲκ

326 5092 420 5145 τοῦ
451 5092 840 5164 σχέδους,“κσ“ι
897 5091 989 5164 τοῦ
1040 5095 1254 5162 γράφω.
1297 5093 1379 5164 ,Ἰζὸ
1434 5093 1489 5164 δὲ
1519 5094 1725 5164 σχέδος,
1759 5096 1906 5164 παρά

330 5165 390 5215 τὸ
420 5161 550 5231 χέω,
576 5171 639 5232 (ξι.Δ
665 5161 817 5228 χέδος
844 5161 1051 5230 σχέδος,
1071 5161 1229 5214 οἱονεὶ
1260 5162 1321 5213 τὸ
1339 5161 1583 5232 διαχέων
1600 5165 1691 5216 καὶ
1717 5161 1904 5232 διαχο-

334 5229 488 5304 ρὶζον
509 5235 606 5294 τὰς
627 5229 800 5304 λέξεις
957 5233 1224 5301 ἀλλήλων.
1255 5232 1323 5304 Ἦ
1540 5234 1600 5285 τὸ
1636 5229 1902 5297 σκεδὰξω,

333 5300 601 5353 σκεδᾶσω.
645 5300 1048 5370 Σκεδαζόμεναι
1082 5300 1200 5371 γὰρ
1233 5303 1290 5355 αἱ
1341 5300 1534 5367 λέξεις,
1593 5307 1688 5354 καὶ
1740 5306 1904 5354 οἱονεὶ

333 5373 726 5440 μεριζόμεναι,
796 5375 877 5434 είς
942 5371 1144 5438 γνῶσιν
1213 5373 1754 5440 παραλαμόάνονται.
1830 5373 1902 5424 ’Ἡ

331 5447 481 5510 παρὰ
541 5443 603 5493 τὸ
663 5442 797 5510 σχῶ,
855 5441 915 5493 τὸ
944 5441 1152 5512 κρατῶ,
1188 5440 1369 5512 σχεδος
1422 5444 1483 5494 τὸ
1531 5442 1639 5512 τῶν
1688 5440 1900 5495 πολλῶν

331 5512 666 5582 συνεκτικόν.
701 5513 940 5566 Glossar.
989 5511 1082 5565 Gr.
1134 5511 1254 5566 Lat.
1300 5512 1600 5582 σχέδιάςειν
1630 5511 1898 5564 interdum

331 5581 452 5632 ἀντὶ
505 5581 600 5652 τοῦ
660 5583 998 5652 χειρονομεῖν
1055 5583 1321 5634 interdum
1356 5581 1474 5634 ίὲπὶ
1535 5582 1626 5634 τοῦ
1687 5585 1751 5633 ἐκ
1808 5582 1901 5632 τοῦ

332 5651 674 5721 παραχρῆμα
709 5652 977 5718 λέγοντος,
1010 5665 1075 5703 ex
1104 5663 1329 5718 tempore
1360 5655 1552 5717 dicere,
1579 5655 1904 5720 interpreta-

336 5728 441 5791 tur,
492 5734 550 5774 ut
595 5721 806 5791 σχέδιον
855 5734 917 5772 ea:
943 5733 1168 5785 tempore
1197 5723 1413 5773 dictum.
1443 5723 1516 5774 Ita
1552 5725 1689 5791 apud
1738 5723 1904 5790 llesy-

334 5788 538 5859 citium,
571 5788 876 5862 σχεδιάζειν
906 5801 986 5844 est
1045 5793 1108 5842 ὲκ
1156 5791 1558 5860 παρατυχόντος
1586 5788 1659 5844 ἓν
1701 5788 1899 5862 ἑτοίμῳ

2001 4751 2383 4872 facile/“ppu”
2427 4751 2631 4809 dicunt.
2681 4751 2998 4811 Goteft'idus
3033 4751 3259 4822 Vitem},
3304 4769 3445 4825 part.
3488 4776 3579 4812 ut

2051 4831 2200 4875 altth.
2233 4839 2246 4876 :

2007 4890 2160 4963 Quae
2195 4910 2396 4961 quoque
2426 4895 2785 4963 grammatij
2829 4911 3064 4947 summus
3096 4895 3331 4948 Donatus
3362 4895 3415 4947 in
3440 4909 3577 4957 arte,

2005 4957 2348 5030 Hieronymus
2372 4957 2485 5014 cum
2510 4964 2763 5029 disripulo
2789 4969 2934 5013 docet
2961 4965 3112 5016 edere
3141 4973 3336 5028 partes.

2017 5032 2512 5099 Schedograpltiam
2576 5033 2936 5084 recentiorum
3005 5034 3277 5085 inventum
3328 5048 3449 5087 csse
3503 5037 3579 5088 ait

2014 5099 2188 5164 Anna,
2220 5105 2628 5168 praecipitesque
2650 5104 2700 5151 in
2729 5115 2789 5152 ea
2815 5099 3102 5167 magistros
3126 5102 3369 5156 nominat
3395 5107 3577 5159 nescio

2014 5184 2150 5241 quos
2199 5167 2475 5241 Stylianos
2518 5167 2572 5220 et
2616 5167 3022 5241 Longobardos,
3069 5187 3162 5224 seu
3218 5169 3399 5234 italos,
3446 5190 3579 5241 quos

2010 5235 2601 5308 glaltcr-iiatlulplttts,
2663 5239 2771 5308 lib:
2814 5256 2872 5303 tt,
2931 5257 3051 5308 cap.
3111 5241 3215 5306 1'2;
3272 5253 3324 5295 et
3381 5235 3579 5297 Paulus

2014 5304 2412 5379 War-ttefridtts,
2443 5304 2569 5360 ‘lib.
2629 5323 2676 5359 γι
2743 5307 2817 5360 De
2847 5304 3299 5379 gemmeam,
3352 5326 3470 5378 cap.
3525 5314 3574 5374 7,

2009 5377 2376 5448 grannnaticm
2402 5393 2508 5448 prae
2532 5379 2741 5432 cmteris
2776 5377 3068 5446 impensius
3102 5377 3323 5448 operam
3366 5377 3578 5436 dedisse

2013 5455 2299 5518 ιυειιιιιιηιςἶ
2354 5447 2643 5518 Αάηῳῳῃι
2699 5449 3064 5518 grammatica:
3123 5447 3327 5517 partem
3392 5453 3578 5505 rel'erri

2009 5517 2206 5589 debent
2256 5515 2890 5589 ManuelishMoseitopuli
2943 5521 3077 5572 liber
3125 5515 3268 5588 Περὶ
3320 5520 3579 5589 σχεὸῶν,

2010 5596 2064 5641 et
2095 5586 2367 5660 ej_ttsdent_
2387 5584 2593 5660 Basilii
2659 5584 2981 5660 lt'xercitalio
3033 5584 3401 5660 grammatich
3427 5584 3580 5660 Ejus?

2013 5657 2154 5708 modi
2177 5667 2299 5709 sunt
2321 5654 2596 5731 frisciani
2619 5659 2938 5724 partitiones
2971 5654 3250 5717 du'odeciiu
3281 5654 3582 5731 primorum

2014 5741 2262 5784 versuum
2298 5723 2578 5783 Aineidos.
