4022 6282
355 361 494 425 il'il

1559 372 1972 435 ALEXIADIS
2014 377 2162 439 LIB.
2209 380 2324 442 XV.

3462 348 3602 444 ιιῖέ

345 477 469 543 γίας
493 472 714 545 ἐχώρει,
735 476 829 531 καὶ
861 476 993 548 πρὸς
1017 476 1129 550 πῦρ
1148 479 1241 533 καὶ
1267 481 1539 550 μάστιγας
1564 485 1658 538 καὶ
1696 487 1918 555 μυρίους

2030 491 2274 545 criminis
2301 491 2526 546 facultas
2565 493 2726 559 nulla;
2762 509 2881 548 cum
2914 495 3252 549 abundarent
3285 496 3348 548 ad
3382 497 3601 550 conv'c-

348 568 616 631 Θανάτους
664 569 1210 640 ἀντιπαρατάξασθαι
1251 571 1921 644 ὑπισχνεῖτο.Πεπιστεύ-

350 678 480 713 κασι
525 660 634 730 γὰρ
678 661 725 713 oi
788 661 1132 734 πλανώμενοι
1187 657 1339 720 οὗτοι
1396 667 1684 737 Βογόμιλοι
1737 672 1922 724 πᾶσαν

350 753 567 815 ἀπόνως
599 752 922 820 ὑπενεγκεῖν
951 756 1247 827 τιμωρίαν,
1293 760 1542 826 ἀγγέλων
1576 760 1739 830 δῆθεν
1760 763 1922 832 ἐξαρ-

351 843 628 908 παζόντων
651 845 821 914 αὐτῆς
835 847 934 916 τῆς
959 864 1030 900 πυ
1040 850 1476 918 ρκαῖᾶς.ῐ1ολλῶν
1500 853 1555 906 δὲ
1583 853 1799 908 πάντων
1821 857 1923 908 αύ-

359 935 470 987 τῶν
504 936 598 989 καὶ
623 937 720 1007 τὴν
741 937 994 992 ἀσέϐειαν
1017 942 1399 1008 ὀνειδιζόντων,
1437 946 1528 999 καὶ
1557 947 1669 999 ὅσοι
1699 948 1798 1017 τῆς
1837 948 1931 1002 αύ-

350 1029 441 1079 τοῦ
475 1028 750 1092 ἀπωλείας
801 1030 950 1101 αὐτῷ
973 1035 1454 1105 κεκοινωνήκασιν,
1491 1039 1518 1090 ὁ
1543 1038 1703 1101 αὐτὸς
1739 1034 1930 1109 ἦνΒα-

353 1119 544 1181 sileo;
575 1121 938 1192 ἀμετακλινὴς
965 1123 1256 1194 Βογόμιλος
1288 1129 1687 1196 γενναιότατος.
1735 1131 1927 1184 Καίτοι

351 1215 629 1280 πυρκαϊᾶς
709 1213 1110 1286 ἀπειλουμένης
1176 1220 1270 1272 καὶ
1339 1220 1514 1274 ἄλλων
1589 1221 1910 1287 κακώσεων,

354 1302 522 1372 ἀπρὶξ
579 1305 669 1356 τοῦ
727 1307 982 1376 δαίμονος
1033 1311 1231 1379 εἴχετο,
1271 1311 1364 1364 καὶ
1411 1311 1502 1365 τὸν
1546 1313 1712 1365 αὑτοῦ
1748 1315 1924 1367 Σατα-

352 1392 483 1463 "lii"A
499 1395 848 1464 ὴγκαλίζετο.
879 1401 1231 1472 Ἔμφρουρος
1253 1402 1310 1455 δὲ
1336 1402 1592 1467 πολλάκις
1609 1404 1920 1474 γενόμενος,

350 1487 445 1539 καὶ
483 1491 616 1558 πρὸς
667 1491 760 1543 τοῦ
825 1492 1092 1562 βασιλέως
1134 1498 1486 1567 πεμπόμενος
1532 1498 1627 1550 καὶ
1663 1498 1922 1561 πολλάκις

349 1582 836 1652 παρακαλούμενος
864 1586 962 1656 τὴν
991 1589 1641 1660 ἀσέϐειανὲξομόσασθαι,
1660 1589 1922 1655 ὡσαύτως

347 1668 459 1740 εἶχε
482 1675 616 1743 πρὸς
651 1677 747 1736 τας
782 1679 874 1730 τοῦ
911 1680 1175 1748 βασιλέως
1216 1682 1614 1753 παρακλήσεις.

2031 583 2230 637 tionem
2268 585 2673 640 evidentissima
2717 586 3042 642 testimoxtia.
3087 585 3252 658 589
3308 587 3446 656 Ergo
3507 589 3600 640 ad-

2031 676 2304 732 versarius
2363 676 2562 731 fatendi
2636 679 3014 733 necessitatem
3087 680 3138 732 in
3208 679 3599 748 impudentiam

2033 776 2268 832 vertens,
2304 769 2446 838 quod
2502 769 2722 824 infitiari
2756 786 2857 824 non
2913 781 3122 838 poterat
3151 771 3292 825 ultro
3332 770 3602 824 affirmare

2031 857 2285 926 perfricta
2319 859 2529 926 fronte,
2578 876 2640 915 ac
2687 861 2994 916 contumaci
3025 877 3118 915 ore
3178 861 3363 915 multis
3421 862 3600 915 verbis

2030 951 2317 1006 adstruere
2340 953 2536 1008 institit
2574 970 2586 1006 :
2624 954 2828 1008 addens
2865 968 2986 1008 sese
3015 953 3078 1008 a'd
3113 953 3599 1022 propugnationem
3640 1010 3655 1023 .

2027 1044 2108 1097 sui
2136 1044 2402 1113 dogmatis
2437 1043 2645 1113 ignem,
2679 1044 2908 1116 ﬂagella,
2947 1055 3254 1115 mortesque
3281 1046 3598 1098 innumeras

2030 1136 2430 1202 paratissimum
2484 1137 2689 1192 subire.
2753 1137 2930 1192 Causa
2988 1146 3106 1193 erat
3201 1138 3602 1208 provocationis

2031 1228 2254 1282 audacis
2321 1228 2541 1283 insanus
2568 1245 2720 1283 error
2769 1240 2935 1285 secta:
2977 1233 3280 1286 communis
3333 1232 3602 1285 universa:

2027 1317 2448 1388 Bogomilorum.
2504 1321 2567 1374 lli
2626 1323 2769 1375 enim
2807 1323 2951 1376 inter
3001 1338 3168 1392 nugas
3215 1330 3436 1376 ca'teras
3469 1323 3598 1376 illud

2026 1411 2378 1478 persuasione
2411 1412 2679 1479 pertinaci
2722 1413 3066 1482 arripuerant
3100 1451 3114 1475 ,
3173 1415 3293 1466 scSe
3319 1413 3601 1465 tormentis

2027 1502 2458 1571 quibuscumque
2499 1519 2618 1572 qua:
2668 1505 2795 1574 ipsis
2844 1505 2982 1559 forte
3011 1506 3463 1566 admoverentur,
3521 1504 3602 1556 in-

2029 1595 2187 1650 noxie
2217 1610 2280 1649 ac
2305 1597 2421 1649 sine
2469 1611 2631 1649 sensu
2685 1597 3058 1656 defuncturos.
3103 1597 3308 1664 angelis
3355 1596 3601 1649 videlicet

2022 1694 2224 1754 przesto
2262 1686 2456 1740 futuris
2493 1688 2583 1754 qui
2619 1703 2711 1742 eos
2755 1687 2836 1742 vel
2890 1703 2919 1741 e
2953 1689 3096 1758 rogis
3131 1687 3445 1741 ardentibus
3487 1702 3604 1740 ma-

349 1771 470 1815 turo
503 1781 731 1820 accursu
770 1771 943 1824 seduli
992 1775 1357 1842 proriperent.
1392 1776 1489 1830 llic
1532 1777 1643 1846 jam
1687 1793 1790 1831 non
1840 1778 2126 1833 orthodoxi
2186 1778 2359 1833 solum
2411 1796 2621 1846 omnes,
2657 1796 2843 1836 verum
2879 1783 2948 1835 illi
3006 1784 3169 1836 etiam
3204 1782 3449 1853 plerique
3499 1781 3590 1847 qui

347 1854 555 1908 nefa:io
609 1858 735 1913 huic
800 1862 1176 1920 lueresiarshae
1228 1881 1345 1922 sese
1397 1869 1461 1921 ad
1527 1885 1682 1924 suam
1749 1870 2045 1939 perniciem
2100 1871 2484 1928 dementandos
2548 1875 2837 1942 aliquando
2896 1877 3289 1944 permiseram,
3347 1874 3598 1928 certatim

345 1947 628 2018 increpare
675 1953 904 2007 delirum
967 1966 1170 2026 caput,
1229 1959 1534 2029 probraque
1597 1977 1913 2031 congerere.
1973 1960 2067 2017 Illo
2129 1976 2314 2017 contra
2368 1965 2420 2017 in
2484 1965 3349 2034 obstinationedesperatissima
3436 1962 3595 2031 plane

345 2041 688 2110 Bogouxilica:
714 2051 1070 2104 contumacia:
1092 2067 1211 2106 sese
1252 2053 1551 2108 obdurante
1578 2057 1746 2124 magis
1773 2069 1836 2114 ac
1865 2057 2034 2126 magis
2059 2097 2072 2120 ,
2107 2055 2420 2124 animosque
2446 2056 2561 2110 illos
2589 2057 2810 2112 SlOiltiOS
2840 2073 2902 2110 ac
2926 2058 3194 2112 minarum
3224 2057 3594 2123 malorumque

341 2147 711 2206 eontemptum
777 2153 1049 2198 ostentare
1104 2155 1361 2214 pergente
1433 2145 1980 2202 cenfidentissimum.
2064 2146 2138 2200 ita
2203 2159 2260 2200 ιιι
2335 2147 2532 2203 frustra
2591 2149 2701 2220 jam
2767 2150 2867 2219 ipsi
2943 2149 3266 2217 Supplicium
3328 2147 3600 2209 incendii,

343 2248 622 2302 positaeque
686 2235 738 2289 id
807 2252 974 2305 genus
1055 2238 1417 2292 acerbissimzc
1500 2240 1929 2306 intentarentur;
1978 2242 2176 2294 etenim
2263 2241 2374 2305 ille,
2445 2242 2584 2295 malo
2659 2243 2745 2298 cui
2817 2257 2877 2296 se
2964 2242 3242 2296 addixerat
3319 2239 3604 2294 adhaerens

345 2323 616 2378 mordicus
669 2326 848 2395 genio,
901 2336 1214 2396 pestemque
1274 2328 1594 2384 exosculans
1649 2327 1962 2399 propriam,
2015 2333 2098 2386 sui
2171 2347 2229 2386 se
2291 2333 2480 2387 infelix
2531 2349 2558 2386 a
2623 2332 2903 2402 complexu
2963 2332 3265 2388 Satanaelis
3304 2333 3460 2387 avelli
3490 2349 3596 2386 non

343 2417 665 2486 patiebatur.
722 2418 928 2487 Saepius
982 2420 1036 2473 in
1091 2422 1392 2475 custodiam
1458 2420 1616 2476 datus
1675 2433 1794 2489 est;
1867 2423 2062 2492 smpius
2114 2426 2410 2479 accersitus
2473 2425 2596 2479 inde
2664 2428 2730 2479 ab
2788 2427 3150 2495 imperatore,
3211 2424 3411 2480 frustra
3473 2441 3601 2479 sua-

343 2516 558 2569 dentem
618 2526 672 2569 et
725 2527 1108 2583 provocantem
1166 2517 1372 2571 audivit
1431 2517 1616 2582 illum,
1680 2527 1740 2572 ut
1810 2519 1912 2572 sibi
1957 2520 2240 2573 consulere
2306 2535 2670 2588 revocareque
2725 2521 2947 2590 impium
3021 2519 3248 2590 dogma,
3305 2531 3359 2574 et
3424 2522 3604 2574 redire

342 2610 408 2663 ad
463 2610 672 2680 frugem
775 2609 1043 2680 fidemque
1113 2611 1292 2666 vellet.

342 2703 578 2758 rissima.

426 2795 588 2847 Ἀλλὰ
622 2797 682 2849 τὸ
732 2799 862 2867 περὶ
919 2799 1108 2852 τοῦτον
1143 2798 1365 2867 γεγονὸς
1395 2799 1592 2871 πέρας,
1631 2798 1704 2869 μὴ
1735 2817 1912 2869 παρα·
1946 2805 1987 2858 Β

341 2889 663 2960 δράμωμεν·
689 2890 855 2962 πρινὴ
881 2891 991 2962 γὰρ
1017 2893 1194 2963 τούτῳ
1241 2892 1527 2961 ἐπιϐλέψαι
1569 2893 1658 2945 τὸν
1693 2893 1919 2964 βασιλέα

342 2981 672 3053 δριμύτερον
729 2981 870 3052 μετὰ
925 2982 1024 3053 τὴν
1083 2984 1183 3053 τῆς
1240 2984 1496 3047 ἀσεϐείας
1539 2986 1916 3056 ὲξαγόρευσιν,

343 3075 615 3146 ἀπῄειμεν
640 3075 716 3146 τῷ
747 3076 883 3138 τέως
915 3076 995 3139 εἰς
1036 3078 1280 3130 οἰκίσκον
1306 3077 1426 3130 τινὰ
1458 3078 1715 3149 κείμενον
1749 3079 1918 3149 ἀγχοῦ

341 3187 445 3222 που
495 3168 606 3222 τῶν
660 3168 960 3238 βασιλικῶν
1005 3169 1328 3240 οἰκημάτων
1386 3169 1511 3242 ἄρτι
1579 3170 1813 3242 πρώτως
1850 3173 1916 3227 δι’

339 3263 506 3318 αὑτὸν
537 3263 1078 3318 κατασκευασθέντα.
1118 3265 1359 3336 Ἐσπέρα
1377 3265 1434 3318 δὲ
1462 3261 1551 3337 ἦν,
1577 3265 1671 3321 καὶ
1693 3269 1741 3321 οἱ
1764 3267 1921 3322 ἀστέ-

343 3374 436 3426 ρες
465 3357 514 3408 οἱ
559 3356 672 3408 ἄνω
723 3357 945 3425 αἰθρίας
989 3357 1159 3426 οὔσης
1188 3358 1606 3428 ἁπήστραπτον,
1645 3361 1738 3412 καὶ
1767 3361 1800 3431 ή
1832 3377 1920 3413 σε-

339 3449 477 3520 λήνη
514 3449 651 3516 μετὰ
683 3448 904 3504 σύνοδον
935 3449 1034 3520 τὴν
1076 3449 1317 3520 ἑσπέραν
1362 3450 1576 3521 ἐκείνην
1624 3451 1914 3524 ὲπύρσευε.

342 3540 452 3593 Τοῦ
492 3540 547 3592 δὲ
579 3539 812 3609 μοναχοῦ
886 3540 983 3608 τὴν
1042 3540 1238 3593 κέλλαν
1282 3541 1551 3605 είσδύντος
1585 3545 1714 3613 περὶ
1745 3545 1917 3613 μέσας

341 3631 548 3692 νύκτας
572 3631 898 3700 αὐτομάτως
925 3629 1063 3682 λίθοι
1086 3629 1389 3701 χαλαξηδὸν
1424 3633 1562 3686 κατὰ
1592 3637 1692 3705 τῆς
1721 3635 1918 3705 κέλλης

339 3721 650 3786 ἐϐάλλοντο,
705 3720 888 3791 χειρὸς
949 3722 1048 3791 μὲν
1105 3723 1381 3793 μηδεμιᾶς
1436 3725 1738 3798 ῥιπτούσης
1791 3730 1917 3792 τοὺς

338 3815 544 3880 λίθους,
573 3816 707 3886 μηδέ
737 3833 882 3878 τινος
911 3815 1331 3880 καταλιθοῦντος
1358 3819 1648 3890 ἀνθρώπου
1686 3821 1776 3874 τὸν
1805 3822 1919 3876 δαι-

315 3907 577 3991 δμανιώδη
605 3907 791 3962 τοῦτον
819 3907 1016 3962 ἀϐὄᾶν.
1039 3909 1273 3979 Μήνιμα
1298 3911 1342 3963 δ’
1369 3904 1460 3982 ἦν,
1493 3912 1570 3974 ὼς
1603 3913 1768 3981 ἔοικε,
1807 3916 1915 3970 τῶν

307 4001 488 4069 βάμφὶ
549 3998 642 4052 τὸν
708 3998 992 4069 Σαταναὴλ
1046 3999 1316 4068 δαιμόνων
1378 4004 1799 4075 ὲξωργισμένων
1859 4010 1916 4061 ἓν

318 4088 498 4160 ⁷δεινῷ
529 4089 872 4158 ποιουμένων
899 4093 981 4144 ὄτι
1009 4091 1071 4162 δὴ
1105 4092 1174 4145 τά
1205 4093 1339 4162 πρὸς
1369 4094 1461 4146 τὸν
1489 4093 1716 4164 βασιλέα
1745 4097 1913 4169 ἐξωρ-

316 4169 564 4258 άὴσατο,
641 4186 734 4238 καὶ
769 4186 1008 4256 διωγμὸν
1066 4187 1209 4240 κατὰ
1257 4189 1354 4260 τῆς
1407 4188 1614 4258 πλάνης
1660 4189 1914 4263 λαμπρόν

335 4280 608 4349 ἐπήγαγε.
635 4279 745 4330 Καὶ
786 4277 958 4331 ταῦτα
992 4279 1092 4348 μὲν
1135 4281 1604 4352 Παρασκευῖώτης
1639 4284 1912 4356 καλούμερ

336 4385 427 4432 νος
477 4369 818 4439 ἀφωρισοεὶς
850 4372 897 4402 ’⁵⁸
957 4370 1133 4439 φύλαξ
1197 4368 1338 4426 εἶναι
1373 4373 1467 4427 τοῦ
1527 4373 1914 4446 δαιμονιὼδους

336 4463 552 4516 ἐκείνου
587 4461 848 4532 γέροντος
899 4463 975 4526 ὡς
1014 4465 1088 4533 μὴ
1131 4463 1318 4518 ἄδειαν
1365 4467 1507 4536 ἔχειν
1558 4471 1914 4540 προσομιλεῖν

340 4567 465 4612 τινι,
495 4551 589 4604 καὶ
616 4549 720 4620 τῆς
749 4549 918 4603 αὑτοῦ
946 4551 1124 4622 λύμης
1157 4552 1499 4622 μεταδιδόναι
1538 4558 1606 4610 τὰ
1640 4559 1911 4630 φρικωδὲο

338 4659 531 4708 στατα,
568 4643 857 4712 ἐπώμνυτο
899 4642 1029 4697 ιδεῖν
1055 4661 1113 4696 τε
1140 4645 1233 4699 καὶ
1266 4642 1496 4700 ἀκοῦσαι
1531 4649 1628 4718 μὲν
1651 4654 1777 4715 τοὺς
1804 4652 1913 4707 τῶν

339 4732 686 4804 βαλλομένων
709 4735 892 4798 λίθους
924 4737 1016 4788 καὶ
1043 4737 1185 4790 κατὰ
1216 4741 1320 4809 γῆς
1361 4740 1454 4792 καὶ
1481 4743 1623 4795 κατὰ
1653 4745 1914 4814 κεράμων

339 4826 558 4897 κρότον,
620 4827 746 4880 ἰδεῖν
797 4827 853 4880 δὲ
905 4833 1151 4900 συνεχεῖς
1188 4832 1282 4885 καὶ
1313 4831 1757 4908 ἀλλεπαλλήλους
1786 4840 1914 4904 τοὺς

337 4916 538 4981 λίθους,
598 4918 801 4988 μηδένα
839 4920 894 4972 δὲ
943 4921 1196 4990 μηδαμοῦ
1244 4921 1336 4976 τὸν
1383 4923 1645 4992 βάλλοντα
1688 4929 1914 4992 τούτους

339 5008 663 5064 Θεάσασοαι.
715 5011 1172 5081 Συνεπελάμὸανε
1207 5013 1314 5084 γὰρ
1345 5019 1410 5087 τῇ
1439 5018 1547 5069 τῶν
1574 5017 1738 5073 λίθων
1770 5023 1913 5092 φορᾷ

338 5104 431 5156 καὶ
456 5103 683 5172 σεισμός
730 5121 816 5167 τις
839 5104 1038 5174 ἀθρόος
1070 5108 1163 5160 καὶ
1188 5107 1248 5161 τὸ
1277 5109 1540 5164 ἐπίπεδον
1564 5111 1909 5183 ἐκεκλόνητο,

335 5193 434 5276 καὶ
482 5195 551 5250 τὰ
605 5195 736 5265 περὶ
790 5195 880 5249 τὸν
921 5196 1119 5268 ὄροφον
1159 5201 1543 5272 ἐτετρύγεσαν.
1606 5203 1664 5257 '0
1728 5205 1913 5273 μέντοι

337 5285 831 5357 Παρασκευῖώτης,
863 5289 993 5358 πρὶν
1034 5290 1134 5358 μὲν
1174 5292 1472 5362 ὑπονοῆσαι
1522 5296 1580 5347 τδ
1606 5291 1767 5366 ἔργον
1797 5298 1910 5350 δαιο

337 5375 540 5446 μόνιον,
565 5378 815 5450 ἐθάρρει,
843 5379 918 5443 ὡς
945 5381 1152 5446 ἐκεῖνος
1179 5383 1441 5452 ἔφασκεν·
1487 5387 1629 5455 ὀρῶν
1658 5385 1713 5441 δὲ
1735 5390 1816 5441 ὅτι
1861 5389 1912 5440 οἱ

1382 2611 1556 2668 Sardo
1628 2614 1926 2668 cauebatur
1992 2620 2046 2667 ct
2117 2620 2194 2666 tot
2271 2615 2408 2670 ictus
2479 2614 2531 2668 in
2591 2614 2783 2669 incude
2844 2615 3206 2683 perdebantur
3267 2613 3436 2668 multo
3495 2617 3598 2670 du-

2087 2799 2316 2853 Interim
2350 2799 2494 2870 quod
2545 2799 2598 2853 iu
2628 2799 2731 2855 hoc
2777 2799 2996 2854 homine
3043 2799 3342 2870 prodigium
3373 2803 3604 2871 contigit

2025 2909 2128 2946 non
2171 2901 2577 2963 praetereamus.
2618 2894 2758 2948 Ante
2809 2894 2954 2966 enim
2989 2910 3148 2963 quam
3187 2895 3388 2948 larvam
3433 2895 3600 2964 (ιριιοο

2021 2986 2222 3039 suisset
2275 2987 2610 3054 imperator;
2661 3002 2757 3050 ac,
2803 2988 2946 3055 quod
2978 2986 3171 3042 deinde
3217 2997 3337 3057 post
3385 2989 3601 3058 penitus

2020 3065 2336 3147 expressam
2389 3078 2765 3133 liasresiarchze
2826 3078 2972 3147 pravi
3030 3080 3110 3132 sui
3157 3081 3421 3149 dogmatis
3476 3098 3604 3135 coa-

2022 3169 2311 3225 fessionem
2343 3169 2493 3234 fecit,
2529 3169 2751 3238 impium
2788 3179 2842 3222 ut
2866 3181 2986 3224 erat
3012 3171 3260 3234 meritus,
3293 3173 3596 3228 minacibus

2020 3262 2192 3318 oculis
2253 3271 2308 3317 et
2336 3277 2527 3317 severo
2556 3261 2703 3314 vultu
2729 3271 2876 3316 esset
2898 3261 3201 3328 contuitus,
3233 3265 3328 3318 sed
3366 3266 3596 3322 durante

2021 3357 2196 3410 adhuc
2251 3355 2344 3409 illo
2396 3369 2555 3423 quem
2606 3353 2857 3422 superius
2919 3354 3200 3408 retulimus
3261 3371 3596 3424 congressu,

2021 3463 2140 3502 cum
2162 3448 2271 3516 jam
2306 3447 2550 3517 proferre
2570 3447 2810 3515 quaedam
2833 3463 2897 3504 ex
2931 3449 3145 3503 arcanis
3191 3452 3303 3505 suis
3333 3455 3589 3506 sensibus

2021 3540 2253 3611 cepisset
2299 3538 2531 3595 Basilius
2555 3579 2571 3602 .
2599 3541 2834 3594 nomium
2865 3550 3044 3594 tamen
3076 3541 3336 3596 edidisset
3368 3545 3550 3596 omnia
3577 3586 3595 3606 ,

2019 3634 2248 3705 contigit
2307 3645 2364 3688 ut
2427 3634 2723 3704 recipiente
2783 3648 2842 3688 se
2892 3632 2984 3687 illo
3044 3636 3146 3688 sub
3196 3649 3472 3702 vesperam
3539 3640 3592 3690 in

2020 3724 2398 3779 domunculam
2434 3725 2533 3794 ipsi
2586 3732 2850 3791 paratam,
2909 3738 2972 3776 ac
3006 3725 3057 3777 in
3103 3725 3218 3794 ejus
3269 3741 3429 3778 usum
3486 3729 3598 3794 pri-

2019 3833 2107 3870 mo
2139 3826 2440 3880 structam,
2508 3831 2671 3886 prope
2726 3817 2900 3884 regias
2945 3815 3088 3870 aedes
3157 3832 3349 3871 serena
3402 3829 3608 3885 nocte,

2021 3909 2387 3963 renidentibus
2431 3923 2562 3978 puro
2611 3908 2750 3962 cmlo
2805 3906 3016 3971 stellis,
3049 3909 3228 3962 statim
3282 3909 3348 3962 ad
3381 3910 3495 3977 ejus
3542 3912 3595 3965 in

2018 4017 2135 4054 eam
2191 4001 2381 4056 cellam
2444 4003 2749 4070 ingressum
2802 4001 2946 4055 circa
2979 4012 3190 4054 noctem
3234 4003 3461 4056 mediam
3497 4020 3592 4055 an.

2021 4093 2163 4147 ditus
2221 4093 2402 4162 fragor
2467 4094 2656 4163 ingens
2694 4091 3038 4160 lapidationis
3087 4094 3269 4146 denszc
3316 4093 3596 4162 grandinis

2022 4185 2148 4240 ritu.
2184 4183 2451 4239 Volabant
2498 4182 2703 4254 passim
2732 4183 2875 4250 jacta
2912 4199 3039 4237 saxa
3087 4185 3142 4237 in
3190 4184 3379 4238 cellam
3403 4225 3416 4245 .
3447 4185 3595 4237 nulla

2010 4277 2249 4345 jacieute
2281 4293 2460 4344 manu;
2526 4293 2592 4332 nc
2644 4292 2913 4346 quoquam
2957 4276 3308 4346 quantumvis
3353 4278 3590 4331 circum-

2016 4373 2282 4439 spiceret,
2333 4370 2765 4423 animadvertere
2821 4369 3034 4422 valente
3084 4377 3362 4423 auctorem
3440 4370 3592 4423 facti.

2017 4460 2281 4515 Nimirum
2325 4461 2486 4512 homo
2527 4459 2746 4528 quidem
2796 4473 2956 4512 nemo
2998 4456 3252 4511 furialum
3306 4459 3467 4514 istum
3513 4460 3601 4512 iu-

2017 4554 2248 4608 fcstabat
2311 4553 2561 4607 abbatem
2600 4551 2738 4606 :sed
2799 4551 2912 4620 ipse
2945 4567 3065 4606 cum
3103 4553 3215 4606 suis
3262 4553 3594 4606 dmmonibus

2017 4646 2272 4701 Satanael
2335 4645 2457 4700 irati
2520 4643 2722 4699 homini
2782 4645 2922 4712 quod
2998 4644 3043 4697 is
3097 4645 3369 4714 mysteriis
3429 4653 3591 4698 scr-Im

2015 4742 2152 4810 apud
2189 4741 2571 4810 imperatorem
2594 4734 2921 4800 eﬂ'utiendis,
2955 4751 3172 4804 gravem
3201 4737 3250 4788 in
3283 4745 3588 4787 nascente"!

2017 4835 2262 4888 haeresim
2317 4830 2746 4901 persecutionem
2808 4829 3172 4887 concitasset,
3233 4825 3329 4877 has
3399 4826 3466 4876 ab
3526 4839 3592 4876 eu

2013 4939 2202 4995 pinnas
2257 4925 2586 4993 repetebant.
2657 4919 2826 4986 Hujus
2897 4919 2971 4969 rei
3049 4926 3326 4968 auctorem
3415 4914 3589 4967 habeo

2013 5015 2484 5072 Parasceviotam,
2524 5012 2601 5065 sic
2635 5017 2883 5062 vocatum
2939 5007 3252 5059 homiuem.~
3287 5005 3587 5059 Commissa

2015 5107 2138 5160 huic
2172 5103 2347 5157 fuerat
2373 5102 2586 5154 interim
2642 5099 2884 5153 custodia
2918 5095 3133 5150 fanatici
3164 5113 3258 5150 Sen
3287 5111 3330 5159 s,
3375 5097 3589 5148 datum-

2012 5210 2116 5266 que
2149 5195 2423 5264 negotium
2467 5201 2522 5246 ut
2547 5201 2794 5256 caveret,
2855 5204 2920 5242 ne
2975 5190 3064 5256 qui
3119 5205 3238 5242 cum
3288 5202 3352 5240 eo
3403 5203 3497 5254 per
3535 5186 3587 5239 i.|

2013 5294 2223 5358 tempus
2273 5301 2434 5354 agere
2462 5298 2525 5339 ac
2556 5292 2763 5353 pestem
2819 5281 3042 5335 nefariae
3101 5282 3271 5349 ipsius
3323 5280 3586 5332 doctrina:

2012 5393 2305 5449 congressu
2357 5388 2714 5442 sermoneque
2770 5373 2939 5442 ipsius
2969 5372 3188 5426 haurire
3245 5380 3482 5438 possent.
3537 5371 3586 5424 ls

336 5469 435 5537 μὲν
469 5470 609 5524 λίθοι
631 5471 863 5536 ἄνωθεν,
909 5467 1022 5526 οἷον
1047 5479 1239 5544 εἰπεῖν,
1272 5477 1696 5550 ὲξωμόρίζοντο,
1730 5479 1909 5532 καὶτὸ

2022 5476 2141 5528 dum
2195 5489 2257 5527 ea
2301 5487 2431 5526 cura
2467 5469 2780 5540 fungeretur
2809 5467 2980 5521 oculis
3011 5468 3123 5521 suis
3170 5475 3332 5534 atque
3365 5467 3586 5517 auribus

329 5562 612 5631 γερόντιον
639 5564 820 5617 ὲκετνο
849 5564 909 5617 τὸ
941 5566 1354 5639 αίρεσιαρχικδν
1388 5569 1691 5625 ἐνεδεδύκει
1720 5588 1778 5624 τε
1812 5574 1898 5625 καὶ

2016 5583 2073 5621 se
2119 5579 2410 5634 usurpasse
2462 5578 2581 5632 quae
2636 5560 2916 5617 retulimus
2967 5557 3131 5613 etiam
3180 5558 3395 5626 juratus
3441 5557 3586 5610 atlir‘

1401 5715 1598 5778 Variae
1629 5716 1936 5779 lectiones
1982 5729 2057 5775 ex
2094 5713 2234 5778 cod.
2263 5709 2536 5774 Coislin.

436 5807 480 5837 ⁸ο
515 5806 849 5876 ἀφορισθείς.
