4022 6282
211 434 325 499 ll‘l'i

1404 443 1835 510 lALEXIADIS
1874 446 2021 512 LIB.
2065 450 2195 514 Χν.

3309 451 3448 519 1178

210 554 304 612 λσις
342 548 417 612 ὡς
469 549 763 621 Βογόμιλος
818 556 1205 628 ἀναμίγνυται,
1286 560 1319 629 ἢ
1372 558 1669 628 Βογόμιλον
1717 559 1792 623 ὡς
1850 562 2177 633 Χριστιανὸς
2226 563 2512 640 διαδρᾶσῃ,
2544 576 2734 623 καινόν
2755 584 2877 624 τινα
2900 567 3103 639 τρόπον
3134 566 3465 634 ἐπινοεῖται,

206 646 264 701 δι’
288 639 348 700 οὗ
380 647 429 699 οἱ
458 647 628 711 ὅντως
663 650 981 720 Χριστιανοῒ
1018 654 1526 725 ἁποφανθήσονται.

281 738 399 791 Ἐπὶ
428 737 522 789 τοῦ
556 738 841 807 βασιλικοῦ
870 745 1050 799 τοίνυν
1080 749 1145 817 τῇ
1181 748 1297 816 μετ’
1333 746 1507 817 αὐτὴν
1535 747 1775 818 καθῆστο

1955 753 2185 817 Operam
2278 750 2424 804 dedit
2506 751 2802 819 imperator
2882 749 3151 805 ellicaeem
3224 750 3464 819 jubendo

206 827 379 897 θρόνου
399 844 416 859 ο
452 827 641 880 πολλοὶ
690 830 747 883 δὲ
789 834 1098 902 τηνικαῦτα
1130 835 1391 905 παρῆσαν
1417 837 1518 905 τῆς
1547 853 1607 889 τε
1640 854 1777 905 συγ-

205 916 389 985 κλήτου
449 917 545 969 καὶ
604 919 702 987 τῆς
760 921 913 991 ίερᾶς
973 924 1221 988 συνόδου,
1281 927 1377 979 καὶ
1437 926 1545 980 τῶν
1603 928 1775 992 Ναξι-

205 1008 362 1079 ραίων
416 1010 529 1077 (97)
580 1010 763 1064 αὐτῶν
815 1015 1004 1067 ὁπόσοι
1050 1015 1209 1084 λόγου
1249 1020 1499 1088 μετεῖχον
1528 1019 1770 1087 λογάδες.

205 1102 418 1153 Πάντων
448 1102 506 1153 δὲ
544 1104 655 1155 τῶν
686 1104 787 1172 τὴν
823 1105 1196 1179 Βογομιλικὴν
1229 1109 1650 1180 ἐγκαλουμένων
1690 1114 1777 1167 αἶ-

204 1210 342 1262 ρεσιν
370 1195 424 1256 ἐς
449 1196 513 1246 τὸ
544 1196 712 1265 μέσον
742 1199 878 1267 ὁμοῦ
923 1201 1339 1271 παραχθέντων,
1364 1205 1391 1256 ὁ
1416 1204 1774 1275 αὐτοκράτωρ

201 1280 345 1345 αὖθις
371 1286 760 1354 ἐπερωτᾶσθαι
783 1289 1014 1346 ἕκαστον
1044 1293 1359 1349 ἐκέλευσεν.
1398 1295 1488 1358 Ὠς
1516 1297 1572 1350 δὲ
1600 1299 1647 1350 οί
1675 1299 1774 1367 μὲν

199 1376 503 1445 ὡμολόγουν
544 1380 840 1450 Βογόμιλοι
887 1379 1029 1438 εἶναι
1075 1387 1173 1439 καὶ
1206 1389 1306 1457 τῆς
1345 1388 1497 1456 σφῶν
1537 1391 1775 1460 ἰσχυρῶς

198 1469 575 1523 ἀντεποιοῦντο
624 1473 918 1543 αἱρέσεως,
951 1478 1001 1530 οί
1030 1478 1088 1531 δὲ
1132 1482 1483 1535 παντάπασιν
1521 1483 1774 1537 ἀνένευον

198 1560 553 1627 Χριστιανοὺς
584 1564 812 1629 ἑαυτοὺς
856 1568 1222 1638 ὀνομάζοντες
1244 1611 1260 1635 ,
1293 1574 1388 1626 καὶ⁹
1426 1574 1559 1644 παρ’
1599 1574 1774 1629 ἄλλων

197 1652 534 1721 ἐλεγχόμενοι
565 1655 822 1725 οὐδαμῶς
856 1661 1208 1716 κατετίθεντο
1231 1703 1245 1727 ,
1280 1664 1640 1729 ὲπιτοξεύσας
1672 1668 1775 1720 αὺ-

194 1746 299 1805 τοῖς
328 1742 424 1807 τὰς
452 1745 650 1816 ὀφρῦς,
681 1746 785 1818 ἔφη
812 1764 827 1778 ·
865 1750 992 1821 Χρὴ
1018 1754 1133 1822 τὴν
1162 1754 1429 1823 σήμερον
1468 1758 1579 1811 δύο
1605 1760 1775 1827 καμί-

154 1838 338 1915 ξνους
394 1836 762 1906 ἀναφθῆναι,
826 1844 1042 1911 θατέρᾳ
1095 1845 1164 1899 δὲ
1216 1849 1447 1902 τούτων
1505 1852 1776 1919 σταυρὸν

194 1924 524 1995 ἐμπαγῆναι
565 1930 721 1999 αὐτῇ
762 1931 862 2003 γῇ,
904 1930 1033 1988 εἶτα
1082 1938 1319 2004 αἵρεσιν
1367 1939 1619 2009 δοθῆναι
1660 1942 1774 2000 πᾶ-

194 2030 310 2081 σιν,
344 2016 418 2072 ιν
446 2022 639 2076 ὁποῖοι
674 2022 750 2093 τῇ
780 2023 899 2079 τῶν
924 2030 1298 2096 Χριστιανῶν
1322 2034 1521 2088 πίστει
1550 2035 1776 2090 ἐπαπο·

1881 843 2229 912 urgendoque
2317 851 2376 897 ut
2428 844 2603 913 sparsi
2677 844 2876 911 ubique
2943 854 3213 898 terrarum
3292 844 3463 897 disci-

1882 935 1992 1005 puli
2096 950 2159 989 ac
2244 945 2557 1007 symmystae
2630 934 2852 1000 Basilii,
2936 937 3210 1004 orgiorum
3289 936 3465 1003 ipsius

1878 1041 1942 1081 ac
1992 1026 2288 1081 tenebrosa:
2354 1029 2613 1082 doctrinze
2688 1027 2986 1096 participes
3073 1038 3129 1082 et
3206 1027 3462 1090 conscii,

1878 1120 2181 1188 praesertim
2258 1134 2390 1174 vero
2445 1120 2523 1173 illi
2576 1134 2761 1173 eorum
2825 1132 3079 1189 proceres
3142 1132 3277 1187 quos
3334 1118 3467 1169 duo-

1878 1213 2051 1266 decim
2105 1211 2401 1280 discipulos
2481 1210 2856 1280 appellabant,
2909 1211 3145 1279 undique
3215 1208 3465 1262 omnibus

1877 1303 2113 1373 indagati
2170 1302 2410 1372 vestigiis
2440 1302 2495 1355 in
2544 1300 2735 1355 urbem
2763 1301 3108 1355 ducerentur.
3140 1299 3246 1353 llos
3279 1312 3464 1353 coram

1878 1409 2163 1465 aggressus
2219 1394 2284 1447 ad
2348 1393 2779 1463 resipiscentiam
2862 1392 3083 1457 hortati,
3145 1391 3469 1445 obstinatis-

1876 1488 2043 1543 simos
2064 1496 2321 1557 expertus
2368 1495 2470 1551 est,
2497 1486 2656 1552 plane
2698 1500 2802 1539 non
2842 1483 3232 1552 approbatores
3292 1481 3466 1536 solum

1874 1594 2120 1635 errorum
2166 1578 2373 1644 Basilii,
2407 1578 2502 1633 sed
2556 1577 2717 1633 etiam
2780 1578 3080 1630 imitatores
3127 1574 3466 1644 pertinaciae.

1875 1671 2034 1744 49],
2065 1672 2333 1727 Caeterum
2367 1672 2704 1740 deprehensa
2732 1671 2922 1739 ingens
2956 1669 3077 1722 mali
3111 1670 3221 1731 vis;
3253 1666 3456 1735 quippe

1879 1764 1937 1819 in
1974 1779 2260 1820 numerum
2294 1764 2453 1833 longe
2484 1764 2782 1817 maximum
2820 1760 3111 1814 multitudo
3159 1761 3465 1813 errantium

1876 1865 2215 1913 excreverat.
2270 1856 2498 1925 Impune
2549 1855 2808 1909 nimirum
2860 1853 2951 1907 diu
3006 1863 3058 1906 et
3120 1850 3467 1904 inobservate

1876 1955 2123 2015 grassata
2161 1945 2339 2000 latens
2375 1944 2545 2014 pestis
2577 1944 2790 1999 viscera
2826 1945 2940 2013 ipsa
2996 1955 3315 2011 magnarum
3365 1939 3466 1992 do-

1881 2051 2065 2089 muum
2102 2045 2442 2104 pervaserat,
2470 2034 2791 2104 turbamque
2824 2033 3001 2088 omnis
3029 2031 3247 2101 generis
3278 2030 3466 2083 incre-

152 2178 156 2197 ἑ
194 2107 391 2163 θανεῖν
412 2110 528 2178 τὴν
549 2110 819 2182 σήμερον
837 2095 1189 2187 βούλοιντο,
1214 2121 1641 2191 ἀποκριθέντες
1658 2124 1775 2178 τῶν

1881 2127 2103 2183 dibilem
2133 2128 2622 2197 comprehenderat
2654 2095 2850 2180 blanda
2882 2095 3208 2193 contagione
3229 2121 3462 2190 quadam

194 2200 397 2254 ἄλλων
432 2202 505 2272 τῇ
529 2205 635 2259 τοῦ
658 2210 928 2276 σταυροῦ
959 2214 1190 2279 καμίνῳ
1224 2215 1772 2284 προσχωρήσωσιν.

145 2292 154 2379 γ’
196 2295 256 2345 Ol
296 2292 364 2346 δὲ
406 2294 519 2364 τῆς
563 2300 963 2369 Βογοιιιλικῆς
1010 2304 1301 2371 αἱρέσεως
1347 2308 1774 2377 ἀντεχόμενοι,

144 2416 145 2423 η
193 2390 611 2458 προσθατέρων
657 2395 703 2425 δ’
756 2396 1284 2467 ἐμϐληθήσονταιυ
1357 2404 1612 2467 βέλτιον
1664 2406 1777 2475 γὰρ

195 2482 583 2550 Χριστιανοὺς
626 2488 850 2554 αὐτοὺς
892 2489 1073 2556 ὄντας
1109 2493 1462 2561 ἀποθανεῖν,
1491 2496 1529 2565 ἢ
1558 2497 1777 2565 ζῶντας

192 2570 268 2637 ὡς
306 2574 684 2642 Βογομὶλους
716 2577 1070 2645 διώκεσθαι,
1106 2585 1205 2637 καί
1240 2584 1347 2651 τὰς
1380 2585 1499 2640 τῶν
1527 2588 1779 2643 πολλῶν

191 2664 432 2719 τύπτειν
461 2668 870 2737 συνειδήσεις.
922 2674 1130 2729 Ἀπιτε
1157 2678 1305 2745 γοῦν
1342 2680 1440 2733 καὶ
1485 2681 1658 2749 ὑμεῖς
1696 2682 1771 2749 ⁸³,

192 2754 287 2807 καὶ
328 2756 497 2824 ὑμεῖς
532 2757 649 2826 ὅπη
680 2760 999 2827 ,βουλητὸν
1028 2763 1289 2830 ἕκαστος
1315 2769 1594 2835 χωρείτω.

1882 2219 2216 2274 ἰιιεοθδνοειε
2244 2219 2525 2276 novitatis.
2548 2219 2683 2273 Hinc
2704 2230 2861 2272 aucta
2885 2215 3192 2272 sollicitudo
3219 2216 3466 2281 Augusto

1882 2324 1953 2365 ne
1987 2326 2095 2365 non
2128 2312 2263 2367 satis
2293 2321 2479 2379 posset
2531 2310 2834 2365 Ecclesiam
2886 2308 3056 2365 semel
3100 2321 3333 2378 purgare
3382 2306 3467 2357 lue

1883 2409 1995 2455 tam
2035 2401 2143 2456 late
2176 2402 2481 2471 pertinente
2512 2419 2525 2455 :
2568 2417 2703 2456 neve
2739 2400 3171 2457 dissimulatione
3210 2407 3265 2451 et
3295 2399 3466 2467 hypo-

1884 2494 2009 2548 crisi
2038 2496 2281 2563 corrupti
2313 2510 2415 2564 pro
2449 2497 2599 2549 sanis
2630 2494 2899 2558 fallerent,
2936 2493 3218 2561 labemque
3248 2489 3463 2543 tolerati

1885 2600 2186 2656 pr0pagare
2226 2596 2540 2656 pergerent.
2581 2586 2659 2639 Ad
2713 2585 2871 2639 istam
2928 2584 3254 2636 anxietatem
3305 2593 3471 2648 expe-

1885 2677 2142 2732 diendam
2173 2681 2356 2733 animu
2380 2678 2498 2745 ejus
2542 2677 2773 2743 intento,
2817 2674 3090 2729 succurrit
3137 2673 3279 2725 factu
3324 2670 3471 2740 Opti-

1876 2785 2022 2824 mum
2055 2770 2225 2824 videri
2260 2771 2326 2824 ad
2371 2769 2723 2839 retegendum
2774 2768 3043 2836 cujusque
3094 2766 3356 2825 animum,
3413 2762 3461 2816 si

191 2846 364 2913 palam
415 2851 692 2904 decretum
738 2854 1217 2924 promulgaretur,
1274 2874 1381 2926 quo
1443 2859 1774 2931 quicumque
1810 2861 1975 2917 delati
2004 2862 2353 2934 Bogomilica:
2386 2863 2626 2931 perfidia:
2694 2860 2907 2914 fuerant
2975 2858 3206 2911 ﬂammis
3257 2854 3466 2922 pariter

190 2940 337 2993 cives
380 2945 661 3014 exterique
716 2948 1123 3014 addicebantur,
1153 2967 1259 3005 una
1323 2968 1443 3006 cum
1506 2953 1866 3009 haeresiarcha
1908 2957 2061 3027 ipso,
2124 2957 2350 3027 ejusque
2409 2956 2634 3021 collegio
2697 2949 3080 3020 discipulorum
3162 2947 3471 3003 duodecim-

189 3030 381 3086 Evenit
427 3035 478 3088 id
530 3036 675 3105 quod
728 3040 1043 3107 providerat
1093 3043 1390 3109 Augustus.
1439 3043 1653 3098 Prolata
1733 3047 1786 3100 in
1862 3048 2133 3117 publicam
2198 3048 2443 3101 notitiam
2520 3045 2785 3115 ejusmodi
2890 3044 3197 3107 sententia,
3276 3056 3472 3109 magno

190 3128 600 3195 comprehensis
635 3139 781 3184 metu
808 3133 1060 3186 omnibus
1080 3147 1306 3201 quorum
1342 3146 1462 3190 erat
1530 3137 1598 3192 de
1658 3137 1854 3192 haeresi
1890 3138 2223 3208 Bogomilica
2254 3139 2491 3191 delatum
2530 3151 2726 3190 nomen
2779 3136 2959 3187 inultae
3006 3135 3189 3187 statim
3246 3134 3472 3187 exstite-

188 3229 315 3272 runt
375 3222 778 3276 ’cxcusatioues
855 3222 1267 3291 deprecantium
1343 3227 1777 3282 criminationem
1821 3226 2037 3291 falsam,
2063 3237 2117 3282 et
2149 3242 2208 3282 se
2239 3240 2404 3295 puros
2436 3234 2704 3295 putosque
2784 3222 3081 3276 catholicos
3160 3221 3467 3275 calumnio-

186 3312 407 3366 sissime
475 3312 785 3368 insimulari
839 3314 1112 3369 haereseos
1162 3316 1337 3384 palam
1416 3333 1615 3387 magno
1664 3328 1855 3387 questu
1895 3319 2385 3374 contestabantnr:
2421 3331 2544 3371 cum
2578 3314 2798 3369 interim
2834 3313 3101 3382 desperati
3133 3312 3220 3365 alii
3253 3327 3314 3366 ac
3342 3327 3466 3381 per-

186 3405 306 3469 diti,
341 3403 481 3460 nltro
522 3420 647 3460 sese
672 3403 979 3473 Bagoiuilos
1034 3406 1357 3474 faterentur,
1408 3408 1651 3479 talesque
1701 3411 1769 3467 ad
1842 3421 2148 3466 extremum
2244 3418 2686 3481 perseveraturos
2749 3406 3000 3474 spiritum
3062 3405 3326 3459 dicerent.
3396 3402 3466 3462 Hi

183 3498 405 3570 quidem
437 3499 570 3552 certi
605 3499 862 3553 nimirum
897 3498 1137 3553 haeretici
1209 3509 1386 3565 erant,
1458 3519 1689 3572 quorum
1746 3504 2131 3569 furor,-tanta
2202 3502 2570 3569 contumacia,
2623 3501 2713 3557 tali
2760 3510 3000 3566 tempore
3061 3513 3120 3552 se
3180 3497 3459 3567 proderet.

190 3590 539 3659 (Quanquam
577 3598 631 3645 et
696 3590 749 3644 in
783 3592 886 3647 isto
923 3593 1040 3662 ipso
1078 3590 1239 3661 globo
1286 3606 1448 3649 voces
1495 3593 1593 3648 bas
1649 3594 1815 3649 veluti
1855 3593 2113 3649 concordi
2169 3593 2553 3663 desperatione
2608 3592 2932 3661 jactantium
2997 3593 3166 3646 latere
3251 3590 3467 3657 aliquos

185 3681 411 3735 meliora
441 3681 717 3751 sapientes
769 3681 1085 3737 incredibile
1158 3696 1261 3735 non
1320 3682 1483 3750 erat.)
1536 3684 1603 3736 At
1638 3684 1783 3737 enim
1824 3684 2168 3753 exploratum
2205 3685 2432 3755 perinde
2463 3700 2569 3739 non
2616 3692 2758 3751 erat,
2828 3699 2955 3738 num
3008 3696 3194 3737 eorum
3279 3695 3470 3736 omnes

183 3782 277 3828 aut
314 3773 559 3842 plerique
590 3775 679 3842 qui
715 3788 772 3828 se
800 3774 1105 3844 Bogomilos
1162 3776 1429 3845 negabant
1460 3790 1584 3828 vera
1617 3775 2002 3843 loquerentur;
2036 3792 2102 3831 an
2130 3777 2307 3846 potius
2335 3777 2712 3847 impunitatem
2761 3786 2815 3830 et
2847 3774 3072 3831 nocendi
3105 3773 3451 3829 occasionem

182 3868 307 3924 utili
342 3867 471 3935 sibi,
508 3867 817 3936 reipublicae
881 3869 1145 3921 damnoso
1180 3868 1458 3921 mendacio
1492 3868 1843 3925 redimerent.
1873 3871 2045 3940 Igitur
2072 3871 2366 3939 imperator
2393 3882 2542 3926 certo
2568 3871 2634 3926 ad
2673 3872 2812 3943 hanc
2846 3872 3228 3927 discretionem
3266 3869 3469 3924 facien-

185 3963 317 4017 dam
354 3964 590 4019 consilio
625 3973 818 4034 parato
850 3964 1028 4034 palam
1057 3963 1305 4018 consedit
1351 3963 1405 4017 in
1458 3965 1725 4034 imperiali
1777 3967 1943 4033 solio,
1991 3967 2361 4022 assidentibus
2413 3976 2524 4021 tum
2582 3982 2612 4021 e
2669 3966 2950 4021 senatorio
2993 3976 3104 4019 tum
3160 3980 3225 4019 ex
3276 3962 3457 4018 eccle-

184 4056 422 4112 siastico
474 4058 686 4111 circum
721 4058 912 4111 ordine
951 4053 1222 4124 plurimis,
1254 4053 1636 4111 Nazaraeorum
1668 4072 1888 4126 quoque
1927 4073 2021 4113 seu
2053 4057 2444 4113 monachorum
2491 4057 2734 4126 ipsorum
2774 4055 3107 4110 doetissimis
3149 4053 3461 4124 quibusque

183 4153 253 4206 ad
292 4153 395 4208 boc
424 4152 687 4221 judicium
721 4151 952 4208 allectis.
1004 4152 1143 4207 Ante
1185 4153 1329 4206 hunc
1380 4165 1696 4206 consessum
1748 4153 2028 4222 productis
2079 4151 2335 4207 omnibus
2367 4152 2459 4220 qui
2492 4150 2839 4220 Bogomilicte
2889 4147 3188 4205 insimulati
3236 4145 3465 4201 haeresis

185 4248 434 4315 fuerant,
488 4246 819 4316 interrogari
871 4246 1050 4302 denuo
1103 4260 1551 4316 unumquemque
1604 4247 1901 4315 imperator
1935 4245 2123 4315 jussit,
2182 4244 2567 4315 Bogomilusve
2622 4260 2690 4297 an
2754 4241 3069 4297 Catbolicus
3138 4240 3335 4311 esset]!
3397 4236 3469 4293 Ut

183 4350 375 4395 autem
422 4340 489 4394 ad
548 4340 661 4393 haec
698 4337 916 4407 quidam
952 4352 1011 4393 se
1069 4337 1376 4409 Bogomilos
1432 4336 1847 4407 profitebantur,
1909 4337 2183 4408 ﬁxamque
2215 4347 2268 4391 et
2304 4336 2368 4391 ad
2403 4336 2654 4390 ultimum
2690 4332 3100 4389 irrevocabilem
3148 4332 3213 4386 ad
3246 4341 3457 4385 sectam

183 4434 417 4503 impiam
477 4430 847 4484 adhaesionem
903 4428 1299 4498 praeferebant;
1368 4429 1459 4483 alii
1521 4432 1895 4499 pernegabant
1945 4430 2226 4484 enimvero
2292 4428 2425 4484 tales
2473 4442 2595 4482 esse
2642 4441 2735 4492 se,
2794 4424 3245 4492 Christianosque
3299 4439 3464 4479 veros

184 4542 253 4581 ac
309 4526 513 4593 probos
566 4522 944 4585 alﬁrmabant;
983 4521 1211 4589 objectis
1260 4522 1315 4575 in
1356 4521 1691 4577 contrarium
1726 4520 1961 4576 testibus
2017 4535 2210 4589 magno
2264 4520 2319 4573 in
2366 4534 2427 4574 os
2479 4518 2729 4575 convicio
2780 4516 3119 4581 refutandis,
3156 4515 3458 4584 imperator

176 4636 249 4676 ex
305 4617 613 4685 composito
669 4624 951 4683 assumpta
1024 4614 1145 4667 irati
1222 4614 1777 4682 larva,,postquam
1827 4613 1882 4667 in
1939 4629 2129 4669 oumes
2181 4613 2386 4681 pariter
2437 4626 2504 4666 ex
2559 4609 2786 4665 intentis
2843 4608 3156 4677 superciliis
3210 4607 3456 4664 minaces

177 4711 595 4768 flammantium
655 4705 941 4761 oculon
1004 4704 1233 4758 intuitus
1291 4704 1591 4775 ejaculatus
1658 4712 1763 4769 est,
1811 4705 1977 4760 edicit
2034 4706 2085 4759 in
2144 4706 2291 4760 hunc
2343 4704 2609 4759 modum:
2669 4701 2802 4757 Volo
2857 4701 3123 4771 jubeoque
3178 4700 3277 4752 Imc
3329 4700 3449 4767 ipsa

173 4808 269 4859 die
320 4816 484 4871 pyras
532 4797 780 4853 succendi
824 4798 1077 4866 geminas.
1115 4795 1317 4850 Harum
1350 4797 1504 4851 alteri
1534 4797 1920 4864 superpositam
1953 4797 2178 4850 eminere
2222 4811 2430 4849 crucem
2466 4794 2623 4847 humo
2656 4792 2867 4863 penitus
2925 4793 3152 4859 inﬁxam
3207 4790 3317 4840 ima
3368 4788 3455 4841 sui

1291 4935 1489 4997 Variae
1530 4935 1839 4998 lectiones
1873 4952 1950 4997 ex
1981 4936 2121 4997 cod.
2154 4934 2427 4997 Coislin.

258 5064 307 5095 “
339 5063 478 5132 πρὸς
511 5060 759 5131 θατέρον.
836 5058 882 5090 ⁸³
900 5056 993 5110 καὶ
1024 5056 1213 5127 ἡμεῖς.

1195 5192 1335 5253 Car.
1374 5188 1703 5251 Dut‘resnii
1736 5189 1834 5249 Du
1864 5188 2095 5267 Cangii
2159 5191 2352 5248 notua.

259 5329 387 5399 (97)
415 5326 761 5399 Ναᾷραίων.
787 5322 887 5399 Qui
923 5329 982 5399 e_t_
1016 5320 1479 5399 Nvapaior,nrjuo
1516 5312 1775 5399 vocabulo

1882 5313 2118 5376 στασίαι,
2133 5310 2461 5399 ψαλμῳδιῶν
2475 5308 2749 5388 ἁρμονίαι,
2770 5309 2992 5399 στάσεις
3013 5308 3297 5399 πάννυχοι,
3322 5324 3464 5399 περ-

177 5378 688 5453 uiétiuu'dFC'r'éeis‘
711 5378 1070 5462 scriptoribus
1106 5378 1248 5462 tua;
1283 5378 1548 5453 religiose
1595 5394 1775 5462 secta:

1889 5378 2373 5462 Oévwa‘cspvétqc,
2422 5378 2702 5462 γυναικῶν
2733 5379 3021 5462 ετὶκῆοσμίίιὶ.
3053 5378 3463 5462 etc.'t\'icepho:-

182 5448 357 5523 ῐδῖἑξ
489 5448 765 5528 uiduitate;
819 5448 962 5533 quod
1001 5463 1176 5515 instar
1205 5448 1584 5533 Nazareorum
1635 5452 1776 5533 apud
1889 5470 1979 5533 rus
2042 5448 2722 5533 Qornstaritinopolitanus:
2776 5448 2931 5533 :Eza'
2967 5450 3023 5533 ξὲ
3078 5449 3257 5533 πνέων
3322 5448 3465 5528 κριτὰ

1918 5524 1984 5588 ἧς
2048 5520 2302 5581 ἀσεϐείας
2378 5520 2439 5571 τὸ
2508 5519 2650 5588 ἱερὸν
2734 5518 2842 5571 τῶν
2885 5519 3217 5588 Ναζηραίων
3278 5517 3464 5588 σχῆμα

181 5538 494 5604 Hebraeos,
584 5539 649 5593 de
718 5523 976 5604 quorum
1024 5541 1169 5585 secta
1210 5538 1275 5604 _et
1307 5527 1551 5604 instituto
1601 5523 1779 5604 agitur
1884 5524 1984 5604 τῆς

547 5587 667 5675 cap.
716 5587 769 5668 ὅ,
805 5587 1133 5675 strictiorent
1155 5599 1339 5675 _vitam
1389 5587 1775 5675 alttpleete'ren:

1886 5587 2831 5675 xai066_p_t'oev._Utunturqlgriatius
2893 5587 3160 5675 (liaco’ulus
3220 5588 3277 5671 'in
3346 5587 3461 5675 Voita

179 5656 309 5731 ῐίιῖπζ
340 5656 1029 5743 ἐ-ιιίιιίιε-εῂᾗαξῆρήαῖοςζό
1050 5666 1191 5743 ΑΘεῷ
1233 5656 1651 5743 κεχωρισμένος.
1685 5658 1775 5714 καὶ

1886 5656 2375 5743 ξοηοιὶ’ΝἰεορΙιοι·ἰ
2408 5658 3335 5743 patricii_CopstantinoppliIani,3.
3365 5656 3459 5723 εἰς

160 5725 314 5815 aee
327 5725 584 5818 gaesa;
605 5725 634 5801 ὁ
653 5725 931 5818 ᾖὄῴἱρέῖ
946 5725 1174 5818 Ἐυιιειυῗ
1198 5725 1366 5818 Notis
1379 5725 1567 5818 fhsi”!
1587 5731 1775 5818 -“eﬁir

1883 5735 2124 5793 Joannes
2154 5725 2635 5818 Bl_iocas,'cap.-1l
2667 5744 2686 5818 ξ
2714 5725 3137 5818 ἓξοιιιίοὶυξζιεί).
3175 5744 3228 5797 I;
3261 5728 3465 5783 Canta-

148 5797 725 5885 ἐπίἱίίιξῖὸἱιέεξῂιέίὰξ
744 5797 1027 5885 Νιῖὶίᾖιῃ.-
1056 5797 1426 5885 orat.'_lla_hila
1452 5804 1514 5885 ⁹ἰιι
1545 5797 1775 5856 concilio
1886 5819 2143 5877 cuzenus,
2171 5803 2264 5861 lib.
2289 5818 2351 5871 ιι,
2386 5797 2508 5871 cap.
2536 5800 2603 5855 16
2631 5808 2685 5854 et
2714 5797 2782 5852 29
2811 5808 2863 5855 et
2886 5799 2998 5856 alii.
3065 5797 3075 5801 ⁷
3360 5821 3365 5827 ·

138 5870 796 5948 υυιιεῖοιῆἱιιδιιοίίιοιιθ
832 5901 847 5907 ⁸
923 5879 1154 5949 Χαίρετε
1212 5870 1540 5945 Ναζηραίων
1621 5887 1781 5941 χορο-
