4022 6282
601 285 738 352 1191
1907 280 2134 343 ΑΝΝιΕ
2170 280 2189 340 (

2170 277 2550 340 COMNEN/E
3623 293 3727 358 1192

591 406 857 476 partibus,
891 406 1170 459 humerum
1205 402 1261 457 in
1295 400 1525 456 alterum
1577 400 1795 469 copiose
1847 407 2163 462 corrtvavtt,

2148 439 2163 462 ,
2191 399 2242 458 Α
2269 396 2362 448 καὶ
2395 395 2593 466 ἢκουον
2621 395 2729 447 τῶν
2745 394 3075 463 λεγομένων,
3103 399 3190 452 καὶ
3215 402 3320 464 τοῖς
3342 403 3426 457 τοῦ
3446 405 3732 476 Καλλικλέους

610 499 790 567 ibique
817 497 1065 550 detinuit.
1098 494 1244 548 Multi
1281 493 1655 548 statimacciti
1704 491 2053 552 medicorum,
2088 491 2172 543 ni-

2144 517 2172 530 -
2277 484 2434 552 κάγὼ
2468 484 2836 554 συνετιοέμην
2881 486 3083 554 λόγοις.
3113 490 3228 544 Τῶν
3254 493 3490 550 πλειόνων
3519 499 3558 551 δ’
3581 500 3732 574 iungi!

594 589 668 643 hil
733 588 853 641 inde
905 587 1184 642 sinistrum
1239 585 1464 639 ominati
1517 593 1662 639 sunt.
1721 582 1870 638 Unus
1913 580 2170 635 Nicolaus

2147 596 2170 634 s
2277 577 2462 646 ψῆφος
2487 576 2729 646 ἐκράτει.
2769 578 2931 632 Ἀλλὰ
2963 581 3082 632 τότε
3111 581 3174 650 δὴ
3193 583 3307 636 τότε
3320 585 3376 636 τὸ
3405 588 3491 656 μὲν
3520 590 3735 660 ῥεῦματοῇ

595 678 858 741 Callicles,
893 687 1040 731 vates
1103 677 1204 730 heu
1246 676 1411 729 nimis
1441 688 1606 729 verax
1663 691 1676 727 :
1713 672 1850 726 male
1903 686 1962 726 se
1989 671 2170 725 vereri

2153 671 2170 725 i
2280 667 2559 738 βασιλικοῦ
2580 668 2828 738 σώματος
2842 670 2942 732 τὰς
2960 672 3201 742 συνήθεις
3215 675 3552 746 ὲπικρατῆσαν
3563 682 3735 752 ἡμέρας,

596 770 731 822 dixit
779 785 844 822 ne
877 784 908 821 a
967 779 1224 822 consueto
1256 767 1306 820 in
1340 778 1521 834 partes
1551 773 1806 820 externas
1827 761 1971 816 fluxu
2003 761 2172 815 dedu-

2147 788 2172 801 -
2279 759 2692 832 ἀπεμαραίνετο
2711 801 2727 828 ,
2765 764 2860 816 καὶ
2887 765 3023 835 πρὸς
3056 765 3241 834 ὑγείαν
3273 769 3298 820 ὁ
3325 771 3526 837 κάμνων
3551 773 3735 844 ἐπανῄει.

595 871 712 916 ctus
746 861 960 924 humor,
988 871 1151 929 atque
1185 859 1236 913 in
1271 859 1530 913 inleriora
1556 855 1923 920 retrocedens,
1968 854 2238 906 funestum
2291 852 2533 920 aliquod,
2573 861 2627 909 et
2658 855 2899 910 remedio
2952 857 3099 911 nullo
3146 863 3479 928 procurabile,
3522 865 3566 916 in
3606 867 3758 938 vitalia;

596 956 810 1026 penitus
846 952 960 1023 ipsa
993 954 1195 1006 malum
1246 953 1589 1019 importaret.
1622 949 1759 1014 Nos,
1797 947 1940 1015 quod
1977 945 2363 999 aversabamur
2392 945 2617 1000 credere
2665 961 2769 1001 non
2820 949 2997 1016 proni,
3051 949 3313 1004 Calliclem
3352 954 3427 1007 sic
3467 941 3760 1036 disserentem:

599 1051 974 1120 neglexitnus;
1029 1065 1146 1115 nec,
1189 1049 1330 1118 quod
1364 1049 1590 1118 jubebat
1621 1045 1711 1099 ille
1738 1050 1980 1097 actutum
2012 1040 2127 1095 fieri
2163 1056 2284 1096 cum
2309 1042 2753 1098 interminatione
2779 1043 3007 1112 periculi
3031 1047 3227 1113 gravis,
3255 1047 3519 1104 exhaurire
3537 1051 3756 1104 sentinam

597 1143 722 1209 mari
752 1143 994 1210 corporis
1030 1141 1328 1208 proliinatis
1358 1140 1537 1194 statim
1572 1134 1930 1206 purgantibus
1961 1133 2270 1202 pharmacis
2327 1134 2662 1189 curavimus.
2715 1134 3062 1189 Abhorrebat
3099 1139 3166 1190 ab
3225 1136 3471 1204 ejusmodi
3516 1140 3738 1208 potionibus

598 1232 861 1300 majorem
898 1231 952 1284 in
989 1233 1204 1284 modum
1241 1244 1391 1283 meus
1421 1236 1592 1295 pater,
1631 1225 1898 1294 planeque
1931 1223 2190 1276 hactenus
2220 1232 2497 1292 expertem
2551 1223 2901 1279 miseriarum
2949 1226 3138 1282 talium
3179 1227 3339 1282 vitam
3383 1230 3594 1283 duxerat.
3631 1230 3736 1302 [‘97

597 1323 873 1381 Favebant
902 1326 966 1378 ad
1022 1327 1134 1377 haec
1167 1325 1283 1391 ejus
1334 1321 1552 1376 fastidio
1582 1332 1645 1373 ac
1677 1316 2049 1372 consuetudini
2084 1316 2275 1370 medici
2307 1317 2632 1386 complures,
2668 1321 3030 1389 princepsque
3087 1319 3227 1375 inter
3267 1335 3442 1374 omnes
3494 1320 3740 1378 Panteclnus

599 1419 848 1483 Michael,
905 1417 997 1487 qui
1031 1423 1141 1468 tum
1170 1415 1396 1469 aliarum
1435 1426 1568 1481 pene
1597 1411 1860 1475 omnium,
1895 1419 2007 1465 tum
2037 1408 2152 1478 ejus
2179 1423 2340 1477 quam
2381 1410 2652 1478 prtecipue
2698 1409 2979 1465 factitabat
3010 1413 3147 1466 artis
3183 1411 3446 1466 medicina:
3495 1412 3739 1465 consultissi'

600 1527 720 1566 mus
753 1510 986 1564 habitus.
1020 1509 1183 1563 etiam
1243 1507 1570 1575 peculiarem
1614 1505 1858 1557 notitiam
1908 1501 2240 1556 habitudinis
2277 1515 2341 1555 ac
2380 1501 2625 1571 corporis
2658 1502 2836 1557 Alexii
2881 1503 3042 1573 longo
3077 1518 3175 1558 usu
3222 1513 3276 1558 et
3305 1503 3632 1558 observatione
3655 1504 3739 1556 bau-

601 1604 738 1658 sisse
767 1610 1000 1670 peierat,
1035 1600 1206 1651 multo
1261 1613 1384 1650 cum
1419 1611 1484 1649 eo
1515 1605 1756 1664 tempore
1790 1600 2056 1648 versatus.
2090 1593 2136 1646 ls
2165 1607 2294 1662 ergo
2316 1607 2436 1646 cum
2467 1602 2522 1647 et
2550 1609 2671 1660 sua,
2702 1603 2756 1648 et
2791 1593 3021 1650 aliorum
3055 1596 3319 1650 sententia
3351 1595 3576 1664 plurium,
3607 1608 3738 1662 purga'

602 1696 750 1746 tione
806 1707 1029 1759 prorsus
1060 1689 1428 1751 interdiceret,
1465 1701 1624 1755 quem
1656 1694 1766 1739 tum
1791 1694 1979 1739 contra
2012 1693 2243 1739 cunctos
2266 1700 2405 1739 unus
2432 1686 2610 1740 nitens
2647 1684 2899 1741 Callicles
2947 1686 3238 1742 moveret?
3296 1687 3459 1742 Nihilo
3506 1687 3580 1741 ille
3625 1697 3740 1740 ulmea

603 1785 888 1845 insistebat
918 1781 1114 1845 minus,
1144 1793 1211 1832 ex
1244 1785 1418 1841 certa,
1451 1785 1536 1842 ut,
1574 1785 1765 1830 eventa
1803 1782 2196 1838 monstrarunt,
2235 1774 2401 1828 futuri
2431 1774 2791 1843 providentia,
2825 1776 3064 1845 graviter
3101 1776 3406 1840 admonens,
3441 1775 3643 1844 claraque
3663 1788 3744 1828 voce

605 1877 933 1932 denuntians
962 1890 1026 1928 ac
1052 1882 1371 1927 contestans
1406 1870 1546 1937 fore,
1580 1881 1638 1924 ut
1671 1869 1715 1924 si
1754 1869 1978 1923 noxium
2012 1868 2289 1922 humorem
2329 1868 2397 1921 ab
2432 1867 2682 1922 articulis
2707 1869 2998 1934 extremis,
3045 1883 3156 1938 quo
3200 1871 3327 1926 ferri
3372 1869 3739 1932 consueverat,“

602 1973 891 2026 humerum
923 1981 1085 2034 atque
1109 1968 1174 2018 ad
1201 1965 1398 2018 collum
1434 1963 1653 2030 impune
1682 1961 1904 2023 retrahi,
1949 1957 2286 2026 liberumque
2315 1957 2516 2011 fluxum
2556 1957 2756 2012 habere
2787 1957 3054 2024 sinerent,
3115 1959 3163 2014 is
3212 1975 3305 2030 per
3330 1960 3555 2015 haustum
3595 1960 3742 2028 pham:

602 2081 786 2117 eorum
817 2061 1160 2132 purgantium
1211 2071 1313 2111 non
1354 2057 1670 2117 exhaustus,
1707 2053 1762 2107 in
1810 2053 2044 2121 aliquam
2086 2049 2537 2120 primigeniarum
2589 2051 2846 2118 partium,
2885 2059 3045 2120 atque
3100 2053 3233 2108 adeo
3269 2053 3319 2106 in
3351 2066 3438 2106 cor
3475 2053 3634 2121 ipsum,
3663 2065 3740 2104 cum

603 2155 942 2225 irreparabiii
977 2153 1214 2223 pernicie
1243 2150 1594 2205 redundaret.
1631 2147 1759 2203 Haec
1793 2148 1872 2203 sic
1907 2148 1974 2202 ab
2004 2160 2070 2201 eo
2103 2148 2374 2214 disputata
2424 2158 2524 2214 ego
2551 2145 2666 2214 ipsa
2707 2144 2922 2213 recolo;
2987 2147 3208 2202 interfui
3243 2147 3401 2213 enim,
3429 2147 3606 2202 domina
3633 2157 3743 2198 matre

603 2267 724 2306 mea
758 2251 836 2305 sic
868 2248 1116 2316 jubente,
1147 2252 1311 2312 atque
1353 2243 1489 2297 adeo
1532 2242 1721 2311 praefui
1759 2241 2142 2296 consultationi
2175 2249 2287 2293 tum
2336 2239 2421 2293 isti
2455 2239 2822 2295 medicorum.
2849 2239 2926 2294 Ac
2957 2241 3183 2296 memini
3219 2256 3301 2296 me
3334 2257 3448 2296 cum
3473 2249 3522 2296 et
3552 2239 3743 2294 Callicle-

602 2349 659 2397 et
688 2347 918 2394 caeteros
939 2350 1036 2405 pro
1063 2350 1124 2390 se
1161 2349 1430 2402 quemque
1460 2334 1793 2388 disserentes
1840 2331 2194 2394 audivissent,
2229 2328 2586 2398 persuasione
2615 2329 2824 2400 privata
2859 2330 2914 2386 in
2955 2341 3148 2402 partes
3190 2346 3245 2390 et
3282 2335 3568 2390 sententiam
3590 2332 3746 2387 Callida

606 2433 909 2501 abreptam.
946 2427 1236 2482 Praevaluit
1273 2435 1451 2480 tamen
1484 2423 1870 2492 sufiragiorum
1901 2423 1952 2477 in
1980 2421 2317 2477 contrarium
2353 2436 2635 2489 numerus,
2679 2431 2735 2477 et
2774 2421 3009 2493 plurium
3037 2424 3273 2481 calculis
3301 2435 3557 2494 superatus
3587 2437 3648 2482 est
3669 2424 3747 2480 Cal-

606 2523 754 2579 licles
783 2521 922 2575 felici
952 2522 1018 2572 ad
1052 2519 1215 2570 breve
1243 2516 1479 2583 spatium
1537 2514 1868 2568 vincentium
1927 2520 2142 2566 eventu.
2180 2507 2460 2578 Siquidem
2492 2510 2716 2565 rheuma
2747 2521 3011 2568 consueto
3057 2513 3272 2570 dierum
3305 2515 3429 2570 orbe
3461 2517 3648 2585 Augusti
3666 2533 3748 2572 cor-

607 2630 741 2685 pore
773 2613 1023 2681 potitum,
1061 2607 1333 2661 remittere
1359 2606 1525 2674 coepit
1555 2605 1847 2674 malignam
1872 2603 2010 2671 vim;
2045 2600 2310 2672 pauloque
2350 2608 2492 2668 post,
2555 2600 2755 2656 sensim
2788 2601 2934 2658 malo
2978 2614 3322 2671 senescente,
3375 2605 3574 2676 pristino
3601 2606 3681 2661 fere
3697 2614 3748 2661 est

606 2722 749 2777 aeger
793 2704 962 2773 vigori
1009 2701 1274 2754 redditus.
1372 2698 1381 2706 ’

675 2797 924 2852 Nondum
948 2797 1072 2852 inde
1092 2814 1184 2852 sex
1213 2812 1423 2852 menses
1456 2797 1742 2865 tinxerant,
1775 2814 1895 2854 cum
1917 2799 2019 2853 alia
2046 2812 2174 2856 ecce
2204 2803 2246 2858 Β

2163 2803 2246 2858 ιΒ
2345 2793 2500 2848 Οὕτω
2588 2794 2755 2864 μῆνες
2800 2796 3084 2867 παρῆλθον
3127 2797 3208 2863 ἒξ,
3254 2798 3346 2852 καὶ
3383 2797 3587 2869 ὀλέθριον
3607 2797 3751 2868 νόσημα

604 2892 821 2949 sontica
866 2899 920 2942 et
964 2889 1267 2958 periculosa
1319 2892 1634 2959 imperatori
1675 2891 1922 2946 valetudo
1971 2893 2182 2961 incidit,

605 3000 680 3039 ex
729 2995 966 3035 maerore
1013 2996 1076 3034 ac
1109 2981 1472 3035 sollicitudine
1505 2981 1688 3036 nimiis
1736 2984 1805 3037 ob
1839 2983 2186 3051 quotidianas

611 3088 774 3128 curas
813 3081 866 3127 et
901 3087 1226 3127 concursum
1257 3074 1536 3128 variorum
1561 3083 1615 3128 et
1644 3076 1888 3143 gravium
1919 3075 2076 3129 simul
2101 3077 2185 3130 in-

606 3164 921 3234 grnentiunt
951 3163 1311 3231 negotiorum.
1347 3163 1421 3240 De
1451 3164 1551 3217 hoc
1582 3165 1772 3218 morbo
1797 3163 2028 3219 referam
2057 3165 2186 3234 quid

612 3257 731 3324 ipsa
773 3270 839 3308 ex
871 3256 998 3323 aegri
1030 3270 1125 3307 ore
1157 3254 1327 3321 ipsius
1351 3257 1547 3322 sacpius
1577 3256 1715 3323 apud
1751 3270 1925 3310 meam
1959 3265 2186 3309 matrem

610 3346 681 3399 tle
722 3360 785 3398 co
818 3346 1278 3399 confidentissime
1320 3347 1594 3415 querentis
1633 3361 1816 3401 coram
1857 3348 2184 3416 acceperim.

614 3436 742 3490 “me
769 3437 885 3504 ejus
917 3436 1083 3490 ferme
1114 3438 1290 3490 oratio
1317 3447 1434 3492 erat
1464 3455 1480 3493 :
1512 3437 1650 3502 Quid
1679 3454 1788 3492 esse
1817 3438 1991 3491 dicam
2014 3455 2187 3493 causa:

611 3527 752 3598 quod
794 3528 920 3580 mihi
957 3528 1070 3594 jam
1102 3528 1328 3597 difﬁcilis
1373 3532 1647 3598 respiratio
1682 3542 1779 3586 est.
1820 3532 2020 3599 Cupido
2054 3547 2190 3600 sa’pe

615 3635 696 3672 me
725 3621 938 3673 incessit
980 3621 1281 3687 respirandi
1309 3621 1546 3687 liberius,
1585 3623 1965 3692 hauriandique
2007 3625 2190 3691 copio-

615 3727 732 3765 sum
792 3729 989 3776 acrem,
1045 3705 1196 3780 quem
1255 3711 1518 3766 laboranti
1562 3711 1832 3781 alfandam
1874 3722 1922 3768 et
1947 3729 2188 3781 oppresso

617 3803 800 3864 cordi;
845 3814 900 3856 at
950 3817 1064 3856 ecce
1105 3803 1428 3857 intercedens
1477 3805 1650 3857 nescio
1681 3819 1796 3872 qua:
1831 3805 1909 3858 vis
1947 3812 2189 3858 conatum

617 3893 903 3960 intercipit,
940 3894 1212 3962 medioque
1237 3894 1292 3946 in
1322 3896 1515 3962 impetu
1546 3892 1745 3963 frustra
1767 3893 1944 3959 hians,
1978 3895 2064 3948 uia:
2086 3897 2184 3948 ite-

617 3992 738 4034 rata
782 3984 970 4050 stepius
1020 3983 1352 4035 contentione
1387 3981 1468 4035 vel
1516 3982 1674 4036 semel
1712 3983 1903 4036 ducere
1943 3984 2191 4052 spiritum

619 4089 751 4140 quea
821 4073 949 4126 satis
988 4073 1216 4142 largum,
1257 4082 1313 4126 ut
1348 4089 1450 4127 non
1492 4073 1671 4126 multis
1707 4073 1946 4142 partibus
1976 4075 2190 4142 deﬁciat

618 4164 682 4214 ab
706 4178 768 4215 ea
798 4163 945 4230 copia
978 4178 1135 4232 quam
1169 4163 1420 4216 anhelans
1451 4164 1732 4233 requireret
1763 4164 2005 4218 obrutum
2053 4181 2144 4218 cor
2170 4180 2188 4218 .'

619 4253 702 4302 cui
744 4254 880 4304 velut
917 4253 1198 4321 quamdam
1230 4253 1526 4306 incumbere
1556 4252 1740 4306 molem
1775 4253 2033 4322 lapideam
2065 4269 2191 4322 gra-

619 4341 886 4392 uissimam
927 4345 1132 4406 sentio;
1178 4349 1229 4394 et
1269 4357 1333 4394 ea:
1369 4342 1525 4410 hujus
1566 4345 1905 4411 impressione
1947 4344 2190 4412 ponderis

621 4439 824 4495 ceptum
851 4431 1141 4495 suspirium
1171 4430 1414 4498 abruntpi
1432 4448 1450 4495 ;
1491 4447 1602 4496 nec,
1636 4433 1813 4484 omnia
1875 4433 2191 4500 circumspe-

620 4527 771 4571 ctans
820 4519 963 4584 licet,
988 4535 1288 4587 autnentque
1329 4522 1383 4573 in
1425 4535 1623 4584 partem
1671 4539 1884 4576 versans
1936 4525 2188 4589 animum,

623 4609 948 4661 comminisci
980 4625 1131 4675 queo,
1170 4609 1306 4662 unde
1337 4627 1499 4678 quave
1536 4628 1600 4664 ex
1623 4629 1782 4666 causa
1818 4612 1871 4666 id
1909 4615 2030 4668 mibi
2053 4615 2191 4667 acci-

630 4701 764 4752 derit
799 4699 1214 4754 incommodum.
1239 4700 1329 4750 Est
1375 4710 1421 4751 et
1470 4700 1616 4753 aliud
1662 4703 1774 4768 ejus
1813 4705 2035 4772 generis,
2055 4707 2192 4774 quod

626 4792 722 4845 tibi
751 4807 845 4860 pro
873 4801 1052 4842 nostra
1081 4791 1304 4856 ﬁducia,
1332 4801 1487 4859 caput
1519 4793 1909 4859 charissimam,
1941 4812 2043 4849 una
2068 4815 2194 4865 par-

625 4883 785 4948 ticeps
808 4896 1027 4934 casuum
1053 4897 1402 4949 sensuumque
1425 4883 1658 4934 omnium
1683 4901 1934 4950 meorum,
1960 4891 2194 4954 aperiam

623 4975 678 5025 in
710 4988 962 5040 pra'sens.
1009 4971 1286 5026 Oscitandi
1314 4973 1620 5043 plerumque
1659 4974 1820 5028 libido
1863 4975 2030 5030 malas
2065 4980 2194 5032 mihi

625 5063 910 5132 disjungit.
966 5062 1230 5115 Cazterum
1291 5073 1552 5116 attractus
1603 5064 1777 5118 hianti
1838 5083 1926 5121 ore
1978 5071 2194 5138 spiritus

625 5151 800 5206 nescio
844 5167 945 5220 quo
987 5152 1370 5206 intercurrente
1412 5154 1717 5218 prohibetur
1753 5156 1916 5220 obice,
1958 5174 2021 5212 ne
2051 5162 2192 5212 intus

622 5253 885 5315 penetret;
925 5246 978 5296 id
1016 5247 1152 5314 quod
1192 5245 1323 5297 mihi
1375 5246 1538 5300 multo
1576 5250 1863 5303 maximam
1901 5263 2042 5304 creat
2084 5269 2197 5325 mo-A

623 5336 854 5389 lestiam.
885 5334 1022 5404 Quid
1057 5337 1264 5390 tandem
1301 5337 1397 5390 hac
1433 5338 1527 5402 sit,
1563 5355 1659 5408 age
1689 5341 1934 5405 edissere,
1967 5344 2011 5394 si
2037 5343 2199 5397 nosti;

2288 2887 2352 2940 ἐκ
2388 2888 2490 2957 τῆς
2531 2885 2735 2954 πολλῆς
2789 2887 2930 2957 τάχα
2990 2888 3246 2960 ἀθυμίας
3297 2890 3401 2942 τῶν
3448 2890 3549 2943 καθ’
3588 2890 3751 2956 ἑκάστην

2287 2978 2747 3048 προσπιπτόντων
2802 2979 2952 3050 αὐτῷ
2982 2981 3080 3034 καὶ
3117 2981 3221 3051 τῆς
3268 2982 3472 3035 συνόδου
3510 2982 3595 3034 τῶν
3617 2979 3750 3033 κοινῶν

2297 3069 2599 3140 φροντίδων
2624 3068 2960 3140 ξυμϐέϐηκε.
2988 3073 3110 3126 Καὶ
3137 3074 3333 3145 ἢκουον
3357 3074 3505 3128 αὑτοῦ
3531 3073 3648 3142 licuit
3665 3070 3753 3139 πρὸς

2287 3158 2385 3228 τὴν
2431 3157 2678 3228 βασιλίδα
2733 3159 3105 3230 διηγουμένου
3147 3164 3242 3216 καὶ
3276 3159 3383 3217 οἷον
3428 3160 3752 3229 ὲπεγκαλοῦντκ

2289 3249 2423 3321 αὐτῇ
2469 3251 2531 3304 τὸ
2577 3252 2820 3321 νόσημα·
2859 3254 2917 3305 Tl
2947 3253 3081 3306 ποτ’
3119 3255 3237 3323 ἄρα
3279 3257 3344 3310 τὸ
3379 3256 3660 3324 συμϐαῖνόν
3686 3268 3754 3320 μοι

2288 3342 2421 3411 περὶ
2451 3341 2566 3409 τὴν
2614 3343 2939 3413 ἀναπνοὴν
2971 3345 3204 3414 πάθος;
3242 3349 3520 3418 Βούλομαι
3556 3347 3640 3416 γὰρ
3661 3344 3754 3397 ἀνα·

2289 3433 2550 3488 πνεῦσαι
2579 3434 2742 3499 ,βαθὺ
2777 3436 2876 3491 καὶ
2901 3437 3148 3507 ἀθρόον,
3176 3439 3275 3496 καὶ
3302 3435 3424 3494 οἷον
3455 3434 3756 3507 κουφισθῆιτιι

2287 3523 2400 3590 τῆς
2444 3525 2792 3594 ἐγκειμένης
2833 3528 3011 3594 ἀνίας
3036 3529 3111 3584 ἐν
3153 3530 3232 3600 τῇ
3267 3531 3485 3600 καρδίᾳ.
3548 3527 3682 3582 Τοῦτο
3715 3521 3758 3574 δὲ

2288 3614 2585 3683 πολλάκις
2617 3617 2934 3686 ἐπιχειρῶν
2972 3621 3122 3676 οὐδὲ
3153 3622 3314 3689 ἅπαξ
3345 3625 3570 3693 δύναμαι
3602 3620 3756 3674 πολλο-

2291 3708 2626 3776 στημόριον
2652 3709 3004 3780 ἀναπέμψαι
3026 3714 3139 3768 τοῦ
3171 3710 3555 3780 extantem“
3579 3711 3755 3779 βάρους,

2288 3799 2356 3852 τὸ
2380 3799 2432 3852 δ’
2455 3799 2776 3856 ἐπίλοιπον
2803 3802 3069 3872 καθάπερ
3104 3824 3196 3874 τις
3231 3809 3398 3875 λίθος
3426 3805 3666 3862 ἐπίκειται
3679 3817 3756 3872 μου

2288 3889 2362 3958 τῇ
2415 3891 2626 3958 καρδίᾳ
2659 3883 3028 3962 βαρύτατος,
3065 3899 3386 3970 ἀνακοπῆς
3418 3899 3480 3953 ἐν
3513 3897 3578 3963 τῷ
3595 3891 3752 3966 pett“

2289 3981 2619 4051 γενομένης
2647 3983 2752 4038 τοῦ
2781 3989 3156 4057 στεναγμοῦ,
3198 3990 3299 4046 καὶ
3342 3990 3446 4060 τὴν
3478 3991 3641 4045 αἰτίαν
3662 3998 3757 4039 cvr-

2291 4072 2443 4127 ιδεῖν
2506 4077 2619 4130 οὐκ
2674 4075 2752 4130 ἂν
2786 4078 3009 4147 ἔχοιμι,
3063 4081 3197 4136 οὐδ’
3234 4084 3443 4138 ὁπόθεν
3464 4081 3523 4135 τὸ
3571 4077 3754 4133 τοιοῦτον

2292 4163 2482 4231 πάθος
2512 4165 2812 4236 ἐγγίνεται
2851 4187 2975 4238 μοι.
3014 4173 3130 4226 Καὶ
3161 4172 3317 4241 ἀλλο
3344 4173 3408 4229 δέ
3433 4192 3482 4230 τι
3506 4183 3752 4242 προσανατ-

2293 4254 2504 4326 γέλλω,
2544 4257 2797 4327 φιλτάτη
2837 4261 3008 4329 ψυχὴ
3032 4265 3287 4318 icon-tore
3326 4264 3438 4319 τῶν
3461 4262 3596 4333 ἐμῶν
3620 4253 3752 4314 παθῶν

2293 4347 2396 4400 καὶ
2438 4349 2896 4418 βουλευμάτων,
2946 4353 3158 4424 χάσμα
3215 4356 3497 4422 πολλάκις
3535 4341 3752 4419 ἐπέρχεταί

2289 4455 2424 4508 μοι,
2459 4439 2561 4492 καὶ
2605 4439 3079 4511 διακοπτόμενον
3131 4445 3204 4499 ἐν
3259 4445 3336 4511 τῷ
3360 4443 3566 4514 μεταξὺ
3607 4438 3655 4492 τό
3677 4437 3751 4488 εισ-

2295 4531 2634 4599 πνεόμενον
2692 4530 2929 4599 πνεῦμα
2983 4539 3290 4605 μεγίστην
3350 4553 3446 4604 μοι
3498 4533 3592 4601 τὴν
3639 4526 3752 4582 drlar

2293 4620 2522 4690 ἐπάγει.
2581 4620 2642 4674 Τί
2689 4635 2833 4676 ποτε
2881 4623 3036 4678 ἄλλο
3086 4627 3155 4680 τὸ
3207 4630 3614 4692 καταλαϐόνμε
3643 4617 3751 4672 τοῦτο

2294 4710 2520 4778 δεινὸν,
2556 4714 2609 4764 ει
2637 4708 2838 4779 οἶδας,
2885 4714 3199 4782 φράζε.,⁹Η
3233 4717 3290 4770 δέ
3340 4734 3400 4784 γε
3431 4713 3624 4786 βασιλὶς,
3645 4704 3750 4761 ταῦτα

2295 4803 2574 4856 ἀκούουσα
2626 4805 2724 4857 καὶ
2775 4803 2920 4875 ἅπερ
2965 4808 3179 4870 ἐκεῖνος
3233 4811 3426 4878 πάσχει
3471 4804 3583 4874 παρ’
3616 4796 3750 4851 intin

2298 4895 2672 4964 μανθάνουσα,
2717 4895 2890 4949 ἐδόκει
2935 4897 3036 4966 μὲν
3068 4895 3213 4952 εἶναι
3256 4899 3420 4969 αὐτῆς
3450 4899 3509 4951 τὰ
3539 4892 3670 4962 πάθη,
3694 4879 3749 4937 καὶ

2296 4983 2485 5056 ὥσπερ
2521 4987 2940 5054 ἀνακοπτομένη
2967 4987 3060 5040 καὶ
3088 4988 3229 5062 αὑτὴ
3261 4989 3354 5043 τοῦ
3387 4988 3641 5056 ἄσθματος,
3664 4973 3750 5027 οὕτω

2293 5076 2527 5129 διέκειτο
2575 5076 2710 5146 πρὸς
2755 5076 2879 5137 τοὺς
2919 5076 3108 5145 λόγους
3146 5080 3245 5134 τοῦ
3291 5064 3750 5150 αὐτοκράτορος.Συ·

2297 5170 2438 5238 χνῶς
2491 5169 2549 5220 δὲ
2607 5171 2730 5231 τοὺς
2782 5171 3162 5240 ἐπιστήμονας
3221 5168 3638 5242 μεταπεμπομένη
3681 5154 3750 5208 τῶν

2301 5257 2522 5326 ἰατρῶν,
2573 5257 2632 5308 τὸ
2681 5256 2775 5308 τοῦ
2829 5259 3142 5330 νοσήματος
3200 5259 3338 5326 εἶδος
3388 5245 3748 5328 πολυπραγμονεῖν

2295 5347 2659 5417 ἠναγκάζετο,
2755 5349 2852 5400 καὶ
2905 5350 3013 5402 τῶν
3081 5351 3272 5405 αἰτίων
3329 5354 3394 5406 τὰ
3444 5344 3636 5419 προσεχῆ
3695 5333 3748 5387 κεί

625 5413 720 5479 liis
751 5429 990 5493 Augusta
1025 5426 1203 5482 verbis
1231 5443 1336 5482 non
1361 5429 1532 5482 solum
1563 5430 1888 5485 edocebatur
1915 5433 1980 5486 de
2008 5421 2192 5489 morbo

2160 5451 2192 5489 ο
2223 5413 2364 5518 υτὰ
2449 5441 2640 5509 πόρρω
2716 5440 2897 5509 ᾐτεῖτο
2991 5443 3204 5511 μαθεῖν.
3282 5445 3341 5497 οι
3403 5413 3494 5510 δὲ(
3543 5431 3745 5506 τὴνκεῖρα

626 5516 928 5586 languentis
959 5519 1205 5588 Augusti,
1254 5535 1435 5574 verum
1473 5523 1598 5578 illud
1631 5525 1800 5593 ipsum
1825 5524 1993 5596 5.98
2026 5529 2184 5595 quasi

625 5609 808 5661 auditu
858 5609 909 5660 in
961 5623 1018 5662 se
1057 5625 1270 5680 quoque
1313 5625 1687 5686 propagatum,
1741 5622 1942 5671 sentire
1987 5621 2182 5672 malum

2294 5533 2412 5593 ταῖς
2495 5530 2781 5601 ἀρτηρίαις
2840 5532 3244 5601 ἐπιϐάλλοντες,
3314 5536 3526 5605 ἔμφασιν
3566 5520 3740 5621 παντοξθν

2294 5623 2467 5686 εἴδους
2545 5621 2842 5690 ἀνομαλίας
2875 5623 2921 5655 ⁸ο
2980 5625 3118 5680 κατά
3171 5628 3346 5681 πᾶσαν
3405 5625 3492 5693 τῆς
3559 5620 3741 5687 ἁρτηρῐαὶ

1664 5711 1860 5774 Variae
1891 5712 2198 5782 lectiones
2224 5735 2300 5783 ex
2338 5718 2480 5781 cod.
2528 5714 2802 5778 Coislin.

699 5773 747 5805 ”
777 5772 1115 5841 ἀνωμαλίας.
