4022 6282
289 371 416 436 1193

1532 363 1942 425 ALEXlADlS
1973 360 2118 449 ιω,
2159 361 2278 420 xv.

3393 361 3525 428 1m

291 486 498 552 κίνησιν
532 480 814 550 εὑρίσκειν
838 479 1239 551 ἀνωμολόγουν,
1267 478 1324 530 τὺ
1349 479 1394 531 δ’
1421 479 1592 532 αἴτιον
1626 479 1858 532 συνιδεῖν

1983 487 2076 543 psa
2113 473 2430 528 videbatur:
2476 485 2674 525 arcana
2713 471 2760 525 vi
2803 469 3004 526 amoris
3036 470 3235 534 intimi,
3267 468 3417 537 cujus
3448 483 3528 526 est

286 574 377 625 οὐκ
406 566 552 640 εἶχον
573 572 678 638 ὅπη
705 572 836 640 μηδὲ
876 570 973 642 τὴν
1003 570 1095 622 τοῦ
1134 569 1399 639 βασιλέως
1453 570 1665 622 δίαιταν
1714 569 1848 621 ἱππί-

289 680 498 729 σταντο,
543 664 680 717 ἀλλά
731 663 873 716 πάνυ
931 663 1389 732 σωφρονεστάτην
1439 662 1530 713 καὶ
1570 659 1723 730 λιτὴν
1759 660 1854 712 καὶ

288 756 415 818 ὅλως
463 757 738 824 γυμνικήν
782 773 842 808 τε
895 756 990 809 καὶ
1046 753 1470 823 στρατιωτικὴν.
1532 752 1851 822 ἀπαγορεύ-

291 864 452 900 σαντα
497 845 605 898 τῶν
659 846 768 899 ἀπὸ
815 847 913 916 τῆς
969 845 1234 916 περιττῆς
1293 844 1504 913 διαίτης
1561 844 1724 908 ὑλῶν,
1778 845 1856 905 εἰς

289 938 461 990 αἰτίαν
514 937 680 1006 ἄλλην
716 936 784 990 τὰ
831 940 930 1006 τῆς
990 937 1353 1007 στενοχωρίας
1407 937 1707 1006 ἀνέφερον*
1762 935 1857 986 καὶ

293 1027 761 1096 προκαταρκτικὸν
785 1026 959 1079 αἴτιον
987 1027 1217 1096 ταυτησὶ
1244 1025 1344 1093 τῆς
1365 1025 1522 1078 νόσου
1549 1024 1702 1077 οὐδὲν
1729 1023 1857 1077 ἄλλο

289 1118 489 1184 ἔλεγον,
519 1116 549 1186 ἢ
575 1116 674 1186 τὴν
701 1117 811 1169 τῶν
847 1116 1146 1185 φροντίδων
1187 1114 1390 1185 πολλὴν
1422 1114 1727 1180 συντονίαν,
1763 1115 1857 1166 καὶ

288 1210 341 1261 τὸ
371 1207 598 1276 συνεχὲς
634 1209 728 1261 καὶ
759 1209 966 1260 πυκνὶν
996 1207 1106 1260 τῶν
1133 1207 1386 1275 θλίψεων,
1419 1207 1858 1278 θερμαινομένης

291 1299 496 1352 ἐκεῖθεν
547 1297 698 1366 αὐτῷ
752 1297 850 1365 τῆς
909 1296 1136 1365 καρδίας
1181 1295 1276 1348 καὶ
1310 1297 1371 1348 τὸ
1406 1296 1660 1363 περιττὸν
1713 1296 1858 1348 ἆπαν

290 1390 546 1458 ἑλκούσης
600 1389 659 1454 ἐξ
691 1387 817 1440 ὅλου
853 1387 948 1440 τοῦ
995 1388 1271 1456 σώματος.
1321 1386 1605 1440 Ἐντεῦθεν
1651 1387 1856 1456 ἠδεινὴ

291 1483 439 1545 νόσος
475 1480 780 1534 ἐπελθοῦσα
832 1481 909 1549 τῷ
955 1481 1343 1548 αὐτοκράτορι,
1385 1478 1678 1549 ἀνακωχὴν
1723 1479 1860 1542 ὅλως

289 1575 383 1626 οὒκ
411 1571 668 1636 ἐνεδίδου,
721 1570 838 1623 ἀλλ’
870 1571 944 1634 ὡς
997 1570 1201 1640 ἀγχόνη
1237 1569 1552 1637 συνέπνιγε.
1593 1568 1860 1622 Τοσοῦτον

289 1664 341 1717 δὲ
372 1663 721 1732 καθεκάστην
769 1660 969 1731 ηῦξανε
1009 1661 1070 1712 τὸ
1102 1662 1199 1731 τῆς
1247 1661 1426 1725 νόσου,
1460 1661 1536 1723 ὡς
1572 1659 1768 1730 μηκέτι
1797 1661 1861 1712 ἐκ

290 1757 692 1826 διαστημάτων,
724 1755 863 1809 ἀλλὰ
905 1753 1146 1823 συνεχῶς
1177 1755 1272 1806 καὶ
1305 1754 1643 1815 ἀδιαστάτως
1689 1753 1860 1822 ἐπέρ-

290 1847 496 1918 χεσθαι,
541 1846 617 1908 ὡς
672 1845 805 1915 μηῗὲ
851 1843 978 1913 περὶ
1027 1843 1264 1913 Θατέραν
1299 1842 1563 1896 δύνασθαι
1597 1841 1858 1895 κατακλιι

291 1937 448 2003 θῆναι
505 1936 597 1989 τὸν
623 1934 1004 2005 αὐτοκράτορα
1028 1933 1293 2004 πλευρὰν,
1345 1933 1480 2002 μηδὲ
1511 1934 1647 2003 πρὸς
1681 1932 1860 2003 ἰσχύος

289 2027 738 2098 ἒχειν-ἀϐίαστος)
777 2026 837 2078 τὸ
884 2024 1148 2094 παράπαν
1201 2023 1522 2076 είσπνεῦσαι
1552 2023 1644 2075 τὸν
1697 2023 1857 2088 ἀέρα.

291 2121 468 2182 Ἅπας
498 2114 594 2172 οὖν
620 2116 926 2187 τηνικαῦτα
952 2116 1306 2188 μετεκαλεῖτο
1341 2114 1548 2185 ἰατρὸς,
1576 2115 1672 2167 καὶ
1702 2116 1736 2184 ἡ
1765 2113 1860 2166 τοῦ

289 2209 684 2280 αὐτοκράτορος
738 2211 915 2273 νότος,
973 2205 1232 2269 ὑπόθεσις
1297 2223 1484 2271 αυτοις
1538 2202 1859 2276 προύκειτο.

301 2301 648 2371 Ἐμερίζοντο
697 2298 754 2352 δὲ
812 2301 934 2361 ταῖς
989 2297 1240 2368 γνώμαις
1289 2299 1387 2363 καὶ
1443 2297 1862 2366 κατετέμνοντο,

290 2395 380 2447 καὶ
422 2393 580 2454 ἄλλος
628 2392 758 2446 ἄλλο
808 2409 860 2444 τι
889 2389 1233 2458 διεγίνωσκε,
1270 2390 1366 2442 καὶ
1417 2389 1554 2459 πρὸς
1588 2388 1686 2459 τὴν
1737 2389 1845 2442 διά·

289 2502 487 2555 γνωσιν
533 2485 793 2554 ἐπειρᾶτο
832 2482 1137 2554 προσάγειν
1163 2481 1262 2553 τὴν
1303 2481 1627 2552 θεραπείαν.
1674 2482 1867 2544 Ὅπως

289 2579 335 2632 δ’
371 2578 434 2631 ἂν
460 2573 604 2648 εἶχεν
630 2577 663 2648 ἢ
691 2577 863 2639 οῦτως
888 2577 921 2647 ἢ
964 2575 1162 2640 οὕτως,
1190 2573 1450 2627 δύσκολον
1482 2570 1596 2644 εἶχε
1629 2573 1699 2626 τὰ
1727 2574 1866 2626 κατὰ

288 2671 379 2724 τδν
399 2670 780 2739 αὐτοκράτορα
811 2683 826 2700 ο
859 2668 981 2722 οὐδὲ
1033 2667 1141 2736 γὰρ
1181 2665 1246 2719 ἂν
1273 2666 1456 2738 ἀκαρῆ
1497 2668 1688 2735 χρόνον
1721 2665 1870 2718 ἐλεύο

292 2763 445 2832 θερον
473 2760 792 2815 είσπνεῦσαι
821 2759 1096 2830 δεδύνητο.
1135 2757 1358 2830 Ὄρθιος
1388 2759 1497 2828 γάρ
1527 2759 1866 2827 ἠναγκάζετο

290 2853 462 2906 διόλου
493 2851 903 2921 ἀνακαθὴμενος
920 2851 1198 2904 ἀναπνεῖν.
1235 2849 1297 2901 Ei
1325 2849 1382 2902 δέ
1405 2865 1508 2901 που
1545 2849 1640 2902 καὶ
1677 2847 1869 2911 ὕπτιος

291 2947 500 3007 κέοιτο,
557 2946 589 3015 ἢ
650 2945 792 2997 κατά
844 2943 1082 3013 θατέροιν
1134 2941 1398 3012 πλευρὰν,
1435 2941 1536 3011 φεῦ
1589 2941 1711 2995 τότε
1769 2940 1865 2992 τοῦ

296 3035 527 3108 βρόχου·
582 3036 704 3090 οὐδὲ
737 3036 847 3106 γὰρ
879 3034 1005 3104 ὲνῆν
1057 3033 1307 3104 συρμάδα
1347 3035 1551 3104 μικρὰν
1599 3032 1693 3085 τοῦ
1737 3033 1867 3098 sem.

1885 1812 1934 1870 Β

1956 580 2178 619 suorum
2233 563 2522 619 affectuum
2569 563 2916 630 aegritudines
2957 563 3284 632 participare
3327 562 3530 616 condo-

1957 658 2152 721 lende,
2199 656 2272 710 ita
2319 667 2375 709 ut
2431 672 2532 725 qua
2589 654 2908 710 difficultate
2963 655 3234 709 anhelitus
3284 655 3532 709 laborare

1959 746 2338 803 charissimuni
2384 746 2668 816 conjugem
2722 746 2837 812 ipso
2889 754 3194 814 exponente
3245 743 3531 808 dilicerat,

1959 839 2072 908 ipsa
2104 838 2360 892 continue
2388 838 2571 891 veniri
2605 837 2709 891 sibi
2745 838 3039 901 videretur,
3075 846 3220 890 certe
3244 848 3552 903 angeretur-

1964 931 2134 986 nihilo
2167 931 2335 986 levius
2371 945 2533 998 quam
2573 931 2616 982 si
2661 945 2845 983 revera
2885 929 3026 982 istud
3067 930 3404 996 exiieriretur
3447 930 3534 982 iii-

1959 1025 2320 1078 commodum.
2355 1024 2494 1092 Ergo
2523 1022 2820 1076 accersitos
2845 1022 3074 1075 subinde
3103 1021 3338 1075 medicos
3363 1021 3536 1075 laces-

1958 1117 2110 1171 sebat
2161 1116 2400 1180 assidue,
2455 1114 2825 1168 cui'iosissime
2865 1124 3196 1181 percontans
3241 1114 3431 1179 ecquid
3469 1114 3535 1167 de

1960 1206 2141 1260 causis
2189 1204 2272 1260 vel
2317 1203 2577 1273 proximis
2606 1203 2690 1258 vel
2728 1205 2952 1258 remotis
2995 1203 3153 1270 hujus
3199 1204 3536 1273 aegritudinis

1960 1296 2226 1364 suspicari
2273 1295 2565 1348 divinando
2604 1308 2667 1348 ac
2703 1293 3076 1348 verisiniiliter
3105 1294 3376 1348 afﬁrmare
3411 1309 3538 1364 pos-

1961 1397 2101 1443 sent.
2128 1388 2229 1454 llli,
2249 1388 2339 1442 tali
2366 1389 2594 1457 imperio
2620 1388 2921 1457 provocati,
2945 1388 3324 1458 cogitationem
3356 1388 3535 1440 inten-

1963 1481 2113 1545 dere,
2155 1490 2429 1548 reputare,
2481 1479 2904 1548 circumspicere
2948 1479 3173 1543 omnia;
3225 1493 3413 1532 verum
3448 1479 3536 1531 ubi

1962 1573 2097 1627 satis
2128 1585 2288 1625 manu
2331 1569 2564 1624 arterias
2603 1570 3040 1638 exploraverant,
3077 1569 3209 1622 nihil
3253 1568 3367 1622 fere
3411 1583 3536 1636 pro-

1964 1666 2286 1720 nuntiabant
2316 1664 2460 1716 aliud
2491 1663 2591 1717 nisi
2627 1677 2876 1729 niagnum
2910 1661 3166 1714 indicium
3200 1660 3535 1727 intemperiei

1964 1758 2141 1813 omnis
2166 1757 2381 1825 generis
2413 1756 2679 1817 maximae,
2718 1754 3029 1822 perturbato
3067 1754 3267 1822 ubique
3297 1754 3538 1820 ina-qua-

1963 1851 2106 1918 lique
2129 1851 2340 1902 arteriae
2367 1849 2541 1916 pulsu,
2579 1847 2663 1901 edi
2693 1862 2708 1910 ;
2745 1844 2860 1910 ejus
2884 1845 2959 1898 rei
2991 1860 3110 1913 qua:
3133 1845 3203 1898 sit
3227 1860 3410 1924 causa,
3439 1859 3541 1898 nec

1963 1941 2133 2012 signis
2181 1950 2309 1994 tunc
2353 1939 2699 1994 eaStantiL-us
2746 1936 2998 2006 intelligi,
3059 1951 3157 1991 nec
3193 1949 3251 1990 se
3295 1935 3540 1989 divinare

1966 2035 2102 2088 satis
2135 2046 2317 2102 posse,
2362 2031 2558 2100 quibus
2605 2045 2794 2099 parum
2831 2039 2974 2083 esset
3024 2038 3363 2096 compertum
3395 2029 3539 2096 quod

1965 2140 2136 2197 genus
2182 2125 2378 2187 vietus,
2433 2135 2669 2193 quamve
2715 2121 2978 2175 rationem
3027 2121 3252 2175 curandi
3298 2121 3544 2188 corporis

1969 2215 2228 2268 adhibere
2257 2215 2554 2281 imperator
2577 2211 2892 2281 quotidiano
2920 2211 3120 2265 dudum
3152 2226 3250 2266 usu
3280 2225 3546 2265 consues-

1969 2317 2075 2361 set.
2129 2303 2582 2374 Respondebatur
2635 2302 3061 2372 frugalissimum
3109 2317 3272 2367 eum,
3327 2301 3544 2369 cibique

1970 2396 2244 2450 hominem
2279 2395 2608 2464 parcissimi,
2652 2394 2809 2462 plane
2853 2403 3068 2447 tenuem
3100 2407 3166 2447 ac
3202 2392 3357 2447 facile
3388 2408 3543 2460 βοτη-

1970 2491 2154 2553 bilem,
2214 2489 2386 2558 qualis
2422 2502 2542 2542 esse
2599 2487 2927 2542 athletarum
2979 2485 3117 2540 solet
3177 2500 3241 2538 ac
3291 2483 3540 2546 militum,

1971 2583 2169 2636 victum
2213 2595 2523 2649 usurpasse,
2566 2577 2866 2649 superﬂuas
2907 2579 3302 2647 exquisitorum
3352 2589 3544 2629 suero-

1971 2690 2088 2729 rum
2145 2689 2208 2727 ac
2287 2672 2617 2726 ferculorum
2675 2671 2897 2725 delicias
2945 2684 3161 2738 semper
3213 2678 3542 2722 aversatum.

1972 2766 2089 2832 Quo
2131 2765 2206 2818 illi
2239 2766 2424 2817 audito
2463 2763 2550 2816 ubi
2607 2774 2764 2816 erant
2807 2761 2963 2825 fassi,
3008 2776 3114 2815 non
3165 2759 3328 2829 igitur
3377 2758 3545 2812 videri

1973 2869 2197 2913 arctata:
2241 2855 2617 2926 respirationis
2650 2853 2840 2908 vitium
2891 2851 3324 2922 intemperantia:
3371 2851 3550 2918 impu-

1973 2952 2212 3015 tandum,
2244 2963 2310 3004 eo
2337 2949 2449 3003 fere
2476 2948 2893 3010 conveniebant,
2927 2957 2982 2999 ut
3011 2962 3232 3000 causam
3267 2955 3546 3000 externam

1978 3042 2137 3111 hujus
2169 3042 2292 3096 mali
2327 3057 2434 3095 non
2485 3041 2644 3094 aliam
2676 3040 2944 3101 dicerent,
2978 3055 3136 3106 quam
3168 3039 3390 3092 nimiam
3419 3054 3552 3091 con-

295 3131 387 3182 θεν
436 3129 597 3199 ἀέρος
646 3127 934 3197 εἰσρυῆναί
990 3145 1048 3179 τε
1090 3129 1184 3179 καὶ
1235 3128 1580 3197 ἀπορρυῆναι
1616 3126 1757 3179 κατά
1804 3143 1865 3193 γε

1978 3134 2274 3186 teutionem
2304 3147 2582 3195 curarum,
2616 3130 3002 3197 assiduumque
3031 3129 3310 3197 appulsam
3343 3130 3548 3181 acrium

291 3223 391 3292 τὴν
443 3221 726 3293 ἀναπνοὴν
783 3219 878 3273 καὶ
939 3219 1224 3289 εἰσπνοήν.
1278 3219 1440 3272 Ἀλλὰ
1493 3217 1586 3270 καὶ
1635 3217 1872 3287 ὁπηνίκα

291 3315 520 3384 ἐλεήσας
568 3332 655 3377 τις
709 3313 900 3366 τοῦτον
951 3311 1118 3374 ὕπνος
1172 3311 1408 3380 ὲπέλοῃ,
1451 3310 1544 3361 καὶ
1594 3309 1718 3361 τότε
1775 3309 1873 3378 τῆς

290 3408 599 3478 πνιγμονῆς
673 3407 939 3460 ἐπεδίδου.
1002 3405 1168 3458 Ὥστε
1241 3404 1383 3456 κατὰ
1446 3401 1624 3455 πάντα
1683 3401 1876 3471 καιρὸν

291 3501 385 3551 καὶ
424 3501 794 3568 ἐγρηγορότος
842 3496 1008 3551 αὑτοῦ
1058 3495 1153 3548 καὶ
1204 3493 1598 3557 ὕπνὼττοντος,
1655 3494 1689 3562 ἡ
1737 3509 1874 3562 συμ-

293 3591 438 3660 φορὰ
471 3592 572 3656 τῆς
626 3591 864 3660 ἀγχόνης
902 3587 1206 3641 ἐπετίθετο.
1263 3585 1418 3637 Ἐπεὶ⁸
1471 3584 1526 3636 δὲ
1579 3583 1878 3653 καθάρσιον

290 3685 396 3736 οὐκ
431 3685 656 3744 ἐδίδοτο,
696 3682 830 3751 πρὸς
866 3679 1236 3750 φλεϐοτομίαν
1270 3676 1608 3745 ἀπέϐλεψαν,
1643 3676 1740 3728 καὶ
1780 3676 1879 3744 τὴν

296 3776 397 3845 μὲν
428 3776 518 3828 διὰ
545 3773 642 3826 τοῦ
676 3775 924 3840 ἀγκῶνος
958 3773 1270 3841 ἀπέταμον,
1312 3771 1374 3822 οὐ
1406 3769 1512 3840 μὴν
1551 3769 1653 3840 τῆς
1685 3767 1882 3835 φλεϐο-

291 3868 490 3936 τομίας
518 3867 799 3932 ἀπώνατο,
851 3866 966 3918 ἀλλ’
1002 3864 1266 3925 ὡσαύτως
1299 3862 1392 3916 καὶ
1422 3863 1583 3915 πάλιν
1609 3857 1748 3930 εἶχε,
1779 3864 1875 3914 καὶ

289 3958 561 4020 δύσπνους
594 3953 664 4028 ἦν
695 3957 815 4020 ὅλος
852 3959 946 4010 καὶ
980 3957 1286 4009 ἐκινδύνευε
1321 3954 1498 4006 διόλου
1524 3954 1710 4006 στενὸν
1742 3954 1878 4006 ἀνα-

292 4053 473 4105 πνέων
508 4054 626 4114 ταῖς
656 4052 846 4122 χερσὶν
889 4050 1045 4120 ἡμῶν
1107 4048 1474 4117 ὲναπερυγείν
1524 4046 1626 4114 τὴν
1674 4045 1877 4115 ψυχήν.

294 4170 428 4222 bare
450 4167 614 4228 latus,
641 4174 733 4218 aut
760 4167 980 4220 omnino
1009 4165 1128 4218 sine
1161 4164 1208 4217 vi
1245 4162 1470 4216 molesta
1496 4161 1879 4231 laboriosoque

294 4271 525 4323 conatu,
558 4259 758 4312 dueere
793 4273 975 4310 aerem
1025 4255 1287 4326 spirando
1330 4262 1534 4324 posset.
1577 4254 1876 4322 Exprome-

293 4353 431 4406 bant
483 4365 580 4418 pro
635 4364 694 4403 se
744 4350 978 4418 quisque
1036 4348 1360 4402 industriam
1420 4345 1580 4399 acciti
1639 4347 1878 4416 undique

297 4443 498 4511 medici
541 4456 752 4506 omnes,
793 4452 979 4510 utpote
1028 4441 1222 4509 quibus
1249 4449 1407 4506 caput
1439 4455 1502 4492 ac
1548 4438 1693 4493 salus
1729 4441 1876 4507 prin-

1973 3225 2416 3287 sollicitudinuni,
2455 3223 2510 3276 in
2537 3222 2682 3276 serie
2715 3232 2822 3274 tant
2860 3223 3112 3274 continua
3156 3235 3334 3273 rerum
3366 3221 3552 3272 adver.

1973 3331 2182 3379 sarum,
2209 3318 2408 3385 quibus
2439 3313 2800 3368 cxcalfactum
2833 3326 2950 3375 cor,
2979 3310 3241 3381 quidquid
3279 3320 3395 3363 erat
3427 3311 3552 3365 reli-

1974 3423 2080 3476 quo
2108 3408 2159 3460 in
2199 3417 2312 3461 toto
2347 3420 2576 3473 corpore
2608 3405 2936 3468 redundans,
2968 3419 3131 3457 oinne
3169 3405 3235 3456 ad
3266 3403 3349 3457 sui
3390 3402 3552 3455 refii-

1975 3501 2182 3570 gerium
2212 3500 2479 3569 rapaciter
2506 3498 2776 3552 trahebat.
2803 3496 2940 3550 Hinc
2973 3497 3122 3551 dirus
3157 3496 3243 3550 hic
3268 3506 3323 3549 et
3355 3496 3550 3550 remis—

1982 3591 2154 3648 sionis
2211 3604 2406 3659 expers
2466 3589 2814 3658 imperatoris
2862 3589 3105 3649 morbus,
3160 3585 3336 3654 iaqltt‘i
3393 3587 3553 3638 modo

1983 3684 2170 3737 fauces
2221 3697 2444 3749 urgens,
2489 3681 2940 3751 strangulatusque
2986 3679 3258 3734 hominem
3312 3677 3549 3732 assidue.

1980 3776 2273 3829 Crescebat
2315 3791 2478 3842 porro
2515 3776 2712 3828 malum
2758 3775 2947 3843 ingens
2981 3791 3008 3826 a
3043 3775 3326 3843 principio,
3370 3775 3551 3840 qunti-

1982 3869 2158 3921 dianis
2216 3869 2538 3936 augineiitis,
2601 3869 2774 3936 iisque
2834 3867 3018 3930 tantis,
3073 3875 3130 3918 ut
3184 3881 3289 3920 non
3328 3868 3438 3933 jam
3487 3879 3554 3917 ex

1983 3962 2302 4024 intervallis,
2367 3963 2461 4014 sed
2519 3961 2799 4026 continue,
2859 3962 3128 4028 simulque
3183 3959 3553 4017 vehementer,

1990 4057 2264 4123 Augustus
2297 4064 2577 4120 urgeretur
2610 4071 2624 4106 :
2661 4067 2832 4120 neque
2876 4062 2972 4106 aut
3003 4053 3054 4104 in
3102 4051 3421 4104 alterutrum
3457 4064 3555 4101 cu-

1989 4172 2261 4232 haustum,
2307 4170 2388 4224 vel
2418 4171 2658 4223 exterius
2693 4167 2958 4222 :illluentis
2991 4168 3282 4221 introrsum
3317 4169 3553 4227 trahere,

1989 4263 2069 4316 vel
2117 4263 2261 4315 intus
2311 4270 2583 4331 conceptae
2631 4259 2778 4315 foras
2822 4259 3148 4327 exi-pirando
3193 4259 3412 4327 pellere,
3465 4274 3560 4326 per

1987 4363 2276 4407 consuetas
2306 4362 2360 4404 ct
2389 4353 2727 4405 necessarias
2759 4349 3132 4417 reciprocandi
3167 4350 3390 4418 spiritus
3414 4350 3560 4402 vices

1987 4445 2092 4496 ullo
2142 4443 2254 4513 jam
2297 4445 2457 4496 modo
2503 4443 2666 4496 miser
2710 4451 2912 4511 posset.
2970 4441 3027 4496 Si
3079 4443 3201 4511 quis
3247 4457 3376 4496 vero
3413 4441 3558 4494 illuni

296 4533 464 4602 cipis,
508 4541 888 4600 argumentum
937 4531 1340 4585 commentandi
1376 4532 1556 4585 nobile
1603 4533 1876 4586 disseren-
1905 4545 1957 4604 D
1986 4537 2135 4605 quasi
2169 4536 2430 4588 miserans
2467 4549 2587 4588 sero
2623 4549 2684 4588 ac
2720 4549 2842 4587 raro
2887 4549 3114 4588 smunus
3156 4533 3456 4598 invaderet,
3491 4550 3560 4586 ne

295 4625 485 4692 dique,
521 4623 858 4692 prepositum
894 4631 1063 4677 esset.
1101 4621 1326 4689 Horum,
1360 4633 1419 4676 ut
1454 4625 1534 4690 lit,
1564 4626 1703 4679 alios
1733 4627 1880 4680 aliud

296 4715 549 4784 sapiebat
575 4731 590 4779 ;
621 4725 731 4767 ttitii
767 4725 824 4766 ut
854 4715 1082 4783 quisque
1105 4721 1371 4767 statuerat
1394 4715 1460 4769 de
1489 4717 1659 4770 morbi
1691 4726 1883 4770 natura

296 4818 354 4861 ct
401 4808 607 4870 cauis,
661 4816 1052 4875 congruentem
1106 4820 1203 4860 suo
1250 4807 1454 4870 sensui,
1494 4809 1878 4862 abhorrentem

295 4916 327 4951 a
351 4898 595 4968 iudiciis,
629 4897 1213 4951 aliorumcurationem
1259 4898 1658 4965 prmscrihebat.
1691 4899 1883 4954 Omnia

297 4989 759 5057 experiebantur;
820 5003 1033 5051 verum,
1087 4997 1144 5040 ut
1199 4997 1441 5041 maneret
1488 4991 1704 5043 dubium
1765 4991 1886 5059 quis

294 5097 492 5134 torum
557 5082 801 5134 omnium
869 5082 1079 5133 ratione
1137 5089 1380 5133 uteretur
1435 5083 1682 5150 optima:
1751 5082 1884 5136 illud

295 5171 592 5224 constabat
643 5182 828 5232 certe,
900 5170 1074 5222 nihilo
1135 5167 1330 5223 melius
1382 5170 1767 5238 imperatorem
1827 5185 1884 5223 se

295 5263 506 5316 habere
525 5278 540 5324 ;
560 5262 760 5330 quippe
785 5262 872 5315 eui
896 5277 994 5314 nec
1018 5263 1083 5314 ad
1108 5261 1270 5313 breve
1296 5271 1625 5315 momentum
1653 5260 1886 5315 facultas

294 5364 448 5408 esset
498 5354 803 5422 respirandi
851 5354 1042 5408 libera.
1111 5352 1310 5405 Rectus
1355 5352 1484 5420 quin
1533 5354 1695 5406 etiam
1739 5361 1886 5406 stare

302 5457 609 5514 perpetuo,
678 5455 773 5499 aut
830 5446 1057 5514 supinus
1113 5443 1221 5496 alte
1276 5443 1516 5497 residere
1571 5444 1884 5510 cogebatur.

297 5537 458 5600 Quod
491 5537 682 5590 si'aut
719 5537 901 5606 jacere
953 5551 1176 5606 pronus,
1231 5542 1324 5587 aut
1371 5535 1425 5590 in
1475 5536 1612 5590 latus
1659 5535 1886 5590 alterum

304 5628 630 5683 recumbere
647 5635 901 5691 tentaret,
925 5628 1247 5696 stringebat,
1267 5628 1401 5681 heu!
1427 5643 1566 5682 saera
1585 5627 1885 5690 sull'ocatio,

302 5731 364 5776 et
413 5731 682 5776 arctatnin
716 5731 901 5789 guttur
933 5725 1203 5788 adurgens
1246 5717 1421 5772 malus
1453 5720 1626 5773 morbi
1660 5721 1888 5789 laqueus

299 5813 445 5868 ad;o
509 5811 826 5882 premebat,
880 5821 932 5863 ttt
987 5827 1053 5863 ne
1112 5807 1401 5863 minimum
1463 5811 1678 5881 quidem
1743 5826 1890 5867 aurae

591 5905 864 5989 Palatia,
897 5907 1012 5965 Gtt.
1043 5899 1313 5962 CXXXI.

1984 4638 2094 4680 tuin
2116 4625 2331 4694 quidem
2359 4625 2604 4678 inducias
2625 4625 2876 4679 tormenti
2900 4625 3092 4679 breves
3113 4624 3307 4694 angina
3331 4623 3562 4677 crudelis

1985 4719 2146 4772 dabat
2186 4735 2198 4770 :
2240 4727 2637 4784 :eternumque,
2674 4717 2895 4787 perinde
2934 4716 3254 4770 dormitanti
3287 4731 3348 4770 ac
3395 4715 3557 4782 vigili,

1984 4819 2099 4863 erat
2128 4807 2269 4862 istud
2297 4808 2699 4861 incommodum
2917 4806 3294 4875 gravissimum
3325 4803 3530 4869 resiiii-a

1987 4898 2149 4952 tionis
2195 4897 2531 4964 interceptae.
2566 4897 2666 4951 Hic
2700 4897 2897 4950 medici
2927 4897 3068 4962 quod
3100 4909 3330 4961 purgare
3362 4907 3560 4958 corpus

1987 4989 2267 5043 medicatis
2300 4987 2611 5054 potionibus
2643 4987 2965 5050 omiserant,
2997 4985 3309 5037 missionem
3348 4985 3562 5050 sangiiio

1988 5083 2072 5136 nis
2100 5085 2420 5134 decernunt.
2449 5077 2720 5132 Tunditur
2765 5082 2829 5132 ad
2862 5077 3180 5131 interierem
3220 5076 3420 5131 flexum
3459 5093 3560 5131 ru-

1990 5175 2084 5228 hiti
2124 5187 2294 5234 vena;
2345 5186 2444 5223 nec
2475 5186 2538 5225 ea
2571 5188 2627 5226 re
2659 5171 2950 5226 levamenti
2978 5174 3268 5240 quidquam
3305 5187 3560 5239 expertus

1986 5279 2127 5334 aeger
2155 5271 2256 5317 est.
2287 5259 2602 5334 Eodemque
2642 5264 2762 5319 loco
2789 5278 3025 5334 semper,
3063 5265 3165 5317 hoc
3191 5271 3275 5318 est
3303 5265 3560 5332 pessimo,

1989 5355 2134 5409 salus
2167 5354 2536 5422 imperatoris,
2571 5353 2774 5410 lethale
2804 5357 3095 5411 momentis
3122 5356 3372 5412 omnibus
3397 5358 3563 5411 aulic-

1989 5447 2173 5509 lantis,
2199 5452 2358 5511 erat;
2389 5446 2547 5499 nobis
2567 5448 2660 5515 qui
2681 5448 3030 5503 adstabamus
3059 5447 3559 5516 tractabamusque,

1991 5554 2057 5594 ne
2091 5539 2232 5592 inter
2261 5545 2473 5590 nostras
2501 5554 2694 5594 manus
2712 5541 3034 5608 exspiraret,
3071 5540 3213 5593 haud
3245 5539 3362 5595 sine
3393 5555 3559 5594 causa

1994 5628 2383 5682 metuentibus.
2410 5625 2700 5695 PrOpinata
2736 5641 2846 5684 tum
2881 5630 3020 5685 forte
3058 5630 3324 5700 languenti
3356 5631 3565 5684 antido-

1993 5733 2076 5774 tus
2105 5721 2186 5772 ex'
2217 5719 2399 5787 pipere
2440 5719 2736 5778 salutarem
2767 5724 2875 5778 cito
2913 5721 3162 5778 ell'eetum
3209 5724 3407 5777 habere
3451 5725 3563 5778 visa

1993 5817 2096 5866 cst.
2150 5808 2256 5877 Nos
2302 5802 2640 5875 triumphare
2693 5813 2886 5886 gaudio
2937 5813 3156 5870 statim.
3208 5811 3566 5881 oinn'busque

3093 5910 3171 5971 38
