4022 6282
488 355 624 425 1195

1799 342 2024 404 ANNIE
2061 339 2442 402 COMNENAE

3609 335 3734 401 1196

481 468 690 528 laetitiis
719 464 992 527 incedere,
1029 459 1445 530 gratulationem
1477 472 1754 529 spargere,
1793 467 1918 511 vota
1943 458 2054 521 jam

2175 457 2317 512 Ἀλλ’
2349 458 2539 528 ἐρὰἶσε
2577 453 2678 524 μὲν
2719 453 2786 508 τὰ
2821 453 2920 524 τῆς
2979 452 3298 516 διαθέσεως,
3353 451 3453 520 τῆς
3497 453 3587 506 διὰ
3632 455 3739 508 τῶν

481 561 791 634 persolvere
833 559 884 612 in
933 553 1169 624 templis,
1210 567 1336 606 cura
1371 553 1472 606 heu
1516 559 1840 620 prannatura
1905 549 2056 603 fallao

481 656 660 722 cique.
689 649 874 704 Tertio
903 647 1031 702 hinc
1051 657 1313 715 quartove
1343 643 1429 698 die
1450 651 1642 710 urgent
1663 643 1838 696 denuo
1865 641 2055 695 exani-

483 753 737 811 mantque
761 741 1060 809 Augustum
1103 735 1514 807 praefocationes
1542 735 1730 800 solitrc,
1769 735 2054 804 angustiis-

481 851 584 906 que
623 835 834 889 mis-crte
870 830 1112 900 oppressi
1147 828 1438 896 pulmonis.
1475 829 1589 880 lmo
1629 827 1814 894 aegroti
1849 835 2050 880 statum

483 939 614 1000 puto
672 927 992 982 deteriorem
1055 921 1257 975 factum
1317 920 1534 990 potione
1597 919 1722 984 ista,
1785 933 1904 988 utne
1963 919 2054 972 ubi

483 1032 699 1075 movere
727 1015 898 1084 magis
931 1028 1088 1083 quam
1124 1011 1323 1080 pellere
1355 1011 1609 1066 humores
1637 1009 1830 1064 noxios
1857 1011 2053 1077 potuit,

481 1127 576 1168 eos
607 1112 660 1165 in
691 1111 954 1165 caritates
993 1107 1340 1168 arteriarum,
1377 1105 1495 1171 plus
1533 1103 1604 1156 ibi
1635 1103 1805 1156 multo
1846 1104 2056 1155 nocitu-

481 1222 593 1270 ros,
623 1205 909 1260 contrusit.
934 1202 1075 1256 Sane
1097 1200 1343 1270 apparuit
1373 1207 1584 1254 auctam
1615 1199 1739 1254 inde
1772 1198 1896 1251 mali
1923 1200 2050 1251 vim.

480 1294 598 1350 Jam
645 1293 788 1347 enim
826 1292 968 1346 nulla
1001 1305 1222 1359 prorsus
1257 1288 1306 1342 ei
1339 1299 1456 1342 erat
1505 1289 1853 1344 recumbendi
1893 1290 2052 1352 ratio,

481 1397 572 1440 aut
597 1386 790 1450 l‘orma,
811 1386 1017 1440 situsve
1039 1382 1284 1450 corporis
1311 1381 1641 1446 tolerabilis;
1669 1391 1722 1436 et
1752 1381 2054 1436 immodicis

483 1477 700 1532 assidue
735 1476 1031 1531 crementis
1083 1475 1304 1530 morbus
1340 1474 1747 1529 intendebatur.
1781 1473 1928 1529 Tota:
1957 1474 2052 1528 ab-

483 1569 633 1622 ibant
671 1569 943 1622 insomnes
974 1575 1178 1620 noctes.
1211 1566 1468 1620 Alimenti
1493 1579 1716 1634 prorsus
1743 1566 1878 1620 nihil
1911 1569 2056 1622 reive

479 1661 706 1714 alterius
753 1659 820 1712 ad
878 1658 1107 1712 salutem
1160 1657 1305 1712 utilis
1352 1658 1639 1722 sumebat,
1693 1667 1785 1712 aut
1839 1672 2054 1712 sumere

487 1748 742 1812 valebat,
796 1747 1100 1818 languidus.
1161 1746 1306 1802 inter
1361 1747 1478 1803 haec
1541 1763 1642 1818 ego
1702 1748 1900 1818 sacpius
1959 1759 2055 1801 aut

2165 555 2454 624 πεπέρεων
2493 550 2774 606 ἁντιδότου
2806 548 3078 619 δοθείσης,
3111 549 3206 602 καὶ
3232 550 3392 618 ἡμεῖς
3419 547 3510 618 ὑφ’
3548 548 3744 618 ἡδο-λῆς

2162 643 2262 696 οὐκ
2287 643 2504 712 εἴχομεν
2531 642 2636 694 δτι
2693 641 2790 692 κάι
2831 637 3184 710 χρησαίμεθα
3233 639 3330 708 τῆς
3379 639 3742 708 εὐφροσύνης,

2165 733 2300 786 ἀλλὰ
2325 737 2419 786 καὶ
2447 734 2808 804 χαριστήριον
2843 731 3247 800 ἁναπέμπομεν
3267 731 3344 802 τῷ
3367 730 3487 800 Θεῷ
3515 747 3529 760 ·
3567 729 3746 781 πάντα

2163 825 2217 878 δὲ
2251 821 2393 896 ἦσαν
2417 827 2526 896 ἄρα
2562 827 2761 898 πλάνη.
2817 826 2910 888 El;
3063 869 3080 883 .
3229 867 3242 880 .
3392 828 3503 893 γὰρ
3528 826 3747 892 ἡμέραν

2164 917 2198 984 ἢ
2219 921 2309 972 καὶ
2339 921 2606 991 τετάρτην
2632 921 2792 984 εὐθὺς
2821 923 2980 976 πάλιν
3011 925 3066 976 αί

2163 1012 2388 1081 ὰχχὸναι
2440 1012 2584 1066 κατὰ
2637 1015 2732 1066 τοῦ
2801 1013 3067 1083 βασιλέως
3114 1013 3208 1068 καὶ
3263 1005 3745 1078 στενοχωρίαιτοῦ

2164 1103 2493 1172 πνεύμονος.
2568 1104 2808 1168 Ἐλπίζω
2836 1107 2881 1158 δ’
2917 1107 2966 1157 εί
2999 1105 3076 1175 μὴ
3104 1105 3273 1174 χείρω
3295 1103 3356 1166 ὲξ
3392 1102 3608 1153 ἐκείνου
3651 1095 3746 1150 τοῦ

2163 1195 2411 1263 πόματος
2434 1196 2656 1263 γέγονεν
2682 1197 3012 1266 ἀναχέαντος
3041 1196 3141 1258 τὰς
3175 1195 3306 1256 ὕλας
3341 1193 3434 1247 καὶ
3465 1193 3744 1262 κρατῆσαι

2167 1285 2241 1352 μὴ
2279 1285 2604 1356 δυναμένου,
2637 1289 2753 1341 ἀλλ’
2795 1292 2873 1354 εἰς
2901 1289 3000 1352 τὰς
3049 1289 3370 1358 κοιλοτήτας
3409 1285 3522 1338 τῶν
3569 1285 3744 1354 ἀρτη-

2165 1376 2297 1446 ριῶν
2349 1377 2641 1447 ἐνθεμένου
2699 1382 2790 1432 καὶ
2863 1381 3239 1442 ἐπιτείναντος
3299 1379 3396 1448 τὴν
3470 1377 3744 1430 διάθεσιν.

2177 1465 2460 1521 Ἐντεῦθεν
2512 1468 2633 1521 οὐδὲ
2701 1469 2892 1538 σχῆμα
2947 1469 3322 1531 κατακλίσεως
3386 1465 3642 1528 εὐπετῶς
3685 1461 3748 1534 ἦν

2163 1562 2414 1632 ἐφευρεῖν
2450 1562 2798 1615 παντάπασιν
2825 1561 2974 1630 αὐτῷ
3028 1564 3127 1632 τῆς
3180 1563 3340 1614 νόσου
3380 1552 3750 1627 ἀπακμαζοῦ-

2165 1671 2283 1724 σης.
2335 1653 2494 1708 Ἀλλὰ
2541 1654 2648 1724 γὰρ
2703 1654 3137 1724 διανυκτερεύων
3191 1650 3260 1724 ἦν
3299 1655 3326 1704 ὁ
3363 1651 3632 1720 βασιλεὺς
3695 1650 3749 1714 ἐξ

2165 1747 2404 1816 ἑσπέρας
2434 1749 2513 1809 εἰς
2546 1745 2744 1816 ὄρθρον
2774 1747 2999 1810 ἄϋπνος,
3041 1749 3181 1816 μήτε
3213 1743 3420 1816 τροφῆς
3450 1743 3748 1812 ἐλευθέρας

485 1845 666 1912 potius
720 1843 977 1898 continuo
1026 1829 1338 1912 spectabam
1391 1853 1618 1897 matrem
1667 1844 2050 1911 excubantem,

2163 1836 2618 1906 μεταλαμϐάνων,
2665 1838 2794 1908 μήτ’
2829 1837 2991 1890 ἄλλου
3015 1838 3162 1900 τινὸς
3195 1837 3303 1888 τῶν
3343 1836 3426 1898 είς
3463 1835 3748 1903 σωτηρίαν

485 1935 781 2004 perpetuis,
810 1949 970 2004 quam
1005 1934 1178 2003 longas
1223 1943 1372 1996 sunt,
1403 1935 1676 1996 noetibus,
1707 1934 1854 1989 nulla
1893 1935 2055 1988 inter-

482 2027 740 2094 capedine
779 2024 1002 2093 quietis,
1056 2025 1123 2078 ad
1177 2024 1304 2092 aegri
1352 2031 1535 2094 caput,
1589 2034 1738 2079 retro
1789 2026 2051 2093 spondam

483 2119 625 2173 illius
664 2119 716 2171 in
755 2133 863 2187 quo
907 2117 951 2171 is
989 2116 1280 2184 languebat
1311 2116 1456 2181 lecti,
1493 2125 1830 2185 satagentem
1875 2115 2056 2171 suble-

482 2219 806 2278 Vautemquo
831 2206 1109 2270 manibus,
1146 2215 1199 2261 et
1228 2217 1606 2270 commeatum,
1632 2221 1736 2275 qua
1761 2207 2056 2262 sedulitate

483 2312 730 2372 poterat,
801 2301 1061 2354 cluctanti
1119 2297 1382 2354 dilliciles
1441 2300 1722 2369 angustias
1788 2299 2054 2354 anltelitui

485 2404 888 2462 procurantem.
929 2391 1196 2445 Flucbant
1237 2389 1525 2458 largissimi
1565 2404 1628 2443 ex
1669 2389 1840 2446 oculis
1869 2403 2056 2444 amnes

485 2489 889 2556 Incrymarum;
959 2499 1060 2537 nec
1127 2481 1306 2536 luctus
1367 2482 1662 2540 minuebat.
1707 2483 2054 2538 ministrandi

481 2578 856 2647 diligentiam;
907 2590 1080 2642 neque
1127 2577 1266 2628 hanc
1309 2573 1645 2635 diuturnitas
1675 2572 1818 2643 longi
1855 2574 2054 2638 morbi,

483 2672 790 2739 inborisque
837 2669 1066 2736 improbi
1119 2681 1392 2734 nunquam
1447 2681 1540 2733 per
1581 2675 1659 2719 tot
1705 2667 2056 2722 continuatas

483 2765 671 2818 diebus
705 2771 911 2824 not-tes,
949 2759 1259 2812 intermissa
1289 2759 1570 2813 contentio
1618 2760 1924 2829 frangebat.
1957 2759 2050 2812 llla

483 2856 588 2916 sui,
629 2855 717 2907 illa
767 2853 1006 2906 omnium
1053 2849 1247 2906 oblita.
1295 2851 1500 2904 instare
1553 2849 1709 2904 unice
1761 2849 2056 2904 ministeio

481 2957 755 3015 διιεοοριο,
781 2959 980 2998 navare
1017 2957 1234 3012 operam
1269 2950 1529 3011 perpetuo
1567 2951 1839 2996 recentem
1875 2957 1890 2994 ἶ
1929 2957 2054 2994 ver»

483 3053 626 3104 sire,
695 3051 1010 3096 reversare.
1068 3035 1268 3103 lingere
1311 3034 1549 3103 smpius,
1613 3050 1734 3088 Inox
1791 3035 2057 3104 reiingere

484 3131 708 3184 ειιΙι-ἰιθε
739 3127 1088 3197 stragulaque
1130 3125 1286 3178 aliam
1329 3136 1491 3192 atque
1523 3126 1684 3178 aliam
1713 3126 1768 3180 in
1800 3125 2052 3190 formam,

484 3239 602 3292 quae
646 3222 860 3289 aliquod
916 3223 1107 3274 saltem
1163 3227 1495 3272 metuentem
1553 3217 1751 3274 all'erro
1809 3221 2058 3286 Augusto

483 3315 681 3384 quietis
713 3323 912 3382 posset.
934 3310 1070 3376 Quid
1106 3327 1208 3362 nun
1237 3311 1302 3364 ad
1328 3310 1602 3372 solatium,
1641 3312 1707 3364 ad
1739 3313 2056 3380 obsequium

484 3407 796 3472 excogitare
821 3406 907 3458 illa
933 3404 1106 3473 ?qnid
1135 3419 1240 3458 non
1267 3403 1466 3473 agere?
1491 3415 1751 3474 quantum
1777 3405 2055 3476 ingenium

485 3501 712 3562 amoris,
761 3505 1018 3566 quantum
1072 3493 1314 3562 ejusdem
1368 3496 1742 3550 strenuitatem
1793 3499 2058 3566 probare?

484 3589 564 3644 Ne
597 3605 624 3642 a
678 3586 831 3642 nobis
867 3586 1107 3655 quidem,
1155 3593 1250 3638 ant
1301 3585 1518 3640 omrnno
1561 3601 1588 3638 a
1633 3588 2053 3642 domesticorum

484 3697 758 3753 quoquam
803 3678 1124 3735 cessabatur
1161 3678 1416 3746 uspiam;
1463 3691 1656 3746 nempe
1688 3693 1792 3732 non
1835 3679 1886 3732 id
1921 3693 2058 3734 tem—

486 3791 588 3842 pus
617 3770 866 3828 cessandi
901 3777 1039 3833 erat,
1070 3783 1167 3821 nec
1197 3768 1303 3821 ulla
1347 3779 1455 3822 tum
1493 3769 1648 3836 quies
1679 3777 1772 3823 aut
1808 3772 2056 3826 remissio

489 3880 592 3920 non
618 3862 996 3932 intempestiva
1025 3861 1221 3917 fuisset
1251 3861 1492 3926 familiae,
1523 3862 1682 3930 cujus
1704 3873 1857 3932 pater:
1879 3866 2050 3920 idem.

485 3973 590 4028 que
615 3959 864 4027 princeps
891 3953 1205 4026 reipublicae
1239 3955 1290 4008 in
1319 3955 1551 4010 summis
1579 3957 1870 4024 angoribus
1891 3971 2062 4028 arger-

485 4051 622 4104 rimo
651 4049 889 4102 anhelitu
923 4047 1157 4100 animam
1209 4047 1478 4100 trahebat.
1529 4046 1984 4102 Animadversum
2033 4066 2062 4104 a

489 4139 822 4194 tentamibus
854 4140 1036 4191 omnia
1063 4137 1276 4190 tandem
1304 4144 1407 4200 est,
1440 4137 1753 4190 nonnullum
1787 4139 2064 4195 laxamen-

494 4247 603 4286 tum
638 4239 730 4284 aut
775 4228 1026 4283 solatium
1072 4227 1194 4280 mali
1235 4243 1378 4296 tl‘gl't)
1413 4226 1608 4280 alTerre
1643 4239 1842 4282 motum
1877 4246 2064 4300 corpo-

491 4323 585 4376 ris.
623 4321 762 4390 Ergo
789 4323 1030 4389 Augusta
1057 4327 1212 4374 curat
1241 4319 1446 4383 Statim,
1481 4331 1537 4374 ut
1567 4322 1764 4375 additis
1799 4325 1864 4376 ad
1898 4337 2062 4391 caput

490 4415 761 4482 pedesque
791 4413 1126 4482 imperatorii
1170 4413 1352 4468 lectuli
1402 4415 1837 4484 prominentibus
1870 4418 2063 4484 (Ὂιιιίεῑ,

491 4506 592 4558 viri
649 4505 852 4558 robusti
897 4505 1188 4574 suppositis
1236 4506 1476 4560 humeris
1522 4521 1644 4560 cum
1683 4497 1900 4563 assidue
1957 4509 2066 4564 cir-

492 4602 842 4663 cumagerent
873 4611 884 4647 :
918 4594 1332 4648 succenturiatis
1377 4597 1604 4650 invicem
1653 4599 1919 4665 plurimis,
1975 4602 2064 4670 qni

491 4689 581 4742 alii
645 4685 788 4748 aliis,
857 4694 1099 4738 recentes
1159 4683 1317 4738 fessis
1375 4686 1634 4741 continue
1691 4691 2062 4758 succedentes,

2158 1930 2606 1984 ἀποϐλεπόντων.
2647 1931 2918 1991 Πολλάκις
2948 1930 3078 1999 γοῦν
3120 1929 3232 1998 ἐγὼ
3266 1929 3472 1999 μᾶλλον
3503 1927 3746 1996 συνεχῶ;

2157 2027 2252 2078 καὶ
2279 2026 2380 2095 τὴν
2419 2027 2635 2096 μητέρα
2689 2027 2959 2095 τεθέαμαι
3013 2021 3658 2092 συνδιανυκτερεύουσάν
3690 2036 3747 2073 τε

2157 2120 2233 2189 τῷ
2259 2119 2473 2188 βασιλεί
2507 2123 2601 2172 καὶ
2631 2120 2866 2172 κατόπιν
2907 2117 3104 2172 τούτου
3132 2120 3228 2170 ἐπὶ
3264 2118 3365 2184 τῆς
3416 2115 3620 2183 κλίνης
3651 2113 3742 2164 καὶ

2157 2211 2543 2280 ὑπανέκουσαν
2583 2209 2775 2264 τοῦτον
2808 2213 2930 2272 ταῖς
2980 2209 3137 2278 χερσὶ
3165 2206 3258 2258 καὶ
3297 2203 3748 2274 παραμυθουμέ-

2156 2321 2252 2374 νην
2315 2303 2519 2373 τρόπον
2589 2302 2714 2356 τινὰ
2768 2303 2874 2371 τὴν
2917 2302 3221 2372 ἀναπνοήν.
3293 2300 3508 2365 Ἐχεῖτο
3561 2296 3746 2366 μέντοι

2155 2395 2322 2464 αὐτῆς
2357 2395 2469 2448 τῶν
2515 2395 2782 2465 ὀμμάτων
2816 2395 2878 2448 τὸ
2929 2395 3167 2464 δάκρυον
3223 2391 3318 2446 καὶ
3347 2391 3492 2459 ὑπὲρ
3515 2389 3584 2441 τὰ
3621 2389 3746 2440 Νει-

2155 2488 2268 2558 λῴα
2307 2489 2579 2557 ῥεύματα·
2647 2487 2856 2558 ὁπόσην
2891 2504 2950 2540 τε
2999 2486 3096 2556 τὴν
3129 2485 3256 2554 περὶ
3311 2483 3478 2536 αὑτὸν
3515 2481 3587 2535 δι’
3621 2481 3746 2550 ὅλης

2161 2581 2374 2649 ἡμέρας
2397 2597 2456 2632 τε
2495 2581 2586 2632 καλ¹
2611 2578 2804 2640 νυκτὸς
2863 2579 3103 2647 σπουδὴν
3143 2575 3464 2644 ἐπεποίητο,
3521 2575 3620 2628 καὶ
3657 2573 3748 2624 τὸν

2162 2673 2364 2742 μόχθον
2423 2675 2546 2726 ὅσον
2613 2673 2953 2726 ἐνεδείκνυτο
3011 2671 3414 2739 διαπονουμένη
3475 2671 3608 2736 περὶ
3649 2669 3744 2735 τὴν

2159 2769 2326 2823 αὐτοῦ
2351 2769 2675 2840 θεραπείαν,
2707 2770 2804 2822 καὶ
2831 2769 3040 2828 κλίσεις
3063 2769 3158 2820 καὶ
3185 2765 3546 2837 μετακλίσεις
3567 2781 3748 2832 στρω-

2163 2859 2348 2928 μάτων
2388 2859 2654 2922 παντοίας
2718 2859 3124 2929 μηχανωμένης
3185 2857 3391 2919 θέσεις,
3445 2856 3552 2908 οὐκ
3595 2855 3746 2906 ἐστιν

2159 2951 2328 3020 ἐρεῖν.
2391 2951 2538 3003 Ἀλλ’
2589 2951 2690 3004 οὐκ
2727 2946 2794 3020 ἦν
2833 2951 3012 3003 οὐδενὶ
3039 2949 3100 3003 τὸ
3135 2949 3401 3018 παράπαν
3459 2946 3746 3016 ῥᾳστώνης

2163 3045 2476 3114 μετασχεῖν.
2513 3044 2823 3114 Παρείπετο
2846 3043 2954 3110 γὰρ
2981 3037 3094 3095 οἷον
3128 3041 3331 3110 ἀγχόνη
3357 3039 3433 3108 τῷ
3467 3038 3748 3105 αὐτοκρά-

2109 3178 2128 3200 ,
2161 3154 2281 3208 τορι
2319 3137 2520 3208 μᾶλλον
2550 3137 2647 3190 καὶ
2705 3139 2994 3189 συνείπετο
3056 3135 3150 3188 καὶ
3189 3137 3290 3188 οὐκ
3319 3133 3468 3185 ἀνίει
3511 3128 3752 3200 συμπνε-

2162 3245 2358 3296 γουσα,
2410 3229 2682 3298 μηδεμίαν
2731 3227 2832 3293 τῆς
2867 3229 3024 3280 νόσου
3070 3225 3302 3296 ἐχούσης
3326 3223 3428 3294 τὴν
3481 3221 3658 3284 ἴασιν,
3688 3222 3748 3273 ἐν

2158 3324 2270 3384 τοῖς
2331 3321 2472 3390 πρὸς
2524 3322 2677 3374 νότον
2725 3320 3054 3388 ἀνακτόροις
3107 3317 3354 3386 ἀπῆλθεν
3399 3317 3431 3368 ὁ
3467 3313 3750 3384 βασιλεύς.

2157 3413 2674 3484 Στενοχωρούμενος
2715 3413 2796 3474 δὲ,
2834 3413 2964 3482 μίαν
2995 3410 3118 3464 τινὰ
3160 3409 3498 3479 παραψυχὴν
3541 3411 3642 3477 τὴν
3685 3409 3754 3460 ἐκ

2155 3507 2252 3575 τῆς
2281 3506 2550 3575 κινήσεως
2571 3505 2816 3574 εὕρισκε,
2850 3507 2945 3556 καὶ
2967 3502 3174 3571 ταύτην
3205 3499 3436 3570 διηνεκῆ
3470 3502 3500 3567 ἡ
3535 3497 3754 3566 βασιλὶς

2161 3599 2548 3668 ἐμηχανήσατο
2607 3597 2877 3666 γίνεσθαι,
2938 3599 3032 3650 τοῦ
3091 3595 3374 3666 βασιλικοῦ
3443 3592 3759 3662 σκίμποδος

2164 3691 2307 3744 κατά
2349 3706 2408 3742 τε
2459 3691 2570 3742 τῶν
2607 3688 2853 3758 κεφαλὴν
2887 3690 2932 3721 ⁵⁸
2956 3689 3051 3742 καὶ
3099 3690 3267 3752 πόδας
3305 3687 3493 3757 μερῶν
3549 3685 3756 3738 τούτου

2168 3781 2278 3846 ξύλ’
2313 3783 2451 3838 ᾶττα
2496 3781 2976 3853 προσεπιζεύξασα
3037 3781 3297 3850 ἀνδράσιν
3355 3780 3534 3832 ἐδίδου
3589 3777 3762 3830 τοῦτο

2165 3876 2356 3945 φέρειν
2393 3875 2675 3945 μετέωρον
2704 3875 3112 3946 διαδεχομένοις
3145 3873 3410 3942 ἀλλήλους
3441 3872 3553 3924 τῶν
3587 3870 3688 3922 τοῦ
3709 3871 3760 3902 ³⁹

2160 3969 2562 4038 αὐτοκράτορος
2592 3969 2792 4021 πόνων.
2857 3966 3142 4020 Ἐντεῦθεν
3185 3966 3294 4018 ἀπὸ
3353 3963 3451 4016 τοῦ
3497 3961 3756 4032 μεγάλου

2161 4053 2424 4114 παλατίου
2463 4059 2872 4128 καταλαμϐάνει
2913 4061 2984 4112 τὰ
3039 4059 3317 4124 Μάγγανα
3345 4057 3450 4127 (5),
3479 4056 3620 4110 ἀλλὰ
3655 4057 3760 4108 καὶ

2161 4154 2364 4208 τούτων
2403 4155 2735 4222 γενομένων,
2785 4154 2938 4206 οὐδὲν
2999 4153 3157 4206 πλέον
3212 4151 3288 4220 τῷ
3347 4149 3569 4219 βασιλΞί
3613 4151 3760 4220 i=9};

2164 4249 2438 4317 σωτηρίαν
2494 4247 2954 4316 ὲπραγματεύθη.
3016 4248 3110 4310 Εἰς
3147 4245 3398 4298 τούπίσω
3442 4243 3500 4296 δὲ
3541 4243 3612 4294 τὰ
3653 4243 3758 4310 τῆς

2167 4340 2322 4392 νόσον
2347 4342 2634 4410 χωροῦντα
2662 4341 2694 4408 ἡ
2720 4339 2931 4408 βασιλὶς
2959 4338 3142 4405 ὁρῶσα
3177 4338 3272 4390 καὶ
3319 4336 3422 4406 τῆς
3449 4336 3510 4400 ἐξ
3537 4337 3756 4404 ἀνθρώ-

2167 4448 2282 4486 πων
2314 4432 2568 4501 βοηθείας
2598 4433 2948 4488 παντάπασιν
3005 4431 3360 4486 ἁπελπίσασα
3409 4431 3756 4502 θερμότερον

2163 4526 2262 4587 τὰς
2286 4525 2426 4595 ὑπὲρ
2456 4524 2620 4578 αὐτοῦ
2651 4526 2898 4596 αἰτήσεις
2951 4527 3088 4596 πρὸς
3131 4526 3262 4578 Θεὸν
3305 4527 3574 4588 ἐποιεῖτο,
3613 4524 3756 4594 πρὸς

2171 4617 2332 4683 nique
2365 4630 2516 4670 cassa
2565 4629 2688 4672 esse
2746 4617 3050 4686 nullinsqne
3108 4632 3239 4670 usus
3290 4615 3548 4684 prmsidia
3579 4629 3756 4668 reme—

2171 4707 2326 4761 diare
2353 4707 2610 4762 humana.
2639 4709 2842 4777 Itaque,
2863 4710 3031 4774 omni,
3057 4723 3174 4777 qua:
3202 4707 3407 4761 auxilio
3437 4705 3754 4760 iudusuiar-

495 4794 662 4835 unum
705 4777 846 4832 istud
895 4777 1011 4830 lere
1049 4774 1456 4828 delinimentmn
1509 4777 1795 4833 miserrimi
1842 4784 2062 4852 angoris
2089 4775 2142 4835 D
2168 4814 2272 4868 que
2311 4799 2546 4868 cujusvis
2591 4774 2864 4856 hami—Imm
2931 4774 3274 4860 ίηηίιέτειω,
3317 4815 3416 4870 spe
3463 4799 3750 4863 damnata,

493 4873 656 4942 500
700 4869 944 4940 Augusto
981 4867 1126 4922 nulla
1173 4867 1504 4936 portantium
1545 4869 1860 4926 lassitudine
1899 4878 2068 4930 inter-

499 4974 710 5031 ruptum
743 4962 1083 5017 adhiberent.
1117 4959 1229 5018 llnc
1265 4963 1424 5016 modo
1470 4977 1498 5015 a
1530 4963 1719 5032 Magno
1748 4964 1957 5023 Palatio
2001 4971 2066 5022 ad

497 5056 756 5126 Mangana
809 5055 1016 5110 delatus
1073 5056 1365 5126 imperator
1415 5065 1516 5112 est.
1574 5056 1770 5113 Verum
1825 5076 1896 5116 ne
1957 5064 2068 5118 illic

492 5147 708 5216 quidem
741 5147 1107 5202 meliori'erat
1153 5148 1272 5203 loco
1323 5149 1576 5204 valetudo
1622 5151 1761 5220 ejus.
1805 5153 2066 5208 indomita

493 5241 664 5295 morbi
725 5241 804 5294 vis
859 5240 1286 5320 irrevocabililer
1339 5242 1481 5310 quod
1539 5253 1756 5312 ceperat
1813 5247 2063 5316 urgebat.

495 5333 609 5388 lloc
627 5348 859 5388 cernens
892 5342 945 5388 et
979 5347 1164 5388 secum
1198 5345 1455 5403 reputans
1485 5335 1748 5406 Augusta,
1803 5340 1949 5395 sensi
1975 5341 2066 5395 dc-

2169 4899 2342 4946 totum
2395 4893 2634 4947 animum
2681 4893 2890 4946 ardenti
2945 4893 3201 4962 religione
3231 4889 3298 4944 ad
3339 4889 3750 4960 propitiandum

2170 4981 2335 5036 Deum
2381 4982 2654 5050 contulit;
2697 4983 2903 5038 liberali
2951 4996 3046 5050 per
3088 4979 3284 5048 templa
3335 4979 3528 5034 omnia
3563 4989 3750 5032 curata

2167 5074 2521 5128 succensione
2576 5074 2876 5138 luminum,
2933 5082 2986 5127 et
3049 5081 3308 5142 perpetua
3366 5069 3754 5124 decantatinne

2167 5163 2472 5220 carminum
2521 5179 2848 5228 sacrorum;
2881 5171 3016 5230 tum,
3065 5179 3198 5232 quas
3237 5165 3292 5215 in
3341 5162 3540 5232 primis
3574 5165 3730 5214 deme

2168 5255 2336 5310 rendo
2365 5255 2586 5312 Numini
2615 5258 2868 5314 efﬁcaces
2896 5268 3054 5312 norat
3073 5296 3089 5322 ,
3123 5257 3512 5326 largitionibus
3545 5257 3754 5309 benefi-

2173 5349 2501 5402 centissimis
2545 5350 2598 5402 in
2648 5363 2848 5418 egenos
2893 5363 3054 5402 omne
3099 5362 3294 5416 genus,
3347 5361 3490 5417 quas
3539 5347 3756 5400 assidue

1519 5428 1715 5490 Varia:
1755 5432 2068 5496 lectiones
2107 5451 2186 5496 ex
2229 5440 2369 5502 cod.
2398 5439 2664 5504 Coislin.

556 5529 598 5559 ⁵¹
631 5530 764 5600 πρὸς
795 5529 1062 5600 κεφαλήν.
1140 5529 1184 5559 ⁵³
1213 5530 1344 5598 περὶ
1373 5527 1492 5582 τοῦ.

1511 5599 1653 5660 Car.
1687 5597 2014 5661 Dufresnii
2047 5601 2140 5661 Du
2188 5601 2412 5682 Cangii
2458 5612 2644 5667 noue.

675 5701 1122 5768 Καταλαμϐάνω
1155 5702 1226 5754 τὰ
1260 5699 1568 5770 Mdg-rara.
1605 5701 1721 5756 Huc
1768 5703 2050 5762 referenda

2165 5721 2210 5762 te
2241 5707 2305 5762 de
2341 5708 2530 5763 morbo
2561 5719 2614 5764 et
2649 5709 2766 5764 vitae
2803 5711 2949 5766 exitu
2984 5710 3160 5766 Alcxii
3227 5711 3438 5768 habent
3485 5713 3748 5770 Zonaras

489 5780 544 5824 et
575 5768 764 5838 Glycas
803 5771 850 5823 in
881 5767 1089 5836 Alexio,
1126 5781 1175 5826 et
1215 5767 1430 5826 Net-tas
1457 5772 1506 5824 in
1542 5767 1768 5826 Joanne.
