  <div class='ocr_page' id='page_1' title='image "/cluster/home/n/w/nwhite01/storage/ocr_20150623/131/mdp.39015078384248/618.png"; bbox 0 0 4022 6282; ppageno 0'>
   <div class='ocr_carea' id='block_1_1' title="bbox 255 394 362 458">
    <p class='ocr_par' dir='ltr' id='par_1_1' title="bbox 255 394 362 458">
     <span class='ocr_line' id='line_1_1' title="bbox 255 394 362 458; baseline -0.009 -1"><span class='ocrx_word' id='word_1_1' title='bbox 255 394 362 458; x_wconf 75' lang='lat' dir='ltr'><strong>ll‘l&#39;l</strong></span> 
     </span>
    </p>
   </div>
   <div class='ocr_carea' id='block_1_2' title="bbox 1458 393 2221 455">
    <p class='ocr_par' dir='ltr' id='par_1_2' title="bbox 1458 393 2221 455">
     <span class='ocr_line' id='line_1_2' title="bbox 1458 393 2221 455; baseline 0.007 -5"><span class='ocrx_word' id='word_1_2' title='bbox 1458 393 1867 454; x_wconf 74' lang='lat' dir='ltr'><strong>ALEXIADIS</strong></span> <span class='ocrx_word' id='word_1_3' title='bbox 1909 394 2054 455; x_wconf 77' lang='lat' dir='ltr'><strong>LIB.</strong></span> <span class='ocrx_word' id='word_1_4' title='bbox 2098 394 2221 455; x_wconf 74' lang='lat' dir='ltr'><strong>XV.</strong></span> 
     </span>
    </p>
   </div>
   <div class='ocr_carea' id='block_1_3' title="bbox 3337 403 3467 466">
    <p class='ocr_par' dir='ltr' id='par_1_3' title="bbox 3337 403 3467 466">
     <span class='ocr_line' id='line_1_3' title="bbox 3337 403 3467 466; baseline 0.008 -2"><span class='ocrx_word' id='word_1_5' title='bbox 3337 403 3467 466; x_wconf 69' lang='lat'><strong>1138</strong></span> 
     </span>
    </p>
   </div>
   <div class='ocr_carea' id='block_1_4' title="bbox 250 507 1805 579">
    <p class='ocr_par' dir='ltr' id='par_1_4' title="bbox 250 507 1794 577">
     <span class='ocr_line' id='line_1_4' title="bbox 250 507 1794 577; baseline -0.001 -14"><span class='ocrx_word' id='word_1_6' title='bbox 250 513 341 565; x_wconf 85' lang='grc' dir='ltr'>πᾶν</span> <span class='ocrx_word' id='word_1_7' title='bbox 375 509 592 577; x_wconf 80' lang='grc' dir='ltr'>τέμενος</span> <span class='ocrx_word' id='word_1_8' title='bbox 625 508 870 576; x_wconf 66' lang='grc' dir='ltr'>δαψιλεῖς</span> <span class='ocrx_word' id='word_1_9' title='bbox 909 507 1006 571; x_wconf 71' lang='grc' dir='ltr'>τὰς</span> <span class='ocrx_word' id='word_1_10' title='bbox 1049 507 1340 576; x_wconf 69' lang='grc' dir='ltr'>φωταυγᾶις</span> <span class='ocrx_word' id='word_1_11' title='bbox 1378 508 1678 576; x_wconf 71' lang='grc' dir='ltr'>ποιουμένη</span> <span class='ocrx_word' id='word_1_12' title='bbox 1702 509 1794 561; x_wconf 66' lang='grc' dir='ltr'><strong>καὶ</strong></span> 
     </span>
    </p>
   </div>
   <div class='ocr_carea' id='block_1_5' title="bbox 1911 507 3467 579">
    <p class='ocr_par' dir='ltr' id='par_1_5' title="bbox 1911 508 3467 579">
     <span class='ocr_line' id='line_1_5' title="bbox 1911 508 3467 579; baseline 0.007 -19"><span class='ocrx_word' id='word_1_13' title='bbox 1911 509 2052 575; x_wconf 64' lang='lat' dir='ltr'><strong>sepia</strong></span> <span class='ocrx_word' id='word_1_14' title='bbox 2088 508 2290 576; x_wconf 80' lang='lat' dir='ltr'><strong>ingenti</strong></span> <span class='ocrx_word' id='word_1_15' title='bbox 2337 522 2439 563; x_wconf 92' lang='lat' dir='ltr'><strong>non</strong></span> <span class='ocrx_word' id='word_1_16' title='bbox 2499 510 2548 561; x_wconf 94' lang='lat' dir='ltr'><strong>iu</strong></span> <span class='ocrx_word' id='word_1_17' title='bbox 2584 522 2882 578; x_wconf 73' lang='lat' dir='ltr'><strong>prmsentes</strong></span> <span class='ocrx_word' id='word_1_18' title='bbox 2925 511 3231 577; x_wconf 69' lang='lat' dir='ltr'><strong>effundebat</strong></span> <span class='ocrx_word' id='word_1_19' title='bbox 3267 516 3467 579; x_wconf 78' lang='lat' dir='ltr'><strong>solum,</strong></span> 
     </span>
    </p>
   </div>
   <div class='ocr_carea' id='block_1_6' title="bbox 247 601 1796 671">
    <p class='ocr_par' dir='ltr' id='par_1_6' title="bbox 247 601 1796 671">
     <span class='ocr_line' id='line_1_6' title="bbox 247 601 1796 671; baseline -0.001 -15"><span class='ocrx_word' id='word_1_20' title='bbox 247 604 354 665; x_wconf 64' lang='grc' dir='ltr'>τοὺς</span> <span class='ocrx_word' id='word_1_21' title='bbox 382 602 586 669; x_wconf 80' lang='grc' dir='ltr'>ὕμνους</span> <span class='ocrx_word' id='word_1_22' title='bbox 655 605 899 671; x_wconf 81' lang='grc' dir='ltr'><strong>συνεχεῖς</strong></span> <span class='ocrx_word' id='word_1_23' title='bbox 968 601 1054 654; x_wconf 78' lang='grc' dir='ltr'><strong>καὶ</strong></span> <span class='ocrx_word' id='word_1_24' title='bbox 1096 601 1579 664; x_wconf 74' lang='grc' dir='ltr'>ἀκαταπαύστους,</span> <span class='ocrx_word' id='word_1_25' title='bbox 1626 601 1796 654; x_wconf 81' lang='grc' dir='ltr'>διαδό-</span> 
     </span>
    </p>
   </div>
   <div class='ocr_carea' id='block_1_7' title="bbox 250 691 1797 762">
    <p class='ocr_par' dir='ltr' id='par_1_7' title="bbox 250 691 1797 762">
     <span class='ocr_line' id='line_1_7' title="bbox 250 691 1797 762; baseline 0 -17"><span class='ocrx_word' id='word_1_26' title='bbox 250 711 345 755; x_wconf 87' lang='grc' dir='ltr'>σεις</span> <span class='ocrx_word' id='word_1_27' title='bbox 363 691 414 743; x_wconf 80' lang='grc' dir='ltr'>δὲ</span> <span class='ocrx_word' id='word_1_28' title='bbox 444 693 558 753; x_wconf 85' lang='grc' dir='ltr'>τοῖς</span> <span class='ocrx_word' id='word_1_29' title='bbox 598 692 918 762; x_wconf 71' lang='grc' dir='ltr'><strong>ἁπανταχοῦ</strong></span> <span class='ocrx_word' id='word_1_30' title='bbox 970 693 1070 760; x_wconf 69' lang='grc' dir='ltr'>γῆς</span> <span class='ocrx_word' id='word_1_31' title='bbox 1107 692 1200 744; x_wconf 77' lang='grc' dir='ltr'><strong>καὶ</strong></span> <span class='ocrx_word' id='word_1_32' title='bbox 1233 692 1511 760; x_wconf 80' lang='grc' dir='ltr'><strong>Θαλάσσης</strong></span> <span class='ocrx_word' id='word_1_33' title='bbox 1554 691 1797 745; x_wconf 79' lang='grc' dir='ltr'><strong>οἰκοῦσιν</strong></span> 
     </span>
    </p>
   </div>
   <div class='ocr_carea' id='block_1_8' title="bbox 251 782 1797 854">
    <p class='ocr_par' dir='ltr' id='par_1_8' title="bbox 251 782 1797 854">
     <span class='ocr_line' id='line_1_8' title="bbox 251 782 1797 854; baseline -0.004 -16"><span class='ocrx_word' id='word_1_34' title='bbox 251 784 535 854; x_wconf 78' lang='grc' dir='ltr'>εἰργάζετο.</span> <span class='ocrx_word' id='word_1_35' title='bbox 586 784 871 845; x_wconf 73' lang='grc' dir='ltr'>’Ἄπαντας</span> <span class='ocrx_word' id='word_1_36' title='bbox 934 783 1033 852; x_wconf 82' lang='grc' dir='ltr'><strong>μὲν</strong></span> <span class='ocrx_word' id='word_1_37' title='bbox 1087 784 1356 853; x_wconf 80' lang='grc' dir='ltr'>μοναχοὺς</span> <span class='ocrx_word' id='word_1_38' title='bbox 1408 784 1465 835; x_wconf 76' lang='grc' dir='ltr'>ὲν</span> <span class='ocrx_word' id='word_1_39' title='bbox 1496 782 1648 851; x_wconf 78' lang='grc' dir='ltr'>ὄρεσι</span> <span class='ocrx_word' id='word_1_40' title='bbox 1702 782 1797 841; x_wconf 75' lang='grc' dir='ltr'><strong>καὶ</strong></span> 
     </span>
    </p>
   </div>
   <div class='ocr_carea' id='block_1_9' title="bbox 253 873 1795 945">
    <p class='ocr_par' dir='ltr' id='par_1_9' title="bbox 253 873 1795 945">
     <span class='ocr_line' id='line_1_9' title="bbox 253 873 1795 945; baseline -0.002 -15"><span class='ocrx_word' id='word_1_41' title='bbox 253 877 512 945; x_wconf 72' lang='grc' dir='ltr'><strong>σπηλαίοις</strong></span> <span class='ocrx_word' id='word_1_42' title='bbox 576 874 930 945; x_wconf 78' lang='grc' dir='ltr'>οἰκοῦντας-ἢ</span> <span class='ocrx_word' id='word_1_43' title='bbox 988 876 1082 927; x_wconf 78' lang='grc' dir='ltr'><strong>καὶ</strong></span> <span class='ocrx_word' id='word_1_44' title='bbox 1138 874 1313 937; x_wconf 80' lang='grc' dir='ltr'>ἄλλως</span> <span class='ocrx_word' id='word_1_45' title='bbox 1362 875 1454 927; x_wconf 70' lang='grc' dir='ltr'>τὸν</span> <span class='ocrx_word' id='word_1_46' title='bbox 1498 873 1795 944; x_wconf 77' lang='grc' dir='ltr'>μοναχικὺν</span> 
     </span>
    </p>
   </div>
   <div class='ocr_carea' id='block_1_10' title="bbox 247 966 1795 1035">
    <p class='ocr_par' dir='ltr' id='par_1_10' title="bbox 247 966 1795 1035">
     <span class='ocr_line' id='line_1_10' title="bbox 247 966 1795 1035; baseline 0 -16"><span class='ocrx_word' id='word_1_47' title='bbox 247 967 474 1029; x_wconf 77' lang='grc' dir='ltr'><strong>ἐπιόντας</strong></span> <span class='ocrx_word' id='word_1_48' title='bbox 534 966 647 1035; x_wconf 87' lang='grc' dir='ltr'>βίον</span> <span class='ocrx_word' id='word_1_49' title='bbox 699 967 779 1028; x_wconf 84' lang='grc' dir='ltr'>εἰς</span> <span class='ocrx_word' id='word_1_50' title='bbox 843 967 1085 1028; x_wconf 78' lang='grc' dir='ltr'><strong>ἐκτενεῖς</strong></span> <span class='ocrx_word' id='word_1_51' title='bbox 1133 966 1350 1034; x_wconf 79' lang='grc' dir='ltr'>δεήσεις</span> <span class='ocrx_word' id='word_1_52' title='bbox 1410 966 1795 1034; x_wconf 81' lang='grc' dir='ltr'>ἐπεγείρουσα,</span> 
     </span>
    </p>
   </div>
   <div class='ocr_carea' id='block_1_11' title="bbox 249 1055 1801 1125">
    <p class='ocr_par' dir='ltr' id='par_1_11' title="bbox 249 1055 1801 1125">
     <span class='ocr_line' id='line_1_11' title="bbox 249 1055 1801 1125; baseline -0.003 -14"><span class='ocrx_word' id='word_1_53' title='bbox 249 1059 468 1119; x_wconf 75' lang='grc' dir='ltr'>ἅπαντας</span> <span class='ocrx_word' id='word_1_54' title='bbox 508 1057 563 1108; x_wconf 76' lang='grc' dir='ltr'>δὲ</span> <span class='ocrx_word' id='word_1_55' title='bbox 592 1056 886 1119; x_wconf 73' lang='grc' dir='ltr'>νοσοῦντας</span> <span class='ocrx_word' id='word_1_56' title='bbox 914 1057 946 1125; x_wconf 82' lang='grc' dir='ltr'>ἢ</span> <span class='ocrx_word' id='word_1_57' title='bbox 977 1057 1071 1108; x_wconf 80' lang='grc' dir='ltr'>καὶ</span> <span class='ocrx_word' id='word_1_58' title='bbox 1120 1059 1174 1110; x_wconf 85' lang='grc' dir='ltr'>ὲν</span> <span class='ocrx_word' id='word_1_59' title='bbox 1225 1057 1471 1124; x_wconf 84' lang='grc' dir='ltr'>εἱρκταῖς</span> <span class='ocrx_word' id='word_1_60' title='bbox 1502 1055 1801 1124; x_wconf 78' lang='grc' dir='ltr'>κατεχομέ-</span> 
     </span>
    </p>
   </div>
   <div class='ocr_carea' id='block_1_12' title="bbox 249 1147 1800 1217">
    <p class='ocr_par' dir='ltr' id='par_1_12' title="bbox 249 1147 1800 1217">
     <span class='ocr_line' id='line_1_12' title="bbox 249 1147 1800 1217; baseline 0 -18"><span class='ocrx_word' id='word_1_61' title='bbox 249 1167 351 1201; x_wconf 72' lang='grc' dir='ltr'>νους</span> <span class='ocrx_word' id='word_1_62' title='bbox 369 1149 455 1199; x_wconf 72' lang='grc' dir='ltr'><strong>καὶ</strong></span> <span class='ocrx_word' id='word_1_63' title='bbox 478 1149 893 1217; x_wconf 76' lang='grc' dir='ltr'>τετρυχιομένου</span> <span class='ocrx_word' id='word_1_64' title='bbox 910 1168 920 1207; x_wconf 67' lang='grc' dir='ltr'><strong>ς</strong></span> <span class='ocrx_word' id='word_1_65' title='bbox 942 1148 1381 1210; x_wconf 72' lang='grc' dir='ltr'>πλουσιωτάτους</span> <span class='ocrx_word' id='word_1_66' title='bbox 1398 1147 1800 1216; x_wconf 73' lang='grc' dir='ltr'>ἐργαζομένους</span> 
     </span>
    </p>
   </div>
   <div class='ocr_carea' id='block_1_13' title="bbox 248 1239 1802 1309">
    <p class='ocr_par' dir='ltr' id='par_1_13' title="bbox 248 1239 1802 1309">
     <span class='ocr_line' id='line_1_13' title="bbox 248 1239 1802 1309; baseline -0.001 -18"><span class='ocrx_word' id='word_1_67' title='bbox 248 1244 354 1302; x_wconf 86' lang='grc' dir='ltr'>ταῖς</span> <span class='ocrx_word' id='word_1_68' title='bbox 400 1241 636 1305; x_wconf 75' lang='grc' dir='ltr'>δόσεσιν,</span> <span class='ocrx_word' id='word_1_69' title='bbox 674 1239 809 1309; x_wconf 79' lang='grc' dir='ltr'>ὁμοῦ</span> <span class='ocrx_word' id='word_1_70' title='bbox 849 1239 987 1308; x_wconf 83' lang='grc' dir='ltr'>πρὸς</span> <span class='ocrx_word' id='word_1_71' title='bbox 1036 1240 1136 1302; x_wconf 85' lang='grc' dir='ltr'>τὰς</span> <span class='ocrx_word' id='word_1_72' title='bbox 1170 1240 1309 1309; x_wconf 80' lang='grc' dir='ltr'>ὑπὲρ</span> <span class='ocrx_word' id='word_1_73' title='bbox 1336 1239 1431 1297; x_wconf 88' lang='grc' dir='ltr'><strong>τοῦ</strong></span> <span class='ocrx_word' id='word_1_74' title='bbox 1473 1240 1802 1309; x_wconf 65' lang='grc' dir='ltr'>αὐτοκράτο-</span> 
     </span>
    </p>
   </div>
   <div class='ocr_carea' id='block_1_14' title="bbox 251 1330 1802 1403">
    <p class='ocr_par' dir='ltr' id='par_1_14' title="bbox 251 1330 1802 1403">
     <span class='ocr_line' id='line_1_14' title="bbox 251 1330 1802 1403; baseline 0 -18"><span class='ocrx_word' id='word_1_75' title='bbox 251 1350 330 1403; x_wconf 84' lang='grc' dir='ltr'><strong>ρος</strong></span> <span class='ocrx_word' id='word_1_76' title='bbox 354 1332 509 1399; x_wconf 76' lang='grc' dir='ltr'>εὐχὰς</span> <span class='ocrx_word' id='word_1_77' title='bbox 547 1330 957 1400; x_wconf 83' lang='grc' dir='ltr'>προσεκαλεῖτο,</span> <span class='ocrx_word' id='word_1_78' title='bbox 989 1330 1146 1385; x_wconf 66' lang='grc' dir='ltr'>Ἐπεὶ</span> <span class='ocrx_word' id='word_1_79' title='bbox 1168 1331 1223 1385; x_wconf 82' lang='grc' dir='ltr'>δὲ</span> <span class='ocrx_word' id='word_1_80' title='bbox 1254 1331 1315 1383; x_wconf 85' lang='grc' dir='ltr'><strong>τὸ</strong></span> <span class='ocrx_word' id='word_1_81' title='bbox 1340 1332 1436 1384; x_wconf 89' lang='grc' dir='ltr'><strong>τοῦ</strong></span> <span class='ocrx_word' id='word_1_82' title='bbox 1469 1332 1802 1401; x_wconf 80' lang='grc' dir='ltr'>αὐτοκράτο-</span> 
     </span>
    </p>
   </div>
   <div class='ocr_carea' id='block_1_15' title="bbox 250 1422 1801 1496">
    <p class='ocr_par' dir='ltr' id='par_1_15' title="bbox 250 1422 1801 1496">
     <span class='ocr_line' id='line_1_15' title="bbox 250 1422 1801 1496; baseline -0.002 -17"><span class='ocrx_word' id='word_1_83' title='bbox 250 1443 333 1496; x_wconf 86' lang='grc' dir='ltr'><strong>ρος</strong></span> <span class='ocrx_word' id='word_1_84' title='bbox 391 1423 696 1492; x_wconf 82' lang='grc' dir='ltr'>σπλάγχνον</span> <span class='ocrx_word' id='word_1_85' title='bbox 729 1422 988 1491; x_wconf 78' lang='grc' dir='ltr'>ὲξῳδήκει</span> <span class='ocrx_word' id='word_1_86' title='bbox 1016 1439 1075 1474; x_wconf 86' lang='grc' dir='ltr'><strong>τε</strong></span> <span class='ocrx_word' id='word_1_87' title='bbox 1115 1423 1209 1476; x_wconf 73' lang='grc' dir='ltr'><strong>καὶ</strong></span> <span class='ocrx_word' id='word_1_88' title='bbox 1240 1424 1318 1485; x_wconf 76' lang='grc' dir='ltr'>εἰς</span> <span class='ocrx_word' id='word_1_89' title='bbox 1358 1423 1523 1490; x_wconf 74' lang='grc' dir='ltr'>ὄγκον</span> <span class='ocrx_word' id='word_1_90' title='bbox 1563 1425 1801 1495; x_wconf 68' lang='grc' dir='ltr'>ἐπιφανῆ</span> 
     </span>
    </p>
   </div>
   <div class='ocr_carea' id='block_1_16' title="bbox 252 1516 1803 1587">
    <p class='ocr_par' dir='ltr' id='par_1_16' title="bbox 252 1516 1803 1587">
     <span class='ocr_line' id='line_1_16' title="bbox 252 1516 1803 1587; baseline 0 -17"><span class='ocrx_word' id='word_1_91' title='bbox 252 1516 622 1587; x_wconf 76' lang='grc' dir='ltr'><strong>προελήλυθεν,</strong></span> <span class='ocrx_word' id='word_1_92' title='bbox 647 1516 757 1568; x_wconf 83' lang='grc' dir='ltr'>οἵτε</span> <span class='ocrx_word' id='word_1_93' title='bbox 785 1516 947 1578; x_wconf 81' lang='grc' dir='ltr'>πόδες</span> <span class='ocrx_word' id='word_1_94' title='bbox 984 1516 1330 1585; x_wconf 74' lang='grc' dir='ltr'>ἐξῳδήκεσαν</span> <span class='ocrx_word' id='word_1_95' title='bbox 1356 1518 1448 1569; x_wconf 72' lang='grc' dir='ltr'>καὶ</span> <span class='ocrx_word' id='word_1_96' title='bbox 1481 1517 1711 1586; x_wconf 85' lang='grc' dir='ltr'>πυρετὸς</span> <span class='ocrx_word' id='word_1_97' title='bbox 1742 1520 1803 1570; x_wconf 84' lang='grc' dir='ltr'>τὸ</span> 
     </span>
    </p>
   </div>
   <div class='ocr_carea' id='block_1_17' title="bbox 248 1609 1803 1680">
    <p class='ocr_par' dir='ltr' id='par_1_17' title="bbox 248 1609 1803 1680">
     <span class='ocr_line' id='line_1_17' title="bbox 248 1609 1803 1680; baseline 0 -18"><span class='ocrx_word' id='word_1_98' title='bbox 248 1610 502 1680; x_wconf 80' lang='grc' dir='ltr'>βασιλικὸν</span> <span class='ocrx_word' id='word_1_99' title='bbox 538 1610 697 1678; x_wconf 82' lang='grc' dir='ltr'>σῶμα</span> <span class='ocrx_word' id='word_1_100' title='bbox 739 1611 1019 1678; x_wconf 81' lang='grc' dir='ltr'>κατεῖχεν,</span> <span class='ocrx_word' id='word_1_101' title='bbox 1075 1610 1153 1672; x_wconf 88' lang='grc' dir='ltr'>εἰς</span> <span class='ocrx_word' id='word_1_102' title='bbox 1215 1609 1497 1677; x_wconf 75' lang='grc' dir='ltr'>καυτῆρας</span> <span class='ocrx_word' id='word_1_103' title='bbox 1555 1609 1803 1663; x_wconf 77' lang='grc' dir='ltr'>ἐντεῦθέν</span> 
     </span>
    </p>
   </div>
   <div class='ocr_carea' id='block_1_18' title="bbox 244 1698 1800 1767">
    <p class='ocr_par' dir='ltr' id='par_1_18' title="bbox 244 1698 1800 1767">
     <span class='ocr_line' id='line_1_18' title="bbox 244 1698 1800 1767; baseline -0.001 -16"><span class='ocrx_word' id='word_1_104' title='bbox 244 1716 372 1761; x_wconf 84' lang='grc' dir='ltr'>τινες</span> <span class='ocrx_word' id='word_1_105' title='bbox 399 1699 507 1750; x_wconf 77' lang='grc' dir='ltr'>τῶν</span> <span class='ocrx_word' id='word_1_106' title='bbox 545 1699 746 1766; x_wconf 74' lang='grc' dir='ltr'>ἰατρῶν</span> <span class='ocrx_word' id='word_1_107' title='bbox 765 1699 989 1751; x_wconf 88' lang='grc' dir='ltr'>ἀπεῖδον</span> <span class='ocrx_word' id='word_1_108' title='bbox 1020 1698 1193 1767; x_wconf 74' lang='grc' dir='ltr'>μικρὰ</span> <span class='ocrx_word' id='word_1_109' title='bbox 1236 1698 1659 1766; x_wconf 77' lang='grc' dir='ltr'>πεφροντικότες</span> <span class='ocrx_word' id='word_1_110' title='bbox 1707 1698 1800 1750; x_wconf 86' lang='grc' dir='ltr'><strong>τοῦ</strong></span> 
     </span>
    </p>
   </div>
   <div class='ocr_carea' id='block_1_19' title="bbox 249 1784 1803 1858">
    <p class='ocr_par' dir='ltr' id='par_1_19' title="bbox 249 1784 1803 1858">
     <span class='ocr_line' id='line_1_19' title="bbox 249 1784 1803 1858; baseline -0.001 -17"><span class='ocrx_word' id='word_1_111' title='bbox 249 1788 496 1858; x_wconf 79' lang='grc' dir='ltr'>πυρετοῦ.</span> <span class='ocrx_word' id='word_1_112' title='bbox 541 1788 681 1840; x_wconf 79' lang='grc' dir='ltr'>Ἀλλ’</span> <span class='ocrx_word' id='word_1_113' title='bbox 726 1784 794 1857; x_wconf 76' lang='grc' dir='ltr'>ἦν</span> <span class='ocrx_word' id='word_1_114' title='bbox 828 1790 1016 1843; x_wconf 71' lang='grc' dir='ltr'>ἅπασα</span> <span class='ocrx_word' id='word_1_115' title='bbox 1072 1788 1340 1857; x_wconf 79' lang='grc' dir='ltr'>Θεραπεία</span> <span class='ocrx_word' id='word_1_116' title='bbox 1390 1790 1671 1857; x_wconf 77' lang='grc' dir='ltr'>ἀνωφελὴς</span> <span class='ocrx_word' id='word_1_117' title='bbox 1710 1789 1803 1842; x_wconf 77' lang='grc' dir='ltr'>καὶ</span> 
     </span>
    </p>
   </div>
   <div class='ocr_carea' id='block_1_20' title="bbox 1899 598 3467 677">
    <p class='ocr_par' dir='ltr' id='par_1_20' title="bbox 1899 598 3467 677">
     <span class='ocr_line' id='line_1_20' title="bbox 1899 598 3467 677; baseline 0.007 -28"><span class='ocrx_word' id='word_1_118' title='bbox 1899 598 1992 649; x_wconf 87' lang='lat' dir='ltr'><strong>sed</strong></span> <span class='ocrx_word' id='word_1_119' title='bbox 2048 598 2111 649; x_wconf 90' lang='lat' dir='ltr'><strong>ad</strong></span> <span class='ocrx_word' id='word_1_120' title='bbox 2166 598 2300 651; x_wconf 90' lang='lat' dir='ltr'><strong>alios</strong></span> <span class='ocrx_word' id='word_1_121' title='bbox 2348 600 2673 668; x_wconf 66' lang='lat' dir='ltr'><strong>ubicunque,</strong></span> <span class='ocrx_word' id='word_1_122' title='bbox 2726 610 2866 655; x_wconf 86' lang='lat' dir='ltr'><strong>terra</strong></span> <span class='ocrx_word' id='word_1_123' title='bbox 2927 605 3192 677; x_wconf 73' lang='lat' dir='ltr'><strong>marique,</strong></span> <span class='ocrx_word' id='word_1_124' title='bbox 3242 608 3467 674; x_wconf 65' lang='lat' dir='ltr'><strong>penuria</strong></span> 
     </span>
    </p>
   </div>
   <div class='ocr_carea' id='block_1_21' title="bbox 1900 688 3467 764">
    <p class='ocr_par' dir='ltr' id='par_1_21' title="bbox 1900 688 3467 764">
     <span class='ocr_line' id='line_1_21' title="bbox 1900 688 3467 764; baseline 0.01 -27"><span class='ocrx_word' id='word_1_125' title='bbox 1900 688 2209 743; x_wconf 86' lang='lat' dir='ltr'><strong>laborantes</strong></span> <span class='ocrx_word' id='word_1_126' title='bbox 2270 690 2596 744; x_wconf 86' lang='lat' dir='ltr'><strong>missitabat.</strong></span> <span class='ocrx_word' id='word_1_127' title='bbox 2657 691 2951 749; x_wconf 83' lang='lat' dir='ltr'><strong>Monachus</strong></span> <span class='ocrx_word' id='word_1_128' title='bbox 3006 697 3172 750; x_wconf 77' lang='lat' dir='ltr'><strong>etiam</strong></span> <span class='ocrx_word' id='word_1_129' title='bbox 3235 709 3467 764; x_wconf 75' lang='lat' dir='ltr'><strong>cunctos</strong></span> 
     </span>
    </p>
   </div>
   <div class='ocr_carea' id='block_1_22' title="bbox 1899 781 3471 856">
    <p class='ocr_par' dir='ltr' id='par_1_22' title="bbox 1899 781 3471 856">
     <span class='ocr_line' id='line_1_22' title="bbox 1899 781 3471 856; baseline 0.01 -25"><span class='ocrx_word' id='word_1_130' title='bbox 1899 781 2098 848; x_wconf 87' lang='lat' dir='ltr'><strong>quique</strong></span> <span class='ocrx_word' id='word_1_131' title='bbox 2121 781 2415 834; x_wconf 84' lang='lat' dir='ltr'><strong>solitariam</strong></span> <span class='ocrx_word' id='word_1_132' title='bbox 2443 782 2494 835; x_wconf 91' lang='lat' dir='ltr'><strong>in</strong></span> <span class='ocrx_word' id='word_1_133' title='bbox 2528 786 2799 839; x_wconf 84' lang='lat' dir='ltr'><strong>montibus</strong></span> <span class='ocrx_word' id='word_1_134' title='bbox 2831 798 2883 845; x_wconf 89' lang='lat' dir='ltr'><strong>et</strong></span> <span class='ocrx_word' id='word_1_135' title='bbox 2910 788 3185 856; x_wconf 83' lang='lat' dir='ltr'><strong>speluncis</strong></span> <span class='ocrx_word' id='word_1_136' title='bbox 3211 801 3471 847; x_wconf 71' lang='lat' dir='ltr'><strong>exercent.</strong></span> 
     </span>
    </p>
   </div>
   <div class='ocr_carea' id='block_1_23' title="bbox 1902 871 3469 944">
    <p class='ocr_par' dir='ltr' id='par_1_23' title="bbox 1902 871 3469 944">
     <span class='ocr_line' id='line_1_23' title="bbox 1902 871 3469 944; baseline 0.009 -23"><span class='ocrx_word' id='word_1_137' title='bbox 1902 871 2092 933; x_wconf 87' lang='lat' dir='ltr'><strong>vitam,</strong></span> <span class='ocrx_word' id='word_1_138' title='bbox 2153 872 2350 939; x_wconf 85' lang='lat' dir='ltr'><strong>quique</strong></span> <span class='ocrx_word' id='word_1_139' title='bbox 2386 874 2489 927; x_wconf 85' lang='lat' dir='ltr'><strong>alia</strong></span> <span class='ocrx_word' id='word_1_140' title='bbox 2532 877 2739 929; x_wconf 88' lang='lat' dir='ltr'><strong>ratione</strong></span> <span class='ocrx_word' id='word_1_141' title='bbox 2772 877 2998 944; x_wconf 67' lang='lat' dir='ltr'><strong>sejunrti</strong></span> <span class='ocrx_word' id='word_1_142' title='bbox 3031 895 3058 932; x_wconf 88' lang='lat' dir='ltr'><strong>a</strong></span> <span class='ocrx_word' id='word_1_143' title='bbox 3089 881 3236 936; x_wconf 88' lang='lat' dir='ltr'><strong>curis</strong></span> <span class='ocrx_word' id='word_1_144' title='bbox 3277 882 3469 935; x_wconf 78' lang='lat' dir='ltr'><strong>huma-</strong></span> 
     </span>
    </p>
   </div>
   <div class='ocr_carea' id='block_1_24' title="bbox 1901 961 3471 1035">
    <p class='ocr_par' dir='ltr' id='par_1_24' title="bbox 1901 961 3471 1035">
     <span class='ocr_line' id='line_1_24' title="bbox 1901 961 3471 1035; baseline 0.006 -20"><span class='ocrx_word' id='word_1_145' title='bbox 1901 961 1983 1015; x_wconf 85' lang='lat' dir='ltr'><strong>nis</strong></span> <span class='ocrx_word' id='word_1_146' title='bbox 2034 961 2276 1029; x_wconf 64' lang='lat' dir='ltr'><strong>rtligioni</strong></span> <span class='ocrx_word' id='word_1_147' title='bbox 2328 974 2540 1027; x_wconf 81' lang='lat' dir='ltr'><strong>vacant,</strong></span> <span class='ocrx_word' id='word_1_148' title='bbox 2590 967 2807 1021; x_wconf 71' lang='lat' dir='ltr'><strong>assidue</strong></span> <span class='ocrx_word' id='word_1_149' title='bbox 2848 968 3074 1023; x_wconf 81' lang='lat' dir='ltr'><strong>hertans</strong></span> <span class='ocrx_word' id='word_1_150' title='bbox 3117 984 3180 1023; x_wconf 87' lang='lat' dir='ltr'><strong>ac</strong></span> <span class='ocrx_word' id='word_1_151' title='bbox 3226 970 3471 1035; x_wconf 79' lang='lat' dir='ltr'><strong>excitans</strong></span> 
     </span>
    </p>
   </div>
   <div class='ocr_carea' id='block_1_25' title="bbox 1903 1053 3469 1129">
    <p class='ocr_par' dir='ltr' id='par_1_25' title="bbox 1903 1053 3469 1129">
     <span class='ocr_line' id='line_1_25' title="bbox 1903 1053 3469 1129; baseline 0.006 -26"><span class='ocrx_word' id='word_1_152' title='bbox 1903 1053 1969 1109; x_wconf 85' lang='lat' dir='ltr'><strong>ad</strong></span> <span class='ocrx_word' id='word_1_153' title='bbox 2022 1053 2411 1108; x_wconf 90' lang='lat' dir='ltr'><strong>iu&#39;cntissimas</strong></span> <span class='ocrx_word' id='word_1_154' title='bbox 2462 1070 2557 1123; x_wconf 89' lang='lat' dir='ltr'><strong>pro</strong></span> <span class='ocrx_word' id='word_1_155' title='bbox 2592 1056 2931 1123; x_wconf 84' lang='lat' dir='ltr'><strong>imperatoris</strong></span> <span class='ocrx_word' id='word_1_156' title='bbox 2972 1058 3143 1112; x_wconf 84' lang='lat' dir='ltr'><strong>salute</strong></span> <span class='ocrx_word' id='word_1_157' title='bbox 3185 1076 3370 1129; x_wconf 87' lang='lat' dir='ltr'><strong>preces</strong></span> <span class='ocrx_word' id='word_1_158' title='bbox 3403 1063 3469 1119; x_wconf 85' lang='lat' dir='ltr'><strong>ad</strong></span> 
     </span>
    </p>
   </div>
   <div class='ocr_carea' id='block_1_26' title="bbox 1904 1143 3474 1219">
    <p class='ocr_par' dir='ltr' id='par_1_26' title="bbox 1904 1143 3474 1219">
     <span class='ocr_line' id='line_1_26' title="bbox 1904 1143 3474 1219; baseline 0.006 -24"><span class='ocrx_word' id='word_1_159' title='bbox 1904 1143 2070 1195; x_wconf 84' lang='lat' dir='ltr'><strong>Deum</strong></span> <span class='ocrx_word' id='word_1_160' title='bbox 2116 1143 2331 1197; x_wconf 80' lang='lat' dir='ltr'><strong>assidue</strong></span> <span class='ocrx_word' id='word_1_161' title='bbox 2379 1144 2697 1199; x_wconf 78' lang='lat' dir='ltr'><strong>fuiidendas.</strong></span> <span class='ocrx_word' id='word_1_162' title='bbox 2756 1148 2907 1214; x_wconf 82' lang='lat' dir='ltr'><strong>Quod</strong></span> <span class='ocrx_word' id='word_1_163' title='bbox 2962 1149 3131 1216; x_wconf 84' lang='lat' dir='ltr'><strong>ipsum</strong></span> <span class='ocrx_word' id='word_1_164' title='bbox 3193 1152 3242 1204; x_wconf 92' lang='lat' dir='ltr'><strong>in</strong></span> <span class='ocrx_word' id='word_1_165' title='bbox 3288 1152 3474 1219; x_wconf 66' lang='lat' dir='ltr'><strong>gratiae</strong></span> 
     </span>
    </p>
   </div>
   <div class='ocr_carea' id='block_1_27' title="bbox 1902 1234 3471 1308">
    <p class='ocr_par' dir='ltr' id='par_1_27' title="bbox 1902 1234 3471 1308">
     <span class='ocr_line' id='line_1_27' title="bbox 1902 1234 3471 1308; baseline 0.004 -22"><span class='ocrx_word' id='word_1_166' title='bbox 1902 1234 2073 1288; x_wconf 83' lang='lat' dir='ltr'><strong>vicem</strong></span> <span class='ocrx_word' id='word_1_167' title='bbox 2131 1246 2366 1288; x_wconf 87' lang='lat' dir='ltr'><strong>mutuam</strong></span> <span class='ocrx_word' id='word_1_168' title='bbox 2400 1236 2558 1290; x_wconf 84' lang='lat' dir='ltr'><strong>enixe</strong></span> <span class='ocrx_word' id='word_1_169' title='bbox 2604 1239 2959 1292; x_wconf 88' lang='lat' dir='ltr'><strong>contendebat</strong></span> <span class='ocrx_word' id='word_1_170' title='bbox 2996 1242 3062 1293; x_wconf 90' lang='lat' dir='ltr'><strong>ab</strong></span> <span class='ocrx_word' id='word_1_171' title='bbox 3108 1242 3170 1299; x_wconf 81' lang='lat' dir='ltr'><strong>iis</strong></span> <span class='ocrx_word' id='word_1_172' title='bbox 3199 1244 3471 1308; x_wconf 80' lang='lat' dir='ltr'><strong>omnibus,</strong></span> 
     </span>
    </p>
   </div>
   <div class='ocr_carea' id='block_1_28' title="bbox 1902 1325 3474 1397">
    <p class='ocr_par' dir='ltr' id='par_1_28' title="bbox 1902 1325 3474 1397">
     <span class='ocr_line' id='line_1_28' title="bbox 1902 1325 3474 1397; baseline 0.006 -22"><span class='ocrx_word' id='word_1_173' title='bbox 1902 1339 2038 1393; x_wconf 90' lang='lat' dir='ltr'><strong>quos</strong></span> <span class='ocrx_word' id='word_1_174' title='bbox 2089 1325 2291 1379; x_wconf 86' lang='lat' dir='ltr'><strong>morbis</strong></span> <span class='ocrx_word' id='word_1_175' title='bbox 2344 1325 2593 1391; x_wconf 65' lang='lat' dir='ltr'><strong>afﬂictos,</strong></span> <span class='ocrx_word' id='word_1_176' title='bbox 2635 1328 2841 1381; x_wconf 72' lang='lat' dir='ltr'><strong>vinctos</strong></span> <span class='ocrx_word' id='word_1_177' title='bbox 2892 1330 3262 1397; x_wconf 76' lang='lat' dir='ltr'><strong>compedibus,</strong></span> <span class='ocrx_word' id='word_1_178' title='bbox 3320 1333 3474 1386; x_wconf 81' lang='lat' dir='ltr'><strong>malis</strong></span> 
     </span>
    </p>
   </div>
   <div class='ocr_carea' id='block_1_29' title="bbox 1903 1415 3474 1489">
    <p class='ocr_par' dir='ltr' id='par_1_29' title="bbox 1903 1415 3474 1489">
     <span class='ocr_line' id='line_1_29' title="bbox 1903 1415 3474 1489; baseline 0.004 -21"><span class='ocrx_word' id='word_1_179' title='bbox 1903 1415 2023 1471; x_wconf 88' lang='lat' dir='ltr'><strong>aliis</strong></span> <span class='ocrx_word' id='word_1_180' title='bbox 2070 1416 2409 1484; x_wconf 83' lang='lat' dir='ltr'><strong>miseriisque</strong></span> <span class='ocrx_word' id='word_1_181' title='bbox 2459 1418 2695 1485; x_wconf 86' lang='lat' dir='ltr'><strong>attritos,</strong></span> <span class='ocrx_word' id='word_1_182' title='bbox 2752 1420 3170 1489; x_wconf 85' lang='lat' dir='ltr'><strong>donationibus,</strong></span> <span class='ocrx_word' id='word_1_183' title='bbox 3234 1433 3294 1477; x_wconf 91' lang='lat' dir='ltr'><strong>ut</strong></span> <span class='ocrx_word' id='word_1_184' title='bbox 3339 1423 3474 1489; x_wconf 80' lang='lat' dir='ltr'><strong>dixi,</strong></span> 
     </span>
    </p>
   </div>
   <div class='ocr_carea' id='block_1_30' title="bbox 1904 1507 3477 1576">
    <p class='ocr_par' dir='ltr' id='par_1_30' title="bbox 1904 1507 3477 1576">
     <span class='ocr_line' id='line_1_30' title="bbox 1904 1507 3477 1576; baseline 0.003 -16"><span class='ocrx_word' id='word_1_185' title='bbox 1904 1507 2243 1571; x_wconf 71' lang='lat' dir='ltr'><strong>largiSsimis,</strong></span> <span class='ocrx_word' id='word_1_186' title='bbox 2274 1520 2494 1576; x_wconf 86' lang='lat' dir='ltr'><strong>repente</strong></span> <span class='ocrx_word' id='word_1_187' title='bbox 2529 1509 2596 1563; x_wconf 91' lang='lat' dir='ltr'><strong>de</strong></span> <span class='ocrx_word' id='word_1_188' title='bbox 2636 1510 2899 1563; x_wconf 85' lang='lat' dir='ltr'><strong>mendicis</strong></span> <span class='ocrx_word' id='word_1_189' title='bbox 2939 1511 3155 1571; x_wconf 88' lang='lat' dir='ltr'><strong>divites,</strong></span> <span class='ocrx_word' id='word_1_190' title='bbox 3201 1514 3265 1565; x_wconf 90' lang='lat' dir='ltr'><strong>de</strong></span> <span class='ocrx_word' id='word_1_191' title='bbox 3302 1514 3477 1568; x_wconf 88' lang='lat' dir='ltr'><strong>infeli—</strong></span> 
     </span>
    </p>
   </div>
   <div class='ocr_carea' id='block_1_31' title="bbox 1903 1588 3473 1667">
    <p class='ocr_par' dir='ltr' id='par_1_31' title="bbox 1903 1588 3473 1667">
     <span class='ocr_line' id='line_1_31' title="bbox 1903 1588 3473 1667; baseline 0.004 -15"><span class='ocrx_word' id='word_1_192' title='bbox 1903 1599 2134 1652; x_wconf 76' lang='lat' dir='ltr'><strong>cissimis</strong></span> <span class='ocrx_word' id='word_1_193' title='bbox 2163 1598 2618 1657; x_wconf 83' lang='lat' dir='ltr'><strong>fortunatissitnos</strong></span> <span class='ocrx_word' id='word_1_194' title='bbox 2650 1600 2931 1657; x_wconf 84' lang='lat' dir='ltr'><strong>reddebat.</strong></span> <span class='ocrx_word' id='word_1_195' title='bbox 2958 1602 3201 1667; x_wconf 75' lang='lat' dir='ltr'><strong>Interim,</strong></span> <span class='ocrx_word' id='word_1_196' title='bbox 3236 1622 3354 1657; x_wconf 87' lang='lat' dir='ltr'><strong>cum</strong></span> <span class='ocrx_word' id='word_1_197' title='bbox 3392 1588 3473 1659; x_wconf 77' lang='lat' dir='ltr'><strong>iu-</strong></span> 
     </span>
    </p>
   </div>
   <div class='ocr_carea' id='block_1_32' title="bbox 1907 1688 3479 1757">
    <p class='ocr_par' dir='ltr' id='par_1_32' title="bbox 1907 1688 3479 1757">
     <span class='ocr_line' id='line_1_32' title="bbox 1907 1688 3479 1757; baseline 0.008 -18"><span class='ocrx_word' id='word_1_198' title='bbox 1907 1689 2330 1742; x_wconf 87' lang='lat' dir='ltr'><strong>tmuescentibus</strong></span> <span class='ocrx_word' id='word_1_199' title='bbox 2357 1688 2580 1757; x_wconf 83' lang='lat' dir='ltr'><strong>Augusti</strong></span> <span class='ocrx_word' id='word_1_200' title='bbox 2611 1691 2905 1745; x_wconf 78' lang='lat' dir='ltr'><strong>visceribus</strong></span> <span class='ocrx_word' id='word_1_201' title='bbox 2940 1697 3268 1750; x_wconf 85' lang='lat' dir='ltr'><strong>excrevisset</strong></span> <span class='ocrx_word' id='word_1_202' title='bbox 3294 1708 3479 1753; x_wconf 86' lang='lat' dir='ltr'><strong>vcntcr</strong></span> 
     </span>
    </p>
   </div>
   <div class='ocr_carea' id='block_1_33' title="bbox 1903 1779 3483 1858">
    <p class='ocr_par' dir='ltr' id='par_1_33' title="bbox 1903 1779 3483 1858">
     <span class='ocr_line' id='line_1_33' title="bbox 1903 1779 3483 1858; baseline 0.008 -27"><span class='ocrx_word' id='word_1_203' title='bbox 1903 1781 1957 1832; x_wconf 92' lang='lat' dir='ltr'><strong>iu</strong></span> <span class='ocrx_word' id='word_1_204' title='bbox 1988 1779 2181 1832; x_wconf 87' lang='lat' dir='ltr'><strong>molem</strong></span> <span class='ocrx_word' id='word_1_205' title='bbox 2208 1790 2360 1832; x_wconf 75' lang='lat' dir='ltr'><strong>extra</strong></span> <span class='ocrx_word' id='word_1_206' title='bbox 2396 1781 2607 1834; x_wconf 90' lang='lat' dir='ltr'><strong>modum</strong></span> <span class='ocrx_word' id='word_1_207' title='bbox 2646 1785 3058 1850; x_wconf 86' lang='lat' dir='ltr'><strong>prominentem,</strong></span> <span class='ocrx_word' id='word_1_208' title='bbox 3085 1788 3246 1857; x_wconf 85' lang='lat' dir='ltr'><strong>pedes</strong></span> <span class='ocrx_word' id='word_1_209' title='bbox 3267 1805 3483 1858; x_wconf 82' lang='lat' dir='ltr'><strong>quoque</strong></span> 
     </span>
    </p>
   </div>
   <div class='ocr_carea' id='block_1_34' title="bbox 244 1851 1805 1949">
    <p class='ocr_par' dir='ltr' id='par_1_34' title="bbox 244 1851 1801 1949">
     <span class='ocr_line' id='line_1_34' title="bbox 244 1851 1801 1949; baseline 0.001 -18"><span class='ocrx_word' id='word_1_210' title='bbox 244 1851 381 1947; x_wconf 72' lang='grc' dir='ltr'>κενή.</span> <span class='ocrx_word' id='word_1_211' title='bbox 429 1878 564 1933; x_wconf 73' lang='grc' dir='ltr'>Οὐδὲ</span> <span class='ocrx_word' id='word_1_212' title='bbox 621 1851 784 1948; x_wconf 41' lang='grc' dir='ltr'>γὰρ-ὁ</span> <span class='ocrx_word' id='word_1_213' title='bbox 814 1878 1032 1949; x_wconf 81' lang='grc' dir='ltr'>καυτὴρ</span> <span class='ocrx_word' id='word_1_214' title='bbox 1092 1851 1326 1948; x_wconf 78' lang='grc' dir='ltr'>ὤνησεν,</span> <span class='ocrx_word' id='word_1_215' title='bbox 1377 1851 1591 1939; x_wconf 42' lang='grc' dir='ltr'>ἀλλ’-ὲν</span> <span class='ocrx_word' id='word_1_216' title='bbox 1624 1851 1801 1942; x_wconf 77' lang='grc' dir='ltr'>αὐτοῖς</span> 
     </span>
    </p>
   </div>
   <div class='ocr_carea' id='block_1_35' title="bbox 1911 1851 3489 1949">
    <p class='ocr_par' dir='ltr' id='par_1_35' title="bbox 1911 1871 3489 1947">
     <span class='ocr_line' id='line_1_35' title="bbox 1911 1871 3489 1947; baseline 0.009 -25"><span class='ocrx_word' id='word_1_217' title='bbox 1911 1871 2100 1939; x_wconf 80' lang='lat' dir='ltr'><strong>turgidi</strong></span> <span class='ocrx_word' id='word_1_218' title='bbox 2133 1882 2313 1935; x_wconf 82' lang='lat' dir='ltr'><strong>essent</strong></span> <span class='ocrx_word' id='word_1_219' title='bbox 2354 1871 2503 1935; x_wconf 90' lang='lat' dir='ltr'><strong>facti,</strong></span> <span class='ocrx_word' id='word_1_220' title='bbox 2551 1888 2612 1931; x_wconf 82' lang='lat' dir='ltr'><strong>ac</strong></span> <span class='ocrx_word' id='word_1_221' title='bbox 2646 1888 2844 1943; x_wconf 89' lang='lat' dir='ltr'><strong>corpus</strong></span> <span class='ocrx_word' id='word_1_222' title='bbox 2879 1883 3047 1931; x_wconf 83' lang='lat' dir='ltr'><strong>totum</strong></span> <span class='ocrx_word' id='word_1_223' title='bbox 3083 1877 3246 1933; x_wconf 77' lang='lat' dir='ltr'><strong>febris</strong></span> <span class='ocrx_word' id='word_1_224' title='bbox 3281 1881 3489 1947; x_wconf 74' lang='lat' dir='ltr'><strong>ardens</strong></span> 
     </span>
    </p>
   </div>
   <div class='ocr_carea' id='block_1_36' title="bbox 243 1965 1798 2040">
    <p class='ocr_par' dir='ltr' id='par_1_36' title="bbox 243 1965 1798 2040">
     <span class='ocr_line' id='line_1_36' title="bbox 243 1965 1798 2040; baseline 0.001 -19"><span class='ocrx_word' id='word_1_225' title='bbox 243 1972 327 2021; x_wconf 72' lang='grc' dir='ltr'><strong>καὶ</strong></span> <span class='ocrx_word' id='word_1_226' title='bbox 352 1971 405 2021; x_wconf 74' lang='grc' dir='ltr'>τὸ</span> <span class='ocrx_word' id='word_1_227' title='bbox 441 1970 748 2040; x_wconf 72' lang='grc' dir='ltr'>σπλάγχνον</span> <span class='ocrx_word' id='word_1_228' title='bbox 801 1965 869 2037; x_wconf 76' lang='grc' dir='ltr'>ἦν</span> <span class='ocrx_word' id='word_1_229' title='bbox 896 1972 991 2022; x_wconf 74' lang='grc' dir='ltr'>καὶ</span> <span class='ocrx_word' id='word_1_230' title='bbox 1024 1969 1089 2021; x_wconf 82' lang='grc' dir='ltr'>τὰ</span> <span class='ocrx_word' id='word_1_231' title='bbox 1120 1968 1536 2025; x_wconf 72' lang='grc' dir='ltr'>ἀναπνευστικὰ</span> <span class='ocrx_word' id='word_1_232' title='bbox 1602 1970 1798 2022; x_wconf 81' lang='grc' dir='ltr'>δυσκό-</span> 
     </span>
    </p>
   </div>
   <div class='ocr_carea' id='block_1_37' title="bbox 242 2059 1799 2131">
    <p class='ocr_par' dir='ltr' id='par_1_37' title="bbox 242 2059 1799 2131">
     <span class='ocr_line' id='line_1_37' title="bbox 242 2059 1799 2131; baseline 0.001 -20"><span class='ocrx_word' id='word_1_233' title='bbox 242 2061 337 2123; x_wconf 65' lang='grc' dir='ltr'>λως</span> <span class='ocrx_word' id='word_1_234' title='bbox 365 2061 570 2131; x_wconf 78' lang='grc' dir='ltr'>ἔχοντα·</span> <span class='ocrx_word' id='word_1_235' title='bbox 614 2060 803 2130; x_wconf 81' lang='grc' dir='ltr'>ὥσπερ</span> <span class='ocrx_word' id='word_1_236' title='bbox 831 2060 886 2112; x_wconf 79' lang='grc' dir='ltr'><strong>δὲ</strong></span> <span class='ocrx_word' id='word_1_237' title='bbox 914 2059 971 2123; x_wconf 81' lang='grc' dir='ltr'>ἐξ</span> <span class='ocrx_word' id='word_1_238' title='bbox 999 2060 1162 2131; x_wconf 74' lang='grc' dir='ltr'>ἄλλης</span> <span class='ocrx_word' id='word_1_239' title='bbox 1198 2063 1381 2129; x_wconf 71' lang='grc' dir='ltr'>πηγῆς</span> <span class='ocrx_word' id='word_1_240' title='bbox 1418 2060 1689 2130; x_wconf 77' lang='grc' dir='ltr'>ῥεύματος</span> <span class='ocrx_word' id='word_1_241' title='bbox 1720 2062 1799 2123; x_wconf 76' lang='grc' dir='ltr'>εὶς</span> 
     </span>
    </p>
   </div>
   <div class='ocr_carea' id='block_1_38' title="bbox 243 2143 1802 2221">
    <p class='ocr_par' dir='ltr' id='par_1_38' title="bbox 243 2143 1802 2221">
     <span class='ocr_line' id='line_1_38' title="bbox 243 2143 1802 2221; baseline -0.001 -17"><span class='ocrx_word' id='word_1_242' title='bbox 243 2154 323 2204; x_wconf 71' lang='grc' dir='ltr'><strong>τὸν</strong></span> <span class='ocrx_word' id='word_1_243' title='bbox 351 2152 718 2220; x_wconf 84' lang='grc' dir='ltr'>γαργαρεῶνα</span> <span class='ocrx_word' id='word_1_244' title='bbox 766 2151 1179 2219; x_wconf 76' lang='grc' dir='ltr'>ἐπενεχθέντος,</span> <span class='ocrx_word' id='word_1_245' title='bbox 1216 2151 1311 2203; x_wconf 81' lang='grc' dir='ltr'><strong>καὶ</strong></span> <span class='ocrx_word' id='word_1_246' title='bbox 1357 2143 1433 2204; x_wconf 85' lang='grc' dir='ltr'>ὧν</span> <span class='ocrx_word' id='word_1_247' title='bbox 1467 2154 1514 2203; x_wconf 86' lang='grc' dir='ltr'>οἱ</span> <span class='ocrx_word' id='word_1_248' title='bbox 1571 2151 1802 2221; x_wconf 79' lang='grc' dir='ltr'>’Λσκλη-</span> 
     </span>
    </p>
   </div>
   <div class='ocr_carea' id='block_1_39' title="bbox 243 2243 1805 2314">
    <p class='ocr_par' dir='ltr' id='par_1_39' title="bbox 243 2243 1805 2314">
     <span class='ocr_line' id='line_1_39' title="bbox 243 2243 1805 2314; baseline 0.001 -18"><span class='ocrx_word' id='word_1_249' title='bbox 243 2245 420 2297; x_wconf 81' lang='grc' dir='ltr'>πιάδαι</span> <span class='ocrx_word' id='word_1_250' title='bbox 447 2244 612 2311; x_wconf 76' lang='grc' dir='ltr'>φασὶν</span> <span class='ocrx_word' id='word_1_251' title='bbox 640 2243 889 2313; x_wconf 80' lang='grc' dir='ltr'>οὐρανῶν</span> <span class='ocrx_word' id='word_1_252' title='bbox 918 2244 1321 2314; x_wconf 72' lang='grc' dir='ltr'>ὲπιλαϐομένης</span> <span class='ocrx_word' id='word_1_253' title='bbox 1373 2248 1465 2303; x_wconf 69' lang='grc' dir='ltr'><strong>καὶ</strong></span> <span class='ocrx_word' id='word_1_254' title='bbox 1496 2245 1599 2297; x_wconf 85' lang='grc' dir='ltr'>τῶν</span> <span class='ocrx_word' id='word_1_255' title='bbox 1632 2244 1805 2299; x_wconf 67' lang='grc' dir='ltr'>οὐλῶν</span> 
     </span>
    </p>
   </div>
   <div class='ocr_carea' id='block_1_40' title="bbox 241 2334 1806 2404">
    <p class='ocr_par' dir='ltr' id='par_1_40' title="bbox 241 2334 1806 2404">
     <span class='ocr_line' id='line_1_40' title="bbox 241 2334 1806 2404; baseline -0.002 -15"><span class='ocrx_word' id='word_1_256' title='bbox 241 2334 406 2389; x_wconf 78' lang='grc' dir='ltr'>αὐτῶν</span> <span class='ocrx_word' id='word_1_257' title='bbox 438 2335 870 2403; x_wconf 79' lang='grc' dir='ltr'>φλεγμανάντων</span> <span class='ocrx_word' id='word_1_258' title='bbox 909 2334 974 2399; x_wconf 81' lang='grc'>⁸³,</span> <span class='ocrx_word' id='word_1_259' title='bbox 1015 2336 1107 2387; x_wconf 70' lang='grc' dir='ltr'><strong>καὶ</strong></span> <span class='ocrx_word' id='word_1_260' title='bbox 1152 2336 1251 2402; x_wconf 76' lang='grc' dir='ltr'>τῆς</span> <span class='ocrx_word' id='word_1_261' title='bbox 1312 2338 1593 2404; x_wconf 78' lang='grc' dir='ltr'>φάρυγγος</span> <span class='ocrx_word' id='word_1_262' title='bbox 1626 2336 1806 2404; x_wconf 82' lang='grc' dir='ltr'>ἀπαρ-</span> 
     </span>
    </p>
   </div>
   <div class='ocr_carea' id='block_1_41' title="bbox 241 2425 1807 2497">
    <p class='ocr_par' dir='ltr' id='par_1_41' title="bbox 241 2425 1807 2497">
     <span class='ocr_line' id='line_1_41' title="bbox 241 2425 1807 2497; baseline -0.002 -19"><span class='ocrx_word' id='word_1_263' title='bbox 241 2427 414 2495; x_wconf 76' lang='grc' dir='ltr'>θείσης</span> <span class='ocrx_word' id='word_1_264' title='bbox 442 2427 533 2478; x_wconf 70' lang='grc' dir='ltr'><strong>καὶ</strong></span> <span class='ocrx_word' id='word_1_265' title='bbox 562 2427 658 2495; x_wconf 86' lang='grc' dir='ltr'><strong>τῆς</strong></span> <span class='ocrx_word' id='word_1_266' title='bbox 688 2425 964 2495; x_wconf 75' lang='grc' dir='ltr'>γλώττης,</span> <span class='ocrx_word' id='word_1_267' title='bbox 1034 2425 1431 2497; x_wconf 78' lang='grc' dir='ltr'>ἐξογκωοείσης</span> <span class='ocrx_word' id='word_1_268' title='bbox 1479 2426 1729 2480; x_wconf 77' lang='grc' dir='ltr'>ἐντεῦθεν</span> <span class='ocrx_word' id='word_1_269' title='bbox 1757 2426 1807 2478; x_wconf 81' lang='grc' dir='ltr'><strong>οἱ</strong></span> 
     </span>
    </p>
   </div>
   <div class='ocr_carea' id='block_1_42' title="bbox 241 2516 1808 2588">
    <p class='ocr_par' dir='ltr' id='par_1_42' title="bbox 241 2516 1808 2588">
     <span class='ocr_line' id='line_1_42' title="bbox 241 2516 1808 2588; baseline 0.002 -18"><span class='ocrx_word' id='word_1_270' title='bbox 241 2520 387 2588; x_wconf 77' lang='grc' dir='ltr'>πόροι</span> <span class='ocrx_word' id='word_1_271' title='bbox 414 2534 472 2569; x_wconf 86' lang='grc' dir='ltr'><strong>τε</strong></span> <span class='ocrx_word' id='word_1_272' title='bbox 499 2516 971 2585; x_wconf 78' lang='grc' dir='ltr'>άπεστενώοησαν</span> <span class='ocrx_word' id='word_1_273' title='bbox 1015 2518 1153 2586; x_wconf 81' lang='grc' dir='ltr'>πρὸς</span> <span class='ocrx_word' id='word_1_274' title='bbox 1210 2518 1277 2576; x_wconf 64' lang='grc' dir='ltr'><strong>τὰ</strong></span> <span class='ocrx_word' id='word_1_275' title='bbox 1334 2517 1544 2570; x_wconf 78' lang='grc' dir='ltr'>ἑαυτῶν</span> <span class='ocrx_word' id='word_1_276' title='bbox 1595 2520 1808 2586; x_wconf 74' lang='grc' dir='ltr'>πέρατα</span> 
     </span>
    </p>
   </div>
   <div class='ocr_carea' id='block_1_43' title="bbox 244 2600 1807 2677">
    <p class='ocr_par' dir='ltr' id='par_1_43' title="bbox 244 2600 1807 2677">
     <span class='ocr_line' id='line_1_43' title="bbox 244 2600 1807 2677; baseline 0.001 -17"><span class='ocrx_word' id='word_1_277' title='bbox 244 2608 579 2669; x_wconf 72' lang='grc' dir='ltr'>συνελθόντες</span> <span class='ocrx_word' id='word_1_278' title='bbox 610 2607 677 2660; x_wconf 81' lang='grc' dir='ltr'>δι’</span> <span class='ocrx_word' id='word_1_279' title='bbox 720 2600 801 2663; x_wconf 80' lang='grc' dir='ltr'>ὧν</span> <span class='ocrx_word' id='word_1_280' title='bbox 829 2607 896 2660; x_wconf 83' lang='grc' dir='ltr'>τὰ</span> <span class='ocrx_word' id='word_1_281' title='bbox 932 2606 1030 2674; x_wconf 80' lang='grc' dir='ltr'>τῆς</span> <span class='ocrx_word' id='word_1_282' title='bbox 1065 2610 1269 2677; x_wconf 78' lang='grc' dir='ltr'>τροφῆς</span> <span class='ocrx_word' id='word_1_283' title='bbox 1306 2607 1503 2676; x_wconf 75' lang='grc' dir='ltr'>ἔμελλε</span> <span class='ocrx_word' id='word_1_284' title='bbox 1553 2608 1807 2674; x_wconf 78' lang='grc' dir='ltr'>διελθεῖν,</span> 
     </span>
    </p>
   </div>
   <div class='ocr_carea' id='block_1_44' title="bbox 242 2698 1809 2767">
    <p class='ocr_par' dir='ltr' id='par_1_44' title="bbox 242 2698 1809 2767">
     <span class='ocr_line' id='line_1_44' title="bbox 242 2698 1809 2767; baseline -0.002 -15"><span class='ocrx_word' id='word_1_285' title='bbox 242 2700 330 2752; x_wconf 68' lang='grc' dir='ltr'><strong>καὶ</strong></span> <span class='ocrx_word' id='word_1_286' title='bbox 356 2701 415 2749; x_wconf 80' lang='grc' dir='ltr'><strong>τὸ</strong></span> <span class='ocrx_word' id='word_1_287' title='bbox 452 2698 550 2765; x_wconf 79' lang='grc' dir='ltr'><strong>τῆς</strong></span> <span class='ocrx_word' id='word_1_288' title='bbox 580 2698 848 2767; x_wconf 79' lang='grc' dir='ltr'>ἁτροφίας</span> <span class='ocrx_word' id='word_1_289' title='bbox 886 2698 1060 2749; x_wconf 69' lang='grc' dir='ltr'>δεινὸν</span> <span class='ocrx_word' id='word_1_290' title='bbox 1114 2698 1395 2759; x_wconf 81' lang='grc' dir='ltr'>παντελῶς</span> <span class='ocrx_word' id='word_1_291' title='bbox 1449 2700 1630 2755; x_wconf 79' lang='grc' dir='ltr'>ἀσιτία</span> <span class='ocrx_word' id='word_1_292' title='bbox 1676 2700 1809 2766; x_wconf 70' lang='grc' dir='ltr'>ἡμῖν</span> 
     </span>
    </p>
   </div>
   <div class='ocr_carea' id='block_1_45' title="bbox 241 2787 1809 2860">
    <p class='ocr_par' dir='ltr' id='par_1_45' title="bbox 241 2787 1809 2860">
     <span class='ocr_line' id='line_1_45' title="bbox 241 2787 1809 2860; baseline 0 -19"><span class='ocrx_word' id='word_1_293' title='bbox 241 2790 599 2859; x_wconf 75' lang='grc' dir='ltr'>ὲπεκρέματο,</span> <span class='ocrx_word' id='word_1_294' title='bbox 628 2790 740 2841; x_wconf 78' lang='grc' dir='ltr'><strong>Κᾶν</strong></span> <span class='ocrx_word' id='word_1_295' title='bbox 773 2787 906 2854; x_wconf 76' lang='grc' dir='ltr'>ἐγὼ,</span> <span class='ocrx_word' id='word_1_296' title='bbox 937 2789 1066 2850; x_wconf 77' lang='grc' dir='ltr'>Θεὸς</span> <span class='ocrx_word' id='word_1_297' title='bbox 1089 2789 1238 2851; x_wconf 79' lang='grc' dir='ltr'>ἵστω,</span> <span class='ocrx_word' id='word_1_298' title='bbox 1274 2789 1472 2858; x_wconf 76' lang='grc' dir='ltr'>πολλὴν</span> <span class='ocrx_word' id='word_1_299' title='bbox 1511 2788 1809 2860; x_wconf 80' lang='grc' dir='ltr'>ἐποιούμην</span> 
     </span>
    </p>
   </div>
   <div class='ocr_carea' id='block_1_46' title="bbox 241 2880 1810 2950">
    <p class='ocr_par' dir='ltr' id='par_1_46' title="bbox 241 2880 1810 2950">
     <span class='ocr_line' id='line_1_46' title="bbox 241 2880 1810 2950; baseline 0.001 -18"><span class='ocrx_word' id='word_1_300' title='bbox 241 2880 333 2948; x_wconf 72' lang='grc' dir='ltr'>τὴν</span> <span class='ocrx_word' id='word_1_301' title='bbox 372 2882 498 2949; x_wconf 78' lang='grc' dir='ltr'>περὶ</span> <span class='ocrx_word' id='word_1_302' title='bbox 548 2882 647 2948; x_wconf 82' lang='grc' dir='ltr'>τῆς</span> <span class='ocrx_word' id='word_1_303' title='bbox 702 2881 911 2950; x_wconf 77' lang='grc' dir='ltr'>τροφῆς</span> <span class='ocrx_word' id='word_1_304' title='bbox 963 2882 1379 2949; x_wconf 78' lang='grc' dir='ltr'>πραγματείαν,</span> <span class='ocrx_word' id='word_1_305' title='bbox 1420 2883 1515 2933; x_wconf 75' lang='grc' dir='ltr'>καὶ</span> <span class='ocrx_word' id='word_1_306' title='bbox 1561 2882 1631 2934; x_wconf 83' lang='grc' dir='ltr'>τὰ</span> <span class='ocrx_word' id='word_1_307' title='bbox 1664 2886 1810 2943; x_wconf 81' lang='grc' dir='ltr'>σιτία</span> 
     </span>
    </p>
   </div>
   <div class='ocr_carea' id='block_1_47' title="bbox 242 2968 1805 3040">
    <p class='ocr_par' dir='ltr' id='par_1_47' title="bbox 242 2968 1805 3040">
     <span class='ocr_line' id='line_1_47' title="bbox 242 2968 1805 3040; baseline -0.001 -18"><span class='ocrx_word' id='word_1_308' title='bbox 242 2970 583 3039; x_wconf 69' lang='grc' dir='ltr'>καθεκάστην</span> <span class='ocrx_word' id='word_1_309' title='bbox 606 2968 692 3021; x_wconf 77' lang='grc' dir='ltr'><strong>διὰ</strong></span> <span class='ocrx_word' id='word_1_310' title='bbox 720 2970 827 3027; x_wconf 78' lang='grc' dir='ltr'><strong>τῶν</strong></span> <span class='ocrx_word' id='word_1_311' title='bbox 856 3011 871 3024; x_wconf 95' lang='grc'><strong>.</strong></span> <span class='ocrx_word' id='word_1_312' title='bbox 932 3008 943 3020; x_wconf 93' lang='grc'><strong>.</strong></span> <span class='ocrx_word' id='word_1_313' title='bbox 982 2970 1179 3039; x_wconf 70' lang='grc' dir='ltr'>ἔφερον</span> <span class='ocrx_word' id='word_1_314' title='bbox 1210 2970 1383 3037; x_wconf 58' lang='grc' dir='ltr'>τούτῳ</span> <span class='ocrx_word' id='word_1_315' title='bbox 1434 2970 1653 3040; x_wconf 77' lang='grc' dir='ltr'>χειρῶν.</span> <span class='ocrx_word' id='word_1_316' title='bbox 1693 2972 1805 3021; x_wconf 83' lang='grc' dir='ltr'><strong>Ῥο-</strong></span> 
     </span>
    </p>
   </div>
   <div class='ocr_carea' id='block_1_48' title="bbox 240 3060 1810 3130">
    <p class='ocr_par' dir='ltr' id='par_1_48' title="bbox 240 3060 1810 3130">
     <span class='ocr_line' id='line_1_48' title="bbox 240 3060 1810 3130; baseline 0 -19"><span class='ocrx_word' id='word_1_317' title='bbox 240 3062 579 3130; x_wconf 57' lang='grc' dir='ltr'>φῃματώδεις</span> <span class='ocrx_word' id='word_1_318' title='bbox 600 3062 698 3122; x_wconf 76' lang='grc' dir='ltr'><strong>τὰς</strong></span> <span class='ocrx_word' id='word_1_319' title='bbox 732 3098 746 3112; x_wconf 93' lang='grc'><strong>.</strong></span> <span class='ocrx_word' id='word_1_320' title='bbox 779 3099 793 3114; x_wconf 94' lang='grc'><strong>.</strong></span> <span class='ocrx_word' id='word_1_321' title='bbox 831 3061 894 3120; x_wconf 83' lang='grc' dir='ltr'>ἀς</span> <span class='ocrx_word' id='word_1_322' title='bbox 929 3061 1102 3112; x_wconf 82' lang='grc' dir='ltr'>ποιεῖν</span> <span class='ocrx_word' id='word_1_323' title='bbox 1128 3060 1533 3127; x_wconf 78' lang='grc' dir='ltr'>ἀναγκάζουσα.</span> <span class='ocrx_word' id='word_1_324' title='bbox 1562 3061 1810 3112; x_wconf 78' lang='grc' dir='ltr'>Ἃπαντα</span> 
     </span>
    </p>
   </div>
   <div class='ocr_carea' id='block_1_49' title="bbox 238 3153 460 3219">
    <p class='ocr_par' dir='ltr' id='par_1_49' title="bbox 238 3153 460 3219">
     <span class='ocr_line' id='line_1_49' title="bbox 238 3153 460 3219; baseline -0.014 -12"><span class='ocrx_word' id='word_1_325' title='bbox 238 3153 396 3219; x_wconf 84' lang='grc' dir='ltr'>γοῦν.</span> <span class='ocrx_word' id='word_1_326' title='bbox 448 3193 460 3204; x_wconf 94' lang='grc'><em>.</em></span> 
     </span>
    </p>
   </div>
   <div class='ocr_carea' id='block_1_50' title="bbox 888 3239 1813 3310">
    <p class='ocr_par' dir='ltr' id='par_1_50' title="bbox 888 3239 1813 3310">
     <span class='ocr_line' id='line_1_50' title="bbox 888 3239 1813 3310; baseline 0.003 -20"><span class='ocrx_word' id='word_1_327' title='bbox 888 3239 1141 3308; x_wconf 79' lang='grc' dir='ltr'>ἐφαίνετο</span> <span class='ocrx_word' id='word_1_328' title='bbox 1207 3242 1349 3293; x_wconf 81' lang='grc' dir='ltr'>κατὰ</span> <span class='ocrx_word' id='word_1_329' title='bbox 1416 3242 1513 3308; x_wconf 79' lang='grc' dir='ltr'>τῆς</span> <span class='ocrx_word' id='word_1_330' title='bbox 1578 3241 1813 3310; x_wconf 81' lang='grc' dir='ltr'>σπουδῆς</span> 
     </span>
    </p>
   </div>
   <div class='ocr_carea' id='block_1_51' title="bbox 918 3331 1815 3402">
    <p class='ocr_par' dir='ltr' id='par_1_51' title="bbox 918 3331 1815 3402">
     <span class='ocr_line' id='line_1_51' title="bbox 918 3331 1815 3402; baseline -0.001 -16"><span class='ocrx_word' id='word_1_331' title='bbox 918 3373 932 3386; x_wconf 92' lang='grc'><strong>.</strong></span> <span class='ocrx_word' id='word_1_332' title='bbox 1012 3332 1105 3385; x_wconf 77' lang='grc' dir='ltr'><strong>καὶ</strong></span> <span class='ocrx_word' id='word_1_333' title='bbox 1134 3331 1201 3382; x_wconf 77' lang='grc' dir='ltr'>τὰ</span> <span class='ocrx_word' id='word_1_334' title='bbox 1232 3332 1480 3402; x_wconf 75' lang='grc' dir='ltr'>ἡμέτερα</span> <span class='ocrx_word' id='word_1_335' title='bbox 1507 3332 1603 3383; x_wconf 71' lang='grc' dir='ltr'>καὶ</span> <span class='ocrx_word' id='word_1_336' title='bbox 1620 3333 1687 3384; x_wconf 82' lang='grc' dir='ltr'>τὰ</span> <span class='ocrx_word' id='word_1_337' title='bbox 1708 3332 1815 3385; x_wconf 78' lang='grc' dir='ltr'><strong>τῶν</strong></span> 
     </span>
    </p>
   </div>
   <div class='ocr_carea' id='block_1_52' title="bbox 239 3423 1814 3494">
    <p class='ocr_par' dir='ltr' id='par_1_52' title="bbox 239 3423 1814 3494">
     <span class='ocr_line' id='line_1_52' title="bbox 239 3423 1814 3494; baseline 0 -18"><span class='ocrx_word' id='word_1_338' title='bbox 239 3425 439 3492; x_wconf 71' lang='grc' dir='ltr'>ἰατρῶν</span> <span class='ocrx_word' id='word_1_339' title='bbox 461 3424 567 3477; x_wconf 72' lang='grc' dir='ltr'>ἔδει</span> <span class='ocrx_word' id='word_1_340' title='bbox 642 3462 657 3478; x_wconf 93' lang='grc'><strong>.</strong></span> <span class='ocrx_word' id='word_1_341' title='bbox 740 3466 754 3479; x_wconf 91' lang='grc'><strong>.</strong></span> <span class='ocrx_word' id='word_1_342' title='bbox 839 3463 851 3477; x_wconf 94' lang='grc'><strong>.</strong></span> <span class='ocrx_word' id='word_1_343' title='bbox 932 3424 1066 3476; x_wconf 81' lang='grc' dir='ltr'>δέκα</span> <span class='ocrx_word' id='word_1_344' title='bbox 1097 3424 1152 3476; x_wconf 86' lang='grc' dir='ltr'>δὲ</span> <span class='ocrx_word' id='word_1_345' title='bbox 1186 3425 1280 3475; x_wconf 80' lang='grc' dir='ltr'>καὶ</span> <span class='ocrx_word' id='word_1_346' title='bbox 1318 3424 1445 3491; x_wconf 83' lang='grc' dir='ltr'>μιᾶς</span> <span class='ocrx_word' id='word_1_347' title='bbox 1478 3424 1693 3494; x_wconf 73' lang='grc' dir='ltr'>ἡμέρας</span> <span class='ocrx_word' id='word_1_348' title='bbox 1720 3423 1814 3476; x_wconf 83' lang='grc' dir='ltr'><strong>τοῦ</strong></span> 
     </span>
    </p>
   </div>
   <div class='ocr_carea' id='block_1_53' title="bbox 236 3514 1816 3585">
    <p class='ocr_par' dir='ltr' id='par_1_53' title="bbox 236 3514 1816 3585">
     <span class='ocr_line' id='line_1_53' title="bbox 236 3514 1816 3585; baseline -0.001 -15"><span class='ocrx_word' id='word_1_349' title='bbox 236 3518 366 3583; x_wconf 80' lang='grc' dir='ltr'>περὶ</span> <span class='ocrx_word' id='word_1_350' title='bbox 400 3532 529 3569; x_wconf 87' lang='grc' dir='ltr'>τατε</span> <span class='ocrx_word' id='word_1_351' title='bbox 573 3557 588 3570; x_wconf 93' lang='grc'><strong>.</strong></span> <span class='ocrx_word' id='word_1_352' title='bbox 666 3555 680 3569; x_wconf 94' lang='grc'><strong>.</strong></span> <span class='ocrx_word' id='word_1_353' title='bbox 763 3558 777 3571; x_wconf 93' lang='grc'><strong>.</strong></span> <span class='ocrx_word' id='word_1_354' title='bbox 841 3515 1228 3583; x_wconf 80' lang='grc' dir='ltr'>ὲπιγεγονότος</span> <span class='ocrx_word' id='word_1_355' title='bbox 1279 3514 1452 3583; x_wconf 84' lang='grc' dir='ltr'>τούτῳ</span> <span class='ocrx_word' id='word_1_356' title='bbox 1510 3516 1816 3585; x_wconf 75' lang='grc' dir='ltr'>νοσήματος</span> 
     </span>
    </p>
   </div>
   <div class='ocr_carea' id='block_1_54' title="bbox 231 3605 1817 3670">
    <p class='ocr_par' dir='ltr' id='par_1_54' title="bbox 231 3605 1817 3670">
     <span class='ocr_line' id='line_1_54' title="bbox 231 3605 1817 3670; baseline 0.001 -11"><span class='ocrx_word' id='word_1_357' title='bbox 231 3609 340 3659; x_wconf 81' lang='grc' dir='ltr'><strong>ἐπα</strong></span> <span class='ocrx_word' id='word_1_358' title='bbox 380 3647 395 3663; x_wconf 89' lang='grc'><strong>.</strong></span> <span class='ocrx_word' id='word_1_359' title='bbox 474 3647 487 3661; x_wconf 92' lang='grc'><strong>.</strong></span> <span class='ocrx_word' id='word_1_360' title='bbox 570 3646 584 3659; x_wconf 90' lang='grc'><strong>.</strong></span> <span class='ocrx_word' id='word_1_361' title='bbox 621 3624 789 3670; x_wconf 80' lang='grc' dir='ltr'>οντος·</span> <span class='ocrx_word' id='word_1_362' title='bbox 823 3608 913 3660; x_wconf 70' lang='grc' dir='ltr'><strong>καὶ</strong></span> <span class='ocrx_word' id='word_1_363' title='bbox 950 3605 1380 3669; x_wconf 83' lang='grc' dir='ltr'>ἀπαπειλοῦντος</span> <span class='ocrx_word' id='word_1_364' title='bbox 1443 3606 1533 3658; x_wconf 72' lang='grc' dir='ltr'>τὸν</span> <span class='ocrx_word' id='word_1_365' title='bbox 1572 3606 1817 3660; x_wconf 80' lang='grc' dir='ltr'>κίνδυνον</span> 
     </span>
    </p>
   </div>
   <div class='ocr_carea' id='block_1_55' title="bbox 602 3697 1811 3767">
    <p class='ocr_par' dir='ltr' id='par_1_55' title="bbox 602 3697 1811 3767">
     <span class='ocr_line' id='line_1_55' title="bbox 602 3697 1811 3767; baseline 0.002 -18"><span class='ocrx_word' id='word_1_366' title='bbox 602 3699 774 3761; x_wconf 80' lang='grc' dir='ltr'>πέρας</span> <span class='ocrx_word' id='word_1_367' title='bbox 803 3697 1100 3759; x_wconf 78' lang='grc' dir='ltr'>διαθέσεως</span> <span class='ocrx_word' id='word_1_368' title='bbox 1129 3697 1521 3767; x_wconf 74' lang='grc' dir='ltr'>ἐπιγενομένης</span> <span class='ocrx_word' id='word_1_369' title='bbox 1544 3697 1811 3767; x_wconf 64' lang='grc' dir='ltr'>διάρροια.</span> 
     </span>
    </p>
   </div>
   <div class='ocr_carea' id='block_1_56' title="bbox 232 3786 1489 3857">
    <p class='ocr_par' dir='ltr' id='par_1_56' title="bbox 232 3786 1489 3857">
     <span class='ocr_line' id='line_1_56' title="bbox 232 3786 1489 3857; baseline 0.001 -19"><span class='ocrx_word' id='word_1_370' title='bbox 232 3787 421 3851; x_wconf 72' lang='grc' dir='ltr'>Οὕτως</span> <span class='ocrx_word' id='word_1_371' title='bbox 453 3788 580 3840; x_wconf 79' lang='grc' dir='ltr'>ἄλλο</span> <span class='ocrx_word' id='word_1_372' title='bbox 608 3788 694 3840; x_wconf 79' lang='grc' dir='ltr'><strong>ἐπ’</strong></span> <span class='ocrx_word' id='word_1_373' title='bbox 727 3788 870 3857; x_wconf 83' lang='grc' dir='ltr'>ἄλλῳ</span> <span class='ocrx_word' id='word_1_374' title='bbox 896 3788 1066 3840; x_wconf 65' lang='grc' dir='ltr'>κακὸν</span> <span class='ocrx_word' id='word_1_375' title='bbox 1089 3788 1211 3840; x_wconf 75' lang='grc' dir='ltr'>καθ’</span> <span class='ocrx_word' id='word_1_376' title='bbox 1239 3786 1396 3856; x_wconf 76' lang='grc' dir='ltr'>ἡμῶν</span> <span class='ocrx_word' id='word_1_377' title='bbox 1429 3788 1489 3839; x_wconf 87' lang='grc' dir='ltr'><strong>τὸ</strong></span> 
     </span>
    </p>
   </div>
   <div class='ocr_carea' id='block_1_57' title="bbox 229 3875 1806 3949">
    <p class='ocr_par' dir='ltr' id='par_1_57' title="bbox 229 3875 1806 3949">
     <span class='ocr_line' id='line_1_57' title="bbox 229 3875 1806 3949; baseline 0 -18"><span class='ocrx_word' id='word_1_378' title='bbox 229 3879 286 3931; x_wconf 85' lang='grc' dir='ltr'>δὲ</span> <span class='ocrx_word' id='word_1_379' title='bbox 317 3880 657 3945; x_wconf 80' lang='grc' dir='ltr'>ἑπεκυλίετο,</span> <span class='ocrx_word' id='word_1_380' title='bbox 678 3880 776 3931; x_wconf 72' lang='grc' dir='ltr'><strong>οὐκ</strong></span> <span class='ocrx_word' id='word_1_381' title='bbox 810 3875 875 3949; x_wconf 77' lang='grc' dir='ltr'>ἦν</span> <span class='ocrx_word' id='word_1_382' title='bbox 908 3881 1043 3949; x_wconf 65' lang='grc' dir='ltr'>προς</span> <span class='ocrx_word' id='word_1_383' title='bbox 1074 3878 1333 3947; x_wconf 67' lang='grc' dir='ltr'>ὁπότερον</span> <span class='ocrx_word' id='word_1_384' title='bbox 1446 3917 1461 3930; x_wconf 93' lang='grc'><strong>.</strong></span> <span class='ocrx_word' id='word_1_385' title='bbox 1578 3917 1592 3931; x_wconf 92' lang='grc'><strong>.</strong></span> <span class='ocrx_word' id='word_1_386' title='bbox 1705 3880 1806 3931; x_wconf 85' lang='grc' dir='ltr'>εῖν.</span> 
     </span>
    </p>
   </div>
   <div class='ocr_carea' id='block_1_58' title="bbox 230 3969 1476 4039">
    <p class='ocr_par' dir='ltr' id='par_1_58' title="bbox 230 3969 1476 4039">
     <span class='ocr_line' id='line_1_58' title="bbox 230 3969 1476 4039; baseline 0 -18"><span class='ocrx_word' id='word_1_387' title='bbox 230 3969 374 4021; x_wconf 81' lang='grc' dir='ltr'>Οῦτε</span> <span class='ocrx_word' id='word_1_388' title='bbox 421 3972 548 4033; x_wconf 74' lang='grc' dir='ltr'>τοὺς</span> <span class='ocrx_word' id='word_1_389' title='bbox 580 3970 985 4038; x_wconf 67' lang='grc' dir='ltr'>Ἀσκληπιάδας</span> <span class='ocrx_word' id='word_1_390' title='bbox 1033 3969 1145 4023; x_wconf 74' lang='grc' dir='ltr'><strong>οὔθ’</strong></span> <span class='ocrx_word' id='word_1_391' title='bbox 1176 3972 1322 4039; x_wconf 83' lang='grc' dir='ltr'>ἡμᾶς</span> <span class='ocrx_word' id='word_1_392' title='bbox 1352 3970 1476 4031; x_wconf 84' lang='grc' dir='ltr'>τοὺς</span> 
     </span>
    </p>
   </div>
   <div class='ocr_carea' id='block_1_59' title="bbox 229 4059 1472 4130">
    <p class='ocr_par' dir='ltr' id='par_1_59' title="bbox 229 4059 1472 4130">
     <span class='ocr_line' id='line_1_59' title="bbox 229 4059 1472 4130; baseline -0.001 -16"><span class='ocrx_word' id='word_1_393' title='bbox 229 4062 325 4114; x_wconf 68' lang='grc' dir='ltr'><strong>τὸν</strong></span> <span class='ocrx_word' id='word_1_394' title='bbox 380 4060 757 4129; x_wconf 72' lang='grc' dir='ltr'>αὐτοκράτορα</span> <span class='ocrx_word' id='word_1_395' title='bbox 812 4062 1287 4130; x_wconf 83' lang='grc' dir='ltr'>διαπονουμένους,</span> <span class='ocrx_word' id='word_1_396' title='bbox 1347 4059 1472 4114; x_wconf 71' lang='grc' dir='ltr'>οὗτε</span> 
     </span>
    </p>
   </div>
   <div class='ocr_carea' id='block_1_60' title="bbox 226 4151 1471 4222">
    <p class='ocr_par' dir='ltr' id='par_1_60' title="bbox 226 4151 1471 4222">
     <span class='ocr_line' id='line_1_60' title="bbox 226 4151 1471 4222; baseline 0.002 -19"><span class='ocrx_word' id='word_1_397' title='bbox 226 4168 420 4214; x_wconf 77' lang='grc' dir='ltr'>ναντα,</span> <span class='ocrx_word' id='word_1_398' title='bbox 468 4151 605 4203; x_wconf 71' lang='grc' dir='ltr'>ἀλλὰ</span> <span class='ocrx_word' id='word_1_399' title='bbox 658 4153 831 4204; x_wconf 84' lang='grc' dir='ltr'>πάντα</span> <span class='ocrx_word' id='word_1_400' title='bbox 877 4152 1022 4221; x_wconf 77' lang='grc' dir='ltr'>ἑώρα</span> <span class='ocrx_word' id='word_1_401' title='bbox 1068 4154 1203 4222; x_wconf 72' lang='grc' dir='ltr'>πρὸς</span> <span class='ocrx_word' id='word_1_402' title='bbox 1249 4153 1471 4222; x_wconf 77' lang='grc' dir='ltr'>ὀλεθρον</span> 
     </span>
    </p>
   </div>
   <div class='ocr_carea' id='block_1_61' title="bbox 225 4238 1641 4309">
    <p class='ocr_par' dir='ltr' id='par_1_61' title="bbox 225 4238 1641 4309">
     <span class='ocr_line' id='line_1_61' title="bbox 225 4238 1641 4309; baseline 0.004 -19"><span class='ocrx_word' id='word_1_403' title='bbox 225 4238 325 4291; x_wconf 82' lang='grc' dir='ltr'><strong>τοῦ</strong></span> <span class='ocrx_word' id='word_1_404' title='bbox 355 4238 549 4291; x_wconf 81' lang='grc' dir='ltr'>λοιποῦ</span> <span class='ocrx_word' id='word_1_405' title='bbox 579 4240 647 4291; x_wconf 68' lang='grc' dir='ltr'>τὰ</span> <span class='ocrx_word' id='word_1_406' title='bbox 682 4238 804 4291; x_wconf 79' lang='grc' dir='ltr'>καθ’</span> <span class='ocrx_word' id='word_1_407' title='bbox 844 4242 989 4308; x_wconf 76' lang='grc' dir='ltr'>ἡμᾶς</span> <span class='ocrx_word' id='word_1_408' title='bbox 1021 4242 1078 4292; x_wconf 77' lang='grc' dir='ltr'>ἐν</span> <span class='ocrx_word' id='word_1_409' title='bbox 1106 4243 1249 4309; x_wconf 66' lang='grc' dir='ltr'>σάλῳ</span> <span class='ocrx_word' id='word_1_410' title='bbox 1280 4242 1375 4293; x_wconf 76' lang='grc' dir='ltr'><strong>καὶ</strong></span> <span class='ocrx_word' id='word_1_411' title='bbox 1409 4242 1641 4295; x_wconf 76' lang='grc' dir='ltr'>κλύδωνι</span> 
     </span>
    </p>
   </div>
   <div class='ocr_carea' id='block_1_62' title="bbox 567 4330 1814 4401">
    <p class='ocr_par' dir='ltr' id='par_1_62' title="bbox 567 4330 1814 4401">
     <span class='ocr_line' id='line_1_62' title="bbox 567 4330 1814 4401; baseline 0.003 -20"><span class='ocrx_word' id='word_1_412' title='bbox 567 4330 893 4398; x_wconf 83' lang='grc' dir='ltr'>ἐταράττετο</span> <span class='ocrx_word' id='word_1_413' title='bbox 951 4334 1019 4384; x_wconf 75' lang='grc' dir='ltr'>τὰ</span> <span class='ocrx_word' id='word_1_414' title='bbox 1066 4332 1446 4401; x_wconf 66' lang='grc' dir='ltr'>καθεστηκότα</span> <span class='ocrx_word' id='word_1_415' title='bbox 1502 4335 1595 4385; x_wconf 79' lang='grc' dir='ltr'>καὶ</span> <span class='ocrx_word' id='word_1_416' title='bbox 1651 4333 1814 4401; x_wconf 75' lang='grc' dir='ltr'>φόϐος</span> 
     </span>
    </p>
   </div>
   <div class='ocr_carea' id='block_1_63' title="bbox 238 3333 541 3388">
    <p class='ocr_par' dir='ltr' id='par_1_63' title="bbox 238 3333 541 3388">
     <span class='ocr_line' id='line_1_63' title="bbox 238 3333 541 3388; baseline -0.007 0"><span class='ocrx_word' id='word_1_417' title='bbox 238 3333 450 3388; x_wconf 73' lang='grc' dir='ltr'>ἅπαντα</span> <span class='ocrx_word' id='word_1_418' title='bbox 527 3373 541 3386; x_wconf 94' lang='grc'><strong>.</strong></span> 
     </span>
    </p>
   </div>
   <div class='ocr_carea' id='block_1_64' title="bbox 220 4442 1811 4512">
    <p class='ocr_par' dir='ltr' id='par_1_64' title="bbox 220 4442 1811 4512">
     <span class='ocr_line' id='line_1_64' title="bbox 220 4442 1811 4512; baseline 0.002 -18"><span class='ocrx_word' id='word_1_419' title='bbox 220 4443 527 4511; x_wconf 78' lang='lat' dir='ltr'><strong>perniciem</strong></span> <span class='ocrx_word' id='word_1_420' title='bbox 562 4452 815 4509; x_wconf 78' lang='lat' dir='ltr'><strong>urgerent</strong></span> <span class='ocrx_word' id='word_1_421' title='bbox 839 4442 996 4505; x_wconf 82' lang='lat' dir='ltr'><strong>mala,</strong></span> <span class='ocrx_word' id='word_1_422' title='bbox 1021 4444 1303 4497; x_wconf 79' lang='lat' dir='ltr'><strong>calamitas</strong></span> <span class='ocrx_word' id='word_1_423' title='bbox 1330 4460 1493 4512; x_wconf 81' lang='lat' dir='ltr'><strong>super</strong></span> <span class='ocrx_word' id='word_1_424' title='bbox 1516 4444 1649 4499; x_wconf 84' lang='lat' dir='ltr'><strong>alias</strong></span> <span class='ocrx_word' id='word_1_425' title='bbox 1675 4459 1811 4498; x_wconf 83' lang='lat' dir='ltr'><strong>nova</strong></span> 
     </span>
    </p>
   </div>
   <div class='ocr_carea' id='block_1_65' title="bbox 1908 1961 3476 2037">
    <p class='ocr_par' dir='ltr' id='par_1_65' title="bbox 1908 1961 3476 2037">
     <span class='ocr_line' id='line_1_65' title="bbox 1908 1961 3476 2037; baseline 0.007 -23"><span class='ocrx_word' id='word_1_426' title='bbox 1908 1970 2107 2025; x_wconf 85' lang='lat' dir='ltr'><strong>ureret,</strong></span> <span class='ocrx_word' id='word_1_427' title='bbox 2155 1961 2484 2016; x_wconf 89' lang='lat' dir='ltr'><strong>medicorum</strong></span> <span class='ocrx_word' id='word_1_428' title='bbox 2521 1963 2737 2030; x_wconf 79' lang='lat' dir='ltr'><strong>quidam</strong></span> <span class='ocrx_word' id='word_1_429' title='bbox 2783 1964 2921 2018; x_wconf 81' lang='lat' dir='ltr'><strong>febri</strong></span> <span class='ocrx_word' id='word_1_430' title='bbox 2956 1976 3283 2037; x_wconf 86' lang='lat' dir='ltr'><strong>contempta,</strong></span> <span class='ocrx_word' id='word_1_431' title='bbox 3314 1971 3476 2024; x_wconf 83' lang='lat' dir='ltr'><strong>veluti</strong></span> 
     </span>
    </p>
   </div>
   <div class='ocr_carea' id='block_1_66' title="bbox 1907 2056 3481 2129">
    <p class='ocr_par' dir='ltr' id='par_1_66' title="bbox 1907 2056 3481 2129">
     <span class='ocr_line' id='line_1_66' title="bbox 1907 2056 3481 2129; baseline 0.006 -21"><span class='ocrx_word' id='word_1_432' title='bbox 1907 2070 1935 2108; x_wconf 89' lang='lat' dir='ltr'><strong>a</strong></span> <span class='ocrx_word' id='word_1_433' title='bbox 1987 2069 2091 2123; x_wconf 87' lang='lat' dir='ltr'><strong>qua</strong></span> <span class='ocrx_word' id='word_1_434' title='bbox 2149 2057 2200 2108; x_wconf 93' lang='lat' dir='ltr'><strong>in</strong></span> <span class='ocrx_word' id='word_1_435' title='bbox 2257 2056 2544 2122; x_wconf 72' lang='lat' dir='ltr'><strong>praesentia</strong></span> <span class='ocrx_word' id='word_1_436' title='bbox 2604 2057 2781 2113; x_wconf 89' lang='lat' dir='ltr'><strong>minus</strong></span> <span class='ocrx_word' id='word_1_437' title='bbox 2835 2070 3152 2128; x_wconf 85' lang='lat' dir='ltr'><strong>metuerent,</strong></span> <span class='ocrx_word' id='word_1_438' title='bbox 3200 2066 3481 2129; x_wconf 60' lang='lat' dir='ltr'><strong>exitiaiiirc</strong></span> 
     </span>
    </p>
   </div>
   <div class='ocr_carea' id='block_1_67' title="bbox 1910 2146 3481 2221">
    <p class='ocr_par' dir='ltr' id='par_1_67' title="bbox 1910 2146 3481 2221">
     <span class='ocr_line' id='line_1_67' title="bbox 1910 2146 3481 2221; baseline 0.006 -21"><span class='ocrx_word' id='word_1_439' title='bbox 1910 2154 2169 2205; x_wconf 83' lang='lat' dir='ltr'><strong>tumorem</strong></span> <span class='ocrx_word' id='word_1_440' title='bbox 2227 2146 2482 2201; x_wconf 85' lang='lat' dir='ltr'><strong>cauteriis</strong></span> <span class='ocrx_word' id='word_1_441' title='bbox 2535 2148 2811 2203; x_wconf 90' lang='lat' dir='ltr'><strong>inurendis</strong></span> <span class='ocrx_word' id='word_1_442' title='bbox 2856 2161 2982 2214; x_wconf 73' lang='lat' dir='ltr'><strong>sunt</strong></span> <span class='ocrx_word' id='word_1_443' title='bbox 3022 2154 3279 2221; x_wconf 71' lang='lat' dir='ltr'><strong>aggressi.</strong></span> <span class='ocrx_word' id='word_1_444' title='bbox 3334 2154 3481 2211; x_wconf 84' lang='lat' dir='ltr'><strong>Vana</strong></span> 
     </span>
    </p>
   </div>
   <div class='ocr_carea' id='block_1_68' title="bbox 1910 2238 3483 2312">
    <p class='ocr_par' dir='ltr' id='par_1_68' title="bbox 1910 2238 3483 2312">
     <span class='ocr_line' id='line_1_68' title="bbox 1910 2238 3483 2312; baseline 0.008 -21"><span class='ocrx_word' id='word_1_445' title='bbox 1910 2249 2084 2291; x_wconf 85' lang='lat' dir='ltr'><strong>tamen</strong></span> <span class='ocrx_word' id='word_1_446' title='bbox 2117 2238 2209 2295; x_wconf 83' lang='lat' dir='ltr'><strong>illa</strong></span> <span class='ocrx_word' id='word_1_447' title='bbox 2238 2254 2449 2306; x_wconf 86' lang='lat' dir='ltr'><strong>quoque</strong></span> <span class='ocrx_word' id='word_1_448' title='bbox 2475 2249 2529 2293; x_wconf 88' lang='lat' dir='ltr'><strong>et</strong></span> <span class='ocrx_word' id='word_1_449' title='bbox 2557 2239 2747 2294; x_wconf 76' lang='lat' dir='ltr'><strong>effectu</strong></span> <span class='ocrx_word' id='word_1_450' title='bbox 2777 2257 2929 2297; x_wconf 85' lang='lat' dir='ltr'><strong>cassa</strong></span> <span class='ocrx_word' id='word_1_451' title='bbox 2952 2246 3161 2307; x_wconf 80' lang='lat' dir='ltr'><strong>curatio</strong></span> <span class='ocrx_word' id='word_1_452' title='bbox 3188 2245 3286 2301; x_wconf 84' lang='lat' dir='ltr'><strong>fuit</strong></span> <span class='ocrx_word' id='word_1_453' title='bbox 3313 2266 3326 2312; x_wconf 93' lang='lat'><strong>;</strong></span> <span class='ocrx_word' id='word_1_454' title='bbox 3354 2264 3483 2311; x_wconf 84' lang='lat' dir='ltr'><strong>nam</strong></span> 
     </span>
    </p>
   </div>
   <div class='ocr_carea' id='block_1_69' title="bbox 1908 2329 3484 2402">
    <p class='ocr_par' dir='ltr' id='par_1_69' title="bbox 1908 2329 3484 2402">
     <span class='ocr_line' id='line_1_69' title="bbox 1908 2329 3484 2402; baseline 0.007 -19"><span class='ocrx_word' id='word_1_455' title='bbox 1908 2342 1961 2384; x_wconf 90' lang='lat' dir='ltr'><strong>et</strong></span> <span class='ocrx_word' id='word_1_456' title='bbox 2020 2329 2224 2385; x_wconf 84' lang='lat' dir='ltr'><strong>ventris</strong></span> <span class='ocrx_word' id='word_1_457' title='bbox 2278 2338 2456 2383; x_wconf 79' lang='lat' dir='ltr'><strong>tumor</strong></span> <span class='ocrx_word' id='word_1_458' title='bbox 2510 2331 2643 2387; x_wconf 91' lang='lat' dir='ltr'><strong>nihil</strong></span> <span class='ocrx_word' id='word_1_459' title='bbox 2702 2334 2945 2388; x_wconf 78' lang='lat' dir='ltr'><strong>cauterio</strong></span> <span class='ocrx_word' id='word_1_460' title='bbox 3005 2335 3243 2399; x_wconf 87' lang='lat' dir='ltr'><strong>minutus</strong></span> <span class='ocrx_word' id='word_1_461' title='bbox 3275 2352 3376 2402; x_wconf 81' lang='lat' dir='ltr'><strong>cst,</strong></span> <span class='ocrx_word' id='word_1_462' title='bbox 3427 2352 3484 2394; x_wconf 79' lang='lat' dir='ltr'><strong>et</strong></span> 
     </span>
    </p>
   </div>
   <div class='ocr_carea' id='block_1_70' title="bbox 1911 2419 3483 2495">
    <p class='ocr_par' dir='ltr' id='par_1_70' title="bbox 1911 2419 3483 2495">
     <span class='ocr_line' id='line_1_70' title="bbox 1911 2419 3483 2495; baseline 0.007 -24"><span class='ocrx_word' id='word_1_463' title='bbox 1911 2421 2216 2487; x_wconf 87' lang='lat' dir='ltr'><strong>pulmonem</strong></span> <span class='ocrx_word' id='word_1_464' title='bbox 2262 2435 2324 2473; x_wconf 84' lang='lat' dir='ltr'><strong>ac</strong></span> <span class='ocrx_word' id='word_1_465' title='bbox 2358 2419 2545 2475; x_wconf 80' lang='lat' dir='ltr'><strong>fauces</strong></span> <span class='ocrx_word' id='word_1_466' title='bbox 2582 2422 2748 2475; x_wconf 88' lang='lat' dir='ltr'><strong>nihilo</strong></span> <span class='ocrx_word' id='word_1_467' title='bbox 2783 2422 2958 2475; x_wconf 90' lang='lat' dir='ltr'><strong>minor</strong></span> <span class='ocrx_word' id='word_1_468' title='bbox 2994 2440 3187 2493; x_wconf 77' lang='lat' dir='ltr'><strong>urgere</strong></span> <span class='ocrx_word' id='word_1_469' title='bbox 3232 2442 3483 2495; x_wconf 80' lang='lat' dir='ltr'><strong>perseve-</strong></span> 
     </span>
    </p>
   </div>
   <div class='ocr_carea' id='block_1_71' title="bbox 1911 2510 3479 2581">
    <p class='ocr_par' dir='ltr' id='par_1_71' title="bbox 1911 2510 3479 2581">
     <span class='ocr_line' id='line_1_71' title="bbox 1911 2510 3479 2581; baseline 0.006 -16"><span class='ocrx_word' id='word_1_470' title='bbox 1911 2515 2061 2565; x_wconf 74' lang='lat' dir='ltr'><strong>rabat</strong></span> <span class='ocrx_word' id='word_1_471' title='bbox 2095 2510 2378 2564; x_wconf 81' lang='lat' dir='ltr'><strong>diﬂicultas</strong></span> <span class='ocrx_word' id='word_1_472' title='bbox 2408 2512 2777 2579; x_wconf 85' lang='lat' dir='ltr'><strong>reciprocandi</strong></span> <span class='ocrx_word' id='word_1_473' title='bbox 2810 2515 3052 2581; x_wconf 84' lang='lat' dir='ltr'><strong>spiritus.</strong></span> <span class='ocrx_word' id='word_1_474' title='bbox 3096 2518 3216 2571; x_wconf 70' lang='lat' dir='ltr'><strong>llaec</strong></span> <span class='ocrx_word' id='word_1_475' title='bbox 3245 2534 3367 2573; x_wconf 92' lang='lat' dir='ltr'><strong>eum</strong></span> <span class='ocrx_word' id='word_1_476' title='bbox 3396 2521 3479 2574; x_wconf 77' lang='lat' dir='ltr'><strong>sic</strong></span> 
     </span>
    </p>
   </div>
   <div class='ocr_carea' id='block_1_72' title="bbox 1911 2601 3478 2665">
    <p class='ocr_par' dir='ltr' id='par_1_72' title="bbox 1911 2601 3478 2665">
     <span class='ocr_line' id='line_1_72' title="bbox 1911 2601 3478 2665; baseline 0.006 -11"><span class='ocrx_word' id='word_1_477' title='bbox 1911 2610 2112 2665; x_wconf 86' lang='lat' dir='ltr'><strong>essent,</strong></span> <span class='ocrx_word' id='word_1_478' title='bbox 2146 2616 2273 2656; x_wconf 80' lang='lat' dir='ltr'><strong>ecce</strong></span> <span class='ocrx_word' id='word_1_479' title='bbox 2301 2601 2394 2655; x_wconf 89' lang='lat' dir='ltr'><strong>tibi</strong></span> <span class='ocrx_word' id='word_1_480' title='bbox 2430 2602 2573 2661; x_wconf 79' lang='lat' dir='ltr'><strong>velut</strong></span> <span class='ocrx_word' id='word_1_481' title='bbox 2612 2621 2676 2657; x_wconf 81' lang='lat' dir='ltr'><strong>cx</strong></span> <span class='ocrx_word' id='word_1_482' title='bbox 2710 2622 2845 2658; x_wconf 87' lang='lat' dir='ltr'><strong>novo</strong></span> <span class='ocrx_word' id='word_1_483' title='bbox 2876 2606 3024 2661; x_wconf 84' lang='lat' dir='ltr'><strong>fonte</strong></span> <span class='ocrx_word' id='word_1_484' title='bbox 3053 2607 3301 2665; x_wconf 86' lang='lat' dir='ltr'><strong>humoris</strong></span> <span class='ocrx_word' id='word_1_485' title='bbox 3333 2611 3478 2665; x_wconf 78' lang='lat' dir='ltr'><strong>noxii</strong></span> 
     </span>
    </p>
   </div>
   <div class='ocr_carea' id='block_1_73' title="bbox 1913 2694 3485 2766">
    <p class='ocr_par' dir='ltr' id='par_1_73' title="bbox 1913 2694 3485 2766">
     <span class='ocr_line' id='line_1_73' title="bbox 1913 2694 3485 2766; baseline 0.007 -19"><span class='ocrx_word' id='word_1_486' title='bbox 1913 2694 2151 2747; x_wconf 80' lang='lat' dir='ltr'><strong>derivata</strong></span> <span class='ocrx_word' id='word_1_487' title='bbox 2205 2709 2338 2749; x_wconf 87' lang='lat' dir='ltr'><strong>nova</strong></span> <span class='ocrx_word' id='word_1_488' title='bbox 2396 2696 2687 2753; x_wconf 79' lang='lat' dir='ltr'><strong>destillatio</strong></span> <span class='ocrx_word' id='word_1_489' title='bbox 2733 2699 3103 2766; x_wconf 75' lang='lat' dir='ltr'><strong>gurguliouem</strong></span> <span class='ocrx_word' id='word_1_490' title='bbox 3153 2702 3370 2763; x_wconf 81' lang='lat' dir='ltr'><strong>invasit.</strong></span> <span class='ocrx_word' id='word_1_491' title='bbox 3429 2712 3485 2763; x_wconf 83' lang='lat' dir='ltr'><strong>et</strong></span> 
     </span>
    </p>
   </div>
   <div class='ocr_carea' id='block_1_74' title="bbox 1912 2787 3484 2863">
    <p class='ocr_par' dir='ltr' id='par_1_74' title="bbox 1912 2787 3484 2863">
     <span class='ocr_line' id='line_1_74' title="bbox 1912 2787 3484 2863; baseline 0.008 -26"><span class='ocrx_word' id='word_1_492' title='bbox 1912 2787 2054 2853; x_wconf 86' lang='lat' dir='ltr'><strong>quod</strong></span> <span class='ocrx_word' id='word_1_493' title='bbox 2096 2787 2148 2843; x_wconf 92' lang='lat' dir='ltr'><strong>in</strong></span> <span class='ocrx_word' id='word_1_494' title='bbox 2187 2802 2281 2843; x_wconf 85' lang='lat' dir='ltr'><strong>ore</strong></span> <span class='ocrx_word' id='word_1_495' title='bbox 2328 2788 2517 2842; x_wconf 90' lang='lat' dir='ltr'><strong>medici</strong></span> <span class='ocrx_word' id='word_1_496' title='bbox 2568 2789 2754 2842; x_wconf 72' lang='lat' dir='ltr'><strong>coelum</strong></span> <span class='ocrx_word' id='word_1_497' title='bbox 2801 2790 3093 2858; x_wconf 83' lang='lat' dir='ltr'><strong>appellant,</strong></span> <span class='ocrx_word' id='word_1_498' title='bbox 3135 2793 3484 2863; x_wconf 71' lang='lat' dir='ltr'><strong>gingivasque</strong></span> 
     </span>
    </p>
   </div>
   <div class='ocr_carea' id='block_1_75' title="bbox 1914 2877 3486 2946">
    <p class='ocr_par' dir='ltr' id='par_1_75' title="bbox 1914 2877 3486 2946">
     <span class='ocr_line' id='line_1_75' title="bbox 1914 2877 3486 2946; baseline 0.006 -16"><span class='ocrx_word' id='word_1_499' title='bbox 1914 2877 2176 2944; x_wconf 87' lang='lat' dir='ltr'><strong>corripuit</strong></span> <span class='ocrx_word' id='word_1_500' title='bbox 2231 2877 2538 2946; x_wconf 85' lang='lat' dir='ltr'><strong>iutlavitque</strong></span> <span class='ocrx_word' id='word_1_501' title='bbox 2578 2878 2773 2937; x_wconf 81' lang='lat' dir='ltr'><strong>aflluxu</strong></span> <span class='ocrx_word' id='word_1_502' title='bbox 2806 2882 3046 2937; x_wconf 82' lang='lat' dir='ltr'><strong>ardentis</strong></span> <span class='ocrx_word' id='word_1_503' title='bbox 3083 2883 3253 2937; x_wconf 89' lang='lat' dir='ltr'><strong>sauiei</strong></span> <span class='ocrx_word' id='word_1_504' title='bbox 3294 2902 3307 2937; x_wconf 92' lang='lat'><strong>:</strong></span> <span class='ocrx_word' id='word_1_505' title='bbox 3345 2886 3486 2939; x_wconf 74' lang='lat' dir='ltr'><strong>lllltle</strong></span> 
     </span>
    </p>
   </div>
   <div class='ocr_carea' id='block_1_76' title="bbox 1914 2967 3487 3040">
    <p class='ocr_par' dir='ltr' id='par_1_76' title="bbox 1914 2967 3487 3040">
     <span class='ocr_line' id='line_1_76' title="bbox 1914 2967 3487 3040; baseline 0.003 -21"><span class='ocrx_word' id='word_1_506' title='bbox 1914 2978 2191 3023; x_wconf 87' lang='lat' dir='ltr'><strong>crescente</strong></span> <span class='ocrx_word' id='word_1_507' title='bbox 2225 2968 2276 3020; x_wconf 91' lang='lat' dir='ltr'><strong>in</strong></span> <span class='ocrx_word' id='word_1_508' title='bbox 2313 2967 2503 3027; x_wconf 83' lang='lat' dir='ltr'><strong>molem</strong></span> <span class='ocrx_word' id='word_1_509' title='bbox 2541 2968 2793 3033; x_wconf 75' lang='lat' dir='ltr'><strong>frumine,</strong></span> <span class='ocrx_word' id='word_1_510' title='bbox 2830 2971 3115 3040; x_wconf 85' lang='lat' dir='ltr'><strong>linguaque</strong></span> <span class='ocrx_word' id='word_1_511' title='bbox 3156 2975 3265 3039; x_wconf 87' lang='lat' dir='ltr'><strong>ipsa</strong></span> <span class='ocrx_word' id='word_1_512' title='bbox 3313 2986 3487 3028; x_wconf 80' lang='lat' dir='ltr'><strong>llllltc-</strong></span> 
     </span>
    </p>
   </div>
   <div class='ocr_carea' id='block_1_77' title="bbox 1915 3056 3486 3119">
    <p class='ocr_par' dir='ltr' id='par_1_77' title="bbox 1915 3056 3486 3119">
     <span class='ocr_line' id='line_1_77' title="bbox 1915 3056 3486 3119; baseline 0.006 -10"><span class='ocrx_word' id='word_1_513' title='bbox 1915 3056 2077 3119; x_wconf 84' lang='lat' dir='ltr'><strong>facta,</strong></span> <span class='ocrx_word' id='word_1_514' title='bbox 2100 3057 2359 3117; x_wconf 63' lang='grc' dir='ltr'>οὺεινυςιὶ</span> <span class='ocrx_word' id='word_1_515' title='bbox 2389 3069 2594 3117; x_wconf 79' lang='lat' dir='ltr'><strong>meatus</strong></span> <span class='ocrx_word' id='word_1_516' title='bbox 2629 3068 2750 3112; x_wconf 89' lang='lat' dir='ltr'><strong>sunt</strong></span> <span class='ocrx_word' id='word_1_517' title='bbox 2782 3062 3193 3117; x_wconf 86' lang='lat' dir='ltr'><strong>transmittendo</strong></span> <span class='ocrx_word' id='word_1_518' title='bbox 3228 3064 3486 3119; x_wconf 88' lang='lat' dir='ltr'><strong>alimento</strong></span> 
     </span>
    </p>
   </div>
   <div class='ocr_carea' id='block_1_78' title="bbox 524 3145 1805 3236">
    <p class='ocr_par' dir='ltr' id='par_1_78' title="bbox 524 3150 1805 3222">
     <span class='ocr_line' id='line_1_78' title="bbox 524 3150 1805 3222; baseline 0.001 -22"><span class='ocrx_word' id='word_1_519' title='bbox 524 3192 540 3207; x_wconf 85' lang='grc'><strong>,</strong></span> <span class='ocrx_word' id='word_1_520' title='bbox 580 3152 855 3219; x_wconf 61' lang='grc' dir='ltr'>φερόμενα</span> <span class='ocrx_word' id='word_1_521' title='bbox 874 3151 965 3202; x_wconf 74' lang='grc' dir='ltr'><strong>ἐπὶ</strong></span> <span class='ocrx_word' id='word_1_522' title='bbox 993 3153 1060 3220; x_wconf 81' lang='grc' dir='ltr'>τῇ</span> <span class='ocrx_word' id='word_1_523' title='bbox 1090 3151 1185 3217; x_wconf 81' lang='grc' dir='ltr'>τῆς</span> <span class='ocrx_word' id='word_1_524' title='bbox 1206 3150 1515 3221; x_wconf 75' lang='grc' dir='ltr'>φλεγμονῆς</span> <span class='ocrx_word' id='word_1_525' title='bbox 1545 3151 1805 3222; x_wconf 72' lang='grc' dir='ltr'>Θεραπεία</span> 
     </span>
    </p>
   </div>
   <div class='ocr_carea' id='block_1_79' title="bbox 1911 3145 3487 3236">
    <p class='ocr_par' dir='ltr' id='par_1_79' title="bbox 1917 3145 3487 3213">
     <span class='ocr_line' id='line_1_79' title="bbox 1917 3145 3487 3213; baseline 0.008 -17"><span class='ocrx_word' id='word_1_526' title='bbox 1917 3146 2090 3213; x_wconf 80' lang='lat' dir='ltr'><strong>parati</strong></span> <span class='ocrx_word' id='word_1_527' title='bbox 2144 3162 2170 3196; x_wconf 88' lang='lat' dir='ltr'><strong>a</strong></span> <span class='ocrx_word' id='word_1_528' title='bbox 2229 3155 2440 3209; x_wconf 69' lang='lat' dir='ltr'><strong>natura,</strong></span> <span class='ocrx_word' id='word_1_529' title='bbox 2490 3145 2671 3209; x_wconf 84' lang='lat' dir='ltr'><strong>Novus</strong></span> <span class='ocrx_word' id='word_1_530' title='bbox 2726 3148 2848 3202; x_wconf 90' lang='lat' dir='ltr'><strong>hinc</strong></span> <span class='ocrx_word' id='word_1_531' title='bbox 2891 3151 2957 3212; x_wconf 84' lang='lat' dir='ltr'><strong>ad</strong></span> <span class='ocrx_word' id='word_1_532' title='bbox 3014 3153 3284 3204; x_wconf 86' lang='lat' dir='ltr'><strong>cumulum</strong></span> <span class='ocrx_word' id='word_1_533' title='bbox 3337 3153 3487 3209; x_wconf 85' lang='lat' dir='ltr'><strong>labor</strong></span> 
     </span>
    </p>
   </div>
   <div class='ocr_carea' id='block_1_80' title="bbox 1919 3234 3482 3302">
    <p class='ocr_par' dir='ltr' id='par_1_80' title="bbox 1919 3234 3482 3302">
     <span class='ocr_line' id='line_1_80' title="bbox 1919 3234 3482 3302; baseline 0.002 -13"><span class='ocrx_word' id='word_1_534' title='bbox 1919 3234 2117 3289; x_wconf 75' lang='lat' dir='ltr'><strong>afﬂicto</strong></span> <span class='ocrx_word' id='word_1_535' title='bbox 2149 3236 2385 3302; x_wconf 83' lang='lat' dir='ltr'><strong>corpori,</strong></span> <span class='ocrx_word' id='word_1_536' title='bbox 2421 3234 2732 3295; x_wconf 84' lang='lat' dir='ltr'><strong>nutrimeuti</strong></span> <span class='ocrx_word' id='word_1_537' title='bbox 2774 3237 3097 3291; x_wconf 86' lang='lat' dir='ltr'><strong>subtractio.</strong></span> <span class='ocrx_word' id='word_1_538' title='bbox 3143 3238 3319 3292; x_wconf 87' lang='lat' dir='ltr'><strong>Testis</strong></span> <span class='ocrx_word' id='word_1_539' title='bbox 3352 3241 3482 3292; x_wconf 90' lang='lat' dir='ltr'><strong>mihi</strong></span> 
     </span>
    </p>
   </div>
   <div class='ocr_carea' id='block_1_81' title="bbox 1918 3327 3485 3398">
    <p class='ocr_par' dir='ltr' id='par_1_81' title="bbox 1918 3327 3485 3398">
     <span class='ocr_line' id='line_1_81' title="bbox 1918 3327 3485 3398; baseline 0.003 -18"><span class='ocrx_word' id='word_1_540' title='bbox 1918 3328 2061 3383; x_wconf 89' lang='lat' dir='ltr'><strong>Deus</strong></span> <span class='ocrx_word' id='word_1_541' title='bbox 2091 3328 2181 3391; x_wconf 85' lang='lat' dir='ltr'><strong>sit,</strong></span> <span class='ocrx_word' id='word_1_542' title='bbox 2205 3344 2307 3395; x_wconf 86' lang='lat' dir='ltr'><strong>qua</strong></span> <span class='ocrx_word' id='word_1_543' title='bbox 2335 3342 2433 3397; x_wconf 69' lang='lat' dir='ltr'><strong>ego</strong></span> <span class='ocrx_word' id='word_1_544' title='bbox 2455 3328 2702 3396; x_wconf 83' lang='lat' dir='ltr'><strong>privatim</strong></span> <span class='ocrx_word' id='word_1_545' title='bbox 2730 3327 3003 3396; x_wconf 81' lang='lat' dir='ltr'><strong>diligentia</strong></span> <span class='ocrx_word' id='word_1_546' title='bbox 3032 3330 3294 3398; x_wconf 85' lang='lat' dir='ltr'><strong>quibusve</strong></span> <span class='ocrx_word' id='word_1_547' title='bbox 3322 3347 3485 3385; x_wconf 82' lang='lat' dir='ltr'><strong>coua-</strong></span> 
     </span>
    </p>
   </div>
   <div class='ocr_carea' id='block_1_82' title="bbox 1920 3418 3481 3486">
    <p class='ocr_par' dir='ltr' id='par_1_82' title="bbox 1920 3418 3481 3486">
     <span class='ocr_line' id='line_1_82' title="bbox 1920 3418 3481 3486; baseline 0.003 -13"><span class='ocrx_word' id='word_1_548' title='bbox 1920 3419 2061 3473; x_wconf 87' lang='lat' dir='ltr'><strong>tibus</strong></span> <span class='ocrx_word' id='word_1_549' title='bbox 2118 3418 2340 3471; x_wconf 85' lang='lat' dir='ltr'><strong>eluctari</strong></span> <span class='ocrx_word' id='word_1_550' title='bbox 2416 3419 2517 3472; x_wconf 88' lang='lat' dir='ltr'><strong>hoc</strong></span> <span class='ocrx_word' id='word_1_551' title='bbox 2578 3419 3019 3486; x_wconf 87' lang='lat' dir='ltr'><strong>impedimentum</strong></span> <span class='ocrx_word' id='word_1_552' title='bbox 3090 3423 3481 3478; x_wconf 80' lang='lat' dir='ltr'><strong>contenderim.</strong></span> 
     </span>
    </p>
   </div>
   <div class='ocr_carea' id='block_1_83' title="bbox 1916 3507 3484 3571">
    <p class='ocr_par' dir='ltr' id='par_1_83' title="bbox 1916 3507 3484 3571">
     <span class='ocr_line' id='line_1_83' title="bbox 1916 3507 3484 3571; baseline 0 -10"><span class='ocrx_word' id='word_1_553' title='bbox 1916 3509 2145 3561; x_wconf 81' lang='lat' dir='ltr'><strong>Aderam</strong></span> <span class='ocrx_word' id='word_1_554' title='bbox 2200 3507 2347 3561; x_wconf 84' lang='lat' dir='ltr'><strong>horis</strong></span> <span class='ocrx_word' id='word_1_555' title='bbox 2402 3507 2672 3571; x_wconf 88' lang='lat' dir='ltr'><strong>omnibus,</strong></span> <span class='ocrx_word' id='word_1_556' title='bbox 2727 3507 2982 3569; x_wconf 85' lang='lat' dir='ltr'><strong>alimenta</strong></span> <span class='ocrx_word' id='word_1_557' title='bbox 3032 3510 3111 3563; x_wconf 89' lang='lat' dir='ltr'><strong>sic</strong></span> <span class='ocrx_word' id='word_1_558' title='bbox 3167 3510 3360 3564; x_wconf 73' lang='lat' dir='ltr'><strong>affecto</strong></span> <span class='ocrx_word' id='word_1_559' title='bbox 3397 3528 3484 3564; x_wconf 72' lang='grc' dir='ltr'>εις--</span> 
     </span>
    </p>
   </div>
   <div class='ocr_carea' id='block_1_84' title="bbox 1916 3597 3482 3670">
    <p class='ocr_par' dir='ltr' id='par_1_84' title="bbox 1916 3597 3482 3670">
     <span class='ocr_line' id='line_1_84' title="bbox 1916 3597 3482 3670; baseline 0.001 -18"><span class='ocrx_word' id='word_1_560' title='bbox 1916 3598 2253 3653; x_wconf 80' lang='lat' dir='ltr'><strong>commodata</strong></span> <span class='ocrx_word' id='word_1_561' title='bbox 2299 3598 2511 3665; x_wconf 85' lang='lat' dir='ltr'><strong>corpori</strong></span> <span class='ocrx_word' id='word_1_562' title='bbox 2554 3597 2800 3651; x_wconf 87' lang='lat' dir='ltr'><strong>manibus</strong></span> <span class='ocrx_word' id='word_1_563' title='bbox 2842 3597 2956 3666; x_wconf 87' lang='lat' dir='ltr'><strong>ipsa</strong></span> <span class='ocrx_word' id='word_1_564' title='bbox 3001 3598 3317 3654; x_wconf 84' lang='lat' dir='ltr'><strong>niinistrans</strong></span> <span class='ocrx_word' id='word_1_565' title='bbox 3356 3619 3482 3670; x_wconf 85' lang='lat' dir='ltr'><strong>pro-</strong></span> 
     </span>
    </p>
   </div>
   <div class='ocr_carea' id='block_1_85' title="bbox 1918 3689 3484 3765">
    <p class='ocr_par' dir='ltr' id='par_1_85' title="bbox 1918 3689 3484 3765">
     <span class='ocr_line' id='line_1_85' title="bbox 1918 3689 3484 3765; baseline -0.003 -17"><span class='ocrx_word' id='word_1_566' title='bbox 1918 3695 2071 3765; x_wconf 82' lang='lat' dir='ltr'><strong>priis,</strong></span> <span class='ocrx_word' id='word_1_567' title='bbox 2133 3707 2195 3746; x_wconf 88' lang='lat' dir='ltr'><strong>ac</strong></span> <span class='ocrx_word' id='word_1_568' title='bbox 2254 3691 2394 3759; x_wconf 89' lang='lat' dir='ltr'><strong>quod</strong></span> <span class='ocrx_word' id='word_1_569' title='bbox 2452 3689 2612 3742; x_wconf 85' lang='lat' dir='ltr'><strong>simul</strong></span> <span class='ocrx_word' id='word_1_570' title='bbox 2673 3691 2862 3743; x_wconf 87' lang='lat' dir='ltr'><strong>idonea</strong></span> <span class='ocrx_word' id='word_1_571' title='bbox 2930 3692 3081 3758; x_wconf 85' lang='lat' dir='ltr'><strong>copia</strong></span> <span class='ocrx_word' id='word_1_572' title='bbox 3144 3692 3314 3760; x_wconf 87' lang='lat' dir='ltr'><strong>trajici</strong></span> <span class='ocrx_word' id='word_1_573' title='bbox 3380 3712 3484 3747; x_wconf 69' lang='lat' dir='ltr'><strong>non</strong></span> 
     </span>
    </p>
   </div>
   <div class='ocr_carea' id='block_1_86' title="bbox 1918 3783 3488 3859">
    <p class='ocr_par' dir='ltr' id='par_1_86' title="bbox 1918 3783 3488 3859">
     <span class='ocr_line' id='line_1_86' title="bbox 1918 3783 3488 3859; baseline -0.001 -17"><span class='ocrx_word' id='word_1_574' title='bbox 1918 3797 2152 3859; x_wconf 87' lang='lat' dir='ltr'><strong>poterat,</strong></span> <span class='ocrx_word' id='word_1_575' title='bbox 2207 3785 2553 3853; x_wconf 74' lang='lat' dir='ltr'><strong>experiendis</strong></span> <span class='ocrx_word' id='word_1_576' title='bbox 2613 3784 2807 3851; x_wconf 69' lang='lat' dir='ltr'><strong>saepius</strong></span> <span class='ocrx_word' id='word_1_577' title='bbox 2856 3783 3261 3838; x_wconf 83' lang='lat' dir='ltr'><strong>sorbitiunculis</strong></span> <span class='ocrx_word' id='word_1_578' title='bbox 3313 3786 3488 3840; x_wconf 66' lang='lat' dir='ltr'><strong>inslil-</strong></span> 
     </span>
    </p>
   </div>
   <div class='ocr_carea' id='block_1_87' title="bbox 1917 3875 3483 3945">
    <p class='ocr_par' dir='ltr' id='par_1_87' title="bbox 1917 3875 3483 3945">
     <span class='ocr_line' id='line_1_87' title="bbox 1917 3875 3483 3945; baseline -0.004 -10"><span class='ocrx_word' id='word_1_579' title='bbox 1917 3882 2059 3945; x_wconf 85' lang='lat' dir='ltr'><strong>lans,</strong></span> <span class='ocrx_word' id='word_1_580' title='bbox 2117 3893 2215 3932; x_wconf 89' lang='lat' dir='ltr'><strong>nec</strong></span> <span class='ocrx_word' id='word_1_581' title='bbox 2264 3877 2503 3945; x_wconf 77' lang='lat' dir='ltr'><strong>segniter</strong></span> <span class='ocrx_word' id='word_1_582' title='bbox 2544 3876 2745 3928; x_wconf 88' lang='lat' dir='ltr'><strong>interea</strong></span> <span class='ocrx_word' id='word_1_583' title='bbox 2800 3875 2990 3927; x_wconf 85' lang='lat' dir='ltr'><strong>medici</strong></span> <span class='ocrx_word' id='word_1_584' title='bbox 3041 3891 3153 3929; x_wconf 84' lang='lat' dir='ltr'><strong>oris</strong></span> <span class='ocrx_word' id='word_1_585' title='bbox 3198 3886 3483 3938; x_wconf 71' lang='lat' dir='ltr'><strong>tunmrew.</strong></span> 
     </span>
    </p>
   </div>
   <div class='ocr_carea' id='block_1_88' title="bbox 1917 3965 3487 4041">
    <p class='ocr_par' dir='ltr' id='par_1_88' title="bbox 1917 3965 3487 4041">
     <span class='ocr_line' id='line_1_88' title="bbox 1917 3965 3487 4041; baseline -0.001 -17"><span class='ocrx_word' id='word_1_586' title='bbox 1917 3971 2259 4041; x_wconf 78' lang='lat' dir='ltr'><strong>partiumque</strong></span> <span class='ocrx_word' id='word_1_587' title='bbox 2320 3968 2567 4030; x_wconf 84' lang='lat' dir='ltr'><strong>illarum,</strong></span> <span class='ocrx_word' id='word_1_588' title='bbox 2630 3965 2879 4019; x_wconf 87' lang='lat' dir='ltr'><strong>omnibus</strong></span> <span class='ocrx_word' id='word_1_589' title='bbox 2935 3966 3069 4019; x_wconf 88' lang='lat' dir='ltr'><strong>artis</strong></span> <span class='ocrx_word' id='word_1_590' title='bbox 3122 3967 3487 4022; x_wconf 79' lang='lat' dir='ltr'><strong>delinimcntis</strong></span> 
     </span>
    </p>
   </div>
   <div class='ocr_carea' id='block_1_89' title="bbox 1918 4053 3485 4124">
    <p class='ocr_par' dir='ltr' id='par_1_89' title="bbox 1918 4053 3485 4124">
     <span class='ocr_line' id='line_1_89' title="bbox 1918 4053 3485 4124; baseline -0.006 -11"><span class='ocrx_word' id='word_1_591' title='bbox 1918 4075 1981 4113; x_wconf 87' lang='lat' dir='ltr'><strong>ae</strong></span> <span class='ocrx_word' id='word_1_592' title='bbox 2023 4057 2273 4113; x_wconf 86' lang='lat' dir='ltr'><strong>remediis</strong></span> <span class='ocrx_word' id='word_1_593' title='bbox 2313 4071 2606 4124; x_wconf 89' lang='lat' dir='ltr'><strong>procurare</strong></span> <span class='ocrx_word' id='word_1_594' title='bbox 2651 4055 2981 4108; x_wconf 81' lang='lat' dir='ltr'><strong>nitebantur.</strong></span> <span class='ocrx_word' id='word_1_595' title='bbox 3036 4053 3230 4109; x_wconf 85' lang='lat' dir='ltr'><strong>Verum</strong></span> <span class='ocrx_word' id='word_1_596' title='bbox 3286 4070 3383 4107; x_wconf 91' lang='lat' dir='ltr'><strong>nec</strong></span> <span class='ocrx_word' id='word_1_597' title='bbox 3433 4055 3485 4106; x_wconf 87' lang='lat' dir='ltr'><strong>hi</strong></span> 
     </span>
    </p>
   </div>
   <div class='ocr_carea' id='block_1_90' title="bbox 1921 4146 3483 4217">
    <p class='ocr_par' dir='ltr' id='par_1_90' title="bbox 1921 4146 3483 4217">
     <span class='ocr_line' id='line_1_90' title="bbox 1921 4146 3483 4217; baseline -0.006 -12"><span class='ocrx_word' id='word_1_598' title='bbox 1921 4166 2020 4205; x_wconf 90' lang='lat' dir='ltr'><strong>nec</strong></span> <span class='ocrx_word' id='word_1_599' title='bbox 2072 4164 2172 4217; x_wconf 78' lang='lat' dir='ltr'><strong>ego</strong></span> <span class='ocrx_word' id='word_1_600' title='bbox 2228 4146 2640 4216; x_wconf 78' lang='lat' dir='ltr'><strong>proficio-bamus</strong></span> <span class='ocrx_word' id='word_1_601' title='bbox 2697 4146 2811 4200; x_wconf 88' lang='lat' dir='ltr'><strong>fere</strong></span> <span class='ocrx_word' id='word_1_602' title='bbox 2868 4146 3185 4215; x_wconf 84' lang='lat' dir='ltr'><strong>quidquam.</strong></span> <span class='ocrx_word' id='word_1_603' title='bbox 3254 4146 3376 4200; x_wconf 89' lang='lat' dir='ltr'><strong>Dies</strong></span> <span class='ocrx_word' id='word_1_604' title='bbox 3433 4146 3483 4196; x_wconf 91' lang='lat' dir='ltr'><strong>in</strong></span> 
     </span>
    </p>
   </div>
   <div class='ocr_carea' id='block_1_91' title="bbox 1913 4239 3485 4308">
    <p class='ocr_par' dir='ltr' id='par_1_91' title="bbox 1913 4239 3485 4308">
     <span class='ocr_line' id='line_1_91' title="bbox 1913 4239 3485 4308; baseline -0.005 -12"><span class='ocrx_word' id='word_1_605' title='bbox 1913 4243 1997 4296; x_wconf 90' lang='lat' dir='ltr'><strong>his</strong></span> <span class='ocrx_word' id='word_1_606' title='bbox 2030 4241 2278 4297; x_wconf 84' lang='lat' dir='ltr'><strong>undecim</strong></span> <span class='ocrx_word' id='word_1_607' title='bbox 2318 4239 2581 4303; x_wconf 85' lang='lat' dir='ltr'><strong>abierant,</strong></span> <span class='ocrx_word' id='word_1_608' title='bbox 2619 4240 2671 4292; x_wconf 91' lang='lat' dir='ltr'><strong>in</strong></span> <span class='ocrx_word' id='word_1_609' title='bbox 2708 4252 2900 4308; x_wconf 75' lang='lat' dir='ltr'><strong>magno</strong></span> <span class='ocrx_word' id='word_1_610' title='bbox 2931 4248 3073 4291; x_wconf 92' lang='lat' dir='ltr'><strong>metu</strong></span> <span class='ocrx_word' id='word_1_611' title='bbox 3111 4248 3293 4290; x_wconf 88' lang='lat' dir='ltr'><strong>nostro</strong></span> <span class='ocrx_word' id='word_1_612' title='bbox 3316 4276 3330 4300; x_wconf 94' lang='lat'><strong>,</strong></span> <span class='ocrx_word' id='word_1_613' title='bbox 3364 4253 3485 4291; x_wconf 91' lang='lat' dir='ltr'><strong>cum</strong></span> 
     </span>
    </p>
   </div>
   <div class='ocr_carea' id='block_1_92' title="bbox 1914 4331 3483 4404">
    <p class='ocr_par' dir='ltr' id='par_1_92' title="bbox 1914 4331 3483 4404">
     <span class='ocr_line' id='line_1_92' title="bbox 1914 4331 3483 4404; baseline -0.003 -17"><span class='ocrx_word' id='word_1_614' title='bbox 1914 4335 2059 4389; x_wconf 88' lang='lat' dir='ltr'><strong>velut</strong></span> <span class='ocrx_word' id='word_1_615' title='bbox 2090 4350 2192 4387; x_wconf 92' lang='lat' dir='ltr'><strong>non</strong></span> <span class='ocrx_word' id='word_1_616' title='bbox 2221 4333 2432 4386; x_wconf 89' lang='lat' dir='ltr'><strong>abunde</strong></span> <span class='ocrx_word' id='word_1_617' title='bbox 2466 4333 2633 4386; x_wconf 89' lang='lat' dir='ltr'><strong>multa</strong></span> <span class='ocrx_word' id='word_1_618' title='bbox 2668 4347 2969 4404; x_wconf 73' lang='lat' dir='ltr'><strong>magnaque</strong></span> <span class='ocrx_word' id='word_1_619' title='bbox 2999 4346 3193 4400; x_wconf 90' lang='lat' dir='ltr'><strong>corpus</strong></span> <span class='ocrx_word' id='word_1_620' title='bbox 3230 4347 3397 4384; x_wconf 88' lang='lat' dir='ltr'><strong>unum</strong></span> <span class='ocrx_word' id='word_1_621' title='bbox 3432 4331 3483 4383; x_wconf 92' lang='lat' dir='ltr'><strong>in</strong></span> 
     </span>
    </p>
   </div>
   <div class='ocr_carea' id='block_1_93' title="bbox 1930 4446 3489 4519">
    <p class='ocr_par' dir='ltr' id='par_1_93' title="bbox 1930 4446 3489 4519">
     <span class='ocr_line' id='line_1_93' title="bbox 1930 4446 3489 4519; baseline -0.002 -16"><span class='ocrx_word' id='word_1_622' title='bbox 1930 4466 2035 4519; x_wconf 88' lang='lat' dir='ltr'><strong>que</strong></span> <span class='ocrx_word' id='word_1_623' title='bbox 2056 4448 2222 4503; x_wconf 87' lang='lat' dir='ltr'><strong>variis</strong></span> <span class='ocrx_word' id='word_1_624' title='bbox 2242 4446 2549 4501; x_wconf 74' lang='lat' dir='ltr'><strong>ostenderat</strong></span> <span class='ocrx_word' id='word_1_625' title='bbox 2567 4448 2729 4500; x_wconf 87' lang='lat' dir='ltr'><strong>animi</strong></span> <span class='ocrx_word' id='word_1_626' title='bbox 2760 4448 3055 4515; x_wconf 59' lang='lat' dir='ltr'><strong>praisentize</strong></span> <span class='ocrx_word' id='word_1_627' title='bbox 3073 4462 3135 4503; x_wconf 84' lang='lat' dir='ltr'><strong>ac</strong></span> <span class='ocrx_word' id='word_1_628' title='bbox 3156 4446 3489 4501; x_wconf 76' lang='lat' dir='ltr'><strong>fortitudinis</strong></span> 
     </span>
    </p>
   </div>
   <div class='ocr_carea' id='block_1_94' title="bbox 229 4532 3486 4611">
    <p class='ocr_par' dir='ltr' id='par_1_94' title="bbox 229 4532 3486 4611">
     <span class='ocr_line' id='line_1_94' title="bbox 229 4532 3486 4611; baseline 0.002 -25"><span class='ocrx_word' id='word_1_629' title='bbox 229 4532 472 4598; x_wconf 87' lang='lat' dir='ltr'><strong>incidit,</strong></span> <span class='ocrx_word' id='word_1_630' title='bbox 538 4533 641 4585; x_wconf 87' lang='lat' dir='ltr'><strong>alvi</strong></span> <span class='ocrx_word' id='word_1_631' title='bbox 694 4533 889 4595; x_wconf 84' lang='lat' dir='ltr'><strong>fluxus,</strong></span> <span class='ocrx_word' id='word_1_632' title='bbox 950 4550 1056 4587; x_wconf 93' lang='lat' dir='ltr'><strong>non</strong></span> <span class='ocrx_word' id='word_1_633' title='bbox 1107 4534 1362 4589; x_wconf 86' lang='lat' dir='ltr'><strong>salutaris</strong></span> <span class='ocrx_word' id='word_1_634' title='bbox 1419 4546 1509 4589; x_wconf 86' lang='lat' dir='ltr'><strong>aut</strong></span> <span class='ocrx_word' id='word_1_635' title='bbox 1562 4537 1803 4603; x_wconf 80' lang='lat' dir='ltr'><strong>criticus,</strong></span> <span class='ocrx_word' id='word_1_636' title='bbox 1842 4535 1885 4589; x_wconf 89' lang='lat' dir='ltr'><strong>D</strong></span> <span class='ocrx_word' id='word_1_637' title='bbox 1919 4559 1983 4599; x_wconf 81' lang='lat' dir='ltr'><strong>ne</strong></span> <span class='ocrx_word' id='word_1_638' title='bbox 2014 4553 2122 4597; x_wconf 81' lang='lat' dir='ltr'><strong>lum</strong></span> <span class='ocrx_word' id='word_1_639' title='bbox 2149 4542 2363 4609; x_wconf 72' lang='lat' dir='ltr'><strong>quidem</strong></span> <span class='ocrx_word' id='word_1_640' title='bbox 2395 4540 2558 4594; x_wconf 86' lang='lat' dir='ltr'><strong>oblita</strong></span> <span class='ocrx_word' id='word_1_641' title='bbox 2591 4551 2707 4607; x_wconf 90' lang='lat' dir='ltr'><strong>est;</strong></span> <span class='ocrx_word' id='word_1_642' title='bbox 2742 4542 2868 4611; x_wconf 87' lang='lat' dir='ltr'><strong>quin</strong></span> <span class='ocrx_word' id='word_1_643' title='bbox 2900 4542 3076 4609; x_wconf 91' lang='lat' dir='ltr'><strong>potius</strong></span> <span class='ocrx_word' id='word_1_644' title='bbox 3114 4542 3338 4595; x_wconf 85' lang='lat' dir='ltr'><strong>istarum</strong></span> <span class='ocrx_word' id='word_1_645' title='bbox 3370 4541 3486 4593; x_wconf 89' lang='lat' dir='ltr'><strong>lau-</strong></span> 
     </span>
    </p>
   </div>
   <div class='ocr_carea' id='block_1_95' title="bbox 216 4624 1807 4695">
    <p class='ocr_par' dir='ltr' id='par_1_95' title="bbox 216 4624 1807 4695">
     <span class='ocr_line' id='line_1_95' title="bbox 216 4624 1807 4695; baseline 0.004 -20"><span class='ocrx_word' id='word_1_646' title='bbox 216 4624 392 4692; x_wconf 81' lang='lat'><strong>501</strong></span> <span class='ocrx_word' id='word_1_647' title='bbox 433 4624 525 4679; x_wconf 79' lang='lat' dir='ltr'><strong>sed</strong></span> <span class='ocrx_word' id='word_1_648' title='bbox 556 4624 767 4685; x_wconf 77' lang='lat' dir='ltr'><strong>letlialis</strong></span> <span class='ocrx_word' id='word_1_649' title='bbox 817 4639 1037 4693; x_wconf 88' lang='lat' dir='ltr'><strong>prorsus</strong></span> <span class='ocrx_word' id='word_1_650' title='bbox 1064 4666 1079 4690; x_wconf 92' lang='lat'><strong>,</strong></span> <span class='ocrx_word' id='word_1_651' title='bbox 1116 4636 1168 4679; x_wconf 91' lang='lat' dir='ltr'><strong>et</strong></span> <span class='ocrx_word' id='word_1_652' title='bbox 1202 4627 1459 4695; x_wconf 84' lang='lat' dir='ltr'><strong>reliquias</strong></span> <span class='ocrx_word' id='word_1_653' title='bbox 1493 4628 1686 4683; x_wconf 88' lang='lat' dir='ltr'><strong>virium</strong></span> <span class='ocrx_word' id='word_1_654' title='bbox 1723 4639 1807 4682; x_wconf 90' lang='lat' dir='ltr'><strong>te-</strong></span> 
     </span>
    </p>
   </div>
   <div class='ocr_carea' id='block_1_96' title="bbox 217 4717 1813 4790">
    <p class='ocr_par' dir='ltr' id='par_1_96' title="bbox 217 4717 1813 4790">
     <span class='ocr_line' id='line_1_96' title="bbox 217 4717 1813 4790; baseline 0.003 -21"><span class='ocrx_word' id='word_1_655' title='bbox 217 4732 373 4772; x_wconf 83' lang='lat' dir='ltr'><strong>nues</strong></span> <span class='ocrx_word' id='word_1_656' title='bbox 408 4717 461 4781; x_wconf 87' lang='lat' dir='ltr'><strong>iu</strong></span> <span class='ocrx_word' id='word_1_657' title='bbox 491 4733 633 4785; x_wconf 49' lang='grc' dir='ltr'>αφετο</span> <span class='ocrx_word' id='word_1_658' title='bbox 681 4719 944 4787; x_wconf 71' lang='lat' dir='ltr'><strong>principe,</strong></span> <span class='ocrx_word' id='word_1_659' title='bbox 1016 4719 1067 4775; x_wconf 89' lang='lat' dir='ltr'><strong>in</strong></span> <span class='ocrx_word' id='word_1_660' title='bbox 1117 4719 1292 4783; x_wconf 84' lang='lat' dir='ltr'><strong>uobis,</strong></span> <span class='ocrx_word' id='word_1_661' title='bbox 1328 4720 1419 4786; x_wconf 92' lang='lat' dir='ltr'><strong>qui</strong></span> <span class='ocrx_word' id='word_1_662' title='bbox 1470 4720 1813 4790; x_wconf 80' lang='lat' dir='ltr'><strong>languentem</strong></span> 
     </span>
    </p>
   </div>
   <div class='ocr_carea' id='block_1_97' title="bbox 211 4810 1813 4880">
    <p class='ocr_par' dir='ltr' id='par_1_97' title="bbox 211 4810 1813 4880">
     <span class='ocr_line' id='line_1_97' title="bbox 211 4810 1813 4880; baseline 0.002 -19"><span class='ocrx_word' id='word_1_663' title='bbox 211 4810 586 4870; x_wconf 85' lang='lat' dir='ltr'><strong>curabamus.</strong></span> <span class='ocrx_word' id='word_1_664' title='bbox 614 4824 737 4874; x_wconf 81' lang='lat' dir='ltr'><strong>spes</strong></span> <span class='ocrx_word' id='word_1_665' title='bbox 772 4814 957 4862; x_wconf 85' lang='lat' dir='ltr'><strong>statim</strong></span> <span class='ocrx_word' id='word_1_666' title='bbox 985 4824 1177 4864; x_wconf 90' lang='lat' dir='ltr'><strong>omnes</strong></span> <span class='ocrx_word' id='word_1_667' title='bbox 1203 4819 1642 4877; x_wconf 86' lang='lat' dir='ltr'><strong>consumpturus.</strong></span> <span class='ocrx_word' id='word_1_668' title='bbox 1673 4813 1813 4880; x_wconf 77' lang='lat' dir='ltr'><strong>Ergo</strong></span> 
     </span>
    </p>
   </div>
   <div class='ocr_carea' id='block_1_98' title="bbox 201 4900 1812 4966">
    <p class='ocr_par' dir='ltr' id='par_1_98' title="bbox 201 4900 1812 4966">
     <span class='ocr_line' id='line_1_98' title="bbox 201 4900 1812 4966; baseline 0.002 -14"><span class='ocrx_word' id='word_1_669' title='bbox 201 4900 355 4966; x_wconf 84' lang='lat' dir='ltr'><strong>jam,</strong></span> <span class='ocrx_word' id='word_1_670' title='bbox 400 4911 452 4955; x_wconf 91' lang='lat' dir='ltr'><strong>et</strong></span> <span class='ocrx_word' id='word_1_671' title='bbox 497 4901 903 4955; x_wconf 85' lang='lat' dir='ltr'><strong>denuntiatione</strong></span> <span class='ocrx_word' id='word_1_672' title='bbox 928 4902 1285 4961; x_wconf 85' lang='lat' dir='ltr'><strong>medicorum.</strong></span> <span class='ocrx_word' id='word_1_673' title='bbox 1335 4912 1389 4954; x_wconf 91' lang='lat' dir='ltr'><strong>et</strong></span> <span class='ocrx_word' id='word_1_674' title='bbox 1420 4903 1495 4955; x_wconf 88' lang='lat' dir='ltr'><strong>rei</strong></span> <span class='ocrx_word' id='word_1_675' title='bbox 1544 4904 1812 4963; x_wconf 81' lang='lat' dir='ltr'><strong>evidentia</strong></span> 
     </span>
    </p>
   </div>
   <div class='ocr_carea' id='block_1_99' title="bbox 206 4990 1807 5063">
    <p class='ocr_par' dir='ltr' id='par_1_99' title="bbox 206 4990 1807 5063">
     <span class='ocr_line' id='line_1_99' title="bbox 206 4990 1807 5063; baseline 0.002 -20"><span class='ocrx_word' id='word_1_676' title='bbox 206 4990 440 5057; x_wconf 83' lang='lat' dir='ltr'><strong>ipsius,</strong></span> <span class='ocrx_word' id='word_1_677' title='bbox 505 4992 897 5061; x_wconf 88' lang='lat' dir='ltr'><strong>oculorumque</strong></span> <span class='ocrx_word' id='word_1_678' title='bbox 952 4994 1202 5062; x_wconf 70' lang='lat' dir='ltr'><strong>praesenti</strong></span> <span class='ocrx_word' id='word_1_679' title='bbox 1272 4993 1395 5055; x_wconf 85' lang='lat' dir='ltr'><strong>fide,</strong></span> <span class='ocrx_word' id='word_1_680' title='bbox 1463 4995 1807 5063; x_wconf 82' lang='lat' dir='ltr'><strong>imperatoris</strong></span> 
     </span>
    </p>
   </div>
   <div class='ocr_carea' id='block_1_100' title="bbox 200 5082 1807 5155">
    <p class='ocr_par' dir='ltr' id='par_1_100' title="bbox 200 5082 1807 5155">
     <span class='ocr_line' id='line_1_100' title="bbox 200 5082 1807 5155; baseline 0.003 -22"><span class='ocrx_word' id='word_1_681' title='bbox 200 5084 435 5149; x_wconf 83' lang='lat' dir='ltr'><strong>passim</strong></span> <span class='ocrx_word' id='word_1_682' title='bbox 470 5082 572 5135; x_wconf 87' lang='lat' dir='ltr'><strong>vita</strong></span> <span class='ocrx_word' id='word_1_683' title='bbox 606 5083 1066 5143; x_wconf 83' lang='lat' dir='ltr'><strong>eouclamahatur.</strong></span> <span class='ocrx_word' id='word_1_684' title='bbox 1105 5086 1220 5152; x_wconf 88' lang='lat' dir='ltr'><strong>Quo</strong></span> <span class='ocrx_word' id='word_1_685' title='bbox 1255 5096 1497 5155; x_wconf 88' lang='lat' dir='ltr'><strong>tempore</strong></span> <span class='ocrx_word' id='word_1_686' title='bbox 1524 5098 1724 5154; x_wconf 89' lang='lat' dir='ltr'><strong>quanta</strong></span> <span class='ocrx_word' id='word_1_687' title='bbox 1748 5086 1807 5145; x_wconf 84' lang='lat' dir='ltr'><strong>in</strong></span> 
     </span>
    </p>
   </div>
   <div class='ocr_carea' id='block_1_101' title="bbox 200 5174 1800 5243">
    <p class='ocr_par' dir='ltr' id='par_1_101' title="bbox 200 5174 1800 5243">
     <span class='ocr_line' id='line_1_101' title="bbox 200 5174 1800 5243; baseline 0.004 -18"><span class='ocrx_word' id='word_1_688' title='bbox 200 5190 319 5228; x_wconf 84' lang='lat' dir='ltr'><strong>nos</strong></span> <span class='ocrx_word' id='word_1_689' title='bbox 378 5174 596 5241; x_wconf 82' lang='lat' dir='ltr'><strong>proprie</strong></span> <span class='ocrx_word' id='word_1_690' title='bbox 648 5190 917 5243; x_wconf 82' lang='lat' dir='ltr'><strong>quamque</strong></span> <span class='ocrx_word' id='word_1_691' title='bbox 974 5192 1114 5230; x_wconf 67' lang='grc' dir='ltr'>θωνα</span> <span class='ocrx_word' id='word_1_692' title='bbox 1164 5177 1468 5232; x_wconf 85' lang='lat' dir='ltr'><strong>incubuerit</strong></span> <span class='ocrx_word' id='word_1_693' title='bbox 1513 5178 1800 5243; x_wconf 71' lang='lat' dir='ltr'><strong>mceror-is,</strong></span> 
     </span>
    </p>
   </div>
   <div class='ocr_carea' id='block_1_102' title="bbox 194 5266 1799 5339">
    <p class='ocr_par' dir='ltr' id='par_1_102' title="bbox 194 5266 1799 5339">
     <span class='ocr_line' id='line_1_102' title="bbox 194 5266 1799 5339; baseline 0.001 -19"><span class='ocrx_word' id='word_1_694' title='bbox 194 5266 631 5329; x_wconf 86' lang='lat' dir='ltr'><strong>sollicitudinis,</strong></span> <span class='ocrx_word' id='word_1_695' title='bbox 672 5270 1011 5322; x_wconf 77' lang='lat' dir='ltr'><strong>miseriarum</strong></span> <span class='ocrx_word' id='word_1_696' title='bbox 1042 5270 1218 5323; x_wconf 91' lang='lat' dir='ltr'><strong>omnis</strong></span> <span class='ocrx_word' id='word_1_697' title='bbox 1257 5271 1471 5339; x_wconf 79' lang='lat' dir='ltr'><strong>generis</strong></span> <span class='ocrx_word' id='word_1_698' title='bbox 1526 5268 1757 5337; x_wconf 82' lang='lat' dir='ltr'><strong>procella</strong></span> <span class='ocrx_word' id='word_1_699' title='bbox 1784 5308 1799 5331; x_wconf 91' lang='lat'><strong>,</strong></span> 
     </span>
    </p>
   </div>
   <div class='ocr_carea' id='block_1_103' title="bbox 190 5359 1811 5429">
    <p class='ocr_par' dir='ltr' id='par_1_103' title="bbox 190 5359 1811 5429">
     <span class='ocr_line' id='line_1_103' title="bbox 190 5359 1811 5429; baseline 0.002 -20"><span class='ocrx_word' id='word_1_700' title='bbox 190 5360 342 5427; x_wconf 86' lang='lat' dir='ltr'><strong>quis</strong></span> <span class='ocrx_word' id='word_1_701' title='bbox 371 5359 533 5414; x_wconf 84' lang='lat' dir='ltr'><strong>facile</strong></span> <span class='ocrx_word' id='word_1_702' title='bbox 562 5362 785 5414; x_wconf 71' lang='lat' dir='ltr'><strong>dixerit?</strong></span> <span class='ocrx_word' id='word_1_703' title='bbox 814 5362 1091 5417; x_wconf 65' lang='lat' dir='ltr'><strong>Eminebat</strong></span> <span class='ocrx_word' id='word_1_704' title='bbox 1110 5364 1252 5417; x_wconf 88' lang='lat' dir='ltr'><strong>inter</strong></span> <span class='ocrx_word' id='word_1_705' title='bbox 1276 5364 1517 5420; x_wconf 89' lang='lat' dir='ltr'><strong>omnium</strong></span> <span class='ocrx_word' id='word_1_706' title='bbox 1543 5363 1811 5429; x_wconf 79' lang='lat' dir='ltr'><strong>lacrymas</strong></span> 
     </span>
    </p>
   </div>
   <div class='ocr_carea' id='block_1_104' title="bbox 190 5452 1807 5523">
    <p class='ocr_par' dir='ltr' id='par_1_104' title="bbox 190 5452 1807 5523">
     <span class='ocr_line' id='line_1_104' title="bbox 190 5452 1807 5523; baseline 0.001 -21"><span class='ocrx_word' id='word_1_707' title='bbox 190 5452 407 5505; x_wconf 80' lang='lat' dir='ltr'><strong>luctus</strong></span> <span class='ocrx_word' id='word_1_708' title='bbox 454 5463 510 5506; x_wconf 90' lang='lat' dir='ltr'><strong>et</strong></span> <span class='ocrx_word' id='word_1_709' title='bbox 559 5454 734 5521; x_wconf 87' lang='lat' dir='ltr'><strong>pietas</strong></span> <span class='ocrx_word' id='word_1_710' title='bbox 769 5454 1058 5521; x_wconf 68' lang='lat' dir='ltr'><strong>Augustin;</strong></span> <span class='ocrx_word' id='word_1_711' title='bbox 1089 5470 1209 5522; x_wconf 63' lang='lat' dir='ltr'><strong>quas</strong></span> <span class='ocrx_word' id='word_1_712' title='bbox 1255 5470 1564 5523; x_wconf 82' lang='lat' dir='ltr'><strong>quanquam</strong></span> <span class='ocrx_word' id='word_1_713' title='bbox 1613 5453 1807 5505; x_wconf 86' lang='lat' dir='ltr'><strong>nullam</strong></span> 
     </span>
    </p>
   </div>
   <div class='ocr_carea' id='block_1_105' title="bbox 188 5543 1806 5613">
    <p class='ocr_par' dir='ltr' id='par_1_105' title="bbox 188 5543 1806 5613">
     <span class='ocr_line' id='line_1_105' title="bbox 188 5543 1806 5613; baseline 0.001 -21"><span class='ocrx_word' id='word_1_714' title='bbox 188 5558 320 5594; x_wconf 82' lang='lat' dir='ltr'><strong>non</strong></span> <span class='ocrx_word' id='word_1_715' title='bbox 360 5544 557 5596; x_wconf 79' lang='lat' dir='ltr'><strong>ederet</strong></span> <span class='ocrx_word' id='word_1_716' title='bbox 590 5544 643 5595; x_wconf 90' lang='lat' dir='ltr'><strong>in</strong></span> <span class='ocrx_word' id='word_1_717' title='bbox 674 5543 885 5611; x_wconf 80' lang='lat' dir='ltr'><strong>jactura</strong></span> <span class='ocrx_word' id='word_1_718' title='bbox 937 5545 1242 5599; x_wconf 81' lang='lat' dir='ltr'><strong>charissimi</strong></span> <span class='ocrx_word' id='word_1_719' title='bbox 1288 5545 1480 5610; x_wconf 86' lang='lat' dir='ltr'><strong>capitis</strong></span> <span class='ocrx_word' id='word_1_720' title='bbox 1518 5543 1806 5613; x_wconf 83' lang='lat' dir='ltr'><strong>significa-</strong></span> 
     </span>
    </p>
   </div>
   <div class='ocr_carea' id='block_1_106' title="bbox 190 5634 1808 5704">
    <p class='ocr_par' dir='ltr' id='par_1_106' title="bbox 190 5634 1808 5704">
     <span class='ocr_line' id='line_1_106' title="bbox 190 5634 1808 5704; baseline 0.001 -19"><span class='ocrx_word' id='word_1_721' title='bbox 190 5634 433 5687; x_wconf 80' lang='lat' dir='ltr'><strong>tionem</strong></span> <span class='ocrx_word' id='word_1_722' title='bbox 476 5634 589 5689; x_wconf 87' lang='lat' dir='ltr'><strong>veri</strong></span> <span class='ocrx_word' id='word_1_723' title='bbox 622 5637 841 5698; x_wconf 88' lang='lat' dir='ltr'><strong>amoris,</strong></span> <span class='ocrx_word' id='word_1_724' title='bbox 878 5636 1290 5704; x_wconf 76' lang='lat' dir='ltr'><strong>insolabilisque</strong></span> <span class='ocrx_word' id='word_1_725' title='bbox 1326 5635 1597 5699; x_wconf 81' lang='lat' dir='ltr'><strong>desiderii,</strong></span> <span class='ocrx_word' id='word_1_726' title='bbox 1633 5644 1808 5693; x_wconf 85' lang='lat' dir='ltr'><strong>tamen</strong></span> 
     </span>
    </p>
   </div>
   <div class='ocr_carea' id='block_1_107' title="bbox 182 5724 1809 5797">
    <p class='ocr_par' dir='ltr' id='par_1_107' title="bbox 182 5724 1809 5797">
     <span class='ocr_line' id='line_1_107' title="bbox 182 5724 1809 5797; baseline 0.002 -22"><span class='ocrx_word' id='word_1_727' title='bbox 182 5726 329 5791; x_wconf 80' lang='lat' dir='ltr'><strong>ejus</strong></span> <span class='ocrx_word' id='word_1_728' title='bbox 369 5743 540 5796; x_wconf 84' lang='lat' dir='ltr'><strong>quam</strong></span> <span class='ocrx_word' id='word_1_729' title='bbox 571 5737 680 5779; x_wconf 92' lang='lat' dir='ltr'><strong>toto</strong></span> <span class='ocrx_word' id='word_1_730' title='bbox 723 5726 846 5779; x_wconf 77' lang='lat' dir='ltr'><strong>vita:</strong></span> <span class='ocrx_word' id='word_1_731' title='bbox 882 5737 1127 5797; x_wconf 89' lang='lat' dir='ltr'><strong>tempore</strong></span> <span class='ocrx_word' id='word_1_732' title='bbox 1153 5729 1203 5781; x_wconf 91' lang='lat' dir='ltr'><strong>in</strong></span> <span class='ocrx_word' id='word_1_733' title='bbox 1246 5724 1498 5796; x_wconf 90' lang='lat' dir='ltr'><strong>periculis</strong></span> <span class='ocrx_word' id='word_1_734' title='bbox 1528 5726 1809 5780; x_wconf 67' lang='lat' dir='ltr'><strong>(erumnis-</strong></span> 
     </span>
    </p>
   </div>
   <div class='ocr_carea' id='block_1_108' title="bbox 286 5818 853 5887">
    <p class='ocr_par' dir='ltr' id='par_1_108' title="bbox 286 5818 853 5887">
     <span class='ocr_line' id='line_1_108' title="bbox 286 5818 853 5887; baseline 0 -17"><span class='ocrx_word' id='word_1_735' title='bbox 286 5822 309 5849; x_wconf 86' lang='grc'>⁸</span> <span class='ocrx_word' id='word_1_736' title='bbox 322 5820 344 5850; x_wconf 86' lang='grc'>³</span> <span class='ocrx_word' id='word_1_737' title='bbox 386 5819 530 5887; x_wconf 73' lang='grc' dir='ltr'>φλεγ</span> <span class='ocrx_word' id='word_1_738' title='bbox 542 5818 853 5886; x_wconf 77' lang='grc' dir='ltr'>μηνάντων.</span> 
     </span>
    </p>
   </div>
   <div class='ocr_carea' id='block_1_109' title="bbox 1914 4632 3488 4691">
    <p class='ocr_par' dir='ltr' id='par_1_109' title="bbox 1914 4632 3488 4691">
     <span class='ocr_line' id='line_1_109' title="bbox 1914 4632 3488 4691; baseline -0.005 -2"><span class='ocrx_word' id='word_1_739' title='bbox 1914 4635 2040 4691; x_wconf 77' lang='lat' dir='ltr'><strong>dunt</strong></span> <span class='ocrx_word' id='word_1_740' title='bbox 2096 4632 2394 4688; x_wconf 84' lang='lat' dir='ltr'><strong>clarissima</strong></span> <span class='ocrx_word' id='word_1_741' title='bbox 2452 4640 2579 4686; x_wconf 90' lang='lat' dir='ltr'><strong>tunc</strong></span> <span class='ocrx_word' id='word_1_742' title='bbox 2629 4633 2863 4686; x_wconf 84' lang='lat' dir='ltr'><strong>maxime</strong></span> <span class='ocrx_word' id='word_1_743' title='bbox 2911 4634 3228 4691; x_wconf 82' lang='lat' dir='ltr'><strong>documenta</strong></span> <span class='ocrx_word' id='word_1_744' title='bbox 3276 4632 3442 4685; x_wconf 87' lang='lat' dir='ltr'><strong>edidit</strong></span> <span class='ocrx_word' id='word_1_745' title='bbox 3474 4670 3488 4690; x_wconf 86' lang='lat'><strong>,</strong></span> 
     </span>
    </p>
   </div>
   <div class='ocr_carea' id='block_1_110' title="bbox 1916 4722 3495 4791">
    <p class='ocr_par' dir='ltr' id='par_1_110' title="bbox 1916 4722 3495 4791">
     <span class='ocr_line' id='line_1_110' title="bbox 1916 4722 3495 4791; baseline -0.007 -10"><span class='ocrx_word' id='word_1_746' title='bbox 1916 4724 2336 4791; x_wconf 74' lang='lat' dir='ltr'><strong>generosissime</strong></span> <span class='ocrx_word' id='word_1_747' title='bbox 2367 4723 2568 4779; x_wconf 82' lang='lat' dir='ltr'><strong>doloris</strong></span> <span class='ocrx_word' id='word_1_748' title='bbox 2598 4724 2861 4778; x_wconf 87' lang='lat' dir='ltr'><strong>cohibens</strong></span> <span class='ocrx_word' id='word_1_749' title='bbox 2902 4724 3122 4777; x_wconf 89' lang='lat' dir='ltr'><strong>nimiam</strong></span> <span class='ocrx_word' id='word_1_750' title='bbox 3167 4724 3297 4783; x_wconf 90' lang='lat' dir='ltr'><strong>vim,</strong></span> <span class='ocrx_word' id='word_1_751' title='bbox 3331 4722 3495 4773; x_wconf 80' lang='lat' dir='ltr'><strong>obfir-</strong></span> 
     </span>
    </p>
   </div>
   <div class='ocr_carea' id='block_1_111' title="bbox 1915 4811 3486 4883">
    <p class='ocr_par' dir='ltr' id='par_1_111' title="bbox 1915 4811 3486 4883">
     <span class='ocr_line' id='line_1_111' title="bbox 1915 4811 3486 4883; baseline -0.005 -13"><span class='ocrx_word' id='word_1_752' title='bbox 1915 4830 2179 4883; x_wconf 80' lang='lat' dir='ltr'><strong>mansque</strong></span> <span class='ocrx_word' id='word_1_753' title='bbox 2225 4831 2285 4870; x_wconf 88' lang='lat' dir='ltr'><strong>se</strong></span> <span class='ocrx_word' id='word_1_754' title='bbox 2329 4826 2514 4875; x_wconf 81' lang='lat' dir='ltr'><strong>contra</strong></span> <span class='ocrx_word' id='word_1_755' title='bbox 2554 4816 2694 4869; x_wconf 89' lang='lat' dir='ltr'><strong>virili</strong></span> <span class='ocrx_word' id='word_1_756' title='bbox 2749 4815 3054 4868; x_wconf 72' lang='lat' dir='ltr'><strong>coristautia</strong></span> <span class='ocrx_word' id='word_1_757' title='bbox 3093 4831 3105 4866; x_wconf 95' lang='lat'>:</span> <span class='ocrx_word' id='word_1_758' title='bbox 3144 4824 3197 4865; x_wconf 88' lang='lat' dir='ltr'><strong>et</strong></span> <span class='ocrx_word' id='word_1_759' title='bbox 3237 4811 3382 4863; x_wconf 89' lang='lat' dir='ltr'><strong>velut</strong></span> <span class='ocrx_word' id='word_1_760' title='bbox 3434 4811 3486 4862; x_wconf 79' lang='lat' dir='ltr'><strong>in</strong></span> 
     </span>
    </p>
   </div>
   <div class='ocr_carea' id='block_1_112' title="bbox 1913 4899 3480 4976">
    <p class='ocr_par' dir='ltr' id='par_1_112' title="bbox 1913 4899 3480 4976">
     <span class='ocr_line' id='line_1_112' title="bbox 1913 4899 3480 4976; baseline -0.009 -15"><span class='ocrx_word' id='word_1_761' title='bbox 1913 4904 2191 4976; x_wconf 82' lang='lat' dir='ltr'><strong>Olympico</strong></span> <span class='ocrx_word' id='word_1_762' title='bbox 2235 4905 2454 4973; x_wconf 82' lang='lat' dir='ltr'><strong>pulvere</strong></span> <span class='ocrx_word' id='word_1_763' title='bbox 2507 4903 2706 4957; x_wconf 85' lang='lat' dir='ltr'><strong>athleta</strong></span> <span class='ocrx_word' id='word_1_764' title='bbox 2772 4901 3070 4967; x_wconf 82' lang='lat' dir='ltr'><strong>palmarum</strong></span> <span class='ocrx_word' id='word_1_765' title='bbox 3130 4899 3480 4966; x_wconf 80' lang='lat' dir='ltr'><strong>plurimarum</strong></span> 
     </span>
    </p>
   </div>
   <div class='ocr_carea' id='block_1_113' title="bbox 1912 4988 3482 5055">
    <p class='ocr_par' dir='ltr' id='par_1_113' title="bbox 1912 4988 3482 5055">
     <span class='ocr_line' id='line_1_113' title="bbox 1912 4988 3482 5055; baseline -0.007 -6"><span class='ocrx_word' id='word_1_766' title='bbox 1912 4997 2123 5051; x_wconf 84' lang='lat' dir='ltr'><strong>fortiter</strong></span> <span class='ocrx_word' id='word_1_767' title='bbox 2151 4995 2418 5049; x_wconf 83' lang='lat' dir='ltr'><strong>eluctatur</strong></span> <span class='ocrx_word' id='word_1_768' title='bbox 2446 4991 2861 5055; x_wconf 85' lang='lat' dir='ltr'><strong>adversarium,</strong></span> <span class='ocrx_word' id='word_1_769' title='bbox 2892 4990 2971 5044; x_wconf 90' lang='lat' dir='ltr'><strong>sic</strong></span> <span class='ocrx_word' id='word_1_770' title='bbox 3020 4988 3106 5043; x_wconf 87' lang='lat' dir='ltr'><strong>illa</strong></span> <span class='ocrx_word' id='word_1_771' title='bbox 3155 4988 3482 5055; x_wconf 73' lang='lat' dir='ltr'><strong>injicieutem</strong></span> 
     </span>
    </p>
   </div>
   <div class='ocr_carea' id='block_1_114' title="bbox 1915 5080 3483 5147">
    <p class='ocr_par' dir='ltr' id='par_1_114' title="bbox 1915 5080 3483 5147">
     <span class='ocr_line' id='line_1_114' title="bbox 1915 5080 3483 5147; baseline -0.005 -9"><span class='ocrx_word' id='word_1_772' title='bbox 1915 5084 2096 5143; x_wconf 81' lang='lat' dir='ltr'><strong>virtuti</strong></span> <span class='ocrx_word' id='word_1_773' title='bbox 2149 5097 2260 5135; x_wconf 62' lang='lat' dir='ltr'><strong>suae</strong></span> <span class='ocrx_word' id='word_1_774' title='bbox 2311 5094 2538 5139; x_wconf 86' lang='lat' dir='ltr'><strong>manus,</strong></span> <span class='ocrx_word' id='word_1_775' title='bbox 2595 5088 2755 5147; x_wconf 87' lang='lat' dir='ltr'><strong>atque</strong></span> <span class='ocrx_word' id='word_1_776' title='bbox 2807 5080 3042 5147; x_wconf 81' lang='lat' dir='ltr'><strong>undique</strong></span> <span class='ocrx_word' id='word_1_777' title='bbox 3097 5080 3483 5145; x_wconf 81' lang='lat' dir='ltr'><strong>ingruentem,</strong></span> 
     </span>
    </p>
   </div>
   <div class='ocr_carea' id='block_1_115' title="bbox 1912 5168 3485 5245">
    <p class='ocr_par' dir='ltr' id='par_1_115' title="bbox 1912 5168 3485 5245">
     <span class='ocr_line' id='line_1_115' title="bbox 1912 5168 3485 5245; baseline -0.007 -14"><span class='ocrx_word' id='word_1_778' title='bbox 1912 5177 2255 5245; x_wconf 81' lang='lat' dir='ltr'><strong>dejicereque</strong></span> <span class='ocrx_word' id='word_1_779' title='bbox 2315 5178 2641 5234; x_wconf 90' lang='lat' dir='ltr'><strong>conantem,</strong></span> <span class='ocrx_word' id='word_1_780' title='bbox 2692 5178 2873 5223; x_wconf 88' lang='lat' dir='ltr'><strong>erecta</strong></span> <span class='ocrx_word' id='word_1_781' title='bbox 2925 5170 2974 5222; x_wconf 89' lang='lat' dir='ltr'><strong>vi</strong></span> <span class='ocrx_word' id='word_1_782' title='bbox 3027 5170 3192 5223; x_wconf 88' lang='lat' dir='ltr'><strong>animi</strong></span> <span class='ocrx_word' id='word_1_783' title='bbox 3248 5168 3485 5221; x_wconf 89' lang='lat' dir='ltr'><strong>dolorem</strong></span> 
     </span>
    </p>
   </div>
   <div class='ocr_carea' id='block_1_116' title="bbox 1913 5259 3489 5330">
    <p class='ocr_par' dir='ltr' id='par_1_116' title="bbox 1913 5259 3489 5330">
     <span class='ocr_line' id='line_1_116' title="bbox 1913 5259 3489 5330; baseline -0.013 -11"><span class='ocrx_word' id='word_1_784' title='bbox 1913 5264 2238 5319; x_wconf 79' lang='lat' dir='ltr'><strong>acerrimum</strong></span> <span class='ocrx_word' id='word_1_785' title='bbox 2276 5260 2550 5314; x_wconf 87' lang='lat' dir='ltr'><strong>sustinens</strong></span> <span class='ocrx_word' id='word_1_786' title='bbox 2596 5276 2658 5314; x_wconf 87' lang='lat' dir='ltr'><strong>ac</strong></span> <span class='ocrx_word' id='word_1_787' title='bbox 2707 5262 2993 5330; x_wconf 89' lang='lat' dir='ltr'><strong>repellens.</strong></span> <span class='ocrx_word' id='word_1_788' title='bbox 3049 5259 3208 5327; x_wconf 83' lang='lat' dir='ltr'><strong>Atqui</strong></span> <span class='ocrx_word' id='word_1_789' title='bbox 3256 5268 3489 5325; x_wconf 80' lang='lat' dir='ltr'><strong>quanta-</strong></span> 
     </span>
    </p>
   </div>
   <div class='ocr_carea' id='block_1_117' title="bbox 1913 5346 3483 5423">
    <p class='ocr_par' dir='ltr' id='par_1_117' title="bbox 1913 5346 3483 5423">
     <span class='ocr_line' id='line_1_117' title="bbox 1913 5346 3483 5423; baseline -0.007 -13"><span class='ocrx_word' id='word_1_790' title='bbox 1913 5366 2121 5423; x_wconf 82' lang='lat' dir='ltr'><strong>cunque</strong></span> <span class='ocrx_word' id='word_1_791' title='bbox 2148 5359 2454 5413; x_wconf 85' lang='lat' dir='ltr'><strong>conaretur,</strong></span> <span class='ocrx_word' id='word_1_792' title='bbox 2483 5346 2663 5403; x_wconf 88' lang='lat' dir='ltr'><strong>facere</strong></span> <span class='ocrx_word' id='word_1_793' title='bbox 2695 5351 2779 5403; x_wconf 88' lang='lat' dir='ltr'><strong>illa</strong></span> <span class='ocrx_word' id='word_1_794' title='bbox 2812 5352 3029 5419; x_wconf 84' lang='lat' dir='ltr'><strong>quidem</strong></span> <span class='ocrx_word' id='word_1_795' title='bbox 3065 5351 3202 5402; x_wconf 80' lang='lat' dir='ltr'><strong>haud</strong></span> <span class='ocrx_word' id='word_1_796' title='bbox 3249 5358 3483 5417; x_wconf 84' lang='lat' dir='ltr'><strong>poterat,</strong></span> 
     </span>
    </p>
   </div>
   <div class='ocr_carea' id='block_1_118' title="bbox 1912 5439 3487 5515">
    <p class='ocr_par' dir='ltr' id='par_1_118' title="bbox 1912 5439 3487 5515">
     <span class='ocr_line' id='line_1_118' title="bbox 1912 5439 3487 5515; baseline -0.005 -17"><span class='ocrx_word' id='word_1_797' title='bbox 1912 5448 2041 5515; x_wconf 83' lang='lat' dir='ltr'><strong>quin</strong></span> <span class='ocrx_word' id='word_1_798' title='bbox 2065 5442 2278 5512; x_wconf 79' lang='lat' dir='ltr'><strong>quoties</strong></span> <span class='ocrx_word' id='word_1_799' title='bbox 2307 5439 2694 5504; x_wconf 85' lang='lat' dir='ltr'><strong>imperatorem</strong></span> <span class='ocrx_word' id='word_1_800' title='bbox 2721 5442 2773 5493; x_wconf 91' lang='lat' dir='ltr'><strong>in</strong></span> <span class='ocrx_word' id='word_1_801' title='bbox 2808 5441 2912 5495; x_wconf 90' lang='lat' dir='ltr'><strong>isto</strong></span> <span class='ocrx_word' id='word_1_802' title='bbox 2934 5440 3385 5507; x_wconf 77' lang='lat' dir='ltr'><strong>deploratissimn,</strong></span> <span class='ocrx_word' id='word_1_803' title='bbox 3434 5441 3487 5490; x_wconf 90' lang='lat' dir='ltr'><strong>in</strong></span> 
     </span>
    </p>
   </div>
   <div class='ocr_carea' id='block_1_119' title="bbox 1912 5530 3489 5607">
    <p class='ocr_par' dir='ltr' id='par_1_119' title="bbox 1912 5530 3489 5607">
     <span class='ocr_line' id='line_1_119' title="bbox 1912 5530 3489 5607; baseline -0.005 -18"><span class='ocrx_word' id='word_1_804' title='bbox 1912 5554 2020 5607; x_wconf 89' lang='lat' dir='ltr'><strong>quo</strong></span> <span class='ocrx_word' id='word_1_805' title='bbox 2066 5537 2109 5587; x_wconf 87' lang='lat' dir='ltr'><strong>is</strong></span> <span class='ocrx_word' id='word_1_806' title='bbox 2142 5542 2254 5584; x_wconf 88' lang='lat' dir='ltr'><strong>tum</strong></span> <span class='ocrx_word' id='word_1_807' title='bbox 2299 5538 2455 5589; x_wconf 87' lang='lat' dir='ltr'><strong>erat,</strong></span> <span class='ocrx_word' id='word_1_808' title='bbox 2490 5537 2638 5582; x_wconf 83' lang='lat' dir='ltr'><strong>statu</strong></span> <span class='ocrx_word' id='word_1_809' title='bbox 2689 5540 2934 5583; x_wconf 85' lang='lat' dir='ltr'><strong>cerneret</strong></span> <span class='ocrx_word' id='word_1_810' title='bbox 2983 5530 3259 5599; x_wconf 85' lang='lat' dir='ltr'><strong>(cernebat</strong></span> <span class='ocrx_word' id='word_1_811' title='bbox 3310 5536 3489 5581; x_wconf 76' lang='lat' dir='ltr'><strong>autem</strong></span> 
     </span>
    </p>
   </div>
   <div class='ocr_carea' id='block_1_120' title="bbox 1915 5618 3490 5695">
    <p class='ocr_par' dir='ltr' id='par_1_120' title="bbox 1915 5618 3490 5695">
     <span class='ocr_line' id='line_1_120' title="bbox 1915 5618 3490 5695; baseline -0.006 -14"><span class='ocrx_word' id='word_1_812' title='bbox 1915 5624 2177 5695; x_wconf 77' lang='lat' dir='ltr'><strong>assidue),</strong></span> <span class='ocrx_word' id='word_1_813' title='bbox 2222 5618 2762 5675; x_wconf 83' lang='lat' dir='ltr'><strong>transverberaretur</strong></span> <span class='ocrx_word' id='word_1_814' title='bbox 2812 5622 2912 5689; x_wconf 90' lang='lat' dir='ltr'><strong>ipsi</strong></span> <span class='ocrx_word' id='word_1_815' title='bbox 2948 5622 3159 5675; x_wconf 87' lang='lat' dir='ltr'><strong>animus</strong></span> <span class='ocrx_word' id='word_1_816' title='bbox 3208 5620 3356 5688; x_wconf 78' lang='lat' dir='ltr'><strong>plaga</strong></span> <span class='ocrx_word' id='word_1_817' title='bbox 3411 5621 3490 5672; x_wconf 91' lang='lat' dir='ltr'><strong>in-</strong></span> 
     </span>
    </p>
   </div>
   <div class='ocr_carea' id='block_1_121' title="bbox 1915 5702 3491 5793">
    <p class='ocr_par' dir='ltr' id='par_1_121' title="bbox 1915 5702 3491 5793">
     <span class='ocr_line' id='line_1_121' title="bbox 1915 5702 3491 5793; baseline -0.006 -19"><span class='ocrx_word' id='word_1_818' title='bbox 1915 5723 2079 5793; x_wconf 79' lang='lat' dir='ltr'><strong>genti,</strong></span> <span class='ocrx_word' id='word_1_819' title='bbox 2107 5728 2307 5779; x_wconf 86' lang='lat' dir='ltr'><strong>corque</strong></span> <span class='ocrx_word' id='word_1_820' title='bbox 2341 5708 2594 5764; x_wconf 68' lang='lat' dir='ltr'><strong>intimum</strong></span> <span class='ocrx_word' id='word_1_821' title='bbox 2623 5702 2868 5766; x_wconf 76' lang='lat' dir='ltr'><strong>funditus</strong></span> <span class='ocrx_word' id='word_1_822' title='bbox 2889 5710 3491 5766; x_wconf 58' lang='lat' dir='ltr'><strong>succntereturNerum</strong></span> 
     </span>
    </p>
   </div>
  </div>
