4022 6282
507 415 640 479 1199

506 621 788 678 infortunii
826 622 942 690 pari
978 618 1323 673 contentione
1350 616 1586 670 robusta:
1623 616 1861 678 virtutis,
1897 624 2074 668 certa-

507 729 734 782 menque
759 711 992 766 durabat
1023 711 1244 765 obnixis
1297 710 1549 776 utrinque
1583 708 1920 774 impulsibus,
1953 722 2073 760 cum

463 813 477 831 '
505 817 558 861 et
590 806 808 860 letltalia
837 803 1035 860 doloris
1064 802 1286 856 vulnera
1342 815 1534 854 sensus
1575 799 1790 866 penitus
1827 798 2070 861 intimos,

511 900 876 965 medullasque
909 897 1048 951 velut
1077 896 1216 963 ipsas
1245 895 1442 946 animae
1487 893 1863 959 perVaderent,
1901 899 1954 942 et
1989 906 2076 942 re-

508 992 718 1044 luctans
755 999 934 1042 tamen
969 986 1121 1042 fortis
1151 983 1389 1038 mulieris
1420 983 1733 1036 constantia
1787 982 2080 1034 susuuerct

505 1096 564 1136 se
614 1084 665 1134 in
723 1090 888 1144 statu,
951 1090 1246 1146 pectusque
1304 1075 1509 1143 utique,
1572 1072 1747 1127 oflicio
1801 1086 2080 1141 generosa:

508 1169 694 1224 lortitu
719 1170 861 1230 linis,
894 1176 1138 1222 servaret
1186 1166 1452 1234 integrum
1492 1180 1505 1214 :
1537 1163 1749 1216 interim
1790 1177 1919 1216 sane
1953 1162 2077 1214 dum

507 1263 692 1316 Oculos
739 1273 795 1316 et
841 1261 1044 1313 vultum
1077 1257 1394 1320 concedere,
1442 1255 1642 1324 aliquid
1683 1253 2080 1324 perturbationi

510 1353 733 1415 sineret,
762 1350 969 1413 oculos,
999 1364 1103 1404 non
1125 1350 1234 1416 jam
1261 1347 1526 1408 stillatim,
1558 1344 1653 1399 sed
1682 1345 1855 1414 plenis
1878 1345 2080 1414 iugiter

509 1444 738 1497 ﬂuentes
767 1442 924 1506 rivis;
957 1439 1183 1500 vultum,
1217 1439 1283 1491 ab
1313 1436 1402 1492 illo
1431 1436 1614 1490 formae
1642 1433 1772 1488 llore
1808 1442 2075 1486 mutatqu

509 1535 564 1588 iu
585 1532 903 1600 squalorem
937 1530 1268 1596 maciemque
1301 1535 1526 1591 tantam,
1585 1535 1640 1578 ut
1672 1539 1791 1577 mox
1817 1523 2082 1577 abituram

513 1628 750 1681 animam
783 1623 1096 1691 prominere
1143 1637 1172 1676 e
1224 1619 1450 1674 sunnnis
1491 1619 1710 1670 naribus
1749 1617 1970 1670 intuens
2003 1617 2084 1669 dio

514 1735 685 1774 ceres.
720 1717 949 1783 Quintus
998 1720 1116 1768 erat
1163 1728 1320 1781 supra
1373 1710 1640 1765 decimum
1685 1709 1910 1777 Augusti
1949 1709 2082 1771 dies,

523 1810 656 1863 feria
690 1810 879 1878 quinta
909 1805 1264 1860 hebdomadis
1294 1803 1454 1867 illius,
1486 1818 1588 1872 qua
1625 1816 1688 1856 eo
1733 1816 1875 1854 anno
1911 1800 2085 1854 incul-

517 1902 809 1970 patissimae
836 1896 1079 1950 Dominae
1105 1895 1374 1950 Dormitio
1404 1894 1672 1947 celebrata
1704 1901 1806 1946 est.
1834 1891 1960 1960 Ejus
1983 1890 2089 1944 dici

517 1991 688 2057 primo
722 2003 878 2041 mane
904 2002 1022 2038 cum
1052 1984 1397 2053 imperatoris
1439 1991 1597 2050 caput
1642 1983 1824 2036 nescio
1844 1995 1963 2049 ~quo
1993 1997 2094 2031 un-

516 2090 714 2149 guento
747 2076 1088 2131 inunxissent
1106 2075 1320 2140 Quidam
1349 2073 1562 2135 medici,
1587 2081 1744 2142 prout
1768 2071 1896 2140 ipsis
1919 2071 2092 2126 visum

520 2172 721 2235 fuerat,
778 2168 974 2224 deinde
1024 2167 1172 2221 velut
1244 2164 1530 2235 perfuncti,
1584 2165 1801 2218 domum
1861 2162 2095 2232 quisque

522 2275 678 2316 suam
709 2272 1017 2324 recessere;
1052 2271 1157 2310 non
1191 2255 1432 2315 fortuito,
1462 2266 1637 2321 neque
1680 2252 1751 2306 ob
1798 2251 2097 2305 necessita-

524 2362 632 2406 tem
681 2350 874 2415 ullam,
925 2348 1019 2404 sed
1066 2347 1208 2416 quod
1258 2345 1422 2401 certis
1471 2343 1680 2399 indiciis
1733 2343 2094 2412 intelligerent

519 2443 724 2497 instare
753 2441 960 2496 obitum
992 2437 1370 2507 imperatoris;
1396 2450 1502 2505 quo
1521 2445 1761 2504 tempore
1785 2434 2094 2489 statuebant

521 2547 627 2588 non
659 2545 781 2585 esse
806 2529 908 2584 sibi
941 2525 1410 2590 committeudmn,
1444 2535 1502 2580 ut
1555 2535 1719 2579 testes
1761 2525 1923 2578 otiosi
1959 2523 2094 2576 tanti

523 2623 647 2676 ntali
703 2621 1003 2676 residerent
1037 2618 1182 2682 illic,
1216 2615 1448 2686 expositi
1481 2616 1545 2668 ad
1581 2616 1746 2670 libera
1779 2616 1901 2669 odia
1943 2614 2090 2684 judi-

522 2717 713 2783 ciaque
742 2711 1039 2773 hominum,
1069 2710 1122 2762 in
1151 2708 1396 2777 praesenti
1425 2722 1585 2761 sensu
1608 2706 1835 2774 jactura:
1861 2706 2093 2776 propria:

527 2805 784 2875 quidquid
815 2813 896 2858 est
919 2803 1138 2858 obvium
1167 2801 1528 2869 culpantium.
1559 2799 1692 2853 Tres
1725 2798 1777 2852 bi
1805 2809 1963 2852 erant
2001 2798 2083 2850 fa-

523 2897 632 2950 cile
659 2894 931 2965 pviucipes
955 2892 1070 2962 ejus
1099 2891 1354 2961 temporis
1379 2888 1735 2945 medicorum.
1772 2888 2094 2942 l‘raecellens

525 2988 777 3042 nimirum
815 2985 926 3051 ille,
969 2983 1039 3038 de
1081 2996 1194 3054 quo
1223 2981 1491 3052 superius,
1523 2978 1781 3034 Nicolaus
1814 2978 2093 3046 Callicles,

1793 405 2018 465 ANN/E
2058 403 2361 466 COMNEN
2371 405 2434 465 ,Ε

503 532 806 602 excipiebat
847 531 1035 586 eadem
1096 525 1418 581 immensum
1479 525 1738 597 impetum
1801 525 2065 579 irruentis
2099 529 2138 584 Α
2171 525 2264 577 καὶ

3622 405 3742 471 ιεῡο

2903 527 2997 576 ἐπὶ
3024 524 3270 594 κεφαλῆς
3303 525 3734 594 συνεστήκεσαν.

2181 612 2306 685 Εἶχε
2344 618 2444 685 μὲν
2591 655 2608 670 .
2757 657 2771 671 .
2923 657 2937 672 .
3085 617 3352 688 ἀνδρεῖον.
3400 616 3515 670 Ἀεὶ
3531 620 3627 670 καὶ
3645 621 3752 676 τοῖς

2179 707 2488 777 ἔμπροσθεν
2517 707 2780 771 κινδᾷνοις
2818 749 2828 759 .
2928 747 2942 760 .
3096 747 3108 760 .
3263 746 3276 760 .
3428 745 3444 759 .
3595 707 3751 776 μάλι-

2181 815 2283 852 στα
2328 798 2474 850 δὲτὸ
2502 799 2758 868 τηνικάδε
2809 800 3124 868 ὴνδρῑσατο,
3171 801 3266 850 καὶ
3315 799 3393 867 τῷ
3438 799 3604 851 πάθει
3656 800 3750 868 τῆς

2179 889 2352 959 λύπης
2385 890 2875 961 ὲμὸρεμησαμένη,
2900 891 3144 958 εἱστήκει
3187 891 3440 958 καῦάπερ
3479 889 3746 956 disputo-

2181 984 2337 1052 νίκης
2376 984 2511 1053 πρὸς
2537 985 2635 1045 τὰς
2663 984 3005 1053 δριμυτάτας
3043 981 3262 1043 ὲκείνας
3289 981 3484 1043 ὀδύνας
3515 969 3753 1035 ἀντιπα-

2183 1074 2437 1130 λαίουοα.
2491 1075 2976 1146 Κατετιτρώσκετο
3029 1075 3126 1144 μὲν
3168 1074 3276 1142 γὰρ
3303 1073 3402 1142 τὴν
3442 1073 3627 1143 ψυχὴν
3673 1076 3761 1126 καὶ

2182 1168 2509 1236 ἐταράττετο
2565 1167 2664 1237 τὴν
2722 1166 2968 1236 καρδίαν,
3011 1166 3193 1235 ὁρῶσα
3241 1167 3334 1218 τὸν
3381 1167 3759 1236 αὐτοκράτορα

2181 1260 2354 1320 οὕτως
2378 1259 2591 1328 ἔχοντα,
2619 1258 2754 1310 ἀλλά
2799 1256 3101 1322 ξυνέτεινεν
3146 1258 3350 1324 ἑαυτὴν
3383 1259 3477 1307 καὶ
3529 1257 3758 1326 ὲνεκαρυ

2183 1351 2330 1420 τέρει
2381 1350 2514 1418 πρὸς
2555 1349 2622 1401 τὰ
2651 1349 2802 1401 δεινὰ
2853 1349 2947 1400 καὶ
2997 1348 3212 1416 ἐδέχετο
3265 1349 3360 1416 μὲν
3389 1348 3489 1409 τὰς
3529 1346 3760 1416 τρώσεις

2185 1442 2402 1510 καιρίας
2427 1442 2520 1494 καὶ
2544 1440 2608 1493 τὸ
2631 1439 2802 1501 πάθος
2833 1439 3012 1492 αὐτῶν
3041 1438 3352 1491 καθικνεῖτο
3381 1439 3490 1490 τῶν
3526 1438 3757 1508 μυελῶν·

2183 1535 2397 1603 ἀντεῖχε
2446 1533 2502 1585 δὲ
2536 1533 2708 1600 ὅμως,
2743 1530 2921 1584 καίτοι
2972 1529 3205 1583 ἀστακτὶ
3250 1529 3456 1599 ταύτης
3503 1530 3759 1600 κατέζίρει

2185 1627 2244 1677 τὸ
2271 1627 2526 1694 δάκρυον,
2557 1625 2651 1676 καὶ
2679 1623 2923 1691 τηκεδὼν
2947 1622 3212 1675 κατέλαϐε
3246 1623 3340 1675 τοῦ
3369 1623 3681 1692 προσώπου
3709 1626 3762 1676 τδ

2187 1715 2403 1781 κάλλος,
2431 1717 2524 1768 xal
2560 1717 2618 1768 ὲν
2657 1715 2802 1784 ῥισὶν
2845 1713 3147 1785 ἀπῃὼρητο
3193 1715 3294 1784 τὴν
3337 1716 3544 1784 ψυχήν.
3597 1716 3760 1767 Πέντε

2193 1810 2286 1862 καὶ
2314 1808 2546 1877 δεκάτην
2581 1807 2639 1860 δὲ
2681 1806 2778 1859 τοῦ
2807 1806 3122 1874 Αὐγούστου
3157 1806 3404 1874 ἄγοντος,
3435 1808 3674 1874 πέμπτη
3717 1807 3764 1859 δὲ

2194 1896 2261 1969 ἦν
2284 1900 2382 1967 τῆς
2412 1897 2714 1967 τηνικαῦτα
2760 1897 3056 1965 ἑϐδομάδος
3091 1898 3308 1966 ἐκείνης
3347 1896 3476 1949 καθ’
3506 1897 3577 1968 ἦν
3613 1899 3648 1967 η
3677 1898 3763 1965 τῆς

2199 1988 2577 2058 ὑπεραμώμου
2634 1989 2935 2057 Δεσποίνης
2977 1990 3073 2042 καὶ
3125 1989 3472 2058 Θεομήτορος
3512 1990 3764 2058 κοίμησις

2197 2081 2541 2151 ἑορτάζεται,
2586 2082 2799 2151 πρωϊας
2833 2080 3226 2149 ἐπαληλιφότες
3272 2080 3371 2149 τὴν
3398 2081 3653 2151 κεφαλὴν
3679 2079 3764 2132 τοῦ

2197 2174 2595 2244 αὐτοκράτορος
2650 2190 2798 2236 τινες
2853 2173 2961 2225 τῶν
3022 2171 3441 2240 Ἀσκληπιαδῶν
3467 2214 3483 2235 ,
3528 2173 3672 2225 ἄττα
3709 2173 3768 2240 δὴ

2193 2267 2406 2328 τούτοις
2453 2265 2650 2328 ἔδοξεν.
2686 2264 2918 2318 Ἐκεῖνοι
2973 2263 3072 2334 μὲν
3125 2265 3309 2317 οἴκαδε
3359 2261 3662 2334 ἐχώρησαν
3711 2265 3766 2316 οὐ

2200 2358 2399 2427 μάτην,
2430 2357 2552 2410 οὐδὲ
2606 2356 2696 2410 διά
2743 2372 2868 2408 τινα
2926 2355 3118 2424 χρείαν
3170 2355 3360 2417 αὐτοῖς
3406 2354 3763 2422 ἐπείγουσαν,

2196 2446 2330 2500 ἀλλὰ
2363 2446 2582 2513 γνόντες
2627 2447 2718 2498 τὸν
2757 2445 2817 2509 ἐξ
2865 2444 3132 2510 ὑπογυίου
3165 2441 3526 2511 ἐπικείμενον
3566 2443 3647 2514 τῷ
3679 2445 3768 2497 αὺ-

2196 2536 2487 2606 τοκράτορι
2537 2536 2784 2589 κίνδυνον
2811 2550 2826 2567 ·
2855 2537 3004 2604 τρεῖς
3043 2533 3144 2603 μὲν
3184 2535 3291 2604 γάρ
3325 2528 3469 2604 ἦσαν
3519 2537 3571 2587 οἱ
3617 2551 3771 2606 κορυ-

2197 2634 2347 2698 φαῖσι
2378 2628 2486 2681 τῶν
2508 2628 2734 2699 ἰατρῶν,
2778 2627 2804 2680 ὅ
2837 2644 2896 2678 τε
2929 2626 3214 2696 ὑπερφυὴς
3263 2626 3540 2688 Νικόλαος
3567 2629 3597 2680 ὁ
3631 2626 3768 2680 Kal-

2195 2715 2382 2783 λικλῆς
2413 2714 2508 2769 καί
2535 2732 2618 2778 τις
2647 2715 2832 2785 ἔτερος
2858 2713 3076 2783 Μιχαὴλ
3103 2715 3129 2766 ὁ
3158 2730 3270 2766 παν

2198 2807 2262 2859 ἐκ
2287 2805 2478 2874 γένους
2499 2805 2597 2876 τὴν
2620 2807 2936 2875 ἐπωνυμίαν
2964 2804 3146 2875 λαχὼν
3172 2807 3270 2860 καὶ

2196 2899 2346 2962 λιϐὸς
2375 2898 2596 2970 Μιχαὴλ
2629 2901 2657 2952 ὁ
2695 2897 2956 2965 ἐκτομίας
2979 2913 2995 2928 ο
3042 2900 3076 2970 η
3111 2898 3298 2968 μέντοι

2198 2992 2583 3054 κυκλώσαντες
2621 2991 2793 3061 αὐτὴν
2839 2990 3042 3053 παντὸς
3081 2991 3175 3045 τοῦ
3211 3008 3275 3044 συ

521 3091 575 3134 et
599 3079 738 3135 alius
765 3077 982 3148 quidam
1007 3073 1234 3128 Michael
1275 3072 1406 3127 Pan.
1443 3111 1456 3127 .
1495 3107 1511 3125 .
1546 3111 1562 3126 .
1597 3112 1613 3128 .
1652 3110 1666 3125 .
1703 3109 1717 3125 .
1757 3110 1773 3126 .
1803 3085 1868 3124 ex
1900 3083 2091 3140 genere

2197 3083 2600 3150 ἀναγκάζοντος
2669 3071 2998 3148 μεταλαϐἔῖν
3065 3081 3275 3150 τροφῆς

523 3178 935 3239 cognomentum
979 3175 1202 3231 nactus,
1233 3175 1309 3219 et.
1366 3203 1381 3218 .
1420 3203 1434 3218 .
1466 3205 1479 3218 .
1516 3201 1529 3218 .
1563 3201 1578 3218 .
1615 3200 1630 3216 .
1665 3203 1679 3216 .
1719 3200 1732 3216 .
1769 3199 1782 3215 .
1819 3201 1833 3216 .
1869 3204 1884 3218 .
1920 3201 1936 3216 .
1972 3203 1985 3218 .
2029 3201 2044 3215 .
2077 3201 2091 3215 .

2200 3174 2276 3242 μὴ
2308 3171 2686 3241 μεταλαϐοῦσα
2716 3174 2763 3204 δ’
2792 3173 2886 3224 καὶ
2919 3171 3085 3224 ὕπνου
3116 3171 3163 3205 ⁸⁸
3308 3209 3328 3227 .
3481 3213 3499 3227 .
3649 3193 3779 3229 συν-

528 3299 546 3319 .
584 3302 598 3316 .
632 3300 650 3318 .
688 3301 704 3316 .
745 3300 758 3314 .
804 3296 820 3313 .
871 3257 1096 3312 Micbacl
1145 3255 1449 3312 eunuchus.
1513 3252 1722 3307 Interea
1773 3251 2084 3322 frequentes

2197 3267 2341 3334 εχείς
2379 3266 2474 3319 καὶ
2497 3264 2624 3327 ὅλας
2657 3264 2858 3324 νύκτας
2881 3265 2969 3316 δια
2986 3264 3033 3297 ³⁸
3181 3302 3195 3316 .
3349 3302 3368 3319 .
3523 3304 3540 3318 .
3685 3267 3778 3318 ἐπὶ

525 3359 823 3422 Augustam
877 3349 1126 3405 ambiunt
1161 3346 1464 3410 domestici,
1517 3344 1876 3415 precibusque
1924 3355 2091 3413 agunt

2194 3359 2261 3428 τῇ
2296 3356 2565 3426 Θεραπεία
2614 3355 2708 3408 τοῦ
2746 3355 3014 3425 βασιλέως
3161 3395 3176 3410 .
3328 3394 3344 3410 .
3497 3357 3778 3410 ἐπείθετο.

525 3443 742 3506 inlimis,
773 3441 876 3496 sibi
907 3451 968 3494 ut
1003 3447 1213 3508 parcat,
1249 3451 1414 3505 seque
1464 3445 1617 3489 curet
1670 3435 2083 3504 aliquantulum.

2211 3449 2370 3501 Ἀλλὰ
2399 3448 2813 3519 λειποθυμήσας
2849 3449 2894 3480 ⁸⁷
3043 3491 3058 3505 .
3209 3490 3222 3503 .
3372 3485 3391 3504 .
3545 3453 3782 3518 γενημέ-

525 3535 861 3589 'l‘amdmlum
907 3531 1017 3598 jam
1057 3544 1178 3582 esse
1224 3543 1290 3581 ex
1319 3541 1426 3595 quo
1450 3541 1561 3579 nec
1590 3541 1842 3580 somnum
1879 3525 2093 3590 viderit,

529 3643 627 3682 nec
661 3627 840 3681 cibum
863 3621 1175 3690 sumpserit.
1194 3617 1359 3673 Cedat
1379 3618 1537 3686 justis
1556 3616 1843 3670 desideriis
1869 3629 2094 3682 uatum,

528 3736 628 3774 nec
657 3719 862 3774 cladem
895 3717 1020 3768 dum
1065 3711 1353 3783 prohibere
1384 3709 1602 3778 satagit,
1646 3709 1898 3778 geminet.
1951 3707 2097 3762 Nihil

526 3811 738 3866 interim
768 3805 1076 3876 imperatori
1109 3801 1436 3867 defuturum;
1462 3816 1583 3853 mox
1616 3814 1742 3854 vero
1771 3800 1942 3867 ipsam
1971 3815 2092 3853 cum

528 3902 744 3957 refectis
769 3901 974 3955 viribus
1009 3910 1197 3951 recens
1219 3896 1408 3960 aderit,
1438 3894 1621 3947 utilius
1650 3894 1748 3962 ipsi
1774 3895 2094 3961 obsequium

529 4005 868 4051 navaturam.
917 3993 1166 4048 Cesserat
1190 3990 1272 4043 bis
1304 3989 1541 4052 monitis,
1569 4004 1734 4057 seque
1767 3989 1829 4041 ad
1857 3991 2090 4057 quietem

527 4091 765 4156 Augusta
803 4091 1104 4153 receperat.
1139 4081 1300 4152 502
1335 4080 1530 4133 Verum
1562 4079 1916 4132 sollicitorum
1953 4081 2099 4134 leves

535 4190 587 4232 et
626 4177 782 4231 facile
829 4175 1084 4230 solubiles
1127 4174 1299 4226 somni
1338 4182 1482 4227 sunt.
1531 4170 1725 4223 Animo
1758 4170 1921 4240 linqui
1955 4171 2101 4224 visus

530 4273 822 4338 imperator
861 4275 1113 4320 curantes
1148 4272 1538 4318 cetnmoverat.
1587 4260 1725 4316 Hinc
1770 4271 1886 4316 orta
1935 4263 2102 4330 trepi-

529 4362 675 4415 tlatio
710 4360 862 4414 facile
913 4359 1138 4429 perculit
1185 4355 1585 4425 intperatricem
1623 4355 1760 4408 haud
1795 4356 1977 4423 procul
2010 4356 2102 4409 de-

530 4450 894 4515 cumbcutem,
927 4459 980 4502 et
1004 4462 1100 4518 per
1127 4461 1375 4515 s0porem
1406 4445 1668 4500 continuo
1714 4444 2098 4513 imaginantem

2197 3556 2291 3608 νης
2323 3539 2398 3606 τῷ
2431 3539 2797 3609 αὐτοκράτορι
2840 3541 3003 3592 πάλιν

2197 3630 2731 3699 ἀποκαραδοκήσασα
2753 3629 2853 3700 τὴν

3486 3559 3548 3594 το
3583 3541 3785 3610 ᾔσθετο

3465 3630 3637 3700 ζωὴν,
3654 3648 3689 3680 κ
3703 3647 3791 3680 ιτ-

2198 3721 2356 3773 ἐσαλέ
2394 3739 2456 3774 τε
2502 3722 2702 3793 ἑαυτὴν
2749 3723 2844 3774 ἐπὶ
2888 3720 2982 3772 τοῦ
3131 3760 3146 3776 .
3301 3763 3316 3776 .
3475 3762 3490 3775 .
3641 3720 3787 3774 sui»

2197 3810 2297 3862 κυέ
2323 3827 2382 3862 τε
2413 3811 2652 3880 συνεχῶς
2691 3813 2787 3864 καὶ
2823 3813 3124 3884 ὲπλήττετο

2199 3902 2285 3971 ἐφ’
2322 3903 2495 3964 οὕτως
2542 3903 2898 3973 ὲπιῦεϐηκὸσι
2953 3905 3167 3966 κακοῖς,
3202 3904 3298 3954 καὶ

2203 3993 2298 4062 μὲν
2315 3993 2515 4045 αὐτίκα
2537 3993 2635 4054 τὴν
2659 3993 2806 4063 ζωὴν
2828 3995 3136 4063 άπερεύξας

2199 4101 2328 4138 varo
2357 4083 2436 4136 δέ.
2467 4083 2526 4136 '0
2553 4084 2610 4135 δὲ
2635 4073 3102 4153 βασι).εὺς’καίτοι
3129 4087 3266 4138 οανα

2200 4176 2295 4228 καὶ
2317 4175 2875 4240 καταδυναστεύοντος
2902 4177 3066 4229 αὑτοῦ
3093 4180 3185 4230 τοῦ
3337 4216 3351 4230 .
3513 4219 3530 4231 .
3687 4195 3786 4246 περ

2201 4266 2464 4334 κρείττων
2493 4271 2587 4320 καὶ
2609 4269 2844 4322 Θανάτου
2869 4273 3163 4338 γενόμενος
3313 4310 3326 4324 .
3486 4309 3505 4324 .
3657 4273 3788 4336 ἐκή-

2201 4352 2321 4405 δετό
2349 4372 2408 4406 τε
2443 4355 2543 4423 τῆς
2578 4355 2898 4428 βασιλίσσης
2937 4361 3031 4411 καὶ
3176 4397 3191 4412 .
3347 4401 3362 4414 .
3520 4379 3657 4430 garo
3692 4362 3785 4427 τὴν

2203 4445 2456 4516 τοιούτην
2489 4447 2535 4479 ⁸⁸
2569 4449 2875 4518 ἀδημυνὶαν
2917 4452 2962 4482 δ’
2998 4469 3063 4520 με
3209 4491 3223 4505 .
3381 4493 3397 4508 .
3553 4455 3789 4520 Burni-

532 4564 792 4636 quidquid
844 4564 1064 4618 evenire
1126 4562 1367 4627 Augusto
1419 4566 1634 4629 poterat
1688 4557 1781 4610 tali
1837 4567 2098 4626 tempore.
2135 4562 2309 4624 Dnis,
2343 4571 2549 4628 potens,
2583 4566 2823 4631 graviter
2862 4563 3158 4631 increpavit
3213 4562 3362 4615 illam
3409 4565 3649 4634 impotet
3683 4566 3787 4617 iam

533 4658 816 4726 SuSpicata
848 4654 987 4723 quod
1018 4666 1102 4705 res
1130 4659 1248 4705 erat
1276 4651 1468 4717 surgit,
1496 4648 1746 4715 advolat;
1781 4648 1832 4700 in
1866 4648 2103 4717 deliquio

531 4758 769 4815 captum,
793 4745 933 4800 Vt'llll
976 4743 1027 4797 iu
1072 4743 1182 4811 jam
1215 4751 1484 4796 mortuum
1523 4754 1722 4806 corpus
1755 4739 1916 4792 irruit
1941 4782 1954 4806 ,
1991 4755 2107 4796 am-

532 4841 777 4910 plexibus
807 4847 968 4906 atque
998 4834 1198 4890 osculis
1233 4847 1471 4887 amorem
1508 4831 1858 4899 do'loremque
1894 4842 2101 4886 testan-

534 4937 696 4989 tibus.
726 4932 860 4986 Hinc
888 4929 1125 4997 eiulatus
1141 4927 1262 4995 plan
1280 4935 1525 4995 ctusque,
1557 4937 1619 4978 ac
1639 4931 1834 4978 caetera
1860 4925 1911 4979 id
1935 4939 2106 4994 genus

538 5023 790 5080 tuan-oris
831 5022 1026 5075 iudicia
1059 5018 1332 5090 ingentis,
1366 5028 1524 5085 atque
1554 5016 1686 5070 adeo
1713 5017 1868 5077 tanti,
1904 5023 1960 5069 ttt
1994 5031 2108 5068 ma-

534 5127 690 5172 trona
741 5112 897 5167 malis
933 5113 1108 5180 impar
1147 5117 1298 5163 tanta
1329 5107 1488 5162 simul
1521 5106 1816 5161 acerbitate
1854 5107 2103 5178 ingruen-

535 5208 697 5269 tibus,
727 5205 927 5274 justam
954 5201 1172 5256 oﬂ‘erret
1197 5197 1568 5268 spectantibus
1603 5198 1822 5252 timendi
1855 5213 2102 5265 causam,

533 5313 602 5353 ne
635 5295 832 5352 doloris
873 5291 1241 5363 magnitudine
1267 5290 1448 5344 statim
1495 5289 1810 5344 exanimata
1849 5292 2106 5345 concide-

532 5399 636 5445 ret.
692 5383 829 5442 Hinc
883 5385 972 5438 tali
1013 5393 1159 5438 Statu
1220 5382 1569 5450 conspicatus
1620 5381 1934 5450 imperator,
1977 5391 2106 5436 tunc

531 5478 874 5537 commodum
905 5478 1006 5533 sibi
1033 5475 1273 5531 redditus
1298 5489 1329 5529 e
1365 5487 1623 5546 syncope.
1665 5472 1718 5528 iu
1747 5469 1924 5528 media
1977 5473 2100 5528 licet

533 5581 728 5635 morte,
762 5570 951 5624 mortis
983 5576 1162 5622 tamen
1191 5577 1244 5622 et
1270 5565 1374 5630 sui,
1403 5564 1634 5634 vigentis
1666 5563 1896 5619 arbitrio
1931 5564 2099 5619 ratio-

2203 4655 2586 4708 ntmstitudinis
2636 4655 2946 4713 muliebris;
2986 4668 3189 4722 nosque
3222 4670 3326 4708 Ima
3367 4657 3608 4710 intuens.
3673 4669 3782 4715 me.

2203 4747 2512 4816 inquam,et
2545 4749 2702 4801 tertio
2730 4752 2964 4812 genitam
2992 4764 3303 4819 germanam
3335 4763 3518 4801 meam
3547 4750 3792 4816 Ponti-y-

2206 4835 2500 4902 rogeuitam
2554 4835 2844 4890 Etnlociam
2896 4836 3042 4907 (nam
3074 4836 3239 4889 Maria
3271 4851 3433 4890 soror
3460 4849 3655 4890 nostra
3687 4849 3791 4889 ter-

2207 4925 2302 4989 tia,
2334 4940 2441 4978 non
2477 4925 2566 4979 illa
2601 4935 2711 4979 tum
2737 4928 2956 4995 quidem
2984 4928 3191 4980 imitata
3223 4939 3474 4981 sanctam
3514 4929 3667 4981 illaut
3693 4928 3789 4981 sibi

2204 5017 2601 5085 cognominem,
2635 5018 2852 5071 sedebat
2885 5017 3039 5086 juxta
3070 5018 3232 5088 pedes
3262 5019 3368 5071 mei
3417 5019 3658 5079 domini,
3694 5017 3785 5069 scd

2204 5109 2348 5162 circa
2373 5117 2535 5176 caput
2562 5109 2866 5178 satagebat,
2903 5124 3097 5178 aquam
3131 5109 3410 5164 deﬁcienti
3448 5112 3782 5178 propinans,

2204 5215 2311 5254 non
2345 5201 2536 5268 poculo
2571 5202 2811 5269 vulgaris
2852 5201 3057 5267 l'ormte,
3087 5210 3142 5255 at
3172 5203 3280 5256 alio
3309 5203 3554 5271 quodam
3609 5202 3782 5255 inusi-

2206 5299 2329 5345 tatae
2376 5292 2561 5362 ﬁgura:
2610 5271 2835 5362 scyplio,
2877 5308 3034 5361 quem
3090 5293 3362 5363 cypellum
3420 5305 3631 5348 vocant
3665 5311 3683 5345 :
3711 5293 3783 5344 sic

2203 5381 2564 5446 conl'ormato,
2595 5393 2653 5434 ut
2701 5397 2797 5452 per
2826 5399 2948 5436 eum
2995 5392 3146 5437 trans
3195 5383 3543 5454 gingivarum
3599 5386 3784 5452 lingu:

2206 5487 2270 5526 ac
2296 5473 2455 5541 palati
2491 5484 2754 5528 tumorem
2783 5475 3004 5542 perduci
3043 5475 3109 5529 ad
3141 5486 3326 5543 guttur
3362 5479 3584 5532 aridum
3611 5477 3780 5544 liquor

2206 5565 2438 5633 posset),
2483 5564 2549 5619 ad
2591 5580 2710 5627 nos,
2761 5565 3020 5634 inquam,
3069 5568 3208 5621 duas
3254 5569 3397 5624 tilias
3431 5585 3560 5625 cum
3597 5579 3780 5626 matre,

1564 5678 1764 5741 Varia;
1807 5678 2116 5742 lectiones
2157 5695 2234 5741 ex
2260 5681 2400 5743 cod.
2433 5682 2697 5745 Coislin.

605 5781 650 5812 “
676 5779 1107 5851 μεταλαϐοὖσαν.
1218 5781 1262 5813 ⁸⁵
1286 5780 1452 5836 ὕπνου
1486 5777 1650 5842 τινός.
1681 5816 1696 5832 .
1735 5816 1751 5833 .
1778 5818 1794 5834 .

537 5855 581 5887 ⁵⁸
624 5851 941 5921 ἀδκμονίαν.

1925 5775 1972 5822 ‘9
2023 5775 2308 5834 διατελέσαι
2318 5778 2464 5834 σθαι.

2570 5780 3003 5853 ⁵⁷λειποθυμῑας
3065 5781 3330 5854 ἔσχάτης.
3448 5780 3783 5851 ⁸³τοιαύτῃ*-
