4022 6282
517 379 654 446 1ῗο3

515 588 570 640 in
616 584 948 640 cruciatibus
977 585 1388 651 acerbissimis;
1423 586 1571 642 illinc
1608 588 1977 642 eommoriens
1999 589 2082 644 eis

514 678 634 730 dem
693 687 887 741 mater,
943 690 1136 744 meque
1171 692 1276 744 qua
1307 679 1577 748 exemplo,
1609 695 1714 749 qua
1753 695 1940 735 amore
1997 681 2079 736 sui

513 769 760 823 eumdem
801 769 854 822 in
881 783 1070 822 casum
1101 779 1298 838 sponte
1331 770 1610 824 incitatam
1659 781 1909 830 tranens.
1933 773 2080 840 Quov

507 870 726 926 cunque
755 857 920 926 igitur
949 873 1036 911 me
1064 869 1354 924 verte-rem,
1389 862 1598 929 perdita
1619 865 1796 916 omnia
1823 881 1836 918 :
1871 865 2085 930 lataque

511 957 566 1002 et
597 949 908 1004 suavissimis
929 950 1146 1004 horrida
1171 952 1428 1006 fluctibus
1465 955 1630 1006 maria
1663 955 1805 1009 velut
1837 957 2080 1022 quaelam

510 1041 891 1094 occurrebant.
918 1041 1181 1108 Rapiebat
1207 1045 1274 1096 ad
1304 1059 1424 1098 sese
1456 1055 1634 1100 tamen
1667 1062 1860 1114 meque
1893 1047 2084 1116 attige-

511 1127 606 1180 bat
665 1129 766 1182 sibi
829 1127 996 1184 cladis
1047 1132 1159 1198 ipse
1226 1132 1345 1187 fons
1391 1134 1567 1188 omnis
1605 1137 1877 1190 emoriens
1909 1147 2080 1205 pater.

513 1217 668 1274 llunc
726 1220 995 1284 intuebar,
1070 1223 1214 1277 hunc
1243 1226 1548 1289 servabam,
1603 1226 1728 1282 huic
1779 1239 2081 1282 extremum

507 1309 621 1378 jam
676 1325 818 1378 aegre
877 1313 1178 1366 anhelitum
1215 1315 1448 1369 trahenti
1480 1329 1736 1372 constans
1761 1318 2081 1386 obsequium

513 1401 583 1464 pii
614 1402 902 1457 ministerii
937 1407 1419 1471 repraesentabam,
1447 1419 1642 1476 nempe
1675 1409 1718 1464 is
1749 1411 1916 1464 aliimi
1947 1411 2083 1465 deli-

509 1493 700 1559 quium
753 1495 804 1545 in
844 1509 1042 1548 novum
1090 1497 1273 1564 lapsus
1305 1499 1588 1568 satagendi
1633 1515 1854 1556 causam
1897 1503 2082 1565 dabat,

513 1600 638 1637 mox
693 1586 1045 1652 exspiraturi,
1081 1588 1132 1640 ni
1165 1601 1597 1659 succurreretur,
1627 1593 1864 1662 speciem
1895 1596 2084 1663 prtere-

515 1690 659 1728 reus.
691 1677 932 1730 Accessit
962 1679 1026 1730 ad
1053 1679 1430 1746 caputiterum
1461 1683 1784 1738 charissima
1825 1697 2082 1754 germana

513 1779 633 1818 mea
691 1765 1154 1838 Porphyregcnita
1213 1771 1400 1838 Muris,
1443 1784 1496 1828 et
1553 1776 1698 1844 quod
1755 1777 1908 1844 prius
1961 1789 2082 1831 cum

1803 384 2028 444 ANN/E
2063 383 2444 444 COMNENIE

515 492 844 550 miserabilis
877 492 1088 546 furendi
1117 507 1280 547 causa
1303 494 1434 550 hinc
1467 495 1706 550 animam
1733 511 1904 566 agens
1937 505 2084 566 pater

2196 495 2290 546 καὶ
2329 494 2429 546 οὐκ
2458 488 2604 560 εἶχον
2639 491 2724 543 ὅτι
2803 529 2818 545 .
2869 509 2913 544 ·.

3629 375 3760 438 12M

3000 530 3015 542 .
3095 507 3196 560 μαι
3215 491 3310 543 καὶ
3343 493 3416 562 πῆ
3444 489 3764 560 τράπωμαι,

2188 585 2372 654 ὁρῶσα
2401 584 2503 652 τήν
2553 597 2612 633 τε
2693 621 2708 636 .
2789 621 2802 634 .
2877 579 2943 633 δα
2989 581 3070 643 εἰς
3113 580 3206 632 τὸν
3259 581 3454 633 πόντον
3487 579 3762 647 ἐμϐεϐληο

2191 678 2362 746 μένην
2399 675 2510 728 τῶν
2549 672 2847 742 συμφορῶν
2871 688 2884 702 ο
2945 673 3040 725 καὶ
3077 671 3168 724 τὸν
3206 671 3596 741 αὐτοκράτορα
3647 675 3760 733 ταῖς

2191 767 2446 837 συνεχέσι
2520 805 2538 820 .
2615 805 2632 820 .
2719 803 2735 819 .
2816 805 2830 820 .
2911 805 2924 818 .
3001 766 3080 826 εὶς
3125 763 3426 833 τοῦσχατον
3479 764 3580 830 τῆς
3625 762 3764 830 ζωῆς

2188 859 2570 928 ἐλαυνόμενον.
2665 857 2830 910 Ἀλλὰ
2905 855 3002 908 καὶ
3078 892 3094 908 .
3191 896 3205 910 .
3283 889 3302 907 .
3395 895 3410 908 .
3487 855 3642 922 αὐτῷ
3721 855 3764 886 ⁵³

2188 951 2612 1023 ἑπιῤῥανθέντος
2637 949 2845 1020 ψυχροῦ
2874 950 2968 1002 καὶ
2993 948 3086 1001 τοῦ
3116 947 3223 1001 τῶν
3250 947 3420 1016 ῥόδων
3447 946 3764 1016 σταλάγμα-

2192 1063 2285 1108 τος
2356 1043 2508 1112 παρὰ
2545 1043 2640 1112 τῆς
2683 1042 2949 1111 φιλτάτης
2981 1041 3120 1110 ἐμῆς
3157 1040 3393 1110 ἀδελφῆς
3423 1039 3670 1108 Μαρίας,
3700 1042 3764 1093 τὶ

2187 1132 2330 1186 αὐτὰ
2371 1134 2466 1186 καὶ
2499 1133 2627 1200 περὶ
2671 1132 2782 1184 τῶν
2819 1129 2998 1184 αὐτῶν
3043 1131 3361 1200 ἐπέσκηπτε
3385 1133 3450 1198 τῇ
3506 1129 3760 1198 βασιλίδι,

2189 1225 2285 1278 καὶ
2323 1224 2492 1278 πάλιν
2529 1227 2611 1286 εἰς
2645 1225 2840 1292 τρίτην
2871 1222 3238 1290 λειποθυμῑαν
3275 1221 3576 1274 ἐνέπιπτεν
3655 1261 3671 1276 .
3745 1263 3760 1277 .

2285 1357 2297 1370 .
2379 1317 2474 1370 καὶ⁵
2524 1316 2862 1386 μετάστασις
2903 1314 3052 1380 ἔδοξε
3098 1315 3166 1383 τῇ
3208 1313 3462 1382 βασιλικῇ
3513 1313 3672 1386 κλίνῃ
3745 1351 3758 1366 .

2285 1449 2298 1462 .
2376 1407 2488 1460 τῶν
2519 1405 2668 1475 ἀμφὶ
2715 1405 2777 1458 τὺ
2818 1405 2982 1474 σῶμα
3019 1406 3232 1458 ἐκείνου
3273 1403 3613 1458 πονούντων.
3663 1407 3762 1456 Καὶ

2191 1509 2260 1564 με
2338 1536 2352 1550 .
2434 1535 2447 1548 .
2531 1535 2544 1548 .
2623 1495 2718 1546 καὶ
2765 1493 3189 1563 μετεστήσαμεν
3237 1495 3330 1546 τλιν
3377 1493 3764 1562 αὖτοκράτορα

2187 1588 2484 1654 κλινοπετῆ
2561 1627 2574 1636 .
2659 1625 2673 1638 .
2753 1625 2765 1638 .
2849 1586 3017 1654 μέρος
3064 1583 3257 1654 ἕτερον
3291 1583 3388 1636 τοῦ
3425 1585 3764 1652 nev-rogo?!»

2185 1679 2558 1750 οἰκήματοςεῐ
2589 1679 2690 1730 πού
2723 1694 2784 1746 γε
2863 1715 2879 1732 .
2971 1717 2986 1730 .
3066 1715 3081 1730 .
3160 1717 3176 1733 .
3256 1715 3272 1730 .
3349 1679 3397 1730 el
3442 1676 3766 1746 ἐλευθέριόν

2189 1789 2352 1842 τερον
2393 1771 2824 1825 ἀναπνεύσαντα
2869 1771 3007 1840 ἀέρα
3057 1771 3156 1838 τῆς
3219 1769 3301 1822 λει
3377 1809 3393 1824 .
3473 1805 3493 1824 .
3571 1769 3766 1836 (iugis;

509 1870 770 1910 successu
809 1865 1133 1924 tentaverat,
1169 1861 1418 1930 frigidam
1475 1865 1729 1932 inspersit
1757 1867 1945 1933 vultui,
1983 1868 2083 1922 eli-

2187 1865 2530 1929 ἀνενεγκεῖν.
2599 1861 2906 1914 ’Δπέϐλεπε
2953 1861 3063 1928 γὰρ
3095 1860 3156 1911 τὺ
3193 1860 3362 1929 μέρος
3400 1862 3590 1912 ἐκεῖνο
3635 1861 3764 1930 πρὸς

511 1961 852 2016 qumumque
889 1965 917 2004 e
951 1951 1095 2004 rosis
1156 1968 1374 2008 succum
1410 1955 1461 2006 in
1493 1971 1573 2021 os,
1607 1971 1662 2008 ut
1695 1959 1867 2026 prius,
1903 1958 2082 2012 instil-

513 2041 666 2094 lavit.
705 2041 802 2096 llic
853 2043 1002 2098 brevi
1043 2056 1321 2100 recreatus
1371 2046 1658 2102 intervallo
1713 2059 1888 2117 pater,
1918 2049 2082 2102 intui-

515 2139 709 2198 Iusque
739 2148 861 2198 IIOS,
887 2147 950 2186 ac
983 2150 1077 2203 pl'O
1106 2150 1202 2188 sua
1243 2145 1528 2189 constante
1555 2137 1618 2190 illi
1646 2147 1944 2192 extremum
1988 2153 2083 2192 NO"-

511 2223 610 2274 stri
667 2223 954 2288 cbaritate,
1015 2225 1235 2292 paribus
1299 2227 1586 2281 admodum
1625 2229 1802 2284 verbis
1853 2246 1972 2284 eum
2015 2231 2081 2284 its

514 2326 632 2378 qua:
672 2313 828 2379 paulo
859 2323 983 2368 ante
1017 2317 1320 2382 retulimus,
1361 2327 1590 2372 matrem
1637 2337 1840 2389 nosque
1875 2320 2082 2376 allocu-

517 2411 620 2464 tus,
657 2403 870 2456 tertiam
932 2406 982 2458 in
1016 2406 1372 2461 defectionem
1421 2408 1631 2474 incidit,
1667 2412 1752 2464 cui
1781 2414 2078 2466 remedium

514 2493 808 2548 mutatione
859 2497 1117 2562 cubiculi,
1149 2498 1610 2570 translationeque
1667 2503 1790 2558 lecti
1827 2519 2079 2572 quaeren-

511 2585 638 2638 dum
695 2602 958 2642 censuere
985 2590 1076 2657 qui
1131 2591 1276 2644 circa
1309 2607 1508 2660 a‘grum
1545 2594 1633 2646 tali
1691 2594 1811 2649 loco
1845 2599 2078 2663 positum

513 2675 796 2730 curabant.
825 2677 1342 2746 Transportavimus
1367 2679 1530 2750 igitur
1565 2683 1868 2752 Augustum
1899 2683 1950 2736 in
1983 2699 2078 2738 cu-

499 2768 605 2820 .hili
666 2785 826 2837 super
877 2787 987 2839 quo
1021 2773 1263 2840 jacebat,
1298 2775 1348 2826 in
1385 2785 1592 2844 partem
1637 2777 1862 2830 alteram
1899 2777 2079 2846 palatii

515 2861 752 2928 quinque
779 2862 1012 2929 fastigiis
1066 2866 1318 2935 insignis,
1348 2865 1400 2920 in
1429 2883 1538 2936 quo
1575 2877 1702 2922 tunc
1729 2869 2077 2923 versabatur.

513 2951 647 3004 Erat
679 2954 823 3008 enim
857 2939 946 3008 illa
972 2955 1136 3010 altera
1165 2971 1292 3024 pars
1317 2957 1383 3012 ad
1419 2957 1687 3016 salubrius
1715 2960 1944 3016 obversa
1971 2977 2081 3016 ce-

515 3044 666 3108 lum,
709 3049 1102 3114 septentriones
1153 3060 1440 3116 Spectans;
1495 3067 1593 3106 nec
1661 3063 1933 3120 portarum
1989 3063 2082 3110 aut

2185 1953 2414 2024 βορῤᾶν.
2451 1953 2562 2006 Καὶ
2599 1953 2883 2022 οἰκήματα
2919 1951 3158 2021 οὐδαμοῦ
3187 1947 3328 2021 ἦσαν
3369 1952 3464 2003 ὲπι
3563 1991 3582 2006 .
3663 1993 3676 2008 .
3749 1993 3763 2006 .

2185 2047 2380 2102 θοῦντα
2417 2048 2536 2108 ταῖς
2581 2045 2800 2116 θύραις.
2853 2043 2996 2098 Ἀλλ’
3041 2048 3067 2098 ὁ
3115 2046 3212 2110 τῆς
3261 2045 3544 2114 βασιλείας
3595 2046 3765 2099 6am-

2181 2155 2274 2209 χος
2319 2137 2396 2206 (8;
2443 2135 2770 2204 προφθάσας
2805 2135 3032 2206 ὑπεξῄει
3063 2137 3204 2208 πρὸς
3245 2135 3307 2188 τὸ
3357 2137 3764 2208 ἀποτεταμένον

2181 2229 2392 2297 οἴκημα.
2434 2227 2527 2278 τὸν
2573 2225 2666 2278 τοῦ
2715 2224 2981 2294 βασιλέως
3033 2226 3294 2292 ἐπιγνοὺς
3339 2227 3479 2278 ἀναν
3559 2267 3576 2282 .
3659 2268 3673 2281 .
3745 2265 3762 2281 .

2181 2319 2276 2370 καὶ
2310 2316 2616 2370 ὲπέσπευδε
2659 2315 2761 2387 τὴν
2799 2316 3100 2381 ὲξέλευσιν.
3155 2317 3265 2368 Καὶ
3313 2317 3580 2383 ἐπείγετο
3655 2356 3670 2372 .
3743 2355 3760 2370 .

2391 2408 2534 2478 μέγα
2605 2407 2895 2461 παλάτιον.
2956 2407 3023 2460 Ἦ
3084 2407 3240 2470 πόλις
3287 2407 3342 2459 δὲ
3401 2407 3464 2460 τὸ
3509 2409 3762 2478 τηνικάδε

2186 2543 2200 2556 .
2281 2541 2295 2554 .
2373 2541 2386 2554 .
2466 2539 2482 2553 .
2563 2538 2578 2550 .
2657 2539 2672 2552 .
2748 2498 3029 2570 ἐταράχθη
3097 2501 3232 2569 γὰρ,
3301 2499 3360 2550 οὗ
3417 2499 3629 2568 μέντοι
3673 2499 3761 2552 καὶ

2184 2595 2537 2648 παντάπασιν
2613 2630 2628 2646 .
2710 2634 2724 2648 .
2811 2633 2824 2656 ,
2902 2593 2936 2661 ή
2969 2590 3025 2643 δέ
3064 2607 3128 2659 γε
3167 2589 3387 2660 βασιλὶς
3415 2591 3672 2664 ὲρῤίφθω
3699 2591 3762 2645 τὰ

2185 2685 2366 2738 πάντα
2423 2685 2516 2736 ein:
2589 2721 2606 2736 .
2689 2720 2705 2736 .
2798 2723 2815 2738 .
2905 2719 2924 2738 .
3015 2719 3032 2737 .
3125 2723 3139 2736 .
3218 2681 3465 2736 κοκωτοῦ
3531 2684 3601 2746 ⁸⁵,
3673 2684 3760 2736 καὶ

2182 2777 2418 2844 διάδημα
2464 2777 2560 2828 καὶ
2610 2774 2864 2846 βασιλεία
2939 2813 2954 2828 .
3037 2813 3050 2830 .
3131 2812 3148 2828 .
3225 2777 3430 2844 κράτος
3471 2775 3624 2829 ἅπαν
3669 2779 3760 2829 καὶ

2185 2866 2366 2936 Θρόνοι
2397 2885 2454 2920 τε
2498 2870 2592 2920 καὶ
2628 2867 2798 2938 ἀρχαὶ
2873 2905 2890 2922 .
2971 2905 2986 2920 .
3067 2905 3082 2919 .
3159 2865 3488 2936 θρηνῳδὶας,
3525 2869 3761 2920 Suus-35-

2185 2955 2396 3010 κὼκυον
2448 2957 2503 3009 δὲ
2549 2957 2645 3010 καὶ
2723 2998 2736 3011 .
2815 2997 2832 3012 .
2911 2995 2927 3010 .
3007 2999 3020 3013 .
3099 2959 3592 3027 καταφρονήσασα.
3651 2958 3760 3010 Καὶ

2188 3048 2550 3101 συνεπένθουν
2646 3089 2662 3103 .
2759 3089 2774 3103 .
2877 3091 2890 3104 .
2983 3049 3077 3104 καὶ
3144 3049 3498 3115 ἐσπάραττον
3565 3049 3762 3108 ἑαυτὰς

515 3145 876 3194 astrnctarum
907 3141 1028 3202 ullis
1073 3143 1320 3198 obicibus
1339 3145 1534 3200 aedium
1559 3161 1620 3198 ac
1652 3145 1868 3200 molium
1897 3147 2078 3216 appul-

2186 3140 2375 3210 γοερὸν
2405 3140 2712 3210 ὰνοιμώζου
2789 3179 2804 3196 .
2885 3180 2900 3195 .
2981 3179 2997 3196 .
3074 3179 3091 3196 .
3170 3179 3184 3194 .
3261 3141 3340 3201 εἰς
3371 3139 3612 3208 δύναμιν
3643 3142 3764 3192 ἁνε-

515 3247 616 3288 sus
671 3233 722 3286 in
773 3247 894 3286 eam
941 3249 1087 3288 aurae
1119 3235 1352 3304 purioris
1401 3236 1807 3304 prohibebatur.
1859 3237 2077 3294 Interim

513 3337 643 3374 vero
685 3324 808 3376 dum
858 3339 952 3392 spe
985 3326 1278 3393 recipiendi
1325 3343 1354 3380 e
1404 3343 1542 3384 novo
1587 3329 1691 3384 isto
1722 3340 2083 3399 symptomatc

519 3413 860 3479 imperatoris
887 3417 938 3468 in
989 3431 1056 3470 eo
1095 3420 1512 3486 transportando
1547 3421 1930 3486 moliebantur,
1957 3437 2084 3478 suc-

497 3519 703 3558 .cessor
767 3507 974 3574 imperii
1009 3517 1188 3560 actum
1231 3509 1296 3564 de
1329 3509 1432 3562 vita
1495 3512 1799 3564 decessoris
1833 3513 1968 3566 satis
2000 3513 2082 3566 in-

519 3596 787 3665 telligens,
825 3598 963 3652 clam
1019 3599 1235 3666 elapsus
1286 3613 1352 3652 ex
1405 3600 1470 3656 iis
1521 3601 1728 3654 rudibus
1787 3602 1840 3656 in
1881 3603 2080 3672 quibus

516 3703 656 3757 aeger
693 3691 1046 3744 decumbebat
1077 3695 1370 3760 Augustus,
1404 3708 1656 3762 magnum
1697 3693 1956 3762 palatium
1989 3709 2085 3750 oc-

515 3795 718 3848 cupare
777 3781 1084 3838 festinavit:
1131 3783 1438 3838 admirante
1477 3783 1720 3852 quidem,
1755 3792 1808 3837 ut
1837 3783 2083 3852 aliquan—

517 3881 628 3926 tum
671 3881 962 3940 commota,
1011 3874 1210 3926 nullam
1243 3885 1418 3928 tamen
1455 3876 1558 3930 vim
1605 3877 1926 3942 expedieute
1950 3877 2084 3930 civi-

521 3973 650 4020 tate.
685 3964 807 4018 Fuit
839 3966 954 4020 Ιιιεο
977 3966 1158 4036 gravis
1187 3965 1428 4020 accessio
1447 3969 1512 4020 ad
1543 3983 1812 4024 aerumnas
1835 3969 2088 4037 Augns'a:

521 4057 747 4122 priores.
779 4055 960 4110 Palam
990 4065 1109 4110 erat
1140 4057 1243 4110 alia
1269 4059 1521 4128 deinceps
1545 4061 1597 4112 in
1632 4075 1812 4127 manu,
1845 4061 1967 4113 aliis
1992 4063 2088 4114 ad-

521 4147 939 4200 ministrandam
976 4147 1217 4202 consiliis
1245 4165 1550 4217 supremam
1595 4151 1708 4203 fore
1728 4160 2077 4220 potestatem,

523 4255 642 4294 sese
673 4255 795 4292 mox
825 4241 986 4295 simul
1021 4243 1317 4294 orbandam
1357 4244 1604 4313 conjuge,
1635 4243 1792 4298 simul
1842 4244 2089 4312 redigen-

523 4335 642 4386 dam
683 4336 734 4387 in
778 4335 1135 4399 ordinem;et
1172 4337 1449 4392 viduitatis
1501 4338 1699 4391 malum
1729 4353 1822 4408 per
1847 4351 1911 4393 se
1943 4337 2087 4391 into-
2131 4335 2134 4338 ’

2119 4455 2168 4515 D
2198 4427 2262 4481 do
2321 4437 2519 4490 tamen,
2572 4425 2842 4479 c'haritate
2897 4423 3083 4477 matris
3124 4421 3398 4477 admonita
3448 4427 3770 4479 continuari

520 4419 761 4486 lerabile,
826 4423 1100 4478 servitutis
1167 4440 1378 4492 queque
1422 4440 1492 4478 ac.
1535 4435 1754 4482 mutata:
1806 4425 1986 4480 subito
2017 4441 2084 4480 ex

523 4527 735 4564 smnmo
762 4513 814 4565 in
839 4513 1080 4566 infimum
1104 4517 1428 4570 conditiOnis
1452 4517 1648 4570 damno
1679 4517 2088 4572 cumulandum.

523 4603 641 4656 Non
672 4603 783 4672 jam
819 4617 949 4670 ergo
985 4605 1158 4658 virum
1213 4607 1385 4660 solum
1419 4607 1614 4662 afﬂicta
1656 4609 1800 4662 luctu
1853 4608 2091 4678 Augusta

481 4683 488 4686 ”
526 4693 864 4766 deplorabat,
895 4697 986 4750 sed
1021 4697 1306 4765 imperium
1349 4709 1604 4766 prazterea
1643 4715 1706 4754 ac
1735 4700 2092 4768 principalem

523 4785 942 4854 auctoritatem;
979 4788 1280 4857 harumque
1305 4803 1482 4861 rerum
1513 4789 1744 4861 insignia
1777 4805 2092 4858 purpuram,

526 4879 794 4942 diadema,
847 4879 1080 4944 solium;
1115 4889 1246 4948 quot
1275 4887 1583 4947 quantaque
1628 4891 1942 4950 argumenta
1979 4896 2086 4934 non

525 4973 1028 5040 reprehensibilium
1071 4973 1476 5042 lacrymarum!
1535 4971 1696 5045 505
1761 4973 1946 5043 Itaque
2001 4974 2088 5026 illa

526 5061 839 5130 indulgente
889 5062 1060 5115 dolori
1098 5061 1266 5128 justo,
1295 5063 1608 5131 nullumque
1665 5080 1768 5116 non
1828 5065 2089 5119 indicium

529 5154 755 5206 ειη-οηιί
817 5154 1068 5206 maeroris
1123 5154 1351 5220 ejulatu,
1407 5152 1556 5218 ﬂetu,
1613 5156 1850 5222 planctu,
1918 5156 2093 5224 palam

481 5247 740 5310 ,cdente,
803 5245 1236 5299 obseeundabam
1300 5261 1399 5315 ego
1454 5261 1672 5316 quoque
1731 5249 1784 5301 in
1835 5248 2094 5302 omnibus

440 5367 449 5378 -
527 5343 766 5400 strenue,
793 5349 1166 5403 praeeramque
1194 5336 1361 5390 choro
1407 5340 1738 5405 gementium
1770 5337 1892 5391 altis
1919 5340 2096 5406 suspi-

473 5431 478 5434 ’
525 5426 647 5488 riis,
689 5439 978 5495 comasque
1005 5441 1222 5481 mecum
1259 5441 1324 5482 ac
1363 5436 1544 5482 vestes
1577 5429 1626 5480 vi
1655 5429 1858 5482 deteris
1885 5429 2094 5483 (ἥδοιτο

2183 3234 2502 3303 λαυνόμεθα
2557 3233 2763 3304 ταύτην
2827 3236 2920 3286 ἐπὶ
3017 3274 3031 3289 .
3123 3271 3142 3290 .
3239 3273 3253 3286 .
3343 3233 3582 3302 σχάταις
3637 3234 3763 3286 ἀνα-

2183 3329 2373 3390 πνοαῖς
2408 3328 2435 3378 ὁ
2471 3325 2731 3395 βασιλεὺς
2757 3321 2849 3397 ἦν.
2881 3326 2991 3380 Καὶ
3069 3365 3086 3382 .
3167 3363 3182 3380 .
3259 3365 3274 3380 .
3356 3327 3599 3405 γῷμενον
3629 3325 3758 3394 ἐψυ-

2181 3418 2448 3488 χορῤάγει
2508 3417 2643 3486 πρὸς
2703 3417 2768 3486 τῇ
2837 3415 3050 3488 κεφαλῇ
3141 3455 3156 3470 .
3245 3456 3260 3469 .
3353 3453 3368 3468 .
3451 3453 3467 3468 .
3563 3415 3666 3484 τῆς
3729 3413 3762 3483 ἡ

2185 3508 2398 3580 βασιλὶς
2428 3507 2658 3580 ἒρῤιπτο
2707 3507 2787 3560 ἑτι
2840 3507 3200 3576 ἀμπεχομένη
3279 3545 3296 3561 .
3379 3545 3391 3560 .
3479 3548 3492 3560 .
3577 3543 3594 3559 .
3675 3545 3692 3558 .

2184 3599 2279 3651 καὶ
2325 3600 2392 3650 τὰ
2437 3597 2722 3666 κακοδαφῆ
2776 3598 2821 3629 ⁸⁸
2872 3597 3064 3650 πέδιλα
3115 3597 3210 3648 καὶ
3243 3596 3378 3647 ἐπα·
3455 3633 3472 3647 .
3557 3633 3576 3648 .
3653 3631 3670 3646 .
3747 3631 3766 3646 .

2185 3690 2684 3756 κατετιτρώσκετο.
2740 3689 2850 3742 Καὶ
2911 3688 3011 3740 οὐκ
3064 3684 3210 3756 εἶχεν
3263 3686 3418 3748 ὅπως

2187 3783 2500 3854 φλεγμονὴν
2528 3782 2624 3849 τῆς
2659 3780 2912 3848 καρδίας.
2957 3779 3078 3833 Τῶν
3106 3779 3165 3831 δὲ
3243 3818 3259 3832 .
3339 3816 3354 3830 .
3435 3816 3450 3830 .
3536 3813 3552 3830 .
3631 3777 3774 3829 ὑπο-

2189 3875 2527 3946 στρέψαντες
2560 3874 2722 3926 πάλιν
2758 3874 2852 3925 καὶ
2900 3861 3098 3942 μικρὸν
3137 3874 3278 3938 ἑγκα
3355 3910 3370 3925 .
3453 3909 3469 3924 .
3559 3907 3575 3922 .
3655 3909 3676 3925 .
3757 3911 3772 3924 .

2187 3969 2485 4038 ἁπτόμενοι
2509 3967 2604 4020 τοῦ
2629 3965 2845 4038 καρποῦ
2877 3967 2971 4019 τοῦ
2999 3964 3281 4035 βασιλικοῦ
3313 3966 3346 4034 ἡ
3425 4001 3442 4018 .
3525 4003 3541 4018 .
3621 3965 3774 4016 ἐκεῖ-

2194 4061 2458 4128 peutium,
2509 4069 2562 4112 et
2610 4069 2798 4128 pectus
2830 4057 3242 4128 plangentium;
3287 4058 3422 4111 nihil
3465 4061 3624 4126 pensi
3656 4071 3770 4114 tum

2188 4152 2402 4220 quidem
2439 4151 2644 4205 habens
2701 4160 2792 4203 aut
2819 4149 3170 4220 philosophia:
3203 4149 3441 4203 rationes
3473 4161 3614 4219 quas
3643 4167 3774 4220 sug-

2187 4243 2407 4312 gerebat
2443 4243 2695 4304 auimus;
2751 4251 2843 4293 aut
2891 4239 3290 4294 admonitiones
3349 4241 3771 4309 intempestivas

2187 4337 2554 4390 moderatione
2587 4335 2637 4387 in
2663 4340 2862 4388 luctum
2893 4331 2981 4386 tali
3007 4333 3492 4401 praescribentium,
3515 4335 3770 4403 aliquan-

2197 4531 2315 4584 me;
2349 4516 2712 4582 conjunxique
2753 4529 2971 4583 operam
3030 4526 3150 4566 cum
3202 4513 3514 4567 astantibus
3565 4516 3630 4566 ad
3667 4517 3774 4567 Au-

2192 4617 2404 4678 gustam
2441 4621 2506 4661 ex
2561 4605 2916 4661 acerbissimo
2945 4605 3050 4659 isto
3075 4617 3312 4660 maerore
3356 4605 3540 4674 quoad
3585 4607 3774 4660 liceret.

2197 4699 2568 4753 recreandum.
2628 4699 2696 4753 At
2727 4713 2854 4753 ecce
2901 4697 3100 4752 frustra
3149 4697 3200 4750 id
3229 4698 3565 4750 conantibus
3598 4699 3774 4758 nobis,

2193 4791 2336 4843 oeuli
2397 4791 2640 4844 omnium
2691 4799 2960 4854 nostrum,
2994 4799 3052 4841 ut
3083 4787 3200 4842 fere
3247 4801 3474 4854 semper
3525 4799 3688 4840 erant
3727 4791 3774 4840 in

2200 4896 2360 4933 unum
2405 4881 2594 4936 intenti
2644 4881 3054 4950 deprehendunt
3109 4879 3414 4946 Augustum
3491 4891 3776 4934 extremos

2188 4971 2300 5038 jam
2331 4987 2474 5040 aegre
2497 4963 2766 5026 anhelitus
2803 4972 3038 5024 trahere.
3073 4969 3324 5023 Accurrit
3355 4969 3424 5022 ad
3467 4983 3633 5039 caput
3665 4969 3778 5024 Ma-

2193 5061 2271 5115 ria
2298 5075 2473 5126 soror,
2507 5065 2767 5116 consueto
2793 5061 2896 5114 sibi
2933 5057 3254 5123 ministerio,
3281 5059 3439 5125 quasi
3473 5069 3772 5126 exceptura

2192 5154 2484 5223 fugientem
2517 5153 2775 5206 animam.
2828 5151 3148 5220 lmperatrix
3183 5165 3316 5202 vero
3369 5151 3554 5219 regias
3593 5159 3774 5203 restes

2193 5244 2339 5298 humi
2384 5243 2596 5311 abiecta
2654 5244 2954 5304 lacerabat,
2997 5240 3325 5309 calceosque
3359 5242 3562 5294 rubros
3593 5251 3648 5295 et
3675 5255 3774 5294 ra:-

2190 5343 2301 5389 tera
2339 5335 2484 5388 velut
2533 5335 2648 5403 jam
2683 5332 2820 5387 falsa
2873 5331 3070 5386 indicia
3109 5331 3392 5400 dignitatis
3417 5335 3654 5401 perditae
3675 5335 3770 5388 sibi

2190 5427 2429 5481 avellens
2469 5427 2536 5480 ab
2567 5441 2686 5480 sese
2727 5425 3006 5493 jac‘t‘ahat;
3045 5430 3194 5476 tanto
3243 5433 3394 5478 iaetu
3429 5437 3686 5498 aestuque
3717 5435 3770 5478 ιι

1557 5533 1755 5600 Variae
1783 5537 2100 5600 lectiones
2129 5553 2210 5599 ex
2245 5539 2388 5599 cod.
2413 5535 2683 5599 Coislin.

603 5635 650 5666 ⁸³
674 5636 810 5704 ἀλλὰ
847 5637 940 5689 καὶ
975 5677 987 5688 .
1022 5675 1035 5690 .
1075 5673 1088 5688 .
1113 5638 1321 5702 ἐκεῖνος
1348 5639 1650 5708 ἀνενέγκας
1674 5640 1771 5711 τῆς
1800 5641 2063 5711 δευτέρας
2107 5640 2491 5708 λειποουμέας.
2514 5679 2532 5696 .
2571 5638 2742 5708 αὐτῷ.
2797 5639 2843 5670 ⁸⁸
2867 5639 3140 5696 κωκυτοῦ.
3211 5639 3260 5672 ⁵³
3283 5642 3638 5712 κοκτιοῆξιφῆ.

681 5721 684 5724 ’
1555 5731 1702 5795 Car.
1735 5731 2064 5794 Dufresnii
2097 5735 2193 5794 Du
2231 5731 2452 5811 Cangii
2503 5738 2692 5792 notae.

603 5826 679 5895 t8;
744 5831 784 5878 Ο
835 5827 940 5895 τῆς
965 5830 1284 5896 βασιλείας
1314 5830 1610 5900 διάδοχος.
1649 5831 1780 5888 Vide
1812 5831 2078 5888 Zonaram

2219 5832 2422 5896 Alexio,
2455 5839 2510 5888 ct
2542 5830 2786 5886 Nicetam
2823 5829 2878 5884 in
2911 5829 3140 5887 Joanne.
