4022 6282
298 425 434 490 1205

1526 424 1930 484 ALEXlADlS
1976 428 2119 486 LIB.
2158 430 2282 493 XV.

3378 440 3522 506 1206

295 545 387 598 θεν
433 540 541 592 τῶν
593 539 822 609 πληγῶν
867 540 964 609 τῆς
1018 537 1289 609 ἀρτηρίας
1366 578 1380 592 .
1458 579 1471 590 .
1553 579 1569 594 .
1649 578 1662 593 .
1745 582 1758 594 .
1838 579 1853 594 .

1965 555 2028 594 ne
2065 543 2320 597 membris
2350 544 2561 612 quidem
2595 547 2710 601 Suis
2759 548 2870 614 ipsa
2924 559 3085 619 atque
3127 554 3354 607 artubus
3403 573 3524 623 par-

297 637 471 705 ὅμως-
509 633 695 702 μέντοι
757 631 1218 701 κατειρωνεύοντο
1266 631 1358 684 τοῦ
1415 632 1630 702 καιροῦ.
1683 634 1791 685 Καὶ
1822 635 1856 703 ἡ

577 763 590 776 .
671 725 762 774 καὶ
795 721 1137 775 ὑπετείνοντο
1159 723 1256 784 τὰς
1281 722 1356 793 μὴ
1390 723 1723 792 φαινομένας
1751 741 1855 793 χρη

577 855 592 868 .
674 815 856 875 πίδας.
904 813 1078 866 Τοῦτο
1122 813 1178 866 δὲ
1217 816 1445 885 προνοίᾳ
1482 815 1590 868 τινὶ
1639 813 1857 866 ἐποίουν

295 923 429 974 γινω
506 946 520 960 .
598 942 616 958 .
695 942 710 958 .
787 903 1016 973 ὅτιᾶμα
1047 907 1112 975 τῇ
1139 904 1680 975 ἀπαγορευούσῃτῆς
1712 903 1859 972 ζωῆς

294 993 388 1046 τοῦ
437 993 704 1063 βασιλέως
774 993 1212 1046 συναποπνεὺσει
1269 995 1364 1046 καὶ
1405 995 1438 1062 ἡ
1488 993 1699 1062 βασιλὶς
1758 992 1856 1062 τὴν

296 1084 492 1154 ψυχήν.
537 1083 679 1137 Ἀλλ’
723 1086 754 1154 ἡ
792 1085 1049 1154 νουνεχὴς
1097 1086 1286 1152 ἐκείνη
1322 1084 1613 1154 βασίλισσα
1647 1085 1857 1146 τούτοις

293 1173 418 1226 οὗτε
449 1174 732 1227 πιστεύειν
761 1174 884 1227 οὒτε
936 1177 1188 1229 ἀπιστεῖν
1231 1171 1398 1245 εἶχεν.
1439 1175 1721 1228 Ἐπίστευε
1759 1175 1856 1245 μὲν

295 1265 546 1334 τεχνίτας
593 1268 794 1330 αὐτοὺς
842 1267 1010 1321 πάλαι
1061 1267 1430 1334 γινώσκουσα,
1474 1267 1782 1320 διαπιστεῖν
1813 1267 1858 1320 δ’

299 1350 441 1425 εἶχεν
485 1357 567 1408 ὅτι
599 1357 692 1408 ἐπὶ
736 1357 899 1426 ξυροῦ
935 1359 1116 1428 ἀκμῆς
1149 1359 1215 1411 τὰ
1248 1358 1346 1427 τῆς
1390 1360 1531 1426 ζωῆς
1576 1358 1669 1410 τοῦ
1702 1359 1858 1410 αὐτο-

297 1448 563 1517 κράτορος
617 1449 886 1518 ἑστηκότα
939 1449 1107 1516 ἐώρα.
1177 1450 1598 1520 Ἐπὶτρυτάνης
1647 1447 1702 1502 δὲ
1750 1444 1860 1502 οἷον

299 1539 583 1608 ἑστηκυῖα,
645 1543 724 1603 εἰς
797 1543 895 1611 ἐμὲ
952 1541 1215 1605 πολλάκις
1269 1540 1570 1612 ἐνητένιζε,
1621 1543 1716 1594 καὶ
1768 1540 1860 1592 τὸν

297 1631 427 1702 ὲμδν
476 1634 770 1702 περιέμενε
820 1635 1072 1703 τρίπουν,
1105 1632 1180 1695 ὡς
1231 1633 1460 1700 σύνηθες
1489 1629 1555 1701 ἦν
1588 1634 1724 1700 αὐτῇ
1758 1633 1860 1685 κάν

295 1729 404 1787 τοῖς
432 1725 619 1778 ἄλλοτε
659 1726 1027 1793 ξυμπίπτουσι
1055 1727 1461 1795 περιστατικοῖς
1481 1740 1496 1756 ⁶
1528 1725 1619 1777 καὶ
1651 1726 1679 1777 ὃ
1715 1742 1762 1776 τι
1793 1724 1859 1777 ἂν

1961 642 2128 699 ceret,
2163 648 2296 701 quos
2331 645 2503 690 tractu
2554 638 2862 694 inclementi
2896 642 3222 710 planctuque
3257 645 3518 711 hedebat;

1960 724 2094 777 adeo
2154 726 2354 779 nullum
2427 737 2685 783 extrema:
2735 734 3193 787 consternationis
3233 737 3519 790 omittebat

1960 814 2190 878 signum.
2230 816 2325 869 llic
2369 817 2486 883 ejus
2516 820 2864 874 miseratione
2903 823 3116 876 adducti
3147 826 3382 892 qu'dam,
3415 827 3516 876 liu-

1961 920 2085 972 gere
2119 909 2256 973 quod
2307 911 2612 978 optabatur,
2641 913 3013 982 aflirmareque
3073 927 3344 982 receptum
3382 935 3523 970 nunc

1961 1012 2176 1067 quoque
2208 1014 2238 1054 e
2276 1015 2509 1071 syucOpa
2551 1003 2851 1070 Augustum
2887 1023 2901 1063 :
2932 1006 3088 1075 cujus
3119 1007 3183 1059 ad
3232 1008 3308 1060 rei
3364 1008 3520 1060 fidem

1964 1093 2284 1152 faciendam.
2327 1095 2415 1149 tibi
2442 1110 2644 1164 a'grum
2673 1098 2977 1151 accuratius
3001 1099 3519 1167 circumspexerant,

1963 1190 2049 1241 ubi
2090 1188 2410 1242 arteriarum
2434 1205 2600 1255 segne
2632 1189 2896 1242 micantes
2927 1189 3131 1257 pulsus,
3167 1205 3386 1257 carpunt
3422 1189 3526 1241 ἰηι-

1963 1281 2226 1350 peratoris
2280 1287 2720 1340 contrectantes,
2775 1279 3052 1331 attentiori
3115 1280 3528 1347 exploraveraut

1965 1378 2130 1432 tactu,
2164 1370 2266 1423 etsi
2299 1370 2476 1423 Omnia
2507 1367 2677 1436 pejori
2717 1382 2836 1420 esse
2865 1368 2981 1419 loco
3016 1369 3301 1431 sentirent,
3349 1377 3526 1418 tamen

1963 1469 2016 1514 et
2083 1459 2228 1514 vultu
2281 1470 2335 1514 et
2372 1459 2535 1513 verbo
2587 1457 2977 1512 denuntiabant
3020 1458 3252 1511 laetiores
3292 1472 3438 1524 spes,
3477 1466 3531 1510 et

1961 1561 2148 1605 contra
2203 1567 2360 1620 quam
2410 1553 2560 1619 signa
2617 1551 2794 1604 Omnia
2865 1551 3127 1613 ferebant,
3166 1550 3262 1617 ipsi
3321 1549 3440 1602 fuco
3476 1557 3529 1601 ct

1962 1643 2105 1707 dolo,
2138 1651 2194 1695 ut
2229 1645 2513 1710 putabant,
2543 1641 2656 1710 pio,
2687 1642 3110 1711 perseverabant
3147 1640 3370 1692 meliora
3399 1654 3525 1707 por—

1963 1735 2107 1789 tendi
2134 1735 2333 1800 omnia,
2376 1750 2480 1801 quu
2525 1734 2821 1801 Augustam
2853 1731 3012 1784 simul
3041 1731 3181 1783 hami
3217 1729 3376 1781 dubie
3399 1742 3519 1778 eum

298 1816 430 1885 αὐτῇ
490 1815 926 1884 ἁποφοιϐἀσαιμι
975 1816 1299 1887 προσεδόκα.
1354 1816 1418 1867 Ἦ
1474 1816 1571 1884 μὲν
1615 1815 1719 1884 ἐμὴ
1769 1815 1857 1868 δέ-

1965 1829 2287 1895 imperatore
2345 1827 2684 1888 morituram,
2731 1823 2831 1875 nisi
2885 1837 3006 1875 eum
3064 1821 3275 1890 lugendi
3330 1829 3520 1874 mstum

300 1924 491 1959 σποινα
545 1907 638 1958 καὶ
666 1909 894 1974 φιλτάτη
927 1908 1035 1960 τῶν
1086 1907 1329 1976 ἀδελφῶν
1378 1907 1588 1974 Μαρία,
1643 1907 1702 1959 τὸ
1762 1907 1856 1959 τοῦ

297 1998 485 2065 γένους
535 1998 694 2066 ἡμῶν
741 1997 1201 2067 ἐγκαλλιὶιπισμα,
1234 1999 1268 2066 ἡ
1312 1998 1562 2068 σταθηρὰ
1598 1997 1770 2068 φωνὴ.
1802 1999 1862 2052 τὸ

300 2091 517 2160 ἁπάσης
549 2088 756 2158 ἀρετῆς
811 2089 1181 2158 καταγώγιον,
1219 2090 1423 2159 μεταξὺ
1457 2091 1555 2160 τῆς
1589 2090 1862 2161 βασιλίδος

298 2181 391 2234 καὶ
449 2181 544 2234 τοῦ
604 2181 1008 2252 αὐτοκράτορος
1073 2184 1336 2254 ἱσταμένη

298 2273 466 2325 αὑτοῦ
495 2273 755 2343 χειρίδιον
794 2274 1087 2328 διεκώλυεν
1123 2276 1295 2328 ἐνίοτε
1327 2277 1445 2333 τοῦ.
1477 2277 1568 2328 τοὺ
1654 2320 1666 2331 .
1747 2316 1760 2329 .
1843 2314 1858 2330 .

299 2363 435 2433 πρὸς
479 2362 570 2415 τὸν
625 2364 1010 2434 αὐτοκράτορα
1059 2364 1214 2435 ὁρᾷν.
1277 2366 1420 2433 Ἐγὼ
1471 2368 1527 2420 δὲ
1594 2367 1861 2421 ἐπέϐαλον

492 2489 504 2504 .
579 2451 680 2519 τὴν
727 2451 909 2514 δεξιὰν
961 2451 1038 2522 τῷ
1095 2455 1314 2524 καρπῷ,
1367 2455 1462 2508 καὶ
1507 2455 1606 2526 τὴν
1645 2457 1860 2528 κίνησιν

485 2579 500 2594 .
581 2543 698 2611 μῶν
738 2545 1242 2615 περιεσκοπούμην,
1284 2547 1384 2617 τὴν
1413 2547 1468 2600 δὲ
1497 2549 1599 2600 πολ
1678 2587 1690 2602 .

291 2633 692 2687 ἐπιϐάλλουσαν
752 2636 848 2698 τὰς
910 2637 1101 2704 χεῖρας
1171 2639 1236 2706 τῇ
1284 2639 1496 2709 κεφαλῇ
1579 2677 1592 2694 .
1677 2679 1692 2694 .
1772 2681 1784 2694 .

293 2724 468 2793 ψοσαν
503 2726 602 2794 τὴν
631 2727 968 2797 καλύπτραν.
1008 2730 1096 2782 Ἐν
1124 2722 1166 2796 ᾧ
1203 2728 1313 2800 γὰρ
1359 2727 1412 2784 εἴ
1487 2771 1501 2786 .
1583 2774 1596 2786 .

296 2813 395 2881 τὴν
453 2811 737 2884 βασιλικὴν
803 2816 1003 2884 ἐσθῆτα
1078 2835 1262 2887 peragi.
1340 2861 1353 2873 .

296 2906 516 2975 ἐπεῖχον
577 2906 768 2977 ῥώμην
825 2909 948 2962 τινὰ
1023 2945 1038 2964 .

296 2997 558 3064 σφυγμῶν
651 2999 717 3052 ⁸⁸.
792 3001 1155 3072 Ἠπατιῖ›μην.

291 3089 356 3141 οὐ
383 3089 489 3160 γὰρ
516 3089 676 3161 ῥώμη
733 3111 816 3155 τις
856 3088 924 3163 ἦν
980 3095 1042 3148 τὸ
1111 3099 1439 3167 φαινόμενον
1465 3119 1530 3168 με

1437 2861 1450 2874 .
1526 2825 1861 2889 τοσαυτάκις

1251 2953 1264 2966 .
1343 2914 1690 2984 μανθάνουσα
1753 2919 1861 2970 τῶν

1679 2773 1692 2787 .
1768 2737 1880 2800 καὶ,

1962 1936 2070 1990 quo
2123 1919 2303 1974 efferri
2340 1919 2817 1972 vehementissimo
2860 1926 3119 1984 cmperat,
3155 1915 3347 1968 melius
3403 1929 3528 1982 spc-

1964 2013 2136 2066 rando
2183 2011 2503 2074 remitteret,
2565 2010 2632 2063 ab
2695 2010 2863 2063 exitio
2914 2009 3164 2075 pnesenti
3223 2015 3525 2060 servarent.

1963 2107 2232 2162 Cancrum
2287 2100 2621 2171 imperatrici
2671 2114 2880 2153 summa
2915 2112 3130 2166 quoque
3157 2096 3211 2150 iu
3260 2097 3362 2148 ista
3403 2109 3524 2162 per-

1964 2197 2270 2251 turbatione
2325 2191 2530 2262 jndicio
2558 2191 2758 2253 utenti,
2790 2203 2894 2242 noo
2933 2188 3089 2255 plane
3137 2185 3411 2238 faciebant
3463 2185 3529 2232 li-

1962 2288 2107 2343 dem.
2137 2286 2512 2354 pendebatque
2553 2280 2671 2349 ejus
2696 2279 2908 2332 animus
2934 2279 2985 2330 in
3027 2275 3329 2344 aequilibrio
3367 2271 3529 2325 dubi-

1964 2378 2182 2430 tationis
2242 2376 2516 2443 quodam;
2554 2387 2681 2425 nam
2735 2371 2857 2424 hinc
2891 2369 3105 2435 quidem
3159 2363 3412 2418 movebat
3441 2379 3532 2414 au-

1961 2468 2186 2523 ctoritas
2212 2466 2494 2519 hominum
2520 2464 2706 2530 utique
2749 2461 3037 2521 artiﬁcum,
3066 2467 3121 2512 et
3147 2455 3384 2511 scientia:
3418 2468 3530 2505 me-

1962 2559 2120 2612 dendi
2169 2558 2538 2611 consultorum
2578 2552 2836 2609 :aliunde
2863 2559 3042 2603 tamen
3089 2563 3206 2601 esse
3239 2548 3529 2613 imperato-

1963 2667 2072 2706 rem
2109 2652 2159 2705 in
2198 2649 2458 2704 extremis
2491 2662 2577 2700 res
2609 2659 2849 2713 praesens
2882 2643 2994 2713 ipsa
3037 2639 3290 2708 oculique
3343 2636 3531 2701 loque—

1963 2747 2180 2799 bantur.
2207 2743 2261 2795 ln
2287 2741 2386 2794 hac
2409 2740 2781 2804 ambiguitate,
2808 2751 2892 2790 me
2917 2744 2975 2788 ut
3001 2734 3130 2786 alias
3151 2745 3293 2799 smpe
3316 2725 3532 2797 quando

1963 2835 2245 2889 dubitabat
2268 2834 2503 2894 intuens,
2531 2827 2810 2883 oraculum
2843 2825 3093 2879 videlicet
3127 2819 3476 2890 operiebatur
3501 2829 3531 2868 e

1966 2930 2175 2997 tripode
2209 2942 2327 2981 meo
2357 2941 2371 2978 :
2403 2935 2455 2979 et
2499 2921 2759 2992 quidquid
2799 2919 3212 2991 pronuntiarem
3247 2917 3531 2980 exspecta-

1963 3021 2053 3074 bat
2088 3019 2377 3072 creditura.
2439 3014 2555 3068 Tali
2620 3028 2799 3066 rerum
2858 3009 3091 3062 articulo
3134 3003 3348 3056 domina
3413 3012 3528 3050 mea

1964 3121 2208 3160 sororum
2240 3105 2370 3157 mihi
2397 3102 2719 3154 charissima
2750 3100 2946 3160 Maria,
2981 3098 3144 3149 decus
3172 3091 3348 3146 nostri
3369 3102 3532 3157 gene-

788 3184 1113 3258 ἀλλῖἐπειδὴ
1139 3189 1198 3241 τὸ
1248 3191 1345 3257 τῆς
1390 3193 1664 3264 ἀναπνοῆς
1721 3198 1862 3264 μέγα

1969 3198 2066 3261 ris,
2093 3195 2394 3251 constantis
2437 3192 2722 3258 virilisque
2776 3191 2925 3242 vocis
2959 3203 3024 3240 ac
3057 3183 3254 3238 mentis
3311 3182 3527 3240 mulier,

941 3298 1016 3347 μα
1069 3282 1432 3352 συνδιΐστατο,
1497 3287 1587 3338 καὶ
1648 3289 1716 3341 τὰ
1764 3289 1866 3358 τῆς

297 3367 573 3437 ἀρτηρίας
733 3409 746 3424 .
913 3413 929 3427 .
1103 3410 1117 3424 .
1267 3411 1282 3424 .
1434 3414 1448 3428 .
1597 3395 1656 3430 ευ
1667 3397 1860 3447 μωνος.

308 3459 590 3527 Ἀφεμένη
624 3461 676 3513 δὲ
714 3462 813 3528 τῆς
845 3463 1024 3531 χειρὸς
1059 3463 1152 3515 τοῦ
1186 3463 1715 3537 Σεϐαστοκρὰτορρς,
1771 3473 1867 3523 καὶ

304 3551 444 3620 πρὸς
503 3552 603 3622 τὴν
683 3554 936 3622 βασιλίδα
999 3556 1086 3608 διὰ
1235 3595 1250 3611 .
1400 3595 1414 3610 .
1563 3600 1577 3614 .
1729 3563 1862 3632 μένη

300 3643 464 3694 πάλιν
530 3645 796 3698 ἐπέϐαλον
867 3646 944 3716 τῷ
1015 3648 1215 3718 καρπῷ

453 3734 718 3799 Ἀλεξίαν.
765 3737 826 3791 ’11
866 3739 963 3808 μὲν
983 3739 1174 3793 ἔνυττέ
1213 3758 1280 3809 με
1325 3743 1586 3807 πολλάκις
1619 3747 1702 3798 ὅτι

1285 3833 1522 3902 δηλῶσαι
1537 3836 1603 3887 τὰ
1621 3836 1714 3888 τοῦ
1735 3854 1872 3905 σφυ-

1459 3925 1613 3986 αὗθις
1645 3927 1872 3998 ἡψάμην

1647 4021 1715 4073 τὰ
1768 4021 1871 4090 τῆς

1700 4151 1713 4164 .
1770 4130 1862 4165 τε-

299 3916 443 3986 γμοῦ
469 3919 535 3971 θ’.
582 3920 735 3973 Ἐπεὶ
763 3921 819 3975 δὲ

301 4014 397 4064 καὶ
454 4013 808 4068 ὑπενδιδόντα
867 4015 1009 4083 ἔγνω

299 4105 603 4173 δυνάμεως.
632 4107 742 4158 Καὶ
774 4107 851 4169 εἰς
880 4108 1148 4176 ἀσφυξίαν
1176 4108 1221 4140 ⁸⁷

301 4193 554 4248 λεώτατα
590 4197 658 4248 τὰ
689 4197 798 4250 τῶν
846 4197 1141 4269 ἀρτηρίων,
1189 4199 1363 4268 ἔγωγε

301 4315 442 4385 quod
538 4315 693 4369 facile
766 4317 818 4370 in
890 4317 1334 4385 significationem
1421 4321 1698 4375 latentium
1770 4325 1864 4377 ad-

302 4408 404 4460 huc
461 4408 511 4460 in
558 4423 700 4475 aegro
751 4423 972 4475 corpore
1035 4409 1320 4463 multarum
1383 4411 1576 4466 virium
1640 4414 1861 4482 decepta

303 4498 462 4568 505
495 4499 790 4566 rapiebatn.
823 4498 983 4568 Atqui
1008 4499 1282 4552 exhaustis
1305 4501 1459 4568 plane
1479 4501 1588 4569 jam
1611 4504 1860 4559 vitalibus

305 4590 570 4643 defectum
595 4589 970 4654 corpusculum
993 4589 1099 4642 illis
1123 4590 1326 4642 ultimis
1349 4595 1630 4647 conatibus
1653 4596 1859 4650 aerium
1897 4625 1940 4682 υ

297 4679 502 4734 ictuum
533 4695 637 4734 nou
670 4680 834 4734 ullum
858 4681 1070 4748 quidem
1101 4696 1252 4733 suum
1283 4682 1517 4749 vigorem
1539 4686 1862 4752 testabatur,

301 4774 392 4823 sed
431 4772 718 4838 aegerrime
743 4770 896 4839 longo
929 4772 1215 4825 intervallo
1251 4788 1345 4841 per
1372 4783 1443 4826 tot
1480 4776 1651 4828 morbi
1691 4792 1866 4830 moras

302 4870 593 4914 attractum
629 4861 873 4930 spiritum
903 4871 1012 4914 toto
1047 4871 1250 4915 natura:
1273 4863 1466 4930 impetu
1503 4867 1865 4933 reciprocans,

300 4955 654 5006 commotiore
691 4952 784 5006 illo
817 4953 1030 5021 vigebat
1068 4955 1246 5021 pulsu.
1284 4954 1483 5007 Tamen
1529 4968 1584 5008 ut
1616 4975 1735 5026 quac
1777 4975 1866 5012 cu-

303 5044 481 5111 pimus
522 5044 712 5098 leviter
733 5044 1022 5111 credimus,
1049 5045 1276 5099 lihcnter
1302 5045 1587 5114 loquimur,
1618 5050 1734 5103 laeta
1767 5068 1866 5120 ego

299 5144 410 5189 tum
441 5137 504 5188 ad
524 5143 762 5188 astantes
782 5150 950 5198 meos,
970 5134 1283 5204 Augustam,
1308 5145 1360 5189 ct
1383 5138 1864 5196 sebastorratorem

301 5227 622 5289 exclamavi,
677 5225 851 5278 salvas
896 5241 1016 5279 esse
1051 5242 1154 5292 res,
1208 5229 1607 5296 provocavique
1659 5231 1758 5298 ipsi
1809 5245 1869 5286 ut

306 5325 611 5383 tangerent,
677 5323 1103 5382 usurparentque
1165 5316 1362 5369 indicia
1421 5317 1644 5371 salutem
1703 5333 1868 5388 Spon-

303 5408 538 5461 dentium
574 5421 854 5460 venarum.
894 5405 1285 5478 Manumquin
1339 5407 1500 5461 etiam
1545 5407 1726 5478 'ipsam
1780 5427 1866 5466 se-

306 5495 693 5550 bastocratoris
745 5504 1010 5564 arreptam
1063 5508 1129 5547 eo
1187 5494 1400 5547 admovi
1451 5514 1464 5548 :
1517 5511 1579 5551 ac
1640 5509 1863 5555 matrem

309 5588 518 5644 victrici
548 5587 662 5658 jam
698 5585 890 5640 fiducia
916 5586 1204 5640 consolans
1238 5599 1454 5639 sume-re
1490 5588 1673 5656 utique
1713 5589 1870 5658 jube-

1964 3288 2313 3354 Omniumque
2345 3282 2676 3338 domicilium
2715 3280 2997 3340 virtutum,
3049 3277 3190 3328 inter
3224 3271 3530 3338 imperaui-

1965 3395 2081 3434 cem
2113 3389 2165 3431 et
2208 3376 2590 3444 imperatorem
2644 3372 2817 3424 media
2872 3381 3044 3430 stans,
3099 3379 3261 3418 manu
3297 3360 3524 3415 subinde

1966 3469 2286 3538 interposita
2317 3467 2554 3520 studiose
2585 3462 2854 3525 obstabat,
2879 3476 2946 3515 ne
2977 3458 3324 3527 imperatoris
3360 3453 3529 3506 mori-

1965 3563 2197 3616 bundam
2227 3559 2418 3614 facient
2453 3571 2677 3612 cernere
2701 3554 3011 3624 imperatrix
3050 3549 3139 3603 tali
3169 3543 3531 3601 exanimauda

1969 3655 2152 3725 Specie
2197 3661 2400 3723 posset.
2432 3651 2544 3721 Ego
2577 3664 2705 3702 vero
2759 3649 3072 3715 satagebant
3134 3639 3348 3693 interim
3375 3635 3530 3704 quasi

1969 3749 2034 3802 ad
2094 3747 2354 3799 indicium
2391 3742 2714 3811 captandum
2780 3739 2922 3791 unde
2961 3746 3281 3804 responsum
3319 3736 3528 3781 certum

1965 3838 2296 3907 expedirent.
2349 3835 2559 3887 Desine
2609 3845 2800 3885 manus
2851 3841 3089 3881 summos
3121 3822 3323 3888 digitos
3369 3830 3534 3883 carpo

1970 3928 2276 3998 languentis
2340 3925 2678 3994 applicabam
2735 3932 2900 3976 :tum
2969 3931 3186 3972 manum
3247 3922 3536 3976 utramque

1967 4021 2317 4075 admovebant
2370 4018 2529 4085 capiti
2581 4015 2820 4085 ejusdem
2875 4009 3068 4079 pilequ
3118 4022 3185 4060 ac
3237 3999 3537 4057 involucris

1971 4113 2244 4179 paulisper
2299 4111 2519 4164 nudato.
2577 4105 2730 4162 Sensi
2811 4105 2927 4158 haec
3008 4098 3213 4152 faciens
3295 4089 3536 4160 vegetio-

1971 4219 2058 4259 res
2115 4205 2255 4258 ictus
2339 4203 2554 4256 arteriae
2617 4199 2770 4269 quasi
2874 4192 3150 4250 robustius
3216 4185 3464 4242 micantis
3514 4201 3529 4237 :

1969 4325 2091 4380 bam
2118 4326 2365 4379 meliores
2390 4341 2534 4393 spes.
2569 4323 2703 4378 iiinc
2727 4337 2849 4377 cum
2877 4322 3069 4374 iterum
3098 4318 3282 4386 πιςτοιὶ
3311 4333 3535 4388 carpam

1971 4427 2365 4478 attrectassem,
2403 4418 2623 4485 pupugit
2656 4416 2701 4470 is
2735 4415 2910 4469 acutis
2940 4424 2994 4467 et
3039 4411 3249 4476 crebris
3304 4410 3529 4463 saltibus

1971 4511 2309 4578 explorautes
2343 4509 2559 4578 digitos,
2599 4517 2655 4561 ut
2683 4507 2938 4574 praeclare
2961 4505 3136 4559 adlmc
3160 4505 3372 4573 quidem
3406 4517 3536 4557 coo-

1970 4610 2137 4654 staret
2165 4601 2228 4652 ad
2267 4599 2546 4668 augurium
2602 4599 2712 4665 spei
2765 4607 2945 4650 motus
2987 4595 3198 4647 arteria:
3255 4592 3535 4646 micantis.

1973 4693 2169 4746 Verum
2211 4692 2351 4761 quod
2402 4691 2481 4754 hi,
2510 4699 2565 4744 ut
2623 4689 2757 4755 dixi,
2806 4687 3036 4742 extremi
3085 4697 3314 4738 conatus
3360 4691 3539 4736 essent

1969 4794 2174 4838 natura:
2209 4782 2342 4836 nihil
2385 4783 2495 4849 jam
2547 4783 2648 4835 sibi
2697 4781 2947 4835 facientis
2997 4779 3209 4845 reliqui,
3255 4777 3340 4828 ubi
3380 4773 3538 4826 tertio

1968 4890 2182 4926 manum
2231 4874 2470 4935 adhibui,
2522 4874 2865 4940 deprehendo
2910 4884 3036 4923 ecce
3088 4865 3325 4919 defectus
3371 4865 3534 4925 vires,

1970 4966 2306 5030 languentem
2341 4965 2549 5030 pulsum
2587 4976 2638 5016 et
2677 4978 2797 5015 iiiox
2831 4961 3085 5013 desiturre
3115 4957 3238 5007 vitze
3281 4953 3535 5019 reliquias

1969 5056 2188 5115 debiles,
2219 5069 2280 5106 ac
2333 5054 2436 5119 iam
2487 5060 2893 5106 evanescentes.
2930 5051 3186 5101 Percussa
3237 5059 3336 5112 ego
3394 5043 3535 5094 illico

1967 5148 2164 5200 indicio
2192 5143 2336 5197 fatali
2378 5143 2573 5197 demisi
2621 5151 2764 5197 mula
2813 5147 3012 5192 vultum
3073 5138 3124 5190 iu
3181 5147 3382 5190 terram
3416 5149 3537 5184 cer-

1968 5252 2128 5289 nnum
2161 5245 2211 5286 ct
2248 5233 2536 5301 pallidum;
2590 5233 2768 5286 subito
2813 5247 2906 5299 per
2937 5241 3135 5294 corpus
3185 5226 3298 5294 ipsa
3345 5225 3538 5278 cohor-

1968 5341 2180 5380 resrens
2215 5322 2433 5390 frigore.
2472 5323 2564 5375 Sic
2609 5323 2856 5374 manibus
2887 5319 2952 5371 ad
3004 5314 3192 5368 oculos
3262 5312 3536 5381 apprcssis

1972 5425 2114 5470 retro
2169 5413 2357 5467 abiens
2404 5413 2694 5479 lugebam;
2749 5425 2856 5478 quo
2911 5417 3083 5461 mater
3133 5404 3535 5463 animadverso,

1973 5504 2155 5557 statim
2185 5500 2311 5570 quid
2345 5510 2489 5551 esset
2523 5501 2596 5553 rei
2628 5499 2933 5570 pervidens,
2963 5496 3216 5550 nimirum
3252 5501 3310 5544 ut
3361 5490 3536 5544 salute

1976 5611 2036 5649 ac
2066 5607 2278 5647 summa
2327 5605 2504 5644 rermn
2557 5593 2925 5659 conclamata,
2978 5584 3365 5644 moderationis
3424 5583 3536 5652 jam

1331 5699 1536 5762 Varia)
1571 5703 1881 5769 lectiones
1914 5727 1986 5771 ex
2029 5707 2166 5768 cod.
2201 5703 2469 5767 Coislin.

341 5832 386 5873 5°
416 5826 694 5896 σφιγμῶν.
773 5825 815 5856 ⁸⁷
847 5824 1106 5892 σφιγμοῦ.
1182 5821 1225 5853 ⁸⁸
1257 5823 1574 5898 ὰσφινξίαν.
