4022 6282
245 372 372 436 1209

1484 380 1895 440 ALEXIADIS
1934 380 2003 440 Ll
2018 382 2082 445 Β.
2116 384 2241 445 XV.

3347 393 3485 460 1210

240 492 331 555 τὴν
361 485 765 557 ζωὶῥνέγραψα.
811 489 953 542 Ἀλλ’
1006 490 1105 544 οὐκ
1162 492 1313 545 ἐστιν
1360 492 1471 562 ἄρα
1518 495 1663 547 κατά
1698 494 1798 565 τὴν

1916 502 2059 555 rendi
2097 502 2219 565 fuit,
2251 503 2430 559 vivere
2463 505 2763 571 desinente,
2795 493 3146 576 perseverare
3191 522 3275 562 me
3305 517 3483 562 tamen

240 574 541 645 τραγῳδίαν
577 577 749 640 πάθος
783 578 881 630 καὶ
950 578 1204 652 ξυμφορὰ
1265 581 1529 650 θεήλατος
1575 579 1642 654 ἦς
1702 586 1804 636 οὐκ

240 668 301 720 ἂν
334 669 519 737 ἄχθος.
666 708 681 723 .
834 708 849 723 .
986 670 1149 740 οίμην
1205 669 1336 738 ἐγώ.
1393 673 1550 727 Οὖτω
1576 676 1684 744 γάρ
1738 691 1805 745 με

241 760 417 821 ὀΘεὸς
448 760 744 832 συμφορῶν
796 762 1049 829 μεγάλων
1109 762 1376 832 πεποίηκε
1439 766 1804 832 καταγώγιον.

252 852 624 920 Ἀπεσάλομεν
680 852 936 906 τοσοῦτον
994 855 1263 924 φωστῆρα
1324 857 1421 926 τῆς
1480 857 1809 927 οἰκουμένης

243 944 322 996 τὸν
355 942 533 1010 μέγαν
593 942 837 1007 Ἀλέξιον
888 945 981 996 καὶ
1128 984 1144 999 .
1291 986 1305 999 .
1449 986 1465 1001 .
1606 949 1718 1018 μὴν
1775 949 1807 1018 ἡ

242 1035 387 1105 ψυχή
434 1034 530 1088 τοῦ
586 1035 939 1104 ταλαιπώρου
1004 1039 1342 1108 ἐπετρόπευε
1410 1040 1640 1110 σώματα

542 1127 609 1196 6η
647 1128 740 1180 καὶ
772 1130 799 1180 ὁ
831 1128 1089 1197 μέγιστος
1120 1128 1334 1199 λύχνος.
1405 1133 1620 1186 Μᾶλλον
1670 1133 1727 1185 δὲ
1771 1135 1803 1202 ἡ

238 1220 533 1287 πάμφωτος
566 1220 750 1288 ἐκείνη
794 1221 1014 1291 σελήνη.
1053 1221 1126 1273 Τὸ
1174 1224 1317 1290 μέγα
1365 1224 1464 1293 τῆς
1514 1224 1807 1294 Ἀνατολῆς

239 1314 324 1362 καὶ
355 1312 573 1372 Δὺσεως
607 1312 839 1381 πρᾶγμα
867 1314 961 1365 καὶ
1007 1314 1198 1383 ὄνομα.
1242 1316 1304 1367 Ἢ
1350 1316 1557 1384 βασιλὶς
1587 1319 1805 1387 εἰρήνη.

240 1403 339 1455 Καὶ
484 1443 498 1457 .
649 1440 664 1455 .
809 1404 961 1473 ὦμεν
990 1408 1084 1458 καὶ
1114 1407 1206 1459 τὸν
1264 1408 1401 1475 ἀέρα
1468 1410 1804 1478 ὲμπνέομεν.

238 1488 362 1543 Ιίἷτα
413 1490 588 1546 ἄλλων
738 1533 753 1547 .
903 1530 920 1547 .
1067 1496 1251 1559 ἀλλοις
1269 1496 1461 1550 κακῶν
1482 1500 1803 1565 γεγονότων,

238 1583 325 1634 καὶ
360 1584 700 1653 πρηστήρων
738 1585 995 1654 μεγάλων
1030 1590 1473 1656 καταιγισάντων
1516 1593 1683 1659 ἡμᾶς,
1719 1590 1807 1643 ἐπ’

239 1674 361 1724 αὐτὸ
389 1674 448 1725 τὸ
491 1676 941 1743 κορυφαιοτάτων
964 1680 1009 1710 ⁷⁰
1037 1679 1145 1730 τῶν
1189 1681 1374 1733 κακῶν
1404 1684 1528 1735 [δεῖν
1551 1682 1642 1734 τοῦ
1668 1682 1803 1735 Καί-

241 1782 399 1832 σαρος
433 1765 665 1819 θάνατον

243 1856 374 1925 μεθα
404 1859 697 1921 τοσαύταις
729 1860 914 1912 κακῶν
954 1863 1327 1932 περιστάσεσι.
1385 1866 1538 1918 Μετὰ
1582 1867 1689 1935 γάρ
1728 1884 1809 1916 τι-

241 1966 330 2008 νας
352 1949 566 2017 ἡμέρας
602 1950 695 2002 τοῦ
739 1953 909 2005 κακοῦ
929 1954 1343 2017 δυναστεύοντος
1378 1959 1470 2009 καί
1500 1958 1594 2026 τῆς
1614 1957 1808 2028 τέχνης

243 2042 687 2109 ἀπαγορεύοντος,
714 2046 790 2106 εἰς
820 2045 1050 2112 πέλαγος
1080 2047 1573 2119 ἀθυμίαςὲμαυτὴν
1609 2052 1810 2119 διαερεί-

245 2151 326 2186 σα.
347 2137 459 2196 τοῖς
483 2134 624 2196 ὃλςις
641 2137 987 2204 ἠγανάκτουν
1012 2140 1166 2191 τοῦτο
1193 2142 1348 2206 μόνον
1378 2142 1460 2194 ὅτι
1491 2145 1582 2195 καὶ
1611 2144 1643 2213 ή
1664 2143 1805 2214 ψυχή

247 2242 340 2292 μευ
374 2228 549 2295 παρῆν
581 2228 639 2279 ὲν
664 2226 739 2295 τῷ
768 2228 1002 2295 σώματι.
1036 2231 1141 2282 Καὶ
1174 2233 1221 2282 εἰ
1250 2232 1324 2300 μὴ
1348 2232 1421 2295 ὡς
1457 2234 1631 2287 ἔοικεν
1662 2237 1760 2288 ἁδα
1792 2275 1806 2289 .

543 2320 627 2380 τὶς
650 2314 716 2388 ἦν
749 2320 780 2388 ἦ
815 2320 980 2389 ἄλλης
1032 2322 1177 2385 τινὸς
1246 2324 1459 2390 φύσεως
1521 2327 1811 2392 διάπλασις

689 2411 783 2463 καὶ
803 2411 1110 2477 ξενίζουσα,
1136 2412 1243 2465 κᾶν
1277 2414 1575 2485 ἀπωλόμην
1603 2417 1661 2468 εὐ

1019 2503 1252 2574 μυρίους
1299 2505 1567 2569 θανάτους
1602 2508 1811 2561 ἀπέθαο

245 2606 347 2643 νον.
389 2590 595 2662 Νιόϐην
633 2595 773 2662 μετά
798 2611 958 2646 τινων
1015 2597 1459 2666 τερατευομὲνην
1532 2598 1808 2667 ἀκούομεν

377 2722 391 2736 .
541 2723 556 2737 .
692 2725 705 2739 .
843 2686 924 2748 εἰς
955 2685 1105 2739 λίθον
1156 2687 1545 2756 μεταϐαλοῦσα
1566 2690 1652 2743 διὰ
1683 2690 1813 2741 πέν-

249 2770 335 2832 θος
486 2812 500 2826 .
631 2814 644 2828 .
789 2772 912 2828 εἶτα
936 2779 1032 2830 καὶ
1069 2778 1208 2847 μετὰ
1272 2781 1370 2847 τὴν
1418 2779 1653 2849 ἀμοιϐὴν
1714 2781 1812 2851 τὴν

248 2866 324 2925 εἰς
469 2905 484 2919 .
628 2866 793 2936 φύσιν
825 2869 1309 2939 παραπέμπουσαν
1356 2870 1416 2921 τὸ
1450 2870 1621 2934 πάθος
1677 2872 1813 2925 ἀοάο

375 2998 389 3011 .
428 2959 524 3011 καὶ
548 2960 626 3021 εἰς
650 2960 810 3026 φύσιν
834 2961 1161 3031 ἀναίσθητον
1186 2978 1199 2991 ·
1240 2960 1379 3029 Ἐγὼ
1400 2961 1448 3015 δ’
1485 2962 1592 3034 ἄρα
1625 2964 1720 3017 καὶ
1794 3001 1811 3017 .

554 3050 871 3122 μηθεστέρα
917 3053 1132 3118 ἐκείνης
1164 3054 1245 3105 ὅτι
1273 3055 1367 3105 καὶ
1407 3054 1547 3122 μετὰ
1581 3057 1679 3119 τὰς
1720 3073 1815 3124 με·

253 3157 437 3206 γιστας

246 3234 415 3299 οὕτως
443 3235 608 3307 αἱσθη
757 3275 773 3291 .
922 3274 938 3290 .
1086 3237 1191 3305 ἄρα
1213 3238 1351 3306 πρὸς
1383 3238 1591 3306 πέτραν
1609 3237 1816 3308 ἄψυχον

248 3328 379 3397 ἀμοι
528 3368 543 3383 .
694 3367 709 3382 .
850 3368 866 3383 .
1135 3327 1389 3396 ἀπορέειν
1417 3327 1671 3399 δακρύων
1688 3328 1817 3399 ἐμε-

244 3437 335 3472 νον
471 3459 487 3475 .
623 3457 639 3474 .
794 3418 1138 3491 ἀναισθήτως
1214 3418 1414 3487 ἔχουσα
1500 3420 1638 3491 πρὸς
1718 3421 1817 3484 τὰς

250 3510 538 3581 συμφορὰς
675 3551 690 3565 .
843 3554 857 3567 .
1006 3551 1021 3566 .
1170 3509 1409 3563 τοσαῦτα
1491 3512 1816 3583 ὑπενεγκεῖν

240 3604 390 3657 δεινὰ
442 3604 539 3658 καὶ
581 3605 662 3666 εις
828 3642 843 3657 .
993 3645 1008 3659 .
1157 3643 1172 3658 .

241 3695 548 3766 ἀνθρώπων
604 3694 994 3767 ἐπεγείρεσθαι
1060 3714 1153 3767 μοι
1232 3698 1485 3768 ἀφόρητα

547 3787 1042 3857 δυστυχέστερον⁷¹
1075 3789 1171 3842 καὶ
1229 3790 1321 3843 τὸν
1370 3791 1414 3821 ⁷¹
1463 3788 1565 3858 τῆς
1609 3789 1817 3857 Νιόϐης

861 3879 961 3948 μὲν
1009 3880 1171 3951 μέχρι
1229 3880 1381 3934 τοῦδε
1436 3881 1717 3949 φθάσαντα
1750 3881 1818 3934 τὰ

1363 3973 1575 4045 ἔληξεν.
1617 3975 1816 4044 Ἤρκει

1490 3606 1727 3659 παλάτια
1757 3606 1815 3672 ἐξ

241 3971 396 4025 ιεινά
477 3970 580 4040 τῆς

243 4063 334 4127 ἂν,
376 4062 461 4114 ἐπ’
497 4063 700 4130 ἀμφοῖν
730 4065 845 4115 τοῖν
891 4062 1018 4130 βασι

387 4153 479 4204 καὶ
505 4153 537 4221 ή
560 4151 655 4204 τοῦ
687 4152 965 4223 Καίσαρος
1026 4154 1288 4224 συμφορά
1331 4156 1426 4207 καλ⁵
1482 4154 1555 4207 τὰ
1588 4155 1814 4209 ἐκείνων

880 4249 1085 4317 ἠματα,
1123 4252 1205 4312 εὶς
1250 4248 1514 4318 ὲκτριὸὴν
1539 4248 1815 4318 ἡμετέραν

238 4334 465 4406 καὶτῆς
499 4336 682 4406 ψυχῆς
744 4336 966 4389 καὶτοῦ
1027 4337 1303 4406 σώματος,
1356 4338 1452 4390 νῦν
1526 4338 1581 4391 δὲ
1626 4337 1813 4410 ὥσπερ

239 4428 483 4497 ποταμοί
510 4444 657 4490 τινες
696 4426 756 4491 ἐξ
809 4426 1032 4495 ὑψηλῶν
1076 4429 1218 4496 ὁρῶν
1262 4428 1663 4498 καταρρέοντες
1710 4446 1812 4499 μου

1909 593 2284 663 superstitem,
2317 605 2369 649 et
2399 597 2451 649 in
2488 612 2714 650 numero
2740 598 3033 650 viventium
3083 614 3146 652 ex
3179 612 3243 651 eo
3272 596 3486 651 funesto

1911 694 2156 754 tempore
2189 686 2371 740 taudiu
2427 689 2677 743 censeri?
2711 690 2920 755 Quanto
2971 700 3082 741 erat
3139 690 3320 742 verius
3383 689 3488 743 uti-

1910 779 2118 847 liusque
2145 781 2419 849 exspirare
2443 796 2526 834 me
2547 798 2653 834 una
2686 797 2807 833 cum
2836 782 3486 850 parente,prodeuntique

1909 870 2026 939 ejus
2053 871 2246 924 animm
2288 886 2459 924 meam
2510 874 2760 925 comitem
2797 872 3091 939 adjuagrre
3126 889 3138 925 :
3169 873 3353 940 sicque
3394 887 3484 923 or-

1909 963 2092 1017 bitatis
2125 964 2259 1017 mala
2292 965 2441 1032 .lucri
2500 964 2718 1028 facere;
2776 979 2894 1032 qua:
2941 964 3118 1032 qualia
3172 973 3485 1031 quantaque

1911 1053 2091 1108 futura
2137 1070 2342 1119 essent,
2380 1057 2424 1111 si
2473 1056 2585 1123 jam
2641 1066 2752 1108 tum
2808 1056 2876 1108 ita
2928 1054 3241 1123 praesentire
3291 1070 3488 1121 prorsu-

1908 1143 2102 1212 giendo
2130 1145 2368 1211 potuisse
2393 1163 2449 1204 ιι,
2487 1146 2559 1197 uti
2603 1155 2789 1213 postea
2824 1144 3153 1212 experiundo
3202 1144 3482 1207 comperi,

1910 1234 2069 1303 plane
2101 1236 2338 1289 arbitror
2367 1235 2495 1287 tnilti
2533 1244 2659 1288 tunc
2693 1234 2931 1287 futurum
2978 1235 3141 1287 fuisse
3171 1234 3482 1302 optabilius,

1910 1326 2019 1378 alto
2048 1342 2113 1380 ex
2144 1326 2380 1380 culmine
2413 1326 2463 1378 in
2488 1341 2729 1393 pratceps
2761 1327 2942 1380 statim
2979 1326 3271 1393 perituram
3299 1325 3482 1393 dejiri,

1910 1426 2000 1470 aut
2027 1416 2189 1470 etiam
2220 1419 2384 1470 vastis
2416 1418 2698 1486 procellosi
2735 1420 2898 1470 maris
2933 1418 2996 1469 ad
3025 1426 3228 1469 certum
3259 1418 3481 1468 exitium

1911 1511 2295 1576 exportandam
2332 1511 2446 1562 dari
2479 1509 2753 1573 ﬂuetibus,
2811 1525 2972 1578 quam
3021 1510 3074 1562 in
3137 1524 3229 1564 eas
3279 1508 3480 1560 servari

1912 1595 2269 1657 calamitates,
2294 1612 2411 1663 quae
2445 1598 2603 1648 vitam
2643 1597 2834 1651 deinde
2864 1612 3037 1650 meam
3083 1600 3388 1650 universam
3417 1612 3483 1649 cx

1914 1685 2002 1739 illo
2032 1688 2422 1753 puncto’l‘atalis
2441 1704 2549 1739 orae
2571 1689 2863 1742 crudeliter
2882 1688 3128 1743 infestam
3155 1690 3480 1753 habuerunt,

1112 1771 1380 1842 λάθημεν.
1416 1775 1527 1825 Καὶ
1570 1774 1805 1843 τετηρή-

1919 1794 2042 1831 vere
2076 1780 2339 1848 siquidem
2375 1781 2748 1850 usurpaverint
2783 1781 2910 1835 illud
2947 1782 3011 1835 de
3055 1782 3315 1849 tragtedia
3350 1798 3363 1834 :

2059 1894 2190 1966 Qum
2222 1898 2418 1966 domno
2456 1914 2607 1951 rasus
2630 1941 2643 1961 ,
2683 1915 2899 1966 qumque
2930 1899 3006 1951 vis
3041 1899 3212 1965 major
3249 1898 3377 1951 solet

2058 1964 2372 2018 Mortulibus
2405 1984 2599 2028 creare,
2632 1964 2821 2020 (auctu
2849 1968 3062 2033 pertuli.

1918 2055 2025 2110 Deo
2058 2073 2249 2128 nempe
2292 2060 2461 2113 visunt
2491 2076 2802 2127 magnarum
2860 2076 2942 2113 me
2987 2059 3353 2148 calamitatum
3410 2057 3490 2108 di-

1917 2151 2218 2204 versorium
2252 2151 2397 2203 velut
2419 2152 2688 2220 quoddam
2721 2166 2783 2203 ac
2832 2147 3002 2218 quasi
3030 2150 3363 2220 gymnasium
3409 2147 3489 2201 fa-

1918 2256 2062 2295 cere.
2120 2241 2196 2293 En
2250 2243 2535 2296 amisimus
2589 2252 2795 2295 tantum
2850 2244 2950 2295 hoc
3007 2243 3267 2296 luminare
3325 2241 3490 2294 totius

1917 2333 2084 2395 orbis,
2106 2348 2357 2401 magnum
2384 2334 2652 2387 Alexium.
2672 2334 2827 2387 Orba!
2850 2334 3067 2388 familia:
3092 2350 3212 2402 quze
3245 2334 3486 2386 membra

1918 2426 2190 2493 colligeret
2219 2427 2553 2495 l'overetque.
2583 2437 2861 2493 supererat
2886 2427 3062 2479 lumen
3086 2426 3214 2479 illud
3232 2426 3487 2486 alterum,
3506 2438 3537 2459 ο

1918 2517 2001 2570 vel
2062 2517 2183 2569 luna
2239 2516 2416 2585 potius
2461 2519 2704 2585 quaedam
2768 2516 2927 2586 pleno
2980 2517 3253 2571 collucens
3336 2516 3489 2575 orbe,

1920 2610 2072 2663 lrene
2120 2608 2393 2676 Augusta,
2430 2609 2515 2663 illa
2551 2609 2787 2664 Orientis
2836 2609 3252 2677 Occidentisque
3299 2623 3387 2661 res
3436 2615 3492 2659 et

1921 2715 2049 2754 cura
2079 2702 2402 2765 communis,
2448 2716 2512 2756 ac
2554 2715 2751 2755 nomen
2805 2700 3005 2769 ubique
3054 2699 3487 2756 celeberrimum.

1920 2791 2047 2846 Haec
2080 2808 2295 2861 quoque
2323 2792 2520 2847 occidit
2555 2792 2749 2856 nobis;
2780 2800 2835 2847 et
2866 2791 3076 2846 iterata:
3114 2790 3238 2845 huic
3268 2789 3494 2858 jactura;

1921 2897 2203 2953 superesse
2239 2882 2428 2938 ferrea:
2462 2899 2526 2937 ac
2569 2882 2854 2952 plusquam
2906 2897 3014 2936 tere
3069 2879 3252 2935 solidae
3305 2893 3496 2949 possu-

1922 2992 2073 3041 mus;
2132 2976 2415 3044 adlmcque
2449 2989 2628 3030 aerem
2682 2977 2973 3041 Spiramns.
3025 2974 3165 3039 Quin
3223 2972 3385 3027 etiam
3424 2969 3490 3021 ad

1924 3065 2057 3119 alias
2090 3065 2374 3134 procellas,
2408 3066 2473 3118 ad
2503 3079 2673 3118 novos
2706 3064 2900 3118 ﬂuctus
2930 3064 3087 3131 longe
3133 3059 3495 3116 vehementis-

1080 3144 1190 3195 τῶν
1207 3161 1271 3196 συ
1281 3162 1389 3214 μφο
1397 3146 1505 3214 ρῶν
1526 3163 1592 3214 με
1602 3146 1812 3215 μὲνηκα

1922 3155 2109 3219 simos,
2141 3166 2305 3221 atque
2334 3153 2469 3207 adeo
2514 3154 2580 3205 ad
2636 3154 2829 3220 ipsam,
2881 3152 3145 3204 malorum
3197 3165 3490 3211 summum,

1919 3245 2151 3300 Cmsaris
2208 3254 2438 3299 mortem
2495 3242 2767 3314 rigiditate
2814 3241 3096 3311 plusquam
3148 3239 3493 3293 adamantina

1918 3336 2275 3394 duravimus:
2311 3334 2453 3404 quod
2484 3334 2731 3402 equidem
2769 3332 2861 3403 qui
2912 3331 3024 3386 lieri
3080 3330 3335 3401 potuerit,
3376 3330 3492 3399 ipsa

1918 3432 1969 3486 in
2008 3444 2112 3499 qua
2149 3426 2351 3481 factum
2377 3434 2483 3493 est,
2513 3425 2683 3479 miror
2708 3424 2975 3487 maxime;
3009 3437 3107 3476 nec
3144 3421 3327 3475 mirari
3357 3420 3493 3474 satis

1916 3537 2075 3594 queo.
2099 3519 2403 3587 Quomodo,
2424 3519 2663 3586 inquam,
2694 3532 2789 3586 per
2814 3525 2890 3572 tot
2910 3513 3294 3569 infestissimos
3319 3511 3493 3567 malo-

1918 3631 2036 3668 rum
2069 3612 2366 3683 ingentium
2400 3611 2650 3665 incursus
2676 3609 2899 3665 eluctari
2941 3609 3084 3663 hunc
3129 3607 3182 3660 in
3211 3607 3352 3661 diem
3412 3604 3494 3657 vi-

1918 3705 2091 3761 vendo
2118 3703 2447 3758 suﬂ‘ecerim.
2490 3700 2600 3771 Ego
2630 3716 2752 3771 quae
2779 3714 2884 3754 non
2915 3712 3110 3768 expers
3153 3710 3368 3757 sensus,
3392 3708 3494 3747 nec

1917 3796 1982 3849 ad
2018 3794 2220 3848 doloris
2249 3794 2468 3847 aculeos
2496 3790 2661 3846 hebes
2692 3805 2811 3845 esse
2845 3789 3015 3850 soleo,
3070 3798 3130 3841 ut
3160 3786 3241 3840 vel
3283 3785 3335 3838 iu
3357 3824 3363 3829 .
3389 3784 3495 3837 illis

1918 3885 2137 3957 probavi
2171 3884 2411 3949 casibus,
2440 3884 2654 3952 quando
2679 3896 2795 3938 arte
2843 3882 2988 3935 omni
3043 3896 3105 3933 ac
3150 3877 3493 3950 philosophia

1916 3991 2165 4039 excussa,
2200 3976 2450 4042 maloque
2484 3975 2639 4043 plane
2662 3973 3008 4043 praevalente,
3046 3986 3108 4025 ac
3140 3970 3304 4023 frenis
3357 3984 3494 4034 per—

1919 4064 2207 4119 turbationi
2257 4063 2518 4127 remissis,
2551 4063 2601 4116 in
2661 4063 2909 4117 mceroris
2942 4060 3213 4130 quoddam
3268 4057 3490 4126 pelagus

1918 4165 2050 4209 testu
2088 4153 2321 4208 tristitiae
2352 4153 2572 4223 abrepta
2601 4169 2686 4208 me
2732 4154 2874 4207 ultro
2917 4154 3088 4221 ipsam
3120 4150 3315 4219 abjeci,
3370 4166 3496 4217 per-

1919 4257 2043 4300 ttesa
2076 4246 2340 4310 omnium,
2394 4247 2560 4298 vitam
2615 4261 2827 4315 quoque
2876 4246 3046 4311 ipsam
3095 4258 3235 4313 πει-ο
3292 4242 3494 4309 ferens,

1917 4339 2219 4406 animasque
2301 4336 2591 4406 indignans
2652 4335 2768 4405 ipsa
2842 4350 3013 4397 meae,
3072 4336 3213 4401 quod
3291 4333 3491 4386 morari

1918 4429 2094 4481 adhuc
2142 4426 2433 4481 sustineret
2475 4429 2523 4479 in
2548 4442 2795 4496 carpere.
2850 4424 3140 4479 Enimvero
3190 4423 3292 4478 nisi
3350 4437 3498 4492 qua!-

880 4522 990 4574 σίτε
1011 4522 1079 4574 τὰ
1107 4522 1214 4573 τῶν
1238 4523 1670 4592 δυστυχημάτων
1702 4522 1812 4593 ρεύ·

1929 4521 2050 4574 dam
2111 4520 2481 4584 adamantina,
2542 4522 2625 4573 vel
2693 4520 2901 4573 fortiori
2961 4517 3140 4571 adhuc
3214 4525 3495 4585 c0u.pacta

236 4642 468 4696 materia
514 4650 717 4694 natura:
755 4654 886 4692 mea:
915 4639 1230 4692 constitutio
1281 4639 1439 4705 foret,
1466 4649 1675 4694 mortua
1699 4653 1819 4693 esse

228 4733 349 4801 jam
390 4733 586 4786 millies
610 4731 925 4785 debueram.
956 4728 1160 4783 Nioben
1198 4741 1251 4783 et
1275 4732 1536 4798 quosdam
1567 4732 1813 4785 audimus

235 4820 405 4890 507
455 4820 587 4873 alios
639 4834 669 4872 a
727 4818 1182 4886 compositoribus
1245 4818 1547 4873 fabularum
1604 4821 1810 4874 narrari

237 4912 447 4970 solere,
503 4907 872 4975 magnitudine
925 4907 1126 4963 doloris
1174 4916 1408 4963 mutatos
1461 4910 1512 4962 in
1561 4923 1812 4965 naturam

233 5000 508 5064 alteram;
543 4999 594 5052 in
628 4998 768 5052 hanc
794 5008 993 5064 tamen,
1021 4999 1148 5054 licet
1178 5015 1387 5053 cassam
1425 5016 1608 5065 sensu,
1641 5002 1815 5056 luctus

234 5091 660 5157 perpetuitatem
692 5090 773 5142 sui
813 5091 1210 5154 transmisisse;
1248 5105 1312 5143 ac
1347 5103 1633 5161 postquam
1668 5094 1820 5145 obri-

232 5185 472 5245 guerant
509 5176 632 5228 facti
666 5191 729 5229 ex
770 5176 1076 5229 hominibus
1104 5176 1327 5244 lapides,
1366 5188 1545 5231 tamen
1594 5180 1817 5232 vulnera

234 5268 452 5319 doloris
508 5268 711 5335 primi,
773 5266 1030 5336 lacrymis
1089 5267 1418 5335 perennibus
1474 5272 1821 5324 consuevisse

235 5361 454 5422 testari,
502 5359 614 5428 Ego
665 5366 821 5411 caute
873 5360 1065 5426 quavis
1116 5355 1377 5422 Marpesia
1435 5359 1640 5425 durior,
1702 5370 1867 5441 post.

239 5453 493 5519 parentis
522 5452 827 5515 utriusque,
877 5450 1103 5501 dttorum
1160 5448 1586 5505 clarissimorum
1641 5454 1818 5505 munis

234 5544 524 5598 memoriae
580 5540 927 5611 principum,
986 5539 1422 5595 lurtuosissimos
1470 5542 1652 5598 obitus
1708 5544 1813 5596 vita

1926 4635 2186 4691 incolumi
2225 4643 2520 4705 spectatos,
2564 4635 2724 4689 etiam
2755 4636 2820 4688 ad
2864 4634 3071 4689 cladem
3119 4633 3495 4703 perferendam

1920 4740 2043 4795 qum
2075 4740 2253 4779 meum
2294 4726 2422 4777 Inibi
2455 4723 2723 4779 Ctesarem
2754 4724 2974 4792 eripuit,
3013 4724 3295 4791 plusquam
3334 4735 3495 4775 saxea

1921 4816 2169 4885 perstiti:
2203 4831 2303 4870 nec
2333 4816 2474 4885 quod
2520 4817 2685 4870 tantis
2738 4831 2802 4869 ex
2843 4825 2947 4867 tam
2984 4814 3091 4866 alto
3138 4811 3496 4864 incidentibus

1924 4908 2157 4962 molibus
2188 4908 2451 4961 malorum
2493 4908 2674 4961 anima
2719 4907 2920 4975 pariter
2965 4915 3269 4969 corpusque
3319 4915 3494 4952 meum

1926 5015 2148 5067 prorsus
2176 4998 2371 5051 obtrita
2406 5012 2508 5050 neu
2539 5000 2668 5060 sint,
2702 5012 2918 5050 causam
2954 4995 3133 5047 dicere
3159 4992 3316 5043 aliam
3358 5005 3497 5058 queo

1924 5104 2123 5161 praeter
2174 5101 2446 5156 stuporem
2505 5087 2875 5142 incredibilem
2927 5094 2979 5140 et
3027 5100 3161 5153 pene
3227 5082 3499 5149 Vitupera-

1919 5185 2105 5246 bilem,
2144 5184 2196 5236 in
2224 5181 2376 5246 cujus
2404 5182 2549 5234 velut
2585 5181 2844 5234 ultionem
2894 5177 3040 5231 coire
3082 5189 3229 5229 nunc
3280 5188 3496 5241 quoque

1917 5290 2021 5329 non
2059 5274 2317 5326 desinunt
2370 5272 2492 5324 novi
2552 5270 2836 5325 conﬂuxus
2897 5266 3269 5322 calamitatum
3322 5263 3495 5314 maxi-

1919 5379 2145 5418 marum.
2181 5362 2312 5427 Qute
2347 5361 2564 5429 quidem
2599 5360 2749 5415 velut
2778 5374 2968 5413 amnes
2999 5353 3386 5409 torrentissimi
3425 5367 3489 5403 ex

1912 5455 2193 5508 altissimis
2224 5453 2492 5506 montibus
2524 5453 2575 5506 in
2614 5468 2787 5507 meam
2819 5452 3037 5505 domum
3067 5457 3125 5501 ut
3174 5446 3226 5500 in
3272 5442 3485 5509 voragi-

1922 5563 2109 5603 nosam
2147 5546 2380 5618 aliquam
2407 5544 2666 5600 corrivati
2694 5544 2996 5606 cavitatem,
3032 5554 3148 5594 eam
3179 5536 3395 5607 rapiunt
3414 5534 3492 5589 ic-

1270 5677 1476 5739 Variaa
1519 5679 1824 5747 lectiones
1865 5704 1939 5750 ex
1976 5688 2116 5751 cod.
2150 5683 2417 5747 Coislin.

313 5800 365 5834 ⁷ο
391 5801 837 5873 κορυφαιότατον.
913 5800 953 5832 τί
987 5796 1436 5869 δυστχυέστερον.
1518 5803 1562 5835 ⁷³
1591 5804 1721 5859 τῶν.
