4022 6282
228 357 364 423 1213

228 472 390 526 situm
453 472 725 530 interdum
781 476 976 546 signet.
1032 479 1088 533 id
1129 482 1373 536 cernitur
1409 482 1460 535 in
1507 482 1597 537 illo
1633 482 1808 552 Virgi-

229 563 280 620 lii
315 564 393 635 (ll
416 566 631 639 Georg.)
660 587 675 624 :

297 683 397 755 aut
420 695 548 750 quos
585 682 793 737 Ocean-1
824 687 1037 750 propior
1054 690 1182 755 gerit
1217 688 1373 744 India
1404 691 1570 751 lucos,

303 749 542 805 Extremi
571 755 717 805 sinus
753 749 890 806 orbis
921 773 937 809 :
968 749 1205 811 ubi-nera
1237 763 1436 814 vincere
1468 749 1726 814 summum

301 823 517 893 Arboris
550 831 642 874 ant
667 823 790 877 nllw
814 825 964 892 jactn
988 838 1195 890 potuere
1223 831 1447 893 sagitta'.

309 891 372 943 Et
402 908 524 960 gens
544 894 635 944 illa
670 891 880 962 quidem
920 900 1143 966 sumptis
1178 891 1475 954 nortvtarda
1519 901 1804 970 pharetris.

239 1001 340 1060 Aer
371 1023 612 1061 summus
643 1009 854 1064 arboris
905 1021 987 1065 est
1029 1001 1312 1067 exn-emus
1361 1030 1494 1083 apex
1533 1030 1806 1067 ramorum

238 1112 297 1150 ac
322 1097 586 1150 frondium
621 1100 883 1153 altissime
927 1117 1220 1173 exsurgens
1252 1121 1411 1174 supra
1461 1105 1651 1159 silvam
1686 1107 1811 1159 relic

242 1204 424 1257 quant.
461 1189 524 1241 Et
558 1190 641 1243 his
686 1192 1051 1254 conjecturam
1085 1198 1318 1262 capienti
1349 1197 1416 1250 de
1456 1197 1572 1250 loco
1604 1198 1694 1266 qui
1729 1207 1812 1252 est

242 1281 289 1332 in
325 1282 575 1336 manibus
609 1284 776 1335 videri
815 1294 1024 1349 poterat
1077 1302 1168 1341 aer
1227 1289 1427 1340 montis
1463 1304 1584 1342 esse
1625 1303 1814 1356 supre-

243 1385 356 1423 Inns
391 1373 508 1436 efus
541 1384 748 1428 vertex.
795 1374 989 1427 Verum
1029 1377 1307 1430 intrrcetlil
1349 1379 1470 1432 huic
1515 1377 1808 1442 suspicioni

241 1461 530 1512 ἀκοὶουθέα
561 1463 674 1527 ipsa
710 1463 808 1516 loci
836 1473 889 1516 ct
921 1465 1061 1516 ratio
1083 1467 1384 1528 sent-entire,
1409 1477 1525 1533 ante
1559 1466 1723 1535 exigit
1755 1476 1806 1517 ut

241 1563 330 1600 aer
367 1547 727 1616 Malagnorum
754 1552 943 1604 sitnon
972 1555 1266 1607 editissima
1303 1557 1499 1608 montis
1519 1555 1633 1619 eius
1664 1572 1808 1622 pars,

241 1641 328 1694 Sed
360 1643 491 1694 mari
529 1642 700 1694 vicina
759 1645 1014 1708 maxime,
1053 1646 1452 1712 imminensque
1484 1657 1804 1713 opportune,

241 1745 473 1788 rostrum
501 1737 766 1802 quoddam
799 1745 882 1788 ant
918 1746 1076 1806 caput
1117 1739 1470 1802 promontorii
1505 1740 1569 1791 ad
1621 1739 1812 1805 appul-

245 1829 446 1882 sioncm
506 1825 941 1897 solutionemqne
1002 1831 1240 1887 navium.
1298 1831 1488 1884 Statim
1544 1832 1808 1900 siquidem

245 1935 268 1971 a
295 1921 456 1972 lditur
487 1919 784 1984 Angustum
825 1920 983 1974 simul
1025 1923 1186 1974 istum
1227 1940 1394 1975 aerem
1433 1923 1630 1991 attigit,
1667 1922 1809 1991 regia

245 2027 456 2064 monere
484 2013 643 2065 missa
688 2013 1078 2081 imperatricem
1119 2014 1168 2067 in
1213 2030 1334 2066 arce
1360 2015 1630 2067 maritima
1658 2028 1810 2066 eom-

245 2111 538 2156 morantem
565 2093 917 2158 accersivisse
957 2122 970 2159 :
1021 2105 1077 2158 '0
1113 2105 1362 2174 βασιλεὺς
1424 2105 1539 2174 ἅμα
1594 2106 1672 2174 τῷ
1719 2105 1813 2157 τὸν

246 2193 378 2262 ἀέρα
408 2195 753 2252 καταλαϐεῖν.
781 2195 869 2248 διὰ
898 2197 990 2248 τοῦ
1013 2196 1294 2266 βασιλικοῦ
1345 2199 1616 2266 μονὴρους
1647 2214 1814 2266 μετα-

245 2291 518 2350 πέμπεται
560 2288 656 2358 τὴν
709 2288 1049 2357 Aug-odorati.
1082 2289 1214 2351 imo,
1248 2300 1298 2340 ut
1325 2300 1570 2358 apparcl.
1608 2305 1672 2343 εο
1697 2291 1812 2357 ῖΡ³⁶

249 2383 424 2433 animo
446 2397 508 2433 ac
538 2396 632 2449 spe
655 2379 995 2435 conﬁcienda
1020 2381 1411 2450 depor'ationis
1448 2382 1607 2450 hujus
1632 2384 1808 2434 locum

247 2476 402 2528 istum
421 2475 682 2528 insederat
705 2477 996 2544 imperator
1017 2495 1029 2529 :
1050 2485 1105 2528 ut
1128 2475 1210 2528 vel
1229 2475 1352 2527 inde
1374 2475 1503 2529 satis
1523 2474 1813 2529 verisimile

248 2573 312 2623 sit
342 2586 518 2622 aerem
555 2579 800 2622 vocatum
823 2565 1538 2637 promOntoriiexcurrentis
1572 2566 1626 2618 in
1665 2579 1814 2618 mare

249 2669 400 2727 caput
430 2660 662 2724 nudique
687 2669 997 2726 portuosum
1032 2667 1085 2711 et
1112 2671 1330 2711 accessu
1376 2655 1554 2709 facile.
1591 2651 1681 2708 Sic
1711 2653 1815 2708 Au-

248 2753 428 2806 sonius
459 2752 509 2804 in
531 2749 770 2813 Mosella,
803 2751 980 2818 templi
1008 2765 1177 2802 aerem
1212 2759 1362 2802 vocat
1398 2763 1500 2800 non
1533 2747 1813 2817 quodcun-

251 2862 349 2914 quc
408 2845 636 2898 medium
694 2844 924 2906 Spatium
983 2843 1123 2895 inter
1159 2855 1428 2894 cameram
1458 2848 1510 2891 et
1542 2837 1816 2906 pavimen—

253 2949 360 2994 tum
397 2936 503 2989 l‘ani
545 2955 556 2989 :
589 2937 681 2988 sed
707 2934 952 3003 insignite
985 2933 1180 2987 nodmn
1207 2933 1318 2985 sive
1347 2929 1658 2984 umbilicum
1700 2942 1814 2982 me-

252 3029 350 3081 dire
419 3025 638 3081 fornicis
701 3023 1068 3094 prominenter
1127 3033 1424 3077 exstantem
1479 3038 1508 3076 e
1571 3030 1815 3088 maguele

252 3115 421 3179 lapide
453 3116 502 3167 in
535 3114 769 3183 speciem
827 3113 986 3167 Cauri
1051 3111 1230 3166 ﬂantis
1282 3110 1622 3166 conformata
1674 3126 1687 3162 :
1731 3110 1814 3162 cui

251 3207 490 3273 opposita
533 3218 708 3260 statua
737 3205 910 3258 ferrea
943 3205 1218 3267 Arsinoes,
1271 3204 1454 3257 innata
1515 3202 1565 3254 vi
1627 3201 1818 3268 lapidis

257 3297 501 3350 Herculei
569 3305 740 3350 tracta
797 3296 849 3350 in
909 3296 1094 3360 altnni,
1151 3307 1408 3364 suspensa
1459 3293 1821 3364 suspendebat

249 3393 454 3444 animos
486 3389 1003 3455 admiratiom-mqne
1028 3397 1393 3454 Spectatnrnnt
1425 3385 1629 3438 circum
1668 3387 1820 3438 hian-

253 3485 378 3537 tinm
412 3503 425 3538 :
458 3483 597 3547 tmod
630 3481 858 3535 solidum
887 3483 1093 3548 signum
1129 3479 1312 3548 gravis
1363 3480 1600 3532 materia:
1635 3479 1822 3533 admo-

259 3587 368 3630 tum
422 3591 620 3629 arcana
665 3573 713 3626 vi
778 3572 925 3625 tholo
976 3572 1149 3626 medio
1203 3571 1484 3624 testudinis
1540 3572 1820 3625 delubrum

247 3683 478 3734 Sllpel'tlc
509 3665 861 3733 conn-gentis,
890 3664 958 3715 ibi
994 3665 1220 3717 hmreret
1251 3663 1397 3717 nullo
1435 3662 1624 3724 l’ulcro.
1655 3663 1813 3717 talem

248 3759 531 3828 obiectans
569 3759 1004 3826 suspectantibus
1037 3756 1274 3821 speciem
1319 3757 1471 3822 qua~i
1513 3758 1626 3810 solo
1673 3756 1823 3812 crine

251 3851 522 3904 inhzercns
553 3849 745 3901 nucleo
773 3863 1000 3900 camerze
1043 3847 1201 3916 justre
1259 3846 1411 3900 molis
1465 3849 1641 3918 puella
1703 3849 1826 3904 inde

252 3944 534 4010 penderet.
571 3940 773 3994 Versus
796 3939 1012 3993 Ausonii
1040 3941 1114 3992 sic
1147 3940 1347 3993 habent
1386 3955 1398 3992 :

322 4074 580 4126 (.‘onditnr
605 4072 689 4124 hic
720 4072 902 4139 forsan
941 4071 1099 4138 fuerit
1134 4069 1487 4124 l’lolemaitlas
1517 4071 1657 4124 aula:

326 4143 671 4210 Dinoclmres,
703 4146 905 4210 quadra
933 4142 1018 4194 cui
1053 4141 1104 4193 in
1130 4141 1343 4210 fasjigia
1370 4158 1498 4194 cono

324 4207 526 4280 Surgit.
561 4222 606 4262 el
639 4207 745 4277 ipsa
767 4229 888 4263 snas
918 4207 1172 4263 consumit
1201 4207 1444 4278 Pyramis
1481 4209 1714 4266 umbras.

323 4282 513 4333 Iussus
541 4281 601 4332 σὺ
630 4283 810 4332 incesti
842 4282 929 4348 qui
957 4282 1217 4347 quondam
1261 4281 1427 4346 {trdus
1454 4280 1648 4332 naturis

323 4352 576 4404 Arsinoen
613 4351 795 4402 Pharii
825 4353 1087 4413 suspendit
1128 4351 1180 4401 in
1213 4367 1332 4403 aere
1372 4350 1573 4413 templi.

323 4420 498 4482 Spirat
523 4422 659 4474 enim
687 4421 805 4471 lecti
837 4422 1096 4471 testudine
1121 4418 1289 4471 Corus
1321 4421 1538 4473 Achates
1566 4436 1585 4474 :

324 4489 852 4560 Afﬂatamquetra/tit
881 4488 1074 4556 {errato
1108 4490 1248 4542 crine
1275 4491 1525 4554 puellam.

251 4601 348 4656 Sic
392 4603 444 4656 in
478 4602 618 4672 pileo
649 4605 889 4672 despotae
923 4602 1138 4656 Sciadio
1165 4601 1312 4656 dicto
1341 4618 1355 4656 :
1391 4603 1458 4657 de
1502 4618 1611 4672 quo
1659 4603 1818 4659 Codi-

251 4711 379 4758 nus,
412 4711 530 4764 cap.
563 4696 617 4759 3,
653 4711 798 4748 num.
828 4697 879 4756 l,
910 4711 1030 4766 pag.
1062 4694 1152 4759 45,
1182 4695 1313 4747 edit.
1342 4695 1498 4764 lleg.,
1528 4697 1637 4768 ἀὴρ
1670 4713 1831 4750 voca-

256 4797 346 4842 tur
366 4791 538 4841 nodus
568 4786 764 4857 cingnli
789 4787 1112 4840 clarissimis
1133 4802 1164 4841 e
1187 4787 1412 4852 genuinis
1440 4789 1831 4854 pretiosissimo

253 4888 411 4933 testu
450 4893 643 4932 nomen
687 4881 924 4948 despotte
977 4878 1144 4946 ipsius
1190 4879 1506 4946 inscriptum
1553 4891 1830 4936 ostentans

251 4969 591 5024 intuentibus
624 4979 835 5022 contra.
865 4968 994 5023 Erat
1034 4970 1176 5024 enim
1210 4969 1297 5023 ille
1321 4973 1492 5026 nodus
1524 4971 1832 5041 (Gretserus

252 5073 442 5114 noster
495 5077 600 5114 non
644 5065 781 5113 male
836 5061 1123 5114 umbonem
1186 5062 1366 5126 vertit,
1425 5063 1494 5116 ob
1541 5067 1826 5130 quamdam

250 5152 661 5204 similitudinem
704 5150 945 5204 umbilici
980 5151 1353 5221 clypeorum),
1387 5162 1528 5217 erat,
1587 5153 1828 5220 inquam,

249 5243 478 5308 pretiosi
515 5253 569 5297 et
590 5257 727 5296 auro
757 5241 956 5296 clavati
994 5244 1333 5308 diadematis,
1365 5259 1472 5312 quo
1507 5244 1829 5298 redimieba-

251 5341 341 5384 tur
374 5333 546 5399 pileus
575 5333 836 5401 despuite,
881 5334 1034 5401 quasi
1082 5333 1243 5387 lihula
1297 5334 1420 5396 ista,
1462 5343 1518 5387 et
1566 5335 1829 5388 embletna

251 5422 740 5493 lulgentissimnm,
773 5440 836 5477 ex
865 5426 1136 5492 congestis
1174 5425 1506 5493 margaritis,
1540 5426 1591 5479 in
1621 5437 1824 5494 partem

248 5516 581 5571 anteriorem
615 5516 902 5570 obversum
937 5527 1098 5586 atque
1125 5517 1262 5571 adeo
1299 5517 1540 5572 emicans
1584 5533 1616 5573 e
1655 5519 1832 5574 fronte

245 5621 485 5662 s-tnima.
517 5606 634 5662 Non
672 5604 801 5660 facit
836 5606 940 5662 huc
963 5609 1116 5662 notio
1129 5606 1232 5661 alia
1261 5606 1496 5663 nominis
1523 5611 1652 5680 ἀὴρ,
1679 5609 1831 5676 juxta

245 5715 417 5770 quam
450 5699 626 5755 velum
679 5713 784 5766 quo
831 5709 1016 5754 sancta
1070 5698 1389 5768 operiuntur
1439 5699 1492 5753 in
1539 5701 1696 5756 altari
1735 5713 1833 5756 aer

242 5792 477 5850 dicitur.
527 5789 746 5859 Colligit
792 5790 1096 5848 testimonia
1157 5786 1440 5845 Meursius.
1495 5790 1595 5847 Cui
1649 5792 1830 5849 addo:

1393 372 1679 433 GLOSSA
1693 375 1769 434 ιιι
1785 377 1833 435 U
1846 377 1896 435 Μ
1943 377 2308 444 ΛΝΝβΕΗΜ.

3349 387 3488 455 1214

1913 490 2083 542 videri
2121 493 2407 546 inditatam
2462 493 2564 550 hoc
2601 496 2766 552 verbo
2806 497 2888 551 vel
2930 498 3282 552 subtilitatem
3317 499 3491 551 tenuis

1905 594 1970 632 ac
2009 582 2228 647 pretiosi
2261 586 2420 651 panni
2457 603 2565 655 quo
2614 590 2728 641 vela
2768 589 2896 643 talia
2955 590 3319 652 constabant;
3379 604 3491 655 (1⁸³0

1909 685 2058 722 more
2092 673 2352 737 ingeniosi
2405 678 2703 746 scriptores
2753 679 2884 732 telas
2936 680 3322 733 subtilissimas
3359 694 3492 730 ven-

1909 766 1993 812 tos
2024 761 2254 818 textiles.
2291 773 2383 817 aut
2415 765 2636 820 nebulas
2668 769 3008 820 cohmrcntes
3032 784 3226 821 vocare
3263 768 3433 820 solent
3473 786 3486 819 :

1910 852 1992 901 vel
2025 853 2324 907 adhibitum
2358 857 2478 919 huc,
2526 873 2715 912 nomen
2741 859 2866 930 ἀὴρ,
2893 871 3160 926 quatenus
3196 861 3481 926 caliginem

1910 952 1962 994 et
2024 945 2275 998 tenebras
2320 959 2497 1012 sonat,
2529 949 2592 1003 ad
2622 949 3010 1014 designandum
3064 951 3479 1003 obumbratione

1913 1033 2016 1086 ista
2049 1038 2389 1104 contegentis
2432 1040 2533 1092 veli
2575 1049 2854 1108 augustam
2879 1042 3026 1094 velut
3068 1042 3358 1110 quamdam
3395 1058 3486 1094 ca-

1912 1122 2132 1192 liginem
2195 1127 2396 1182 oliuudi
2475 1133 2783 1199 mysteriis,
2849 1141 2902 1183 et
2969 1148 3155 1186 sacras
3241 1133 3490 1186 tenebras

1911 1217 2109 1285 quibus
2138 1220 2202 1271 ad
2235 1222 2637 1275 venerationem
2672 1223 2829 1291 vulgo
2855 1227 3325 1280 commendentur.

1983 1309 2364 1378 Ἀμερῲυκος.
2417 1312 2533 1367 Lib.
2570 1329 2686 1376 \‘lll,
2719 1323 2774 1367 et
2804 1314 2896 1368 lib.
2949 1331 3037 1367 xiv
3083 1333 3098 1368 :
3149 1315 3328 1369 Genus
3375 1316 3492 1368 sine

1912 1403 2078 1456 dubio
2128 1403 2301 1458 navis.
2366 1403 2547 1459 Videri
2619 1419 2797 1474 posset
2865 1408 3240 1474 corrigendum
3304 1410 3488 1475 ἀμφηο

1911 1497 2069 1565 puto;
2104 1496 2426 1562 ambire-mis,
2463 1513 2572 1565 quo
2621 1499 2783 1550 verbo
2824 1498 3165 1567 Thucydides
3205 1511 3280 1550 est
3320 1515 3488 1550 usus:

1914 1589 2014 1641 nisi
2051 1590 2180 1641 satis
2211 1599 2468 1657 expertus
2505 1591 2578 1642 nti
2610 1592 2815 1643 Annam
2852 1591 3165 1658 Stl'pinsculc
3213 1592 3362 1643 novis
3393 1605 3487 1642 vo-

1911 1680 2140 1743 cabulis,
2206 1683 2607 1748 temperandam
2646 1691 2919 1750 putassem
2968 1682 3207 1734 criticum
3248 1698 3490 1734 manum.

1912 1769 2050 1834 Quin
2082 1771 2241 1823 ctiam
2271 1785 2374 1822 non
2404 1786 2790 1840 nStptequaquc
2816 1771 3132 1841 ἀμφηρικὸς
3159 1771 3490 1838 Thucydidis

1913 1862 1978 1912 ad
2014 1861 2176 1929 hujus
2201 1862 2302 1915 loci
2333 1865 2655 1916 sententiam
2704 1862 2851 1917 facit.
2896 1864 2989 1916 llic
3032 1864 3172 1915 cnim
3209 1880 3293 1915 res
3326 1864 3493 1929 exigit

1914 1953 2015 2007 hoc
2067 1954 2230 2005 verbo
2298 1954 2521 2024 intelligi
2557 1971 2748 2007 navem
2813 1965 3054 2023 apertum
3112 1957 3367 2020 nmliqne,
3427 1956 3492 2007 a.l

1913 2045 2331 2111 speculationem
2353 2047 2577 2099 liberam
2600 2047 2840 2114 riparum
2862 2047 3056 2108 munis,
3077 2047 3264 2112 ψιηιρς
3283 2047 3492 2116 ἀμφιρ-

1913 2139 2098 2205 ῥῶγας
2133 2138 2329 2190 Suidas
2361 2137 2659 2204 appellatas
2685 2138 2839 2190 docet
2871 2153 2884 2188 :
2921 2138 3073 2204 quasi
3124 2136 3273 2188 dicas
3309 2137 3495 2190 fraetis

1914 2229 2150 2296 undique
2178 2228 2425 2282 obicibus
2452 2227 2759 2281 vectoribus
2785 2229 2988 2280 circum
3024 2228 3199 2278 omnia
3229 2228 3484 2281 cernendi

1915 2334 2109 2388 puram
2169 2319 2484 2371 facultatem
2541 2319 2753 2371 dantes.
2811 2317 3236 2386 Speculatorias,
3279 2318 3321 2370 si
3357 2319 3495 2372 bene

1913 2409 2153 2474 memini,
2186 2409 2322 2462 dixit
2355 2409 2557 2472 Livius,
2593 2411 2686 2472 lib.
2721 2425 2759 2462 ιι
2791 2409 3015 2463 Decadis
3064 2410 3272 2478 primae.
3325 2407 3497 2466 Gra‘ci

1913 2509 2115 2565 autem,
2185 2509 2243 2553 ut
2301 2499 2623 2554 Plutarchus
2682 2500 2734 2553 in
2801 2499 3006 2554 Catone
3041 2537 3057 2559 .
3120 2500 3500 2552 καταςκοπικὰ

1913 2595 2075 2646 πλοῖα
2102 2611 2114 2646 :
2143 2610 2300 2661 quam
2326 2608 2508 2647 vocem
2534 2591 2823 2646 Latinitate
2845 2593 3097 2646 donatam
3121 2594 3186 2645 ab
3207 2594 3376 2647 Hirtio
3403 2595 3501 2645 ha-

1914 2687 2128 2748 bemus,
2155 2686 2251 2738 lib.
2291 2701 2341 2750 v,
2375 2685 2485 2738 imo
2514 2695 2567 2738 et
2601 2700 2628 2737 a
2662 2683 2840 2738 Tullio
2868 2685 2962 2738 lib.
2999 2684 3407 2751 vEpistolarun
3434 2684 3500 2736 ad

1910 2779 2171 2832 Atticum.
2191 2776 2458 2831 Caeterum
2489 2778 2533 2832 si
2559 2777 2680 2846 quis
2702 2793 2800 2846 pro
2821 2778 2998 2846 priore
3016 2776 3332 2829 ambirentis
3348 2776 3500 2844 ἀμφ-

1912 2870 2108 2940 ηρικοῦ
2140 2872 2356 2924 notione
2392 2870 2730 2924 ambitiosius
2758 2869 3075 2932 contendat,
3111 2869 3252 2922 haud
3287 2866 3501 2921 diiiicile

1920 2963 2306 3027 concesserim,
2328 2972 2611 3032 utramque
2646 2963 2730 3016 hic
2759 2962 3208 3031 signiﬁcationem
3249 2961 3298 3012 in
3333 2974 3498 3013 unum

1918 3056 2182 3109 inclusam
2215 3070 2426 3114 vocem,
2463 3065 2520 3105 nt
2561 3055 2867 3123 ἀμφῑρυκοι
2926 3053 3052 3120 νῆες
3105 3062 3158 3104 ct
3206 3061 3405 3119 apertae
3447 3057 3502 3104 et

1918 3147 2127 3199 duobus
2158 3145 2413 3211 utrinque
2464 3143 2624 3195 remis
2652 3143 2864 3210 agitata:
2896 3158 3062 3195 naves
3095 3144 3230 3194 sint.

1991 3235 2365 3303 Ἀνθρῶπως.
2406 3233 2674 3287 Peculiari
2706 3232 3006 3298 etjuridica
3033 3234 3241 3285 ratione
3275 3248 3501 3299 usurpa-

1923 3341 2011 3384 tur
2055 3333 2120 3382 ab
2151 3330 2303 3382 Anna
2338 3328 2438 3380 hoc
2483 3340 2676 3378 nomen
2731 3323 2867 3378 libro
2909 3324 3207 3391 przcsertim
3245 3337 3364 3385 xm,
3399 3339 3501 3374 sw-

1925 3425 2043 3492 pins
2077 3423 2140 3474 ad
2172 3417 2590 3486 signiﬁcandum
2625 3414 2946 3484 ὑποχείριον
2988 3415 3174 3467 δοῦλον
3208 3413 3468 3478 subiectio

1923 3531 2042 3570 nem
2073 3511 2371 3580 professum
2425 3509 2584 3564 alicui
2615 3509 2844 3576 principi
2895 3511 3104 3562 ratione
3153 3507 3295 3561 {cudi
3331 3509 3397 3560 ab
3430 3519 3496 3562 eo

1925 3606 2150 3672 accepti.
2187 3602 2316 3655 Vide
2343 3604 2566 3653 Verbum
2595 3601 2788 3665 λέζιος,
2819 3601 3040 3653 inferius
3066 3615 3164 3654 suo
3191 3601 3331 3652 loco.

1999 3697 2370 3762 Ἀντίληψις.
2400 3694 2453 3746 Ιιι
2485 3683 2851 3746 instrumento
2891 3692 3041 3760 pacis
3083 3690 3343 3746 coniecta:
3380 3689 3503 3742 Bai-

1925 3789 2184 3842 mundum
2219 3788 2358 3840 inter
2381 3795 2434 3838 et
2466 3785 2708 3839 Mettium
2743 3785 3042 3851 Augustum
3089 3783 3184 3837 lib.
3221 3798 3314 3834 xm
3347 3793 3504 3835 sonat

1930 3881 2209 3934 liberalem
2269 3878 2494 3946 gratiam
2537 3885 2588 3928 et
2619 3877 3028 3930 concessionem
3085 3875 3398 3928 cli-mentem
3439 3890 3502 3930 ac

1928 3971 2249 4025 beneﬁcam.

1996 4055 2295 4122 Ἀπόκρεω
2321 4065 2369 4108 ct
2394 4053 2726 4119 ’Aaoo'mic.
2757 4053 2890 4107 Cum
2917 4053 3048 4106 nihil
3074 4053 3374 4107 addendum
3409 4055 3506 4108 ba-

1927 4148 2084 4202 heam
2139 4150 2203 4200 ad
2240 4158 2306 4200 ea
2347 4161 2465 4215 qua:
2517 4147 2616 4198 viri
2673 4145 2971 4198 doctissimi
3018 4146 3086 4196 de
3123 4144 3202 4196 his
3233 4144 3507 4198 voeabnlis

1927 4236 2277 4301 adnotarnnt,
2313 4252 2477 4291 causa
2519 4238 2608 4291 hic
2645 4235 2886 4288 moramli
2923 4247 3024 4288 non
3055 4249 3162 4289 est.

2009 4328 2436 4393 Ἀποστονῑεύς.
2479 4329 2578 4394 Qui
2607 4327 2771 4381 classi
2803 4337 3016 4393 pra-cst.
3066 4327 3201 4382 Vide
3239 4326 3506 4395 Snidam;

1929 4420 2336 4488 usurpaturlib.
2372 4435 2471 4474 ιιιιι
2518 4420 2570 4473 ἰιι
2607 4421 2995 4474 Pacilicatione
3025 4419 3330 4474 Baimundi.

2011 4510 2408 4579 Ἀρατήριον.
2438 4510 2555 4567 Lib.
2587 4523 2696 4578 xw,
2728 4523 2854 4579 pag.
2876 4509 3010 4566 «ΗΒ.
3048 4513 3110 4564 Ἡ
3141 4509 3196 4565 δὲ
3223 4510 3510 4580 Auriniam

1931 4603 2237 4676 περιχαρὴς
2259 4607 2518 4671 γεγονυῖα
2545 4605 2760 4672 ἐδέξατο
2787 4605 2976 4658 τοῦτον
2997 4604 3106 4672 ἔξω
3138 4606 3239 4675 τῆς
3265 4607 3361 4658 τοῦ
3391 4621 3506 4658 κοι-

1929 4696 2102 4758 τῶνος
2161 4695 2368 4764 Θύρας,
2418 4697 2746 4767 ἀριστήριον
2795 4698 2954 4752 τοῦτο
3009 4699 3178 4752 πάλαι.
3232 4697 3503 4768 ὀνομαζό-

1934 4805 2115 4858 μενον.
2146 4788 2421 4854 Snspicuri
2462 4791 2587 4844 licet
2615 4799 2679 4845 ex
2725 4792 3002 4845 notatiOne
3033 4789 3280 4843 vocabuli
3335 4787 3506 4841 fuisse

1931 4880 2070 4934 hanc
2097 4878 2342 4948 Gynaecei
2396 4881 2622 4947 palatini
2655 4881 2948 4935 exhedram
2977 4880 3027 4931 in
3058 4894 3160 4944 qua
3206 4877 3504 4943 imperati-io

1927 4988 2017 5027 ces
2049 4972 2225 5023 cibum
2251 4985 2468 5025 sumere
2504 4979 2926 5026 consueverant.
2982 4968 3047 5022 Ut
3078 4969 3148 5021 sit
3195 4969 3512 5037 ἀριστήριον

1937 5063 2048 5114 ἀπὸ
2090 5060 2183 5113 τοῦ
2218 5062 2462 5128 ἁριστεῖν
2501 5064 2780 5128 prandere.
2811 5059 2966 5124 Quod
3003 5061 3046 5111 si
3080 5059 3152 5111 ita
3179 5068 3288 5120 est,
3317 5073 3509 5124 parum

1931 5151 2229 5208 verisimile
2265 5149 2425 5202 fuerit
2447 5151 2588 5206 idem
2618 5166 2740 5206 esse
2803 5153 3130 5221 ἁριστὴριον
3153 5165 3273 5204 cum
3297 5150 3512 5218 Ἄρεως

1935 5245 2070 5311 οἴκῳ
2097 5241 2254 5308 cujus
2278 5240 2521 5294 meminit
2548 5239 2862 5310 Procopius,
2893 5240 3022 5294 lib.t
3056 5239 3396 5295 Persicorum
3422 5238 3510 5290 ubi

1929 5335 1997 5386 de
2023 5331 2271 5385 ioc/indic
2303 5330 2452 5383 urbis
2481 5341 2532 5384 'et
2570 5331 2752 5400 palatii
2787 5349 2799 5384 :
2839 5332 2947 5384 Καὶ
2972 5331 3094 5399 τῆς,
3117 5333 3214 5396 sit,
3242 5328 3506 5401 βασιλέως

1928 5423 2098 5493 αὐλῆς
2111 5423 2178 5474 τὰ
2199 5424 2263 5473 ἐκ
2279 5421 2385 5474 τῶν
2410 5425 2761 5493 προπυλαίων
2780 5424 2908 5495 ἄχρι
2933 5425 2990 5487 ἐς
3013 5424 3104 5476 τὸν
3131 5424 3194 5476 Ἀ
3205 5439 3338 5494 pem;
3357 5419 3505 5488 λεγό-

1935 5533 2095 5586 μενον
2127 5510 2298 5578 οἷκον,
2336 5515 2610 5570 καυθέντα
2645 5517 2887 5586 ἐφθάρη.

2014 5603 2514 5676 ’Δρχοντοπῶλοω
2567 5605 2690 5662 Filii
2732 5617 3110 5662 veteranorum
3168 5602 3398 5659 militum
3452 5602 3512 5656 in.

1937 5715 2103 5754 unum
2137 5712 2328 5768 agtnen
2362 5697 2443 5751 sic
2469 5698 2673 5754 dictum
2724 5698 3043 5768 conscripti,
3101 5697 3198 5753 lib.
3240 5711 3338 5758 vn.
3377 5710 3500 5764 pag.

1931 5791 2060 5850 204.
2109 5787 2419 5858 ’Δρχόντων
2463 5805 2660 5847 nomen
2688 5789 2770 5849 vel
2823 5788 3087 5846 militares
3133 5797 3504 5860 magistratus,
