4022 6282
558 382 698 449 1215

553 511 614 555 ιιι
671 497 1030 560 centuriatus,
1084 493 1406 558 tribunatus,
1439 500 1493 546 et
1542 491 1748 549 similes
1783 494 1982 549 indicat
2019 512 2031 550 :
2068 508 2127 552 ut

557 593 610 646 hi
641 590 840 645 fuerint
861 588 952 641 lilii
977 601 1082 640 non
1113 585 1484 656 gregariorum
1516 586 1608 640 sed
1633 595 1785 657 gesto
1814 587 2132 652 magistratu

557 681 908 750 probatorum
948 677 1176 730 militum
1213 692 1228 729 :
1268 673 1348 730 vel
1393 676 1578 729 eadem
1626 675 1847 729 notione
1903 677 2137 728 sumitur

555 787 658 838 qua
696 769 1005 839 principum
1051 782 1154 819 vox
1185 767 1240 820 in
1273 765 1463 819 militia
1509 764 1777 818 Romana.
1817 763 1918 820 Ubi
1979 765 2135 819 Prin-

558 865 730 930 cipes,
771 860 1004 923 llastati,
1034 859 1255 924 Triarii,
1287 858 1498 928 species
1525 869 1650 910 sunt
1703 857 1931 910 n-ilitum
1969 857 2134 911 etiam

555 953 930 1024 prtefecturam
971 953 1257 1005 militarem
1289 965 1398 1004 non
1434 951 1760 1020 gerentium.
1796 948 1988 1001 Πώλου
2023 959 2133 1003 ter-

561 1045 792 1098 minatio
828 1043 1230 1114 ὑποκοριστικὴ
1254 1042 1572 1095 diminutiva
1602 1051 1683 1094 est
1713 1039 1916 1093 Cra-cis
1947 1053 2134 1094 recen-

561 1135 726 1190 tibus.
761 1137 939 1202 Quod,
967 1135 1091 1203 quia
1131 1134 1229 1186 viri
1266 1135 1410 1188 doeti
1450 1133 1661 1186 abunde
1696 1131 1949 1196 docuere,
1981 1133 2136 1186 novis

557 1229 997 1293 auctoritatibus,
1035 1227 1178 1296 quod
1206 1233 1322 1278 erat
1353 1223 1529 1288 facile,
1563 1225 1804 1292 putidum
1837 1235 1888 1276 et
1946 1239 2138 1292 supcr-

563 1335 862 1374 vacaneum
900 1318 1062 1372 fuerit
1101 1319 1384 1372 adstruere
1415 1317 1624 1370 conari.
1661 1315 1892 1369 Tantum
1919 1316 2134 1378 addam,

555 1411 699 1480 quod
750 1411 814 1464 ad
887 1410 1184 1478 Ἀγούρων
1231 1423 1446 1476 quoque
1504 1408 1754 1475 superius
1807 1407 2133 1475 explicatam

561 1519 748 1558 vocem
786 1513 837 1558 et
867 1503 1148 1557 cohortem
1188 1500 1377 1554 referri
1414 1507 1608 1568 potest,
1645 1500 1726 1552 vel
1761 1499 1916 1566 plane
1937 1500 2002 1550 ad
2035 1499 2136 1553 hoc

561 1609 732 1662 genus
769 1593 1092 1663 pertinuisse
1126 1593 1399 1645 cohortem
1437 1600 1804 1644 trecentorum
1853 1591 2132 1653 eximiam,

563 1685 656 1738 lih.
703 1699 824 1744 xm,
862 1683 964 1738 sub
998 1681 1206 1734 initium
1239 1681 1603 1747 descriptam;
1645 1681 1723 1734 vel
1757 1689 1904 1735 certe
1941 1681 2136 1736 similis

561 1774 794 1828 ins'itttti
830 1789 892 1827 ac
923 1775 1137 1842 generis
1188 1771 1374 1826 fuisse.
1413 1771 1589 1826 Verba
1647 1772 1747 1826 loci
1797 1773 2003 1826 laudati
2054 1773 2136 1828 sic

559 1865 799 1919 habent:
837 1865 950 1934 Τὴν
998 1865 1196 1934 νέηλυν
1257 1866 1518 1934 στρατιὰν
1569 1865 1633 1915 ἐκ
1674 1864 1774 1933 τῆς
1829 1866 2131 1930 συντάξεως

561 1955 740 2022 πάσης
819 1954 1226 2024 ἀπολεξάμενος
1289 1970 1299 1982 ·
1359 1955 1453 2007 καὶ
1531 1953 1624 2016 οὓς
1701 1955 1904 2022 μᾶλλον
1972 1956 2134 2015 αὐτὸς

557 2046 894 2114 ἀνεθρέψατο
941 2047 1036 2098 καὶ
1085 2045 1152 2098 τὰ
1201 2047 1565 2115 στρατιωτικὰ
1621 2045 2006 2109 ἐξεπαίδευσεν
2053 2046 2130 2114 (1ιί

559 2139 842 2192 munifeSIe
903 2140 968 2190 ad
1026 2139 1254 2192 classem
1317 2137 1426 2189 τῶν
1493 2137 2127 2209 Ἀγούρωνμοιιὶιιοιιῑ),

557 2228 837 2296 ἀρχηγοὺς
866 2228 1290 2300 στρατευμάτων
1317 2229 1670 2299 κατέστησεν.
1701 2226 1886 2283 Ἦσαν
1910 2231 1954 2282 δ’
1987 2225 2134 2284 οὗτοι

563 2319 876 2387 ξύμπαντες
897 2321 1226 2388 τριακόσιοι,
1290 2321 1496 2384 πάντες
1529 2323 1663 2388 νέοι,
1715 2325 1808 2376 καὶ
1846 2325 2131 2394 εὐμήκεις,

561 2407 902 2475 σφριγῶντες
947 2409 1008 2460 τὺ
1035 2410 1215 2478 σῶμα,
1239 2412 1334 2464 καὶ
1355 2411 1580 2474 ἕκαστος
1605 2413 1810 2466 τούτων
1846 2416 2133 2486 ἁρτίχνους

555 2497 617 2548 τὸ
652 2499 882 2564 γένειον,
915 2508 1022 2554 etc.
1080 2499 1244 2553 Paulo
1296 2499 1520 2556 inferius
1569 2503 1670 2556 sub
1721 2503 1956 2558 medium
2010 2505 2130 2560 libri

557 2587 800 2655 ejusdem
855 2603 974 2655 xm,
1031 2597 1365 2642 memoratur
1409 2591 1582 2645 eti-des
1639 2592 1794 2646 Cara!
1850 2593 2130 2663 cujusdam

555 2679 645 2747 qni
677 2693 740 2732 ex
771 2679 996 2735 cohorte
1025 2681 1135 2734 τῶν
1178 2681 1456 2752 Ἀγοὺρων
1517 2683 1936 2753 ὴνδρειωμένων
1965 2684 2132 2739 fuisse

555 2769 794 2822 videtur.
831 2771 924 2826 Sic
951 2773 1097 2826 enim
1127 2775 1280 2828 Anna
1311 2793 1325 2826 :
1360 2775 1630 2828 Πίπτουσι
1685 2775 1990 2845 τηνικαῦτα
2023 2775 2132 2830 τῶν

563 2857 856 2929 Ῥωμαίων
879 2863 1086 2917 πολλοί.
1123 2865 1230 2918 Καὶ
1261 2865 1426 2928 αὐτὸς
1457 2867 1485 2918 ὁ
1516 2868 1707 2937 Καρᾶς
1737 2868 1994 2935 νηπιόοεν
2017 2871 2132 2933 τοῖς

557 2947 804 3016 γνησίοις
835 2949 986 3018 παρὰ
1015 2951 1112 3005 τοῦ
1139 2952 1538 3024 αὐτοκράτορος
1613 2954 1985 3027 προσληφθεὶς
2035 2958 2133 3011 καὶ

551 3037 898 3106 κατιλεγείς.

623 3129 1172 3200 Αὐτοκρατόρισσα.
1207 3135 1548 3205 lmpcratrix,
1579 3138 1672 3194 lib.
1709 3156 1818 3197 xw.

1289 3271 1352 3326 Β.

620 3383 1016 3451 Βεστιαρίται.
1033 3383 1154 3440 Lib.
1177 3402 1252 3448 tv,
1277 3401 1398 3458 pag.
1429 3389 1548 3455 l09,
1570 3392 1680 3444 τῶν
1705 3392 1762 3446 δὲ
1777 3393 2129 3466 οἰκειοτέρων

549 3473 644 3538 οὓς
675 3475 1014 3544 βεστιαρξτας
1045 3479 1078 3547 ἠ
1111 3479 1371 3548 συνήθεια
1399 3481 1574 3538 καλεῖ.
1599 3483 1800 3540 Omnes
1833 3487 1931 3542 bos
1959 3487 2129 3544 fuisse

551 3567 802 3620 ctistodes
834 3567 1192 3635 imperialium
1223 3572 1454 3626 vestium
1487 3575 1588 3642 (sic
1643 3576 1788 3630 enim
1845 3577 1946 3632 viri
1983 3581 2126 3636 docti

557 3653 920 3725 βεστιαριτῶν
952 3673 1145 3710 nomen
1175 3661 1470 3730 exponunt)
1513 3663 1768 3732 equidem
1815 3667 1904 3721 vix
1940 3669 2124 3725 credo.

552 3745 832 3810 QIOmOdo
862 3748 1006 3802 enim
1038 3749 1124 3804 isti
1153 3761 1246 3804 aut
1281 3760 1358 3806 tot
1389 3751 1615 3808 fuissent
1643 3765 1700 3810 ιιι
1734 3773 1798 3812 ex
1831 3759 1900 3814 iis
1936 3775 2126 3816 nume-

553 3854 676 3894 rosa
707 3842 906 3897 cohors
942 3853 1306 3914 pugnaturum
1345 3847 1462 3902 acie
1487 3848 1738 3906 Aleximu
1767 3857 2124 3922 sequeretur?

549 3941 642 3984 aut
672 3931 769 3985 soli
793 3947 856 3986 ex
901 3935 1096 3989 aulicis
1123 3949 1186 3990 ac
1215 3936 1530 3993 domesticis
1559 3945 1811 3999 omnibus
1841 3947 1908 3999 ad
1957 3949 2118 4003 dimi-

553 4022 784 4076 candum
837 4023 1286 4079 ast-iacerentur?
1318 4025 1546 4082 Videtur
1589 4033 1780 4098 potius.
1819 4049 1882 4088 ex
1941 4037 2121 4093 verbis

555 4113 722 4166 Anna:
764 4113 1109 4184 βεστιαρίτας
1139 4117 1317 4172 dictos
1361 4123 1723 4177 communiter
1761 4127 1966 4196 vulgari
2015 4127 2121 4182 lin-

551 4221 652 4270 gua
689 4204 856 4260 fuisse
899 4221 1090 4262 omnes
1119 4209 1446 4266 domesticos
1492 4214 1685 4267 domus
1730 4215 1986 4286 Augusta:
2026 4222 2120 4291 qui

549 4295 706 4348 statis
733 4295 784 4348 iu
815 4297 1015 4364 palatio
1046 4299 1418 4356 ministrantes
1447 4302 1634 4360 oﬂiciis
1682 4307 1902 4363 familia:
1945 4311 2118 4379 impc-

551 4384 760 4436 tatorize
814 4386 1240 4455 imputabantur.
1299 4390 1463 4446 Certo
1521 4392 1756 4450 fortasse
1800 4397 1981 4453 colore
2027 4409 2120 4454 aut

550 4475 708 4525 modo
740 4477 966 4530 vestium
1000 4478 1082 4548 (ut
1133 4480 1294 4536 hodie
1348 4483 1464 4538 ﬁeri
1519 4487 1822 4557 censuevit)
1876 4489 1944 4543 ab
1995 4489 2118 4546 aliis

550 4561 816 4624 distincti,
851 4565 1082 4634 indeque
1113 4571 1533 4638 appellationem
1565 4576 1732 4630 nacti.

617 4678 894 4732 Βλαττία.
933 4681 1146 4736 Recitat
1186 4687 1362 4749 Anna,
1395 4687 1486 4742 lib.
1515 4705 1595 4756 ιιι,
1637 4707 1760 4762 pag.
1813 4693 1881 4748 9’5
1923 4703 1976 4748 et
2023 4695 2114 4762 94,

545 4769 826 4838 σρῑειοιιιιιι
875 4772 1052 4826 Alexii
1087 4776 1310 4844 Augusti
1339 4777 1404 4830 ad
1439 4777 1730 4834 llenricum
1783 4799 1960 4854 regem
1988 4787 2110 4842 Ale-

545 4861 797 4927 manniae,
827 4878 930 4932 qua
966 4865 1102 4918 inter
1137 4867 1238 4920 alia
1271 4867 1561 4938 imperator
1615 4881 1842 4926 testatur
1885 4891 1944 4930 se
1995 4881 2110 4948 regi

541 4965 606 5004 ex
641 4962 796 5020 pacto
842 4955 1053 5010 misisse
1105 4969 1320 5012 centum
1370 4963 1726 5033 quadraginta
1785 4968 1886 5021 tria
1945 4971 2109 5026 millia

541 5057 881 5098 nummorum
911 5057 966 5100 et
999 5059 1210 5102 centum
1245 5051 1460 5117 Blattio,
1483 5052 1678 5109 ἑκατὸν
1703 5057 1946 5124 βλαττὶα.
1973 5061 2110 5128 Quid

541 5131 650 5184 lucc
686 5131 878 5187 Blattia
911 5137 1020 5190 sint
1055 5141 1306 5206 equidem
1343 5143 1628 5212 disquisivi
1669 5149 1755 5200 diu
1798 5169 1811 5204 :
1863 5165 1970 5219 quo
2012 5167 2106 5220 po-

539 5221 821 5278 tissimum.
852 5227 1034 5280 omnia
1094 5228 1398 5298 indagantis
1457 5237 1697 5303 suspicio
1746 5241 1968 5305 sederit,
2024 5243 2111 5296 hic

537 5327 836 5381 proponam
863 5317 1095 5373 obnoxie
1149 5335 1213 5374 ac
1259 5323 1462 5378 timide.
1521 5327 1788 5384 Existimo
1835 5333 2106 5386 volumina

537 5401 710 5458 fuisse
739 5406 902 5472 panni
951 5407 1237 5464 holoserici
1283 5415 1492 5467 ostrino
1546 5419 1726 5472 coiore
1773 5421 1945 5484 tincti,
1993 5435 2108 5478 cent

536 5497 706 5560 piece;
757 5497 821 5549 de
867 5499 1076 5554 velours
1109 5519 1174 5555 ou
1213 5506 1350 5558 satin
1405 5521 1563 5576 range
1609 5515 1889 5583 cramoisy,
1944 5515 2014 5568 ita
2051 5528 2108 5569 ut

537 5589 778 5641 materia:
799 5589 960 5644 simul
991 5599 1048 5644 et
1075 5593 1274 5649 coloris
1301 5611 1468 5664 genus
1496 5601 1642 5654 vocis
1673 5604 1831 5658 unius
1859 5607 2105 5674 emphasi

534 5674 826 5744 iungantur
856 5680 1194 5738 institutione
1227 5687 1480 5752 peculiari
1527 5690 1836 5748 Graecorum
1891 5700 2109 5766 sequio-

541 5777 614 5817 ns
645 5765 766 5820 aevi.
801 5765 1038 5826 Primum
1077 5773 1320 5830 omnium
1371 5775 1604 5834 Blattam
1641 5783 1744 5837 dici
1782 5765 2098 5857 purpuram,

1717 381 2212 444 GLOSSARIUM
2253 379 2628 443 ΑΝΝᾸΞΗΜ.

3669 383 3798 449 1216

2240 505 2474 558 ostrum,
2507 495 2792 558 muriccm,
2827 511 2888 550 ac
2919 511 3141 551 coccum
3171 496 3334 566 (unus
3376 495 3526 551 enim
3573 501 3808 568 populari

2239 600 2342 639 usu
2370 585 2520 638 color
2551 585 2753 639 rubens
2786 586 3096 656 splendens,
3127 597 3204 641 tot
3231 587 3350 642 istis
3379 587 3528 642 inter
3552 603 3612 641 se
3643 591 3807 644 diver-

2239 677 2312 732 sis
2341 679 2591 748 signatur
2615 678 2970 750 nominibus),
3009 679 3257 746 blatzam,
3281 681 3533 746 inquam,
3553 680 3662 734 dici
3695 698 3806 746 pur-

2239 783 2468 838 pureum
2517 783 2898 838 quemcunque
2967 769 3170 834 fucum,
3224 771 3544 826 doctissime
3596 771 3804 824 deumn-

2238 871 2374 914 strat
2404 863 2646 918 Andreas
2679 863 3002 928 Resendius,
3031 865 3126 918 lib.
3159 881 3176 919 ι
3228 865 3634 934 Antiquitatum
3671 865 3806 918 Lusi-

2242 953 2564 1016 tanicarum,
2601 963 2712 1008 tum
2758 957 2880 1010 aliis
2916 967 3157 1010 veterum
3189 955 3522 1010 testimoniis
3554 956 3806 1021 adductis,

2243 1052 2352 1094 tum
2389 1043 2474 1098 his
2506 1043 2715 1100 Sidonii
2747 1049 3016 1112 versibus,
3045 1047 3135 1100 lib.
3175 1063 3228 1100 ιιι
3267 1047 3439 1116 Epist.
3475 1047 3546 1100 ad
3601 1047 3806 1101 Tonan-

2239 1131 2369 1186 tium
2398 1146 2414 1186 :

2593 1225 2905 1298 litttilrtsque
2944 1229 3077 1298 ferte
3110 1230 3300 1284 blattas

2599 1295 2924 1366 Reroqucnte
2944 1295 3093 1367 'quas
3135 1301 3301 1353 aheno

2589 1367 2830 1421 Melibaza
2859 1367 3004 1430 fucat
3041 1370 3184 1422 unda

2595 1435 2868 1498 Opulentet
2898 1449 2953 1490 ut
2987 1456 3194 1492 meraco

2584 1504 2834 1558 Bibulum
2875 1507 3049 1560 colore
3075 1509 3260 1574 uellus,
3293 1518 3403 1562 etc.

2235 1595 2380 1651 Idem
2449 1599 2778 1654 auctoritate
2839 1599 3093 1667 Vopisci,
3159 1601 3488 1670 Capitolini,
3557 1601 3804 1670 Eutropii,

2237 1687 2386 1741 Pauli
2421 1690 2666 1748 Diaconi.
2701 1689 2913 1756 lsideri,
2949 1689 3200 1744 Yenantii
3245 1691 3562 1755 Fortunati,
3589 1703 3648 1746 ct
3689 1694 3798 1747 alio-

2235 1793 2352 1831 rum
2387 1781 2576 1832 astruit
2613 1780 2900 1836 Gretserus
2929 1791 3132 1844 neater,
3160 1781 3254 1836 lib.
3298 1799 3336 1838 ιι
3360 1783 3804 1838 Observationum

2236 1871 2289 1924 in
2327 1869 2617 1934 Codinum,
2651 1871 2896 1935 solidius,
2933 1873 2986 1926 ni
3021 1873 3198 1936 fallor,
3231 1890 3396 1943 quam
3445 1885 3508 1928 ιιι
3540 1876 3679 1930 satis
3711 1876 3809 1930 fue-

2237 1963 2310 2016 rit
2341 1963 2611 2018 ertn'itum
2664 1965 2983 2032 scriptorem
3038 1966 3295 2020 Notarqu
3340 1970 3716 2035 posteriorum
3764 1970 3806 2020 in

2231 2052 2562 2118 Ccdrenum,
2619 2055 2792 2109 tribus
2848 2066 3032 2110 contra
3089 2058 3270 2111 verbis
3323 2059 3640 2127 excipere:
3695 2061 3808 2115 nihil

2231 2159 2352 2198 esse.
2408 2146 2509 2198 nisi
2544 2163 2708 2216 nugas
2739 2160 2786 2200 ct
2824 2147 3021 2199 nullius
3065 2149 3312 2200 momenti
3361 2159 3664 2202 commenta
3707 2166 3810 2219 qua

2232 2238 2373 2288 circa
2403 2238 2648 2290 blatteum
2675 2239 2920 2306 colorem,
2945 2241 2998 2291 id
3025 2249 3098 2292 est
3127 2255 3330 2292 roseum
3365 2240 3444 2292 re!
3467 2257 3806 2309 purpur-runt,

2230 2337 2279 2381 ct
2313 2327 2548 2383 Gm'cum
2584 2329 2852 2398 βλαττῐον,
2896 2347 2962 2386 ea:
2997 2333 3262 2384 nominum
3314 2332 3586 2388 nllusioue
3630 2339 3758 2388 retu!
3785 2352 3809 2387 ε

2235 2420 2484 2489 Delphica
2567 2423 2802 2492 tripode,
2859 2425 3100 2476 muutiat
3154 2426 3380 2492 sparsim
3429 2423 3710 2479 Gretserus
3761 2429 3806 2480 is

2233 2513 2518 2570 Codinmn.
2551 2515 2609 2568 ln
2651 2531 2758 2584 quo
2795 2524 3052 2586 prmterea
3089 2517 3254 2584 (quod
3287 2531 3420 2586 pace
3448 2518 3554 2570 viri
3587 2521 3728 2572 docti
3759 2529 3808 2570 et

2229 2605 2467 2673 religiosi
2504 2605 2705 2660 dictmn
2743 2607 2925 2670 velim)
2978 2607 3374 2663 humanitatem
3401 2609 3526 2679 ejus
3553 2612 3808 2666 adversus

2230 2695 2510 2750 hominem
2540 2696 2605 2750 de
2643 2696 2904 2766 religione
2935 2711 2997 2750 ac
3027 2697 3223 2753 litteris
3257 2697 3396 2753 bene
3433 2699 3695 2753 meritum
3731 2716 3808 2754 re-

2227 2786 2409 2854 quiro.
2445 2786 2640 2843 Ail'ert‘i
2673 2788 2809 2842 solet
2833 2788 3142 2843 Cassiodori
3180 2803 3396 2858 quoque
3449 2789 3800 2846 manifestus:

2229 2877 2280 2932 in
2313 2881 2558 2934 eamdem
2611 2881 2934 2938 sententiam
2985 2884 3372 2938 testimonium.
3411 2883 3520 2940 Sed
3573 2901 3661 2940 res
3713 2885 3808 2938 mi-

2231 2970 2379 3025 nime
2409 2971 2571 3025 dubia
2635 2971 2962 3026 testimoniis
2993 2989 3101 3028 non
3155 2983 3296 3044 eget.
3345 2972 3553 3039 Blatta,
3613 2977 3806 3029 remis

2226 3077 2396 3131 genus
2429 3063 2628 3118 triticei
2663 3079 2726 3118 ac
2763 3061 3055 3133 ferruginei
3084 3065 3302 3131 coloris,
3337 3075 3666 3134 usurpatum
3697 3066 3798 3132 jam

2223 3153 2353 3210 olim
2384 3155 2588 3211 scimus
2618 3171 2716 3227 pro
2737 3172 2920 3212 verme
2951 3158 3160 3214 minuto
3183 3157 3382 3212 coloris
3407 3159 3802 3214 micantissime

2225 3247 2483 3312 flammei,
2538 3263 2602 3304 ac
2659 3249 2794 3302 viva'
2839 3249 3102 3305 rnbedine
3145 3251 3314 3304 saturi
3359 3251 3457 3319 qui
3508 3252 3693 3306 oritur
3741 3267 3801 3306 es

2229 3337 2415 3409 granis
2461 3337 2674 3394 fruticis
2726 3339 2996 3394 Arabibus
3031 3337 3252 3398 Kermes
3284 3339 3412 3394 dicti
3447 3359 3463 3394 :
3491 3353 3558 3394 ex
3591 3357 3700 3410 quo
3727 3353 3804 3396 est

2230 3443 2426 3483 nomen
2457 3427 2692 3484 celebris
2728 3428 2870 3498 apud
2907 3429 3149 3483 ofﬁcinas
3198 3429 3431 3483 autidoti
3483 3430 3808 3499 (confectio-

2225 3534 2351 3573 ncm
2387 3519 2692 3584 Alkermes,
2733 3521 2951 3589 vocant)
2983 3521 3126 3588 quod
3161 3520 3216 3574 in
3245 3535 3310 3574 ea
3336 3521 3517 3575 locum
3559 3523 3641 3576 vel
3670 3537 3806 3592 pra:-

2222 3611 2439 3679 eipuum
2475 3611 2656 3667 baccae
2708 3611 2867 3679 hujus
2919 3611 3128 3667 fruticis
3160 3612 3388 3666 habeant
3423 3630 3440 3666 :
3475 3629 3644 3685 cujus
3673 3615 3806 3668 item

2221 3713 2286 3754 ex
2323 3703 2542 3755 nomine
2575 3701 2850 3772 vulgatum
2883 3701 3016 3757 illud
3053 3701 3258 3756 nostris
3289 3711 3494 3756 satura.I
3549 3719 3809 3774 purpura

2221 3791 2545 3846 vocabulum
2579 3801 2766 3846 natum
2797 3806 2902 3862 qua
2931 3807 3090 3862 rouge
3118 3792 3362 3845 cranwisi
3389 3792 3550 3862 quasi
3579 3795 3806 3847 rubrum

2222 3881 2608 3936 Kermesinum
2643 3883 2747 3938 dici
2781 3883 2937 3937 solet.
2967 3881 3104 3938 Hinc
3155 3884 3277 3950 quia
3321 3899 3384 3938 ex
3433 3887 3630 3954 granis
3661 3889 3810 3942 hisce

2221 3974 2378 4028 fucus
2413 3988 2722 4042 purpureus
2751 3989 2856 4042 quo
2891 3984 3069 4028 vestes
3099 3973 3420 4029 inﬁciunlur
3468 3979 3806 4046 exprimitur

2217 4082 2456 4137 purpura
2489 4069 2605 4137 ipsa
2633 4085 2800 4136 grana
2827 4067 3106 4124 Lusitanis
3138 4069 3338 4124 dicitur
3369 4087 3384 4124 :
3422 4071 3542 4124 imo
3573 4081 3632 4127 et
3657 4072 3802 4128 Gne-

2217 4157 2296 4212 cis
2327 4159 2546 4221 κόκκος.
2592 4159 2734 4226 quod
2768 4159 3104 4228 genericnm,
3141 4174 3243 4214 non
3279 4159 3462 4216 minus
3477 4177 3650 4232 quam
3685 4179 3804 4216 vcr-

2217 4247 2339 4315 mis,
2375 4262 2568 4302 nomen
2609 4260 2714 4314 est,
2749 4250 2816 4304 ad
2845 4251 2984 4304 hanc
3015 4259 3193 4304 tamen
3219 4250 3458 4318 speciem
3495 4271 3607 4310 usu
3637 4257 3790 4325 addi-

2215 4339 2529 4394 ctumJam
2578 4341 2701 4408 quia
2755 4355 2922 4409 grana
2975 4341 3088 4396 hare
3142 4343 3414 4398 industria
3465 4345 3796 4400 infecterum

2215 4439 2366 4484 certo
2399 4431 2558 4484 modo
2584 4441 2634 4484 et
2663 4431 2837 4502 spatio
2875 4432 3133 4502 temporis
3167 4431 3220 4487 in
3271 4435 3420 4490 areis
3447 4451 3718 4506 expansa.
3751 4447 3800 4488 et

2223 4522 2452 4576 subinde
2503 4536 2671 4591 vappa
2731 4522 2814 4577 vel
2867 4523 3097 4578 cervisia
3154 4524 3347 4592 rigata,
3415 4531 3792 4582 vertuntnrin

2214 4613 2538 4668 vermiculos
2577 4613 2911 4683 pellucentes
2940 4631 3135 4670 cruore
3165 4615 3550 4676 ﬂorentissimi
3579 4623 3792 4685 coloris,

2211 4717 2318 4771 quo
2349 4713 2527 4758 vestes
2564 4703 2784 4759 imbuta:
2813 4707 3182 4761 amoenissime
3231 4707 3522 4772 furantur.
3579 4713 3792 4766 invaluit

2211 4805 2272 4846 ut
2339 4807 2620 4862 purpura,
2689 4796 2891 4850 vermis
2942 4811 3006 4851 ac
3063 4799 3400 4854 vermiculus
3465 4807 3793 4872 appelletur,

2209 4885 2398 4938 Graece
2429 4883 2647 4955 σκώληξ
2677 4894 2772 4938 aut
2801 4887 3129 4956 σκωλήκιον,
3163 4887 3307 4943 unde
3337 4901 3576 4958 putatur
3603 4896 3656 4948 in
3685 4895 3794 4946 vul-

2209 4991 2366 5048 gares
2419 4963 2660 5046 linguas
2694 4991 2976 5033 emanasse
3049 4981 3306 5033 scariaca:
3361 4999 3608 5048 nomen,
3663 4985 3794 5042 Galli

2208 5067 2468 5120 escarlate
2504 5067 2710 5122 dicunt.
2747 5067 2848 5134 Qui
2877 5069 3036 5122 etiam
3058 5084 3152 5138 pro
3182 5070 3500 5125 ruberrium
3525 5075 3670 5138 fuco,
3691 5093 3776 5130 rer

2207 5157 2388 5209 millon
2411 5157 2784 5219 vermiculum,
2805 5159 3002 5226 passim
3025 5171 3308 5226 usurpant.
3337 5161 3530 5232 Neque
3555 5167 3609 5219 id
3631 5169 3788 5231 carpit

2203 5248 2332 5319 χθὲς
2355 5249 2448 5302 καὶ
2487 5249 2699 5318 πρώην,
2749 5265 2870 5303 cum
2899 5253 3139 5304 omnium
3179 5255 3576 5323 antiquissima
3615 5261 3790 5329 lingua

2205 5347 2392 5393 sancta
2433 5339 2566 5393 locis
2591 5354 2722 5394 sane
2759 5340 3004 5407 plurimis
3035 5341 3198 5395 etiam
3232 5345 3398 5412 primi
3439 5357 3496 5400 et
3533 5353 3790 5404 vetustis-

2202 5429 2326 5482 simi
2367 5429 2654 5498 scriptoris
2707 5429 2888 5496 Mosis,
2925 5447 3108 5486 vocem
3153 5425 3327 5497 ny‘ln,
3383 5453 3508 5507 qum
3553 5457 3784 5494 vermem

2200 5527 2382 5584 sonat,
2423 5535 2521 5588 pro
2557 5536 2790 5589 purpura
2827 5533 3072 5592 usurpet,
3121 5525 3196 5577 uti
3236 5526 3428 5582 videre
3475 5539 3564 5582 est
3621 5530 3782 5584 Exod.

2197 5625 2328 5674 xxv,
2354 5611 2422 5675 είς
2462 5625 2622 5676 xxxv,
2669 5612 2771 5678 55;
2811 5629 3002 5676 χχιιι,
3033 5615 3099 5680 5;
3137 5613 3366 5672 Levitici
3425 5637 3538 5682 ιιι,
3587 5623 3696 5676 ιρι
3733 5621 3780 5672 6.

2199 5697 2336 5752 Tum
2389 5713 2641 5770 praeterea
2707 5703 2806 5756 Joh
2859 5719 2984 5768 xxv,
3039 5707 3102 5766 ϐξ
3155 5705 3256 5761 isa.
3315 5721 3354 5772 ι,
3399 5689 3638 5774 Ιόξιιτ,
3683 5711 3782 5766 Il:

2199 5807 2308 5858 xu,
2349 5793 2448 5857 lt;
2498 5793 2696 5848 Thren.
2727 5809 2797 5860 tv,
2835 5795 2901 5862 ii;
2937 5793 3082 5852 Jonte
3133 5815 3206 5854 tv.
3239 5801 3303 5866 7;
3359 5799 3574 5858 Nabutu
3621 5819 3684 5868 tt,
3719 5805 3772 5866 3,
