4022 6282
228 396 352 457 l'2l7

222 519 275 563 et
308 506 458 561 alibi.
488 505 593 559 Sed
625 506 880 559 omittere
912 516 1016 557 non
1046 516 1265 571 possum
1318 502 1497 557 locum
1532 503 1796 557 eximium

223 615 285 652 ex
349 596 492 650 Psal.
543 610 657 659 axi,
710 596 765 657 7,
816 594 906 648 ubi
961 593 1115 662 juxta
1173 591 1456 659 Vulgatam
1506 601 1795 646 nostram:

226 686 336 757 Ego
369 687 552 740 vermis
585 695 632 738 et
681 702 783 738 non
811 685 986 748 homo,
1044 685 1379 752 opprobrium
1435 684 1706 736 hominum
1749 694 1800 735 et

224 777 444 846 abjectio
495 776 678 842 plebis.
732 775 993 843 Loquitur
1038 790 1103 828 eo
1160 774 1367 842 psalmo
1417 773 1687 839 Chrisuis,
1747 782 1801 827 ct

227 873 539 941 proplictice
564 870 898 937 przeuuutiat
932 867 1325 921 minutissimas
1344 881 1587 935 quasque
1617 878 1799 936 partes

226 980 285 1014 ac
315 962 612 1031 peristases
649 958 916 1028 paSnlOIIiS
954 973 1085 1022 sum,
1129 974 1266 1027 quas
1296 962 1346 1011 in
1377 961 1693 1013 narratione
1720 961 1800 1015 rei

227 1062 388 1121 gestio
449 1059 656 1104 attenta
736 1050 1141 1119 comparatione
1196 1063 1587 1117 recognoscere
1631 1048 1801 1101 multo

228 1152 309 1196 est
362 1139 841 1209 jucundissiinum.
898 1139 969 1192 lis
1024 1153 1187 1207 porro
1241 1153 1361 1207 qua:
1408 1137 1800 1206 descripsimus

228 1231 403 1282 verbis
460 1228 807 1296 singulariter
873 1226 1186 1297 designatur
1260 1227 1388 1280 illud
1451 1227 1796 1295 opprobrium

227 1323 365 1391 quod
402 1321 653 1374 Christus
684 1320 1069 1385 gravissimum
1121 1319 1366 1388 pertulit,
1400 1320 1619 1387 quando
1660 1336 1797 1372 cou-

229 1417 428 1469 si-issns
454 1411 660 1482 ﬂagris,
694 1422 748 1465 et
788 1420 1148 1479 praeterquam
1184 1420 1297 1465 toto
1328 1424 1556 1479 corpore
1588 1426 1798 1464 cruen-

231 1512 390 1569 tatus,
427 1506 590 1557 etiam
620 1513 911 1555 coronatus
941 1503 1130 1570 spinis,
1167 1502 1466 1570 productus
1491 1502 1556 1555 ad
1581 1500 1798 1556 Iudaeos

228 1614 254 1649 a
291 1594 460 1648 Pilato
508 1604 627 1658 est;
677 1594 751 1647 ita
823 1593 1179 1658 deformatus,
1230 1604 1288 1647 ut
1334 1596 1419 1649 vix
1455 1610 1552 1664 pro
1580 1595 1798 1651 homine

228 1688 446 1758 agnosci
479 1696 683 1755 posset,
719 1686 846 1748 nisi,
879 1695 938 1738 ut
971 1687 1238 1755 pictorum
1269 1687 1481 1740 rudium
1514 1702 1631 1740 mvo
1662 1688 1795 1740 sim-

230 1781 347 1849 ιιιιεὶ
399 1789 629 1831 conatus
688 1775 987 1845 ittipei'fecti
1050 1776 1382 1843 iuvabantur
1443 1778 1797 1847 inscriptione

231 1873 434 1936 addita,
468 1886 587 1939 qua:
624 1875 847 1923 doceret
879 1885 999 1925 esse
1029 1870 1300 1923 hominem
1343 1870 1394 1925 id
1428 1870 1573 1939 quod
1613 1871 1686 1924 illi
1722 1871 1798 1925 si-

233 1963 441 2016 mulare
485 1961 809 2029 cogitataut,
860 1960 931 2013 ita
969 1959 1177 2013 Pilatus
1230 1961 1395 2014 verbo
1427 1960 1798 2014 admonuisset

229 2069 348 2108 esse
397 2053 547 2105 illum
578 2050 852 2104 hominem
884 2066 898 2102 :
930 2048 1103 2101 Erit-it
1129 2047 1285 2101 Jesus
1311 2057 1529 2115 portans
1560 2050 1795 2117 spineam

229 2160 479 2198 coronam
531 2152 578 2196 et
621 2157 945 2211 purpureum
1000 2140 1357 2193 vestimentum
1393 2157 1412 2197 ε
1443 2150 1487 2193 et
1535 2139 1671 2192 dixit
1723 2140 1796 2193 eis

229 2234 446 2304 (Iudicis
472 2233 697 2303 Pilatus)
722 2250 735 2287 ς
759 2235 895 2287 Ecce
919 2229 1090 2284 Homo
1130 2229 1311 2299 (Joau.
1331 2246 1447 2295 xu,
1473 2232 1550 2300 5).
1581 2231 1650 2285 At
1684 2231 1797 2286 haec

230 2326 331 2380 loci
369 2326 614 2381 alterius.
660 2326 806 2379 Satis
849 2324 922 2378 sit
963 2324 1091 2377 hinc
1141 2324 1339 2391 legisse
1368 2322 1543 2377 obiter
1580 2322 1631 2375 in
1682 2336 1795 2376 rem

229 2427 569 2486 praesentem,
600 2415 709 2468 illic
744 2415 797 2469 iu
831 2414 1031 2467 vermis
1080 2414 1298 2467 nomine
1338 2412 1509 2466 alludi
1542 2422 1700 2467 acute
1732 2426 1796 2465 ac

230 2522 449 2578 prorsus
470 2507 745 2577 eleganter
772 2504 840 2559 ad
880 2519 1206 2574 purpureum
1258 2505 1639 2557 vestimentum
1686 2518 1795 2573 quo

230 2611 356 2656 tunc
380 2609 602 2669 opertus
625 2598 689 2652 ad
717 2596 1008 2651 ludibrium
1034 2594 1284 2650 Christus
1307 2593 1428 2649 fuit.
1473 2594 1793 2664 Quanquam

230 2691 283 2745 in
316 2688 540 2744 Hebraeo
567 2672 725 2753 ny‘m
753 2688 857 2741 alia
891 2687 1056 2741 etiam
1090 2686 1320 2755 insignis
1357 2685 1556 2740 allusio
1599 2696 1682 2741 est
1728 2689 1794 2742 ad

232 2780 637 2836 cruciﬁxioiiein
691 2779 1064 2833 imminentem
1095 2792 1161 2832 ex
1216 2778 1595 2846 paronomasia
1647 2779 1797 2833 vocis

229 2857 340 2931 τιθῇ
369 2886 487 2940 qua:
517 2878 677 2925 sonat
702 2870 769 2924 de
808 2870 955 2937 ligno
990 2870 1323 2937 suspendere
1346 2883 1412 2923 ac
1454 2869 1793 2938 cruciﬁgere.

234 2962 506 3017 llactenus
564 2960 824 3014 habemus
879 2962 1131 3028 purpurei
1189 2959 1384 3014 eoloris
1440 2962 1711 3015 notionem
1742 2961 1795 3015 iu

232 3055 433 3120 blatta;
468 3054 597 3107 mihi
629 3067 758 3107 vero
813 3052 865 3106 id
926 3068 1029 3105 non
1083 3051 1298 3115 sullicit,
1352 3052 1444 3121 qui
1490 3053 1794 3106 existimem

236 3148 400 3202 etiam
452 3162 620 3216 genus
664 3145 825 3199 serici
880 3153 1060 3197 textus
1090 3160 1155 3197 ac
1188 3144 1521 3214 bombycina:
1559 3145 1797 3198 materia:

232 3240 413 3293 Blattii
446 3241 611 3291 verbo
660 3235 933 3305 designari
972 3251 987 3288 :
1026 3236 1098 3289 ita
1144 3246 1202 3288 ut
1244 3234 1434 3289 Blattia
1470 3252 1577 3288 non
1622 3236 1798 3303 quivis

234 3331 394 3402 panni
425 3330 705 3399 purpurei,
739 3327 831 3381 sed
862 3328 1025 3381 serici
1068 3326 1202 3381 sint.
1256 3326 1520 3391 Primum,
1568 3327 1798 3381 observo

231 3438 371 3489 sape
401 3424 503 3476 ista
532 3420 782 3488 conjungi
819 3421 1089 3472 mentione
1115 3420 1255 3486 apud
1281 3420 1595 3486 scriptores.
1622 3417 1799 3473 Ailius

233 3510 577 3580 Lampridius
608 3513 657 3562 in
680 3509 1022 3578 lleliogabalo
1047 3525 1060 3560 :
1089 3506 1370 3560 Paraverat
1391 3510 1538 3576 funes
1558 3510 1720 3561 blullu
1744 3519 1791 3562 et

231 3604 399 3655 serico
417 3613 460 3653 et
478 3616 626 3653 cocco
642 3602 877 3663 intortos,
911 3599 1115 3665 quibus,
1142 3599 1188 3651 si
1210 3615 1407 3651 necesse
1427 3608 1581 3656 esset.
1614 3600 1799 3668 laqueo

232 3695 391 3748 vitam
414 3694 609 3761 ﬁniret.
631 3692 835 3756 Quibu.»
864 3692 913 3742 iii
944 3690 1118 3742 verbis
1144 3690 1334 3743 merito
1355 3700 1561 3759 quaerat
1579 3691 1798 3759 aliquis:

232 3802 353 3853 quae
388 3784 611 3837 materia
650 3783 812 3835 blatta
846 3784 916 3835 sit
945 3796 975 3834 a
1010 3782 1185 3834 serico
1210 3792 1262 3832 et
1308 3795 1469 3834 cocco
1507 3780 1803 3835 distincta?

234 3896 298 3930 ac
329 3878 555 3928 fortasse
590 3890 693 3926 non
731 3874 868 3926 male
896 3876 1205 3940 suspicetur
1235 3872 1384 3940 prius
1415 3881 1469 3923 et
1506 3874 1802 3939 expositive

234 3967 635 4035 accipiendum,
670 3966 769 4017 hoc
816 3980 979 4018 sensu
1019 3981 1032 4015 :
1088 3961 1373 4014 Paraverut
1416 3963 1564 4030 funes
1610 3964 1801 4026 blutln,

232 4064 333 4113 ltoc
362 4071 458 4121 est,
505 4059 671 4111 serico
717 4064 765 4109 et
813 4072 983 4120 cocco,
1036 4057 1137 4107 sive
1189 4055 1293 4123 filis
1348 4056 1527 4107 sericis
1578 4057 1804 4107 coccinei

233 4153 430 4207 eoloris
467 4152 709 4213 inrortos,
746 4162 852 4202 etc.
884 4147 1097 4200 Flavius
1128 4148 1382 4215 Vopiscus
1412 4147 1801 4199 itiAureliano:

232 4250 365 4298 Cum
400 4246 463 4296 ab
500 4260 558 4296 eo
593 4258 725 4294 uxor
761 4258 857 4293 sua
888 4250 1078 4308 peteret
1108 4250 1163 4292 ut
1205 4241 1355 4291 unico
1402 4239 1562 4300 pallio
1611 4238 1803 4290 blat'eo

229 4355 399 4391 serico
443 4346 704 4396 uteretur,
748 4335 838 4386 ille
880 4334 1144 4399 respondit
1179 4346 1197 4384 .'
1229 4330 1388 4385 Absit
1441 4339 1499 4384 ut
1542 4346 1673 4383 auro
1718 4331 1803 4382 illa

231 4438 557 4496 penseutur;
603 4427 734 4478 libru
782 4426 919 4477 enim
970 4424 1087 4474 auri
1140 4433 1264 4474 tunc
1290 4422 1423 4474 libra
1473 4422 1629 4474 serici
1675 4420 1801 4489 fuit.

232 4522 362 4577 llzcc
396 4520 484 4573 ille
516 4522 566 4571 in
597 4516 794 4586 quibus
835 4513 1009 4567 n0tari
1044 4513 1199 4579 cupio
1235 4530 1248 4566 :
1284 4528 1406 4566 cum
1438 4513 1637 4566 dicitur
1664 4514 1797 4566 libra

232 4611 424 4673 serici,
491 4625 596 4661 non
658 4606 894 4659 sericum
950 4618 1332 4671 quemcunque
1390 4619 1649 4670 pannum,
1710 4606 1804 4658 sed

231 4704 399 4759 simul
437 4701 720 4761 blatli-um,
755 4701 855 4751 hoc
887 4705 969 4749 est
997 4711 1323 4765 purpureum
1358 4695 1579 4764 intelligi
1612 4713 1626 4749 :
1661 4696 1734 4749 uti
1754 4707 1807 4751 et

230 4815 358 4852 cum
411 4796 496 4847 [ila
557 4795 806 4845 dicuntur
869 4804 999 4842 auro
1046 4788 1283 4856 pensari,
1337 4788 1422 4840 illa
1484 4789 1804 4858 bombycina

231 4902 401 4941 cocco
435 4886 599 4938 tincta
642 4882 925 4950 cogitanda
956 4889 1103 4941 sunt,
1137 4878 1272 4932 adeo
1305 4878 1417 4932 lucc
1450 4895 1548 4932 usu
1590 4889 1642 4931 et
1673 4894 1802 4948 pre-

234 4990 313 5034 tio
361 4978 651 5042 COiajllllCla
705 4976 852 5026 vices
901 4972 1001 5025 sibi
1062 4971 1290 5025 invicem
1338 4972 1402 5023 ad
1441 4980 1680 5024 mutuam
1733 4972 1811 5026 si-

232 5070 645 5140 gniﬁcationem
722 5070 999 5132 pra-stant.
1068 5059 1253 5127 itaque
1327 5070 1381 5110 et
1450 5057 1611 5126 paulo
1681 5067 1807 5112 ante

232 5175 362 5213 cum
447 5155 586 5210 dixit
655 5149 921 5219 Vopiscus
991 5148 1132 5201 idem
1189 5161 1204 5199 :
1276 5143 1482 5198 Vestem
1551 5144 1808 5197 lioloseri-

231 5268 353 5305 eam
420 5263 582 5318 neque
641 5245 751 5313 ipse
825 5243 880 5295 in
948 5238 1193 5293 vestiario
1258 5252 1352 5289 suo
1420 5236 1658 5299 habuit;
1718 5250 1807 5287 ne-

230 5355 334 5410 que
413 5336 567 5389 alteri
648 5329 895 5384 utendam
982 5326 1161 5389 dedit,
1231 5337 1340 5375 non
1422 5336 1808 5391 quamcunque

233 5433 421 5495 forte,
496 5425 592 5480 sed
672 5435 996 5491 purpuream
1082 5415 1450 5485 signiﬁcavit,
1524 5424 1582 5466 ut
1658 5423 1808 5467 tanto

230 5519 597 5576 cohaerentius
630 5523 887 5581 sequatur
950 5508 1093 5578 quod
1136 5506 1318 5561 statim
1386 5504 1554 5561 infert
1594 5507 1660 5561 de
1715 5521 1810 5561 ne-

229 5626 360 5685 gato
427 5610 582 5666 uxori
631 5606 790 5675 pallio
848 5604 1085 5663 blatteo,
1161 5612 1229 5651 ex
1303 5596 1605 5653 boloserico
1674 5614 1807 5670 pur-

227 5721 401 5776 pureo
428 5701 701 5757 videlicet.
740 5694 846 5749 Sed
892 5702 1179 5762 pergamus
1208 5687 1457 5752 exempla
1515 5689 1646 5742 dare
1677 5705 1808 5745 con.

218 5808 432 5872 juncta:
483 5788 779 5849 mentionis
807 5785 1004 5844 coloris
1034 5791 1087 5836 et
1115 5776 1268 5835 texti.
1300 5776 1355 5833 lu
1381 5776 1583 5837 Codice
1636 5779 1809 5841 Theo-

1382 392 1873 451 GLOSSARIUM
1916 388 2274 452 ANN.’EUM.

3340 391 3476 457 1213

1908 504 2023 557 dos.
2060 502 2164 572 leg.
2197 503 2279 565 18,
2314 504 2394 555 tit.
2433 502 2499 556 de
2543 502 2876 571 Murilegulis
2904 502 2994 572 qui
3033 513 3114 557 est
3144 502 3213 557 20
3244 501 3365 556 libri
3394 519 3422 556 x
3456 514 3475 557 ξ

1908 595 2175 660 Quoniam
2235 605 2495 648 trecentas
2524 610 2652 663 pene
2688 596 2853 647 libras
2885 596 3067 648 blattae
3118 598 3297 648 serica:
3332 594 3470 647 clan-

1906 686 2116 739 destina
2141 685 2433 754 fricatione,
2458 697 2564 738 etc.
2612 685 2667 738 In
2701 684 2901 739 Codice
2931 685 3226 739 iustiniaui
3269 686 3478 739 serico-

1910 777 2077 829 blatta
2112 791 2218 829 uno
2252 775 2513 829 vocabulo
2556 774 2768 842 legitur.
2804 776 2869 829 Et
2921 776 3049 829 alibi
3097 792 3237 843 saepe
3279 776 3479 829 similia

1909 866 2090 918 videre
2120 873 2237 927 est;
2296 881 2417 917 nam
2478 866 2563 917 hic
2608 865 2717 931 jam
2751 880 2903 931 {equo
2967 865 3234 933 longiores
3268 879 3477 917 sumus.

1908 953 2046 1008 Hinc
2072 955 2273 1009 factum
2309 964 2365 1008 ut
2396 955 2506 1007 sola
2538 955 2806 1007 mentione
2836 955 3033 1008 coloris
3064 956 3343 1024 purpurei,
3376 972 3472 1007 usu

1909 1048 2079 1103 tacito
2144 1048 2334 1101 sericie
2371 1049 2613 1101 materiae
2650 1050 2859 1113 Species
2890 1048 3242 1101 indicaretur.
3284 1046 3479 1100 Narrat

1907 1152 2033 1192 ecce
2058 1140 2122 1192 ile
2154 1136 2369 1192 Nerone
2418 1138 2714 1191 Suetonius
2750 1156 2762 1190 :
2801 1140 2975 1192 Aurea
3011 1155 3127 1190 eum
3176 1139 3273 1191 reti
3300 1139 3478 1205 μήδεαι

1906 1238 2018 1282 tum
2090 1239 2136 1282 et
2190 1228 2407 1296 funibus
2478 1244 2714 1296 purpura
2744 1245 2995 1297 coccoque
3023 1229 3192 1281 nexis.
3236 1228 3367 1292 Quis
3394 1227 3478 1280 hic

1905 1323 2050 1375 aliud
2082 1322 2335 1389 intelligit
2362 1335 2525 1387 quam
2577 1320 2735 1373 funes
2790 1320 2982 1373 sericis
3030 1320 3132 1373 lilis
3189 1321 3477 1387 purpureis

1908 1411 2178 1468 intortos?
2230 1414 2376 1476 Quos
2443 1413 2685 1465 eamdem
2749 1426 2859 1464 rem
2912 1425 3218 1463 memorans
3254 1412 3477 1464 blatteos

1906 1506 2153 1574 apprime
2189 1503 2240 1555 iu
2299 1518 2411 1555 rem
2443 1513 2679 1555 nostrain
2716 1502 2850 1555 dixit
2880 1479 3188 1570 Eutropius,
3222 1503 3312 1555 uni
3360 1504 3477 1555 voci

1905 1596 2359 1684 signiﬁe’ationem
2388 1597 2551 1648 serici
2595 1604 2778 1648 textus
2809 1606 2862 1648 et
2896 1595 3135 1648 coccinei
3175 1594 3280 1647 luci
3310 1593 3479 1660 subji-

1905 1692 2075 1744 ciens.
2108 1688 2247 1755 Quid
2300 1686 2517 1740 Graeci?
2556 1686 2932 1755 (lleceiitiores
2968 1687 3066 1739 hos
3102 1686 3223 1739 dico
3270 1684 3480 1755 Byzan-

1908 1780 2141 1833 tinarum
2171 1788 2496 1833 tractatores
2522 1780 2724 1847 rerum)
2760 1792 2922 1846 quam
2962 1777 3125 1829 multa
3154 1777 3315 1845 hujus
3344 1792 3478 1831 con-

1905 1871 2211 1926 suetudinis
2249 1870 2499 1937 exeiiipla
2551 1868 2942 1938 suppeditant?
2977 1869 3191 1922 Nic-etas
3242 1884 3382 1921 unus
3408 1870 3480 1923 sit

1905 1961 2061 2014 satis.
2096 1958 2343 2013 Aliorum
2408 1957 2716 2011 testimonia
2750 1967 3035 2011 occurrent
3069 1956 3211 2011 ultro
3259 1958 3480 2026 legenti-

1905 2051 2029 2104 bus.
2072 2053 2125 2104 ls
2159 2050 2248 2103 ubi
2285 2048 2337 2101 in
2395 2048 2586 2102 Alexio
2614 2047 2891 2101 Coiiineuo
2934 2047 3179 2113 Juniore,
3228 2049 3365 2103 libro
3392 2064 3477 2111 Ill,

1906 2141 1959 2195 in
2026 2140 2298 2209 plerisque
2378 2138 2663 2194 codicibus
2712 2138 2877 2193 habet
2965 2138 3095 2193 ἄνευ
3149 2138 3260 2191 τῶν
3320 2138 3482 2207 βλατ-

1904 2231 2067 2295 τίων,
2125 2231 2226 2285 alia
2259 2230 2441 2295 lectio,
2469 2230 2611 2299 (qua:
2638 2241 2913 2299 utcunque
2955 2238 3176 2299 putetur
3211 2230 3483 2297 margina-

1909 2323 1978 2377 lis
2003 2322 2298 2385 aduotatio,
2331 2321 2529 2374 veteris
2562 2328 2709 2375 certe
2739 2318 3076 2386 grammatici
3102 2330 3219 2385 est;
3255 2326 3311 2373 et
3338 2329 3394 2372 ut
3424 2322 3476 2372 in

1904 2428 1964 2468 re
1992 2413 2104 2476 tali,
2138 2412 2207 2466 de
2243 2412 2463 2465 notione
2497 2411 2645 2465 vocis
2704 2412 2904 2463 usitata
2956 2424 3057 2463 suo
3089 2417 3354 2479 tempore,
3380 2426 3479 2463 au-

1903 2505 2209 2559 ctoritatem
2248 2503 2430 2574 habet)
2480 2503 2608 2568 alia,
2655 2503 2893 2571 inquam,
2926 2500 3083 2556 lectio
3133 2501 3293 2555 habet
3339 2502 3479 2571 πλὴν

1902 2596 2011 2650 τῶν
2040 2595 2285 2666 σηρικῶν
2318 2596 2602 2665 νημάτων.
2634 2594 2773 2648 Alibi
2808 2593 3026 2649 Nicetas
3053 2592 3281 2663 βλαττια
3306 2592 3478 2645 πολλὰ

1904 2691 2106 2760 χρυσᾶ.
2144 2690 2201 2743 Ιιι
2233 2703 2354 2757 qua
2404 2689 2569 2740 verba
2628 2686 2972 2756 paraphrasis
3024 2686 3166 2741 docti
3207 2699 3482 2755 gramina-

1905 2781 1997 2836 tici
2050 2782 2130 2835 sic
2186 2780 2389 2835 habet:
2426 2781 2633 2850 σηρικᾶ
2684 2777 3082 2849 διαπλεχθέντα
3112 2776 3323 2847 χρυσῷ.
3357 2777 3476 2829 Alia

1904 2878 2117 2932 omitto.
2167 2874 2292 2930 Haec
2326 2875 2468 2929 enim
2518 2875 2732 2928 abunde
2778 2884 2901 2928 sunt
2959 2883 3017 2927 ut
3055 2882 3207 2926 recte
3236 2870 3480 2925 videatur

1906 2970 1960 3024 in
2018 2970 2330 3023 universum
2381 2967 2640 3021 Statuisse
2685 2966 2989 3020 Salmasius
3030 2964 3183 3018 Notis
3234 2962 3299 3015 ail
3332 2964 3476 3016 Hist.

1903 3062 2041 3129 Aug.
2090 3061 2271 3127 script.
2308 3074 2431 3126 pag.
2490 3059 2617 3122 591,
2666 3059 2992 3111 recentiores
3047 3055 3268 3110 Graecos
3316 3052 3481 3121 βλατ-

1904 3153 2019 3203 τίον
2055 3167 2158 3202 ιιοη
2199 3166 2293 3218 pro
2326 3150 2494 3201 blatta
2537 3149 2615 3201 vel
2653 3162 2890 3214 purpura
2943 3145 3081 3209 sola,
3110 3147 3201 3197 sed
3264 3160 3359 3211 pro
3390 3160 3481 3196 ne-

1907 3251 2047 3293 male
2073 3242 2241 3293 serico
2285 3238 2481 3291 blatteo
2532 3252 2836 3303 usurpasse.
2866 3236 2919 3287 lu
2961 3249 3069 3303 quo
3110 3244 3238 3297 puto
3266 3232 3483 3287 Graecos

1908 3336 2171 3385 rationem
2222 3330 2475 3384 habuisse
2503 3328 2740 3396 aliquam
2772 3326 2997 3396 originis
3031 3324 3241 3378 illorum
3272 3324 3481 3377 serico-

1909 3439 2028 3477 rum
2054 3437 2174 3491 qua:
2207 3438 2234 3473 a
2268 3435 2481 3483 verme,
2519 3420 2620 3472 hoc
2651 3428 2735 3471 est
2762 3419 2929 3471 blatta
2954 3426 3097 3485 (nam
3120 3415 3290 3468 Blatta
3313 3416 3483 3467 in'er-

1910 3515 2032 3569 dum
2057 3527 2346 3566 commune
2379 3525 2571 3563 nomen
2606 3510 2805 3562 vermis
2826 3508 2932 3575 est)
2958 3508 3293 3575 producitur,
3326 3507 3483 3575 vulgo

1912 3605 2171 3674 bombyce
2220 3605 2385 3657 dicto.
2440 3601 2592 3656 Unile
2645 3601 2787 3653 tilum
2845 3600 3017 3666 ipsum
3054 3614 3115 3651 ac
3151 3600 3253 3652 tela
3306 3615 3369 3651 ex
3418 3616 3484 3653 co

1914 3705 2054 3749 texta
2104 3696 2334 3763 heinbe
2392 3694 2611 3747 dicitur.
2659 3691 2799 3755 Quin
2850 3690 3013 3743 etiam
3068 3704 3262 3742 nomen
3308 3690 3481 3756 ipsum

1910 3788 2340 3856 vulgatissimum
2398 3784 2584 3848 serici,
2624 3798 2730 3835 non
2792 3796 2820 3833 a
2870 3780 3090 3834 Seribns
3145 3780 3359 3849 populis
3392 3790 3486 3834 aut

1913 3880 2084 3948 patria
2116 3892 2323 3941 eorum,
2358 3876 2501 3943 quod
2540 3874 2700 3942 vulgo
2736 3882 2949 3942 putant,
2989 3872 3033 3924 si
3064 3871 3335 3939 Hesychio
3368 3872 3489 3938 qui-

1914 3970 2033 4021 dem
2075 3968 2363 4027 credimus,
2415 3964 2672 4026 ducitur,
2743 3963 2837 4014 sed
2896 3976 2925 4013 τι
2990 3975 3114 4014 sere
3160 3975 3341 4013 verme
3374 3961 3487 4012 sive

1913 4060 2103 4115 blatta.
2140 4059 2214 4111 lla
2250 4057 2392 4111 enim
2427 4055 2723 4124 llcsycliius
2758 4053 2911 4123 τΣὴρ
2946 4052 3166 4120 σκώληξ
3194 4054 3220 4104 ὁ
3251 4053 3349 4119 τὴν
3388 4069 3484 4117 με-

1911 4152 2080 4214 τάξαν
2146 4149 2539 4217 ἐργαζόμενος,
2574 4149 2673 4199 hoc
2712 4155 2828 4206 est,
2865 4142 2964 4197 Ser
3019 4145 3208 4197 vermis
3259 4144 3485 4194 sericum

1914 4243 2077 4296 celius
2105 4240 2363 4307 efﬁciens.
2403 4237 2583 4302 Quare
2629 4236 2803 4288 serica
2861 4236 3028 4288 vasus
3081 4232 3342 4301 peculiari
3398 4249 3486 4285 ra-

1914 4335 2060 4386 tione
2123 4332 2314 4393 blatta,
2365 4328 2560 4381 blattea
2598 4327 2681 4380 vel
2718 4326 2903 4379 hlattia
2934 4325 3151 4378 dicitur.
3222 4325 3485 4377 l‘raterea

1914 4426 2042 4480 illud
2104 4421 2476 4475 admonuerim
2507 4437 2519 4472 :
2555 4434 2676 4472 cum
2713 4418 2911 4486 duplex
2972 4419 3239 4487 scriptura
3290 4418 3359 4469 sit
3394 4432 3491 4469 no-

1916 4517 2078 4569 minis
2103 4511 2391 4582 βλαττίον;
2436 4509 2603 4562 altera
2651 4510 2928 4579 geminato
2960 4526 3010 4569 τ,
3048 4508 3217 4561 altera
3266 4521 3328 4560 ea
3363 4507 3489 4558 sim-

1916 4606 2039 4673 plici
2088 4605 2266 4656 littera
2303 4620 2316 4655 :
2356 4616 2474 4669 quae
2526 4601 2791 4654 lmetenus
2845 4598 3080 4653 diximus
3117 4608 3325 4650 tantum
3360 4612 3491 4650 cou-

1916 4696 2102 4750 venire
2133 4693 2209 4763 τῷ
2248 4692 2507 4762 βλαττξῳ,
2546 4690 2818 4759 quOmoilo
2875 4690 3064 4742 scribit
3104 4699 3156 4742 ct
3198 4688 3350 4741 Aona
3391 4703 3489 4741 no-

1916 4795 2025 4841 stra
2053 4796 2105 4840 et
2161 4784 2441 4838 Ceilrenus
2477 4782 2529 4835 iu
2565 4781 2787 4835 Tiberio
2820 4780 2907 4843 Ill,
2936 4782 3024 4834 ubi
3071 4787 3331 4832 memorat
3366 4794 3487 4829 στο-

1914 4877 2014 4939 λὰς
2045 4876 2363 4947 σωληνατὰς
2398 4874 2507 4927 ἀπὸ
2537 4873 2816 4941 βλαττίου.
2879 4873 2956 4924 Ex
3013 4871 3208 4936 quibus
3256 4867 3490 4922 fortasse

1900 4966 2029 5023 'tum
2076 4967 2282 5022 Nicetis:
2325 4966 2440 5018 loca
2508 4972 2618 5017 tum
2678 4963 2864 5016 Codiui
2913 4976 3030 5027 quae
3082 4960 3297 5030 βλατῑον
3348 4960 3490 5012 scri-

1916 5060 2049 5113 bunt
2077 5071 2200 5110 cum
2240 5072 2269 5105 τ
2303 5050 2466 5121 ψιλῷ,
2490 5050 2812 5118 corrigenda
2842 5057 2989 5102 sunt.
3018 5046 3172 5111 Quod
3200 5062 3327 5100 vero
3353 5049 3491 5102 ratio

1915 5148 2201 5203 sententia:
2233 5142 2431 5198 alicubi
2479 5141 2647 5203 exigit
2685 5149 2742 5191 ut
2793 5138 3047 5207 βλαττίον
3101 5139 3349 5191 volumen
3390 5139 3486 5200 sit,

1914 5248 2096 5294 ortum
2152 5236 2319 5290 videri
2354 5242 2535 5304 potest
2568 5248 2634 5286 ex
2691 5246 2759 5285 eo
2809 5228 2952 5296 quod
3007 5230 3170 5296 panni
3220 5230 3488 5298 ejusmodi

1918 5328 2080 5386 serici
2116 5338 2403 5396 antequam
2443 5324 2494 5377 in
2528 5334 2717 5393 partes
2752 5322 2884 5377 secti
2913 5321 3191 5389 assutiqiie
3222 5320 3274 5375 iu
3310 5331 3490 5376 vestes

1915 5427 2121 5482 essent,
2152 5419 2203 5472 in
2240 5417 2511 5472 volumina
2561 5414 3038 5484 complicabantur
3070 5411 3301 5482 βλαττία
3329 5411 3492 5482 vulgo

1923 5509 2187 5565 vocitata.
2219 5507 2504 5563 Postremo
2532 5504 2661 5559 illud
2698 5517 2919 5558 monere
2960 5518 3067 5557 non
3101 5503 3345 5557 omittam
3382 5520 3487 5556 non

1917 5613 2041 5655 esse
2075 5604 2265 5653 contra
2298 5610 2411 5649 rem
2443 5608 2507 5647 ac
2542 5593 2867 5648 sententiam
2925 5603 3168 5644 nosu'am
3200 5590 3492 5645 stabilitam

1918 5690 2005 5746 hic
2030 5702 2058 5740 a
2120 5688 2277 5743 nobis
2307 5685 2484 5741 locum
2515 5684 2663 5738 illum
2695 5681 2909 5745 Coditti,
2948 5696 3067 5750 cap.
3096 5681 3150 5741 4.
3188 5698 3241 5735 n.
3273 5679 3364 5744 ευ,
3403 5681 3493 5734 ubi

1919 5780 2121 5841 mentio
2170 5787 2259 5839 est
2305 5774 2505 5833 λευκοῦ
2579 5774 2854 5834 βλαττίου.
2904 5772 2978 5831 Ut
3042 5774 3188 5833 enim
3242 5771 3493 5831 omittam

2098 5864 2103 5867 -
2122 5862 2315 5873 α-εσ-ὐ--ν,
