4022 6282
617 363 764 431 1219

616 480 778 534 etiam
831 475 1120 531 candorem
1166 485 1420 543 purpurae
1465 468 1654 532 tribui,
1713 466 1900 524 lict'at.
1948 464 2061 518 Sat.
2115 477 2185 524 vt,

615 569 712 623 lib.
747 584 786 622 ιι
819 587 834 622 :

1146 696 1324 750 Rubro
1354 697 1438 750 ubi
1466 711 1615 748 cocco

725 769 911 823 Tincta
944 784 1098 835 super
1126 769 1280 820 lectos
1305 768 1550 819 canderet
1575 766 1730 818 vestis
1761 765 1982 817 eburnos
2009 779 2027 826 ;

631 921 758 960 sane
815 905 1016 960 ferrum
1058 904 1179 972 igne
1211 910 1492 970 concrpto.
1527 899 1666 966 quod
1705 900 1940 951 candens
1975 897 2194 962 dicitur,

627 1011 956 1066 purpureum
989 995 1247 1061 fulgorem
1280 995 1458 1046 habet.
1497 991 1566 1048 Ut
1601 1007 1703 1044 non
1725 991 2041 1058 pet-tendum
2079 1005 2198 1042 meo

615 1089 736 1156 jure
761 1086 1012 1154 quamvis
1040 1085 1384 1139 eminentiam
1434 1083 1768 1152 splendentis
1795 1085 1844 1134 in
1871 1097 1967 1134 suo
1999 1096 2197 1152 genere

624 1179 822 1234 coloris
851 1191 1145 1246 purpuram
1185 1177 1456 1230 interdum
1503 1175 1781 1244 appellari.
1807 1173 1962 1228 Unde
1995 1189 2198 1242 purpu-

621 1282 724 1322 rea:
768 1269 918 1320 nives
969 1266 1124 1318 dictae
1176 1265 1550 1331 reperiuntur.
1593 1261 1726 1316 lllttd
1775 1264 1932 1314 modo
1983 1263 2103 1314 dico
2135 1275 2198 1314 eo

623 1358 740 1424 ipso
767 1358 912 1426 quod
933 1354 1171 1410 Cotlinus
1195 1355 1506 1424 signiﬁcare
1536 1354 1721 1406 volens
1779 1353 2066 1420 logothetre
2119 1352 2198 1418 pia

627 1447 764 1500 lcum
787 1463 851 1502 ex
877 1449 1049 1502 serico
1077 1447 1198 1499 albo
1215 1445 1514 1514 splendenti
1538 1459 1679 1506 esse,
1703 1445 1908 1498 vocavit
1929 1443 2053 1496 illud
2075 1442 2202 1493 λευ-

629 1537 726 1590 κὸν
760 1537 1033 1606 βλαττίςν,
1077 1537 1209 1590 satis
1243 1537 1512 1590 indicasse
1554 1535 1808 1603 βλαττίον
1841 1535 2036 1596 solum,
2063 1535 2203 1588 seri-

629 1645 749 1682 t-utn
784 1643 904 1682 esse
943 1643 1296 1696 purpureum,
1335 1641 1452 1696 qum
1479 1626 1662 1696 opinio
1698 1635 1889 1680 nostra
1941 1633 2023 1680 est
2062 1624 2199 1696 ωηιιί

631 1719 850 1776 lectoris
891 1719 1118 1770 arbitrio
1151 1717 1416 1784 subjecta.

704 1828 950 1895 Βλάχοι.
979 1827 1098 1882 Lib.
1129 1841 1245 1886 viti.
1274 1843 1394 1894 pag.
1423 1825 1524 1878 29.7
1569 1843 1580 1876 :
1623 1826 1728 1876 Καὶ
1772 1823 1962 1878 ὀπόσοι
1994 1825 2086 1876 τὸν
2117 1840 2204 1877 vo-

637 1935 647 1984 ε
680 1917 782 1969 datr.
812 1916 924 1985 βίον
955 1916 1168 1968 εἴλοντο
1207 1914 1468 1983 (βλᾴχους
1513 1914 1733 1971 τούτους
1762 1915 1796 1982 ἡ
1829 1912 1986 1982 κοινὴ
2017 1913 2206 1968 καλεῖν

629 2001 736 2072 οἶδρ
771 2005 1100 2074 διάλεκτος).
1135 2005 1195 2058 ΕΙ
1237 2015 1414 2058 tamen
1451 2003 1644 2058 Blachi
1667 2003 1982 2072 populorum
2013 2017 2205 2058 nomen

635 2112 718 2154 est
767 2101 1007 2160 Mtesiam
1056 2099 1386 2168 superiorem
1455 2097 1826 2161 incolentium,
1884 2095 1975 2164 qui
2046 2095 2208 2148 hodie

633 2193 858 2248 Valachi
885 2200 1165 2252 vocantur,
1194 2191 1323 2246 olim
1370 2191 1602 2250 fortasse
1629 2205 1693 2244 ex
1721 2190 1937 2259 Scythis
1965 2189 2209 2250 uomadi-

639 2286 740 2340 bus
765 2296 820 2342 et
853 2282 1194 2344 liamaxobiis
1217 2285 1368 2351 vagis
1399 2281 1452 2338 in
1481 2281 1550 2340 iis
1581 2281 1811 2348 denique
1836 2281 2056 2336 sedibus
2077 2294 2208 2332 con-

638 2375 986 2444 quiescentes
1014 2391 1029 2426 :
1053 2374 1195 2428 unde
1223 2372 1508 2430 ini-aluerit.
1541 2383 1600 2428 ut
1624 2371 1898 2440 prepriutn
1923 2380 2084 2432 antea
2117 2385 2209 2425 se.

632 2476 740 2522 ctae
770 2473 934 2532 atque
973 2463 1208 2520 instituti
1248 2475 1446 2516 nomen
1480 2461 1628 2530 genti
1660 2461 2000 2531 postmodum
2027 2459 2212 2514 adlice.-

634 2553 790 2606 serit.
847 2551 1032 2620 Neque
1060 2551 1206 2604 enim
1247 2565 1518 2618 nunquam
1557 2550 1733 2602 studia
1783 2550 1834 2602 in
1870 2549 2084 2618 generis
2120 2561 2213 2620 ape

633 2643 978 2712 pollutionem
1013 2650 1296 2696 transeunt
1325 2642 1378 2692 in
1409 2640 1700 2700 similibus.
1729 2639 2034 2696 Occurrunt
2065 2654 2214 2694 nunc

634 2733 784 2788 Corsi
802 2738 916 2788 sive
933 2733 1165 2786 Corsica:
1182 2731 1368 2786 insula:
1387 2732 1618 2784 cultores
1635 2731 1726 2798 qui
1745 2732 2000 2800 quoniam
2019 2746 2214 2800 oppor.

639 2825 862 2880 trinitate
885 2823 1124 2876 litturum
1141 2832 1194 2876 et
1210 2823 1434 2876 marium
1462 2822 1620 2880 illecti
1651 2823 1940 2890 priaticam
1956 2823 2084 2876 olim
2103 2829 2212 2876 stu.

637 2917 783 2974 diose
813 2913 1152 2975 factitabant,
1187 2913 1309 2966 inde
1339 2911 1545 2980 vulgari
1578 2912 1835 2966 vocabulo
1859 2914 2062 2982 piratas
2097 2929 2214 2966 cor-

637 3006 804 3060 saires
823 3003 1052 3058 dicimus
1073 3020 1087 3055 :
1107 3004 1182 3056 uti
1207 3014 1259 3056 et
1278 3001 1514 3056 latrones
1537 3002 1786 3072 brigauds
1806 3017 2056 3058 vocamus
2074 3004 2214 3072 quod

637 3095 920 3166 Brigantes
951 3097 1077 3150 olim
1111 3094 1315 3165 Magna:
1342 3095 1631 3150 Britanniae
1675 3095 1852 3166 populi
1901 3095 2213 3152 latrocinio-

645 3204 764 3240 rum
817 3186 1034 3244 infamia
1089 3187 1508 3256 ﬂagrareutzut
1539 3187 1783 3242 omittam
1835 3185 2213 3244 Chaldaeorum

641 3295 839 3336 nomen
875 3283 1072 3350 sacpius
1094 3279 1220 3333 olim
1253 3279 1558 3348 astrologiae
1587 3278 1822 3334 studium
1859 3293 2018 3348 quant
2038 3278 2214 3336 locum

648 3370 838 3438 patria:
865 3370 1194 3440 designasse.
1226 3367 1322 3422 Cui
1355 3369 1625 3437 geminum
1652 3377 1734 3424 est.
1765 3369 1906 3437 quod
1935 3383 2211 3424 sacrarum

639 3449 966 3515 Litterarum
1026 3461 1346 3529 interpretes
1415 3460 1679 3516 adnatant
1746 3460 1798 3514 in
1857 3459 1962 3514 illis
2038 3461 2218 3514 verbis

641 3551 900 3608 Proverh.
939 3567 1096 3612 xxxi,
1133 3550 1202 3604 25
1235 3567 1249 3604 :
1305 3548 1592 3606 Sindoncm
1624 3550 1750 3618 fecit
1795 3560 1844 3604 et
1893 3549 2128 3604 vendidit
2168 3561 2214 3605 et

639 3643 912 3713 cingulum
933 3641 1158 3702 tradidit
1187 3641 1516 3712 Chaunuwa,
1555 3641 1917 3696 Chananatunt
1938 3641 2042 3694 dici
2076 3656 2217 3694 mer-

643 3743 905 3790 catorem.
959 3733 1064 3788 Sed
1115 3733 1293 3788 nullus
1341 3734 1412 3788 sit
1461 3734 1583 3792 linis
1639 3735 1683 3788 si
1709 3748 1894 3788 curem
1927 3747 2218 3802 congerere

645 3835 838 3878 cuncta
875 3827 992 3891 ejus
1049 3824 1148 3880 loci
1197 3827 1466 3894 exen‘tpla.
1523 3823 1704 3879 Unum
1769 3825 1962 3878 addam
2016 3826 2082 3880 de
2112 3840 2218 3893 quo

649 3917 813 3972 fuerit
837 3931 1020 3985 opera:
1049 3917 1283 3985 pretium
1315 3916 1608 3971 monuisse.
1632 3914 1868 3970 Joannes
1903 3915 2215 3981 Sinnamus,

651 4007 806 4076 cujus
827 4004 1060 4059 Historia
1071 4021 1188 4060 rum
1207 4005 1375 4060 libros
1410 4019 1585 4058 rerum
1601 4005 1964 4060 narrationem
1983 4005 2218 4059 indidem

655 4099 746 4151 ubi
805 4098 978 4158 Anna:
1033 4107 1231 4152 nostra:
1266 4096 1482 4150 Alexio:
1511 4097 1705 4150 desinit
1740 4099 2085 4166 auspicantes
2116 4096 2220 4152 La-

649 4193 760 4244 tina
787 4190 1036 4246 versione
1082 4190 1498 4258 dcproperamus
1547 4189 1698 4244 brevi
1726 4189 2056 4255 prodituros,
2081 4189 2220 4243 libro

647 4280 885 4334 secundo
913 4280 1157 4333 meminit
1195 4279 1614 4348 depraedationis
1665 4278 1938 4350 Mysorum
1973 4296 2092 4349 quae
2133 4281 2217 4333 iu-

651 4384 732 4422 ter
769 4370 999 4425 Cilicum
1033 4380 1088 4424 et
1119 4370 1427 4424 Antiochia:
1461 4367 1635 4442 Syria:
1685 4371 1818 4425 lines
1852 4379 2216 4426 exerceretur.

653 4458 807 4514 Unde
866 4472 1046 4512 autem
1096 4459 1189 4512 tali
1252 4461 1369 4514 loco
1410 4460 1587 4528 My’si?
1631 4458 1836 4530 Nempe
1876 4461 2055 4532 Mysos
2089 4461 2223 4516 viles

651 4563 916 4618 personas
961 4559 1014 4602 et
1066 4551 1334 4618 mancipia
1375 4553 1648 4624 intelligit,
1685 4554 2066 4623 signiﬁcatque
2114 4569 2224 4608 tua-

653 4653 820 4708 guum
873 4652 1154 4690 numerum
1190 4639 1514 4696 rusticorum
1549 4651 1602 4696 et
1631 4643 1815 4695 vilium
1862 4643 2093 4710 capitum
2128 4657 2224 4696 ca-

652 4737 770 4798 ptos
803 4735 858 4780 et
884 4726 1132 4780 servituti
1165 4723 1335 4782 fuisse
1355 4727 1620 4788 addictos.
1655 4729 1708 4784 id
1743 4731 1876 4786 adeo
1904 4731 2026 4786 inde
2044 4741 2222 4786 ortum

651 4821 914 4890 suspicari
943 4818 1026 4873 fas
1057 4827 1140 4878 est
1179 4819 1329 4890 quod
1389 4819 1666 4892 Mysorum
1701 4837 1834 4890 gens
1881 4821 2224 4892 despicabilis

652 4921 708 4966 et
727 4911 972 4968 servituti
995 4923 1118 4966 nata
1139 4911 1264 4968 olim
1290 4911 1576 4980 proverbio
1608 4911 1782 4966 locum
1808 4911 2032 4968 dederat
2053 4913 2222 4984 taxa.-

653 5021 744 5070 τος
768 5002 1000 5066 Μυσῶν,
1037 5018 1156 5060 cum
1175 5004 1403 5074 alicujus
1432 5003 1616 5058 intima
1647 5003 1824 5058 vilitas
1853 5005 2224 5080 exaggeranda

650 5109 771 5151 cum
800 5097 1090 5166 hyperbole
1123 5104 1286 5152 esset.
1317 5095 1508 5150 Cicero
1551 5111 1647 5165 pro
1683 5094 1903 5161 Flacco,
1924 5106 2058 5152 sect.
2105 5095 2174 5150 65
2205 5114 2219 5149 :

659 5187 798 5254 Quid
819 5203 976 5254 porro
1015 5188 1070 5240 in
1101 5186 1286 5242 (ἐτανεο
1335 5204 1575 5242 sermone
1601 5197 1710 5242 tam
1739 5189 1925 5244 tritum
1947 5196 2106 5260 atque
2140 5204 2226 5244 cc-

654 5279 920 5340 iebrqtum
963 5291 1043 5334 est
1096 5295 1256 5348 quam
1303 5281 1350 5334 si
1407 5281 1526 5349 quis
1564 5279 1867 5352 despicatui
1917 5279 2136 5336 ducitur
2167 5287 2226 5340 ut

655 5367 930 5438 Mysorum
971 5369 1190 5424 ultimus
1219 5385 1334 5424 esse
1363 5370 1598 5434 dicatur,
1630 5370 1765 5424 etc.?
1791 5367 1958 5440 igitur
1994 5376 2051 5422 ut
2085 5370 2220 5440 Mysi

659 5463 928 5530 mancipia
979 5461 1145 5528 dicti,’
1180 5472 1238 5516 ut
1295 5460 1430 5516 bello
1483 5461 1620 5530 capti
1649 5461 1778 5516 dura
1815 5471 1866 5514 et
1912 5460 2224 5518 inclementi

653 5550 914 5605 servitute
941 5552 1108 5618 habiti
1141 5551 1320 5606 Sclavi
1360 5552 1472 5606 sive
1497 5553 1646 5606 Slavi
1677 5552 1925 5618 vocitati,
1962 5551 2058 5618 sic,
2093 5549 2226 5616 Bla-

653 5637 760 5704 clu',
795 5657 914 5694 cttm
969 5643 1144 5712 gentis
1188 5657 1336 5712 vaga:
1394 5643 1668 5712 proprium
1694 5651 1840 5698 esset
1871 5655 2098 5704 nomen,
2131 5656 2224 5709 ap-

657 5729 902 5796 pellative
931 5745 1114 5802 postea
1141 5735 1512 5804 designaverit
1542 5733 1808 5792 instabilis
1834 5743 1884 5786 et
1913 5731 2224 5800 desultoriac

1777 345 2276 412 GLOSSARIUM
2307 339 2677 404 ANNIEUM.

3626 347 3720 410 1223

2296 460 2420 512 vita:
2451 457 2741 522 Barbaros,
2767 451 2986 514 ἑλόντας
3004 450 3094 503 τὸν
3123 449 3316 520 νομάδα
3337 451 3454 524 βίον,
3482 458 3668 512 erratica:
3690 471 3730 516 ct

2298 562 2562 616 nusquam
2599 545 2852 598 habentis
2877 541 3210 597 domicilium
3239 542 3344 595 vine
3373 546 3605 602 senarios.

2365 639 2744 708 Βραχιόνιον.
2800 635 2920 686 Τῶν
2965 632 3270 702 Βλαχερνῶν
3309 633 3390 686 lib.
3419 651 3467 687 ιι.
3499 635 3572 688 Est
3600 638 3735 706 opinor

2297 747 2486 786 murus
2537 730 2652 784 sive
2686 727 2922 782 ambitus
2973 725 3228 788 exterior,
3263 725 3489 780 suburbio
3513 727 3737 788 Constanti-

2297 823 2608 892 nOpolitauo
2635 818 2942 876 Bina/ternm
2978 815 3122 870 dicto
3148 815 3500 870 circunnlutns.

2367 911 2603 978 Βρεϐἰα.
2635 908 2878 976 Catalogi
2915 921 3162 960 vasorum
3189 921 3440 958 sacrorum
3459 917 3502 960 et
3525 911 3742 976 possessio-

2299 1021 2424 1058 num
2450 1001 2703 1056 Ecclesia:
2745 999 2838 1052 lib.
2877 1013 2950 1060 vr,
2984 1013 3104 1066 pag.
3141 996 3237 1048 157
3272 1011 3286 1062 ;
3329 1007 3560 1065 sumptum
3604 1015 3650 1051 rx
3679 1017 3743 1054 th

2301 1093 2466 1148 veteri
2499 1091 2747 1144 Ecclesia:
2777 1089 3004 1142 Latinae.
3043 1087 3250 1142 Etenim
3281 1089 3478 1156 Optatus
3517 1089 3626 1144 libro
3641 1105 3670 1150 ι,
3695 1101 3742 1142 tc-

2301 1194 2476 1240 statur
2507 1199 2519 1234 :
2554 1182 2796 1236 chartam
2829 1182 2880 1232 in
2923 1194 3028 1250 qua
3064 1179 3354 1246 causeripta
3381 1191 3535 1234 essent
3565 1179 3669 1232 bona
3685 1198 3745 1234 ec-

2303 1275 2604 1334 clesiastica
2639 1275 2836 1328 brevem
2871 1273 3087 1342 proprie
3122 1283 3372 1327 vocatam.

2369 1367 2615 1434 Βρύσις.
2643 1364 2758 1422 Lib.
2789 1382 2879 1428 xv,
2905 1381 3008 1418 non
3043 1363 3198 1432 longe
3225 1363 3288 1418 ab
3311 1363 3450 1416 initio
3485 1363 3564 1415 κού.
3590 1381 3748 1434 στρατο-

2301 1461 2514 1514 πεδεύει
2567 1458 2709 1514 κατὰ
2761 1455 2856 1526 τὴν
2909 1455 3100 1526 βρύσιν
3155 1453 3248 1506 τοῦ
3309 1455 3571 1524 Καρυκέως
3613 1456 3748 1506 καλου-

2305 1547 2496 1618 μένην.
2535 1545 2652 1602 Non
2683 1556 2765 1600 est
2797 1545 3020 1600 dubium
3055 1545 3180 1614 quin
3214 1544 3392 1612 βρύσις
3419 1547 3480 1598 sit
3501 1543 3751 1598 ictisldvo-

2301 1642 2382 1697 cis
2411 1641 2584 1708 ipsum
2617 1649 2838 1709 etymon
2872 1638 3092 1692 clatttat.
3127 1637 3228 1692 Est
3274 1636 3408 1690 enim
3433 1653 3458 1690 a
3485 1636 3606 1706 βρύω
3629 1646 3752 1690 scatu-

2303 1732 2406 1786 rio.
2431 1731 2635 1784 Pratter
2673 1745 2766 1786 eas
2807 1729 3160 1784 auctoritates
3189 1743 3318 1798 quas
3349 1727 3518 1782 recitat
3567 1725 3752 1780 Meursius

2302 1823 2501 1892 alieno,
2525 1823 2574 1882 ui
2605 1820 2780 1884 fallor,
2801 1819 2939 1882 loco,
2960 1834 3151 1886 netu-pe
3183 1821 3234 1874 itt
3268 1827 3418 1874 verbo
3446 1817 3635 1888 βρισίον,
3660 1817 3752 1886 ιμιοί

2305 1913 2532 1972 alterius
2559 1912 2785 1980 originis
2807 1921 2860 1966 et
2889 1909 3228 1982 signiﬁcatus
3258 1918 3356 1964 est.
3395 1909 3512 1962 l’utu
3539 1918 3675 1960 autem
3697 1907 3754 1958 tle-

2305 1998 2514 2068 signari
2577 1997 2927 2066 peculiariter
2983 1999 3148 2052 verbo
3199 1996 3435 2068 βρὺσεως
3471 1996 3612 2049 locum
3639 1997 3752 2060 ipsum

2306 2091 2656 2162 scaturiginis
2691 2106 2756 2144 ex
2787 2104 2895 2160 quo
2927 2090 3177 2158 pratiuns
3203 2089 3435 2144 hauritur
3461 2103 3474 2146 :
3502 2086 3558 2140 ad
3579 2085 3756 2138 tlilivten'

2310 2183 2436 2238 tiam
2468 2181 2664 2252 πηγῶν
2707 2183 2800 2240 καὶ
2833 2180 3053 2252 κρηνῶν
3103 2181 3312 2234 illarum
3359 2195 3466 2256 quae
3506 2177 3698 2246 operibus
3724 2175 3756 2226 iu

2308 2272 2470 2328 urbes
2515 2271 2924 2338 inducebantur,
2964 2269 3265 2338 cuiusmodi
3296 2279 3406 2324 erat
3453 2270 3482 2337 ἡ
3524 2269 3756 2335 ἐννεάκρου-

2315 2381 2403 2426 νος
2430 2364 2678 2420 Athenis.
2715 2363 2822 2418 Sed
2858 2362 3047 2418 horum
3079 2361 3307 2420 fontium
3334 2360 3546 2427 origines
3562 2357 3759 2424 oportebat

2309 2457 2494 2514 altiuri
2530 2469 2650 2510 esse
2698 2455 2826 2520 situ,
2879 2451 3021 2512 unde
3043 2468 3139 2526 per
3199 2468 3414 2520 pronum
3442 2464 3533 2520 quo
3567 2457 3758 2512 eratopus

2311 2547 2499 2604 deduci
2547 2557 2790 2616 possent.
2827 2547 2894 2604 At
2925 2545 3121 2618 βρύσις
3153 2545 3358 2600 videtur
3385 2543 3480 2597 dici
3520 2539 3614 2594 fons
3643 2537 3762 2590 bunu-

2311 2639 2436 2702 liur,
2492 2638 2706 2706 qualem
2747 2638 2966 2710 optabat
3025 2636 3304 2692 Juvenalis
3357 2635 3472 2704 (snt.
3515 2629 3599 2698 ut),
3641 2626 3760 2680 υἱιιίτο

2312 2730 2442 2784 culti
2484 2731 2650 2797 horti,
2697 2739 2910 2798 puteum
2951 2743 3144 2798 nempe
3175 2729 3392 2792 breuem,
3419 2728 3507 2779 hoc
3531 2716 3768 2782 est.uonal-

2315 2833 2448 2888 ttttn,
2479 2839 2572 2878 nec
2621 2831 2756 2876 reste
2800 2822 3134 2888 mouendum,
3182 2835 3364 2876 verum
3388 2821 3512 2874 unde
3555 2829 3674 2870 manu
3694 2810 3768 2864 sul:

2317 2929 2438 2970 cum
2475 2913 2636 2972 situla
2667 2913 2902 2968 demissa
2935 2913 3154 2968 haurire
3215 2912 3391 2966 liceat.
3445 2909 3693 2974 Quanquam
3715 2900 3771 2951 iu-

2316 3021 2438 3060 nem
2497 3021 2524 3058 a
2573 3005 2766 3076 βρύσει
2814 2995 3200 3062 ηοιιωιεΙιιιιίι
3251 3003 3492 3065 Codiuus,
3529 3014 3624 3066 cap.
3655 2995 3694 3060 'l,
3723 2990 3770 3042 De

2319 3095 2546 3166 Ofﬁciis,
2583 3113 2731 3150 num.
2757 3095 2844 3158 16,
2871 3111 2994 3168 pag,
3027 3096 3117 3164 9|,
3145 3096 3282 3170 gdit,
3305 3093 3430 3163 Reg.
3460 3093 3536 3146 ubi
3561 3085 3771 3144 sichaltrt:

2319 3189 2476 3246 Κατὰ
2509 3187 2609 3258 μὲν
2639 3188 2700 3242 τὸ
2733 3189 2966 3248 παλαιὸν
2998 3189 3158 3254 ἐκτὸς
3193 3189 3292 3260 τῆς
3323 3186 3512 3248 πόλεως
3549 3175 3773 3234 ἀκολουθῶν

2314 3277 2394 3346 τῷ
2440 3279 2650 3350 βασιλεῖ
2693 3278 2742 3350 (ὁ
2771 3279 3060 3352 Πικέρνης)
3091 3279 3261 3352 ἔφερε
3295 3278 3547 3334 κωδώνιον
3572 3270 3679 3342 μετὰ
3692 3265 3777 3319 ἁλύ-

2319 3386 2491 3434 σεως⁹
2533 3370 2608 3434 ὡς
2649 3372 2712 3428 ἂν
2741 3371 2792 3424 εἱ
2821 3371 2879 3424 ἔν
2934 3371 3094 3442 χρείᾳ
3128 3371 3343 3438 γένοιτο
3385 3370 3514 3422 πιεῖν
3552 3361 3678 3416 αὑτὸν
3703 3355 3773 3408 ἀπὸ

2319 3458 2521 3528 βρύσου
2556 3459 2660 3530 (al.
2695 3458 2926 3530 βρύσης,
2961 3441 3099 3516 forte
3144 3460 3415 3530 βρύσεως,
3446 3457 3476 3528 ἢ
3503 3441 3778 3522 notatum—llic?

2317 3553 2477 3606 τοῦτο
2535 3553 2750 3623 (melius
2801 3551 2942 3608 forte
3004 3551 3156 3621 legas
3225 3551 3421 3622 τούτῳ)
3473 3549 3554 3602 καὶ
3597 3544 3689 3612 πίιι·
3727 3537 3777 3590 lbi

2316 3642 2506 3710 ἅλυσις
2541 3659 2644 3698 non
2695 3653 2803 3698 tam
2835 3645 2901 3698 ad
2935 3645 3280 3702 commodius
3333 3641 3581 3700 terendum
3625 3645 3779 3700 suspen-

2317 3752 2436 3792 sum
2465 3751 2498 3792 e
2535 3737 2786 3790 catenula
2818 3736 3096 3805 pocillum,
3127 3753 3294 3806 quam
3327 3738 3390 3790 ad
3418 3727 3654 3790 hauriendi
3679 3735 3778 3780 usum

2319 3829 2778 3882 accommodatam
2811 3829 3138 3886 mentionem
3177 3830 3358 3882 habet.
3391 3827 3495 3880 Non
3525 3835 3636 3891 nego
3661 3827 3780 3869 lam-Il

2319 3919 2503 3989 πηγὴν
2531 3927 2584 3972 et
2619 3918 2814 3988 βρύσιν
2854 3920 2968 3974 Sive
3001 3919 3214 3990 βρύσην
3263 3934 3378 3974 eSSe
3405 3924 3670 3988 synonyma.
3695 3903 3779 3956 Nam

2318 4024 2479 4078 quem
2512 4009 2688 4066 locum
2731 4009 3060 4064 Βασιλακίου
3102 4011 3317 4082 βρύσην
3348 4006 3654 4077 Cnropalates
3671 3993 3780 4052 couti-

2321 4112 2514 4156 uuator
2539 4103 2766 4160 Cedreni
2794 4106 3085 4158 vocitatum
3127 4111 3228 4172 ait,
3267 4106 3354 4160 ubi
3381 4102 3546 4158 cll'onsi
3577 4093 3779 4150 Botntintx

2321 4193 2550 4260 Αυευειί
2609 4193 2765 4262 jussu
2823 4193 3093 4250 Basilacio
3145 4206 3274 4252 sunt
3305 4193 3622 4260 oculi,Auua
3664 4189 3779 4238 nos“!

2321 4285 2630 4354 diligentius
2661 4296 2828 4340 totam
2867 4287 3160 4344 Historiam
3193 4287 3504 4344 Basilaciaui
3531 4282 3632 4337 belli
3655 4273 3779 4330 πριιι-

2324 4377 2406 4430 dis
2462 4377 2706 4432 referens
2745 4377 2929 4448 πηγὴν
2968 4377 3310 4433 Βασιλακίηυ
3359 4379 3544 4432 dictum
3582 4361 3778 4448 ait._t\'0“-

2323 4469 2779 4536 quemadmodum
2845 4471 2924 4523 vir
2973 4471 3165 4526 doctus
3197 4473 3252 4526 in
3301 4471 3452 4524 novis
3499 4467 3556 4520 ad
3598 4445 3776 4516 Codittutli

2323 4558 2476 4614 Notis
2503 4576 2672 4630 nuper
2705 4562 2914 4624 docuit,
2949 4577 3072 4630 pag.
3127 4563 3223 4626 95,
3260 4564 3392 4618 edit.
3425 4539 3776 4629 Rt'gim,quodﬂi

2322 4650 2530 4717 effossis
2555 4648 2816 4704 Basilacii
2845 4653 3012 4706 oculis
3047 4654 3332 4722 sanguinis
3365 4651 3525 4720 fontes
3563 4641 3777 4706 eruntaut.

2325 4739 2378 4792 iu
2413 4753 2521 4810 quo
2554 4739 2688 4792 nihil
2725 4751 2996 4796 excaecato
3038 4740 3309 4794 Basilacio
3342 4737 3591 4810 proprium
3629 4726 3778 4784 fuittlil

2325 4831 2600 4894 omittam,
2626 4846 2732 4900 quo
2765 4841 2890 4886 tunc
2917 4833 3074 4886 modo
3108 4833 3498 4890 excaecationcs
3535 4827 3632 4879 ista
3657 4815 3780 4870 ﬁebat!

2325 4921 2633 4976 admotione
2662 4920 2878 4976 laminae
2923 4923 3234 4986 candentis,
3292 4920 3452 4975 videri
3484 4917 3600 4970 citra
3641 4902 3778 4996 missie-

2325 5025 2447 5064 nctn
2499 5011 2780 5080 sanguinis
2811 5011 3110 5079 perpetrari
3153 5013 3384 5078 solitas;
3417 5009 3501 5062 sed
3535 5001 3649 5074 quod
3671 5003 3776 5080 rotet

2327 5100 2469 5172 gerit
2511 5101 2772 5156 excatcari
2825 5099 3145 5154 Basilacium
3205 5115 3374 5170 prope
3431 5097 3606 5148 fontem
3647 5077 3777 5172 61th

2327 5163 2518 5246 deinde
2571 5205 2702 5248 casu
2759 5163 3230 5262 cognominatum.
3283 5163 3488 5242 Vidi-sis
3527 5187 3689 5238 Annam
3719 5163 3778 5264 sub

2323 5281 2558 5336 medium
2583 5280 2748 5336 librit
2780 5279 3112 5360 Corrigenda
3163 5278 3482 5354 hinc;obiter
3510 5283 3645 5360 prava
3664 5265 3775 5313 lectio.

2323 5381 2380 5426 ει
2408 5387 2472 5438 εις
2496 5387 2556 5436 ea
2593 5383 2720 5426 nata
2757 5387 2862 5428 non
2895 5357 3042 5430 recta
3092 5371 3467 5442 interpretatio
3496 5363 3582 5430 loci
3615 5357 3777 5442 (Συτοιης

2325 5463 2445 5518 latae
2471 5464 2523 5520 in
2555 5463 2860 5530 Botauiate,
2887 5481 3007 5536 pag.
3047 5464 3150 5526 866
3227 5441 3476 5518 editionis
3511 5441 3774 5540 Βεεζίίιιίιξ³δὲ

2337 5553 2525 5612 ἔκτοτε
2577 5556 2604 5606 ὁ
2649 5555 2814 5622 τόπος
2877 5556 3192 5626 ὠνόμασται
3255 5555 3444 5626 βρύσις
3501 5545 3580 5600 τοῦ
3629 5539 3774 5592 Βυυ-²’

2340 5647 2484 5700 κίοι).
2523 5645 2652 5712 Quin
2683 5647 2760 5700 sic
2815 5647 2990 5704 reddit
3035 5649 3306 5714 interpres
3337 5662 3350 5698 :
3381 5643 3444 5694 Et
3474 5654 3530 5692 ex
3554 5650 3601 5688 ro
3631 5627 3772 5686 terra!”

2325 5735 2470 5792 locus
2500 5737 2588 5792 ille
2639 5738 2936 5808 appellant;
2988 5750 3064 5793 est
3107 5740 3355 5808 fremitus
3383 5725 3620 5790 Basilacit'.
3646 5717 3771 5782 hic“
