  <div class='ocr_page' id='page_1' title='image "/cluster/home/n/w/nwhite01/storage/ocr_20150623/131/mdp.39015078384248/631.png"; bbox 0 0 4022 6282; ppageno 0'>
   <div class='ocr_carea' id='block_1_1' title="bbox 625 350 761 414">
    <p class='ocr_par' dir='ltr' id='par_1_1' title="bbox 625 350 761 414">
     <span class='ocr_line' id='line_1_1' title="bbox 625 350 761 414; baseline -0.022 0"><span class='ocrx_word' id='word_1_1' title='bbox 625 350 761 414; x_wconf 71' lang='lat'><strong>1:223</strong></span> 
     </span>
    </p>
   </div>
   <div class='ocr_carea' id='block_1_2' title="bbox 691 439 2191 518">
    <p class='ocr_par' dir='ltr' id='par_1_2' title="bbox 691 439 2191 518">
     <span class='ocr_line' id='line_1_2' title="bbox 691 439 2191 518; baseline -0.017 -4"><span class='ocrx_word' id='word_1_2' title='bbox 691 456 1106 514; x_wconf 69' lang='lat' dir='ltr'><strong>’Emdxortcr.</strong></span> <span class='ocrx_word' id='word_1_3' title='bbox 1139 451 1386 518; x_wconf 70' lang='lat' dir='ltr'><strong>Antiqua:</strong></span> <span class='ocrx_word' id='word_1_4' title='bbox 1431 443 1791 501; x_wconf 89' lang='lat' dir='ltr'><strong>institutionis</strong></span> <span class='ocrx_word' id='word_1_5' title='bbox 1821 457 1960 507; x_wconf 82' lang='lat' dir='ltr'><strong>vox;</strong></span> <span class='ocrx_word' id='word_1_6' title='bbox 2010 440 2103 494; x_wconf 85' lang='lat' dir='ltr'><strong>sed</strong></span> <span class='ocrx_word' id='word_1_7' title='bbox 2139 439 2191 489; x_wconf 83' lang='lat' dir='ltr'><strong>iit</strong></span> 
     </span>
    </p>
   </div>
   <div class='ocr_carea' id='block_1_3' title="bbox 625 531 2196 623">
    <p class='ocr_par' dir='ltr' id='par_1_3' title="bbox 625 531 2196 623">
     <span class='ocr_line' id='line_1_3' title="bbox 625 531 2196 623; baseline -0.014 -20"><span class='ocrx_word' id='word_1_8' title='bbox 625 567 730 623; x_wconf 79' lang='lat' dir='ltr'><strong>qna</strong></span> <span class='ocrx_word' id='word_1_9' title='bbox 770 548 1009 603; x_wconf 80' lang='lat' dir='ltr'><strong>nonnihil</strong></span> <span class='ocrx_word' id='word_1_10' title='bbox 1039 545 1192 598; x_wconf 83' lang='lat' dir='ltr'><strong>Anna</strong></span> <span class='ocrx_word' id='word_1_11' title='bbox 1227 553 1412 596; x_wconf 86' lang='lat' dir='ltr'><strong>nostra</strong></span> <span class='ocrx_word' id='word_1_12' title='bbox 1465 537 1801 606; x_wconf 81' lang='grc' dir='ltr'>καινοτομιϊ.</span> <span class='ocrx_word' id='word_1_13' title='bbox 1858 532 1912 588; x_wconf 88' lang='lat' dir='ltr'><strong>Id</strong></span> <span class='ocrx_word' id='word_1_14' title='bbox 1958 547 2064 602; x_wconf 87' lang='lat' dir='ltr'><strong>quo</strong></span> <span class='ocrx_word' id='word_1_15' title='bbox 2113 531 2196 582; x_wconf 89' lang='lat' dir='ltr'><strong>in-</strong></span> 
     </span>
    </p>
   </div>
   <div class='ocr_carea' id='block_1_4' title="bbox 627 627 2196 710">
    <p class='ocr_par' dir='ltr' id='par_1_4' title="bbox 627 627 2196 710">
     <span class='ocr_line' id='line_1_4' title="bbox 627 627 2196 710; baseline -0.015 -13"><span class='ocrx_word' id='word_1_16' title='bbox 627 645 917 710; x_wconf 77' lang='lat' dir='ltr'><strong>telligatur,</strong></span> <span class='ocrx_word' id='word_1_17' title='bbox 952 653 1112 708; x_wconf 86' lang='lat' dir='ltr'><strong>quam</strong></span> <span class='ocrx_word' id='word_1_18' title='bbox 1152 633 1487 696; x_wconf 89' lang='lat' dir='ltr'><strong>necessario,</strong></span> <span class='ocrx_word' id='word_1_19' title='bbox 1525 641 1630 684; x_wconf 90' lang='lat' dir='ltr'><strong>tam</strong></span> <span class='ocrx_word' id='word_1_20' title='bbox 1671 627 1906 682; x_wconf 81' lang='lat' dir='ltr'><strong>breviter</strong></span> <span class='ocrx_word' id='word_1_21' title='bbox 1946 633 2196 692; x_wconf 86' lang='lat' dir='ltr'><strong>repeten-</strong></span> 
     </span>
    </p>
   </div>
   <div class='ocr_carea' id='block_1_5' title="bbox 625 719 2202 803">
    <p class='ocr_par' dir='ltr' id='par_1_5' title="bbox 625 719 2202 803">
     <span class='ocr_line' id='line_1_5' title="bbox 625 719 2202 803; baseline -0.015 -11"><span class='ocrx_word' id='word_1_22' title='bbox 625 743 749 792; x_wconf 86' lang='lat' dir='ltr'><strong>dum</strong></span> <span class='ocrx_word' id='word_1_23' title='bbox 783 748 886 800; x_wconf 83' lang='lat' dir='ltr'><strong>est,</strong></span> <span class='ocrx_word' id='word_1_24' title='bbox 919 734 1059 803; x_wconf 84' lang='lat' dir='ltr'><strong>quod</strong></span> <span class='ocrx_word' id='word_1_25' title='bbox 1099 731 1338 785; x_wconf 90' lang='lat' dir='ltr'><strong>notiouis</strong></span> <span class='ocrx_word' id='word_1_26' title='bbox 1384 729 1506 781; x_wconf 89' lang='lat' dir='ltr'><strong>huic</strong></span> <span class='ocrx_word' id='word_1_27' title='bbox 1548 727 1716 779; x_wconf 85' lang='lat' dir='ltr'><strong>verbo</strong></span> <span class='ocrx_word' id='word_1_28' title='bbox 1749 719 2083 789; x_wconf 90' lang='lat' dir='ltr'><strong>subjeceriut</strong></span> <span class='ocrx_word' id='word_1_29' title='bbox 2109 731 2202 770; x_wconf 81' lang='lat' dir='ltr'><strong>ve—</strong></span> 
     </span>
    </p>
   </div>
   <div class='ocr_carea' id='block_1_6' title="bbox 627 808 2202 886">
    <p class='ocr_par' dir='ltr' id='par_1_6' title="bbox 627 808 2202 886">
     <span class='ocr_line' id='line_1_6' title="bbox 627 808 2202 886; baseline -0.014 -6"><span class='ocrx_word' id='word_1_30' title='bbox 627 841 790 881; x_wconf 83' lang='lat' dir='ltr'><strong>teres.</strong></span> <span class='ocrx_word' id='word_1_31' title='bbox 862 824 1177 879; x_wconf 74' lang='lat' dir='ltr'><strong>Eustathius</strong></span> <span class='ocrx_word' id='word_1_32' title='bbox 1227 822 1291 873; x_wconf 88' lang='lat' dir='ltr'><strong>ad</strong></span> <span class='ocrx_word' id='word_1_33' title='bbox 1363 819 1559 886; x_wconf 78' lang='lat' dir='ltr'><strong>Odyss.</strong></span> <span class='ocrx_word' id='word_1_34' title='bbox 1615 833 1652 882; x_wconf 86' lang='grc' dir='ltr'><strong>η</strong></span> <span class='ocrx_word' id='word_1_35' title='bbox 1701 829 1716 865; x_wconf 89' lang='lat'><strong>:</strong></span> <span class='ocrx_word' id='word_1_36' title='bbox 1763 810 2107 866; x_wconf 81' lang='grc' dir='ltr'>Ἐπισκννίου</span> <span class='ocrx_word' id='word_1_37' title='bbox 2167 808 2202 876; x_wconf 84' lang='grc' dir='ltr'>ἡ</span> 
     </span>
    </p>
   </div>
   <div class='ocr_carea' id='block_1_7' title="bbox 628 899 2203 986">
    <p class='ocr_par' dir='ltr' id='par_1_7' title="bbox 628 899 2203 986">
     <span class='ocr_line' id='line_1_7' title="bbox 628 899 2203 986; baseline -0.013 -16"><span class='ocrx_word' id='word_1_38' title='bbox 628 915 898 986; x_wconf 80' lang='grc' dir='ltr'><strong>ἑρμηνεία</strong></span> <span class='ocrx_word' id='word_1_39' title='bbox 947 913 1098 981; x_wconf 77' lang='grc' dir='ltr'>παρὰ</span> <span class='ocrx_word' id='word_1_40' title='bbox 1147 913 1261 972; x_wconf 82' lang='grc' dir='ltr'>τοῖς</span> <span class='ocrx_word' id='word_1_41' title='bbox 1323 909 1575 968; x_wconf 74' lang='grc' dir='ltr'><strong>παλαιοῖς</strong></span> <span class='ocrx_word' id='word_1_42' title='bbox 1634 904 1814 973; x_wconf 73' lang='grc' dir='ltr'>αὖτηο</span> <span class='ocrx_word' id='word_1_43' title='bbox 1882 899 2203 954; x_wconf 76' lang='grc' dir='ltr'><strong>ἐπισκύνιον</strong></span> 
     </span>
    </p>
   </div>
   <div class='ocr_carea' id='block_1_8' title="bbox 627 989 2202 1076">
    <p class='ocr_par' dir='ltr' id='par_1_8' title="bbox 627 989 2202 1076">
     <span class='ocr_line' id='line_1_8' title="bbox 627 989 2202 1076; baseline -0.011 -16"><span class='ocrx_word' id='word_1_44' title='bbox 627 1011 770 1076; x_wconf 66' lang='grc' dir='ltr'>ὑπὲρ</span> <span class='ocrx_word' id='word_1_45' title='bbox 831 1005 1003 1074; x_wconf 76' lang='grc' dir='ltr'>ὀφρὺν</span> <span class='ocrx_word' id='word_1_46' title='bbox 1062 1000 1412 1071; x_wconf 78' lang='grc' dir='ltr'>ἐποφρύδιον.</span> <span class='ocrx_word' id='word_1_47' title='bbox 1486 999 1626 1051; x_wconf 91' lang='lat' dir='ltr'><strong>ldem</strong></span> <span class='ocrx_word' id='word_1_48' title='bbox 1688 994 1814 1049; x_wconf 83' lang='lat' dir='ltr'><strong>alibi</strong></span> <span class='ocrx_word' id='word_1_49' title='bbox 1871 1006 2063 1060; x_wconf 81' lang='lat' dir='ltr'><strong>nempe</strong></span> <span class='ocrx_word' id='word_1_50' title='bbox 2132 989 2202 1043; x_wconf 86' lang='lat' dir='ltr'><strong>ad</strong></span> 
     </span>
    </p>
   </div>
   <div class='ocr_carea' id='block_1_9' title="bbox 627 1081 2206 1166">
    <p class='ocr_par' dir='ltr' id='par_1_9' title="bbox 627 1081 2206 1166">
     <span class='ocr_line' id='line_1_9' title="bbox 627 1081 2206 1166; baseline -0.013 -14"><span class='ocrx_word' id='word_1_51' title='bbox 627 1097 792 1152; x_wconf 77' lang='lat' dir='ltr'><strong>Iliad.</strong></span> <span class='ocrx_word' id='word_1_52' title='bbox 819 1114 849 1166; x_wconf 90' lang='grc' dir='ltr'>ρ</span> <span class='ocrx_word' id='word_1_53' title='bbox 891 1120 901 1151; x_wconf 89' lang='grc'>;</span> <span class='ocrx_word' id='word_1_54' title='bbox 947 1094 1296 1147; x_wconf 84' lang='grc' dir='ltr'>Ἐπισκύνιον</span> <span class='ocrx_word' id='word_1_55' title='bbox 1337 1091 1393 1144; x_wconf 85' lang='grc' dir='ltr'><strong>δέ</strong></span> <span class='ocrx_word' id='word_1_56' title='bbox 1432 1091 1571 1151; x_wconf 85' lang='grc' dir='ltr'>ἐστι,</span> <span class='ocrx_word' id='word_1_57' title='bbox 1605 1088 1744 1140; x_wconf 79' lang='grc' dir='ltr'>κατὰ</span> <span class='ocrx_word' id='word_1_58' title='bbox 1780 1085 1908 1146; x_wconf 76' lang='grc' dir='ltr'>τοὺς</span> <span class='ocrx_word' id='word_1_59' title='bbox 1940 1081 2206 1142; x_wconf 74' lang='grc' dir='ltr'>παλαιοὺς</span> 
     </span>
    </p>
   </div>
   <div class='ocr_carea' id='block_1_10' title="bbox 627 1173 2201 1254">
    <p class='ocr_par' dir='ltr' id='par_1_10' title="bbox 627 1173 2201 1254">
     <span class='ocr_line' id='line_1_10' title="bbox 627 1173 2201 1254; baseline -0.011 -15"><span class='ocrx_word' id='word_1_60' title='bbox 627 1190 824 1251; x_wconf 79' lang='grc' dir='ltr'>εἰπεῖν,</span> <span class='ocrx_word' id='word_1_61' title='bbox 868 1185 1160 1254; x_wconf 79' lang='grc' dir='ltr'>ἐπίδερμ.ον</span> <span class='ocrx_word' id='word_1_62' title='bbox 1196 1182 1223 1234; x_wconf 84' lang='grc' dir='ltr'>ὃ</span> <span class='ocrx_word' id='word_1_63' title='bbox 1270 1179 1598 1248; x_wconf 84' lang='grc' dir='ltr'>ἐπιχαλᾶται</span> <span class='ocrx_word' id='word_1_64' title='bbox 1649 1179 1763 1238; x_wconf 83' lang='grc' dir='ltr'>τοῖς</span> <span class='ocrx_word' id='word_1_65' title='bbox 1809 1174 1919 1226; x_wconf 84' lang='grc' dir='ltr'><strong>τῶν</strong></span> <span class='ocrx_word' id='word_1_66' title='bbox 1967 1173 2201 1224; x_wconf 78' lang='grc' dir='ltr'>λεόντων</span> 
     </span>
    </p>
   </div>
   <div class='ocr_carea' id='block_1_11' title="bbox 629 1262 2204 1348">
    <p class='ocr_par' dir='ltr' id='par_1_11' title="bbox 629 1262 2204 1348">
     <span class='ocr_line' id='line_1_11' title="bbox 629 1262 2204 1348; baseline -0.01 -18"><span class='ocrx_word' id='word_1_67' title='bbox 629 1280 932 1348; x_wconf 75' lang='grc' dir='ltr'><strong>ὀφθαλμοῖς</strong></span> <span class='ocrx_word' id='word_1_68' title='bbox 964 1277 1059 1329; x_wconf 70' lang='grc' dir='ltr'><strong>καὶ</strong></span> <span class='ocrx_word' id='word_1_69' title='bbox 1087 1274 1357 1328; x_wconf 81' lang='grc' dir='ltr'><strong>καλύπτει</strong></span> <span class='ocrx_word' id='word_1_70' title='bbox 1387 1271 1589 1332; x_wconf 75' lang='grc' dir='ltr'>αὐτοὺς</span> <span class='ocrx_word' id='word_1_71' title='bbox 1623 1266 1852 1338; x_wconf 78' lang='grc' dir='ltr'>προνοίᾳ</span> <span class='ocrx_word' id='word_1_72' title='bbox 1884 1263 2120 1333; x_wconf 85' lang='grc' dir='ltr'>φύσεως,</span> <span class='ocrx_word' id='word_1_73' title='bbox 2145 1262 2204 1315; x_wconf 88' lang='grc' dir='ltr'><strong>ού</strong></span> 
     </span>
    </p>
   </div>
   <div class='ocr_carea' id='block_1_12' title="bbox 628 1357 2207 1436">
    <p class='ocr_par' dir='ltr' id='par_1_12' title="bbox 628 1357 2207 1436">
     <span class='ocr_line' id='line_1_12' title="bbox 628 1357 2207 1436; baseline -0.011 -12"><span class='ocrx_word' id='word_1_74' title='bbox 628 1372 885 1424; x_wconf 80' lang='grc' dir='ltr'>τοσοῦτον</span> <span class='ocrx_word' id='word_1_75' title='bbox 913 1369 1001 1421; x_wconf 83' lang='grc' dir='ltr'>διὰ</span> <span class='ocrx_word' id='word_1_76' title='bbox 1040 1367 1212 1436; x_wconf 83' lang='grc' dir='ltr'>θυμὸν</span> <span class='ocrx_word' id='word_1_77' title='bbox 1244 1367 1334 1419; x_wconf 84' lang='grc' dir='ltr'><strong>ὅτε</strong></span> <span class='ocrx_word' id='word_1_78' title='bbox 1377 1363 1638 1428; x_wconf 79' lang='grc' dir='ltr'>σκύζεται</span> <span class='ocrx_word' id='word_1_79' title='bbox 1670 1361 1730 1414; x_wconf 84' lang='grc' dir='ltr'><strong>τὸ</strong></span> <span class='ocrx_word' id='word_1_80' title='bbox 1763 1360 1973 1428; x_wconf 84' lang='grc' dir='ltr'>Θηρίον,</span> <span class='ocrx_word' id='word_1_81' title='bbox 2001 1357 2028 1409; x_wconf 86' lang='grc' dir='ltr'><strong>ὅ</strong></span> <span class='ocrx_word' id='word_1_82' title='bbox 2059 1358 2207 1408; x_wconf 87' lang='grc' dir='ltr'>ἐστιν</span> 
     </span>
    </p>
   </div>
   <div class='ocr_carea' id='block_1_13' title="bbox 553 1449 2209 1532">
    <p class='ocr_par' dir='ltr' id='par_1_13' title="bbox 553 1449 2209 1532">
     <span class='ocr_line' id='line_1_13' title="bbox 553 1449 2209 1532; baseline -0.013 -13"><span class='ocrx_word' id='word_1_83' title='bbox 553 1515 560 1520; x_wconf 73' lang='lat'><strong>.</strong></span> <span class='ocrx_word' id='word_1_84' title='bbox 630 1464 935 1532; x_wconf 76' lang='grc' dir='ltr'><strong>ὀργίζεται,</strong></span> <span class='ocrx_word' id='word_1_85' title='bbox 969 1463 1093 1513; x_wconf 83' lang='grc' dir='ltr'>ὅσον</span> <span class='ocrx_word' id='word_1_86' title='bbox 1135 1460 1247 1522; x_wconf 81' lang='grc' dir='ltr'>ἵνα,</span> <span class='ocrx_word' id='word_1_87' title='bbox 1311 1457 1386 1526; x_wconf 81' lang='grc' dir='ltr'>μὴ</span> <span class='ocrx_word' id='word_1_88' title='bbox 1421 1456 1633 1526; x_wconf 78' lang='grc' dir='ltr'>βλέπων</span> <span class='ocrx_word' id='word_1_89' title='bbox 1668 1453 1738 1505; x_wconf 84' lang='grc' dir='ltr'><strong>τὰ</strong></span> <span class='ocrx_word' id='word_1_90' title='bbox 1766 1449 2209 1520; x_wconf 77' lang='grc' dir='ltr'>ἐπιρῤιπτόμενα</span> 
     </span>
    </p>
   </div>
   <div class='ocr_carea' id='block_1_14' title="bbox 635 1541 2212 1628">
    <p class='ocr_par' dir='ltr' id='par_1_14' title="bbox 635 1541 2212 1628">
     <span class='ocr_line' id='line_1_14' title="bbox 635 1541 2212 1628; baseline -0.011 -19"><span class='ocrx_word' id='word_1_91' title='bbox 635 1558 788 1628; x_wconf 84' lang='grc' dir='ltr'>βέλη,</span> <span class='ocrx_word' id='word_1_92' title='bbox 813 1555 1166 1624; x_wconf 81' lang='grc' dir='ltr'>δειλαίνηται.</span> <span class='ocrx_word' id='word_1_93' title='bbox 1191 1551 1268 1605; x_wconf 85' lang='lat' dir='ltr'><strong>Ex</strong></span> <span class='ocrx_word' id='word_1_94' title='bbox 1302 1551 1404 1615; x_wconf 92' lang='lat' dir='ltr'><strong>his,</strong></span> <span class='ocrx_word' id='word_1_95' title='bbox 1432 1549 1682 1616; x_wconf 89' lang='lat' dir='ltr'><strong>adjuncto</strong></span> <span class='ocrx_word' id='word_1_96' title='bbox 1715 1545 2004 1600; x_wconf 86' lang='lat' dir='ltr'><strong>scholiaste</strong></span> <span class='ocrx_word' id='word_1_97' title='bbox 2025 1541 2212 1594; x_wconf 80' lang='lat' dir='ltr'><strong>NiCan-</strong></span> 
     </span>
    </p>
   </div>
   <div class='ocr_carea' id='block_1_15' title="bbox 634 1631 2210 1715">
    <p class='ocr_par' dir='ltr' id='par_1_15' title="bbox 634 1631 2210 1715">
     <span class='ocr_line' id='line_1_15' title="bbox 634 1631 2210 1715; baseline -0.011 -13"><span class='ocrx_word' id='word_1_98' title='bbox 634 1651 714 1702; x_wconf 88' lang='lat' dir='ltr'><strong>dri</strong></span> <span class='ocrx_word' id='word_1_99' title='bbox 751 1651 842 1715; x_wconf 86' lang='lat' dir='ltr'><strong>qui</strong></span> <span class='ocrx_word' id='word_1_100' title='bbox 899 1645 1217 1698; x_wconf 75' lang='grc' dir='ltr'>ἐπισκύνιον</span> <span class='ocrx_word' id='word_1_101' title='bbox 1249 1658 1370 1695; x_wconf 80' lang='lat' dir='ltr'><strong>esse</strong></span> <span class='ocrx_word' id='word_1_102' title='bbox 1391 1641 1466 1694; x_wconf 88' lang='lat' dir='ltr'><strong>ait</strong></span> <span class='ocrx_word' id='word_1_103' title='bbox 1488 1639 1548 1692; x_wconf 85' lang='grc' dir='ltr'>τδ</span> <span class='ocrx_word' id='word_1_104' title='bbox 1568 1638 1753 1691; x_wconf 73' lang='grc' dir='ltr'>ἐπάνω</span> <span class='ocrx_word' id='word_1_105' title='bbox 1775 1636 1884 1689; x_wconf 82' lang='grc' dir='ltr'>τῶν</span> <span class='ocrx_word' id='word_1_106' title='bbox 1915 1631 2210 1702; x_wconf 80' lang='grc' dir='ltr'>ὀφθαλμῶν</span> 
     </span>
    </p>
   </div>
   <div class='ocr_carea' id='block_1_16' title="bbox 638 1723 2213 1812">
    <p class='ocr_par' dir='ltr' id='par_1_16' title="bbox 638 1723 2213 1812">
     <span class='ocr_line' id='line_1_16' title="bbox 638 1723 2213 1812; baseline -0.011 -18"><span class='ocrx_word' id='word_1_107' title='bbox 638 1743 824 1812; x_wconf 84' lang='grc' dir='ltr'>μέρος,</span> <span class='ocrx_word' id='word_1_108' title='bbox 866 1741 984 1810; x_wconf 74' lang='grc' dir='ltr'>ἢτοι</span> <span class='ocrx_word' id='word_1_109' title='bbox 1020 1739 1237 1808; x_wconf 80' lang='grc' dir='ltr'>δέρμα,</span> <span class='ocrx_word' id='word_1_110' title='bbox 1284 1738 1416 1790; x_wconf 90' lang='lat' dir='ltr'><strong>satis</strong></span> <span class='ocrx_word' id='word_1_111' title='bbox 1441 1741 1654 1786; x_wconf 77' lang='lat' dir='ltr'><strong>constat</strong></span> <span class='ocrx_word' id='word_1_112' title='bbox 1694 1729 1795 1802; x_wconf 59' lang='grc' dir='ltr'>ιιιιο</span> <span class='ocrx_word' id='word_1_113' title='bbox 1834 1725 2099 1780; x_wconf 84' lang='lat' dir='ltr'><strong>vocabulo</strong></span> <span class='ocrx_word' id='word_1_114' title='bbox 2138 1723 2213 1777; x_wconf 83' lang='lat' dir='ltr'><strong>si-</strong></span> 
     </span>
    </p>
   </div>
   <div class='ocr_carea' id='block_1_17' title="bbox 633 1823 2213 1903">
    <p class='ocr_par' dir='ltr' id='par_1_17' title="bbox 633 1823 2213 1903">
     <span class='ocr_line' id='line_1_17' title="bbox 633 1823 2213 1903; baseline -0.012 -16"><span class='ocrx_word' id='word_1_115' title='bbox 633 1835 878 1903; x_wconf 84' lang='lat' dir='ltr'><strong>gniticari</strong></span> <span class='ocrx_word' id='word_1_116' title='bbox 919 1834 1107 1900; x_wconf 88' lang='lat' dir='ltr'><strong>pellem</strong></span> <span class='ocrx_word' id='word_1_117' title='bbox 1139 1827 1510 1883; x_wconf 86' lang='lat' dir='ltr'><strong>imminentem</strong></span> <span class='ocrx_word' id='word_1_118' title='bbox 1542 1823 1742 1884; x_wconf 90' lang='lat' dir='ltr'><strong>oculis,</strong></span> <span class='ocrx_word' id='word_1_119' title='bbox 1769 1835 1822 1875; x_wconf 90' lang='lat' dir='ltr'><strong>et</strong></span> <span class='ocrx_word' id='word_1_120' title='bbox 1848 1837 1944 1874; x_wconf 80' lang='lat' dir='ltr'><strong>eos</strong></span> <span class='ocrx_word' id='word_1_121' title='bbox 1979 1829 2213 1887; x_wconf 86' lang='lat' dir='ltr'><strong>superne</strong></span> 
     </span>
    </p>
   </div>
   <div class='ocr_carea' id='block_1_18' title="bbox 637 1907 2213 1994">
    <p class='ocr_par' dir='ltr' id='par_1_18' title="bbox 637 1907 2213 1994">
     <span class='ocr_line' id='line_1_18' title="bbox 637 1907 2213 1994; baseline -0.012 -16"><span class='ocrx_word' id='word_1_122' title='bbox 637 1934 1026 1994; x_wconf 82' lang='lat' dir='ltr'><strong>protegentent,</strong></span> <span class='ocrx_word' id='word_1_123' title='bbox 1081 1936 1200 1990; x_wconf 74' lang='lat' dir='ltr'><strong>quae</strong></span> <span class='ocrx_word' id='word_1_124' title='bbox 1236 1921 1287 1972; x_wconf 91' lang='lat' dir='ltr'><strong>in</strong></span> <span class='ocrx_word' id='word_1_125' title='bbox 1331 1917 1577 1971; x_wconf 89' lang='lat' dir='ltr'><strong>leonibus</strong></span> <span class='ocrx_word' id='word_1_126' title='bbox 1634 1912 1809 1966; x_wconf 90' lang='lat' dir='ltr'><strong>laxior</strong></span> <span class='ocrx_word' id='word_1_127' title='bbox 1857 1920 1960 1975; x_wconf 89' lang='lat' dir='ltr'><strong>est,</strong></span> <span class='ocrx_word' id='word_1_128' title='bbox 2013 1919 2066 1964; x_wconf 90' lang='lat' dir='ltr'><strong>et</strong></span> <span class='ocrx_word' id='word_1_129' title='bbox 2118 1907 2213 1960; x_wconf 84' lang='lat' dir='ltr'><strong>de-</strong></span> 
     </span>
    </p>
   </div>
   <div class='ocr_carea' id='block_1_19' title="bbox 637 1999 2212 2075">
    <p class='ocr_par' dir='ltr' id='par_1_19' title="bbox 637 1999 2212 2075">
     <span class='ocr_line' id='line_1_19' title="bbox 637 1999 2212 2075; baseline -0.013 -3"><span class='ocrx_word' id='word_1_130' title='bbox 637 2017 773 2072; x_wconf 84' lang='lat' dir='ltr'><strong>mitti</strong></span> <span class='ocrx_word' id='word_1_131' title='bbox 803 2018 943 2070; x_wconf 88' lang='lat' dir='ltr'><strong>solet</strong></span> <span class='ocrx_word' id='word_1_132' title='bbox 995 2029 1114 2067; x_wconf 87' lang='lat' dir='ltr'><strong>cum</strong></span> <span class='ocrx_word' id='word_1_133' title='bbox 1159 2012 1239 2064; x_wconf 91' lang='lat' dir='ltr'><strong>ira</strong></span> <span class='ocrx_word' id='word_1_134' title='bbox 1297 2008 1567 2070; x_wconf 88' lang='lat' dir='ltr'><strong>feruntur,</strong></span> <span class='ocrx_word' id='word_1_135' title='bbox 1612 2003 1951 2075; x_wconf 83' lang='lat' dir='ltr'><strong>providentia</strong></span> <span class='ocrx_word' id='word_1_136' title='bbox 1981 1999 2212 2070; x_wconf 83' lang='lat' dir='ltr'><strong>quadam</strong></span> 
     </span>
    </p>
   </div>
   <div class='ocr_carea' id='block_1_20' title="bbox 638 2095 2214 2173">
    <p class='ocr_par' dir='ltr' id='par_1_20' title="bbox 638 2095 2214 2173">
     <span class='ocr_line' id='line_1_20' title="bbox 638 2095 2214 2173; baseline -0.012 -10"><span class='ocrx_word' id='word_1_137' title='bbox 638 2118 845 2163; x_wconf 81' lang='lat' dir='ltr'><strong>natura:</strong></span> <span class='ocrx_word' id='word_1_138' title='bbox 881 2106 932 2159; x_wconf 91' lang='lat' dir='ltr'><strong>id</strong></span> <span class='ocrx_word' id='word_1_139' title='bbox 958 2103 1186 2173; x_wconf 75' lang='lat' dir='ltr'><strong>agentis,</strong></span> <span class='ocrx_word' id='word_1_140' title='bbox 1225 2115 1291 2153; x_wconf 90' lang='lat' dir='ltr'><strong>ne</strong></span> <span class='ocrx_word' id='word_1_141' title='bbox 1316 2108 1610 2167; x_wconf 89' lang='lat' dir='ltr'><strong>conspectu</strong></span> <span class='ocrx_word' id='word_1_142' title='bbox 1643 2095 1872 2149; x_wconf 88' lang='lat' dir='ltr'><strong>telorum</strong></span> <span class='ocrx_word' id='word_1_143' title='bbox 1910 2106 2214 2161; x_wconf 80' lang='lat' dir='ltr'><strong>generosus</strong></span> 
     </span>
    </p>
   </div>
   <div class='ocr_carea' id='block_1_21' title="bbox 639 2183 2216 2268">
    <p class='ocr_par' dir='ltr' id='par_1_21' title="bbox 639 2183 2216 2268">
     <span class='ocr_line' id='line_1_21' title="bbox 639 2183 2216 2268; baseline -0.011 -15"><span class='ocrx_word' id='word_1_144' title='bbox 639 2202 869 2268; x_wconf 82' lang='lat' dir='ltr'><strong>impetus</strong></span> <span class='ocrx_word' id='word_1_145' title='bbox 894 2199 1009 2261; x_wconf 83' lang='lat' dir='ltr'><strong>ejus</strong></span> <span class='ocrx_word' id='word_1_146' title='bbox 1041 2196 1224 2249; x_wconf 76' lang='lat' dir='ltr'><strong>bestiae</strong></span> <span class='ocrx_word' id='word_1_147' title='bbox 1256 2192 1583 2254; x_wconf 84' lang='lat' dir='ltr'><strong>retardetur,</strong></span> <span class='ocrx_word' id='word_1_148' title='bbox 1638 2203 1758 2258; x_wconf 65' lang='lat' dir='ltr'><strong>quae</strong></span> <span class='ocrx_word' id='word_1_149' title='bbox 1791 2185 1919 2240; x_wconf 88' lang='lat' dir='ltr'><strong>inde</strong></span> <span class='ocrx_word' id='word_1_150' title='bbox 1951 2183 2126 2240; x_wconf 87' lang='lat' dir='ltr'><strong>audax</strong></span> <span class='ocrx_word' id='word_1_151' title='bbox 2160 2193 2216 2237; x_wconf 90' lang='lat' dir='ltr'><strong>et</strong></span> 
     </span>
    </p>
   </div>
   <div class='ocr_carea' id='block_1_22' title="bbox 640 2275 2218 2355">
    <p class='ocr_par' dir='ltr' id='par_1_22' title="bbox 640 2275 2218 2355">
     <span class='ocr_line' id='line_1_22' title="bbox 640 2275 2218 2355; baseline -0.013 -10"><span class='ocrx_word' id='word_1_152' title='bbox 640 2293 796 2345; x_wconf 86' lang='lat' dir='ltr'><strong>fortis</strong></span> <span class='ocrx_word' id='word_1_153' title='bbox 820 2289 1001 2350; x_wconf 83' lang='lat' dir='ltr'><strong>irruit,</strong></span> <span class='ocrx_word' id='word_1_154' title='bbox 1030 2289 1170 2355; x_wconf 86' lang='lat' dir='ltr'><strong>quod</strong></span> <span class='ocrx_word' id='word_1_155' title='bbox 1205 2300 1345 2339; x_wconf 65' lang='lat' dir='ltr'><strong>caeca</strong></span> <span class='ocrx_word' id='word_1_156' title='bbox 1387 2281 1535 2336; x_wconf 87' lang='lat' dir='ltr'><strong>rabie</strong></span> <span class='ocrx_word' id='word_1_157' title='bbox 1582 2294 1821 2350; x_wconf 77' lang='lat' dir='ltr'><strong>praeceps</strong></span> <span class='ocrx_word' id='word_1_158' title='bbox 1857 2277 2062 2342; x_wconf 81' lang='lat' dir='ltr'><strong>fertur;</strong></span> <span class='ocrx_word' id='word_1_159' title='bbox 2102 2275 2218 2344; x_wconf 78' lang='lat' dir='ltr'><strong>pel-</strong></span> 
     </span>
    </p>
   </div>
   <div class='ocr_carea' id='block_1_23' title="bbox 639 2368 2217 2448">
    <p class='ocr_par' dir='ltr' id='par_1_23' title="bbox 639 2368 2217 2448">
     <span class='ocr_line' id='line_1_23' title="bbox 639 2368 2217 2448; baseline -0.01 -12"><span class='ocrx_word' id='word_1_160' title='bbox 639 2383 778 2436; x_wconf 88' lang='lat' dir='ltr'><strong>libus</strong></span> <span class='ocrx_word' id='word_1_161' title='bbox 802 2379 1217 2448; x_wconf 84' lang='lat' dir='ltr'><strong>superciliorum</strong></span> <span class='ocrx_word' id='word_1_162' title='bbox 1249 2391 1314 2430; x_wconf 91' lang='lat' dir='ltr'><strong>eo</strong></span> <span class='ocrx_word' id='word_1_163' title='bbox 1362 2375 1484 2429; x_wconf 76' lang='lat' dir='ltr'><strong>sese</strong></span> <span class='ocrx_word' id='word_1_164' title='bbox 1521 2372 1746 2426; x_wconf 87' lang='lat' dir='ltr'><strong>inferius</strong></span> <span class='ocrx_word' id='word_1_165' title='bbox 1789 2368 2217 2431; x_wconf 85' lang='lat' dir='ltr'><strong>demittentibus,</strong></span> 
     </span>
    </p>
   </div>
   <div class='ocr_carea' id='block_1_24' title="bbox 639 2460 2218 2544">
    <p class='ocr_par' dir='ltr' id='par_1_24' title="bbox 639 2460 2218 2544">
     <span class='ocr_line' id='line_1_24' title="bbox 639 2460 2218 2544; baseline -0.011 -15"><span class='ocrx_word' id='word_1_166' title='bbox 639 2491 748 2544; x_wconf 86' lang='lat' dir='ltr'><strong>quo</strong></span> <span class='ocrx_word' id='word_1_167' title='bbox 780 2474 857 2526; x_wconf 90' lang='lat' dir='ltr'><strong>ira</strong></span> <span class='ocrx_word' id='word_1_168' title='bbox 908 2470 1100 2541; x_wconf 85' lang='lat' dir='ltr'><strong>majori</strong></span> <span class='ocrx_word' id='word_1_169' title='bbox 1155 2467 1466 2522; x_wconf 73' lang='lat' dir='ltr'><strong>effervescit</strong></span> <span class='ocrx_word' id='word_1_170' title='bbox 1518 2465 1729 2520; x_wconf 86' lang='lat' dir='ltr'><strong>irritata</strong></span> <span class='ocrx_word' id='word_1_171' title='bbox 1782 2462 1981 2516; x_wconf 86' lang='lat' dir='ltr'><strong>bellua.</strong></span> <span class='ocrx_word' id='word_1_172' title='bbox 2037 2460 2218 2526; x_wconf 84' lang='lat' dir='ltr'><strong>Quare</strong></span> 
     </span>
    </p>
   </div>
   <div class='ocr_carea' id='block_1_25' title="bbox 641 2553 2215 2628">
    <p class='ocr_par' dir='ltr' id='par_1_25' title="bbox 641 2553 2215 2628">
     <span class='ocr_line' id='line_1_25' title="bbox 641 2553 2215 2628; baseline -0.01 -10"><span class='ocrx_word' id='word_1_173' title='bbox 641 2567 773 2618; x_wconf 79' lang='lat' dir='ltr'><strong>illud</strong></span> <span class='ocrx_word' id='word_1_174' title='bbox 823 2579 888 2617; x_wconf 85' lang='lat' dir='ltr'><strong>ex</strong></span> <span class='ocrx_word' id='word_1_175' title='bbox 950 2572 1159 2615; x_wconf 71' lang='lat' dir='ltr'><strong>naturae</strong></span> <span class='ocrx_word' id='word_1_176' title='bbox 1213 2557 1448 2628; x_wconf 87' lang='lat' dir='ltr'><strong>peritia,</strong></span> <span class='ocrx_word' id='word_1_177' title='bbox 1511 2557 1577 2609; x_wconf 89' lang='lat' dir='ltr'><strong>ad</strong></span> <span class='ocrx_word' id='word_1_178' title='bbox 1647 2553 1847 2609; x_wconf 87' lang='lat' dir='ltr'><strong>furoris</strong></span> <span class='ocrx_word' id='word_1_179' title='bbox 1913 2553 2215 2620; x_wconf 80' lang='lat' dir='ltr'><strong>emphasim</strong></span> 
     </span>
    </p>
   </div>
   <div class='ocr_carea' id='block_1_26' title="bbox 641 2643 2222 2708">
    <p class='ocr_par' dir='ltr' id='par_1_26' title="bbox 641 2643 2222 2708">
     <span class='ocr_line' id='line_1_26' title="bbox 641 2643 2222 2708; baseline -0.008 -2"><span class='ocrx_word' id='word_1_180' title='bbox 641 2651 1101 2708; x_wconf 69' lang='lat' dir='ltr'><strong>vehementissimi</strong></span> <span class='ocrx_word' id='word_1_181' title='bbox 1154 2652 1222 2703; x_wconf 87' lang='lat' dir='ltr'><strong>ab</strong></span> <span class='ocrx_word' id='word_1_182' title='bbox 1282 2646 1516 2702; x_wconf 86' lang='lat' dir='ltr'><strong>Homero</strong></span> <span class='ocrx_word' id='word_1_183' title='bbox 1568 2643 1637 2700; x_wconf 84' lang='lat' dir='ltr'><strong>de</strong></span> <span class='ocrx_word' id='word_1_184' title='bbox 1688 2644 1843 2699; x_wconf 87' lang='lat' dir='ltr'><strong>leone</strong></span> <span class='ocrx_word' id='word_1_185' title='bbox 1881 2643 2081 2698; x_wconf 82' lang='lat' dir='ltr'><strong>dictum</strong></span> <span class='ocrx_word' id='word_1_186' title='bbox 2137 2653 2222 2696; x_wconf 89' lang='lat' dir='ltr'><strong>cst</strong></span> 
     </span>
    </p>
   </div>
   <div class='ocr_carea' id='block_1_27' title="bbox 641 2745 914 2814">
    <p class='ocr_par' dir='ltr' id='par_1_27' title="bbox 641 2745 914 2814">
     <span class='ocr_line' id='line_1_27' title="bbox 641 2745 914 2814; baseline -0.011 -16"><span class='ocrx_word' id='word_1_187' title='bbox 641 2745 806 2798; x_wconf 79' lang='lat' dir='ltr'><strong>Iliad.</strong></span> <span class='ocrx_word' id='word_1_188' title='bbox 843 2762 873 2814; x_wconf 91' lang='grc' dir='ltr'><strong>ρ</strong></span> <span class='ocrx_word' id='word_1_189' title='bbox 901 2761 914 2795; x_wconf 87' lang='lat'><strong>:</strong></span> 
     </span>
    </p>
   </div>
   <div class='ocr_carea' id='block_1_28' title="bbox 647 2847 2202 2912">
    <p class='ocr_par' dir='ltr' id='par_1_28' title="bbox 647 2847 2202 2912">
     <span class='ocr_line' id='line_1_28' title="bbox 647 2847 2202 2912; baseline -0.006 -2"><span class='ocrx_word' id='word_1_190' title='bbox 647 2859 760 2912; x_wconf 84' lang='grc' dir='ltr'><strong>Πᾶν</strong></span> <span class='ocrx_word' id='word_1_191' title='bbox 793 2856 848 2909; x_wconf 80' lang='grc' dir='ltr'><strong>δέ</strong></span> <span class='ocrx_word' id='word_1_192' title='bbox 880 2857 926 2909; x_wconf 81' lang='grc' dir='ltr'>τ’</span> <span class='ocrx_word' id='word_1_193' title='bbox 952 2855 1262 2908; x_wconf 82' lang='grc' dir='ltr'>ἐπισκύνιον</span> <span class='ocrx_word' id='word_1_194' title='bbox 1293 2852 1445 2906; x_wconf 85' lang='grc' dir='ltr'>κάτω</span> <span class='ocrx_word' id='word_1_195' title='bbox 1477 2852 1698 2904; x_wconf 72' lang='grc' dir='ltr'>ἕλκεται</span> <span class='ocrx_word' id='word_1_196' title='bbox 1729 2848 1857 2902; x_wconf 77' lang='grc' dir='ltr'>ὄσσε</span> <span class='ocrx_word' id='word_1_197' title='bbox 1902 2847 2202 2902; x_wconf 84' lang='grc' dir='ltr'>καλύπτον.</span> 
     </span>
    </p>
   </div>
   <div class='ocr_carea' id='block_1_29' title="bbox 647 2961 2220 3034">
    <p class='ocr_par' dir='ltr' id='par_1_29' title="bbox 647 2961 2220 3034">
     <span class='ocr_line' id='line_1_29' title="bbox 647 2961 2220 3034; baseline -0.008 -8"><span class='ocrx_word' id='word_1_198' title='bbox 647 2975 788 3026; x_wconf 86' lang='lat' dir='ltr'><strong>Hinc</strong></span> <span class='ocrx_word' id='word_1_199' title='bbox 819 2972 1105 3026; x_wconf 69' lang='lat' dir='ltr'><strong>timsarissa</strong></span> <span class='ocrx_word' id='word_1_200' title='bbox 1137 2979 1321 3023; x_wconf 89' lang='lat' dir='ltr'><strong>nostra</strong></span> <span class='ocrx_word' id='word_1_201' title='bbox 1358 2965 1645 3034; x_wconf 81' lang='lat' dir='ltr'><strong>imaginem</strong></span> <span class='ocrx_word' id='word_1_202' title='bbox 1691 2972 1932 3017; x_wconf 87' lang='lat' dir='ltr'><strong>mutuata</strong></span> <span class='ocrx_word' id='word_1_203' title='bbox 1983 2971 2064 3015; x_wconf 91' lang='lat' dir='ltr'><strong>est</strong></span> <span class='ocrx_word' id='word_1_204' title='bbox 2113 2961 2220 3014; x_wconf 90' lang='lat' dir='ltr'><strong>ele-</strong></span> 
     </span>
    </p>
   </div>
   <div class='ocr_carea' id='block_1_30' title="bbox 642 3052 2214 3135">
    <p class='ocr_par' dir='ltr' id='par_1_30' title="bbox 642 3052 2214 3135">
     <span class='ocr_line' id='line_1_30' title="bbox 642 3052 2214 3135; baseline -0.01 -15"><span class='ocrx_word' id='word_1_205' title='bbox 642 3066 820 3135; x_wconf 83' lang='lat' dir='ltr'><strong>gantis</strong></span> <span class='ocrx_word' id='word_1_206' title='bbox 857 3063 1142 3132; x_wconf 52' lang='lat' dir='ltr'><strong>allegoriae,</strong></span> <span class='ocrx_word' id='word_1_207' title='bbox 1181 3058 1510 3114; x_wconf 83' lang='lat' dir='ltr'><strong>transferens</strong></span> <span class='ocrx_word' id='word_1_208' title='bbox 1538 3054 1853 3109; x_wconf 78' lang='grc' dir='ltr'>ἐπισκύνιον</span> <span class='ocrx_word' id='word_1_209' title='bbox 1901 3054 1966 3107; x_wconf 89' lang='lat' dir='ltr'><strong>ad</strong></span> <span class='ocrx_word' id='word_1_210' title='bbox 2008 3052 2214 3121; x_wconf 85' lang='lat' dir='ltr'><strong>signiti-</strong></span> 
     </span>
    </p>
   </div>
   <div class='ocr_carea' id='block_1_31' title="bbox 641 3145 2220 3226">
    <p class='ocr_par' dir='ltr' id='par_1_31' title="bbox 641 3145 2220 3226">
     <span class='ocr_line' id='line_1_31' title="bbox 641 3145 2220 3226; baseline -0.008 -14"><span class='ocrx_word' id='word_1_211' title='bbox 641 3158 873 3212; x_wconf 85' lang='lat' dir='ltr'><strong>eandum</strong></span> <span class='ocrx_word' id='word_1_212' title='bbox 907 3156 1103 3226; x_wconf 82' lang='lat' dir='ltr'><strong>capitis</strong></span> <span class='ocrx_word' id='word_1_213' title='bbox 1141 3165 1351 3224; x_wconf 81' lang='lat' dir='ltr'><strong>tegmen</strong></span> <span class='ocrx_word' id='word_1_214' title='bbox 1378 3151 1632 3206; x_wconf 86' lang='lat' dir='ltr'><strong>usitatum</strong></span> <span class='ocrx_word' id='word_1_215' title='bbox 1670 3146 2066 3213; x_wconf 86' lang='lat' dir='ltr'><strong>professoribus</strong></span> <span class='ocrx_word' id='word_1_216' title='bbox 2096 3145 2220 3200; x_wconf 71' lang='lat' dir='ltr'><strong>vita:</strong></span> 
     </span>
    </p>
   </div>
   <div class='ocr_carea' id='block_1_32' title="bbox 643 3235 2228 3316">
    <p class='ocr_par' dir='ltr' id='par_1_32' title="bbox 643 3235 2228 3316">
     <span class='ocr_line' id='line_1_32' title="bbox 643 3235 2228 3316; baseline -0.01 -11"><span class='ocrx_word' id='word_1_217' title='bbox 643 3252 981 3313; x_wconf 71' lang='lat' dir='ltr'><strong>monasticae,</strong></span> <span class='ocrx_word' id='word_1_218' title='bbox 1013 3247 1152 3316; x_wconf 90' lang='lat' dir='ltr'><strong>quod</strong></span> <span class='ocrx_word' id='word_1_219' title='bbox 1198 3247 1310 3314; x_wconf 91' lang='lat' dir='ltr'><strong>ipsa</strong></span> <span class='ocrx_word' id='word_1_220' title='bbox 1347 3243 1610 3297; x_wconf 80' lang='lat' dir='ltr'><strong>ruculium</strong></span> <span class='ocrx_word' id='word_1_221' title='bbox 1637 3240 1760 3294; x_wconf 86' lang='lat' dir='ltr'><strong>alibi</strong></span> <span class='ocrx_word' id='word_1_222' title='bbox 1797 3247 1977 3292; x_wconf 79' lang='lat' dir='ltr'><strong>vocat.</strong></span> <span class='ocrx_word' id='word_1_223' title='bbox 2007 3237 2059 3290; x_wconf 89' lang='lat' dir='ltr'><strong>Id</strong></span> <span class='ocrx_word' id='word_1_224' title='bbox 2092 3235 2228 3290; x_wconf 87' lang='lat' dir='ltr'><strong>solet</strong></span> 
     </span>
    </p>
   </div>
   <div class='ocr_carea' id='block_1_33' title="bbox 644 3325 2226 3408">
    <p class='ocr_par' dir='ltr' id='par_1_33' title="bbox 644 3325 2226 3408">
     <span class='ocr_line' id='line_1_33' title="bbox 644 3325 2226 3408; baseline -0.009 -14"><span class='ocrx_word' id='word_1_225' title='bbox 644 3345 708 3394; x_wconf 80' lang='lat' dir='ltr'><strong>ad</strong></span> <span class='ocrx_word' id='word_1_226' title='bbox 742 3340 1014 3408; x_wconf 71' lang='lat' dir='ltr'><strong>specimen</strong></span> <span class='ocrx_word' id='word_1_227' title='bbox 1068 3336 1343 3390; x_wconf 63' lang='lat' dir='ltr'><strong>modestiae</strong></span> <span class='ocrx_word' id='word_1_228' title='bbox 1393 3335 1548 3400; x_wconf 87' lang='lat' dir='ltr'><strong>longe</strong></span> <span class='ocrx_word' id='word_1_229' title='bbox 1603 3330 1740 3384; x_wconf 87' lang='lat' dir='ltr'><strong>infra</strong></span> <span class='ocrx_word' id='word_1_230' title='bbox 1797 3331 1983 3384; x_wconf 90' lang='lat' dir='ltr'><strong>oculos</strong></span> <span class='ocrx_word' id='word_1_231' title='bbox 2018 3325 2226 3381; x_wconf 84' lang='lat' dir='ltr'><strong>demitti</strong></span> 
     </span>
    </p>
   </div>
   <div class='ocr_carea' id='block_1_34' title="bbox 643 3418 2223 3495">
    <p class='ocr_par' dir='ltr' id='par_1_34' title="bbox 643 3418 2223 3495">
     <span class='ocr_line' id='line_1_34' title="bbox 643 3418 2223 3495; baseline -0.01 -9"><span class='ocrx_word' id='word_1_232' title='bbox 643 3443 699 3487; x_wconf 88' lang='lat' dir='ltr'><strong>et</strong></span> <span class='ocrx_word' id='word_1_233' title='bbox 728 3431 928 3483; x_wconf 81' lang='lat' dir='ltr'><strong>vultum</strong></span> <span class='ocrx_word' id='word_1_234' title='bbox 961 3436 1124 3495; x_wconf 89' lang='lat' dir='ltr'><strong>atque</strong></span> <span class='ocrx_word' id='word_1_235' title='bbox 1178 3441 1240 3478; x_wconf 86' lang='lat' dir='ltr'><strong>os</strong></span> <span class='ocrx_word' id='word_1_236' title='bbox 1273 3425 1621 3487; x_wconf 88' lang='lat' dir='ltr'><strong>inutnbrare;</strong></span> <span class='ocrx_word' id='word_1_237' title='bbox 1659 3421 2039 3487; x_wconf 87' lang='lat' dir='ltr'><strong>tristitiamque</strong></span> <span class='ocrx_word' id='word_1_238' title='bbox 2080 3418 2223 3472; x_wconf 83' lang='lat' dir='ltr'><strong>illaut</strong></span> 
     </span>
    </p>
   </div>
   <div class='ocr_carea' id='block_1_35' title="bbox 660 3511 2223 3584">
    <p class='ocr_par' dir='ltr' id='par_1_35' title="bbox 660 3511 2223 3584">
     <span class='ocr_line' id='line_1_35' title="bbox 660 3511 2223 3584; baseline -0.009 -12"><span class='ocrx_word' id='word_1_239' title='bbox 660 3519 1020 3575; x_wconf 73' lang='lat' dir='ltr'><strong>venerabilem</strong></span> <span class='ocrx_word' id='word_1_240' title='bbox 1062 3527 1115 3570; x_wconf 90' lang='lat' dir='ltr'><strong>et</strong></span> <span class='ocrx_word' id='word_1_241' title='bbox 1150 3515 1454 3584; x_wconf 81' lang='lat' dir='ltr'><strong>religiosam</strong></span> <span class='ocrx_word' id='word_1_242' title='bbox 1501 3513 1756 3566; x_wconf 88' lang='lat' dir='ltr'><strong>inducere</strong></span> <span class='ocrx_word' id='word_1_243' title='bbox 1781 3551 1798 3575; x_wconf 92' lang='lat'><strong>,</strong></span> <span class='ocrx_word' id='word_1_244' title='bbox 1845 3525 1966 3578; x_wconf 65' lang='lat' dir='ltr'><strong>quae</strong></span> <span class='ocrx_word' id='word_1_245' title='bbox 2018 3511 2178 3563; x_wconf 87' lang='lat' dir='ltr'><strong>etiam</strong></span> <span class='ocrx_word' id='word_1_246' title='bbox 2207 3545 2223 3572; x_wconf 98' lang='lat'><strong>,</strong></span> 
     </span>
    </p>
   </div>
   <div class='ocr_carea' id='block_1_36' title="bbox 649 3597 2226 3667">
    <p class='ocr_par' dir='ltr' id='par_1_36' title="bbox 649 3597 2226 3667">
     <span class='ocr_line' id='line_1_36' title="bbox 649 3597 2226 3667; baseline -0.008 -4"><span class='ocrx_word' id='word_1_247' title='bbox 649 3626 752 3663; x_wconf 91' lang='lat' dir='ltr'><strong>non</strong></span> <span class='ocrx_word' id='word_1_248' title='bbox 784 3608 864 3663; x_wconf 87' lang='lat' dir='ltr'><strong>ira</strong></span> <span class='ocrx_word' id='word_1_249' title='bbox 920 3606 1032 3658; x_wconf 91' lang='lat' dir='ltr'><strong>sola</strong></span> <span class='ocrx_word' id='word_1_250' title='bbox 1060 3640 1076 3666; x_wconf 94' lang='lat'><strong>,</strong></span> <span class='ocrx_word' id='word_1_251' title='bbox 1128 3603 1292 3656; x_wconf 87' lang='lat' dir='ltr'><strong>verbo</strong></span> <span class='ocrx_word' id='word_1_252' title='bbox 1343 3598 1564 3664; x_wconf 78' lang='grc' dir='ltr'>σκύζειν</span> <span class='ocrx_word' id='word_1_253' title='bbox 1599 3611 1650 3652; x_wconf 87' lang='lat' dir='ltr'><strong>et</strong></span> <span class='ocrx_word' id='word_1_254' title='bbox 1701 3598 2052 3667; x_wconf 83' lang='grc' dir='ltr'>σκυδμαίνειν</span> <span class='ocrx_word' id='word_1_255' title='bbox 2083 3597 2226 3650; x_wconf 84' lang='lat' dir='ltr'><strong>unde</strong></span> 
     </span>
    </p>
   </div>
   <div class='ocr_carea' id='block_1_37' title="bbox 647 3689 2224 3762">
    <p class='ocr_par' dir='ltr' id='par_1_37' title="bbox 647 3689 2224 3762">
     <span class='ocr_line' id='line_1_37' title="bbox 647 3689 2224 3762; baseline -0.008 -9"><span class='ocrx_word' id='word_1_256' title='bbox 647 3709 732 3754; x_wconf 87' lang='lat' dir='ltr'><strong>est</strong></span> <span class='ocrx_word' id='word_1_257' title='bbox 770 3696 1122 3756; x_wconf 81' lang='grc' dir='ltr'>ἐπισκύνιον,</span> <span class='ocrx_word' id='word_1_258' title='bbox 1154 3693 1490 3762; x_wconf 80' lang='lat' dir='ltr'><strong>designatur,</strong></span> <span class='ocrx_word' id='word_1_259' title='bbox 1548 3689 1594 3744; x_wconf 84' lang='lat' dir='ltr'><strong>si</strong></span> <span class='ocrx_word' id='word_1_260' title='bbox 1657 3691 1813 3744; x_wconf 89' lang='lat' dir='ltr'><strong>bouis</strong></span> <span class='ocrx_word' id='word_1_261' title='bbox 1857 3689 2224 3758; x_wconf 75' lang='lat' dir='ltr'><strong>grammaticis</strong></span> 
     </span>
    </p>
   </div>
   <div class='ocr_carea' id='block_1_38' title="bbox 647 3780 2227 3855">
    <p class='ocr_par' dir='ltr' id='par_1_38' title="bbox 647 3780 2227 3855">
     <span class='ocr_line' id='line_1_38' title="bbox 647 3780 2227 3855; baseline -0.006 -11"><span class='ocrx_word' id='word_1_262' title='bbox 647 3780 922 3844; x_wconf 82' lang='lat' dir='ltr'><strong>credimus</strong></span> <span class='ocrx_word' id='word_1_263' title='bbox 962 3805 975 3840; x_wconf 90' lang='lat'><strong>:</strong></span> <span class='ocrx_word' id='word_1_264' title='bbox 1017 3786 1108 3855; x_wconf 91' lang='lat' dir='ltr'><strong>qui</strong></span> <span class='ocrx_word' id='word_1_265' title='bbox 1158 3799 1266 3839; x_wconf 93' lang='lat' dir='ltr'><strong>non</strong></span> <span class='ocrx_word' id='word_1_266' title='bbox 1298 3783 1727 3853; x_wconf 88' lang='lat' dir='ltr'><strong>improbabiliter</strong></span> <span class='ocrx_word' id='word_1_267' title='bbox 1759 3789 2046 3835; x_wconf 87' lang='lat' dir='ltr'><strong>autumant</strong></span> <span class='ocrx_word' id='word_1_268' title='bbox 2101 3781 2227 3834; x_wconf 85' lang='lat' dir='ltr'><strong>inde</strong></span> 
     </span>
    </p>
   </div>
   <div class='ocr_carea' id='block_1_39' title="bbox 645 3873 2224 3950">
    <p class='ocr_par' dir='ltr' id='par_1_39' title="bbox 645 3873 2224 3950">
     <span class='ocr_line' id='line_1_39' title="bbox 645 3873 2224 3950; baseline -0.009 -13"><span class='ocrx_word' id='word_1_269' title='bbox 645 3897 768 3937; x_wconf 78' lang='lat' dir='ltr'><strong>esse</strong></span> <span class='ocrx_word' id='word_1_270' title='bbox 796 3878 1343 3950; x_wconf 85' lang='lat' dir='ltr'><strong>inctagramtuatismo</strong></span> <span class='ocrx_word' id='word_1_271' title='bbox 1381 3877 1614 3946; x_wconf 88' lang='lat' dir='ltr'><strong>quodam</strong></span> <span class='ocrx_word' id='word_1_272' title='bbox 1664 3875 1726 3928; x_wconf 84' lang='grc' dir='ltr'><strong>τὸ</strong></span> <span class='ocrx_word' id='word_1_273' title='bbox 1760 3873 2083 3944; x_wconf 78' lang='grc' dir='ltr'>σκυθρωπὸν</span> <span class='ocrx_word' id='word_1_274' title='bbox 2130 3873 2224 3924; x_wconf 79' lang='grc' dir='ltr'><strong>καὶ</strong></span> 
     </span>
    </p>
   </div>
   <div class='ocr_carea' id='block_1_40' title="bbox 654 3966 2224 4044">
    <p class='ocr_par' dir='ltr' id='par_1_40' title="bbox 654 3966 2224 4044">
     <span class='ocr_line' id='line_1_40' title="bbox 654 3966 2224 4044; baseline -0.006 -17"><span class='ocrx_word' id='word_1_275' title='bbox 654 3971 1098 4044; x_wconf 77' lang='grc' dir='ltr'>σκυθρωπάζειν.</span> <span class='ocrx_word' id='word_1_276' title='bbox 1144 3969 1282 4023; x_wconf 77' lang='lat' dir='ltr'><strong>Alibi</strong></span> <span class='ocrx_word' id='word_1_277' title='bbox 1317 3969 1480 4024; x_wconf 86' lang='lat' dir='ltr'><strong>etiam</strong></span> <span class='ocrx_word' id='word_1_278' title='bbox 1530 3966 1684 4021; x_wconf 84' lang='lat' dir='ltr'><strong>Anna</strong></span> <span class='ocrx_word' id='word_1_279' title='bbox 1731 3969 1916 4021; x_wconf 85' lang='lat' dir='ltr'><strong>eadem</strong></span> <span class='ocrx_word' id='word_1_280' title='bbox 1970 3979 2224 4019; x_wconf 83' lang='lat' dir='ltr'><strong>coronam</strong></span> 
     </span>
    </p>
   </div>
   <div class='ocr_carea' id='block_1_41' title="bbox 655 4056 2226 4133">
    <p class='ocr_par' dir='ltr' id='par_1_41' title="bbox 655 4056 2226 4133">
     <span class='ocr_line' id='line_1_41' title="bbox 655 4056 2226 4133; baseline -0.006 -14"><span class='ocrx_word' id='word_1_281' title='bbox 655 4065 982 4133; x_wconf 84' lang='lat' dir='ltr'><strong>imperialem</strong></span> <span class='ocrx_word' id='word_1_282' title='bbox 1017 4077 1251 4131; x_wconf 85' lang='lat' dir='ltr'><strong>superne</strong></span> <span class='ocrx_word' id='word_1_283' title='bbox 1279 4060 1514 4114; x_wconf 85' lang='lat' dir='ltr'><strong>clausam</strong></span> <span class='ocrx_word' id='word_1_284' title='bbox 1539 4067 1594 4112; x_wconf 89' lang='lat' dir='ltr'><strong>et</strong></span> <span class='ocrx_word' id='word_1_285' title='bbox 1615 4072 1904 4112; x_wconf 79' lang='lat' dir='ltr'><strong>concaVam</strong></span> <span class='ocrx_word' id='word_1_286' title='bbox 1931 4096 1946 4121; x_wconf 92' lang='lat'><strong>,</strong></span> <span class='ocrx_word' id='word_1_287' title='bbox 1985 4071 2047 4108; x_wconf 88' lang='lat' dir='ltr'><strong>ac</strong></span> <span class='ocrx_word' id='word_1_288' title='bbox 2081 4056 2226 4109; x_wconf 85' lang='lat' dir='ltr'><strong>vide-</strong></span> 
     </span>
    </p>
   </div>
   <div class='ocr_carea' id='block_1_42' title="bbox 651 4146 2217 4220">
    <p class='ocr_par' dir='ltr' id='par_1_42' title="bbox 651 4146 2217 4220">
     <span class='ocr_line' id='line_1_42' title="bbox 651 4146 2217 4220; baseline -0.007 -13"><span class='ocrx_word' id='word_1_289' title='bbox 651 4156 775 4207; x_wconf 86' lang='lat' dir='ltr'><strong>licet</strong></span> <span class='ocrx_word' id='word_1_290' title='bbox 815 4155 1040 4204; x_wconf 89' lang='lat' dir='ltr'><strong>frontem</strong></span> <span class='ocrx_word' id='word_1_291' title='bbox 1072 4153 1238 4220; x_wconf 84' lang='lat' dir='ltr'><strong>ipsam</strong></span> <span class='ocrx_word' id='word_1_292' title='bbox 1267 4162 1436 4216; x_wconf 85' lang='lat' dir='ltr'><strong>usque</strong></span> <span class='ocrx_word' id='word_1_293' title='bbox 1487 4147 1552 4200; x_wconf 91' lang='lat' dir='ltr'><strong>ad</strong></span> <span class='ocrx_word' id='word_1_294' title='bbox 1602 4146 1886 4215; x_wconf 74' lang='lat' dir='ltr'><strong>superi-ilia</strong></span> <span class='ocrx_word' id='word_1_295' title='bbox 1927 4153 2217 4215; x_wconf 83' lang='lat' dir='ltr'><strong>tegentem,</strong></span> 
     </span>
    </p>
   </div>
   <div class='ocr_carea' id='block_1_43' title="bbox 661 4237 2228 4310">
    <p class='ocr_par' dir='ltr' id='par_1_43' title="bbox 661 4237 2228 4310">
     <span class='ocr_line' id='line_1_43' title="bbox 661 4237 2228 4310; baseline -0.004 -14"><span class='ocrx_word' id='word_1_296' title='bbox 661 4244 1015 4296; x_wconf 77' lang='lat' dir='ltr'><strong>translatione</strong></span> <span class='ocrx_word' id='word_1_297' title='bbox 1046 4258 1149 4296; x_wconf 91' lang='lat' dir='ltr'><strong>non</strong></span> <span class='ocrx_word' id='word_1_298' title='bbox 1208 4243 1388 4295; x_wconf 88' lang='lat' dir='ltr'><strong>minus</strong></span> <span class='ocrx_word' id='word_1_299' title='bbox 1429 4251 1572 4310; x_wconf 89' lang='lat' dir='ltr'><strong>apta,</strong></span> <span class='ocrx_word' id='word_1_300' title='bbox 1635 4238 1949 4292; x_wconf 77' lang='grc' dir='ltr'>ἐπισκύνιον</span> <span class='ocrx_word' id='word_1_301' title='bbox 1995 4237 2228 4306; x_wconf 78' lang='lat' dir='ltr'><strong>appellat</strong></span> 
     </span>
    </p>
   </div>
   <div class='ocr_carea' id='block_1_44' title="bbox 655 4335 857 4388">
    <p class='ocr_par' dir='ltr' id='par_1_44' title="bbox 655 4335 857 4388">
     <span class='ocr_line' id='line_1_44' title="bbox 655 4335 857 4388; baseline 0.005 -1"><span class='ocrx_word' id='word_1_302' title='bbox 655 4335 745 4388; x_wconf 90' lang='lat' dir='ltr'><strong>lih.</strong></span> <span class='ocrx_word' id='word_1_303' title='bbox 784 4351 857 4388; x_wconf 76' lang='lat' dir='ltr'><strong>Ix.</strong></span> 
     </span>
    </p>
   </div>
   <div class='ocr_carea' id='block_1_45' title="bbox 739 4420 2226 4488">
    <p class='ocr_par' dir='ltr' id='par_1_45' title="bbox 739 4420 2226 4488">
     <span class='ocr_line' id='line_1_45' title="bbox 739 4420 2226 4488; baseline -0.001 -12"><span class='ocrx_word' id='word_1_304' title='bbox 739 4424 1096 4488; x_wconf 66' lang='grc' dir='ltr'>Ἐπίσκοπή.</span> <span class='ocrx_word' id='word_1_305' title='bbox 1151 4424 1267 4477; x_wconf 84' lang='lat' dir='ltr'><strong>Lib.</strong></span> <span class='ocrx_word' id='word_1_306' title='bbox 1309 4439 1418 4478; x_wconf 82' lang='lat' dir='ltr'><strong>xiv.</strong></span> <span class='ocrx_word' id='word_1_307' title='bbox 1469 4420 1696 4478; x_wconf 77' lang='lat' dir='ltr'><strong>Videtur</strong></span> <span class='ocrx_word' id='word_1_308' title='bbox 1740 4437 1865 4477; x_wconf 87' lang='lat' dir='ltr'><strong>esse</strong></span> <span class='ocrx_word' id='word_1_309' title='bbox 1904 4423 2093 4476; x_wconf 89' lang='lat' dir='ltr'><strong>domus</strong></span> <span class='ocrx_word' id='word_1_310' title='bbox 2135 4431 2226 4475; x_wconf 90' lang='lat' dir='ltr'><strong>attt</strong></span> 
     </span>
    </p>
   </div>
   <div class='ocr_carea' id='block_1_46' title="bbox 657 4513 2217 4584">
    <p class='ocr_par' dir='ltr' id='par_1_46' title="bbox 657 4513 2217 4584">
     <span class='ocr_line' id='line_1_46' title="bbox 657 4513 2217 4584; baseline 0.001 -18"><span class='ocrx_word' id='word_1_311' title='bbox 657 4515 908 4581; x_wconf 87' lang='lat' dir='ltr'><strong>palatium</strong></span> <span class='ocrx_word' id='word_1_312' title='bbox 941 4517 1242 4582; x_wconf 81' lang='lat' dir='ltr'><strong>epierpale</strong></span> <span class='ocrx_word' id='word_1_313' title='bbox 1281 4515 1672 4584; x_wconf 82' lang='lat' dir='ltr'><strong>Tripolitanum</strong></span> <span class='ocrx_word' id='word_1_314' title='bbox 1720 4517 1770 4569; x_wconf 86' lang='lat' dir='ltr'><strong>iu</strong></span> <span class='ocrx_word' id='word_1_315' title='bbox 1818 4529 1924 4583; x_wconf 90' lang='lat' dir='ltr'><strong>quo</strong></span> <span class='ocrx_word' id='word_1_316' title='bbox 1980 4513 2126 4568; x_wconf 79' lang='lat' dir='ltr'><strong>velut</strong></span> <span class='ocrx_word' id='word_1_317' title='bbox 2166 4514 2217 4568; x_wconf 90' lang='lat' dir='ltr'><strong>in</strong></span> 
     </span>
    </p>
   </div>
   <div class='ocr_carea' id='block_1_47' title="bbox 657 4602 2222 4672">
    <p class='ocr_par' dir='ltr' id='par_1_47' title="bbox 657 4602 2222 4672">
     <span class='ocr_line' id='line_1_47' title="bbox 657 4602 2222 4672; baseline 0.001 -17"><span class='ocrx_word' id='word_1_318' title='bbox 657 4603 774 4655; x_wconf 86' lang='lat' dir='ltr'><strong>loco</strong></span> <span class='ocrx_word' id='word_1_319' title='bbox 800 4616 978 4668; x_wconf 83' lang='lat' dir='ltr'><strong>sacro,</strong></span> <span class='ocrx_word' id='word_1_320' title='bbox 1012 4602 1250 4670; x_wconf 82' lang='lat' dir='ltr'><strong>deposita</strong></span> <span class='ocrx_word' id='word_1_321' title='bbox 1289 4603 1630 4671; x_wconf 81' lang='lat' dir='ltr'><strong>imperatoris</strong></span> <span class='ocrx_word' id='word_1_322' title='bbox 1663 4605 1885 4672; x_wconf 84' lang='lat' dir='ltr'><strong>Pecunia</strong></span> <span class='ocrx_word' id='word_1_323' title='bbox 1915 4613 1995 4656; x_wconf 87' lang='lat' dir='ltr'><strong>est</strong></span> <span class='ocrx_word' id='word_1_324' title='bbox 2025 4619 2052 4656; x_wconf 91' lang='lat' dir='ltr'><strong>a</strong></span> <span class='ocrx_word' id='word_1_325' title='bbox 2079 4602 2222 4672; x_wconf 85' lang='lat' dir='ltr'><strong>lega-</strong></span> 
     </span>
    </p>
   </div>
   <div class='ocr_carea' id='block_1_48' title="bbox 663 4694 895 4762">
    <p class='ocr_par' dir='ltr' id='par_1_48' title="bbox 663 4694 895 4762">
     <span class='ocr_line' id='line_1_48' title="bbox 663 4694 895 4762; baseline -0.013 -12"><span class='ocrx_word' id='word_1_326' title='bbox 663 4698 699 4750; x_wconf 91' lang='lat' dir='ltr'><strong>ti</strong></span> <span class='ocrx_word' id='word_1_327' title='bbox 717 4727 730 4746; x_wconf 60' lang='grc' dir='ltr'><strong>ς</strong></span> <span class='ocrx_word' id='word_1_328' title='bbox 761 4694 895 4762; x_wconf 82' lang='lat' dir='ltr'><strong>ejus.</strong></span> 
     </span>
    </p>
   </div>
   <div class='ocr_carea' id='block_1_49' title="bbox 1405 4825 1466 4880">
    <p class='ocr_par' dir='ltr' id='par_1_49' title="bbox 1405 4825 1466 4880">
     <span class='ocr_line' id='line_1_49' title="bbox 1405 4825 1466 4880; baseline 0.049 -3"><span class='ocrx_word' id='word_1_329' title='bbox 1405 4825 1466 4880; x_wconf 91' lang='lat' dir='ltr'><strong>Z.</strong></span> 
     </span>
    </p>
   </div>
   <div class='ocr_carea' id='block_1_50' title="bbox 726 4963 2225 5034">
    <p class='ocr_par' dir='ltr' id='par_1_50' title="bbox 726 4963 2225 5034">
     <span class='ocr_line' id='line_1_50' title="bbox 726 4963 2225 5034; baseline 0 -14"><span class='ocrx_word' id='word_1_330' title='bbox 726 4967 1059 5032; x_wconf 77' lang='grc' dir='ltr'>Ζατρίκιον.</span> <span class='ocrx_word' id='word_1_331' title='bbox 1079 4963 1294 5032; x_wconf 82' lang='lat' dir='ltr'><strong>Accipio</strong></span> <span class='ocrx_word' id='word_1_332' title='bbox 1313 4965 1453 5018; x_wconf 89' lang='lat' dir='ltr'><strong>ultro</strong></span> <span class='ocrx_word' id='word_1_333' title='bbox 1477 4970 1531 5017; x_wconf 90' lang='lat' dir='ltr'><strong>et</strong></span> <span class='ocrx_word' id='word_1_334' title='bbox 1553 4963 1844 5034; x_wconf 87' lang='lat' dir='ltr'><strong>comprobo</strong></span> <span class='ocrx_word' id='word_1_335' title='bbox 1859 4963 2225 5033; x_wconf 83' lang='lat' dir='ltr'><strong>conjecturam</strong></span> 
     </span>
    </p>
   </div>
   <div class='ocr_carea' id='block_1_51' title="bbox 655 5055 2221 5128">
    <p class='ocr_par' dir='ltr' id='par_1_51' title="bbox 655 5055 2221 5128">
     <span class='ocr_line' id='line_1_51' title="bbox 655 5055 2221 5128; baseline 0.001 -16"><span class='ocrx_word' id='word_1_336' title='bbox 655 5058 872 5112; x_wconf 82' lang='lat' dir='ltr'><strong>Meursii</strong></span> <span class='ocrx_word' id='word_1_337' title='bbox 909 5055 1189 5127; x_wconf 82' lang='grc' dir='ltr'>ζατρίκιον</span> <span class='ocrx_word' id='word_1_338' title='bbox 1220 5058 1403 5110; x_wconf 85' lang='lat' dir='ltr'><strong>ludum</strong></span> <span class='ocrx_word' id='word_1_339' title='bbox 1432 5071 1552 5111; x_wconf 89' lang='lat' dir='ltr'><strong>esse</strong></span> <span class='ocrx_word' id='word_1_340' title='bbox 1586 5055 2038 5120; x_wconf 90' lang='lat' dir='ltr'><strong>latrunculorunt,</strong></span> <span class='ocrx_word' id='word_1_341' title='bbox 2064 5057 2221 5128; x_wconf 88' lang='lat' dir='ltr'><strong>vulgo</strong></span> 
     </span>
    </p>
   </div>
   <div class='ocr_carea' id='block_1_52' title="bbox 653 5147 2225 5218">
    <p class='ocr_par' dir='ltr' id='par_1_52' title="bbox 653 5147 2225 5218">
     <span class='ocr_line' id='line_1_52' title="bbox 653 5147 2225 5218; baseline -0.001 -14"><span class='ocrx_word' id='word_1_342' title='bbox 653 5152 1032 5214; x_wconf 85' lang='lat' dir='ltr'><strong>schaccorum,</strong></span> <span class='ocrx_word' id='word_1_343' title='bbox 1075 5147 1367 5216; x_wconf 85' lang='lat' dir='ltr'><strong>opinantis.</strong></span> <span class='ocrx_word' id='word_1_344' title='bbox 1418 5147 1562 5202; x_wconf 85' lang='lat' dir='ltr'><strong>Satis</strong></span> <span class='ocrx_word' id='word_1_345' title='bbox 1613 5148 1664 5202; x_wconf 87' lang='lat' dir='ltr'><strong>id</strong></span> <span class='ocrx_word' id='word_1_346' title='bbox 1717 5149 1946 5202; x_wconf 85' lang='lat' dir='ltr'><strong>suadent</strong></span> <span class='ocrx_word' id='word_1_347' title='bbox 1989 5163 2109 5218; x_wconf 72' lang='lat' dir='ltr'><strong>qua:</strong></span> <span class='ocrx_word' id='word_1_348' title='bbox 2158 5164 2225 5203; x_wconf 89' lang='lat' dir='ltr'><strong>ex</strong></span> 
     </span>
    </p>
   </div>
   <div class='ocr_carea' id='block_1_53' title="bbox 654 5239 2223 5309">
    <p class='ocr_par' dir='ltr' id='par_1_53' title="bbox 654 5239 2223 5309">
     <span class='ocr_line' id='line_1_53' title="bbox 654 5239 2223 5309; baseline -0.001 -14"><span class='ocrx_word' id='word_1_349' title='bbox 654 5244 911 5295; x_wconf 76' lang='lat' dir='ltr'><strong>Acltmete</strong></span> <span class='ocrx_word' id='word_1_350' title='bbox 941 5249 996 5293; x_wconf 92' lang='lat' dir='ltr'><strong>et</strong></span> <span class='ocrx_word' id='word_1_351' title='bbox 1033 5255 1300 5309; x_wconf 86' lang='lat' dir='ltr'><strong>anonymo</strong></span> <span class='ocrx_word' id='word_1_352' title='bbox 1353 5243 1418 5292; x_wconf 89' lang='lat' dir='ltr'><strong>de</strong></span> <span class='ocrx_word' id='word_1_353' title='bbox 1475 5251 1590 5294; x_wconf 87' lang='lat' dir='ltr'><strong>arte</strong></span> <span class='ocrx_word' id='word_1_354' title='bbox 1644 5239 1857 5294; x_wconf 79' lang='lat' dir='ltr'><strong>Persica</strong></span> <span class='ocrx_word' id='word_1_355' title='bbox 1919 5242 2223 5295; x_wconf 88' lang='lat' dir='ltr'><strong>testimonia</strong></span> 
     </span>
    </p>
   </div>
   <div class='ocr_carea' id='block_1_54' title="bbox 656 5327 2226 5398">
    <p class='ocr_par' dir='ltr' id='par_1_54' title="bbox 656 5327 2226 5398">
     <span class='ocr_line' id='line_1_54' title="bbox 656 5327 2226 5398; baseline 0 -15"><span class='ocrx_word' id='word_1_356' title='bbox 656 5331 869 5384; x_wconf 87' lang='lat' dir='ltr'><strong>recitat.</strong></span> <span class='ocrx_word' id='word_1_357' title='bbox 913 5327 1023 5383; x_wconf 81' lang='lat' dir='ltr'><strong>Nec</strong></span> <span class='ocrx_word' id='word_1_358' title='bbox 1058 5327 1262 5383; x_wconf 87' lang='lat' dir='ltr'><strong>abludit</strong></span> <span class='ocrx_word' id='word_1_359' title='bbox 1315 5329 1466 5381; x_wconf 76' lang='lat' dir='ltr'><strong>Anna</strong></span> <span class='ocrx_word' id='word_1_360' title='bbox 1499 5347 1512 5382; x_wconf 89' lang='lat'><strong>:</strong></span> <span class='ocrx_word' id='word_1_361' title='bbox 1546 5329 1697 5394; x_wconf 82' lang='lat' dir='ltr'><strong>Cujus</strong></span> <span class='ocrx_word' id='word_1_362' title='bbox 1747 5330 1984 5382; x_wconf 89' lang='lat' dir='ltr'><strong>narratio</strong></span> <span class='ocrx_word' id='word_1_363' title='bbox 2019 5328 2226 5398; x_wconf 83' lang='lat' dir='ltr'><strong>exigit,</strong></span> 
     </span>
    </p>
   </div>
   <div class='ocr_carea' id='block_1_55' title="bbox 660 5417 2220 5488">
    <p class='ocr_par' dir='ltr' id='par_1_55' title="bbox 660 5417 2220 5488">
     <span class='ocr_line' id='line_1_55' title="bbox 660 5417 2220 5488; baseline 0.001 -15"><span class='ocrx_word' id='word_1_364' title='bbox 660 5431 718 5474; x_wconf 89' lang='lat' dir='ltr'><strong>ut</strong></span> <span class='ocrx_word' id='word_1_365' title='bbox 748 5420 834 5475; x_wconf 84' lang='lat' dir='ltr'><strong>hic</strong></span> <span class='ocrx_word' id='word_1_366' title='bbox 872 5420 1029 5474; x_wconf 87' lang='lat' dir='ltr'><strong>ludus</strong></span> <span class='ocrx_word' id='word_1_367' title='bbox 1053 5417 1316 5488; x_wconf 86' lang='lat' dir='ltr'><strong>ejusmodi</strong></span> <span class='ocrx_word' id='word_1_368' title='bbox 1344 5418 1509 5473; x_wconf 82' lang='lat' dir='ltr'><strong>fuerit</strong></span> <span class='ocrx_word' id='word_1_369' title='bbox 1537 5420 1627 5487; x_wconf 91' lang='lat' dir='ltr'><strong>qui</strong></span> <span class='ocrx_word' id='word_1_370' title='bbox 1651 5436 1678 5470; x_wconf 90' lang='lat' dir='ltr'><strong>a</strong></span> <span class='ocrx_word' id='word_1_371' title='bbox 1709 5419 2041 5485; x_wconf 88' lang='lat' dir='ltr'><strong>sedentibus,</strong></span> <span class='ocrx_word' id='word_1_372' title='bbox 2063 5429 2220 5488; x_wconf 84' lang='lat' dir='ltr'><strong>atque</strong></span> 
     </span>
    </p>
   </div>
   <div class='ocr_carea' id='block_1_56' title="bbox 654 5509 2228 5579">
    <p class='ocr_par' dir='ltr' id='par_1_56' title="bbox 654 5509 2228 5579">
     <span class='ocr_line' id='line_1_56' title="bbox 654 5509 2228 5579; baseline -0.002 -15"><span class='ocrx_word' id='word_1_373' title='bbox 654 5513 791 5566; x_wconf 90' lang='lat' dir='ltr'><strong>adeo</strong></span> <span class='ocrx_word' id='word_1_374' title='bbox 826 5510 1283 5573; x_wconf 89' lang='lat' dir='ltr'><strong>recutnbeutibus,</strong></span> <span class='ocrx_word' id='word_1_375' title='bbox 1325 5517 1505 5578; x_wconf 85' lang='lat' dir='ltr'><strong>posset</strong></span> <span class='ocrx_word' id='word_1_376' title='bbox 1532 5509 1774 5564; x_wconf 79' lang='lat' dir='ltr'><strong>exerceri</strong></span> <span class='ocrx_word' id='word_1_377' title='bbox 1819 5527 1834 5563; x_wconf 88' lang='lat'><strong>:</strong></span> <span class='ocrx_word' id='word_1_378' title='bbox 1885 5512 2228 5579; x_wconf 86' lang='lat' dir='ltr'><strong>quandoqui-</strong></span> 
     </span>
    </p>
   </div>
   <div class='ocr_carea' id='block_1_57' title="bbox 660 5600 2227 5669">
    <p class='ocr_par' dir='ltr' id='par_1_57' title="bbox 660 5600 2227 5669">
     <span class='ocr_line' id='line_1_57' title="bbox 660 5600 2227 5669; baseline 0 -15"><span class='ocrx_word' id='word_1_379' title='bbox 660 5602 778 5654; x_wconf 86' lang='lat' dir='ltr'><strong>dem</strong></span> <span class='ocrx_word' id='word_1_380' title='bbox 810 5609 1018 5669; x_wconf 87' lang='lat' dir='ltr'><strong>patrem</strong></span> <span class='ocrx_word' id='word_1_381' title='bbox 1054 5615 1210 5653; x_wconf 87' lang='lat' dir='ltr'><strong>suutn</strong></span> <span class='ocrx_word' id='word_1_382' title='bbox 1240 5600 1338 5663; x_wconf 86' lang='lat' dir='ltr'><strong>ait,</strong></span> <span class='ocrx_word' id='word_1_383' title='bbox 1365 5600 1578 5653; x_wconf 75' lang='lat' dir='ltr'><strong>tzediuiu</strong></span> <span class='ocrx_word' id='word_1_384' title='bbox 1611 5601 1783 5655; x_wconf 89' lang='lat' dir='ltr'><strong>noctis</strong></span> <span class='ocrx_word' id='word_1_385' title='bbox 1826 5601 2087 5655; x_wconf 85' lang='lat' dir='ltr'><strong>insomnis</strong></span> <span class='ocrx_word' id='word_1_386' title='bbox 2137 5617 2227 5654; x_wconf 90' lang='lat' dir='ltr'><strong>ac-</strong></span> 
     </span>
    </p>
   </div>
   <div class='ocr_carea' id='block_1_58' title="bbox 658 5689 2227 5757">
    <p class='ocr_par' dir='ltr' id='par_1_58' title="bbox 658 5689 2227 5757">
     <span class='ocr_line' id='line_1_58' title="bbox 658 5689 2227 5757; baseline 0.002 -16"><span class='ocrx_word' id='word_1_387' title='bbox 658 5690 782 5743; x_wconf 86' lang='lat' dir='ltr'><strong>citis</strong></span> <span class='ocrx_word' id='word_1_388' title='bbox 811 5689 1180 5752; x_wconf 83' lang='lat' dir='ltr'><strong>collusoribus,</strong></span> <span class='ocrx_word' id='word_1_389' title='bbox 1214 5690 1284 5744; x_wconf 89' lang='lat' dir='ltr'><strong>ita</strong></span> <span class='ocrx_word' id='word_1_390' title='bbox 1316 5699 1374 5743; x_wconf 92' lang='lat' dir='ltr'><strong>ut</strong></span> <span class='ocrx_word' id='word_1_391' title='bbox 1403 5699 1539 5754; x_wconf 86' lang='lat' dir='ltr'><strong>erat,</strong></span> <span class='ocrx_word' id='word_1_392' title='bbox 1571 5689 1986 5744; x_wconf 87' lang='lat' dir='ltr'><strong>decunibeutem</strong></span> <span class='ocrx_word' id='word_1_393' title='bbox 2031 5692 2227 5757; x_wconf 79' lang='lat' dir='ltr'><strong>adhuc,</strong></span> 
     </span>
    </p>
   </div>
   <div class='ocr_carea' id='block_1_59' title="bbox 661 5778 2227 5850">
    <p class='ocr_par' dir='ltr' id='par_1_59' title="bbox 661 5778 2227 5850">
     <span class='ocr_line' id='line_1_59' title="bbox 661 5778 2227 5850; baseline 0.001 -16"><span class='ocrx_word' id='word_1_394' title='bbox 661 5791 788 5836; x_wconf 82' lang='lat' dir='ltr'><strong>ante</strong></span> <span class='ocrx_word' id='word_1_395' title='bbox 818 5778 1014 5844; x_wconf 84' lang='lat' dir='ltr'><strong>lucem,</strong></span> <span class='ocrx_word' id='word_1_396' title='bbox 1047 5781 1150 5837; x_wconf 90' lang='lat' dir='ltr'><strong>isto</strong></span> <span class='ocrx_word' id='word_1_397' title='bbox 1178 5779 1515 5837; x_wconf 85' lang='lat' dir='ltr'><strong>remissionis</strong></span> <span class='ocrx_word' id='word_1_398' title='bbox 1543 5796 1738 5850; x_wconf 78' lang='lat' dir='ltr'><strong>genere</strong></span> <span class='ocrx_word' id='word_1_399' title='bbox 1777 5779 2052 5848; x_wconf 75' lang='lat' dir='ltr'><strong>fefellisse,</strong></span> <span class='ocrx_word' id='word_1_400' title='bbox 2087 5783 2227 5850; x_wconf 84' lang='lat' dir='ltr'><strong>quod</strong></span> 
     </span>
    </p>
   </div>
   <div class='ocr_carea' id='block_1_60' title="bbox 1783 322 2690 394">
    <p class='ocr_par' dir='ltr' id='par_1_60' title="bbox 1783 322 2690 394">
     <span class='ocr_line' id='line_1_60' title="bbox 1783 322 2690 394; baseline -0.014 0"><span class='ocrx_word' id='word_1_401' title='bbox 1783 326 2278 394; x_wconf 79' lang='lat' dir='ltr'><strong>GLOSSARIUM</strong></span> <span class='ocrx_word' id='word_1_402' title='bbox 2321 322 2690 384; x_wconf 64' lang='lat' dir='ltr'><strong>ANNEUM.</strong></span> 
     </span>
    </p>
   </div>
   <div class='ocr_carea' id='block_1_61' title="bbox 3618 323 3713 386">
    <p class='ocr_par' dir='ltr' id='par_1_61' title="bbox 3618 323 3713 386">
     <span class='ocr_line' id='line_1_61' title="bbox 3618 323 3713 386; baseline 0.021 -2"><span class='ocrx_word' id='word_1_403' title='bbox 3618 323 3713 386; x_wconf 70' lang='grc'><strong>1224</strong></span> 
     </span>
    </p>
   </div>
   <div class='ocr_carea' id='block_1_62' title="bbox 2305 426 3715 499">
    <p class='ocr_par' dir='ltr' id='par_1_62' title="bbox 2305 426 3715 499">
     <span class='ocr_line' id='line_1_62' title="bbox 2305 426 3715 499; baseline -0.001 -11"><span class='ocrx_word' id='word_1_404' title='bbox 2305 449 2461 488; x_wconf 86' lang='lat' dir='ltr'><strong>nemo</strong></span> <span class='ocrx_word' id='word_1_405' title='bbox 2500 450 2605 487; x_wconf 89' lang='lat' dir='ltr'><strong>non</strong></span> <span class='ocrx_word' id='word_1_406' title='bbox 2640 432 2779 485; x_wconf 82' lang='lat' dir='ltr'><strong>videt</strong></span> <span class='ocrx_word' id='word_1_407' title='bbox 2814 440 2940 499; x_wconf 86' lang='lat' dir='ltr'><strong>apte</strong></span> <span class='ocrx_word' id='word_1_408' title='bbox 2979 426 3234 498; x_wconf 86' lang='lat' dir='ltr'><strong>quadrare</strong></span> <span class='ocrx_word' id='word_1_409' title='bbox 3263 427 3310 481; x_wconf 90' lang='lat' dir='ltr'><strong>in</strong></span> <span class='ocrx_word' id='word_1_410' title='bbox 3352 430 3623 486; x_wconf 79' lang='lat' dir='ltr'><strong>schaccoruin</strong></span> <span class='ocrx_word' id='word_1_411' title='bbox 3659 440 3715 487; x_wconf 90' lang='lat' dir='ltr'><strong>lu-</strong></span> 
     </span>
    </p>
   </div>
   <div class='ocr_carea' id='block_1_63' title="bbox 2298 519 3715 588">
    <p class='ocr_par' dir='ltr' id='par_1_63' title="bbox 2298 519 3715 588">
     <span class='ocr_line' id='line_1_63' title="bbox 2298 519 3715 588; baseline -0.001 -9"><span class='ocrx_word' id='word_1_412' title='bbox 2298 527 2447 580; x_wconf 87' lang='lat' dir='ltr'><strong>dttnt.</strong></span> <span class='ocrx_word' id='word_1_413' title='bbox 2473 525 2648 580; x_wconf 90' lang='lat' dir='ltr'><strong>Unum</strong></span> <span class='ocrx_word' id='word_1_414' title='bbox 2689 523 2878 586; x_wconf 87' lang='lat' dir='ltr'><strong>miror,</strong></span> <span class='ocrx_word' id='word_1_415' title='bbox 2911 521 3158 588; x_wconf 77' lang='lat' dir='ltr'><strong>excipere</strong></span> <span class='ocrx_word' id='word_1_416' title='bbox 3185 519 3451 583; x_wconf 78' lang='lat' dir='ltr'><strong>Meursitnn,</strong></span> <span class='ocrx_word' id='word_1_417' title='bbox 3480 526 3611 578; x_wconf 84' lang='lat' dir='ltr'><strong>minus</strong></span> <span class='ocrx_word' id='word_1_418' title='bbox 3646 527 3715 579; x_wconf 79' lang='lat' dir='ltr'><strong>sibi</strong></span> 
     </span>
    </p>
   </div>
   <div class='ocr_carea' id='block_1_64' title="bbox 2298 609 3721 686">
    <p class='ocr_par' dir='ltr' id='par_1_64' title="bbox 2298 609 3721 686">
     <span class='ocr_line' id='line_1_64' title="bbox 2298 609 3721 686; baseline -0.004 -15"><span class='ocrx_word' id='word_1_419' title='bbox 2298 635 2456 686; x_wconf 87' lang='lat' dir='ltr'><strong>quam</strong></span> <span class='ocrx_word' id='word_1_420' title='bbox 2493 617 2653 670; x_wconf 82' lang='lat' dir='ltr'><strong>vellet.</strong></span> <span class='ocrx_word' id='word_1_421' title='bbox 2707 615 2759 668; x_wconf 89' lang='lat' dir='ltr'><strong>itt</strong></span> <span class='ocrx_word' id='word_1_422' title='bbox 2801 615 2902 667; x_wconf 92' lang='lat' dir='ltr'><strong>hoc</strong></span> <span class='ocrx_word' id='word_1_423' title='bbox 2953 612 3131 664; x_wconf 80' lang='lat' dir='ltr'><strong>favere</strong></span> <span class='ocrx_word' id='word_1_424' title='bbox 3178 609 3417 664; x_wconf 85' lang='lat' dir='ltr'><strong>Theocriti</strong></span> <span class='ocrx_word' id='word_1_425' title='bbox 3460 613 3721 679; x_wconf 79' lang='lat' dir='ltr'><strong>schttliaslcn,</strong></span> 
     </span>
    </p>
   </div>
   <div class='ocr_carea' id='block_1_65' title="bbox 2297 702 3720 780">
    <p class='ocr_par' dir='ltr' id='par_1_65' title="bbox 2297 702 3720 780">
     <span class='ocr_line' id='line_1_65' title="bbox 2297 702 3720 780; baseline -0.005 -19"><span class='ocrx_word' id='word_1_426' title='bbox 2297 711 2448 780; x_wconf 85' lang='lat' dir='ltr'><strong>quasi</strong></span> <span class='ocrx_word' id='word_1_427' title='bbox 2484 712 2527 762; x_wconf 86' lang='lat' dir='ltr'><strong>is</strong></span> <span class='ocrx_word' id='word_1_428' title='bbox 2562 708 2739 776; x_wconf 87' lang='lat' dir='ltr'><strong>potius</strong></span> <span class='ocrx_word' id='word_1_429' title='bbox 2767 703 3050 775; x_wconf 76' lang='grc' dir='ltr'>ζατρικίον</span> <span class='ocrx_word' id='word_1_430' title='bbox 3079 717 3258 756; x_wconf 86' lang='lat' dir='ltr'><strong>nomen</strong></span> <span class='ocrx_word' id='word_1_431' title='bbox 3285 702 3341 754; x_wconf 86' lang='lat' dir='ltr'><strong>ad</strong></span> <span class='ocrx_word' id='word_1_432' title='bbox 3376 702 3630 757; x_wconf 86' lang='lat' dir='ltr'><strong>calculorum</strong></span> <span class='ocrx_word' id='word_1_433' title='bbox 3666 705 3720 756; x_wconf 83' lang='lat' dir='ltr'><strong>lu-</strong></span> 
     </span>
    </p>
   </div>
   <div class='ocr_carea' id='block_1_66' title="bbox 2299 793 3725 862">
    <p class='ocr_par' dir='ltr' id='par_1_66' title="bbox 2299 793 3725 862">
     <span class='ocr_line' id='line_1_66' title="bbox 2299 793 3725 862; baseline -0.005 -9"><span class='ocrx_word' id='word_1_434' title='bbox 2299 802 2424 853; x_wconf 89' lang='lat' dir='ltr'><strong>duttt</strong></span> <span class='ocrx_word' id='word_1_435' title='bbox 2461 798 2679 851; x_wconf 85' lang='lat' dir='ltr'><strong>referat.</strong></span> <span class='ocrx_word' id='word_1_436' title='bbox 2717 795 2790 848; x_wconf 85' lang='lat' dir='ltr'><strong>En</strong></span> <span class='ocrx_word' id='word_1_437' title='bbox 2823 794 3130 849; x_wconf 88' lang='lat' dir='ltr'><strong>scholiastis</strong></span> <span class='ocrx_word' id='word_1_438' title='bbox 3157 793 3300 862; x_wconf 88' lang='lat' dir='ltr'><strong>hujus</strong></span> <span class='ocrx_word' id='word_1_439' title='bbox 3329 793 3477 847; x_wconf 86' lang='lat' dir='ltr'><strong>locum</strong></span> <span class='ocrx_word' id='word_1_440' title='bbox 3516 795 3725 862; x_wconf 74' lang='lat' dir='ltr'><strong>integrum,</strong></span> 
     </span>
    </p>
   </div>
   <div class='ocr_carea' id='block_1_67' title="bbox 2300 885 3728 959">
    <p class='ocr_par' dir='ltr' id='par_1_67' title="bbox 2300 885 3728 959">
     <span class='ocr_line' id='line_1_67' title="bbox 2300 885 3728 959; baseline -0.002 -16"><span class='ocrx_word' id='word_1_441' title='bbox 2300 907 2456 959; x_wconf 88' lang='lat' dir='ltr'><strong>quem</strong></span> <span class='ocrx_word' id='word_1_442' title='bbox 2490 889 2683 959; x_wconf 82' lang='lat' dir='ltr'><strong>oppido</strong></span> <span class='ocrx_word' id='word_1_443' title='bbox 2718 887 2962 940; x_wconf 90' lang='lat' dir='ltr'><strong>mutilum</strong></span> <span class='ocrx_word' id='word_1_444' title='bbox 3003 885 3256 938; x_wconf 73' lang='lat' dir='ltr'><strong>Meursius</strong></span> <span class='ocrx_word' id='word_1_445' title='bbox 3299 885 3553 952; x_wconf 82' lang='lat' dir='ltr'><strong>descripsit.</strong></span> <span class='ocrx_word' id='word_1_446' title='bbox 3585 885 3651 940; x_wconf 87' lang='lat' dir='ltr'><strong>Sic</strong></span> <span class='ocrx_word' id='word_1_447' title='bbox 3673 888 3728 940; x_wconf 80' lang='lat' dir='ltr'><strong>illc</strong></span> 
     </span>
    </p>
   </div>
   <div class='ocr_carea' id='block_1_68' title="bbox 2301 976 3325 1046">
    <p class='ocr_par' dir='ltr' id='par_1_68' title="bbox 2301 976 3325 1046">
     <span class='ocr_line' id='line_1_68' title="bbox 2301 976 3325 1046; baseline -0.008 -9"><span class='ocrx_word' id='word_1_448' title='bbox 2301 992 2524 1037; x_wconf 87' lang='lat' dir='ltr'><strong>annotat</strong></span> <span class='ocrx_word' id='word_1_449' title='bbox 2554 981 2784 1038; x_wconf 84' lang='lat' dir='ltr'><strong>adlillum</strong></span> <span class='ocrx_word' id='word_1_450' title='bbox 2820 994 3033 1032; x_wconf 81' lang='lat' dir='ltr'><strong>versum</strong></span> <span class='ocrx_word' id='word_1_451' title='bbox 3062 976 3222 1046; x_wconf 77' lang='lat' dir='ltr'><strong>idyllii</strong></span> <span class='ocrx_word' id='word_1_452' title='bbox 3249 992 3275 1028; x_wconf 82' lang='grc' dir='ltr'><strong>ν</strong></span> <span class='ocrx_word' id='word_1_453' title='bbox 3313 994 3325 1029; x_wconf 91' lang='lat'><strong>:</strong></span> 
     </span>
    </p>
   </div>
   <div class='ocr_carea' id='block_1_69' title="bbox 2443 1135 3446 1206">
    <p class='ocr_par' dir='ltr' id='par_1_69' title="bbox 2443 1135 3446 1206">
     <span class='ocr_line' id='line_1_69' title="bbox 2443 1135 3446 1206; baseline -0.001 -15"><span class='ocrx_word' id='word_1_454' title='bbox 2443 1139 2557 1191; x_wconf 76' lang='grc' dir='ltr'><strong>Καὶ</strong></span> <span class='ocrx_word' id='word_1_455' title='bbox 2589 1137 2680 1190; x_wconf 71' lang='grc' dir='ltr'>τὸν</span> <span class='ocrx_word' id='word_1_456' title='bbox 2707 1135 2815 1190; x_wconf 83' lang='grc' dir='ltr'>ἀπὸ</span> <span class='ocrx_word' id='word_1_457' title='bbox 2837 1136 3108 1206; x_wconf 79' lang='grc' dir='ltr'>γραμμᾶς</span> <span class='ocrx_word' id='word_1_458' title='bbox 3143 1138 3273 1188; x_wconf 88' lang='grc' dir='ltr'>κινεῖ</span> <span class='ocrx_word' id='word_1_459' title='bbox 3301 1135 3446 1190; x_wconf 87' lang='grc' dir='ltr'>λίοον.</span> 
     </span>
    </p>
   </div>
   <div class='ocr_carea' id='block_1_70' title="bbox 2303 1269 3736 1342">
    <p class='ocr_par' dir='ltr' id='par_1_70' title="bbox 2303 1269 3736 1342">
     <span class='ocr_line' id='line_1_70' title="bbox 2303 1269 3736 1342; baseline 0 -19"><span class='ocrx_word' id='word_1_460' title='bbox 2303 1273 2336 1339; x_wconf 82' lang='grc' dir='ltr'><strong>ἡ</strong></span> <span class='ocrx_word' id='word_1_461' title='bbox 2358 1271 2413 1324; x_wconf 82' lang='grc' dir='ltr'><strong>δὲ</strong></span> <span class='ocrx_word' id='word_1_462' title='bbox 2443 1271 2589 1336; x_wconf 77' lang='grc' dir='ltr'>λέξις</span> <span class='ocrx_word' id='word_1_463' title='bbox 2613 1271 2996 1342; x_wconf 75' lang='grc' dir='ltr'>μεταφορικῶς</span> <span class='ocrx_word' id='word_1_464' title='bbox 3025 1273 3131 1323; x_wconf 72' lang='grc' dir='ltr'><strong>ἀπὸ</strong></span> <span class='ocrx_word' id='word_1_465' title='bbox 3157 1271 3258 1322; x_wconf 80' lang='grc' dir='ltr'>τῶν</span> <span class='ocrx_word' id='word_1_466' title='bbox 3286 1269 3546 1334; x_wconf 81' lang='grc' dir='ltr'>παιζόντων</span> <span class='ocrx_word' id='word_1_467' title='bbox 3566 1271 3613 1322; x_wconf 69' lang='grc' dir='ltr'>τὸ</span> <span class='ocrx_word' id='word_1_468' title='bbox 3626 1288 3736 1323; x_wconf 67' lang='lat' dir='ltr'><strong>itona-</strong></span> 
     </span>
    </p>
   </div>
   <div class='ocr_carea' id='block_1_71' title="bbox 2304 1362 3740 1432">
    <p class='ocr_par' dir='ltr' id='par_1_71' title="bbox 2304 1362 3740 1432">
     <span class='ocr_line' id='line_1_71' title="bbox 2304 1362 3740 1432; baseline -0.001 -16"><span class='ocrx_word' id='word_1_469' title='bbox 2304 1366 2508 1426; x_wconf 87' lang='grc' dir='ltr'>λέκτως</span> <span class='ocrx_word' id='word_1_470' title='bbox 2533 1364 2829 1430; x_wconf 84' lang='grc' dir='ltr'>λεγόμενον</span> <span class='ocrx_word' id='word_1_471' title='bbox 2845 1363 3144 1432; x_wconf 76' lang='grc' dir='ltr'>ζατρίκιον.</span> <span class='ocrx_word' id='word_1_472' title='bbox 3173 1363 3385 1415; x_wconf 86' lang='grc' dir='ltr'>Ἐκεῖνοι</span> <span class='ocrx_word' id='word_1_473' title='bbox 3409 1362 3501 1431; x_wconf 75' lang='grc' dir='ltr'>γὰρ</span> <span class='ocrx_word' id='word_1_474' title='bbox 3515 1363 3614 1416; x_wconf 76' lang='grc' dir='ltr'>ὅταν</span> <span class='ocrx_word' id='word_1_475' title='bbox 3634 1363 3740 1414; x_wconf 63' lang='lat' dir='ltr'><strong>mili</strong></span> 
     </span>
    </p>
   </div>
   <div class='ocr_carea' id='block_1_72' title="bbox 2309 1455 3740 1528">
    <p class='ocr_par' dir='ltr' id='par_1_72' title="bbox 2309 1455 3740 1528">
     <span class='ocr_line' id='line_1_72' title="bbox 2309 1455 3740 1528; baseline -0.006 -16"><span class='ocrx_word' id='word_1_476' title='bbox 2309 1462 2636 1528; x_wconf 72' lang='grc' dir='ltr'>ποιήσαντες</span> <span class='ocrx_word' id='word_1_477' title='bbox 2667 1459 2725 1510; x_wconf 88' lang='grc' dir='ltr'><strong>ού</strong></span> <span class='ocrx_word' id='word_1_478' title='bbox 2773 1457 3028 1510; x_wconf 87' lang='grc' dir='ltr'>δύνανται</span> <span class='ocrx_word' id='word_1_479' title='bbox 3073 1458 3270 1524; x_wconf 71' lang='grc' dir='ltr'>ἑτέρως</span> <span class='ocrx_word' id='word_1_480' title='bbox 3303 1456 3494 1524; x_wconf 75' lang='grc' dir='ltr'>νικῆσαι</span> <span class='ocrx_word' id='word_1_481' title='bbox 3529 1455 3600 1506; x_wconf 72' lang='grc' dir='ltr'>τὸν</span> <span class='ocrx_word' id='word_1_482' title='bbox 3621 1457 3740 1522; x_wconf 72' lang='grc' dir='ltr'>ὅμοιον</span> 
     </span>
    </p>
   </div>
   <div class='ocr_carea' id='block_1_73' title="bbox 2306 1547 3743 1621">
    <p class='ocr_par' dir='ltr' id='par_1_73' title="bbox 2306 1547 3743 1621">
     <span class='ocr_line' id='line_1_73' title="bbox 2306 1547 3743 1621; baseline -0.006 -17"><span class='ocrx_word' id='word_1_483' title='bbox 2306 1555 2600 1621; x_wconf 81' lang='grc' dir='ltr'>πσίκτορα,</span> <span class='ocrx_word' id='word_1_484' title='bbox 2638 1550 2846 1604; x_wconf 79' lang='grc' dir='ltr'>κινοῦσι</span> <span class='ocrx_word' id='word_1_485' title='bbox 2877 1551 2970 1602; x_wconf 72' lang='grc' dir='ltr'><strong>καὶ</strong></span> <span class='ocrx_word' id='word_1_486' title='bbox 3013 1549 3103 1601; x_wconf 78' lang='grc' dir='ltr'>τὸν</span> <span class='ocrx_word' id='word_1_487' title='bbox 3153 1548 3256 1600; x_wconf 84' lang='grc' dir='ltr'>ἀπὸ</span> <span class='ocrx_word' id='word_1_488' title='bbox 3280 1548 3515 1618; x_wconf 72' lang='grc' dir='ltr'>γραμμῆς</span> <span class='ocrx_word' id='word_1_489' title='bbox 3537 1547 3665 1608; x_wconf 63' lang='grc' dir='ltr'>λίθον,</span> <span class='ocrx_word' id='word_1_490' title='bbox 3691 1548 3743 1598; x_wconf 65' lang='grc' dir='ltr'>τὶν</span> 
     </span>
    </p>
   </div>
   <div class='ocr_carea' id='block_1_74' title="bbox 2305 1636 3745 1713">
    <p class='ocr_par' dir='ltr' id='par_1_74' title="bbox 2305 1636 3745 1713">
     <span class='ocr_line' id='line_1_74' title="bbox 2305 1636 3745 1713; baseline -0.01 -16"><span class='ocrx_word' id='word_1_491' title='bbox 2305 1644 2447 1697; x_wconf 73' lang='grc' dir='ltr'>οὕτω</span> <span class='ocrx_word' id='word_1_492' title='bbox 2470 1642 2694 1713; x_wconf 82' lang='grc' dir='ltr'>βασιλέα</span> <span class='ocrx_word' id='word_1_493' title='bbox 2717 1639 3074 1708; x_wconf 89' lang='grc' dir='ltr'>καλούμενον.</span> <span class='ocrx_word' id='word_1_494' title='bbox 3107 1639 3228 1692; x_wconf 68' lang='lat' dir='ltr'><strong>Haec</strong></span> <span class='ocrx_word' id='word_1_495' title='bbox 3258 1639 3343 1691; x_wconf 84' lang='lat' dir='ltr'><strong>ibi.</strong></span> <span class='ocrx_word' id='word_1_496' title='bbox 3375 1637 3486 1703; x_wconf 70' lang='lat' dir='ltr'><strong>Qua:</strong></span> <span class='ocrx_word' id='word_1_497' title='bbox 3511 1636 3653 1690; x_wconf 85' lang='lat' dir='ltr'><strong>Latine</strong></span> <span class='ocrx_word' id='word_1_498' title='bbox 3674 1637 3745 1687; x_wconf 78' lang='lat' dir='ltr'><strong>reti-</strong></span> 
     </span>
    </p>
   </div>
   <div class='ocr_carea' id='block_1_75' title="bbox 2305 1727 3748 1803">
    <p class='ocr_par' dir='ltr' id='par_1_75' title="bbox 2305 1727 3748 1803">
     <span class='ocr_line' id='line_1_75' title="bbox 2305 1727 3748 1803; baseline -0.01 -14"><span class='ocrx_word' id='word_1_499' title='bbox 2305 1739 2428 1790; x_wconf 89' lang='lat' dir='ltr'><strong>datn</strong></span> <span class='ocrx_word' id='word_1_500' title='bbox 2451 1736 2792 1803; x_wconf 89' lang='lat' dir='ltr'><strong>equidetn,ut</strong></span> <span class='ocrx_word' id='word_1_501' title='bbox 2815 1735 2977 1786; x_wconf 90' lang='lat' dir='ltr'><strong>etiam</strong></span> <span class='ocrx_word' id='word_1_502' title='bbox 3004 1732 3092 1800; x_wconf 88' lang='lat' dir='ltr'><strong>qui</strong></span> <span class='ocrx_word' id='word_1_503' title='bbox 3126 1732 3253 1785; x_wconf 87' lang='lat' dir='ltr'><strong>artis</strong></span> <span class='ocrx_word' id='word_1_504' title='bbox 3267 1729 3465 1784; x_wconf 81' lang='lat' dir='ltr'><strong>ludendi</strong></span> <span class='ocrx_word' id='word_1_505' title='bbox 3479 1744 3606 1795; x_wconf 82' lang='lat' dir='ltr'><strong>quam</strong></span> <span class='ocrx_word' id='word_1_506' title='bbox 3621 1727 3748 1780; x_wconf 74' lang='lat' dir='ltr'><strong>Gma</strong></span> 
     </span>
    </p>
   </div>
   <div class='ocr_carea' id='block_1_76' title="bbox 2309 1818 3749 1898">
    <p class='ocr_par' dir='ltr' id='par_1_76' title="bbox 2309 1818 3749 1898">
     <span class='ocr_line' id='line_1_76' title="bbox 2309 1818 3749 1898; baseline -0.012 -17"><span class='ocrx_word' id='word_1_507' title='bbox 2309 1828 2500 1898; x_wconf 75' lang='lat' dir='ltr'><strong>lingua:</strong></span> <span class='ocrx_word' id='word_1_508' title='bbox 2517 1825 2873 1881; x_wconf 89' lang='lat' dir='ltr'><strong>consultiores</strong></span> <span class='ocrx_word' id='word_1_509' title='bbox 2905 1834 3050 1886; x_wconf 89' lang='lat' dir='ltr'><strong>sunt,</strong></span> <span class='ocrx_word' id='word_1_510' title='bbox 3084 1837 3193 1876; x_wconf 70' lang='lat' dir='ltr'><strong>sine</strong></span> <span class='ocrx_word' id='word_1_511' title='bbox 3223 1819 3622 1875; x_wconf 75' lang='lat' dir='ltr'><strong>scltacconiacltite</strong></span> <span class='ocrx_word' id='word_1_512' title='bbox 3643 1818 3749 1866; x_wconf 80' lang='lat' dir='ltr'><strong>artiti-</strong></span> 
     </span>
    </p>
   </div>
   <div class='ocr_carea' id='block_1_77' title="bbox 2310 1905 3751 1986">
    <p class='ocr_par' dir='ltr' id='par_1_77' title="bbox 2310 1905 3751 1986">
     <span class='ocr_line' id='line_1_77' title="bbox 2310 1905 3751 1986; baseline -0.012 -12"><span class='ocrx_word' id='word_1_513' title='bbox 2310 1921 2450 1974; x_wconf 79' lang='lat' dir='ltr'><strong>cium</strong></span> <span class='ocrx_word' id='word_1_514' title='bbox 2478 1921 2528 1974; x_wconf 85' lang='lat' dir='ltr'><strong>iit</strong></span> <span class='ocrx_word' id='word_1_515' title='bbox 2558 1918 2780 1972; x_wconf 83' lang='lat' dir='ltr'><strong>zatricio</strong></span> <span class='ocrx_word' id='word_1_516' title='bbox 2816 1923 3116 1986; x_wconf 77' lang='lat' dir='ltr'><strong>agnoscant</strong></span> <span class='ocrx_word' id='word_1_517' title='bbox 3151 1931 3164 1965; x_wconf 90' lang='lat'>:</span> <span class='ocrx_word' id='word_1_518' title='bbox 3207 1911 3332 1967; x_wconf 86' lang='lat' dir='ltr'><strong>Cum</strong></span> <span class='ocrx_word' id='word_1_519' title='bbox 3362 1911 3474 1964; x_wconf 81' lang='lat' dir='ltr'><strong>dicit</strong></span> <span class='ocrx_word' id='word_1_520' title='bbox 3497 1918 3618 1978; x_wconf 81' lang='lat' dir='ltr'><strong>poeta</strong></span> <span class='ocrx_word' id='word_1_521' title='bbox 3641 1924 3654 1960; x_wconf 86' lang='lat'><strong><em>;</em></strong></span> <span class='ocrx_word' id='word_1_522' title='bbox 3676 1905 3751 1958; x_wconf 77' lang='lat' dir='ltr'><strong>Eii</strong></span> 
     </span>
    </p>
   </div>
   <div class='ocr_carea' id='block_1_78' title="bbox 2313 2001 3756 2077">
    <p class='ocr_par' dir='ltr' id='par_1_78' title="bbox 2313 2001 3756 2077">
     <span class='ocr_line' id='line_1_78' title="bbox 2313 2001 3756 2077; baseline -0.012 -12"><span class='ocrx_word' id='word_1_523' title='bbox 2313 2011 2453 2065; x_wconf 88' lang='lat' dir='ltr'><strong>littea</strong></span> <span class='ocrx_word' id='word_1_524' title='bbox 2503 2009 2732 2077; x_wconf 89' lang='lat' dir='ltr'><strong>lapidem</strong></span> <span class='ocrx_word' id='word_1_525' title='bbox 2772 2019 2970 2071; x_wconf 84' lang='lat' dir='ltr'><strong>movet,</strong></span> <span class='ocrx_word' id='word_1_526' title='bbox 3000 2004 3276 2058; x_wconf 78' lang='lat' dir='ltr'><strong>dictionem</strong></span> <span class='ocrx_word' id='word_1_527' title='bbox 3307 2001 3530 2070; x_wconf 72' lang='lat' dir='ltr'><strong>transfert</strong></span> <span class='ocrx_word' id='word_1_528' title='bbox 3565 2017 3588 2052; x_wconf 89' lang='lat' dir='ltr'><strong>a</strong></span> <span class='ocrx_word' id='word_1_529' title='bbox 3616 2014 3756 2050; x_wconf 49' lang='lat' dir='ltr'><strong>contra</strong></span> 
     </span>
    </p>
   </div>
   <div class='ocr_carea' id='block_1_79' title="bbox 2311 2093 3756 2165">
    <p class='ocr_par' dir='ltr' id='par_1_79' title="bbox 2311 2093 3756 2165">
     <span class='ocr_line' id='line_1_79' title="bbox 2311 2093 3756 2165; baseline -0.011 -9"><span class='ocrx_word' id='word_1_530' title='bbox 2311 2104 2490 2157; x_wconf 81' lang='lat' dir='ltr'><strong>tudine</strong></span> <span class='ocrx_word' id='word_1_531' title='bbox 2519 2101 2808 2155; x_wconf 81' lang='lat' dir='ltr'><strong>ludentium</strong></span> <span class='ocrx_word' id='word_1_532' title='bbox 2839 2117 2954 2153; x_wconf 87' lang='lat' dir='ltr'><strong>eum</strong></span> <span class='ocrx_word' id='word_1_533' title='bbox 3005 2099 3190 2152; x_wconf 81' lang='lat' dir='ltr'><strong>ludum</strong></span> <span class='ocrx_word' id='word_1_534' title='bbox 3223 2114 3365 2161; x_wconf 80' lang='lat' dir='ltr'><strong>quem</strong></span> <span class='ocrx_word' id='word_1_535' title='bbox 3401 2101 3532 2165; x_wconf 73' lang='lat' dir='ltr'><strong>vulgo</strong></span> <span class='ocrx_word' id='word_1_536' title='bbox 3571 2093 3756 2146; x_wconf 73' lang='lat' dir='ltr'><strong>sutrinum</strong></span> 
     </span>
    </p>
   </div>
   <div class='ocr_carea' id='block_1_80' title="bbox 2311 2183 3758 2260">
    <p class='ocr_par' dir='ltr' id='par_1_80' title="bbox 2311 2183 3758 2260">
     <span class='ocr_line' id='line_1_80' title="bbox 2311 2183 3758 2260; baseline -0.011 -13"><span class='ocrx_word' id='word_1_537' title='bbox 2311 2195 2516 2248; x_wconf 87' lang='lat' dir='ltr'><strong>dicunt.</strong></span> <span class='ocrx_word' id='word_1_538' title='bbox 2556 2193 2648 2246; x_wconf 84' lang='lat' dir='ltr'><strong>Illi</strong></span> <span class='ocrx_word' id='word_1_539' title='bbox 2671 2194 2808 2245; x_wconf 81' lang='lat' dir='ltr'><strong>enim</strong></span> <span class='ocrx_word' id='word_1_540' title='bbox 2833 2200 3111 2260; x_wconf 75' lang='lat' dir='ltr'><strong>postquam</strong></span> <span class='ocrx_word' id='word_1_541' title='bbox 3145 2191 3379 2243; x_wconf 77' lang='lat' dir='ltr'><strong>omnibus</strong></span> <span class='ocrx_word' id='word_1_542' title='bbox 3407 2186 3585 2241; x_wconf 69' lang='lat' dir='ltr'><strong>tentati:</strong></span> <span class='ocrx_word' id='word_1_543' title='bbox 3611 2183 3708 2234; x_wconf 75' lang='lat' dir='ltr'><strong>haud</strong></span> <span class='ocrx_word' id='word_1_544' title='bbox 3725 2196 3758 2232; x_wconf 77' lang='grc' dir='ltr'><strong>κ</strong></span> 
     </span>
    </p>
   </div>
   <div class='ocr_carea' id='block_1_81' title="bbox 2312 2267 3760 2351">
    <p class='ocr_par' dir='ltr' id='par_1_81' title="bbox 2312 2267 3760 2351">
     <span class='ocr_line' id='line_1_81' title="bbox 2312 2267 3760 2351; baseline -0.014 -12"><span class='ocrx_word' id='word_1_545' title='bbox 2312 2286 2469 2339; x_wconf 81' lang='lat' dir='ltr'><strong>aliter</strong></span> <span class='ocrx_word' id='word_1_546' title='bbox 2499 2293 2763 2351; x_wconf 85' lang='lat' dir='ltr'><strong>reportare</strong></span> <span class='ocrx_word' id='word_1_547' title='bbox 2789 2283 3064 2336; x_wconf 82' lang='lat' dir='ltr'><strong>victoriam</strong></span> <span class='ocrx_word' id='word_1_548' title='bbox 3087 2282 3154 2336; x_wconf 82' lang='lat' dir='ltr'><strong>de</strong></span> <span class='ocrx_word' id='word_1_549' title='bbox 3176 2280 3421 2334; x_wconf 74' lang='lat' dir='ltr'><strong>collusorc</strong></span> <span class='ocrx_word' id='word_1_550' title='bbox 3451 2292 3574 2347; x_wconf 78' lang='lat' dir='ltr'><strong>pom</strong></span> <span class='ocrx_word' id='word_1_551' title='bbox 3593 2267 3760 2334; x_wconf 64' lang='lat' dir='ltr'><strong>sentiunt,</strong></span> 
     </span>
    </p>
   </div>
   <div class='ocr_carea' id='block_1_82' title="bbox 2313 2370 3764 2440">
    <p class='ocr_par' dir='ltr' id='par_1_82' title="bbox 2313 2370 3764 2440">
     <span class='ocr_line' id='line_1_82' title="bbox 2313 2370 3764 2440; baseline -0.011 -10"><span class='ocrx_word' id='word_1_552' title='bbox 2313 2385 2518 2429; x_wconf 79' lang='lat' dir='ltr'><strong>moveut</strong></span> <span class='ocrx_word' id='word_1_553' title='bbox 2548 2376 2615 2427; x_wconf 81' lang='lat' dir='ltr'><strong>ad</strong></span> <span class='ocrx_word' id='word_1_554' title='bbox 2645 2385 2932 2428; x_wconf 71' lang='lat' dir='ltr'><strong>extremum</strong></span> <span class='ocrx_word' id='word_1_555' title='bbox 2956 2389 2988 2425; x_wconf 79' lang='grc' dir='ltr'><strong>α</strong></span> <span class='ocrx_word' id='word_1_556' title='bbox 3031 2374 3208 2440; x_wconf 86' lang='lat' dir='ltr'><strong>prima</strong></span> <span class='ocrx_word' id='word_1_557' title='bbox 3233 2372 3366 2424; x_wconf 79' lang='lat' dir='ltr'><strong>linea</strong></span> <span class='ocrx_word' id='word_1_558' title='bbox 3392 2370 3621 2436; x_wconf 78' lang='lat' dir='ltr'><strong>lapillum,</strong></span> <span class='ocrx_word' id='word_1_559' title='bbox 3651 2376 3764 2428; x_wconf 70' lang='lat' dir='ltr'><strong>acup:</strong></span> 
     </span>
    </p>
   </div>
   <div class='ocr_carea' id='block_1_83' title="bbox 2313 2456 3766 2536">
    <p class='ocr_par' dir='ltr' id='par_1_83' title="bbox 2313 2456 3766 2536">
     <span class='ocr_line' id='line_1_83' title="bbox 2313 2456 3766 2536; baseline -0.013 -14"><span class='ocrx_word' id='word_1_560' title='bbox 2313 2469 2464 2522; x_wconf 84' lang='lat' dir='ltr'><strong>illum</strong></span> <span class='ocrx_word' id='word_1_561' title='bbox 2492 2469 2583 2536; x_wconf 84' lang='lat' dir='ltr'><strong>qui</strong></span> <span class='ocrx_word' id='word_1_562' title='bbox 2615 2481 2711 2521; x_wconf 78' lang='lat' dir='ltr'><strong>rea:</strong></span> <span class='ocrx_word' id='word_1_563' title='bbox 2743 2465 3067 2535; x_wconf 81' lang='lat' dir='ltr'><strong>appellatur.</strong></span> <span class='ocrx_word' id='word_1_564' title='bbox 3105 2464 3196 2519; x_wconf 90' lang='lat' dir='ltr'><strong>Sic</strong></span> <span class='ocrx_word' id='word_1_565' title='bbox 3227 2463 3328 2518; x_wconf 90' lang='lat' dir='ltr'><strong>ille.</strong></span> <span class='ocrx_word' id='word_1_566' title='bbox 3351 2463 3470 2529; x_wconf 73' lang='lat' dir='ltr'><strong>Quae</strong></span> <span class='ocrx_word' id='word_1_567' title='bbox 3496 2459 3626 2514; x_wconf 74' lang='lat' dir='ltr'><strong>verba</strong></span> <span class='ocrx_word' id='word_1_568' title='bbox 3647 2456 3766 2508; x_wconf 75' lang='lat' dir='ltr'><strong>Scint-</strong></span> 
     </span>
    </p>
   </div>
   <div class='ocr_carea' id='block_1_84' title="bbox 2315 2549 3768 2628">
    <p class='ocr_par' dir='ltr' id='par_1_84' title="bbox 2315 2549 3768 2628">
     <span class='ocr_line' id='line_1_84' title="bbox 2315 2549 3768 2628; baseline -0.007 -16"><span class='ocrx_word' id='word_1_569' title='bbox 2315 2559 2609 2614; x_wconf 72' lang='lat' dir='ltr'><strong>coteclmia:</strong></span> <span class='ocrx_word' id='word_1_570' title='bbox 2675 2557 2830 2628; x_wconf 89' lang='lat' dir='ltr'><strong>periti</strong></span> <span class='ocrx_word' id='word_1_571' title='bbox 2898 2571 3017 2611; x_wconf 84' lang='lat' dir='ltr'><strong>sese</strong></span> <span class='ocrx_word' id='word_1_572' title='bbox 3079 2570 3374 2626; x_wconf 82' lang='lat' dir='ltr'><strong>agnoscere</strong></span> <span class='ocrx_word' id='word_1_573' title='bbox 3448 2549 3768 2620; x_wconf 80' lang='lat' dir='ltr'><strong>responderunt.</strong></span> 
     </span>
    </p>
   </div>
   <div class='ocr_carea' id='block_1_85' title="bbox 2316 2634 3770 2720">
    <p class='ocr_par' dir='ltr' id='par_1_85' title="bbox 2316 2634 3770 2720">
     <span class='ocr_line' id='line_1_85' title="bbox 2316 2634 3770 2720; baseline -0.014 -14"><span class='ocrx_word' id='word_1_574' title='bbox 2316 2653 2767 2720; x_wconf 84' lang='lat' dir='ltr'><strong>submoturosque</strong></span> <span class='ocrx_word' id='word_1_575' title='bbox 2799 2648 2960 2704; x_wconf 85' lang='lat' dir='ltr'><strong>facile</strong></span> <span class='ocrx_word' id='word_1_576' title='bbox 2997 2649 3322 2704; x_wconf 87' lang='lat' dir='ltr'><strong>calcularios</strong></span> <span class='ocrx_word' id='word_1_577' title='bbox 3351 2687 3366 2713; x_wconf 96' lang='lat'><strong>,</strong></span> <span class='ocrx_word' id='word_1_578' title='bbox 3393 2645 3437 2701; x_wconf 91' lang='lat' dir='ltr'><strong>si</strong></span> <span class='ocrx_word' id='word_1_579' title='bbox 3469 2643 3685 2698; x_wconf 70' lang='lat' dir='ltr'><strong>vindicare</strong></span> <span class='ocrx_word' id='word_1_580' title='bbox 3715 2634 3770 2689; x_wconf 71' lang='lat' dir='ltr'><strong>illa</strong></span> 
     </span>
    </p>
   </div>
   <div class='ocr_carea' id='block_1_86' title="bbox 2321 2738 3775 2807">
    <p class='ocr_par' dir='ltr' id='par_1_86' title="bbox 2321 2738 3775 2807">
     <span class='ocr_line' id='line_1_86' title="bbox 2321 2738 3775 2807; baseline -0.008 -14"><span class='ocrx_word' id='word_1_581' title='bbox 2321 2751 2548 2805; x_wconf 87' lang='lat' dir='ltr'><strong>tentent,</strong></span> <span class='ocrx_word' id='word_1_582' title='bbox 2591 2757 2696 2794; x_wconf 89' lang='lat' dir='ltr'><strong>una</strong></span> <span class='ocrx_word' id='word_1_583' title='bbox 2739 2741 3062 2807; x_wconf 83' lang='lat' dir='ltr'><strong>exceptione</strong></span> <span class='ocrx_word' id='word_1_584' title='bbox 3095 2759 3110 2794; x_wconf 89' lang='lat'><strong>:</strong></span> <span class='ocrx_word' id='word_1_585' title='bbox 3144 2739 3312 2794; x_wconf 89' lang='lat' dir='ltr'><strong>fuisse</strong></span> <span class='ocrx_word' id='word_1_586' title='bbox 3339 2738 3456 2792; x_wconf 82' lang='lat' dir='ltr'><strong>oliui</strong></span> <span class='ocrx_word' id='word_1_587' title='bbox 3481 2745 3681 2800; x_wconf 79' lang='lat' dir='ltr'><strong>scrupeos</strong></span> <span class='ocrx_word' id='word_1_588' title='bbox 3706 2738 3775 2780; x_wconf 73' lang='lat' dir='ltr'><strong>etc</strong></span> 
     </span>
    </p>
   </div>
   <div class='ocr_carea' id='block_1_87' title="bbox 2317 2811 3777 2895">
    <p class='ocr_par' dir='ltr' id='par_1_87' title="bbox 2317 2811 3777 2895">
     <span class='ocr_line' id='line_1_87' title="bbox 2317 2811 3777 2895; baseline -0.012 -13"><span class='ocrx_word' id='word_1_589' title='bbox 2317 2828 2512 2895; x_wconf 86' lang='lat' dir='ltr'><strong>lapillis</strong></span> <span class='ocrx_word' id='word_1_590' title='bbox 2569 2831 2849 2892; x_wconf 80' lang='lat' dir='ltr'><strong>scliaccos,</strong></span> <span class='ocrx_word' id='word_1_591' title='bbox 2895 2843 3019 2882; x_wconf 91' lang='lat' dir='ltr'><strong>cum</strong></span> <span class='ocrx_word' id='word_1_592' title='bbox 3075 2827 3240 2883; x_wconf 87' lang='lat' dir='ltr'><strong>hodie</strong></span> <span class='ocrx_word' id='word_1_593' title='bbox 3293 2823 3590 2894; x_wconf 86' lang='lat' dir='ltr'><strong>frequentius</strong></span> <span class='ocrx_word' id='word_1_594' title='bbox 3628 2811 3777 2872; x_wconf 73' lang='lat' dir='ltr'><strong>Chilﬂtci</strong></span> 
     </span>
    </p>
   </div>
   <div class='ocr_carea' id='block_1_88' title="bbox 2325 2906 3778 2975">
    <p class='ocr_par' dir='ltr' id='par_1_88' title="bbox 2325 2906 3778 2975">
     <span class='ocr_line' id='line_1_88' title="bbox 2325 2906 3778 2975; baseline -0.006 -2"><span class='ocrx_word' id='word_1_595' title='bbox 2325 2931 2604 2975; x_wconf 90' lang='lat' dir='ltr'><strong>torncntur</strong></span> <span class='ocrx_word' id='word_1_596' title='bbox 2643 2931 2736 2974; x_wconf 89' lang='lat' dir='ltr'><strong>aut</strong></span> <span class='ocrx_word' id='word_1_597' title='bbox 2780 2921 2959 2974; x_wconf 85' lang='lat' dir='ltr'><strong>buxei.</strong></span> <span class='ocrx_word' id='word_1_598' title='bbox 3006 2919 3116 2974; x_wconf 85' lang='lat' dir='ltr'><strong>Sed</strong></span> <span class='ocrx_word' id='word_1_599' title='bbox 3176 2921 3290 2974; x_wconf 79' lang='lat' dir='ltr'><strong>Inec</strong></span> <span class='ocrx_word' id='word_1_600' title='bbox 3339 2917 3425 2971; x_wconf 76' lang='lat' dir='ltr'><strong>isti</strong></span> <span class='ocrx_word' id='word_1_601' title='bbox 3474 2906 3778 2969; x_wconf 68' lang='lat' dir='ltr'><strong>videritIIJlIu-J</strong></span> 
     </span>
    </p>
   </div>
   <div class='ocr_carea' id='block_1_89' title="bbox 2323 2998 3780 3082">
    <p class='ocr_par' dir='ltr' id='par_1_89' title="bbox 2323 2998 3780 3082">
     <span class='ocr_line' id='line_1_89' title="bbox 2323 2998 3780 3082; baseline -0.01 -15"><span class='ocrx_word' id='word_1_602' title='bbox 2323 3023 2519 3067; x_wconf 72' lang='lat' dir='ltr'><strong>nostrzc</strong></span> <span class='ocrx_word' id='word_1_603' title='bbox 2552 3013 2937 3082; x_wconf 82' lang='grc' dir='ltr'>πραγματείας</span> <span class='ocrx_word' id='word_1_604' title='bbox 2966 3022 3050 3067; x_wconf 84' lang='lat' dir='ltr'><strong>est</strong></span> <span class='ocrx_word' id='word_1_605' title='bbox 3080 3013 3385 3082; x_wconf 80' lang='lat' dir='ltr'><strong>disquirere</strong></span> <span class='ocrx_word' id='word_1_606' title='bbox 3409 3009 3547 3076; x_wconf 83' lang='lat' dir='ltr'><strong>cujus</strong></span> <span class='ocrx_word' id='word_1_607' title='bbox 3563 2998 3780 3068; x_wconf 74' lang='lat' dir='ltr'><strong>sitotigiuis</strong></span> 
     </span>
    </p>
   </div>
   <div class='ocr_carea' id='block_1_90' title="bbox 2323 3095 3785 3178">
    <p class='ocr_par' dir='ltr' id='par_1_90' title="bbox 2323 3095 3785 3178">
     <span class='ocr_line' id='line_1_90' title="bbox 2323 3095 3785 3178; baseline -0.016 -16"><span class='ocrx_word' id='word_1_608' title='bbox 2323 3121 2424 3162; x_wconf 83' lang='lat' dir='ltr'><strong>\ox</strong></span> <span class='ocrx_word' id='word_1_609' title='bbox 2460 3106 2758 3178; x_wconf 80' lang='grc' dir='ltr'>ζατρίκιον,</span> <span class='ocrx_word' id='word_1_610' title='bbox 2789 3105 2990 3161; x_wconf 65' lang='lat' dir='ltr'><strong>Graecae</strong></span> <span class='ocrx_word' id='word_1_611' title='bbox 3032 3122 3102 3160; x_wconf 85' lang='lat' dir='ltr'><strong>att</strong></span> <span class='ocrx_word' id='word_1_612' title='bbox 3149 3107 3408 3160; x_wconf 76' lang='lat' dir='ltr'><strong>barbarie.</strong></span> <span class='ocrx_word' id='word_1_613' title='bbox 3459 3102 3575 3157; x_wconf 87' lang='lat' dir='ltr'><strong>Sunt</strong></span> <span class='ocrx_word' id='word_1_614' title='bbox 3611 3095 3678 3164; x_wconf 89' lang='lat' dir='ltr'><strong>qui</strong></span> <span class='ocrx_word' id='word_1_615' title='bbox 3717 3109 3785 3142; x_wconf 68' lang='lat' dir='ltr'><strong>nia-</strong></span> 
     </span>
    </p>
   </div>
   <div class='ocr_carea' id='block_1_91' title="bbox 2323 3183 3782 3269">
    <p class='ocr_par' dir='ltr' id='par_1_91' title="bbox 2323 3183 3782 3269">
     <span class='ocr_line' id='line_1_91' title="bbox 2323 3183 3782 3269; baseline -0.017 -15"><span class='ocrx_word' id='word_1_616' title='bbox 2323 3213 2558 3269; x_wconf 82' lang='lat' dir='ltr'><strong>gnopere</strong></span> <span class='ocrx_word' id='word_1_617' title='bbox 2584 3201 2912 3255; x_wconf 87' lang='lat' dir='ltr'><strong>contendant</strong></span> <span class='ocrx_word' id='word_1_618' title='bbox 2941 3199 3170 3256; x_wconf 83' lang='lat' dir='ltr'><strong>verbum</strong></span> <span class='ocrx_word' id='word_1_619' title='bbox 3200 3213 3320 3254; x_wconf 91' lang='lat' dir='ltr'><strong>esse</strong></span> <span class='ocrx_word' id='word_1_620' title='bbox 3359 3194 3630 3253; x_wconf 85' lang='lat' dir='ltr'><strong>Persicum;</strong></span> <span class='ocrx_word' id='word_1_621' title='bbox 3653 3183 3782 3240; x_wconf 77' lang='lat' dir='ltr'><strong>etenim</strong></span> 
     </span>
    </p>
   </div>
   <div class='ocr_carea' id='block_1_92' title="bbox 2325 3271 3787 3362">
    <p class='ocr_par' dir='ltr' id='par_1_92' title="bbox 2325 3271 3787 3362">
     <span class='ocr_line' id='line_1_92' title="bbox 2325 3271 3787 3362; baseline -0.01 -16"><span class='ocrx_word' id='word_1_622' title='bbox 2325 3293 2589 3362; x_wconf 85' lang='lat' dir='ltr'><strong>hodieque</strong></span> <span class='ocrx_word' id='word_1_623' title='bbox 2617 3292 3046 3347; x_wconf 87' lang='lat' dir='ltr'><strong>latrunculorum</strong></span> <span class='ocrx_word' id='word_1_624' title='bbox 3083 3291 3274 3346; x_wconf 89' lang='lat' dir='ltr'><strong>ludum</strong></span> <span class='ocrx_word' id='word_1_625' title='bbox 3325 3290 3494 3344; x_wconf 87' lang='lat' dir='ltr'><strong>Persis</strong></span> <span class='ocrx_word' id='word_1_626' title='bbox 3530 3271 3787 3347; x_wconf 53' lang='lat' dir='ltr'><strong>xutraitgﬁtl</strong></span> 
     </span>
    </p>
   </div>
   <div class='ocr_carea' id='block_1_93' title="bbox 2321 3379 3786 3456">
    <p class='ocr_par' dir='ltr' id='par_1_93' title="bbox 2321 3379 3786 3456">
     <span class='ocr_line' id='line_1_93' title="bbox 2321 3379 3786 3456; baseline -0.013 -16"><span class='ocrx_word' id='word_1_627' title='bbox 2321 3398 2542 3456; x_wconf 74' lang='lat' dir='ltr'><strong>xatreng</strong></span> <span class='ocrx_word' id='word_1_628' title='bbox 2566 3385 2843 3454; x_wconf 87' lang='lat' dir='ltr'><strong>appellari.</strong></span> <span class='ocrx_word' id='word_1_629' title='bbox 2879 3384 3164 3438; x_wconf 80' lang='lat' dir='ltr'><strong>Plinianus</strong></span> <span class='ocrx_word' id='word_1_630' title='bbox 3191 3393 3380 3439; x_wconf 89' lang='lat' dir='ltr'><strong>contra</strong></span> <span class='ocrx_word' id='word_1_631' title='bbox 3409 3379 3786 3435; x_wconf 56' lang='lat' dir='ltr'><strong>cxcrcitatorma&#39;g-</strong></span> 
     </span>
    </p>
   </div>
   <div class='ocr_carea' id='block_1_94' title="bbox 2326 3465 3795 3546">
    <p class='ocr_par' dir='ltr' id='par_1_94' title="bbox 2326 3465 3795 3546">
     <span class='ocr_line' id='line_1_94' title="bbox 2326 3465 3795 3546; baseline -0.014 -15"><span class='ocrx_word' id='word_1_632' title='bbox 2326 3477 2499 3541; x_wconf 77' lang='lat' dir='ltr'><strong>H30,</strong></span> <span class='ocrx_word' id='word_1_633' title='bbox 2560 3477 2844 3546; x_wconf 83' lang='grc' dir='ltr'>ζατρίκιον</span> <span class='ocrx_word' id='word_1_634' title='bbox 2902 3477 3204 3531; x_wconf 86' lang='lat' dir='ltr'><strong>dictionem</strong></span> <span class='ocrx_word' id='word_1_635' title='bbox 3267 3490 3387 3530; x_wconf 83' lang='lat' dir='ltr'><strong>esse</strong></span> <span class='ocrx_word' id='word_1_636' title='bbox 3439 3465 3669 3526; x_wconf 85' lang='lat' dir='ltr'><strong>contendit</strong></span> <span class='ocrx_word' id='word_1_637' title='bbox 3703 3471 3795 3512; x_wconf 71' lang='lat' dir='ltr'><strong>ntere</strong></span> 
     </span>
    </p>
   </div>
   <div class='ocr_carea' id='block_1_95' title="bbox 2324 3546 3791 3638">
    <p class='ocr_par' dir='ltr' id='par_1_95' title="bbox 2324 3546 3791 3638">
     <span class='ocr_line' id='line_1_95' title="bbox 2324 3546 3791 3638; baseline -0.009 -12"><span class='ocrx_word' id='word_1_638' title='bbox 2324 3571 2589 3634; x_wconf 64' lang='lat' dir='ltr'><strong>Griecant,</strong></span> <span class='ocrx_word' id='word_1_639' title='bbox 2627 3579 2681 3623; x_wconf 91' lang='lat' dir='ltr'><strong>et</strong></span> <span class='ocrx_word' id='word_1_640' title='bbox 2715 3570 2766 3622; x_wconf 91' lang='lat' dir='ltr'><strong>in</strong></span> <span class='ocrx_word' id='word_1_641' title='bbox 2800 3567 3080 3623; x_wconf 85' lang='lat' dir='ltr'><strong>Persidem</strong></span> <span class='ocrx_word' id='word_1_642' title='bbox 3122 3567 3420 3638; x_wconf 88' lang='lat' dir='ltr'><strong>profectam</strong></span> <span class='ocrx_word' id='word_1_643' title='bbox 3455 3579 3483 3617; x_wconf 91' lang='lat' dir='ltr'><strong>e</strong></span> <span class='ocrx_word' id='word_1_644' title='bbox 3509 3556 3688 3614; x_wconf 63' lang='lat' dir='ltr'><strong>Graecia.</strong></span> <span class='ocrx_word' id='word_1_645' title='bbox 3712 3546 3791 3613; x_wconf 52' lang='lat' dir='ltr'><strong>Qa”</strong></span> 
     </span>
    </p>
   </div>
   <div class='ocr_carea' id='block_1_96' title="bbox 2325 3640 3792 3732">
    <p class='ocr_par' dir='ltr' id='par_1_96' title="bbox 2325 3640 3792 3732">
     <span class='ocr_line' id='line_1_96' title="bbox 2325 3640 3792 3732; baseline -0.021 -12"><span class='ocrx_word' id='word_1_646' title='bbox 2325 3667 2496 3731; x_wconf 89' lang='lat' dir='ltr'><strong>enim,</strong></span> <span class='ocrx_word' id='word_1_647' title='bbox 2532 3665 2749 3732; x_wconf 86' lang='lat' dir='ltr'><strong>inquit,</strong></span> <span class='ocrx_word' id='word_1_648' title='bbox 2789 3663 2948 3717; x_wconf 73' lang='lat' dir='ltr'><strong>nescit</strong></span> <span class='ocrx_word' id='word_1_649' title='bbox 2993 3662 3160 3731; x_wconf 78' lang='lat' dir='ltr'><strong>hujus</strong></span> <span class='ocrx_word' id='word_1_650' title='bbox 3187 3661 3305 3714; x_wconf 85' lang='lat' dir='ltr'><strong>ludi</strong></span> <span class='ocrx_word' id='word_1_651' title='bbox 3334 3658 3638 3713; x_wconf 71' lang='lat' dir='ltr'><strong>inventionem</strong></span> <span class='ocrx_word' id='word_1_652' title='bbox 3671 3640 3792 3700; x_wconf 62' lang='lat' dir='ltr'><strong>Currit</strong></span> 
     </span>
    </p>
   </div>
   <div class='ocr_carea' id='block_1_97' title="bbox 2322 3748 3793 3824">
    <p class='ocr_par' dir='ltr' id='par_1_97' title="bbox 2322 3748 3793 3824">
     <span class='ocr_line' id='line_1_97' title="bbox 2322 3748 3793 3824; baseline -0.017 -13"><span class='ocrx_word' id='word_1_653' title='bbox 2322 3758 2585 3811; x_wconf 84' lang='lat' dir='ltr'><strong>deberi?a</strong></span> <span class='ocrx_word' id='word_1_654' title='bbox 2613 3755 2813 3810; x_wconf 63' lang='grc' dir='ltr'><strong>(ἐι-ανεξδ</strong></span> <span class='ocrx_word' id='word_1_655' title='bbox 2845 3756 3009 3824; x_wconf 83' lang='lat' dir='ltr'><strong>igitur</strong></span> <span class='ocrx_word' id='word_1_656' title='bbox 3043 3755 3122 3808; x_wconf 87' lang='lat' dir='ltr'><strong>ad</strong></span> <span class='ocrx_word' id='word_1_657' title='bbox 3168 3754 3369 3808; x_wconf 77' lang='lat' dir='ltr'><strong>Persas</strong></span> <span class='ocrx_word' id='word_1_658' title='bbox 3412 3767 3486 3802; x_wconf 78' lang='lat' dir='ltr'><strong>res</strong></span> <span class='ocrx_word' id='word_1_659' title='bbox 3523 3749 3619 3815; x_wconf 78' lang='lat' dir='ltr'><strong>ipsa</strong></span> <span class='ocrx_word' id='word_1_660' title='bbox 3637 3755 3720 3792; x_wconf 80' lang='lat' dir='ltr'><strong>rum</strong></span> <span class='ocrx_word' id='word_1_661' title='bbox 3742 3748 3793 3781; x_wconf 71' lang='lat' dir='ltr'><strong>tw-</strong></span> 
     </span>
    </p>
   </div>
   <div class='ocr_carea' id='block_1_98' title="bbox 2324 3831 3794 3913">
    <p class='ocr_par' dir='ltr' id='par_1_98' title="bbox 2324 3831 3794 3913">
     <span class='ocr_line' id='line_1_98' title="bbox 2324 3831 3794 3913; baseline -0.016 -12"><span class='ocrx_word' id='word_1_662' title='bbox 2324 3848 2723 3902; x_wconf 78' lang='lat' dir='ltr'><strong>miuctrausiit.</strong></span> <span class='ocrx_word' id='word_1_663' title='bbox 2788 3845 2914 3900; x_wconf 74' lang='lat' dir='ltr'><strong>Haec</strong></span> <span class='ocrx_word' id='word_1_664' title='bbox 2967 3845 3118 3900; x_wconf 86' lang='lat' dir='ltr'><strong>ille:</strong></span> <span class='ocrx_word' id='word_1_665' title='bbox 3168 3848 3223 3899; x_wconf 89' lang='lat' dir='ltr'><strong>in</strong></span> <span class='ocrx_word' id='word_1_666' title='bbox 3288 3841 3483 3913; x_wconf 86' lang='lat' dir='ltr'><strong>quibus</strong></span> <span class='ocrx_word' id='word_1_667' title='bbox 3529 3831 3794 3903; x_wconf 61' lang='lat' dir='ltr'><strong>astipulante!</strong></span> 
     </span>
    </p>
   </div>
   <div class='ocr_carea' id='block_1_99' title="bbox 2325 3917 3793 4009">
    <p class='ocr_par' dir='ltr' id='par_1_99' title="bbox 2325 3917 3793 4009">
     <span class='ocr_line' id='line_1_99' title="bbox 2325 3917 3793 4009; baseline -0.017 -15"><span class='ocrx_word' id='word_1_668' title='bbox 2325 3955 2659 4009; x_wconf 81' lang='lat' dir='ltr'><strong>nequaquam</strong></span> <span class='ocrx_word' id='word_1_669' title='bbox 2691 3937 2853 3992; x_wconf 87' lang='lat' dir='ltr'><strong>habet</strong></span> <span class='ocrx_word' id='word_1_670' title='bbox 2887 3937 3109 3992; x_wconf 79' lang='lat' dir='ltr'><strong>Annam</strong></span> <span class='ocrx_word' id='word_1_671' title='bbox 3144 3947 3414 3995; x_wconf 87' lang='lat' dir='ltr'><strong>nostram.</strong></span> <span class='ocrx_word' id='word_1_672' title='bbox 3451 3940 3588 4001; x_wconf 90' lang='lat' dir='ltr'><strong>prout</strong></span> <span class='ocrx_word' id='word_1_673' title='bbox 3613 3917 3793 3975; x_wconf 70' lang='lat' dir='ltr'><strong>videreti-</strong></span> 
     </span>
    </p>
   </div>
   <div class='ocr_carea' id='block_1_100' title="bbox 2324 4009 3796 4098">
    <p class='ocr_par' dir='ltr' id='par_1_100' title="bbox 2324 4009 3796 4098">
     <span class='ocr_line' id='line_1_100' title="bbox 2324 4009 3796 4098; baseline -0.018 -9"><span class='ocrx_word' id='word_1_674' title='bbox 2324 4041 2430 4094; x_wconf 83' lang='lat' dir='ltr'><strong>Cet,</strong></span> <span class='ocrx_word' id='word_1_675' title='bbox 2461 4045 2580 4098; x_wconf 89' lang='lat' dir='ltr'><strong>pag.</strong></span> <span class='ocrx_word' id='word_1_676' title='bbox 2617 4028 2741 4091; x_wconf 75' lang='lat'><strong>560,</strong></span> <span class='ocrx_word' id='word_1_677' title='bbox 2787 4029 2878 4082; x_wconf 90' lang='lat' dir='ltr'><strong>ubi</strong></span> <span class='ocrx_word' id='word_1_678' title='bbox 2911 4030 3195 4082; x_wconf 80' lang='lat' dir='ltr'><strong>mentione</strong></span> <span class='ocrx_word' id='word_1_679' title='bbox 3255 4025 3534 4095; x_wconf 80' lang='grc' dir='ltr'>ζατρικὶου</span> <span class='ocrx_word' id='word_1_680' title='bbox 3581 4009 3796 4075; x_wconf 67' lang='lat' dir='ltr'><strong>iacta,l11‘c</strong></span> 
     </span>
    </p>
   </div>
   <div class='ocr_carea' id='block_1_101' title="bbox 2327 4099 3794 4188">
    <p class='ocr_par' dir='ltr' id='par_1_101' title="bbox 2327 4099 3794 4188">
     <span class='ocr_line' id='line_1_101' title="bbox 2327 4099 3794 4188; baseline 0.003 -17"><span class='ocrx_word' id='word_1_681' title='bbox 2327 4135 2448 4174; x_wconf 90' lang='lat' dir='ltr'><strong>mox</strong></span> <span class='ocrx_word' id='word_1_682' title='bbox 2483 4118 2765 4188; x_wconf 81' lang='lat' dir='ltr'><strong>subjungit</strong></span> <span class='ocrx_word' id='word_1_683' title='bbox 2795 4135 2807 4170; x_wconf 92' lang='lat'><strong>:</strong></span> <span class='ocrx_word' id='word_1_684' title='bbox 2845 4117 3044 4171; x_wconf 82' lang='grc' dir='ltr'>ιιαιδιὰ</span> <span class='ocrx_word' id='word_1_685' title='bbox 3087 4119 3149 4171; x_wconf 84' lang='grc' dir='ltr'><strong>δὲ</strong></span> <span class='ocrx_word' id='word_1_686' title='bbox 3202 4117 3368 4170; x_wconf 81' lang='grc' dir='ltr'>τοῦτο</span> <span class='ocrx_word' id='word_1_687' title='bbox 3400 4117 3461 4166; x_wconf 87' lang='grc' dir='ltr'><strong>ἐκ</strong></span> <span class='ocrx_word' id='word_1_688' title='bbox 3488 4113 3576 4180; x_wconf 74' lang='grc' dir='ltr'>τῆς</span> <span class='ocrx_word' id='word_1_689' title='bbox 3617 4106 3696 4157; x_wconf 71' lang='grc' dir='ltr'><strong>τῶν</strong></span> 
     </span>
    </p>
   </div>
   <div class='ocr_carea' id='block_1_102' title="bbox 2329 4186 3798 4281">
    <p class='ocr_par' dir='ltr' id='par_1_102' title="bbox 2329 4186 3798 4281">
     <span class='ocr_line' id='line_1_102' title="bbox 2329 4186 3798 4281; baseline -0.023 -21"><span class='ocrx_word' id='word_1_690' title='bbox 2329 4209 2531 4281; x_wconf 84' lang='grc' dir='ltr'>συρίων</span> <span class='ocrx_word' id='word_1_691' title='bbox 2559 4186 2774 4279; x_wconf 53' lang='lat' dir='ltr'><strong>specii};</strong></span> <span class='ocrx_word' id='word_1_692' title='bbox 2823 4206 3249 4277; x_wconf 76' lang='grc' dir='ltr'>ἐξευρημένων,</span> <span class='ocrx_word' id='word_1_693' title='bbox 3297 4207 3394 4260; x_wconf 72' lang='grc' dir='ltr'><strong>καὶ</strong></span> <span class='ocrx_word' id='word_1_694' title='bbox 3421 4206 3496 4264; x_wconf 85' lang='grc' dir='ltr'>εἱς</span> <span class='ocrx_word' id='word_1_695' title='bbox 3525 4199 3650 4270; x_wconf 65' lang='grc' dir='ltr'><strong>ἡμᾶς</strong></span> <span class='ocrx_word' id='word_1_696' title='bbox 3671 4186 3798 4281; x_wconf 53' lang='lat' dir='ltr'><strong>latitia</strong></span> 
     </span>
    </p>
   </div>
   <div class='ocr_carea' id='block_1_103' title="bbox 2325 4275 3796 4370">
    <p class='ocr_par' dir='ltr' id='par_1_103' title="bbox 2325 4275 3796 4370">
     <span class='ocr_line' id='line_1_103' title="bbox 2325 4275 3796 4370; baseline 0.007 -16"><span class='ocrx_word' id='word_1_697' title='bbox 2325 4275 2606 4370; x_wconf 52' lang='grc' dir='ltr'>ἐλήλυθόςξ</span> <span class='ocrx_word' id='word_1_698' title='bbox 2655 4275 2860 4352; x_wconf 84' lang='lat' dir='ltr'><strong>Tamen</strong></span> <span class='ocrx_word' id='word_1_699' title='bbox 2907 4275 3245 4353; x_wconf 83' lang='lat' dir='ltr'><strong>constanter</strong></span> <span class='ocrx_word' id='word_1_700' title='bbox 3304 4296 3473 4352; x_wconf 70' lang='grc' dir='ltr'><strong>(ἓτκοί</strong></span> <span class='ocrx_word' id='word_1_701' title='bbox 3528 4275 3796 4370; x_wconf 41' lang='grc' dir='ltr'><strong>8Γ³¹¹¹¹¹¹²¹¹ἑῗί⁹</strong></span> 
     </span>
    </p>
   </div>
   <div class='ocr_carea' id='block_1_104' title="bbox 2323 4365 3798 4462">
    <p class='ocr_par' dir='ltr' id='par_1_104' title="bbox 2323 4365 3798 4462">
     <span class='ocr_line' id='line_1_104' title="bbox 2323 4365 3798 4462; baseline -0.009 -18"><span class='ocrx_word' id='word_1_702' title='bbox 2323 4408 2552 4462; x_wconf 89' lang='lat' dir='ltr'><strong>quorum</strong></span> <span class='ocrx_word' id='word_1_703' title='bbox 2586 4392 2724 4446; x_wconf 86' lang='lat' dir='ltr'><strong>ratio</strong></span> <span class='ocrx_word' id='word_1_704' title='bbox 2753 4407 2858 4445; x_wconf 91' lang='lat' dir='ltr'><strong>non</strong></span> <span class='ocrx_word' id='word_1_705' title='bbox 2893 4392 3175 4447; x_wconf 89' lang='lat' dir='ltr'><strong>immerito</strong></span> <span class='ocrx_word' id='word_1_706' title='bbox 3224 4389 3465 4446; x_wconf 86' lang='lat' dir='ltr'><strong>habendi</strong></span> <span class='ocrx_word' id='word_1_707' title='bbox 3506 4365 3798 4439; x_wconf 61' lang='lat' dir='ltr'><strong>videaturiii&#39;</strong></span> 
     </span>
    </p>
   </div>
   <div class='ocr_carea' id='block_1_105' title="bbox 2323 4469 3798 4553">
    <p class='ocr_par' dir='ltr' id='par_1_105' title="bbox 2323 4469 3798 4553">
     <span class='ocr_line' id='line_1_105' title="bbox 2323 4469 3798 4553; baseline -0.014 -16"><span class='ocrx_word' id='word_1_708' title='bbox 2323 4487 2503 4553; x_wconf 81' lang='grc' dir='ltr'>τρεῖον</span> <span class='ocrx_word' id='word_1_709' title='bbox 2530 4526 2545 4550; x_wconf 91' lang='grc'><strong>,</strong></span> <span class='ocrx_word' id='word_1_710' title='bbox 2612 4483 2726 4539; x_wconf 81' lang='lat' dir='ltr'><strong>sive</strong></span> <span class='ocrx_word' id='word_1_711' title='bbox 2759 4483 3009 4553; x_wconf 79' lang='grc' dir='ltr'>ζατρεῖον</span> <span class='ocrx_word' id='word_1_712' title='bbox 3038 4525 3054 4548; x_wconf 86' lang='grc'><strong>,</strong></span> <span class='ocrx_word' id='word_1_713' title='bbox 3095 4500 3125 4537; x_wconf 82' lang='lat' dir='ltr'><strong>a</strong></span> <span class='ocrx_word' id='word_1_714' title='bbox 3158 4499 3274 4553; x_wconf 92' lang='lat' dir='ltr'><strong>quo</strong></span> <span class='ocrx_word' id='word_1_715' title='bbox 3318 4481 3585 4552; x_wconf 80' lang='grc' dir='ltr'>ζατρίκιον</span> <span class='ocrx_word' id='word_1_716' title='bbox 3623 4469 3798 4553; x_wconf 53' lang='lat' dir='ltr'><strong>exta-niui”</strong></span> 
     </span>
    </p>
   </div>
   <div class='ocr_carea' id='block_1_106' title="bbox 2325 4549 3800 4645">
    <p class='ocr_par' dir='ltr' id='par_1_106' title="bbox 2325 4549 3800 4645">
     <span class='ocr_line' id='line_1_106' title="bbox 2325 4549 3800 4645; baseline -0.013 -13"><span class='ocrx_word' id='word_1_717' title='bbox 2325 4586 2410 4632; x_wconf 87' lang='lat' dir='ltr'><strong>est</strong></span> <span class='ocrx_word' id='word_1_718' title='bbox 2445 4575 2841 4645; x_wconf 80' lang='grc' dir='ltr'>ὑποκοριστικῇ</span> <span class='ocrx_word' id='word_1_719' title='bbox 2881 4574 3206 4641; x_wconf 81' lang='grc' dir='ltr'>ἐπενϐἑσει,</span> <span class='ocrx_word' id='word_1_720' title='bbox 3243 4549 3447 4630; x_wconf 63' lang='lat' dir='ltr'><strong>Graecae</strong></span> <span class='ocrx_word' id='word_1_721' title='bbox 3474 4562 3640 4637; x_wconf 84' lang='lat' dir='ltr'><strong>origini</strong></span> <span class='ocrx_word' id='word_1_722' title='bbox 3657 4549 3800 4611; x_wconf 54' lang='lat' dir='ltr'><strong>vitam“</strong></span> 
     </span>
    </p>
   </div>
   <div class='ocr_carea' id='block_1_107' title="bbox 2326 4651 3799 4737">
    <p class='ocr_par' dir='ltr' id='par_1_107' title="bbox 2326 4651 3799 4737">
     <span class='ocr_line' id='line_1_107' title="bbox 2326 4651 3799 4737; baseline -0.017 -14"><span class='ocrx_word' id='word_1_723' title='bbox 2326 4669 2436 4724; x_wconf 90' lang='lat' dir='ltr'><strong>lum</strong></span> <span class='ocrx_word' id='word_1_724' title='bbox 2472 4652 2766 4722; x_wconf 72' lang='lat' dir='ltr'><strong>vindicant.</strong></span> <span class='ocrx_word' id='word_1_725' title='bbox 2830 4671 2998 4721; x_wconf 79' lang='lat' dir='ltr'><strong>Sonat</strong></span> <span class='ocrx_word' id='word_1_726' title='bbox 3050 4677 3249 4722; x_wconf 88' lang='lat' dir='ltr'><strong>autem</strong></span> <span class='ocrx_word' id='word_1_727' title='bbox 3303 4666 3546 4737; x_wconf 81' lang='grc' dir='ltr'>ζατρεῖον</span> <span class='ocrx_word' id='word_1_728' title='bbox 3585 4651 3799 4726; x_wconf 54' lang='lat' dir='ltr'><strong>pistrinum.</strong></span> 
     </span>
    </p>
   </div>
   <div class='ocr_carea' id='block_1_108' title="bbox 2329 4745 3802 4831">
    <p class='ocr_par' dir='ltr' id='par_1_108' title="bbox 2329 4745 3802 4831">
     <span class='ocr_line' id='line_1_108' title="bbox 2329 4745 3802 4831; baseline -0.018 -16"><span class='ocrx_word' id='word_1_729' title='bbox 2329 4759 2682 4831; x_wconf 81' lang='lat' dir='ltr'><strong>ergastulum,</strong></span> <span class='ocrx_word' id='word_1_730' title='bbox 2722 4773 3001 4813; x_wconf 90' lang='lat' dir='ltr'><strong>servorum</strong></span> <span class='ocrx_word' id='word_1_731' title='bbox 3057 4774 3382 4822; x_wconf 88' lang='lat' dir='ltr'><strong>carcerem,</strong></span> <span class='ocrx_word' id='word_1_732' title='bbox 3435 4763 3524 4809; x_wconf 87' lang='lat' dir='ltr'><strong>attt</strong></span> <span class='ocrx_word' id='word_1_733' title='bbox 3569 4745 3802 4803; x_wconf 66' lang='lat' dir='ltr'><strong>tormentum-</strong></span> 
     </span>
    </p>
   </div>
   <div class='ocr_carea' id='block_1_109' title="bbox 2327 4827 3806 4924">
    <p class='ocr_par' dir='ltr' id='par_1_109' title="bbox 2327 4827 3806 4924">
     <span class='ocr_line' id='line_1_109' title="bbox 2327 4827 3806 4924; baseline -0.017 -17"><span class='ocrx_word' id='word_1_734' title='bbox 2327 4827 2529 4908; x_wconf 67' lang='lat' dir='ltr'><strong>Auctor</strong></span> <span class='ocrx_word' id='word_1_735' title='bbox 2560 4850 2915 4924; x_wconf 81' lang='lat' dir='ltr'><strong>Etymologici</strong></span> <span class='ocrx_word' id='word_1_736' title='bbox 2947 4849 3220 4922; x_wconf 75' lang='grc' dir='ltr'>ζητρεῖον</span> <span class='ocrx_word' id='word_1_737' title='bbox 3271 4852 3334 4904; x_wconf 77' lang='grc' dir='ltr'><strong>τὸ</strong></span> <span class='ocrx_word' id='word_1_738' title='bbox 3392 4848 3497 4901; x_wconf 79' lang='grc' dir='ltr'><strong>τῶν</strong></span> <span class='ocrx_word' id='word_1_739' title='bbox 3545 4827 3806 4924; x_wconf 14' lang='grc' dir='ltr'>δούλωνλδεσ·</span> 
     </span>
    </p>
   </div>
   <div class='ocr_carea' id='block_1_110' title="bbox 2333 4922 3803 5016">
    <p class='ocr_par' dir='ltr' id='par_1_110' title="bbox 2333 4922 3803 5016">
     <span class='ocr_line' id='line_1_110' title="bbox 2333 4922 3803 5016; baseline -0.032 -3"><span class='ocrx_word' id='word_1_740' title='bbox 2333 4922 2644 5016; x_wconf 60' lang='grc' dir='ltr'>μωτήριονζ</span> <span class='ocrx_word' id='word_1_741' title='bbox 2694 4945 2863 5014; x_wconf 76' lang='grc' dir='ltr'>ἡγουν</span> <span class='ocrx_word' id='word_1_742' title='bbox 2902 4941 2993 4996; x_wconf 72' lang='grc' dir='ltr'><strong>τὸν</strong></span> <span class='ocrx_word' id='word_1_743' title='bbox 3041 4943 3286 5013; x_wconf 84' lang='grc' dir='ltr'>μύλωνα</span> <span class='ocrx_word' id='word_1_744' title='bbox 3316 4983 3330 5007; x_wconf 66' lang='grc' dir='ltr'><strong>ν</strong></span> <span class='ocrx_word' id='word_1_745' title='bbox 3369 4937 3506 5013; x_wconf 88' lang='lat' dir='ltr'><strong>quod</strong></span> <span class='ocrx_word' id='word_1_746' title='bbox 3538 4947 3636 4990; x_wconf 79' lang='lat' dir='ltr'><strong>mox</strong></span> <span class='ocrx_word' id='word_1_747' title='bbox 3664 4922 3803 5016; x_wconf 65' lang='lat' dir='ltr'><strong>eliciunt</strong></span> 
     </span>
    </p>
   </div>
   <div class='ocr_carea' id='block_1_111' title="bbox 2329 5011 3805 5107">
    <p class='ocr_par' dir='ltr' id='par_1_111' title="bbox 2329 5011 3805 5107">
     <span class='ocr_line' id='line_1_111' title="bbox 2329 5011 3805 5107; baseline -0.008 -15"><span class='ocrx_word' id='word_1_748' title='bbox 2329 5011 2662 5107; x_wconf 25' lang='lat' dir='ltr'><strong>additi-quasi</strong></span> <span class='ocrx_word' id='word_1_749' title='bbox 2688 5011 2956 5104; x_wconf 63' lang='grc' dir='ltr'>δῆτρειον,</span> <span class='ocrx_word' id='word_1_750' title='bbox 2991 5011 3112 5088; x_wconf 70' lang='grc' dir='ltr'><strong>ἀ.πὸ</strong></span> <span class='ocrx_word' id='word_1_751' title='bbox 3143 5035 3247 5088; x_wconf 78' lang='grc' dir='ltr'>τοῦ</span> <span class='ocrx_word' id='word_1_752' title='bbox 3279 5011 3400 5088; x_wconf 16' lang='grc' dir='ltr'>δέωή</span> <span class='ocrx_word' id='word_1_753' title='bbox 3419 5029 3551 5100; x_wconf 83' lang='lat' dir='ltr'><strong>quod</strong></span> <span class='ocrx_word' id='word_1_754' title='bbox 3574 5032 3638 5078; x_wconf 77' lang='lat' dir='ltr'><strong>est</strong></span> <span class='ocrx_word' id='word_1_755' title='bbox 3669 5017 3751 5082; x_wconf 65' lang='grc' dir='ltr'><strong>Πεον</strong></span> <span class='ocrx_word' id='word_1_756' title='bbox 3771 5011 3805 5102; x_wconf 36' lang='grc' dir='ltr'><strong>,τί</strong></span> 
     </span>
    </p>
   </div>
   <div class='ocr_carea' id='block_1_112' title="bbox 2330 5109 3803 5197">
    <p class='ocr_par' dir='ltr' id='par_1_112' title="bbox 2330 5109 3803 5197">
     <span class='ocr_line' id='line_1_112' title="bbox 2330 5109 3803 5197; baseline -0.007 -18"><span class='ocrx_word' id='word_1_757' title='bbox 2330 5127 2477 5197; x_wconf 82' lang='grc' dir='ltr'>τρέω</span> <span class='ocrx_word' id='word_1_758' title='bbox 2520 5127 2614 5179; x_wconf 80' lang='grc' dir='ltr'>τοῦ</span> <span class='ocrx_word' id='word_1_759' title='bbox 2664 5125 2960 5196; x_wconf 81' lang='grc' dir='ltr'>φοϐοῦμαι.</span> <span class='ocrx_word' id='word_1_760' title='bbox 2993 5125 3141 5180; x_wconf 76' lang='lat' dir='ltr'><strong>Nam</strong></span> <span class='ocrx_word' id='word_1_761' title='bbox 3177 5142 3361 5197; x_wconf 65' lang='lat' dir='ltr'><strong>pinna:</strong></span> <span class='ocrx_word' id='word_1_762' title='bbox 3409 5128 3558 5191; x_wconf 83' lang='lat' dir='ltr'><strong>caput</strong></span> <span class='ocrx_word' id='word_1_763' title='bbox 3586 5117 3631 5168; x_wconf 69' lang='grc' dir='ltr'><strong>ἐν</strong></span> <span class='ocrx_word' id='word_1_764' title='bbox 3660 5109 3803 5171; x_wconf 56' lang='grc' dir='ltr'><strong>ζατέείίθ</strong></span> 
     </span>
    </p>
   </div>
   <div class='ocr_carea' id='block_1_113' title="bbox 2330 5203 3801 5286">
    <p class='ocr_par' dir='ltr' id='par_1_113' title="bbox 2330 5203 3801 5286">
     <span class='ocr_line' id='line_1_113' title="bbox 2330 5203 3801 5286; baseline -0.007 -13"><span class='ocrx_word' id='word_1_765' title='bbox 2330 5220 2670 5275; x_wconf 91' lang='lat' dir='ltr'><strong>vinculorum</strong></span> <span class='ocrx_word' id='word_1_766' title='bbox 2705 5219 3119 5274; x_wconf 88' lang='lat' dir='ltr'><strong>incommodum</strong></span> <span class='ocrx_word' id='word_1_767' title='bbox 3157 5229 3306 5286; x_wconf 87' lang='lat' dir='ltr'><strong>erat,</strong></span> <span class='ocrx_word' id='word_1_768' title='bbox 3357 5217 3545 5286; x_wconf 89' lang='lat' dir='ltr'><strong>quibus</strong></span> <span class='ocrx_word' id='word_1_769' title='bbox 3585 5208 3638 5260; x_wconf 82' lang='lat' dir='ltr'><strong>ad</strong></span> <span class='ocrx_word' id='word_1_770' title='bbox 3671 5203 3801 5263; x_wconf 60' lang='grc' dir='ltr'><strong>δίρρυε</strong></span> 
     </span>
    </p>
   </div>
   <div class='ocr_carea' id='block_1_114' title="bbox 2333 5289 3800 5382">
    <p class='ocr_par' dir='ltr' id='par_1_114' title="bbox 2333 5289 3800 5382">
     <span class='ocr_line' id='line_1_114' title="bbox 2333 5289 3800 5382; baseline -0.02 -16"><span class='ocrx_word' id='word_1_771' title='bbox 2333 5313 2692 5381; x_wconf 83' lang='lat' dir='ltr'><strong>alligabantur</strong></span> <span class='ocrx_word' id='word_1_772' title='bbox 2722 5310 2982 5375; x_wconf 85' lang='lat' dir='ltr'><strong>infelices,</strong></span> <span class='ocrx_word' id='word_1_773' title='bbox 3014 5320 3077 5366; x_wconf 89' lang='lat' dir='ltr'><strong>et</strong></span> <span class='ocrx_word' id='word_1_774' title='bbox 3121 5328 3224 5382; x_wconf 90' lang='lat' dir='ltr'><strong>per</strong></span> <span class='ocrx_word' id='word_1_775' title='bbox 3257 5313 3446 5380; x_wconf 82' lang='lat' dir='ltr'><strong>longas</strong></span> <span class='ocrx_word' id='word_1_776' title='bbox 3483 5304 3581 5358; x_wconf 89' lang='lat' dir='ltr'><strong>illic</strong></span> <span class='ocrx_word' id='word_1_777' title='bbox 3620 5289 3800 5352; x_wconf 58' lang='lat' dir='ltr'><strong>tttoraslr</strong></span> 
     </span>
    </p>
   </div>
   <div class='ocr_carea' id='block_1_115' title="bbox 2333 5383 3802 5474">
    <p class='ocr_par' dir='ltr' id='par_1_115' title="bbox 2333 5383 3802 5474">
     <span class='ocr_line' id='line_1_115' title="bbox 2333 5383 3802 5474; baseline -0.014 -13"><span class='ocrx_word' id='word_1_778' title='bbox 2333 5406 2553 5461; x_wconf 88' lang='lat' dir='ltr'><strong>bescere</strong></span> <span class='ocrx_word' id='word_1_779' title='bbox 2581 5405 2914 5458; x_wconf 83' lang='lat' dir='ltr'><strong>sinebantur.</strong></span> <span class='ocrx_word' id='word_1_780' title='bbox 2941 5401 3106 5457; x_wconf 84' lang='lat' dir='ltr'><strong>Unde</strong></span> <span class='ocrx_word' id='word_1_781' title='bbox 3133 5405 3310 5459; x_wconf 88' lang='lat' dir='ltr'><strong>etiam</strong></span> <span class='ocrx_word' id='word_1_782' title='bbox 3345 5405 3455 5472; x_wconf 89' lang='lat' dir='ltr'><strong>ipse</strong></span> <span class='ocrx_word' id='word_1_783' title='bbox 3489 5398 3567 5452; x_wconf 88' lang='lat' dir='ltr'><strong>illc</strong></span> <span class='ocrx_word' id='word_1_784' title='bbox 3587 5383 3802 5474; x_wconf 60' lang='grc' dir='ltr'>είρρυέίιςοξ</span> 
     </span>
    </p>
   </div>
   <div class='ocr_carea' id='block_1_116' title="bbox 2332 5471 3800 5568">
    <p class='ocr_par' dir='ltr' id='par_1_116' title="bbox 2332 5471 3800 5568">
     <span class='ocr_line' id='line_1_116' title="bbox 2332 5471 3800 5568; baseline -0.02 -2"><span class='ocrx_word' id='word_1_785' title='bbox 2332 5500 2448 5568; x_wconf 73' lang='grc' dir='ltr'>Ρνίθ</span> <span class='ocrx_word' id='word_1_786' title='bbox 2479 5496 2727 5567; x_wconf 78' lang='grc' dir='ltr'>ζητρεῖον</span> <span class='ocrx_word' id='word_1_787' title='bbox 2745 5496 2938 5561; x_wconf 84' lang='lat' dir='ltr'><strong>dictus,</strong></span> <span class='ocrx_word' id='word_1_788' title='bbox 2956 5493 3000 5548; x_wconf 90' lang='lat' dir='ltr'><strong>si</strong></span> <span class='ocrx_word' id='word_1_789' title='bbox 3024 5471 3634 5565; x_wconf 79' lang='lat' dir='ltr'><strong>Moscopulocretlitnus,</strong></span> <span class='ocrx_word' id='word_1_790' title='bbox 3651 5471 3800 5568; x_wconf 55' lang='grc' dir='ltr'>ζιτὲξίθῖ</span> 
     </span>
    </p>
   </div>
   <div class='ocr_carea' id='block_1_117' title="bbox 2335 5567 3803 5653">
    <p class='ocr_par' dir='ltr' id='par_1_117' title="bbox 2335 5567 3803 5653">
     <span class='ocr_line' id='line_1_117' title="bbox 2335 5567 3803 5653; baseline -0.031 6"><span class='ocrx_word' id='word_1_791' title='bbox 2335 5591 2531 5653; x_wconf 73' lang='grc' dir='ltr'>κοινῶς</span> <span class='ocrx_word' id='word_1_792' title='bbox 2557 5591 2584 5641; x_wconf 74' lang='grc' dir='ltr'>δ</span> <span class='ocrx_word' id='word_1_793' title='bbox 2608 5586 2868 5650; x_wconf 70' lang='grc' dir='ltr'><strong>κοῦσπυςο</strong></span> <span class='ocrx_word' id='word_1_794' title='bbox 2915 5583 3086 5640; x_wconf 84' lang='grc' dir='ltr'>Ἔστι</span> <span class='ocrx_word' id='word_1_795' title='bbox 3123 5587 3187 5641; x_wconf 82' lang='grc' dir='ltr'><strong>δὲ</strong></span> <span class='ocrx_word' id='word_1_796' title='bbox 3234 5584 3382 5649; x_wconf 80' lang='grc' dir='ltr'>εἶδος</span> <span class='ocrx_word' id='word_1_797' title='bbox 3427 5567 3803 5653; x_wconf 44' lang='grc' dir='ltr'>κολαστηρίωξῆ</span> 
     </span>
    </p>
   </div>
   <div class='ocr_carea' id='block_1_118' title="bbox 2329 5645 3803 5749">
    <p class='ocr_par' dir='ltr' id='par_1_118' title="bbox 2329 5645 3803 5749">
     <span class='ocr_line' id='line_1_118' title="bbox 2329 5645 3803 5749; baseline -0.014 -15"><span class='ocrx_word' id='word_1_798' title='bbox 2329 5682 2504 5735; x_wconf 81' lang='grc' dir='ltr'>δοῦλοι</span> <span class='ocrx_word' id='word_1_799' title='bbox 2535 5679 2878 5749; x_wconf 55' lang='lat' dir='ltr'><strong>caesim-aiio.</strong></span> <span class='ocrx_word' id='word_1_800' title='bbox 2921 5679 3030 5732; x_wconf 83' lang='lat' dir='ltr'><strong>Aut</strong></span> <span class='ocrx_word' id='word_1_801' title='bbox 3090 5680 3271 5746; x_wconf 86' lang='lat' dir='ltr'><strong>idem,</strong></span> <span class='ocrx_word' id='word_1_802' title='bbox 3307 5689 3400 5734; x_wconf 84' lang='lat' dir='ltr'><strong>aut</strong></span> <span class='ocrx_word' id='word_1_803' title='bbox 3442 5670 3610 5730; x_wconf 82' lang='lat' dir='ltr'><strong>similis</strong></span> <span class='ocrx_word' id='word_1_804' title='bbox 3652 5671 3712 5715; x_wconf 76' lang='lat' dir='ltr'><strong>res</strong></span> <span class='ocrx_word' id='word_1_805' title='bbox 3748 5645 3803 5698; x_wconf 56' lang='grc' dir='ltr'>ῐδιι</span> 
     </span>
    </p>
   </div>
   <div class='ocr_carea' id='block_1_119' title="bbox 2331 5753 3810 5842">
    <p class='ocr_par' dir='ltr' id='par_1_119' title="bbox 2331 5753 3810 5842">
     <span class='ocr_line' id='line_1_119' title="bbox 2331 5753 3810 5842; baseline -0.022 -10"><span class='ocrx_word' id='word_1_806' title='bbox 2331 5777 2417 5832; x_wconf 87' lang='lat' dir='ltr'><strong>ille</strong></span> <span class='ocrx_word' id='word_1_807' title='bbox 2455 5774 2647 5840; x_wconf 81' lang='lat' dir='ltr'><strong>codex,</strong></span> <span class='ocrx_word' id='word_1_808' title='bbox 2684 5775 2750 5828; x_wconf 83' lang='lat' dir='ltr'><strong>de</strong></span> <span class='ocrx_word' id='word_1_809' title='bbox 2795 5785 2904 5841; x_wconf 88' lang='lat' dir='ltr'><strong>quo</strong></span> <span class='ocrx_word' id='word_1_810' title='bbox 2950 5770 3335 5842; x_wconf 55' lang='lat' dir='ltr'><strong>Propertius,</strong></span> <span class='ocrx_word' id='word_1_811' title='bbox 3383 5771 3473 5826; x_wconf 69' lang='lat' dir='ltr'><strong>lib,</strong></span> <span class='ocrx_word' id='word_1_812' title='bbox 3512 5781 3590 5828; x_wconf 71' lang='grc' dir='ltr'><strong>ιν,</strong></span> <span class='ocrx_word' id='word_1_813' title='bbox 3627 5758 3723 5818; x_wconf 72' lang='lat' dir='ltr'><strong>ett-g-</strong></span> <span class='ocrx_word' id='word_1_814' title='bbox 3747 5753 3810 5800; x_wconf 64' lang='lat' dir='ltr'><strong>tl’i</strong></span> 
     </span>
    </p>
   </div>
  </div>
