4022 6282
284 332 420 398 1325

283 448 375 497 illo
414 458 570 497 versu
608 461 618 496 :
653 443 863 497 (.‘odicis
895 444 1148 496 immundi
1174 444 1384 498 vincula
1423 447 1576 497 sentit
1617 462 1769 507 anus,
1801 455 1854 497 et

270 537 567 599 Juvenalis,
613 535 731 590 Sat.
772 552 830 599 tt,
868 539 989 589 tlum
1021 538 1095 589 ait
1127 553 1140 590 :
1180 537 1424 590 Residens
1450 538 1501 589 in
1529 538 1703 589 radice
1742 537 1850 603 pel-

272 631 375 681 lex.
412 627 609 680 Verum
644 628 840 681 Suitlas
866 628 1175 681 distinctius
1197 629 1428 692 explicat
1458 643 1627 698 genus
1656 628 1846 681 horum

274 721 633 782 vinculorum,
670 702 797 771 dum
843 719 1016 771 innuit
1044 719 1231 785 Stringi
1289 718 1475 773 solitus
1530 720 1844 772 miserorum

275 813 435 875 pedes
476 813 674 878 paratis
710 812 848 865 intra
887 813 1026 880 cippi
1064 812 1365 865 orassitiem
1409 812 1651 878 angustis
1700 811 1847 864 locu-

275 904 336 955 lis
368 921 380 953 :
422 903 737 970 Ποὸοκὰπη,
774 903 968 971 inquit,
1001 902 1175 954 ποδῶν
1208 903 1452 963 κάκωσις
1481 902 1508 952 ὁ
1553 901 1843 971 λεγόμενος
1899 961 1902 963 λ

271 993 530 1053 κνῠσπος.
567 992 671 1047 Nec
699 993 905 1046 abludit
936 991 1378 1047 LatinovGrrecus
1394 994 1678 1061 glossator,
1703 994 1841 1061 apud

269 1100 427 1152 quem
462 1086 531 1136 ita
561 1084 790 1150 legitur:
826 1084 1050 1151 Cuspus,
1097 1082 1303 1148 ξύλινον
1352 1082 1653 1135 σανδάλιον.
1701 1083 1839 1135 Idem

270 1185 523 1233 aslrtttlttt
557 1175 762 1231 Glossaa
795 1175 1144 1230 Basilicorum
1175 1177 1298 1229 dum
1333 1174 1713 1244 κουσπάτορας
1740 1193 1839 1241 φυ-

265 1272 532 1334 λακιστὰς
590 1284 712 1324 esse
765 1270 978 1324 docent.
1040 1267 1330 1333 Κούσπους
1386 1269 1494 1339 γὰρ
1562 1268 1838 1339 (addunt)

265 1362 565 1430 ξυλοττὸδας
593 1359 838 1414 καλοῦσι.
882 1358 1145 1413 ιὶρΐθτιιιιι
1169 1360 1356 1423 etiam,
1389 1359 1688 1412 Salmasius
1718 1358 1839 1412 loco

260 1473 373 1524 1am
414 1456 651 1517 laudato,
686 1462 740 1509 et
763 1451 993 1507 Carolus
1028 1451 1255 1504 Annibal
1294 1449 1562 1503 Fabrotus
1598 1456 1652 1503 in
1679 1451 1837 1505 Glos-

264 1547 409 1599 sario
456 1544 685 1600 Cedreni
711 1582 725 1609 ,
762 1544 935 1596 locum
976 1545 1077 1597 huc
1128 1543 1482 1611 pertinentem
1522 1557 1585 1594 ex
1640 1540 1836 1595 chico

264 1635 465 1689 inedito
502 1635 837 1687 bibliothecae
872 1632 1050 1701 Regini
1080 1633 1371 1701 Ζατρίκιον
1406 1633 1431 1683 ὁ
1482 1629 1715 1685 κοῧσπος
1776 1629 1836 1681 τὸ

260 1728 369 1779 τῶν
394 1726 600 1778 δούλων
633 1727 1020 1794 κολαστήριον,
1060 1726 1147 1779 ubi
1174 1726 1311 1791 jacet
1339 1726 1423 1778 illa
1462 1724 1578 1793 ipsa
1625 1740 1725 1777 vox
1753 1724 1833 1775 in-

263 1829 411 1885 tegra
444 1818 596 1883 cujus
630 1818 893 1886 originem
926 1818 1304 1885 disquit'iutus;
1342 1832 1500 1884 quam
1548 1816 1671 1868 inde
1700 1814 1837 1867 veri-

265 1908 441 1961 simile
470 1908 526 1960 fit
561 1908 683 1961 ludo
715 1908 1140 1961 latrunculerum
1171 1922 1273 1959 non
1332 1908 1429 1959 nisi
1473 1903 1835 1973 metaphorice

260 2010 517 2066 aptatam,
552 2014 671 2051 cmn
696 1999 965 2067 proprium
1002 2009 1159 2050 antea
1204 2012 1355 2049 nsum
1403 1997 1623 2049 haberet
1668 1995 1718 2046 in
1757 1994 1834 2047 si-

258 2090 562 2157 gnificando
585 2090 777 2158 poenali
805 2104 1080 2142 servorum
1110 2088 1316 2142 codice.
1370 2087 1499 2152 Quis
1535 2097 1714 2139 autem
1747 2086 1830 2140 tli-

257 2182 404 2233 viuet
427 2181 565 2234 unde
590 2182 691 2234 hoc
724 2181 802 2234 sic
831 2181 1136 2241 iuvaluerit,
1157 2188 1208 2232 ut
1243 2179 1485 2248 supplicii
1509 2178 1831 2232 vocabulum

257 2272 322 2324 ad
360 2272 730 2325 remissionem
766 2271 1201 2325 transferretur?
1236 2286 1397 2337 quam
1441 2270 1607 2322 multa
1642 2268 1833 2322 simili-

255 2370 340 2414 ter
372 2363 627 2415 instituta
658 2363 934 2416 cernimus
964 2378 1191 2428 quorum
1227 2362 1384 2413 aliam
1419 2376 1577 2413 nemo
1609 2374 1828 2413 causam

255 2462 418 2520 queat
454 2453 677 2507 reddere
729 2455 830 2509 nisi
887 2453 1166 2506 arbitrium
1216 2453 1338 2505 talia
1391 2453 1621 2520 primum
1682 2451 1827 2503 incc-

255 2546 523 2612 ptantium
554 2544 577 2596 ?
606 2544 916 2614 Cogitabam
945 2545 1252 2613 aliquando,
1280 2560 1345 2597 an
1391 2558 1493 2598 non
1529 2585 1544 2610 ,
1579 2545 1829 2613 quoniam

254 2636 347 2703 qui
385 2635 550 2689 vincti
601 2619 965 2690 attinebantur
1009 2637 1062 2689 in
1103 2635 1388 2704 ergastulis
1423 2650 1487 2689 ac
1534 2637 1829 2701 custodiis,

257 2728 395 2780 Keilii
433 2742 596 2781 causa
645 2727 858 2783 fallendi
883 2729 1024 2782 soliti
1054 2736 1235 2782 essent
1259 2727 1531 2796 indulgere
1552 2727 1830 2781 fortelutlo

255 2818 341 2869 isti
372 2856 387 2881 ,
420 2832 529 2886 quo
556 2857 570 2881 ,
607 2834 767 2886 quam
797 2820 961 2872 solam
999 2820 1265 2872 habebant
1316 2820 1578 2887 reliquam
1636 2819 1830 2872 vinctis

256 2910 478 2973 pedibus
526 2926 776 2962 manuum
830 2912 1209 2979 promovendis
1244 2911 1464 2965 calculis
1516 2910 1821 2964 libertatem

255 3009 598 3064 usurparent,
628 3002 751 3053 inde
785 3001 934 3056 fieret
968 3013 1025 3054 ut
1056 3017 1248 3055 nomen
1281 3001 1383 3056 loci
1420 3001 1506 3056 ubi
1568 3004 1722 3055 ludus
1750 3003 1829 3055 la-

265 3091 637 3143 lrnueulorum
668 3090 1127 3159 frequentaretur,
1163 3091 1285 3146 ludo
1337 3092 1435 3161 ipsi
1497 3093 1827 3144 adhmresce-

257 3191 380 3235 ret:
424 3182 720 3250 praesertim
774 3197 893 3236 emn
952 3181 1108 3237 facile
1158 3183 1389 3251 potuerit
1437 3183 1626 3251 cippus
1687 3186 1823 3235 intra

252 3285 411 3337 quem
448 3271 658 3325 inferne
693 3286 848 3325 crura
905 3272 1247 3341 fugitivorum
1311 3282 1402 3324 aut
1461 3274 1563 3326 alio
1612 3274 1827 3327 nomine

252 3361 724 3427 l'cettasluentium
754 3377 1031 3418 servorum
1079 3362 1370 3416 constricta
1412 3365 1822 3430 premebantur,

255 3451 520 3520 superiori
544 3454 625 3506 sui
658 3462 808 3520 parte
850 3462 1159 3522 coa‘quatus
1191 3462 1335 3507 esset
1384 3453 1435 3505 in
1485 3455 1823 3521 superllciem

252 3544 657 3597 tomtuitteutlis
723 3544 1038 3598 latrunculis
1089 3544 1422 3613 plagularum
1460 3544 1824 3612 descriptione

248 3647 439 3700 parata
467 3655 495 3686 ιι
538 3656 550 3691 :
597 3637 739 3692 unde
782 3636 943 3690 simul
978 3635 1256 3707 ζατρίκιον
1296 3648 1438 3691 esset
1470 3647 1523 3690 et
1559 3637 1820 3700 κοῦσπος.

248 3724 361 3777 Nisi
401 3727 537 3779 lorte
560 3728 648 3780 alii
671 3727 1014 3781 verisimilius
1040 3736 1319 3780 autumant
1344 3729 1506 3796 pedes
1525 3729 1819 3796 impedien-

250 3817 318 3870 tis
343 3819 480 3887 cippi
526 3820 840 3873 vocabulum
891 3820 1013 3872 ludo
1065 3820 1486 3873 latrunculorum
1524 3836 1618 3888 per
1650 3830 1819 3872 trans-

249 3910 497 3963 latione'ut
524 3914 1006 3975 accommodatum,
1062 3913 1200 3983 quod
1239 3927 1356 3980 qua:
1394 3912 1443 3964 in
1482 3928 1546 3965 eo
1578 3914 1721 3965 velut
1769 3914 1818 3964 in

247 4014 406 4052 scena
433 4001 661 4067 quadam
695 4003 845 4070 quasi
892 4018 1136 4072 persnme
1200 4012 1654 4071 repraesentantur
1688 4018 1775 4056 rex
1804 4046 1816 4069 ,

248 4094 457 4160 regina,
485 4097 714 4163 equites,
740 4108 868 4160 etc.,
901 4097 1135 4147 mandris
1164 4104 1212 4148 et
1240 4097 1400 4149 vitreo
1429 4095 1632 4147 latrone
1661 4095 1819 4149 ctusre

244 4185 595 4251 exhibentur,
626 4198 682 4238 ut
717 4184 974 4239 Martialis
1003 4186 1257 4256 loquitur,
1285 4186 1466 4255 Epigr.
1512 4202 1637 4240 uxr
1662 4228 1677 4252 ,
1726 4186 1814 4240 lib.

248 4291 345 4342 vlt,
372 4275 518 4330 hunc
548 4279 719 4345 ipsum
755 4279 979 4332 innitens
1016 4280 1218 4333 ludum.
1263 4279 1473 4333 Etenim
1538 4278 1591 4337 in
1646 4281 1813 4347 prima

248 4369 549 4422 structione
574 4369 709 4423 aciei
738 4386 856 4437 qua:
904 4371 1009 4423 ludi
1064 4370 1330 4439 principio
1375 4371 1431 4423 fit
1459 4408 1475 4434 ,
1521 4386 1770 4440 proceres
1799 4412 1813 4435 ,

246 4468 501 4526 tanquam
545 4459 749 4527 alligati
784 4461 851 4512 ad
877 4461 1090 4528 cippum
1127 4460 1290 4523 servi,
1325 4460 1378 4512 in
1405 4473 1644 4513 extrema
1676 4461 1814 4514 linea

244 4563 541 4620 pommtur,
576 4568 673 4604 suo
704 4553 926 4619 quilibet
958 4552 1147 4607 affixus
1183 4553 1438 4606 discolori
1482 4554 1690 4621 quadro
1728 4573 1741 4608 :
1784 4571 1810 4611 ιι

242 4651 393 4709 tergo
447 4644 660 4712 quidem
708 4645 922 4699 clausus
966 4655 1209 4699 extremo
1259 4645 1476 4699 Zatricii
1531 4648 1812 4715 margine,

240 4732 396 4799 quasi
432 4749 583 4788 muro
612 4735 870 4799 carceris,
904 4753 930 4788 a
968 4734 1105 4790 faeie
1161 4752 1289 4790 vero
1326 4736 1611 4803 impeditus
1656 4737 1813 4806 longo

242 4841 493 4894 oppanso
531 4843 685 4881 versu
715 4827 1137 4882 latrunculorum
1174 4833 1313 4881 velut
1360 4827 1640 4881 custodum
1673 4831 1810 4882 inill-

245 4930 382 4981 tutu,
414 4920 572 4974 hodie
602 4906 798 4989 pedites
828 4930 1019 4974 vocant
1053 4937 1066 4974 :
1102 4921 1189 4988 qui
1236 4921 1315 4972 sic
1364 4920 1621 4988 producta
1672 4920 1809 4974 linea

241 5014 670 5080 prsetenduutur,
703 5021 760 5063 ιιι
787 5010 1047 5079 majorum
1102 5009 1425 5064 calculorum
1472 5026 1809 5064 commovere

240 5116 361 5153 sese
387 5111 551 5169 queat
597 5102 791 5163 nullus,
833 5102 1005 5169 quoad
1033 5102 1267 5171 peditum
1306 5102 1632 5155 obstantium
1684 5118 1811 5154 con-

243 5202 418 5247 textus
458 5193 688 5261 alicujus
721 5193 1060 5247 submotione
1093 5203 1492 5262 perrumpatur.
1557 5192 1809 5246 Mattdras

244 5283 405 5349 igitur
437 5286 519 5337 hic
544 5292 702 5351 poeta
731 5294 886 5338 vocat
916 5285 1154 5354 plagulas
1184 5284 1378 5352 quibus
1408 5283 1659 5337 schaechi
1694 5300 1809 5336 ma-

233 5372 381 5440 jores
407 5373 637 5425 insident
666 5372 828 5427 aflixi.
857 5374 1116 5429 Latrones
1170 5385 1347 5428 autem
1389 5374 1618 5430 minoris
1653 5376 1809 5430 molis

241 5464 488 5527 seachos,
532 5465 686 5532 vulgo
714 5462 942 5531 piétom,
969 5468 1137 5519 dicit:
1162 5481 1297 5534 quos
1330 5471 1527 5520 vitreos
1557 5466 1680 5521 dum
1710 5481 1801 5535 ap-

242 5553 421 5621 ιιι-Ιιειι,
445 5570 507 5607 ex
544 5571 605 5606 ea
636 5566 744 5607 tum
776 5559 994 5610 materia
1023 5555 1354 5626 frequentius
1383 5555 1553 5612 factos
1613 5557 1801 5611 innuit.

240 5644 341 5697 Sed
372 5647 483 5699 lucc
519 5646 786 5701 Curiosius
815 5650 1031 5716 exsequi
1068 5652 1148 5701 vix
1183 5657 1264 5700 est
1307 5648 1461 5702 tanti.

498 5834 776 5891 ΡΑτιιοι..
806 5834 918 5891 Gn.
963 5834 1233 5893 CXXXI.

1443 335 1940 395 GLOSSARlUM
1984 335 2346 396 ANNIEUM.

3383 346 3519 408 1226

2694 450 2772 501 ll.

2024 528 2233 599 ἾΙλος.
2265 535 2443 589 Multis
2479 537 2630 602 locis,
2671 554 2775 593 non
2832 541 3041 605 clavus,
3103 547 3195 599 sed
3227 551 3409 616 cuspis
3462 568 3525 606 ac

1952 624 2155 679 ferrum
2202 627 2423 692 lancezc,
2456 645 2577 698 qum
2606 630 2804 684 Christi
2844 634 3050 688 Domini
3082 636 3223 692 latus
3255 638 3411 695 fodit.

2029 715 2422 786 'Hmlozitat.
2457 718 2572 771 Lib.
2623 738 2674 784 κ,
2706 724 2803 775 sub
2837 722 2995 777 finem
3033 742 3047 779 :
3099 728 3259 780 Ἀλλὰ
3307 730 3365 782 τὸ
3423 732 3524 798 μέ-

1950 821 2042 857 σον
2070 806 2213 876 ἔχειν
2262 809 2371 861 τῶν
2407 811 2762 881 ήμιλοχιτῶν.
2825 814 2967 868 Nova
3027 828 3080 871 et
3135 819 3247 873 btec
3280 836 3400 874 vox.
3435 823 3523 875 Vi-

1948 895 2144 947 (lentur
2203 900 2515 969 ἡμιλοχῖται
2570 906 2721 970 quasi
2778 903 2971 960 Triarii
3025 910 3187 963 fuisse
3226 928 3242 964 :
3281 916 3368 981 qui
3420 930 3521 981 pu-

1947 990 2233 1054 gnantibus
2265 994 2384 1047 aliis
2409 996 2770 1062 Subsiderent,
2837 1014 3113 1056 servantes
3140 1018 3196 1056 se
3227 1009 3290 1056 ad
3316 1008 3519 1060 incerta

1944 1077 2087 1145 belli,
2118 1092 2173 1135 ιιι
2197 1082 2351 1149 fusis,
2380 1087 2421 1139 si
2454 1087 2607 1154 forte,
2648 1089 2943 1160 fractisque
2969 1096 3103 1159 suis,
3137 1096 3333 1167 integri
3373 1114 3513 1164 prte-

1945 1170 2072 1225 limn
2098 1186 2329 1230 sumant.
2371 1176 2481 1231 Non
2543 1192 2667 1236 sunt
2720 1185 2836 1252 puri
2888 1184 3092 1255 λολῖται
3154 1189 3518 1248 insidiatores.

1945 1261 2047 1314 Sed
2072 1279 2256 1317 eorum
2281 1267 2454 1323 simile
2487 1270 2686 1327 habent
2730 1274 3026 1345 quippiam,
3088 1278 3293 1337 idcirco
3326 1282 3520 1351 ήμιλοο

1943 1353 2089 1420 χῖτσ·

2706 1478 2776 1534 Κ.

2010 1582 2311 1652 Romanii;
2336 1598 2427 1642 tor;
2466 1589 2584 1644 Lib.
2636 1609 2752 1658 xm,
2788 1596 2887 1649 sub
2924 1595 3081 1651 finem
3115 1617 3127 1653 :
3158 1602 3270 1670 Οὐχ
3326 1605 3512 1669 ἱππεῖς

1944 1674 2127 1762 μόνον,
2157 1677 2289 1729 ἀλλὰ
2320 1681 2410 1730 καὶ
2433 1683 2668 1747 ὁπλῖται,
2702 1695 2757 1738 ιιι
2790 1688 2934 1741 Anna
2973 1689 3085 1757 ipsa
3120 1692 3228 1745 illic
3257 1698 3512 1762 exponit:

1940 1761 2251 1829 significans
2295 1770 2489 1825 milites
2552 1778 2730 1841 gravis
2785 1790 3073 1834 armaturae
3136 1761 3514 1854 xa6z).).aptwv

1941 1856 2157 1909 nomine
2194 1864 2424 1927 censeri,
2461 1868 2669 1919 tametsi
2704 1869 2909 1935 pedites
2939 1870 3051 1924 sint
3085 1887 3099 1924 :
3131 1876 3273 1941 quod
3305 1891 3331 1927 a
3371 1876 3512 1943 glas-

1938 1950 2207 2003 satoribus
2231 1952 2712 2011 (irmco-Barharis
2744 1975 2844 2012 non
2894 1964 3355 2030 animadversum,
3390 1968 3509 2022 ideo

1941 2046 2126 2091 uolatu
2152 2041 2368 2108 dignum
2406 2046 2574 2100 viieri
2612 2060 2809 2113 potest.

2007 2130 2277 2199 Κάθετος.
2334 2137 2450 2190 Lib.
2499 2156 2613 2203 xm,
2672 2144 2774 2195 sub
2827 2147 3058 2199 medium
3090 2166 3104 2205 :
3139 2150 3329 2215 Ὅπως
3386 2159 3511 2220 τοῖς

1938 2217 2039 2285 μὲν
2069 2221 2331 2287 καθέτους
2372 2230 2587 2291 τούτους
2626 2232 2823 2303 ἄνδρας
2854 2236 3111 2302 ἀϐλαϐεῖς
3134 2241 3508 2315 διατηρήσειε.

1936 2311 2178 2375 Κάθετος
2214 2317 2297 2370 hic
2337 2327 2421 2373 est
2456 2322 2730 2388 projectus
2784 2327 2835 2377 in
2870 2329 3166 2394 perlculum
3198 2311 3499 2405 autpcrni-

1937 2404 2073 2457 ciem
2135 2419 2360 2464 certam.
2416 2410 2646 2482 Elegans
2689 2415 2738 2468 id
2774 2418 3009 2485 quidem,
3044 2422 3135 2476 sed
3195 2441 3298 2480 non
3353 2433 3511 2501 vu'go

1936 2497 2243 2563 usitatum;
2301 2501 2529 2573 ideoque
2587 2506 2673 2561 hic
2727 2516 3042 2570 notandum.
3106 2518 3241 2573 Puto
3294 2497 3503 2575 Annam

1937 2588 2188 2646 habuisse
2221 2592 2272 2644 itt
2317 2598 2496 2649 animo
2556 2601 2729 2671 ἀμνὸν
2777 2606 3027 2673 κάθετον,
3064 2611 3131 2665 de
3165 2628 3270 2682 quo
3302 2612 3509 2682 Harpo-

1933 2682 2141 2734 cration
2198 2685 2363 2739 verbo
2408 2687 2658 2752 κάθετος,
2690 2696 2831 2758 quod
2862 2699 3082 2761 exponit
3127 2701 3155 2752 ὀ
3204 2702 3509 2771 καθέμενος

1933 2773 2012 2832 εἰς
2043 2774 2101 2824 τὺ
2135 2775 2375 2844 πέλαγος
2410 2780 2577 2847 ἀμνός
2607 2798 2622 2813 ο
2671 2786 2759 2852 qui
2812 2785 3067 2842 nimirum
3113 2792 3509 2857 porriciebatur

1934 2862 1986 2916 in
2016 2866 2188 2917 medio
2221 2867 2413 2924 fluetus
2448 2874 2740 2939 periturus.

2004 2954 2281 3023 [ιἰὶμινος.
2339 2960 2507 3030 Vulgo
2564 2964 2777 3032 fornax.
2844 2968 2947 3022 Sed
3004 2969 3157 3026 Anna
3232 2990 3326 3042 pro
3373 2993 3506 3046 pyra

1932 3058 2159 3113 usurpat
2192 3049 2281 3101 lib.
2314 3066 2341 3103 χ
2354 3067 2404 3103 v.

2001 3138 2373 3191 κανικλεῖον.
2414 3141 2529 3195 Lib.
2567 3160 2639 3208 XI,
2673 3146 2773 3201 sub
2806 3148 2963 3203 finem
2999 3168 3013 3204 :
3087 3154 3221 3207 Ἀπὸ
3267 3157 3367 3225 τῆς
3408 3160 3503 3212 τοῦ

1930 3226 2237 3280 κανικλείου
2306 3230 2464 3294 ἀξίας
2518 3232 2691 3301 μέγαν
2744 3235 3103 3311 δρουγγάριον
3154 3245 3247 3297 τοῦ
3314 3248 3501 3302 στόλου

1928 3321 2445 3392 προχειρισάμενος.
2507 3327 2635 3383 Vide
2689 3331 2984 3386 Meursittm
3057 3346 3110 3388 et
3182 3336 3500 3406 gloss-rium

1923 3408 2178 3467 Cedreni.

1997 3531 2289 3587 Κάπαναι.
2370 3534 2502 3590 Nam
2572 3554 2668 3607 pro
2752 3540 3017 3605 καπάνοις
3093 3548 3496 3605 rescribendum

1926 3636 2055 3689 peto
2082 3629 2374 3686 καπαναῒς.
2414 3629 2505 3682 list
2556 3643 2735 3683 autent
2794 3635 3017 3703 καπάνη
3047 3635 3353 3693 Thessalica
3381 3641 3497 3695 dia-

1925 3713 2064 3767 leeto
2116 3716 2252 3771 idem
2305 3722 2444 3785 quod
2505 3724 2723 3791 ἁπηνή,
2786 3727 3089 3781 vehiculum
3156 3739 3248 3784 aut
3306 3731 3491 3790 rheda.

1924 3806 2235 3863 Eustathius
2271 3812 2334 3863 ad
2376 3811 2538 3865 Iliad.
2568 3813 2630 3881 λ’,
2682 3832 2801 3885 pag.
2836 3817 2935 3871 799
2962 3822 3089 3875 edit.
3125 3821 3489 3891 Frobenianae,

1925 3901 2011 3952 ubi
2050 3905 2383 3955 euumcravit
2417 3910 2657 3971 quantam
2695 3911 2947 3964 vocabula
2981 3916 3486 3982 quihnsadventitia

1922 3988 2098 4041 littera
2168 3992 2461 4059 prteligitttr
2519 4004 2571 4045 ιιι
2627 3996 2887 4067 χλιαρὸν,
2949 4004 3210 4069 πήγανῇν,
3270 4005 3488 4074 σμίλαξ,

1924 4079 2201 4149 σμύραινα
2236 4100 2247 4113 ·
2280 4099 2397 4150 qua}
2431 4088 2561 4141 citra
2612 4092 2946 4156 epenthesim
2997 4092 3247 4146 dicuntur
3279 4094 3488 4165 λιαρὸν.

1921 4173 2139 4241 ἡγανον,
2178 4175 2361 4242 pilai,
2408 4178 2664 4246 μύραινα,
2718 4181 2840 4235 huic
2870 4184 3048 4252 generi
3091 4197 3339 4240 accenset
3392 4206 3493 4242 xa-

1920 4268 2097 4331 rtﬁvry
2165 4278 2443 4331 nostram,
2505 4271 2582 4323 sic
2648 4273 2825 4323 statim
2897 4276 3231 4344 sultjungens
3262 4279 3373 4331 Καὶ
3433 4282 3494 4333 τὸ

1918 4356 2135 4425 κατεάνη
2189 4358 2392 4427 ἀπήνη.
2444 4361 2471 4411 ὃ
2522 4363 2668 4412 ἐστιν
2721 4365 2928 4434 ἀπήνη.
2962 4367 3217 4421 Termini.
3259 4370 3366 4437 γὰρ
3416 4371 3491 4433 ὡς

1846 4468 1850 4472 -
1919 4443 1974 4501 ἐν
2002 4445 2112 4506 τοῖς
2138 4446 2232 4497 τοῦ
2289 4448 2570 4517 Ἀθηναίου
2621 4452 2867 4519 φέρεται,
2916 4456 3014 4515 τὰς
3045 4457 3260 4527 ἀπήνας
3301 4462 3487 4528 καπή-

1917 4552 2012 4597 νας
2063 4537 2272 4604 ελεγον,
2324 4540 2447 4591 ὅθεν
2499 4545 2591 4594 καὶ
2651 4548 2933 4599 καπανικὰ
3000 4549 3129 4617 παρ’
3187 4551 3369 4613 αὐτοῖς
3421 4553 3488 4604 τὰ

1914 4626 2205 4694 ἁμαξιαῖα.
2262 4628 2350 4693 '0;
2404 4630 2575 4699 δηλοῖ,
2635 4634 2823 4703 φησιν,
2890 4637 3287 4707 Ἀριστοφάνης
3323 4643 3487 4711 ἐντῷ

1915 4713 2100 4765 Λυδεῖλν
2148 4717 2341 4770 δεῖπνα
2406 4720 2498 4771 καὶ
2558 4723 2863 4788 Τετταλῶν,
2927 4720 3003 4779 ὦν
3058 4730 3121 4778 τὰ
3182 4728 3487 4783 Τετταλικά

1915 4806 2049 4858 πολὺ
2106 4810 2554 4878 καπανικώτερα.
2617 4814 2740 4868 “ch
2793 4818 2880 4869 ille
2921 4834 3039 4882 qum
3091 4819 3302 4871 abunde
3360 4833 3487 4873 Sunt

1911 4897 1976 4947 ad
2024 4900 2294 4952 notionem
2360 4905 2734 4956 declarandam
2784 4906 2883 4973 τῆς
2937 4908 3229 4975 κιπὰνης·
3284 4922 3312 4959 a
3376 4924 3479 4977 qua

1916 4992 2091 5039 tamen
2156 4989 2366 5041 \idctnr
2423 4995 2673 5045 recedere
2722 4992 2931 5055 Pollux,
2990 4997 3079 5048 lib.
3134 5011 3172 5059 ι,
3221 5012 3338 5063 cap.
3393 4999 3479 5059 lO.

1913 5076 2001 5127 ubi
2041 5076 2502 5130 nomenclatorum
2538 5081 2806 5133 variarum
2843 5099 3033 5134 currus
3080 5088 3307 5152 partium
3358 5093 3480 5141 red-

1911 5165 2043 5216 dens
2088 5165 2289 5231 virgam
2345 5183 2537 5221 currus
2570 5168 2799 5223 mediam
2852 5174 3102 5243 καπέινην
3136 5178 3347 5243 proprie
3396 5183 3480 5231 (Ιι-

1910 5263 2049 5305 ctam
2078 5258 2306 5309 asserit:
2349 5256 2410 5310 Ἣ
2438 5257 2493 5309 δὲ
2528 5258 2668 5327 μέση
2700 5262 2891 5329 ρἅδο;
2924 5266 3167 5333 καπάνη.

1980 5370 2375 5424 Καστελλίον.
2411 5371 2571 5438 Quasi
2625 5374 2830 5429 dit-eros
2879 5376 3252 5442 Castellnlum,
3304 5384 3480 5435 numi-

1909 5457 2199 5512 tiunculam
2237 5463 2484 5519 videlicet
2511 5466 2690 5534 exigui
2717 5468 2969 5529 ambitus,
2997 5469 3085 5523 lib.
3122 5487 3198 5525 xu.

1978 5548 2348 5621 Κατάλυσις.
2396 5555 2515 5610 Lib.
2568 5574 2645 5622 vt.
2702 5570 2819 5626 post
2879 5561 3166 5617 medium:
3228 5564 3373 5617 am
3408 5568 3477 5620 τὰ

1907 5645 2006 5712 τῆς
2040 5643 2291 5712 βοηθείας
2331 5648 2581 5701 ἐντεῦθεν
2619 5653 2760 5703 κατὰ
2790 5653 2879 5703 τὸν
2918 5651 3041 5703 νοῦν
3082 5655 3174 5707 τοῦ
3207 5657 3480 5727 αὐωκράο

1906 5753 2061 5807 ’παρος
2121 5738 2200 5799 εἰς
2244 5742 2545 5794 κατάλυσιν
2592 5741 2685 5793 τοῦ
2734 5742 3082 5810 Ἀπεὶχασὴμ
3142 5746 3479 5815 περιίστατο.

2988 5834 3059 5893 3')
