4022 6282
495 370 628 444 2227

490 486 804 552 Ka'rd'ituat;
849 489 918 542 ibi
975 488 1205 557 positum
1268 487 1481 542 videtur
1541 486 1662 540 ἀντὶ
1706 486 1823 551 τοῦ,
1864 485 2069 540 ἀπόλυ-

489 599 595 648 σις,
623 581 885 635 liberalia.

566 669 910 733 Κατεπὰνω,
936 669 1023 724 9L
1054 666 1359 723 Κατεπάνω
1383 667 1492 720 τῶν
1517 667 1846 738 ἀξιωμάτων
1874 681 1952 718 vet
1971 677 2023 719 to
2050 681 2066 724 :

493 762 820 830 Prwposittts
865 761 1228 830 dignitatibus.
1276 760 1410 813 Puto
1445 774 1562 814 esse
1600 759 1666 812 ab
1711 759 1900 811 ἐπάνω
1933 774 2067 825 pra:-

488 855 662 919 posito
716 852 881 905 κατά.
939 850 1027 905 Bis
1074 851 1340 921 reperitur
1393 850 1444 903 in
1499 850 1727 918 epistola
1778 849 1950 901 Alexii
2000 848 2065 900 ad

490 936 780 997 lienricom
813 943 951 995 libro
984 942 1165 995 tertio.
1214 942 1364 1006 Quod
1404 939 1670 993 Meursius
1709 938 1848 991 hanc
1882 954 2065 990 VOt't‘lll

488 1050 768 1104 exponens
798 1032 1213 1101 Redemptorem
1251 1032 1594 1101 vectigalium
1626 1031 1812 1092 vertit,
1853 1029 2067 1098 generis

491 1138 687 1177 nomen
719 1124 914 1192 speciei
947 1123 1153 1175 tribuit.
1189 1122 1453 1175 Videntur
1483 1122 1625 1177 enim
1661 1120 1710 1171 οἱ
1744 1117 2067 1181 κατέπανοι,

479 1216 573 1271 ’vel
608 1225 669 1270 ut
721 1210 915 1270 melius
975 1212 1232 1269 scribitur
1295 1215 1395 1267 hoc
1447 1212 1587 1276 loco,
1648 1214 1696 1265 oi
1753 1210 2067 1274 κατεπάνω,

490 1307 616 1361 dicti
649 1306 815 1360 fuisse
847 1306 1119 1374 prmpositi
1165 1304 1387 1359 cuilibet
1431 1304 1532 1369 rei,
1564 1315 1621 1355 ut
1652 1302 1740 1356 hic
1791 1302 2069 1371 dignitati-

493 1400 616 1465 bus,
660 1398 732 1451 les
778 1397 1202 1452 surintendants.
1262 1395 1448 1465 Itaque
1484 1410 1680 1449 censeo
1715 1394 1853 1447 hanc
1886 1407 2067 1446 vocem

493 1490 696 1545 Graecae
734 1490 961 1558 originis
994 1498 1048 1542 et
1087 1488 1350 1557 analogiae
1387 1486 1543 1555 plane
1566 1487 1835 1540 diversam
1865 1485 1931 1536 ab
1962 1482 2067 1535 alia

496 1596 642 1636 mere
690 1580 919 1635 barbara
975 1579 1241 1648 sequioris
1290 1578 1514 1633 Graeciae
1562 1592 1658 1631 usu
1714 1576 1837 1628 trita
1895 1573 2067 1626 καπέ-

491 1690 688 1736 ττινος,
729 1680 822 1725 aut
869 1670 1191 1734 καπέτανις,
1227 1670 1307 1721 vel
1341 1672 1500 1723 etiam
1550 1668 1876 1728 καπετάνιος
1921 1666 2071 1733 capi-

495 1765 637 1817 taine
668 1764 735 1816 de
772 1778 878 1831 qua
905 1761 1277 1830 glossographi
1302 1770 1385 1813 sat
1410 1761 1598 1814 multa.

569 1853 893 1924 Κὰτεργον.
929 1852 1211 1907 Triretnis.
1262 1851 1393 1905 Vide
1442 1849 1702 1920 glossaria
1750 1848 1965 1902 Bleursii
2018 1857 2073 1901 et

496 1944 719 1998 Fabroti
754 1945 818 1997 ad
846 1943 1109 2003 Nicetant,
1153 1944 1245 1996 lib.
1299 1958 1350 2006 x,
1414 1950 1536 2009 post
1584 1938 1818 1993 medium
1863 1957 1877 1990 :
1934 1938 2070 1989 Ἀπ-

497 2033 708 2087 daretis
738 2032 829 2087 τὸν
883 2031 1219 2100 καλούμενον
1273 2029 1525 2097 δεύτερον
1559 2028 1773 2095 κόμητα
1814 2024 1952 2094 μετὰ
1977 2022 2071 2075 τοῦ

499 2124 633 2176 ἰδίου
659 2124 952 2193 κατέργου.

568 2216 857 2269 Καύκιογ.
887 2214 1169 2279 Caucium,
1200 2214 1295 2267 lib.
1330 2229 1411 2275 Ill,
1453 2209 1504 2264 in
1545 2210 1766 2279 epistola
1799 2208 1969 2261 Alexii
2006 2204 2071 2259 ad

501 2300 788 2361 llenricum
818 2307 939 2377 jure
960 2307 1150 2375 opinor
1183 2321 1300 2357 meo
1332 2306 1380 2357 in
1402 2304 1847 2371 interpretatione
1875 2301 2071 2354 retinui

499 2414 693 2452 sonum
721 2398 895 2466 ipsum
930 2399 1077 2450 vocis
1104 2396 1348 2451 barbara:
1366 2396 1714 2464 ejusdemque
1736 2393 2072 2462 πολυσήμου.

500 2489 630 2542 Nam
659 2498 713 2543 et
740 2488 984 2557 bydriam
1015 2496 1069 2541 et
1104 2486 1324 2541 calicem
1371 2495 1427 2539 et
1459 2500 1735 2538 nummum
1766 2492 1943 2537 sonat.
1998 2482 2072 2535 Ex

506 2581 705 2650 quibus
741 2579 1057 2635 notionibus
1089 2579 1322 2632 secunda
1366 2579 1598 2631 maxime
1647 2576 1698 2628 in
1731 2577 1873 2630 lnmc
1900 2576 2074 2628 locum

505 2675 781 2741 quadrat;
836 2686 935 2727 nec
984 2687 1123 2725 vana
1170 2671 1401 2724 fortasse
1454 2669 1688 2737 suspicio
1718 2668 1812 2733 sit,
1866 2669 1910 2720 si
1956 2668 2077 2736 quis

502 2764 724 2818 calicem
758 2777 972 2816 sacrum
998 2762 1064 2815 ad
1095 2776 1249 2815 usum
1275 2759 1529 2814 sacrificii
1565 2774 1631 2813 ex
1662 2774 1869 2827 gemma
1906 2758 2077 2812 solida

504 2852 839 2921 sardonyche
879 2851 1073 2903 factum
1126 2850 1215 2902 hic
1258 2848 1542 2918 intelligat.
1602 2846 1735 2902 Vide
1764 2847 2075 2905 Meursium.

576 2938 799 2992 Κέλλα.
838 2938 954 3002 Lib,
980 2954 1069 3002 xv,
1093 2938 1240 2993 Cella
1279 2938 1550 2992 monachi.

574 3031 877 3097 Κληρικοί.
903 3029 1118 3093 Clerici,
1145 3029 1517 3099 episcoporum
1553 3027 1790 3092 asseclte,
1824 3028 1919 3081 lib.
1956 3042 2075 3092 xui,

503 3122 561 3175 in
593 3120 952 3173 lustrumcnto
980 3120 1134 3186 pacis
1162 3134 1176 3172 :
1210 3118 1273 3169 Οἱ
1319 3116 1746 3186 Θεοφιλέστοιτοι
1784 3119 2078 3169 ὲπῖσκοποι

516 3212 799 3282 Ἀμάλφης
837 3210 1085 3282 Μαῦρος,
1121 3211 1215 3264 καὶ
1249 3211 1277 3261 ὁ
1315 3209 1408 3262 τοῦ
1452 3208 1725 3276 Ταρέντου
1774 3209 2077 3280 Ῥενὰρδος,

506 3304 600 3354 καὶ
632 3302 681 3352 οἱ
711 3301 809 3353 σὺν
851 3300 1001 3371 αὑτῷ
1032 3300 1301 3370 κληρικοέ.

580 3394 862 3460 Κόμητες.
925 3391 1129 3446 Tritior
1178 3394 1292 3446 haec
1337 3408 1436 3446 vox
1468 3402 1552 3447 est
1611 3409 1709 3447 usu
1762 3390 2081 3461 posterioris

508 3482 729 3538 Graeciaa
765 3498 925 3550 quam
953 3492 1011 3536 ut
1037 3485 1101 3536 de
1134 3482 1219 3535 illa
1256 3487 1549 3537 notandum
1580 3483 1668 3537 hic
1697 3484 1765 3537 sit
1788 3482 2079 3551 quidquam

509 3574 834 3637 distinctius,
878 3575 1172 3644 praesertim
1201 3590 1321 3628 cum
1355 3575 1409 3629 itt
1444 3590 1504 3629 ea
1528 3577 1775 3645 copiosus
1806 3577 1876 3629 sit
1903 3573 2083 3629 Meur-

505 3666 654 3725 slus,
712 3679 867 3732 quem
912 3665 1161 3718 causulas
1218 3665 1361 3719 licet.
1412 3664 1565 3718 Addo
1627 3675 1827 3718 tantum
1887 3677 2083 3734 praeter

507 3754 849 3807 notissimam
899 3754 1055 3808 istam
1119 3755 1392 3809 notionem
1444 3754 1741 3826 dignitatis,
1795 3755 2082 3824 aliquando

503 3845 805 3913 simplicius
847 3847 1096 3911 usurpari
1151 3845 1291 3899 hanc
1324 3861 1504 3901 vocem
1561 3856 1617 3899 ut
1675 3848 1909 3916 antiqua:
1964 3848 2082 3902 voci

506 3931 708 3987 Latina:
758 3949 928 3987 comes
989 3935 1346 4002 respondeat,
1396 3947 1449 3990 et
1515 3937 1775 3991 asseclam
1829 3947 1916 3990 aut
1984 3940 2084 3992 via“:

509 4025 715 4077 socium
750 4034 928 4080 sonet.
968 4023 1084 4079 Lib.
1120 4040 1229 4091 xw,
1263 4028 1360 4079 sub
1386 4026 1622 4080 medium
1652 4027 1716 4080 de
1752 4029 2083 4099 principibus

507 4112 674 4167 Gal2is
706 4114 773 4167 ad
829 4114 1207 4181 imperatorem
1260 4132 1383 4168 cum
1436 4131 1629 4184 magno
1674 4119 1933 4170 comitatu
1982 4120 2080 4172 ad-

508 4203 761 4256 euntibus
789 4219 802 4255 :
839 4201 1104 4265 Ὃπόσους
1139 4203 1204 4257 ἂν
1236 4204 1465 4267 ἕκαστος
1503 4206 1609 4257 τῶν
1641 4208 1898 4277 κομήτων
1929 4208 2081 4259 €606-

506 4292 630 4345 λετο
678 4293 1240 4363 συμπαραλαμδάνων
1294 4296 1487 4366 εἰσῄει.
1512 4296 1584 4349 lbi
1624 4304 1800 4350 tamen
1832 4300 2080 4368 ambigua

506 4386 677 4439 oratio
707 4395 789 4439 est
817 4397 870 4440 et
905 4389 949 4440 si
982 4404 1082 4441 vox
1126 4390 1383 4457 κομήτων
1418 4388 1682 4444 referatur
1717 4390 1782 4443 ad
1814 4391 2063 4458 ἕκαστος,

511 4485 568 4527 ιιι
602 4486 745 4529 recte
765 4487 962 4545 potest,
992 4480 1124 4532 nihil
1155 4482 1500 4535 innovabitur
1526 4483 1577 4535 in
1608 4482 1726 4552 ejus
1751 4477 2078 4553 significafn,

511 4565 605 4620 sed
637 4575 843 4618 tantum
872 4567 916 4619 si
942 4568 1206 4622 referatur
1237 4573 1301 4623 ad
1332 4571 1585 4635 ὁπόσους.

578 4660 932 4725 Κομιτούρα.
985 4657 1109 4713 Lib.
1160 4678 1234 4715 χι.
1303 4663 1492 4718 Militia
1550 4670 1768 4736 prOpria
1827 4670 2082 4737 cujusque

510 4749 744 4803 comitis.
794 4749 1113 4818 Coniunctis
1165 4753 1305 4805 enim
1337 4757 1401 4806 ad
1433 4759 1882 4824 oppugnationem
1935 4761 2084 4814 urbis

511 4841 707 4894 Nictete
756 4837 1069 4894 Latinorum
1121 4842 1370 4897 omnibus
1424 4846 1616 4912 cupiis,
1675 4847 1926 4899 comitum
1973 4851 2086 4904 sive

512 4932 811 5001 principum
862 4933 1253 5002 unusquisque,
1297 4934 1352 4987 in
1382 4935 1497 4988 loco
1527 4947 1675 4989 certo
1706 4938 1899 5006 cuique
1952 4943 2087 4995 assi-

511 5035 678 5094 gnate
741 5024 986 5092 pruprias
1046 5023 1146 5078 sub
1215 5026 1383 5094 signis
1440 5027 1803 5095 peculiaribus
1852 5030 2087 5086 habebat

516 5116 721 5185 copias.
752 5113 859 5169 Has
884 5126 1186 5170 castrorum
1227 5129 1279 5169 et
1320 5121 1588 5174 exercitus
1612 5120 1842 5174 universi
1881 5134 2084 5191 partes,

516 5223 743 5277 quarum
771 5223 1105 5279 unaquaque
1150 5211 1248 5263 sub
1280 5211 1479 5278 proprii
1512 5213 1724 5268 comitis
1766 5215 2087 5282 praefecwra

515 5310 653 5365 erat,
680 5302 1015 5371 κομιτούρας
1047 5302 1200 5355 Anna
1234 5313 1410 5357 vocat.

584 5392 1032 5457 Κονοσταῦλος.
1104 5392 1308 5447 Praeter
1382 5405 1635 5449 annetata
1714 5412 1742 5449 a
1829 5395 2086 5463 Meursio,

518 5482 890 5545 Κονοσταῦλος
951 5498 1142 5537 nomen
1196 5496 1277 5538 est
1331 5485 1608 5551 dignitatis
1662 5503 1769 5541 non
1822 5501 1878 5543 ut
1932 5492 2089 5546 hodie

516 5575 808 5642 singuiaris
836 5585 888 5630 et
923 5576 1096 5630 unicae
1126 5578 1176 5629 in
1212 5587 1322 5631 tuto
1348 5593 1535 5649 regno,
1566 5583 1659 5633 scd
1690 5596 1807 5648 qua:
1833 5582 2089 5651 ntultipli-

517 5664 783 5718 cationem
815 5668 1121 5721 admitteret
1160 5686 1173 5723 :
1223 5670 1356 5723 adeo
1407 5680 1464 5724 ut
1522 5673 1670 5725 ntttlti
1719 5674 1877 5726 simul
1909 5673 2086 5727 Cono-

516 5756 674 5809 stabli
724 5770 841 5812 esse
886 5770 1124 5825 possent,
1198 5764 1272 5816 uti
1333 5763 1489 5818 hodie
1533 5764 1895 5829 mareschalli,
1949 5779 2085 5832 quos

1657 374 2154 437 GLOSOARIUM
2195 361 2562 432 ANNJSUM-

3606 358 3737 424 12:8

2167 489 2381 536 vocant.
2415 480 2470 536 ld
2495 479 2692 534 indicat
2727 476 2900 540 Anna,
2927 475 3023 530 lib.
3055 470 3296 538 xut,sub
3330 472 3594 537 medium,
3623 474 3745 531 dum

2170 573 2524 627 Baimundum
2572 571 2719 624 fa'sis
2755 572 3013 623 adversus
3046 567 3311 636 quosdam
3344 581 3570 621 suorum
3602 567 3743 620 dela-

2167 668 2407 720 tionibus
2442 665 2834 734 perturbatum,
2866 660 3025 714 anxie
3067 659 3402 713 deliberasse
3432 658 3510 712 ait
3536 676 3551 711 :
3583 657 3746 721 Τίνας

2168 756 2281 809 ἀντ’
2311 756 2487 806 αὐτῶν
2532 749 2938 813 Κονοσταύλους
2964 750 3234 819 ποιήσειε.

2243 849 2518 912 Κιῖρτινα.
2548 844 2680 896 llluri
2706 843 2966 898 ambitus.
2997 840 3071 894 La
3103 842 3365 905 courtine,
3394 840 3489 893 lii).
3534 855 3613 901 xx,
3663 841 3748 892 ubi

2168 941 2231 992 dc
2278 938 2561 991 obsid.one
2612 932 2881 989 Nicmensi
2923 933 3032 985 τῶν
3072 931 3275 1001 μεταξὺ
3324 932 3619 1001 κορτινῶν,
3648 945 3749 983 non

2170 1040 2374 1090 autem,
2415 1038 2471 1079 ιιι
2529 1023 2795 1078 Μαριιτείιδ
2841 1024 2971 1078 citat
3019 1037 3081 1076 ex
3137 1021 3534 1076 llteschelianis
3562 1031 3746 1075 excer-

2168 1119 2294 1186 ptis,
2334 1117 2425 1169 lib.
2463 1130 2579 1168 vnt.

2239 1204 2632 1259 Κουκούλιον.
2682 1197 3072 1273 Teguntcnlnm
3117 1199 3311 1269 capitis
3360 1200 3745 1252 monachorum

2167 1302 2466 1368 proprium,
2502 1298 2595 1353 lib.
2629 1314 2716 1353 XV.

2238 1390 2459 1444 Κυῦλα.
2494 1392 2602 1443 Arx
2636 1389 2886 1457 imposita
2915 1389 3140 1443 civitati.
3173 1388 3290 1443 Lib.
3315 1402 3390 1451 χι,
3419 1388 3523 1442 sub
3559 1388 3746 1440 finem:

2167 1482 2278 1551 Τὴν
2334 1483 2519 1552 μέντοι,
2554 1481 2851 1550 ἀκρόπολιν
2882 1481 3019 1549 ὅπερ
3066 1479 3239 1533 κοῦ).α
3271 1481 3366 1533 νῦν
3406 1481 3442 1546 ἡ
3494 1478 3751 1545 συνήθεια

2167 1577 2354 1629 καλεῖν
2409 1576 2621 1643 εἴωθεν,
2670 1575 2749 1627 ἔτι
2785 1574 2985 1627 Κέλτοι
3017 1576 3291 1645 κατεῖχον.
3348 1572 3519 1628 Libro
3564 1575 3748 1626 eodem

2168 1684 2262 1720 arx
2296 1668 2633 1722 Antiochena
2672 1665 2841 1720 tto-3M
2870 1675 3111 1729 vocatur.

2240 1781 2581 1833 Κύπελλον.
2638 1777 2850 1843 Pollux,
2883 1778 2980 1832 lib.
3016 1792 3089 1840 vt,
3137 1792 3258 1845 cap.
3324 1777 3411 1842 Hi,
3465 1791 3753 1830 (utrumme

2172 1870 2271 1923 hoc
2321 1869 2638 1923 vocabulum
2702 1868 2906 1937 poculis
2965 1868 3256 1931 omnibus,
3325 1868 3421 1921 sed
3482 1868 3750 1935 poeticum

2169 1960 2452 2027 agnoscit:
2512 1959 2585 2011 Τὸ
2610 1961 2719 2028 γὰρ
2762 1958 2932 2021 δέπας
2990 1959 3085 2010 καὶ
3136 1957 3410 2011 κύπελλον
3470 1960 3748 2026 ποιητικά.

2171 2048 2401 2103 Videtur
2436 2058 2616 2102 tamen
2647 2048 2800 2102 Anna
2825 2049 2874 2100 id
2909 2065 3171 2116 usurpare
3196 2066 3290 2116 pro
3329 2059 3482 2103 certo
3520 2051 3750 2116 quodam

2168 2155 2367 2209 genere
2396 2155 2459 2192 ac
2503 2138 2673 2191 forma
2733 2140 2930 2207 poruli,
2983 2141 3105 2192 dum
3161 2139 3253 2191 lib.
3312 2154 3405 2202 xv,
3458 2142 3565 2193 sub
3597 2139 3701 2192 line
3723 2157 3752 2190 ιι

2172 2228 2251 2283 sic
2298 2229 2488 2283 seribit
2522 2246 2536 2282 :
2568 2228 2753 2295 ’Ύδωρ
2784 2228 2957 2280 ἐδίδου
2984 2227 3070 2280 διὰ
3109 2227 3203 2280 τοῦ
3232 2228 3533 2292 κυπέλλου,
3576 2229 3640 2280 οὐ
3688 2227 3753 2279 δι’

2171 2321 2500 2391 ἐκπώματός
2526 2339 2669 2384 τινος
2693 2319 2893 2383 πίνειν,
2920 2320 3005 2373 ἴνα
3041 2321 3116 2393 μὴ
3163 2323 3372 2388 γένοιτό
3411 2324 3461 2372 οἱ
3494 2321 3753 2383 nonin;

2170 2413 2442 2478 δυσκόλως
2472 2414 2603 2484 περὶ
2634 2414 2732 2483 τὴν
2781 2414 3110 2475 κατάποσιν,
3169 2414 3626 2483 φλεγμαινούσης
3658 2416 3753 2484 τῆς

2172 2506 2429 2576 ὑπερῴης
2449 2507 2543 2559 καὶ
2561 2507 2730 2575 αὐτῆς
2760 2507 2823 2576 δὴ
2845 2507 2943 2574 τῆς
2974 2505 3250 2575 γλώσσης,
3277 2516 3386 2558 etc.
3414 2503 3750 2559 Sententiatu

2174 2598 2409 2664 divinavi
2445 2610 2497 2650 et
2530 2598 2773 2665 expressi
2806 2608 2864 2650 ut
2919 2598 3086 2665 potui,
3141 2598 3282 2661 quod
3322 2596 3466 2651 idem
3506 2593 3755 2650 usuvenil

2175 2690 2228 2744 in
2265 2700 2371 2742 tota
2406 2690 2518 2743 iere
2544 2691 2643 2745 ista
2676 2690 3041 2759 descriptione
3062 2690 3232 2745 morbi
3258 2697 3312 2743 et
3340 2691 3534 2744 mortis
3558 2689 3751 2753 Alexii,

2176 2781 2265 2832 ubi
2304 2781 2469 2833 codex
2521 2781 3003 2837 innumerabilibus
3038 2782 3236 2851 passim
3286 2780 3503 2836 lacunis
3535 2783 3669 2844 hiat,
3702 2790 3755 2834 et

2174 2887 2295 2939 qua:
2326 2873 2579 2925 continue
2617 2871 2782 2925 refert
2814 2873 3270 2927 incorrectissima
3302 2874 3550 2929 exhibet.

2248 2961 2460 3028 Κῦρος.
2503 2961 2825 3017 llonorilicte
2857 2964 3314 3032 compcllationis'
3345 2963 3610 3027 formula,
3659 2964 3759 3017 mi-

2179 3066 2369 3106 nutntn
2399 3070 2462 3106 ex
2499 3052 2690 3123 κύριος
2719 3066 2777 3108 ιιι
2810 3055 2950 3123 apud
2984 3054 3206 3109 Latinos
3240 3057 3480 3111 domnus
3538 3072 3605 3109 ex
3657 3057 3753 3111 do-

2179 3146 2347 3198 mino.
2408 3141 2528 3197 Lib.
2589 3162 2710 3210 xui,
2772 3147 3071 3215 ittqit'rator
3115 3154 3168 3199 ct
3224 3149 3341 3215 ejus
3402 3147 3550 3201 filius
3606 3146 3757 3215 quasi

2177 3251 2328 3304 pr0pt
2346 3236 2392 3289 ie
2416 3248 2468 3289 et
2493 3236 2851 3302 appellatione
2875 3238 3099 3304 privatis
3125 3252 3228 3291 non
3257 3238 3646 3303 conveniente,
3665 3238 3761 3291 κῦ-

2179 3343 2271 3396 ρος
2314 3329 2546 3384 dicitur'.
2583 3330 2721 3380 unde
2755 3328 2893 3381 forte
2919 3339 3163 3382 nostrum
3199 3326 3361 3395 Sire;
3394 3330 3560 3400 κῦρις
3593 3330 3759 3383 etim:

2180 3418 2376 3470 iterum
2407 3426 2461 3471 et
2496 3419 2655 3471 tertio
2682 3418 2820 3472 idem
2856 3419 3128 3487 Augustus
3198 3420 3590 3487 compellatur.
3642 3418 3762 3473 Non

2182 3516 2357 3561 tamen
2396 3502 2614 3578 semper
2658 3524 2883 3563 summae
2934 3522 3146 3563 servata
3188 3512 3447 3580 potestati
3508 3511 3617 3565 fuit
3647 3512 3768 3564 ba-c

2181 3612 2308 3662 vox,
2367 3600 2460 3653 sed
2520 3600 2833 3668 promiscue
2900 3601 3147 3668 personis
3201 3601 3487 3655 honoratis
3536 3603 3768 3656 attribui

2177 3688 2332 3758 prius
2360 3690 2589 3745 solebat.
2653 3689 2885 3745 Sanctus
2934 3689 3203 3744 Maximus
3265 3691 3318 3744 in
3370 3690 3771 3746 dissertatione

2179 3792 2302 3834 cunt
2355 3778 2567 3849 Pyrrho
2608 3782 2686 3834 sic
2719 3795 2841 3834 eum
2891 3795 3071 3835 secum
3118 3777 3427 3850 loquentem
3475 3783 3610 3836 facit
3645 3801 3659 3833 :
3698 3782 3771 3835 Ti

2180 3889 2263 3923 σοι
2295 3872 2465 3924 κακὸν
2487 3874 2847 3944 ἐποιήσαμεν,
2879 3872 3010 3943 κῦρι
3045 3871 3191 3926 ἄϐϐα
3228 3872 3457 3942 Μάξιμε
3488 3890 3507 3937 ;
3562 3874 3771 3928 Viden-

2180 3964 2306 4018 dum
2340 3965 2505 4019 etiam
2543 3979 2610 4017 an
2659 3980 2764 4017 non
2799 3966 3067 4033 religiosa:
3111 3964 3463 4033 appellationi
3519 3966 3767 4018 ctelitunt

2179 4056 2369 4111 eadem
2399 4070 2498 4109 vox
2549 4055 2777 4118 serviat,
2815 4065 2873 4107 ut
2941 4054 3108 4124 κῦρος
3160 4053 3442 4123 Γεὼργιος
3502 4055 3575 4109 ab
3614 4058 3766 4109 Anna

2182 4158 2535 4211 memoratus,
2575 4148 2647 4203 sit
2679 4148 2838 4202 divus
2865 4148 3149 4218 Georgius,
3195 4156 3259 4200 ut
3301 4161 3403 4201 nos
3459 4146 3764 4217 loquimur.

2917 4285 2981 4339 A.

2250 4396 2460 4462 Λίζὶος.
2497 4396 2821 4467 Ἀνθρωπος
2854 4396 3043 4463 λίζιος,
3063 4399 3266 4452 ltomme
3292 4399 3419 4467 lige,
3441 4401 3764 4473 ὑποχείριος

2179 4488 2385 4554 δοῦλος,
2425 4489 2780 4558 jurejurando
2825 4489 2967 4558 quod
3006 4498 3206 4545 voeant
3278 4492 3565 4548 fidelitatis
3614 4494 3765 4548 alicui

2179 4578 2321 4631 velut
2352 4577 2581 4646 principi
2620 4578 2938 4643 obstrictus,
2970 4587 3022 4631 et
3047 4578 3397 4632 beneficiaria
3417 4580 3551 4649 jure
3595 4583 3763 4635 obno-

2183 4670 2299 4723 xius
2329 4669 2516 4723 cliens.
2568 4666 2701 4723 Vide
2730 4669 3018 4723 Meursium
3047 4681 3100 4723 et
3125 4670 3473 4725 Glossariqu
3503 4677 3573 4727 ad
3616 4673 3768 4729 Nice-

2182 4769 2381 4814 cetam.
2426 4760 2635 4825 Quibus
2675 4761 2795 4814 addi
2848 4761 3081 4829 plurima
3131 4771 3360 4830 possunt
3411 4778 3482 4818 ex
3540 4766 3768 4821 lectione

2183 4852 2507 4920 scriptorum
2541 4852 2739 4905 citima:
2779 4857 3084 4919 vetustatis,
3119 4856 3318 4923 passim
3356 4857 3543 4912 cuivis
3588 4861 3765 4914 obvia.
3840 4872 3845 4879 '

2256 4941 2671 5013 Λογγιϐαρὸία.
2720 4941 2774 4996 Si
2808 4945 2927 5012 quis
2962 4946 3063 4999 hoc
3108 4961 3303 4999 nomen
3346 4947 3566 5017 vulgari
3617 4950 3771 5006 hodie

2186 5035 2403 5090 notione
2429 5035 2654 5103 accipiat
2686 5048 2782 5101 pro
2832 5035 3115 5104 subalpina
3166 5035 3347 5104 Italia,
3410 5055 3587 5107 quam
3643 5041 3769 5096 olim

2184 5127 2413 5184 Romani
2465 5128 2772 5182 citeriorem
2833 5127 3061 5183 Galliam
3117 5131 3429 5197 voeabant‘,
3494 5149 3583 5187 nte
3631 5137 3677 5189 is
3721 5136 3773 5186 in

2185 5219 2355 5273 Anna:
2398 5218 2629 5272 Historia
2669 5219 2960 5288 plurimum
2991 5218 3244 5286 falletur;
3280 5221 3333 5274 in
3362 5236 3428 5276 ea
3484 5225 3636 5279 enim
3668 5241 3769 5278 sx-

2186 5311 2302 5378 pius
2333 5308 2582 5362 Calabria
2614 5319 2702 5362 aut
2749 5310 3039 5380 Campania
3093 5313 3198 5367 isto
3236 5316 3468 5370 nomine
3521 5319 3771 5387 designa-

2189 5407 2292 5452 tur.
2325 5396 2455 5450 Puta
2493 5398 2629 5451 libro
2662 5396 2835 5467 primo
2872 5400 2961 5453 ubi
3021 5401 3087 5454 de
3129 5402 3302 5456 initiis
3351 5403 3590 5461 Roberti
3619 5407 3770 5463 Calao

2186 5489 2319 5542 briaa
2348 5488 2541 5542 ducis:
2586 5489 2730 5541 cuia
2794 5505 2982 5546 socero
3036 5492 3290 5547 tributam
3353 5494 3535 5552 fuisse
3588 5508 3768 5555 urbe-

2187 5582 2315 5634 tlicit
2356 5581 2405 5632 itt
2436 5579 2814 5651 Λογγισαρδίᾳ
2851 5582 3011 5635 sitam
3064 5580 3329 5652 φρούριον
3364 5597 3639 5643 vocatam.
3681 5587 3769 5641 Est

2187 5679 2365 5723 autem
2395 5686 2495 5722 arx
2518 5670 2712 5724 civitas
2741 5671 2817 5726 sic
2853 5674 2992 5726 dicta
3028 5687 3130 5727 non
3161 5674 3323 5743 longe
3356 5690 3389 5729 a
3439 5677 3653 5749 Capua,
3701 5682 3767 5733 de

2186 5773 2289 5834 qua
2335 5757 2388 5811 in
2412 5756 2565 5813 Notis
2590 5759 2654 5813 ad
2691 5773 2811 5814 eum
2869 5760 3047 5817 locum
3108 5762 3325 5819 dicetur
3374 5766 3606 5839 aliquid.
3651 5770 3765 5835 Qu:
