4022 6282
615 446 748 514 1231

615 563 734 620 ciae,
761 571 824 610 ex
861 551 1052 606 Latino
1085 547 1400 604 nobilissimi
1433 547 1595 602 verbo
1631 546 1682 599 in
1711 545 1956 601 Graecum
1989 562 2178 598 sonum

621 647 867 702 inﬂexus.

1367 751 1430 788 ε.

687 851 1116 906 Ξυλοκλασίαι.
1155 850 1272 903 Lib.
1306 864 1424 908 xm,
1459 847 1558 902 sub
1593 843 1827 899 medium
1861 858 1876 894 :
1910 841 2096 894 Πᾶσάν
2131 857 2190 891 τε

535 995 542 1002 ,
619 943 860 1013 ἄτροπον
907 941 996 994 διὰ
1033 941 1142 993 τῶν
1213 937 1564 1008 καλουμένων
1612 933 1986 1001 ξυλοκλασιῶν
2007 930 2191 994 [αὖθις

621 1036 734 1096 τοῖς
791 1033 1018 1095 Κελτοῖς
1063 1031 1500 1099 ἀπετάφρευσεν.
1558 1027 1656 1080 Διὰ
1689 1027 2048 1079 instrumento
2079 1037 2193 1074 ser-

630 1125 737 1188 vit;
775 1133 830 1176 ut
865 1122 994 1176 velit
1031 1122 1252 1176 semitas
1284 1117 1664 1184 ξυλοκλασίαις
1715 1115 1914 1168 clusas.
1947 1113 2190 1164 Alterum

624 1215 853 1268 duorum
881 1228 1010 1282 ergo
1036 1221 1118 1266 est
1148 1210 1475 1277 ξυλοκλασεα
1521 1226 1534 1262 :
1571 1207 1650 1260 vel
1681 1205 1918 1274 aggestio
1964 1211 2195 1256 temera-

628 1307 706 1359 ria
733 1319 882 1358 cresse
909 1304 1077 1368 silvae,
1112 1303 1352 1373 (Tacitus
1382 1317 1564 1356 eoncae
1587 1300 1662 1352 les
1697 1295 1920 1362 diceret)
1953 1295 2036 1348 vel
2065 1308 2194 1347 can-

627 1395 860 1446 cellatim
904 1393 1128 1462 objecta:
1169 1401 1346 1446 crates
1380 1407 1393 1444 :
1431 1401 1724 1455 utrumque
1757 1397 1938 1455 aptum
1969 1385 2034 1437 ad
2065 1398 2189 1437 set:-

629 1483 848 1534 tentiatn
893 1483 1016 1536 loci.

1375 1573 1440 1629 0.

709 1680 762 1733 '0
785 1681 882 1734 ἐπὶ
960 1681 1271 1749 τραπέζης.
1327 1680 1444 1736 Lib.
1495 1693 1608 1742 xttt,
1651 1691 1770 1745 pag.
1802 1675 1906 1728 57'!
1958 1685 2013 1728 et
2057 1671 2190 1728 57$.

628 1769 798 1826 Olﬁcii
835 1787 1028 1825 nomen
1058 1782 1147 1824 aut
1180 1769 1464 1824 ministerii
1495 1810 1508 1833 ,
1539 1779 1596 1820 ιιι
1625 1777 1867 1836 apparet,
1905 1767 1956 1820 in
1991 1765 2195 1818 fnlniiiﬂ

631 1865 994 1932 imperatoris.
1021 1863 1245 1918 Videtur
1281 1873 1459 1916 autem
1491 1877 1592 1914 non
1624 1877 1754 1929 pure
1787 1863 2078 1913 humanum
2109 1869 2194 1909 aut

631 1957 906 2024 politicum
936 1956 1103 2010 fuisse
1137 1955 1186 2008 id
1229 1970 1443 2018 munus,
1475 1953 1566 2006 sed
1623 1953 1966 2020 religiosum;
2001 1949 2198 2016 quippe

630 2064 736 2118 quo
761 2047 1076 2113 fungeretur
1105 2044 1402 2097 monachus
1424 2043 1488 2094 ad
1519 2041 1858 2110 hymnodiam
1878 2050 2195 2090 t'tucturnant

629 2139 784 2192 statis
809 2135 960 2191 horis
983 2137 1275 2190 excubans.
1311 2132 1470 2186 Forte
1497 2132 1655 2199 hujus
1681 2139 1798 2184 erat
1829 2131 1962 2183 bene
1989 2128 2195 2198 pre-euri

630 2244 794 2297 super
845 2243 1083 2283 mensam
1120 2228 1254 2282 cibis
1295 2225 1505 2291 positis,
1551 2233 1604 2278 et
1653 2225 1990 2291 postmodum
2045 2235 2198 2273 corna

633 2333 845 2391 peracta
879 2323 1069 2390 praeire
1105 2320 1346 2374 solemne
1377 2333 1593 2373 carmen
1626 2317 1920 2385 gratiarum
1948 2313 2197 2366 actionis.

629 2411 908 2468 Videndus
933 2413 1312 2480 Curopalates.

707 2506 1046 2573 Οὶηματίας.
1085 2501 1199 2556 Lib.
1227 2517 1341 2556 xm.
1378 2499 1570 2567 Suidas
1600 2497 1915 2568 οῑηματίας,
1947 2497 2198 2565 ἐπηρμέο

635 2615 743 2660 νος.
796 2595 1093 2662 Superbus,
1132 2593 1434 2664 pra-ﬁdens,
1477 2592 1558 2644 sui
1603 2589 1858 2658 opinione
1891 2587 2125 2642 tumidus
2152 2595 2204 2640 et

635 2706 746 2759 prae
776 2705 831 2744 se
863 2690 996 2741 alios
1024 2703 1307 2755 spernens.

704 2778 1039 2847 Ὁρυκτίδες
1080 2777 1357 2844 χελῶναι.
1406 2775 1526 2831 Lib.
1582 2790 1698 2836 xm,
1753 2783 1878 2826 ante
1927 2772 2200 2832 medium,

637 2871 932 2926 testudines
975 2879 1066 2920 aut
1107 2868 1272 2934 plutei
1308 2867 1550 2936 tegendis
1605 2865 1667 2918 iis
1708 2865 1795 2933 qui
1830 2878 2011 2916 muros
2042 2861 2204 2914 sutl'o-

636 2961 809 3023 diunt,
847 2968 938 3012 attt
961 2957 1341 3012 subterraneos
1366 2966 1572 3010 meatus
1605 2964 1742 3008 terra
1781 2951 2046 3006 molienda
2079 2965 2203 3018 ege-

634 3048 908 3117 rendaque
938 3056 1218 3102 excavaut.

708 3139 1024 3203 Οὺέτωνες.
1090 3137 1206 3192 Lib.
1265 3153 1376 3202 xtv,
1427 3152 1550 3207 pag.
1602 3135 1729 3190 370.
1772 3134 1886 3187 Non
1933 3134 2117 3200 utique
2153 3131 2207 3186 lti

635 3241 761 3288 sunt
790 3231 1024 3285 Vetones
1055 3245 1193 3299 quos
1249 3240 1459 3284 veteres
1520 3227 1811 3297 geographi
1853 3227 1903 3278 in
1943 3223 2200 3293 Hispania

637 3325 926 3388 collocant.
967 3323 1042 3378 De
1077 3324 1272 3390 quibus
1309 3321 1518 3376 erudite
1547 3335 1698 3374 more
1743 3333 1840 3372 suo
1873 3317 2036 3370 multa
2093 3314 2206 3368 col-

637 3419 756 3488 ligit
801 3417 1045 3470 Andreas
1075 3411 1728 3484 ResendiusLmanil‘este
1786 3409 2051 3478 siquidem
2105 3407 2208 3458 hoc

637 3511 856 3567 nomine
887 3511 1040 3562 Anna
1072 3508 1239 3561 Italici
1271 3507 1484 3577 generis
1514 3516 1724 3574 gentem
1779 3513 1950 3564 notat,
1997 3502 2048 3554 in
2099 3515 2208 3569 quo

636 3619 704 3659 an
739 3618 840 3657 non
892 3600 1226 3672 μνημονικὸν
1268 3598 1386 3666 ejus
1434 3597 1656 3665 σφάλμα
1711 3593 2105 3664 agitescettdum
2139 3591 2209 3644 sit

637 3697 778 3750 haud
803 3705 1005 3750 temere
1037 3693 1361 3747 detinierim.
1428 3689 1595 3743 Libro
1621 3687 1887 3757 superiori
1919 3687 1970 3738 in
2005 3683 2207 3738 descri-

635 3788 819 3856 ptione
853 3783 1112 3838 Adriatici
1141 3785 1288 3837 sinus
1311 3781 1601 3834 Εὺετώνων
1634 3779 1797 3833 verbo
1839 3777 2047 3830 videtur
2068 3774 2209 3828 desi-

640 3893 835 3950 gnasse
865 3876 1120 3930 Venetos.
1153 3875 1418 3940 Quoniam
1469 3887 1597 3926 vero
1666 3885 1939 3937 nunquam
1999 3867 2208 3931 Veneti,

641 3970 782 4035 quod
825 3969 976 4021 Anna
1027 3964 1354 4027 Illetl‘liIICI'il,
1410 3975 1598 4016 contra
1656 3961 2034 4028 imperatorem
2091 3955 2212 4009 Ale-

645 4062 791 4113 xium
841 4060 1042 4113 classes
1091 4065 1388 4122 armarunt,
1427 4056 1635 4108 videtur
1687 4054 1789 4106 hoc
1838 4054 1956 4106 loco
1999 4051 2213 4103 Οὐετώ-

642 4170 748 4205 νων
780 4153 942 4206 verbo
973 4152 1153 4218 Italos,
1194 4161 1283 4203 aut
1317 4151 1478 4204 etiam
1501 4147 1875 4202 Occidentales
1904 4154 1956 4198 ct
1985 4143 2212 4198 Latinos

644 4259 832 4299 omnes
864 4244 1157 4298 universim
1219 4239 1566 4305 intellexisse,
1597 4239 1704 4292 nisi
1763 4237 2002 4308 pressius
2059 4236 2213 4290 haesit

645 4339 700 4391 in
731 4335 960 4401 Pisanis,
991 4333 1389 4398 Genuensibus,
1425 4343 1478 4386 et
1505 4331 1768 4393 Calabris,
1790 4345 2016 4399 quorum
2051 4343 2214 4382 nava-

643 4430 721 4480 les
751 4431 803 4480 in
836 4435 1041 4495 ιλιι-ειη
1069 4441 1224 4481 suum
1254 4425 1630 4492 expeditiones
1669 4421 1979 4490 descripsit.
2011 4419 2211 4474 Verum

645 4521 712 4572 de
739 4517 822 4572 his
853 4533 1072 4586 agemus
1099 4517 1306 4584 plenius
1339 4517 1389 4569 in
1425 4516 1581 4570 notis.

1409 4627 1475 4678 Π.

720 4746 1066 4814 Πάτροκλος
1113 4743 1432 4812 πρόφασις.
1493 4741 1649 4810 Saepe
1695 4741 1873 4802 Anna,
1915 4739 2213 4806 praesertim

647 4841 740 4898 lib.
771 4855 832 4894 ιιι
867 4848 922 4893 et
951 4837 1046 4892 lib.
1081 4853 1137 4904 χ,
1167 4836 1274 4890 isto
1302 4833 1552 4904 loquendi
1590 4830 1748 4886 modo
1773 4830 2031 4898 exprimit
2067 4830 2216 4900 plau-

632 4934 858 4998 qsibilem
880 4940 1228 5002 praetextum.
1261 4927 1623 4982 Proverbialis
1655 4925 1857 4980 locutio
1882 4939 1946 4979 ex
1981 4923 2214 4978 Homero

649 5027 801 5080 ltiad.
837 5021 880 5076 τ’
911 5041 924 5076 :

655 5141 748 5201 Ὣς
776 5138 946 5205 ἔφατο
973 5135 1236 5195 κλαίουσ’,
1271 5133 1362 5186 ἐπὶ
1400 5135 1456 5187 δὲ
1489 5135 1808 5205 στενάχοντο
1831 5133 2094 5205 *γυναῖκες

651 5200 960 5276 “dependet:
985 5208 1274 5275 πρόφασιν,
1315 5205 1465 5272 σφῶν
1497 5203 1540 5256 δ’
1572 5200 1748 5255 αὐτῶν
1780 5200 1930 5271 κήδε’
1960 5203 2186 5267 ἑκάστη.

651 5300 731 5352 Ad
759 5313 919 5367 quem
969 5297 1142 5350 locum
1217 5297 1298 5349 sic
1357 5295 1578 5349 adnotat
1635 5294 1950 5348 Eustathius
1995 5305 2007 5348 :
2057 5291 2127 5342 Τὸ
2161 5291 2217 5342 δὲ

657 5391 966 5460 Πάτροκλον
1021 5391 1292 5459 πρόφασιν
1343 5390 1438 5442 καὶ
1499 5393 1578 5452 εἰς
1631 5387 1928 5457 παροιμίαν
1990 5385 2218 5454 ὕστερον

652 5481 839 5545 ἔπεσε,
867 5481 932 5534 δι’
971 5481 1037 5552 ἣν
1077 5481 1190 5551 ἔχει
1221 5481 1494 5553 εὔρυθμον
1526 5482 1820 5551 συντομίαν
1866 5480 1958 5532 καὶ
1994 5477 2218 5530 πιθανό-

651 5591 792 5641 τητα
825 5590 838 5604 ο
881 5574 975 5626 καὶ
1023 5575 1242 5643 λέγεται
1290 5575 1383 5627 ἐπὶ
1433 5575 1539 5626 τῶν
1592 5577 2078 5644 προσποιουμένων
2118 5577 2216 5645 μὲν

651 5665 832 5714 ποιεῖν
861 5680 914 5715 τι
947 5665 1032 5716 διὰ
1071 5665 1225 5735 τήνδε
1272 5666 1392 5718 τινὰ
1421 5665 1622 5731 αἰτίαν,
1667 5667 1744 5734 τῷ
1783 5667 1896 5719 ὄντι
1953 5668 2009 5734 δὲ
2043 5667 2216 5731 ἄλλως

651 5750 811 5805 τοῦτο
839 5755 1152 5810 ποιούντων.
1191 5757 1325 5812 Vide
1358 5768 1616 5826 prmterea
1647 5768 1803 5813 notas
1831 5758 2124 5814 Haesehelii
2165 5769 2213 5814 et

653 5843 974 5912 glossarium
1029 5845 1272 5902 Meursii.

1761 437 2252 500 GLOSSARIUM
2285 436 2658 496 ANNt‘EUM.

3637 439 3731 506 1⁵232

2367 541 2810 610 Ιιελιιγολίμηιη.
2847 541 2976 608 Pag.
3011 539 3132 594 106.
3170 538 3320 604 Quasi
3357 541 3532 598 diceres
3557 561 3569 596 :
3594 545 3733 608 Portus

2295 635 2345 687 in
2384 633 2562 688 medio
2587 633 2742 686 mari.
2779 630 3077 686 Peculiaris
3129 631 3238 684 haec
3287 633 3502 700 quaedam
3543 634 3733 694 industria

2293 733 2410 777 erat
2439 723 2644 778 classes
2673 732 2911 778 armatas
2965 721 3248 775 multarum
3283 723 3472 775 navium
3522 739 3596 791 per
3631 737 3736 782 vasta

2293 817 2467 870 maria
2525 815 2886 878 duetantium,
2941 825 2999 868 ut
3047 813 3182 868 locis
3237 814 3541 882 importuosis
3585 831 3740 884 portum

2291 905 2579 976 quemdam
2611 903 2678 958 ad
2711 919 2866 958 usum
2905 919 3098 974 pugna
3123 914 3215 958 aut
3237 906 3558 960 exscensionis
3590 909 3632 962 in
3669 913 3742 965 ali-

2293 1011 2457 1064 quem
2512 996 2687 1048 locum
2748 995 3059 1065 improvisae
3117 993 3366 1050 facerent.
3414 997 3464 1051 Id
3504 998 3611 1062 Leo,
3638 999 3742 1056 Tact.

2294 1089 2480 1142 Const.
2514 1087 2604 1150 9.0,
2630 1088 2828 1142 citatus
2859 1103 2886 1139 a
2919 1086 3146 1140 Meursio
3196 1088 3427 1140 ναυτικοῦ
3454 1092 3606 1144 στόλου
3633 1108 3744 1161 στρα-

2293 1181 2520 1247 τήγημα
2571 1189 2752 1234 vocat.
2805 1178 2908 1234 Ubi
2958 1188 3013 1231 et
3057 1193 3170 1232 rem
3203 1179 3364 1244 ipsam
3405 1178 3506 1234 tusc
3541 1183 3746 1238 describit.

2295 1269 2403 1325 Nos
2429 1271 2544 1336 ejus
2581 1273 2743 1326 verba
2781 1288 2901 1324 cum
2934 1273 3102 1324 Annae
3139 1279 3330 1324 nostra:
3363 1273 3518 1326 verbis
3539 1273 3748 1344 diligenter

2298 1363 2641 1418 conferemus
2675 1364 2726 1416 in
2763 1362 2920 1418 Notis
2953 1375 3004 1417 et
3039 1371 3290 1418 accurate
3315 1363 3418 1417 Deo
3467 1364 3603 1420 dante
3639 1367 3751 1434 quid-

2297 1455 2424 1524 quid
2459 1455 2509 1510 id
2539 1467 2622 1510 est
2661 1457 3089 1510 declarabimus.

2367 1550 2726 1614 Πελετρῐνος
2756 1549 2834 1602 v.--l
2868 1549 3040 1615 Περεγ
3053 1553 3217 1617 ρῖνος.
3245 1549 3672 1617 Peregrinationem
3697 1563 3752 1601 re-

2301 1639 2551 1708 ligiosam
2588 1640 2888 1707 suscipiens
2919 1641 2984 1692 ad
3005 1640 3208 1694 Christi
3239 1641 3538 1707 sepulcrum.

2375 1731 2721 1799 Πιγκέρνης.
2755 1731 3045 1786 Pincerna.
3099 1730 3236 1786 Vide
3263 1731 3532 1786 Meursium
3557 1739 3603 1786 et
3641 1729 3758 1784 Cum-

2303 1823 2554 1889 palatcm.

2375 1914 2752 1982 Πραιτώριον.
2805 1916 2922 1972 Lih.
2967 1933 3061 1971 xm
3097 1933 3110 1968 :
3171 1917 3417 1986 Ἀντικρῦ
3457 1916 3542 1985 τῆς
3577 1914 3760 1982 ὃουιιιιιῆς

2303 2005 2567 2072 καθέδρας
2597 2007 2733 2076 ὅπερ
2765 2007 3106 2076 Πραιτώριον
3141 2009 3560 2077 προσωνόμαστο.

2375 2095 2720 2163 Πρεϐέντζη.
2785 2097 3088 2154 Provincia.
3142 2099 3235 2152 Sic
3280 2099 3481 2166 proprie
3529 2095 3644 2150 dicta
3681 2107 3764 2161 pars

2309 2187 2518 2252 ΟιιΙΙίιυ,
2573 2190 2860 2242 comitatus
2921 2189 3148 2242 celebris
3195 2189 3348 2258 cujus
3395 2200 3557 2242 comes
3581 2185 3632 2240 ab
3657 2185 3762 2236 Anna

2306 2292 2527 2332 voratur
2564 2283 2754 2350 Κόμης
2785 2282 3151 2351 Πρεϐἐντζης,
3197 2299 3314 2352 pag.
3343 2281 3462 2336 289.

2378 2370 2734 2439 Προίὶλματα
2766 2373 2875 2424 τῶν
2911 2372 3163 2437 πεδίλων,
3204 2374 3296 2425 Iilt.
3328 2388 3376 2438 ν,
3439 2371 3558 2423 ultra
3587 2366 3766 2422 medium.

2304 2478 2421 2527 qum
2449 2479 2710 2516 excussos
2749 2465 2899 2530 cquis
2936 2462 3120 2517 Gallos
3149 2479 3178 2516 a
3209 2471 3350 2516 statu
3377 2469 3430 2514 et
3459 2460 3634 2512 incessu
3655 2456 3769 2520 impe-

2305 2555 2452 2605 diant
2481 2570 2494 2606 :
2533 2555 2658 2620 quid
2690 2555 2798 2606 sint
2826 2569 3034 2622 quzero,
3067 2552 3423 2608 calcariane?
3451 2567 3511 2604 an
3553 2548 3636 2600 alia
3659 2556 3772 2610 eque-

2307 2644 2433 2696 stris
2462 2655 2749 2698 armatura:
2804 2660 2929 2712 pars
2999 2645 3108 2698 illis
3162 2643 3488 2712 temporibus
3517 2639 3770 2699 usitatum

2307 2735 2504 2802 aliquid
2535 2736 2804 2790 hodierna:
2827 2751 3040 2804 quoque
3069 2731 3515 2790 consuetudinis?

2375 2824 2727 2890 Πρόσωπον.
2761 2825 2962 2877 Praeter
2993 2827 3272 2878 notionem
3311 2823 3560 2890 vulgatam
3582 2817 3682 2870 artis
3715 2827 3776 2864 ιο·

2308 2916 2556 2970 cabulunt
2589 2927 2668 2970 est
2706 2917 2758 2970 in
2789 2917 3042 2970 civilibus
3087 2916 3531 2970 conventionibus
3579 2905 3782 2964 usumin-

2309 3007 2459 3069 bens,
2497 3015 2556 3060 ut
2591 3008 2640 3060 in
2677 3008 3066 3076 paciﬁcationis
3114 3008 3481 3062 Instrumenta
3515 2995 3780 3055 Alexiumin-

2311 3108 2394 3152 ter
2420 3107 2471 3152 et
2503 3097 2862 3152 Baimundum
2903 3109 3188 3153 transacto
3219 3100 3401 3153 videre
3433 3103 3525 3158 est,
3549 3095 3628 3146 lilt.
3649 3103 3736 3142 XIII-

2378 3190 2715 3257 Πολλακός.
2753 3191 2869 3244 Lib.
2905 3206 2996 3256 xv,
3028 3191 3338 3258 oppositum
3389 3183 3588 3257 μοναχῷ
3627 3173 3786 3248 plurifa-

2310 3281 2449 3334 rium
2483 3282 2748 3336 solitario.

2379 3363 2605 3440 Πόρτὴ.
2643 3375 2826 3429 Porta.
2859 3373 2994 3429 Vide
3031 3374 3353 3428 LII-ttrsium.

3055 3467 3130 3518 P.

2391 3557 2791 3609 Ῥεόεννικόν.
2855 3555 2974 3610 Lib.
3043 3572 3094 3612 v.
3173 3553 3486 3628 ρεὁεννικδν
3547 3539 3786 3616 περικάᾇπς·

2318 3645 2539 3700 Videtur
2585 3648 2896 3716 ρεϐεννικδν
2941 3663 3061 3704 esse
3087 3651 3238 3716 quod
3279 3647 3483 3702 Gallice
3515 3641 3701 3696 dicimus
3737 3644 3792 3682 τα·

2314 3739 2471 3801 υε-Ιὶη,
2499 3740 2738 3793 barriére
2773 3751 2867 3796 aut
2897 3740 3028 3809 qttid
3059 3741 3265 3795 simile.

2391 3831 2619 3898 Ῥητός.
2659 3833 2773 3887 Lib.
2817 3851 2871 3896 Χ,
2905 3835 3046 3887 circa
3089 3834 3333 3888 medium
3385 3825 3532 3901 ῥητοὶ
3565 3821 3654 3891 γὰρ
3681 3811 3792 3884 ἦσαν.

2311 3925 2392 3977 Au
2426 3925 2588 3992 ρητὸς
2619 3925 2838 3978 notione
2867 3925 3088 3978 barbara
3123 3941 3230 3990 pro
3257 3939 3412 3976 rarus
3445 3909 3678 3988 positum?
3701 3906 3789 3956 Διι³

2313 4015 2511 4069 Grazcm
2541 4017 2765 4084 originis
2817 4019 3148 4085 pmprietate
3183 4033 3294 4070 ιιοιι
3353 4001 3655 4068 discessum?
3699 3997 3792 4049 cette

2316 4109 2452 4161 ratio
2474 4109 2754 4162 sententia:
2779 4109 2941 4178 exigit
2967 4119 3022 4161 ιιι
3052 4108 3218 4162 isthic
3247 4107 3406 4178 ῥητοὶ
3435 4097 3578 4172 pauci
3599 4095 3789 4148 dicantur.

2315 4197 2410 4252 Est
2435 4213 2494 4252 ea
2551 4197 2734 4252 Graeca
2795 4214 2898 4252 vox
2944 4215 2972 4252 a
3017 4199 3232 4253 dicendi
3301 4196 3485 4251 verbo.
3525 4180 3679 4256 Ῥηττλ
3711 4184 3790 4240 ετὲθ

2315 4290 2473 4353 forte,
2504 4305 2638 4358 quos
2673 4289 2828 4344 facile
2863 4289 2982 4360 quis
3031 4291 3266 4344 dicendo
3325 4300 3379 4342 et
3421 4273 3793 4340 numerandopét'

2315 4381 2842 4451 censuerit;quippe
2885 4397 2990 4435 non
3045 4381 3276 4441 multos.
3323 4379 3418 4434 sed
3475 4379 3610 4429 certo
3645 4373 3716 4418 nec
3751 4363 3789 4404 ⁸ο

2319 4489 2511 4543 magno
2538 4475 2961 4541 comprehensos
3001 4487 3260 4526 numero.

2397 4536 2590 4633 "Pera.
2616 4536 2732 4618 Lib.
2769 4581 2848 4625 ιιι,
2885 4573 3000 4633 post
3032 4565 3270 4617 medium
3307 4579 3323 4616 :
3375 4559 3529 4627 Ῥόγα
3559 4553 3648 4606 τῶν
3673 4536 3790 4633 65°?“

2318 4673 2424 4709 των
2478 4629 2652 4709 εἶκοσι
2719 4629 3072 4724 ἀξιωμάτων.
3133 4655 3482 4724 Stipendium
3542 4629 3792 4708 dignitatibus

2319 4748 2556 4803 debitum
2585 4747 2970 4818 ἀξιωματικὸν
3001 4749 3235 4802 dictum.
3273 4746 3413 4800 Vide
3441 4735 3704 4796 Meursiutn.

2397 4839 2732 4909 'Popgoai'ac.
2766 4840 2882 4894 Lib.
2911 4855 2946 4894 ι.
2993 4839 3170 4894 Gladii
3205 4837 3436 4908 quidam
3467 4834 3598 4887 circa
3639 4823 3796 4909 imiter?

2321 4944 2493 4989 torem
2533 4935 2730 5002 gestari
2797 4949 2825 4986 a
2877 4935 3042 4988 certis
3087 4907 3600 5001 ejusistipatoribus
3621 4907 3794 5002 soliti,“l

2319 5029 2444 5081 olim
2483 5041 2511 5079 a
2555 5025 2834 5080 lictoribus
2883 5023 3060 5080 fasces
3113 5035 3167 5078 et
3205 5036 3431 5078 secures
3472 5027 3584 5070 ante
3609 4997 3794 5062 consules-

2399 5117 2800 5185 Ῥωμανὰῖον.
2859 5115 2978 5168 Lib.
3023 5131 3103 5179 In,
3151 5131 3286 5184 pag.
3333 5113 3404 5166 91
3449 5125 3464 5162 '.
3515 5089 3791 5185 Είρττίδμέῗἓ

2323 5179 2582 5282 ἀργυρίου
2618 5211 2710 5264 καὶ
2749 5209 3102 5279 Ῥωμανάτου
3131 5179 3385 5266 animi;
3427 5200 3690 5261 ποιότητοςι

2325 5304 2548 5358 risimile
2603 5302 2836 5355 arbitror
2901 5299 3128 5354 indicari
3178 5301 3288 5352 hoc
3326 5296 3486 5350 verbo
3533 5279 3790 5366 certamtﬁf‘

2323 5405 2457 5448 uetat
2511 5409 2678 5461 genus
2733 5407 2917 5446 cusum
2964 5391 3138 5458 jussu,
3196 5399 3299 5442 aut
3339 5389 3634 5453 impressum
3685 5363 3794 5461 θίίξξω

2323 5449 2546 5539 Romani
2601 5485 2846 5554 Diogenis
2883 5449 3134 5553 Augusti.
3169 5479 3310 5536 Vide
3337 5449 3572 5548 superius
3592 5449 3792 5519 verba”?

2321 5577 2608 5648 χαηλάτος.

3069 5667 3131 5725 Σ.

2393 5759 2738 5826 Σαταναήλ.
2801 5758 2919 5815 Lib.
2975 5717 3259 5830 xv,'post
3303 5755 3554 5815 medium,
3595 5717 3791 5812 pas-“9'

2329 5849 2583 5918 Satanas,
2617 5849 2886 5907 Diabolus.
