4022 6282
231 298 369 366 1233
1361 296 1854 359 GLOSSARIUM

1949 295 2258 355 NNzEUM'
3345 277 3478 342 1234

303 411 583 479 Σέκρετα.
616 409 730 468 Etsi
757 425 861 467 vox
890 410 1084 466 Latina
1121 417 1238 492 ‘est,
1285 419 1463 466 tamen
1518 424 1713 463 novam
1748 415 1802 459 et

1948 406 2251 475 mactaxGw
2279 400 2612 473 ὀφλημάτων
2646 414 2658 450 :
2700 397 2825 452 item
2856 393 3193 464 συμπάθειαν.
3235 392 3343 446 τῶν
3389 397 3476 448 λε·

231 503 507 558 veteribus
542 504 685 557 haud
717 511 900 557 notam
932 503 1137 572 accepit
1176 517 1204 556 a
1231 502 1435 556 Graecis
1486 500 1805 554 recentiori-

233 596 340 652 bus
373 595 670 648 notionem.
717 593 996 663 Signiﬁcat
1027 595 1195 658 enim,
1230 593 1280 646 ni
1315 593 1492 656 fallor,
1519 590 1802 651 tabularia,

237 687 352 742 sive
384 701 503 754 quae
549 683 791 738 archivia
829 684 986 750 vulgo
1015 683 1289 744 dicimus;
1331 681 1529 734 scrinia
1567 688 1620 731 et
1657 679 1805 732 locu-

238 778 320 829 los
351 774 556 828 chartis
586 774 919 826 authenticis
974 781 1088 825 tuto
1139 772 1510 826 custodiendis
1563 779 1804 839 paratos.

240 865 376 920 Tum
411 867 572 918 etiam
632 880 920 919 consessus
974 865 1235 918 lectorum
1285 864 1559 917 hominum
1614 863 1810 928 quibus

242 957 482 1025 cognitio
513 956 578 1010 de
613 958 774 1010 rebus
825 971 890 1009 eo
937 957 1288 1008 attinenlibus
1342 953 1664 1008 demandata
1707 961 1809 1006 est.

243 1044 320 1100 lta
352 1056 667 1112 usurpatur,
706 1047 750 1100 si
786 1052 930 1100 recte
961 1055 1202 1109 autumo,
1239 1045 1334 1098 lib.
1375 1059 1459 1107 ιιι,
1488 1059 1611 1112 pag.
1651 1043 1736 1097 84.

319 1137 687 1206 Σεργέντιος.
751 1135 872 1192 Lib.
924 1152 1045 1199 xm,
1092 1146 1344 1205 sergeut;
1395 1149 1495 1188 vox
1547 1133 1750 1188 Gallica
1786 1146 1816 1185 e

250 1231 440 1285 Latino
465 1231 713 1288 serviens.
747 1236 800 1282 ut
829 1229 1045 1297 quidam
1074 1227 1282 1293 volunt,
1329 1241 1449 1282 cum
1478 1226 1545 1278 ali
1581 1240 1609 1279 a
1643 1225 1818 1279 Ctesa-

252 1323 422 1378 rianis
454 1321 742 1376 deducant.

323 1413 650 1480 Σέρμωνες.
679 1411 884 1481 Navigii
917 1425 1107 1481 genus,
1133 1410 1227 1463 lib.
1268 1424 1353 1474 ιιι,
1380 1408 1518 1461 infra
1549 1405 1818 1470 medium;

254 1505 392 1559 forte
428 1520 454 1556 a
489 1503 654 1573 σείρω
685 1502 858 1568 traho,
891 1503 1032 1570 quod
1062 1501 1309 1555 remulco
1334 1500 1640 1553 trahantur.

323 1595 560 1658 Σιάους.
598 1593 714 1648 Lib.
754 1607 826 1654 vt,
885 1607 1006 1660 pag.
1060 1590 1185 1654 170,
1237 1590 1462 1644 nuntius
1489 1589 1573 1643 vel
1608 1588 1815 1656 legatus

257 1686 519 1740 Sullanis.
547 1684 666 1737 Vox
697 1684 919 1736 ’l‘urcica
953 1681 1216 1749 hodieque
1281 1681 1500 1735 usitata.
1548 1679 1637 1732 Sic
1681 1679 1823 1732 enim

257 1780 456 1847 passim
483 1777 641 1845 legati
670 1787 933 1830 vocantur
957 1789 1092 1844 quos
1113 1774 1414 1828 Turcorum
1437 1773 1730 1842 imperator
1761 1770 1827 1824 ad

259 1869 393 1922 alios
425 1867 694 1936 principes
731 1868 917 1921 mittit.

332 1961 539 2027 Σίγνα.
575 1961 746 2014 Certa:
778 1960 959 2027 ﬁgura:
991 1960 1154 2014 ductu
1187 1957 1382 2012 calami
1440 1955 1738 2023 designata:
1772 1953 1825 2006 in

261 2052 469 2106 chartis
492 2052 935 2114 conventiouum,
987 2052 1054 2104 ab
1089 2050 1156 2104 iis
1205 2047 1538 2109 hominibus,
1581 2046 1673 2114 qui
1708 2059 1830 2098 cum

262 2144 501 2200 scribere
526 2142 800 2196 nescirent
825 2141 1092 2210 ejusmodi
1121 2140 1275 2206 signa
1321 2138 1440 2193 loco
1477 2133 1837 2203 subscriptio-I

263 2236 352 2289 nis
382 2235 675 2304 ponebant.
738 2233 829 2288 Sic
888 2241 1180 2302 usurpatur
1235 2231 1352 2286 haec
1394 2243 1496 2282 vox
1555 2227 1652 2280 lib.
1712 2240 1833 2290 xm,

264 2341 388 2396 pag.
421 2325 545 2379 “6.

339 2417 583 2474 Σκάλαι.
620 2416 739 2471 Lib.
774 2432 850 2472 vt.
889 2415 1057 2471 Certa
1104 2414 1220 2470 loca
1255 2413 1406 2468 urbis
1455 2408 1841 2466 Constantino-

267 2511 542 2581 politanrc.
574 2508 705 2564 Vide
734 2507 1050 2563 Meursium.

367 2602 828 2655 Σουλτανίκιον.
860 2599 990 2667 Pag.
1022 2597 1090 2652 95
1150 2606 1204 2652 et
1227 2596 1380 2651 alibi.
1410 2595 1539 2648 Haec
1567 2606 1669 2646 vox
1700 2589 1841 2660 apud

273 2695 484 2748 Annam
513 2694 620 2748 duo
645 2691 934 2762 signiﬁcat,
972 2691 1148 2745 locum
1183 2689 1298 2743 sive
1325 2685 1586 2754 palatium
1643 2692 1699 2737 ct
1745 2696 1825 2734 au-

276 2784 384 2838 lam
412 2784 640 2838 sultauis
675 2783 870 2837 summi
907 2781 1211 2835 Turcorum
1247 2778 1532 2848 principis,
1575 2784 1630 2828 et
1662 2771 1842 2840 digni-

281 2881 450 2926 tatem
486 2872 632 2925 illam
666 2873 855 2940 ipsam.
889 2872 1044 2925 Palet
1072 2885 1135 2922 ex
1170 2867 1355 2922 multis
1384 2849 1515 2920 locis
1543 2877 1659 2932 qum
1681 2862 1848 2916 lector

281 2960 336 3014 in
363 2961 474 3029 ipsa
504 2959 740 3014 lectione
765 2958 924 3013 facile
951 2959 1190 3012 notabit.-

353 3055 753 3122 Σπούδεργος.
810 3053 930 3108 Lib.
964 3067 1054 3115 xv,
1105 3058 1228 3120 post
1254 3047 1516 3112 medium,
1574 3045 1853 3113 eleganter

287 3155 482 3199 novata
540 3159 639 3199 vox
695 3143 760 3197 ad
839 3142 1250 3212 signiﬁcandum
1301 3153 1532 3210 gnavum
1588 3143 1644 3190 et
1709 3141 1852 3188 stre-

289 3252 480 3291 nunm.

358 3329 687 3398 Στρατ-ηγίς
718 3335 920 3380 certam
945 3325 1262 3393 qualitatem
1292 3329 1386 3373 aut
1413 3321 1506 3385 jus
1555 3318 1709 3371 urbis
1761 3315 1858 3368 tle-

294 3433 444 3477 notat
478 3424 561 3477 cui
599 3423 704 3476 tale
738 3421 1048 3490 adjunclum
1080 3415 1385 3494 apponitur,
1420 3419 1642 3480 utpatet
1687 3424 1719 3463 e
1762 3407 1857 3461 lib.

290 3531 388 3571 xm
424 3524 687 3569 extremo.
718 3512 976 3566 Similiter

363 3604 803 3673 Στρατηγάτον.
845 3603 917 3656 De
945 3609 1127 3655 castro
1153 3595 1403 3651 videlicet
1432 3593 1631 3648 dictum
1661 3588 1747 3658 jus
1766 3586 1864 3640 ali-

297 3698 439 3765 quod
471 3695 704 3764 praesidii
738 3702 832 3748 aut
868 3691 1205 3759 privilegium
1256 3685 1455 3748 innuit,
1504 3682 1643 3737 forte
1703 3677 1866 3748 quale

301 3788 512 3842 urbium
545 3801 730 3840 earum
762 3785 813 3838 in
848 3782 1020 3838 Gallia
1060 3791 1114 3834 et
1157 3778 1339 3848 Belgio
1383 3790 1502 3845 qua:
1531 3769 1868 3828 Castellanim

304 3888 591 3933 vocantur.

373 3967 929 4036 Στρατοπεδάρχης.
985 3963 1210 4017 Videtur
1281 3957 1573 4028 peculiaris
1627 3953 1868 4022 quadam

304 4061 575 4129 dignitas;
631 4058 723 4111 lib.
781 4073 878 4119 xu,
944 4055 1012 4108 de
1059 4053 1266 4120 aspiele
1317 4069 1330 4105 :
1382 4044 1874 4118 Στρατοπεδὰρχην

302 4153 657 4219 τετιμηκώς;
703 4149 825 4202 item
858 4147 1016 4216 paulo
1050 4145 1295 4214 superius
1346 4158 1358 4193 :
1411 4137 1870 4212 Σρατοπεδάρχην

305 4243 468 4298 αὐτὸν
500 4240 723 4307 ἡξεώκει
754 4238 934 4305 πάσης
976 4234 1288 4302 Ἀνατολῆς,
1317 4245 1423 4286 etc.

1907 500 2157 567 γομένων
2209 495 2524 564 συνηθειῶν.

1975 586 2346 656 Συμςρωνεῐν.
2392 581 2655 637 Peculiari
2703 579 2920 634 notione
2965 575 3272 630 ﬁdelitatem
3323 575 3482 628 alicui

1912 679 2153 746 proﬁteri
2187 685 2242 730 et
2289 675 2404 742 ejus
2467 673 2748 742 ἄνθρωπον
2791 667 2958 732 λίξιον
3003 667 3140 721 ﬁeri.
3182 667 3242 718 lu
3284 666 3486 734 scripto

1908 772 2227 828 Concordiae
2254 768 2534 823 Baimundi
2569 767 2668 821 sub
2701 765 2883 824 linem,
2918 763 3011 818 lib.
3049 778 3168 816 xui.

1970 879 2322 948 Σφαιρίζειν.
2348 876 2463 930 Lib.
2486 891 2562 936 Ix,
2581 886 2700 942 post
2718 872 2951 926 medium
2976 888 2990 924 :
3017 871 3078 923 Et
3100 871 3156 923 δὲ
3175 869 3488 938 σφαιρίζον-

1907 986 1975 1022 τα
1997 969 2183 1021 τοῦτον
2201 963 2309 1019 εἷδέ
2325 965 2568 1030 τις.ριιὶε
2589 963 2800 1017 dubitet
2820 961 2906 1014 hic
2931 959 3243 1029 σφαιρίζειν
3259 974 3380 1013 esse
3398 959 3483 1028 pi-

1916 1062 1966 1116 la
1999 1059 2224 1114 ludere?
2271 1057 2454 1128 Pergit
2488 1057 2590 1112 :Ei
2615 1055 2676 1132 ⁸δὲ
2721 1053 3114 1121 ἱππαζόμενον,
3157 1054 3204 1105 ei
3230 1053 3288 1105 δὲ
3315 1053 3487 1105 ἱππα-

1917 1155 2038 1213 ota;
2080 1147 2421 1218 ποιούμενον.
2446 1147 2586 1215 Ergo
2606 1144 2869 1200 distinctae
2893 1143 3310 1198 exercitationes
3333 1159 3490 1212 σφαι-

1921 1243 2091 1313 ρίζειν
2111 1251 2160 1295 et
2187 1240 2468 1303 ἱππάζειν.
2495 1237 2658 1304 Atqui
2692 1235 2848 1306 paulo
2873 1243 2992 1304 post
3013 1232 3092 1288 sic
3114 1233 3272 1287 habet
3298 1232 3448 1287 Anna
3476 1251 3489 1285 :

1915 1333 2268 1401 Σφαιρξςοντι
2299 1331 2408 1400 γάρ
2453 1345 2586 1380 ποτε
2618 1326 2696 1394 τῷ
2736 1323 3100 1394 αὐτοκράτορι
3144 1323 3286 1376 κατὰ
3327 1323 3384 1376 τὺ
3437 1326 3496 1376 ὲν

1920 1423 2141 1494 μεγάλῳ
2163 1421 2409 1491 παλατίῳ
2440 1418 2768 1487 ἱππηλάσιον
2800 1413 3293 1484 (ψιίιίὶππη).ἀσιον
3325 1415 3388 1465 ad
3415 1413 3500 1481 pi-

1919 1515 2021 1568 lam
2038 1515 2115 1583 7).
2137 1513 2350 1582 Pergit:
2391 1512 2556 1580 ’Δνήρ
2576 1525 2656 1571 τις
2681 1505 2953 1584 βάρϐαρος
2976 1505 3034 1567 ἐξ
3062 1503 3372 1573 Ἀρμενίων
3404 1505 3498 1555 καὶ

1920 1606 2180 1677 Τούρκων
2215 1607 2356 1672 φὺς,
2399 1602 2552 1671 ξίφος
2598 1599 2799 1652 ἔσωθεν
2842 1597 2952 1648 τῶν
3007 1595 3231 1664 ἀμφίων
3285 1595 3495 1663 φέρων,

1922 1699 2060 1751 ἐπὰν
2092 1699 2184 1750 τὸν
2216 1696 2594 1765 αὐτοκράτορα
2627 1692 2735 1744 τῶν
2770 1687 3238 1756 συσφαιριζόντων
3272 1687 3498 1738 ἀνασει-

1925 1788 2168 1858 ράσαντα
2195 1788 2286 1840 τὸν
2312 1784 2530 1855 χαλινὸν
2576 1779 2987 1847 ἀπολειφθέντα
3031 1775 3316 1841 ἐθεάσατο,
3347 1774 3432 1842 ἐφ’
3459 1768 3504 1841 ᾧ

1925 1878 2300 1932 πνευστιῶντα
2346 1877 2436 1929 τὸν
2486 1877 2654 1928 ῖππον
2708 1869 3005 1937 αναψύξαι,
3055 1877 3161 1920 etc.
3211 1867 3285 1918 En
3335 1879 3504 1932 eque-

1928 1973 2058 2026 stris
2086 1971 2236 2024 lusns
2271 1969 2412 2037 pilas.
2447 1960 2677 2034 Quinam
2728 1965 2774 2017 is
2805 1975 2936 2016 vero
2967 1959 3089 2013 est?
3125 1957 3290 2011 Video
3331 1961 3508 2010 simu-

1928 2061 2080 2115 lacra
2126 2059 2245 2114 belli
2291 2059 2458 2112 armis
2491 2057 2718 2110 decursa
2760 2050 3179 2122 σφαιρομαχίας
3228 2047 3505 2102 veteribus

1933 2153 2127 2206 dictas.
2174 2150 2310 2203 Nam
2370 2163 2435 2204 ex
2471 2145 2714 2207 Polluce,
2767 2144 2859 2198 lib.
2894 2159 2954 2198 ιιι
3000 2160 3013 2196 :
3069 2140 3182 2194 Καὶ
3245 2137 3316 2192 τὰ
3366 2137 3508 2189 ὅπλα

1934 2243 2160 2310 σφαῖραι
2179 2256 2195 2272 ⁶
2227 2239 2320 2307 ἀφ’
2343 2233 2418 2290 ὧν
2442 2236 2536 2308 καὶ
2565 2235 2628 2289 τὸ
2661 2233 3062 2305 σφαιρομαχεῖν
3089 2229 3183 2283 καὶ
3205 2243 3513 2298 σφαιρομαο

1933 2333 2048 2400 xta.
2094 2328 2209 2386 Non
2273 2329 2482 2382 videtur
2539 2341 2669 2394 ergo
2732 2339 2854 2378 esse
2897 2337 3056 2390 posse
3103 2321 3322 2374 dubium
3380 2319 3508 2387 quin

1937 2421 2250 2490 σφαιρίζειν
2308 2419 2386 2473 sit
2426 2417 2693 2470 interdum
2727 2414 2864 2483 apud
2913 2415 3147 2474 Annam,
3179 2424 3376 2477 equum
3405 2407 3510 2460 do-

1939 2518 2133 2568 mitare
2187 2520 2351 2579 alque
2402 2508 2457 2563 in
2505 2508 2690 2563 orbem
2727 2520 2908 2575 agere,
2958 2512 3050 2556 aut
3076 2511 3330 2572 equestre
3367 2499 3512 2553 ludi-

1937 2619 2088 2659 crum
2124 2605 2434 2657 decurrere.

2013 2695 2362 2765 Σχιδευμός.
2387 2693 2509 2747 Lib.
2541 2706 2622 2753 ιιι,
2660 2690 2712 2743 in
2753 2687 2903 2744 Culla
2944 2693 3144 2739 aurea':
3183 2681 3526 2754 Σχιδευμοὺς-

1943 2789 2036 2842 καὶ
2071 2784 2512 2855 ἀποσχιδευμοὺς
2545 2790 2772 2836 autumo
2813 2778 3108 2833 scissioncs
3148 2784 3202 2828 et
3241 2771 3518 2827 rescissio-

1943 2893 2040 2932 nes
2084 2891 2260 2931 rerum
2306 2874 2708 2944 judicatarum',
2751 2871 2834 2924 vel
2879 2878 3282 2924 contractarum
3309 2904 3324 2927 ,
3372 2875 3520 2932 post:

1945 2983 2106 3038 quam
2163 2967 2500 3022 solemnibus
2559 2965 2700 3034 juris
2759 2960 3004 3015 formulis
3051 2959 3275 3011 ﬁrmata:
3345 2962 3517 3009 sunt:

1945 3074 2105 3128 quam
2139 3066 2458 3124 potestatem
2502 3055 2696 3110 smmui
2731 3053 3065 3119 principatus
3101 3049 3370 3117 propriam
3420 3047 3522 3098 im—

1949 3158 2167 3218 perator
2199 3147 2308 3199 illic
2337 3146 2495 3198 matri
2533 3142 2922 3198 communicat.

2021 3237 2152 3311 Σώα
2198 3237 2425 3300 πίστις.
2480 3233 2717 3298 Videtur,
2766 3231 2857 3284 lib.
2908 3244 3018 3295 xlv,
3069 3241 3192 3282 esse
3250 3225 3382 3278 ﬁdes
3433 3223 3521 3277 illa

1954 3345 2113 3397 quam
2164 3328 2458 3382 solemnem
2507 3320 2817 3391 imperatori
2871 3329 2965 3374 aut
3009 3320 3120 3386 regi
3168 3314 3522 3384 jurejurando

1956 3418 2275 3488 interposito
2309 3415 2629 3485 proﬁtentur
2651 3413 2740 3482 qui
2782 3426 2970 3466 eorum
2996 3407 3106 3476 juri
3132 3421 3190 3462 se
3233 3402 3526 3470 subjiciunt

1957 3523 2013 3566 et
2037 3523 2224 3566 eorum
2255 3507 2501 3561 homines
2531 3507 2682 3558 liunt.

2708 3634 2771 3689 T.

2038 3760 2253 3828 Τέμπη.
2287 3755 2516 3823 Τέμπης
2549 3748 2808 3820 singulari
2837 3757 3060 3799 numero
3095 3741 3247 3794 vallis
3289 3738 3356 3789 ab
3382 3737 3530 3788 Anna

1966 3825 2184 3913 dicitur,
2219 3844 2587 3914 singulariter,
2632 3850 2690 3893 ut
2745 3839 2978 3890 videtur.
3041 3831 3174 3886 Aliis
3223 3831 3366 3883 enim
3421 3825 3534 3878 fere

1968 3937 2160 4007 plurali
2194 3949 2323 3987 voce
2344 3931 2411 3984 τὰ
2430 3931 2627 3998 Τέμπη
2661 3929 2935 3981 dicuntur.
2970 3921 3146 3974 Locus
3172 3927 3253 3972 est
3284 3916 3377 3968 lib.
3412 3929 3532 3974 xm,

1970 4004 2089 4096 post
2152 4025 2388 4087 medium
2431 4039 2469 4090 ε,
2504 4020 2625 4074 ὅθεν
2679 4019 2727 4070 οἱ
2780 4014 2976 4069 Κελτοὶ
3027 4013 3106 4069 εἰς
3157 4009 3252 4076 τὴν
3307 4004 3534 4073 Τέμπην

1971 4118 2325 4190 ἐμπεσόντες.

2049 4211 2232 4262 Tata.
2266 4206 2387 4259 Lib.
2420 4219 2518 4256 xm
2547 4220 2561 4256 :
2601 4202 2705 4252 Σὺν
2750 4191 2832 4258 οἷς
2869 4193 2968 4248 καὶ
3001 4190 3130 4262 τρία
3164 4188 3328 4241 τίλια.
3381 4185 3539 4240 Certa

381 4331 718 4398 Συνήθειιιι.
763 4328 881 4381 Lib.
920 4343 1000 4391 ιιι,
1042 4327 1092 4378 in
1126 4325 1272 4376 Bulla
1309 4325 1483 4375 Aurea
1515 4335 1682 4388 genus
1711 4317 1880 4371 vecti-

314 4423 449 4492 galis
478 4423 558 4475 sic
586 4421 809 4474 dictum.
849 4418 1170 4472 Guillelmus
1201 4416 1417 4484 Tyrius,
1477 4413 1569 4464 lib.
1627 4426 1686 4464 ιιι
1721 4426 1734 4462 :
1794 4409 1879 4461 Ita

315 4520 372 4564 ut
402 4527 429 4564 e
479 4519 754 4577 conspectu
791 4505 1392 4570 Constantinopolitano:
1444 4500 1689 4561 civitatis,
1753 4513 1880 4566 pro-

317 4613 582 4657 curatores
639 4616 761 4653 suos
811 4599 1016 4651 haberet
1069 4597 1156 4663 qui
1177 4593 1578 4647 consuetudines
1614 4608 1646 4644 α
1691 4600 1881 4642 trans-

316 4695 557 4749 euntibus
645 4691 933 4756 exiqerent.
1020 4685 1155 4739 Vide
1239 4683 1514 4736 Novellum
1598 4677 1884 4735 Iustiniani

315 4801 504 4846 cnxtu,
557 4784 643 4837 ubi
673 4781 806 4850 Περὶ
852 4776 1174 4847 κουφισμῶν
1221 4773 1532 4842 συνηθείας.
1585 4770 1719 4824 Sunt
1747 4770 1883 4822 alic-

319 4879 409 4931 ubi
447 4876 715 4944 hodieque
771 4873 821 4925 in
859 4871 1037 4926 Gallia
1061 4867 1304 4939 qnaadam
1335 4864 1572 4933 portoria
1604 4877 1723 4932 qua:
1752 4875 1887 4915 con-

321 4966 633 5023 suetudines
660 4972 938 5016 vocantur.

393 5056 784 5126 Συμπάθειαι.
815 5052 938 5106 Lib.
969 5067 1052 5113 ιιι,
1079 5058 1135 5103 et
1165 5047 1261 5100 lib.
1296 5061 1372 5110 ιιι,
1426 5040 1712 5095 manifeste
1762 5046 1888 5092 sunt

328 5149 678 5206 remissiones
737 5159 908 5213 poena:
955 5155 1089 5210 quas
1144 5137 1346 5192 Gallice
1405 5135 1582 5204 graces
1635 5131 1888 5189 dicimus,

327 5240 544 5312 quando
585 5236 816 5292 convicti
877 5231 1124 5288 criminis
1169 5225 1490 5293 supplicium
1552 5221 1706 5286 plena
1741 5225 1893 5284 pote-

325 5345 464 5389 state
494 5329 757 5401 principis
813 5325 1170 5379 coudonatur.
1221 5316 1411 5378 Venia,
1454 5309 1721 5370 remissio,
1781 5307 1895 5359 sive

329 5427 552 5482 remissa
595 5434 652 5475 ut
689 5418 926 5486 loquitur
966 5418 1151 5466 auctor
1180 5403 1548 5461 commentarii
1579 5400 1628 5451 in
1670 5397 1894 5450 Paulum

325 5517 613 5573 Ambrosio
649 5508 833 5566 tributi
867 5506 932 5560 ad
967 5505 1124 5557 Rom.
1164 5513 1240 5561 vi,
1282 5496 1369 5549 M.
1404 5491 1682 5561 Signiﬁcat
1709 5487 1892 5541 eadem

327 5626 429 5666 vox
464 5605 604 5677 apud
641 5603 848 5655 Annam
907 5612 1013 5650 non
1072 5605 1194 5644 raro
1256 5588 1581 5640 tributorum
1625 5579 1897 5633 condona-

335 5671 514 5757 t'tones
579 5704 674 5753 aut
745 5689 1104 5748 relaxationes
1161 5678 1481 5741 debitorum,
1560 5671 1892 5740 συμπάθειαι

1973 4311 2152 4356 castra
2183 4308 2277 4351 aut
2308 4297 2422 4349 loca
2457 4293 2536 4347 sic
2564 4292 2728 4344 dicta.

2052 4385 2486 4456 Τοποτηρητής.
2544 4381 2660 4435 Lib.
2721 4394 2803 4442 ιιι,
2871 4383 2993 4444 post
3064 4373 3323 4433 medium,
3388 4369 3541 4420 aliter

1979 4679 2073 4726 nat
2095 4666 2404 4738 praefectum
2437 4661 2551 4715 urbi
2587 4657 2746 4713 alicui
2780 4653 3021 4708 munitae.

2057 4730 2282 4827 prsla.
2319 4755 2437 4808 ιιι..
2476 4768 2552 4814 ιι,
2593 4765 2712 4818 pag.
2739 4746 2837 4801 εει
2872 4764 2886 4800 ;
2925 4739 3163 4809 Ἀγνοῶν
3206 4737 3305 4805 τὴν
3333 4731 3426 4786 τοῦ
3447 4730 3551 4827 αὐ-

1981 4851 2314 4924 τοκράτορος
2355 4844 2474 4899 κατ’
2503 4840 2669 4896 αὑτοῦ
2729 4831 3268 4891 κατασκευασθεῖσαν
3307 4823 3546 4892 τυρειαν.

1985 4911 2190 5013 τυρεια
2219 4911 2396 4994 astuta
2441 4943 2495 4987 et
2525 4932 2672 4985 vafra
2719 4921 3068 4980 machinatio.
3121 4913 3436 5013 Eustathius
3483 4911 3550 5013 ad

1988 4997 2147 5088 lliftd.
2177 5027 2216 5080 ε’
2242 5045 2257 5081 :
2291 5027 2363 5077 Τὸ
2400 5024 2457 5075 δὲ
2478 5019 2726 5090 τυρεύειν
2757 5015 2851 5068 καὶ
2874 5015 2907 5082 ἡ
2941 5007 3132 5079 τυρεία
3183 4999 3431 5074 μοναχῶς
3461 4997 3553 5053 ἐπὶ

1987 5121 2323 5195 φαυλότητος
2359 5111 2586 5164 τίθεται.

2068 5180 2434 5275 Τυροέοιίγος.
2467 5201 2596 5268 Pag.
2631 5200 2691 5252 5|
2731 5218 2744 5251 :
2776 5194 3077 5249 llebdomas
3103 5189 3153 5242 in
3182 5203 3242 5240 ea
3277 5180 3551 5236 Domlnlt'a

1991 5299 2244 5356 desinens
2279 5307 2438 5360 quam
2471 5304 2567 5342 nos
2616 5282 3120 5354 Quinquagesimam
3176 5286 3449 5330 vocamus.
3492 5284 3553 5321 ea

1995 5358 2631 5450 behdoutasvupocpoiyoc
2677 5379 2875 5432 dicitur
2924 5370 3065 5440 quod
3119 5383 3211 5437 per
3254 5377 3371 5417 eam
3415 5358 3558 5412 vesci

1996 5481 2169 5535 adhuc
2197 5488 2357 5528 caseo
2381 5471 2589 5532 liceret,
2621 5469 2832 5524 Etenim
2857 5461 3233 5518 abstinentiam
3263 5455 3558 5509 solemnem

1996 5568 2145 5626 verni
2165 5564 2354 5635 jejnuii
2393 5562 2568 5615 (ιιωοί
2603 5562 2791 5615 diebus
2819 5556 3064 5610 undecim
3097 5547 3362 5603 maturius
3396 5557 3556 5612 quam

2001 5678 2097 5722 nos
2125 5660 2397 5714 inchoaut.
2431 5652 2534 5707 Sed
2572 5655 2623 5708 in
2664 5670 2727 5709 eo
2758 5646 3076 5722 quibusdam
3114 5641 3367 5713 gradibus
3397 5646 3562 5690 utun-
