4022 6282
323 329 454 407 ίὲἇῐ)

1329 304 1588 401 sanato
1620 341 1720 400 DE
1760 337 1957 400 ZONA
1988 338 2069 398 ss
2124 339 2505 401 DEIPAR/E.

3407 329 3544 396 1246

319 431 398 494 tur
426 419 693 490 potentias
729 420 962 487 Domini,
995 423 1204 479 auditas
1256 425 1416 482 faciet
1459 442 1646 480 omnes
1697 428 1881 479 lauda-
1911 427 1956 490 Α
1984 425 2122 479 liter.
2156 426 2336 494 Diligit
2355 441 2479 480 vero
2507 424 2671 479 etiam
2699 421 3096 479 sanctissimum
3124 428 3175 475 et
3206 418 3540 474 Paracletum

317 514 475 579 tiones
504 513 620 580 ejus
639 515 655 545 ί
682 515 704 568 ?
727 534 746 565 ι
786 526 876 569 aut
899 520 1165 585 quomodo
1189 535 1396 586 possem
1424 537 1522 590 ego
1550 523 1652 576 hoc
1680 523 1877 591 duplici

319 605 426 657 luce
454 606 800 673 resplendens
828 608 1041 669 festum,
1065 612 1243 662 verbis
1282 627 1547 665 exornare
1564 613 1876 682 splendidis,

321 694 540 762 primtttu
597 699 810 762 quidem
861 711 918 752 ιιι
979 700 1082 752 Deo
1112 701 1344 764 placeam
1373 741 1388 762 ,
1421 716 1472 754 et
1502 705 1584 764 ei,
1611 719 1728 769 qua:
1757 719 1876 754 eum

324 786 517 853 pepet'll
549 788 665 839 sine
689 791 916 852 svrnine,
950 802 1002 841 et
1054 792 1209 859 plane
1260 794 1601 847 iuell‘abiliter
1639 812 1651 845 :
1692 794 1881 847 deinde

318 877 487 937 etiam,
523 885 578 927 ιιι
618 880 813 940 prosim
855 879 918 933 iis
953 918 966 939 ,
1009 883 1096 951 qui
1139 893 1504 948 convenerunt
1551 894 1604 937 et
1641 883 1882 954 jucunde

317 970 572 1021 exsultant
596 968 621 1020 ?

382 1057 462 1111 Ill.
491 1063 648 1123 Atqui
694 1065 799 1127 vita
835 1064 1051 1131 quidem
1085 1067 1297 1118 excelsa
1329 1083 1538 1134 carens,
1563 1085 1721 1137 quam
1755 1085 1882 1124 cono

318 1153 666 1212 venitltabere
694 1171 810 1216 eos,
872 1159 960 1224 qui
1008 1159 1192 1211 volunt
1223 1160 1458 1223 scribere
1495 1179 1509 1214 :
1549 1182 1566 1212 ι
1610 1166 1879 1231 (primum

319 1243 448 1295 enim
478 1247 638 1308 coepit
690 1244 845 1311 Iesus
891 1246 1082 1310 facere,
1139 1251 1330 1308 deinde
1364 1252 1558 1312 docere
1581 1255 1638 1320 ²)
1679 1274 1698 1307 ›
1725 1257 1883 1324 quin-

325 1334 477 1395 etiam
530 1338 760 1402 spiritali
819 1355 982 1405 egens
1029 1342 1274 1396 oratione
1297 1383 1311 1407 ,
1338 1344 1587 1412 (oportet
1613 1349 1754 1399 enim
1790 1348 1887 1410 lin-

1984 518 2266 588 Spiritum,
2291 528 2346 570 ut
2370 519 2572 572 honore
2590 518 2869 585 :equalem,
2888 525 2943 571 et
2960 529 3332 570 consessorem
3376 511 3552 566 Patris

1981 620 2031 662 et
2067 608 2210 672 Filii,
2244 619 2295 661 et
2332 610 2507 677 utqui
2541 624 2604 661 ex
2637 607 2798 661 Patre
2851 607 3067 675 quidem
3116 602 3360 675 procedit
3395 641 3409 664 ,
3453 614 3550 669 per

1981 697 2175 751 Filium
2211 711 2389 750 autem
2426 701 2490 751 ad
2521 713 2732 750 omnem
2765 699 2905 764 pium
2945 695 3195 754 mittitur.
3247 692 3429 758 Diligit
3457 706 3554 742 au-

1985 800 2090 842 tetn
2121 791 2276 842 simul
2305 796 2358 857 (0
2379 791 2726 842 excellentem
2752 789 2838 842 Dei
2863 783 3246 850 oeconomiam)
3269 797 3408 844 eam,
3430 797 3548 848 qua:

1985 882 2239 937 inelfabili
2281 893 2333 936 et
2361 882 2624 949 stupenda
2659 881 2868 934 ratione
2894 881 2944 932 in
2970 878 3177 930 ultimis
3213 874 3548 943 temporibus

1984 976 2247 1029 continuit
2278 975 2610 1044 unigenitum
2639 972 2872 1026 Verbum
2900 969 3074 1024 Patris
3100 1008 3114 1032 ,
3141 975 3194 1022 et
3235 964 3376 1035 quod
3425 978 3546 1018 cum

1986 1083 2051 1122 eo
2083 1077 2166 1120 est
2202 1082 2395 1135 expers
2426 1066 2692 1134 principii.

2056 1157 2146 1211 Vl.
2172 1155 2370 1211 Habuit
2402 1159 2567 1219 enim,
2601 1158 2785 1209 habuit
2831 1155 2885 1208 in
2918 1165 3074 1207 utero
3128 1152 3447 1205 intemerata
3498 1154 3554 1201 et

1985 1251 2263 1318 impolluta
2322 1248 2552 1302 Verbum
2611 1247 2761 1310 illud,
2820 1245 2962 1314 quod
3025 1243 3191 1296 caelos
3245 1239 3553 1295 constituit.

1986 1340 2176 1394 Habuit
2207 1340 2259 1393 in
2293 1347 2446 1392 utero
2467 1353 2609 1398 eum,
2641 1337 2727 1402 qui
2762 1351 2938 1405 pugno
2964 1335 3142 1387 omnia
3188 1333 3467 1395 continet,
3499 1339 3555 1383 et

321 1441 468 1492 gnam
507 1429 705 1482 habere
739 1433 1096 1500 theologicam
1123 1475 1137 1495 .
1167 1444 1224 1489 ut
1263 1452 1366 1490 non
1390 1453 1523 1506 opus
1553 1439 1749 1492 habeat
1778 1441 1884 1496 alio
1941 1433 2041 1502 \(o
2065 1432 2442 1493 castissimam,
2481 1440 2535 1482 et
2574 1429 2701 1482 nulli
2732 1428 2900 1496 eulpze
2943 1427 3149 1480 aliinem
3179 1467 3194 1491 ,
3226 1441 3382 1493 quam
3412 1423 3553 1477 exti-

320 1527 625 1570 convertere
655 1522 863 1583 Oculos,
893 1539 1052 1590 quam
1088 1527 1152 1576 ad
1186 1526 1331 1580 viros
1367 1529 1600 1594 divinos,
1631 1531 1720 1599 qui
1753 1533 1878 1585 olim

320 1607 472 1676 loculi
507 1620 628 1662 sunt
662 1613 885 1674 pulchre
910 1625 962 1667 et
993 1619 1353 1691 panegyrice)
1405 1623 1536 1676 nihil
1576 1624 1717 1678 aliud
1774 1626 1883 1679 elli-

1987 1531 2234 1577 rueSCunt
2261 1521 2619 1587 intelligentes
2644 1534 2834 1572 omnes
2865 1515 3208 1586 hierarchiae)
3245 1514 3472 1584 gestavit
3498 1513 3550 1565 in

1988 1624 2142 1668 utero
2168 1613 2425 1680 eum,qui
2469 1627 2565 1665 nec
2595 1611 2882 1673 contineri,
2922 1625 3022 1663 nec
3067 1608 3202 1662 adiri
3257 1613 3432 1675 potest
3488 1604 3556 1656 ab

317 1700 446 1753 Ciam
478 1703 759 1769 oralione,
806 1722 966 1772 ollam
1023 1712 1264 1764 molestia
1320 1713 1546 1771 alliciam
1591 1731 1684 1770 eos
1710 1757 1726 1784 ,
1787 1723 1879 1785 qui
1915 1749 1956 1803 Β
1988 1706 2242 1759 universa
2278 1713 2547 1765 creatura,
2581 1702 2745 1755 Deum
2777 1700 3073 1770 perfectum
3103 1709 3155 1753 et
3181 1696 3395 1768 (verum
3423 1695 3554 1764 quid

317 1803 694 1875 convenerunt,
726 1797 974 1852 indecora
1013 1805 1298 1864 verborum
1334 1806 1611 1862 lmruiliate
1636 1848 1652 1872 ,
1692 1821 1744 1864 et
1783 1812 1879 1864 oh-

320 1896 489 1945 scura,
514 1899 578 1936 ac
631 1887 878 1942 inornata
902 1891 1154 1945 dictione.
1189 1893 1293 1947 Sed
1331 1906 1508 1950 tamen
1541 1899 1641 1952 viri
1680 1900 1880 1954 ﬁdelis-

317 1973 429 2026 simi
457 1974 738 2043 implentes
775 1979 1158 2047 obedientiam,
1193 1994 1245 2038 et
1279 1986 1415 2052 ejus,
1445 1989 1533 2056 qui
1575 1999 1656 2044 est
1691 1991 1883 2047 divinis

315 2063 560 2129 repletus,
590 2082 775 2130 eamus
802 2069 912 2136 jam
977 2072 1169 2140 duplex
1229 2075 1293 2128 ad
1353 2075 1543 2130 festum
1606 2077 1883 2135 laudanda:

317 2167 520 2224 semper
567 2165 620 2214 et
677 2160 848 2214 beata:
905 2161 1162 2231 Virginis.
1200 2183 1218 2215 ι
1251 2165 1406 2218 Dabit
1435 2167 1576 2220 enim
1613 2169 1880 2234 verbum,

316 2244 499 2311 inquit,
562 2248 817 2304 Dominus
862 2256 1353 2326 evangeliuntihus
1392 2258 1589 2314 virtute
1630 2261 1815 2314 multa.
1856 2281 1874 2313 ι

377 2339 462 2394 IV.
492 2343 603 2408 Age
630 2359 758 2396 vero
798 2345 926 2400 huic
967 2346 1166 2407 divino.
1219 2349 1501 2402 excellenti
1552 2357 1606 2404 et
1644 2349 1883 2416 jucunde

315 2427 412 2480 diei
437 2443 630 2483 novum
656 2431 868 2500 aliquod
891 2434 1042 2502 prius
1068 2450 1442 2503 comparemus
1465 2445 1514 2490 et
1542 2453 1884 2508 exatquemus

313 2522 781 2587 spectaculum,et
831 2524 900 2576 ita
950 2526 1108 2580 nobis
1143 2527 1441 2582 oralionem
1491 2542 1884 2597 consequenter

314 2612 686 2680 suppeditante
723 2631 803 2673 ea.
841 2632 960 2685 quae
995 2619 1110 2673 sine
1139 2619 1260 2672 ullis
1292 2619 1394 2672 loci
1440 2623 1700 2691 angustiis
1720 2625 1882 2691 cepit,

313 2716 371 2753 ac
403 2704 669 2757 continuit
697 2708 1001 2761 consistens
1034 2707 1264 2762 Verbum
1292 2708 1469 2764 Patris
1493 2752 1508 2777 ,
1566 2714 1884 2782 adjiciamus

315 2810 540 2855 coronas
575 2799 941 2851 encomiorum
977 2800 1076 2862 his,
1108 2802 1309 2869 quibus
1335 2811 1417 2856 est
1447 2813 1656 2872 gratum
1685 2805 1881 2860 festum

312 2892 362 2938 et
398 2886 678 2940 amborttm
714 2887 850 2941 festo
885 2889 1170 2944 all'eratnus
1193 2907 1278 2954 ea,
1310 2905 1427 2960 qua:
1469 2905 1550 2947 est
1581 2907 1883 2951 consenta-

313 2991 488 3032 neum.
524 2976 802 3042 Quomodo
831 2983 971 3035 enim
998 2983 1283 3050 propositis
1314 2985 1544 3052 geminis
1568 3027 1582 3048 ,
1614 2988 1703 3055 qui
1755 3005 1886 3058 gau-

312 3069 448 3122 dium
483 3071 716 3126 ali‘eruut
745 3074 938 3134 oculis,
975 3075 1086 3128 sole
1113 3117 1128 3139 ,
1161 3076 1378 3145 inquam
1407 3118 1421 3142 ,
1459 3079 1836 3146 resplendente
1858 3121 1872 3144 ,
1904 3077 1950 3137 C

311 3170 361 3215 et
389 3163 650 3217 orientem
685 3164 1008 3227 illustrante,
1041 3177 1094 3220 et
1119 3167 1242 3220 luna
1267 3183 1388 3221 cum
1423 3169 1718 3237 splendidis
1746 3171 1882 3226 stel-

313 3253 374 3308 lis
412 3265 622 3308 noctem
651 3255 934 3309 obscuram
965 3255 1301 3313 illuminante
1324 3299 1338 3321 ,
1363 3269 1454 3315 aut
1484 3262 1644 3314 etiam
1675 3261 1886 3317 duobus

315 3347 513 3400 solibus
545 3348 849 3402 orientibus
881 3357 1012 3401 ntttu
1035 3358 1087 3401 et
1120 3349 1452 3414 providentia
1507 3351 1708 3413 divina,
1746 3360 1800 3404 et
1853 3368 1884 3406 a

312 3438 468 3507 Patre
500 3451 640 3493 mota
700 3441 990 3504 voluntate,
1017 3449 1099 3494 est
1143 3441 1461 3496 admirabile
1511 3450 1566 3496 et
1621 3442 1887 3499 ineﬂ‘abile

315 3532 400 3592 iis.
430 3533 522 3601 qui
559 3533 648 3586 hic
693 3533 909 3592 adsunt,
977 3532 1341 3600 spectaculum
1377 3549 1390 3586 :
1425 3533 1494 3588 ita
1529 3534 1688 3588 etiam
1719 3574 1734 3599 ,
1769 3550 1887 3603 quae

313 3641 451 3678 nunc
507 3626 660 3678 adest
691 3625 967 3692 Splendida
999 3633 1051 3678 et
1081 3639 1289 3680 summa
1313 3624 1598 3682 celebritas
1623 3668 1636 3690 ,
1673 3627 1726 3680 in
1790 3644 1886 3682 nos

310 3719 511 3783 emittit
546 3719 819 3780 radiorum
858 3719 1114 3772 micantia
1153 3717 1384 3789 fulgura.
1419 3729 1471 3776 et
1498 3720 1653 3789 hujus
1686 3721 1887 3774 litlelis-

312 3812 436 3864 situi
487 3812 665 3878 populi
725 3812 1196 3881 congregationem
1240 3854 1255 3876 ,
1309 3821 1562 3882 tanquam
1616 3824 1885 3868 astrorum

309 3903 708 3963 multitudinem
744 3918 877 3969 pene
901 3904 1339 3958 innumerabilem
1371 3941 1388 3966 ,
1438 3904 1601 3956 mittit
1640 3904 1706 3956 ad
1754 3912 1889 3958 tem-

310 3995 459 4061 plum
489 3993 626 4062 ejus,
659 3977 780 4061 qua:
809 4001 892 4047 est
919 4009 1041 4048 vere
1078 4003 1129 4047 et
1167 3995 1383 4062 proprie
1439 3994 1664 4062 Deipara
1697 4011 1711 4046 :
1752 3993 1888 4046 divi-

314 4098 520 4151 nosque
552 4083 751 4148 radios,
787 4085 1111 4150 odoresque,
1140 4082 1458 4136 suavissime
1507 4083 1772 4149 spirantes
1805 4081 1887 4136 ef-

310 4170 485 4235 lundit
545 4171 1002 4232 innumerabiles,
1057 4179 1110 4224 et
1177 4172 1464 4240 persuadet
1503 4171 1668 4224 Deum
1709 4186 1889 4238 prom-

310 4265 557 4332 ptissimo
579 4263 887 4332 gloriﬁcare
909 4263 1090 4317 animo
1117 4302 1132 4326 ,
1164 4262 1434 4332 quomodo
1481 4277 1545 4315 ex
1603 4264 1887 4332 terrigenis

307 4370 470 4408 nemo
502 4353 662 4408 fuerit
718 4354 984 4408 elocutus.
1041 4354 1155 4406 Non
1198 4361 1377 4423 potest
1420 4352 1564 4406 enim
1611 4354 1885 4408 exhauriri

1989 1797 2081 1850 tibi
2108 1796 2208 1861 rei,
2239 1811 2273 1850 ο
2311 1793 2534 1863 benigne
2564 1803 2617 1847 et
2646 1792 2905 1855 clemens,
2938 1807 3060 1845 cum
3093 1789 3350 1843 mendicis
3380 1798 3432 1842 et
3463 1786 3556 1839 ab-

1980 1888 2141 1957 jectis
2163 1888 2222 1953 ?)
2253 1887 2520 1941 hominem
2557 1884 2875 1954 perfectum,
2912 1883 3178 1951 duplicem
3209 1888 3422 1942 natura,
3450 1893 3554 1930 una

1986 1989 2164 2033 autem
2199 1978 2588 2032 consistentem
2649 1989 2902 2044 persona.
2953 1972 3068 2026 Non
3127 1971 3271 2025 enim
3328 1968 3557 2022 dicimus

1986 2071 2256 2135 hominem
2304 2067 2614 2124 deiﬁcatum
2651 2075 2903 2132 tanquam
2932 2066 2986 2116 in
3027 2063 3234 2117 visione
3286 2075 3348 2114 ac
3387 2060 3559 2129 phan-

1988 2160 2122 2213 tasia
2153 2176 2168 2215 :
2197 2159 2336 2212 absit
2371 2175 2386 2214 :
2425 2159 2516 2212 sed
2557 2157 2724 2210 Deum
2778 2157 3118 2209 incarnatum
3151 2193 3165 2216 ,
3203 2163 3254 2206 et
3285 2151 3554 2210 hominem

1986 2249 2214 2314 factum,
2247 2249 2339 2318 qui
2375 2258 2542 2302 totum
2573 2247 2700 2300 illud
2725 2288 2740 2311 ,
2773 2250 2913 2314 quod
2947 2253 3190 2298 nostrum
3223 2250 3344 2306 est,
3377 2253 3560 2294 susce-

1985 2353 2083 2410 pu,
2114 2343 2362 2409 dogmate
2390 2349 2579 2395 nostro
2603 2349 2872 2393 teneums.
2907 2354 2925 2386 ι
2967 2334 3200 2389 Verbum
3254 2333 3398 2386 enim
3430 2331 3554 2400 (in-

1986 2436 2102 2502 quit
2159 2433 2378 2486 touitrtti
2409 2429 2586 2501 lilius)
2620 2444 2748 2484 caro
2776 2430 2974 2481 factum
3007 2437 3089 2481 est
3118 2426 3158 2479 ⁸.
3204 2445 3222 2478 ι
3262 2425 3380 2478 Non
3413 2423 3555 2492 quod

1986 2542 2303 2581 conversum
2334 2540 2396 2578 ac
2415 2533 2679 2578 mutatum
2705 2523 2775 2577 sit
2795 2538 2859 2577 ex
2882 2536 2968 2585 eo,
2993 2521 3134 2590 quod
3154 2532 3266 2573 erat
3297 2517 3556 2583 Verbum,

1986 2619 2079 2674 sed
2108 2619 2246 2685 quod
2288 2626 2548 2686 prceterea
2585 2616 2893 2683 acceperit,
2928 2622 2990 2667 ut
3033 2628 3161 2666 caro
3221 2613 3372 2665 lieret
3402 2629 3413 2661 :
3450 2625 3556 2661 non

1989 2719 2188 2761 mutata
2217 2708 2499 2762 divinitate
2525 2709 2575 2760 in
2604 2707 3014 2766 humanitatem,
3056 2704 3148 2758 sed
3186 2718 3306 2756 cum
3343 2701 3558 2769 propria

1988 2818 2099 2856 sure
2153 2801 2452 2855 divinitatis
2510 2801 2768 2862 essentia,
2833 2799 2885 2852 in
2938 2797 3151 2866 propria
3204 2809 3435 2864 persona
3465 2794 3562 2848 Dei

1987 2893 2147 2947 Verbi
2180 2902 2233 2946 et
2261 2892 2610 2946 consistentis
2635 2932 2650 2956 ,
2708 2889 3174 2960 comprehenderis
3223 2886 3386 2941 etiam
3435 2901 3557 2940 esse

1990 2984 2286 3038 hominem.

2055 3073 2169 3125 ΥΠ.
2202 3071 2482 3125 Hominem
2515 3079 2696 3124 autem
2729 3070 2853 3123 dico
2906 3069 3162 3138 perfecte.
3216 3066 3561 3134 Qumcunqne

1987 3166 2126 3220 enim
2171 3164 2349 3224 homo,
2378 3171 2432 3216 et
2457 3161 2632 3230 qualia
2661 3160 2840 3222 homo,
2875 3169 2928 3211 et
2961 3159 3002 3212 si
3044 3158 3171 3226 quid
3217 3168 3300 3210 est
3353 3157 3515 3210 homo
3541 3195 3556 3212 .

1988 3256 2197 3323 accepit
2235 3253 2576 3321 Unigenitus,
2615 3259 2673 3302 ιιι
2703 3252 2754 3303 in
2790 3249 3032 3318 perfecto
3065 3262 3166 3301 suo
3197 3248 3412 3300 homine
3441 3246 3562 3299 uui-

1987 3360 2198 3400 versam
2232 3344 2480 3404 salutem,
2508 3357 2628 3395 cum
2651 3341 2792 3396 Deus
2816 3350 2984 3402 esset,
3014 3339 3248 3393 eliiceret
3273 3377 3288 3401 ,
3325 3337 3560 3391 hominis

1991 3435 2124 3489 nihil
2167 3435 2476 3503 relinquens
2510 3450 2523 3486 :
2557 3447 2624 3486 ne
2656 3446 2780 3498 pars
2811 3430 2996 3484 relicta
3025 3445 3210 3484 rursus
3246 3431 3397 3483 lieret
3436 3441 3560 3481 esca

1990 3526 2212 3582 diaboli.
2246 3525 2357 3579 Non
2388 3525 2530 3578 enim
2573 3523 2739 3587 venit,
2770 3531 2824 3576 ut
2852 3531 3082 3577 mutaret
3109 3531 3377 3581 naturam,
3400 3535 3566 3573 carne

1993 3621 2227 3682 indutus,
2253 3620 2626 3672 universorum
2664 3614 2804 3670 Deus
2857 3632 2870 3667 :
2911 3613 3004 3667 sed
3038 3622 3094 3664 ut
3125 3626 3244 3665 eam
3299 3610 3566 3664 reforma-

1990 3719 2092 3774 ret,
2125 3719 2178 3762 et
2199 3709 2635 3777 eﬂiceretpuram
2669 3724 2696 3760 a
2730 3706 3043 3770 mutatione,
3081 3712 3140 3758 ut
3167 3704 3334 3756 etiam
3355 3701 3554 3754 factum

1989 3811 2093 3856 est.
2121 3801 2270 3867 Quod
2301 3802 2443 3854 enim
2477 3800 2695 3862 fuimus,
2730 3801 2934 3854 erimus
2966 3840 2980 3859 ,
3007 3805 3227 3866 propter
3249 3795 3563 3865 mysterium

1989 3894 2104 3962 ejus
2136 3891 2522 3946 incarnationis
2555 3906 2694 3954 eam,
2737 3905 2856 3957 qua:
2885 3888 2951 3940 ab
2999 3888 3149 3941 initio
3185 3895 3337 3948 erat,
3370 3883 3568 3936 immu-

1990 3987 2311 4045 labilitatetn
2345 3984 2640 4052 accepturi,
2666 3997 2828 4051 quam
2865 3981 2996 4032 mihi
3038 3989 3095 4032 et
3127 3978 3283 4030 bonis
3308 3977 3563 4029 omnibus

1989 4081 2233 4148 perfecit,
2259 4091 2312 4132 et
2345 4092 2539 4144 corpus
2558 4085 2748 4129 natura
2777 4073 3036 4126 mundum
3084 4071 3314 4124 reddens
3366 4085 3395 4121 a
3439 4083 3569 4136 pec-

1991 4184 2134 4235 cato,
2159 4183 2213 4226 et
2252 4171 2641 4237 iutelligenten't
2695 4169 2952 4232 animam,
2988 4166 3314 4219 voluntatem
3365 4159 3568 4212 haben-

1994 4275 2098 4323 tem
2139 4261 2548 4316 immutabilem.

2066 4355 2197 4408 Vlll.
2233 4353 2353 4408 Uno
2384 4361 2566 4407 autem
2600 4351 2769 4406 verbo
2815 4351 3126 4404 universum
3184 4346 3311 4400 dico
3363 4352 3568 4412 myste-

306 4446 425 4510 ejus
454 4447 718 4500 bonorum
749 4445 1042 4514 scaturigo.
1063 4444 1156 4499 Est
1185 4422 1439 4514 perennis
1458 4444 1743 4505 thesaurus
1773 4445 1887 4510 ejus
1920 4422 1965 4479 θ
1994 4448 2153 4501 rium.
2180 4443 2362 4512 Neque
2393 4444 2560 4496 Deum
2591 4443 2790 4496 nudum
2826 4455 3077 4509 corpore,
3099 4445 3155 4492 et
3186 4437 3273 4500 iis,
3307 4449 3424 4502 qum
3444 4443 3572 4488 sunt

307 4539 713 4592 miraculorum.

387 4629 448 4685 V.
482 4631 537 4685 Si
569 4633 736 4694 enim,
763 4637 823 4684 ut
852 4630 1108 4690 diximus,
1135 4639 1217 4682 est
1254 4628 1426 4682 dulcis
1453 4637 1507 4682 et
1560 4628 1892 4683 desiderabi-

307 4721 378 4774 lis
406 4731 460 4774 et
493 4722 744 4779 eximius.
770 4730 826 4774 et
858 4721 976 4776 lzeta
1004 4720 1166 4773 ellicit
1188 4721 1349 4774 corda
1389 4721 1572 4774 oriens
1629 4723 1716 4775 hic
1766 4721 1844 4776 sol
1872 4761 1888 4786 ,

307 4815 403 4882 qui
436 4825 518 4867 e-t
549 4813 613 4868 ad
643 4823 874 4879 tempus,
900 4824 953 4866 et
990 4823 1074 4879 est
1100 4813 1438 4872 interiturus,
1496 4813 1707 4866 etiamsi
1743 4813 1891 4866 solus

309 4905 484 4959 fuerit
510 4906 694 4959 lucens
719 4915 770 4968 et
815 4905 1122 4958 illuminans
1156 4921 1170 4956 :
1202 4913 1404 4972 quanto
1446 4903 1617 4972 magis
1643 4944 1655 4964 ,
1695 4912 1849 4969 putas
1875 4943 1889 4968 ,

305 4996 560 5057 Christus
624 4995 704 5048 sol
759 4994 981 5063 justitia‘.
1032 5009 1128 5047 nos
1191 4994 1455 5047 illuminat
1497 4993 1888 5060 jucundissima

311 5087 435 5152 ejus
462 5088 662 5153 Specie,
689 5093 743 5138 et
778 5085 1173 5152 pulchritudine
1206 5085 1463 5142 fruentes,
1502 5099 1596 5150 per
1638 5084 1889 5136 immate-

316 5179 505 5240 rialcs,
536 5180 776 5246 inquam,
809 5177 1188 5243 gloriﬁcantes,
1219 5183 1272 5228 et
1307 5174 1624 5241 purissimas
1654 5173 1890 5242 preces?

310 5287 330 5318 ι
391 5269 504 5341 Ego
528 5274 668 5324 enim
696 5270 712 5336 (
739 5269 910 5336 inquit
944 5267 1256 5336 Sapientia)
1283 5280 1376 5319 eos
1405 5304 1420 5328 ,
1443 5264 1533 5333 qui
1561 5279 1644 5318 me
1669 5271 1892 5328 amant,

303 5361 480 5432 diligo
508 5363 550 5418 ³.
588 5381 606 5413 ι
636 5361 737 5428 Qui
771 5369 949 5414 autem
984 5357 1392 5428 diligitFilium,
1428 5365 1484 5409 et
1508 5356 1673 5409 Deum
1706 5364 1759 5408 et
1791 5356 1888 5408 ho-

307 5453 518 5518 minem
546 5453 846 5515 Christum,
879 5450 1053 5519 diligit
1103 5465 1225 5504 eum
1275 5462 1489 5516 quoque
1517 5489 1530 5512 ,
1567 5448 1659 5516 qui
1714 5447 1885 5514 ipsum

302 5547 502 5613 genuit
529 5548 646 5600 sine
685 5556 946 5611 tempore,
975 5551 1100 5596 ante
1127 5540 1312 5594 omnia
1336 5539 1549 5597 saecula.
1575 5546 1628 5592 et
1652 5535 1895 5592 ineli'abi-

421 5730 444 5790 ι
495 5729 644 5788 Psal.
676 5743 764 5793 cv,
795 5729 851 5782 9.
910 5730 931 5760 '
961 5726 1085 5780 Act.
1114 5739 1154 5790 ι,
1183 5723 1236 5777 1.
1328 5724 1349 5757 ³
1378 5721 1544 5779 Prov.
1567 5735 1686 5786 vnt,
1715 5720 1804 5774 l7.

1993 4537 2258 4604 corporis,
2289 4534 2564 4588 Christum
2593 4547 2712 4586 esse
2757 4531 3044 4584 credamus
3076 4570 3091 4594 ,
3141 4542 3314 4596 neque
3367 4525 3566 4577 Iltldttttt

1992 4630 2262 4684 hominem
2300 4627 2507 4694 absque
2535 4641 2659 4679 vera
2692 4623 2972 4679 divinitate
3001 4662 3016 4686 ,
3063 4631 3118 4677 et
3162 4621 3228 4675 iis
3272 4634 3394 4690 qua:
3446 4626 3571 4670 sunt

1989 4717 2282 4772 divinitatis
2322 4716 2693 4784 :(utrumque
2724 4716 2866 4768 enim
2909 4721 3094 4781 aperte
3136 4709 3425 4763 ostendunt
3476 4707 3572 4758 do-

1989 4810 2214 4862 ctrinam
2240 4805 2473 4873 diaboli)
2502 4807 2593 4858 sed
2619 4804 2782 4857 Deum
2804 4813 2995 4862 totum,
3016 4808 3070 4852 et
3092 4812 3214 4851 eum
3239 4798 3410 4863 ipsum
3438 4793 3569 4845 abs-

1997 4915 2100 4966 que
2148 4899 2499 4952 conversione
2522 4895 2683 4949 totius
2717 4893 2947 4946 hominis
2970 4889 3239 4953 accepisse
3254 4885 3568 4945 essentiam,

1995 4991 2158 5045 corde
2184 5003 2315 5055 puro
2342 4989 2627 5039 credamus
2659 4982 2724 5034 ad
2757 4980 3048 5047 justitiam,
3075 4986 3128 5028 et
3155 4989 3249 5027 ore
3278 4973 3573 5041 apostolico

1995 5093 2046 5135 et
2070 5089 2293 5148 paterne
2322 5074 2674 5126 conliteamur
2698 5067 2765 5120 ad
2794 5067 3047 5121 salutem.
3089 5061 3242 5115 Hunc
3267 5075 3396 5129 ergo
3444 5070 3571 5112 ante

1995 5167 2190 5224 smcula
2226 5165 2416 5223 Deum,
2447 5161 2541 5229 qui
2597 5156 2981 5227 cornprebendi
3040 5170 3147 5208 non
3205 5161 3420 5221 potest,
3475 5151 3566 5219 qui

1995 5259 2204 5315 refulsit
2233 5256 2286 5309 in
2321 5254 2530 5309 duabus
2567 5252 2815 5308 essentiis
2863 5260 2917 5304 et
2961 5245 3411 5316 operationibus,
3464 5259 3570 5296 una

1996 5360 2194 5412 autem,
2225 5345 2560 5406 utdiximus,
2599 5356 2864 5412 persona,
2908 5347 2964 5392 et
3020 5337 3175 5392 nobis
3218 5336 3268 5387 in
3323 5332 3574 5386 omnibus

1997 5444 2096 5498 fuit
2120 5439 2452 5496 assimilatas
2485 5447 2683 5505 praeter
2719 5442 3020 5504 peccatum,
3052 5428 3261 5497 peperit
3316 5441 3435 5492 qua:
3493 5427 3569 5480 esi

1996 5548 2184 5589 verum
2215 5527 2580 5602 patrocinium
2602 5524 3035 5582 Christianorum
3057 5559 3072 5584 ,
3125 5524 3180 5574 et
3213 5514 3430 5588 proprie
3479 5528 3566 5572 reo

1917 5717 1940 5750 ⁸
1982 5713 2146 5771 Joan.
2183 5725 2222 5776 I,
2257 5707 2344 5764 ll.
