4022 6282
1893 184 1972 202 ’-α’
1975 184 2078 201 .-

507 320 644 387 1257

2099 181 2150 196 ἠ

1565 326 1928 389 ADDENDA
1964 326 2066 385 AD
2099 325 2448 388 EUTHYMI
2462 330 2597 389 UM.

3545 335 3644 398 12i8

509 445 675 500 reque
706 440 788 485 est
827 431 1047 501 Deipara
1075 449 1088 486 :
1120 448 1238 503 qua:
1265 433 1521 488 estaltior
1543 443 1597 487 et
1624 433 1872 502 superior
1893 429 2081 500 quavis
2109 433 2156 488 Α
2188 433 2252 485 ad
2278 433 2487 487 laudem
2521 444 2574 489 et
2608 437 2867 490 honorem
2909 452 3126 506 semper
3161 436 3376 506 Virginis
3395 447 3441 492 et
3470 437 3651 507 Deipara:

467 535 470 537 ‘
512 538 571 576 re
607 535 808 586 creata,
846 535 950 576 tam
987 540 1107 592 qua:
1136 525 1232 578 sub
1265 535 1537 592 aspectum
1565 523 1729 586 cadit,
1761 538 1916 590 quam
1959 534 2077 589 quae

422 662 427 667 .
514 630 618 668 non
650 617 810 676 cadit,
841 631 960 684 quae
985 629 1068 670 est
1099 631 1256 684 pura,
1289 617 1563 683 impolluta
1589 658 1602 680 ,
1639 616 1832 668 intacta
1861 612 2035 665 Patris
2059 651 2074 674 ,

508 709 598 775 qui
634 721 729 760 nec
753 707 919 760 videri
955 746 968 771 ,
1005 723 1102 761 nec
1132 708 1512 776 comprehendi
1566 715 1783 776 potest,
1832 706 1897 757 ab
1927 702 2074 757 omni

510 798 930 865 reprehensione
971 799 1166 862 aliena,
1207 810 1260 854 et
1295 800 1657 869 pulcherrima
1681 811 1874 863 sponsa
1913 811 1927 848 :
1959 809 2076 861 qua:

506 899 586 942 est
613 889 665 940 in
689 889 937 942 omnil-ns
964 890 1193 957 gloriosa
1227 900 1278 944 et
1305 890 1607 952 benedicta,
1649 897 1702 940 et
1752 888 1802 939 in
1837 887 2076 938 bonitate

507 986 562 1030 et
601 977 921 1045 benignitate
943 987 1026 1032 est
1060 980 1518 1046 incomparabilis,
1568 978 1948 1032 convenienter
1977 973 2025 1027 ei
2059 1014 2074 1034 ,

508 1067 595 1136 qui
624 1082 688 1119 ex
715 1082 775 1119 ea
803 1080 959 1121 natus
998 1078 1078 1120 est
1113 1069 1251 1123 Deus
1282 1078 1335 1122 et
1371 1069 1531 1121 homo
1557 1106 1571 1130 ,
1608 1078 1660 1120 et
1691 1065 1845 1120 nobis
1885 1063 1950 1118 ad
2001 1063 2080 1116 in-

508 1157 839 1210 detit-ientem
873 1161 1145 1227 proposita
1177 1173 1330 1226 opem
1360 1170 1411 1211 et
1447 1158 1699 1211 salutem.

581 1247 671 1301 IX.
700 1247 764 1303 Et
787 1251 910 1316 quis
941 1266 1047 1304 non
1085 1250 1241 1304 hodie
1271 1250 1371 1316 (ιιι
1397 1249 1646 1317 superius
1681 1245 1949 1317 diximus)
1990 1262 2052 1302 ac

510 1338 677 1391 currit
708 1339 774 1392 ad
803 1341 1163 1394 venerabilem
1197 1356 1367 1405 zonae,
1387 1356 1505 1408 qum
1533 1355 1745 1408 semper
1804 1341 1945 1393 lucet
1965 1376 1979 1400 ,
2028 1347 2080 1390 et

510 1430 655 1482 omni
681 1445 744 1482 ex
769 1439 923 1498 parte
953 1433 1277 1500 resplendet,
1311 1433 1736 1494 venerationem,
1769 1440 1822 1485 et
1847 1431 1912 1484 ad
1941 1431 2079 1484 hanc

510 1521 671 1587 longe
699 1522 1054 1576 clarissimam
1081 1536 1132 1576 et
1164 1523 1579 1576 illustrissimant
1607 1521 1722 1588 ejus
1750 1521 2077 1576 ornatissimi

509 1623 564 1668 et
592 1629 621 1666 a
655 1613 760 1665 Deo
795 1613 994 1666 conditi
1028 1613 1209 1690 templi
1247 1614 1674 1668 dedicationem?
1722 1613 1890 1667 Hodie
1933 1615 2076 1666 enim

509 1705 902 1759 admirabiliter
917 1706 1073 1758 ambo
1105 1705 1262 1759 simul
1287 1707 1703 1774 suntproposita
1738 1709 1802 1758 ad
1841 1705 2077 1759 l:etitiam

510 1795 775 1858 ﬁdelibus,
805 1797 893 1864 qui
920 1804 1064 1850 recte
1094 1797 1356 1862 sentiunt,
1387 1809 1438 1851 et
1474 1797 1562 1865 qui
1610 1811 1735 1850 vere
1775 1812 1894 1850 eam
1946 1813 2079 1850 con-

511 1886 754 1951 fitentur,
785 1895 838 1940 et
863 1887 1086 1940 adorant
1119 1902 1299 1940 veram
1333 1887 1639 1955 Deiparam,
1664 1897 1720 1938 ιιι
1757 1901 1874 1954 quae
1924 1901 2081 1955 pcpc-

510 1980 582 2033 rit
608 1995 769 2046 super
795 1977 1079 2033 essentiale
1106 1977 1342 2032 Verbum
1390 1979 1482 2031 Dei
1521 1977 1698 2031 Patris
1721 2017 1736 2040 ,
1769 1977 1858 2044 qui
1898 1979 2082 2046 nequit

507 2067 918 2136 comprehendi.
953 2067 1014 2122 Et
1050 2068 1141 2136 qui
1183 2083 1292 2122 non
1323 2077 1405 2122 est
1429 2069 1500 2121 ita
1525 2067 1771 2130 allectus,
1796 2075 1850 2120 ct
1873 2081 1978 2121 non
2010 2069 2080 2120 ita

508 2165 782 2232 epinatur,
804 2175 860 2217 ιιι
887 2165 1042 2233 paqu
1065 2173 1190 2217 ante
1213 2161 1555 2228 scripsimus,
1583 2175 1744 2214 voces
1774 2167 2084 2213 mutuantes

509 2271 574 2311 cx
609 2255 846 2325 paternis
877 2255 1183 2325 praeceptis,
1210 2254 1281 2307 sit
1312 2254 1625 2306 anathema.

579 2345 653 2400 Χ.
693 2344 861 2400 Hodie
919 2345 1167 2399 laatantur
1228 2344 1443 2412 angeli,
1507 2343 1740 2412 gaudent
1786 2342 2083 2407 Cherubin,

510 2434 704 2506 gaudio
733 2433 1035 2489 afficiuntur
1065 2433 1352 2497 Seraphin,
1372 2432 1576 2486 Throni
1595 2442 1645 2486 et
1677 2420 2086 2486 Do'ntinationes

512 2535 691 2581 mente
734 2525 1013 2580 nobiscum
1063 2524 1357 2578 exsultant.
1399 2521 1719 2587 Trausllias,
1772 2536 1804 2577 ο
1841 2532 1916 2586 ιιι,
1952 2535 2083 2590 pura

511 2626 690 2671 mente
716 2616 915 2670 aethera
943 2625 996 2670 et
1019 2615 1237 2680 C(Blum,
1256 2615 1396 2682 quod
1427 2614 1572 2667 illum
1605 2623 1840 2682 superat,
1858 2615 2014 2682 puris
2032 2620 2086 2667 et

509 2711 676 2763 castis
705 2709 894 2770 oculis,
923 2717 976 2762 et
1006 2707 1211 2760 vidi-bis
1262 2707 1368 2760 vim
1400 2720 1588 2759 eorum
1613 2748 1627 2771 ,
1655 2721 1777 2774 qua:
1809 2706 2081 2759 dicuntur.

511 2799 621 2852 Nec
652 2799 886 2852 mireris.
925 2796 1055 2849 Nam
1106 2797 1146 2849 si
1185 2795 1364 2849 studio
1409 2803 1462 2848 et
1494 2793 1770 2862 diligentia
1826 2793 1987 2849 homo
2023 2793 2083 2848 Ill.

513 2889 680 2954 Detts,
718 2886 1138 2958 (inquitenim:
1174 2905 1193 2938 ι
1253 2884 1362 2954 Ego
1393 2885 1528 2946 dixi,
1564 2883 1644 2938 Dii
1696 2883 1848 2946 estis,
1902 2893 1955 2936 et
1988 2883 2079 2936 iilii

513 2981 710 3037 excelsi
734 2979 958 3034 omnes'
985 2980 1030 3047 ι)
1063 2979 1190 3048 quid
1223 2988 1302 3032 est
1333 2975 1668 3038 incredibile,
1696 2985 1782 3029 aut
1805 2990 2077 3043 magnum,

2185 526 2388 581 Mariae.
2447 527 2684 581 Lwtatur
2719 529 2887 594 enim,
2923 544 3046 582 cum
3084 543 3180 582 nos
3234 527 3281 580 in
3321 527 3392 581 his
3413 529 3567 597 aspicit
3588 545 3651 583 ca-

2183 616 2420 669 stissima
2456 617 2703 670 Domina.
2758 615 2829 670 Se
2881 617 3026 670 enim
3078 631 3140 671 ea
3201 630 3371 670 revera
3420 617 3571 680 cinxit,
3611 629 3655 671 ut

2185 709 2459 762 credimus
2489 726 2504 762 :
2550 718 2606 763 et
2638 724 2761 763 aras
2789 710 3045 763 contrivit
3098 708 3363 770 idolorum,
3401 719 3446 762 et
3482 708 3652 763 delubra

2185 800 2431 869 gentium
2498 800 2732 866 perdidit
2783 810 2836 854 et
2881 797 3224 863 comminuit,
3257 809 3304 850 et
3335 813 3520 852 cessare
3564 798 3656 851 fecit

2185 891 2528 944 immoderati
2565 889 2850 959 sanguinis
2887 887 3230 942 eﬂusionem.
3255 887 3404 942 Hodie
3434 903 3544 941 zona
3571 905 3656 942 ma-

2184 981 2493 1050 gttificetur,
2543 996 2642 1049 per
2666 994 2829 1050 quam
2871 994 2966 1033 aer
3021 979 3120 1032 fuit
3169 978 3664 1033 sanctiﬁcatuszcoeli

2185 1087 2395 1126 summe
2429 1071 2696 1138 refulgent
2731 1087 2747 1125 :
2775 1070 2857 1125 sol
2891 1079 2944 1125 et
2973 1070 3098 1123 luna
3133 1083 3288 1136 supra
3315 1080 3528 1121 naturam
3546 1083 3660 1122 suam

2185 1179 2330 1217 nunc
2377 1163 2653 1232 splendide
2706 1163 2886 1216 radios
2951 1170 3007 1214 et
3064 1159 3287 1229 mystice
3335 1159 3666 1212 emittuntzet

2187 1256 2475 1307 universus
2523 1254 2778 1317 mundus,
2813 1252 2904 1322 qui
2937 1262 3168 1321 quatuor
3197 1250 3480 1305 continetur
3499 1247 3664 1308 finibus,

2189 1359 2483 1401 renovatur
2504 1355 2557 1400 et
2593 1345 2918 1401 illustratur.
2973 1344 3039 1398 Et
3094 1342 3262 1412 gloria
3305 1342 3370 1394 sit
3400 1341 3464 1400 ei,
3497 1341 3674 1408 quinos

2187 1439 2376 1506 implet
2429 1437 2482 1492 in
2547 1437 2706 1494 bonis
2730 1437 3008 1503 omnibus,
3039 1435 3104 1489 ad
3159 1433 3374 1504 gloriam
3415 1446 3509 1486 suae
3554 1432 3651 1485 δοιιί

2189 1529 2334 1582 tatis.

2258 1619 2402 1673 XIII.
2438 1618 2607 1675 Hodie
2630 1620 2963 1690 glorificetur
3018 1634 3174 1676 zona.
3215 1635 3306 1688 per
3334 1633 3476 1686 quant
3508 1625 3674 1668 montes

2178 1712 2468 1777 exsiliunt,
2527 1723 2582 1766 et
2641 1711 2990 1779 tranquillum
3027 1725 3175 1763 mare
3213 1711 3441 1764 subridet
3491 1704 3676 1774 placide,

2185 1817 2485 1870 omnesque
2521 1801 3008 1864 smnmeditantur,
3045 1808 3100 1854 et
3124 1799 3304 1852 laetitia
3326 1797 3606 1857 alliciuntur,
3631 1794 3680 1844 ad

2187 1897 2410 1962 gloriam
2438 1895 2578 1960 ejus,
2612 1909 2732 1962 quae
2766 1902 2850 1946 est
2880 1905 3100 1960 semper
3138 1890 3312 1957 virgo,
3345 1897 3396 1941 et
3421 1886 3502 1940 Dei
3529 1890 3678 1937 mater.

2190 1987 2360 2040 Hodie
2388 2000 2522 2038 zona
2568 1984 2922 2052 gloriﬁcetur,
2957 1998 3052 2052 per
3079 1997 3242 2050 quam
3274 1980 3469 2049 pulchri
3501 1975 3683 2030 evadunt

2186 2075 2357 2135 ﬂuvii,
2394 2085 2450 2128 et
2481 2073 2582 2128 soli
2632 2073 2930 2140 subjectatn
2965 2083 3165 2126 terram
3217 2076 3406 2139 rigant,
3429 2079 3477 2122 et
3503 2065 3683 2119 fertilem

2187 2168 2426 2221 eﬂiciunt
2459 2183 2475 2220 :
2518 2176 2574 2220 et
2634 2165 2805 2234 gloria
2839 2164 2913 2218 sit
2937 2165 3011 2229 ei,
3045 2164 3136 2231 qui
3169 2177 3266 2217 eos
3293 2161 3425 2230 regit
3453 2168 3500 2212 et
3543 2169 3620 2209 nos
3646 2153 3683 2204 in

2186 2258 2437 2310 omnihtts
2462 2256 2718 2319 laetiﬁcat,
2745 2263 2800 2308 et
2823 2256 3042 2321 copiose
3069 2252 3184 2307 alit.
3209 2245 3374 2306 llodie
3397 2252 3684 2316 proponatur.

2189 2348 2484 2401 honoretur
2535 2354 2592 2399 et
2643 2345 2900 2399 adoretur
2942 2359 3104 2407 zona,
3148 2358 3270 2412 quae
3323 2341 3488 2394 divina
3538 2337 3690 2388 virtuts

2186 2438 2356 2493 coelos
2384 2443 2626 2505 superat,
2659 2442 2708 2488 et
2750 2433 3063 2502 resplendet
3099 2433 3384 2501 plusquam
3437 2426 3550 2481 radii
3580 2422 3689 2478 sola-

2189 2543 2297 2592 rcs,
2330 2535 2624 2595 manetque
2657 2527 2871 2594 integra
2892 2532 2946 2578 et
2970 2525 3172 2577 intacta
3210 2521 3545 2592 plurimorum
3569 2527 3693 2566 anno.

2191 2634 2304 2671 rum
2330 2614 2640 2681 curriculis,
2693 2614 3169 2684 noningentorum,
3216 2616 3448 2682 inquam,
3485 2615 3567 2659 aut
3603 2615 3692 2654 aut-

2187 2707 2344 2776 plitts.

2260 2794 2398 2848 XIV.
2435 2793 2480 2847 0
2542 2791 2635 2844 Dei
2714 2791 2993 2860 mysteria,
3058 2806 3176 2858 qua:
3238 2783 3589 2857 comprehendi
3629 2795 3697 2832 ne-

2186 2899 2392 2957 queunt
2421 2907 2433 2942 ε
2461 2903 2493 2942 o
2521 2887 2659 2940 dona
2691 2884 2830 2954 ejus,
2861 2899 2978 2952 quae
3010 2899 3115 2936 non
3145 2889 3372 2952 possunt
3393 2870 3689 2945 investigarit

2187 2977 2349 3048 Papa:
2382 2988 2552 3041 tuam,
2590 2991 2621 3028 ο
2664 2976 3006 3038 Iutemerata,
3053 2973 3392 3039 potentiam!
3426 2971 3563 3035 Papa:
3589 2974 3699 3018 tuam

511 3073 653 3140 quod
680 3071 799 3139 quis
828 3079 1071 3125 versatus
1094 3086 1213 3124 cum
1240 3069 1464 3139 angelis,
1487 3084 1603 3138 qua}
1636 3068 1744 3122 illic
1771 3075 1896 3120 sunt
1919 3067 2081 3132 bona,
2115 3091 2157 3148 ο
2191 3070 2255 3121 ad
2284 3067 2476 3122 Filium
2512 3075 2664 3120 tuum
2700 3067 2903 3132 absque
2935 3063 3042 3117 ullo
3074 3065 3440 3118 intercessore
3469 3049 3700 3111 ﬁduciam!

511 3163 687 3217 videat
718 3163 1089 3232 intelligentia,
1121 3172 1175 3217 et
1205 3164 1254 3216 in
1304 3163 1368 3217 iis
1399 3178 1460 3216 se
1492 3162 1715 3215 omnino
1747 3163 1999 3214 extendat
2032 3170 2086 3212 et

512 3257 785 3312 oblectet?
815 3257 1041 3311 Abunde
1074 3258 1216 3309 enim
1248 3257 1424 3310 divina
1477 3256 1648 3324 gratia
1702 3254 2083 3323 benignitatem

514 3365 665 3405 suam
699 3349 898 3416 iugiter
925 3347 1144 3402 eﬂ‘undit
1177 3350 1264 3410 iis,
1311 3349 1400 3416 qui
1437 3362 1568 3416 pure
1618 3348 1803 3399 vit-unt
1832 3358 1887 3399 et
1917 3360 2085 3399 evan-

513 3443 705 3514 gelica.
743 3440 852 3511 Ego
881 3442 1025 3494 enim
1060 3440 1267 3510 (inquit
1315 3456 1464 3494 meus
1494 3437 1685 3501 Jesus)
1722 3448 1776 3492 et
1805 3439 1968 3491 Pater
1996 3451 2088 3490 ve-

514 3535 742 3598 niemus,
789 3544 842 3587 et
896 3534 1229 3605 mansionem
1277 3533 1415 3601 apud
1442 3547 1564 3585 eum
1622 3529 1903 3583 faciemus.
1955 3529 2087 3583 Vide

514 3640 667 3695 ergo,
699 3625 819 3678 vide
872 3624 1323 3692 quemadmodum
1359 3623 1682 3676 inhabitatio
1717 3620 1999 3674 Trinitatis
2032 3620 2084 3672 in

517 3715 825 3770 hominibus
883 3715 1054 3785 major
1111 3713 1223 3778 fiat,
1285 3729 1445 3783 quam
1507 3709 1855 3780 contemplari
1908 3708 2087 3777 possi-

513 3823 648 3860 "llis.

583 3898 675 3950 XI.
709 3895 878 3950 Hodie
905 3910 1034 3964 ergo
1061 3911 1089 3949 a
1119 3893 1272 3948 nobis
1327 3907 1538 3962 quoque
1585 3894 1880 3946 honoretur
1928 3906 2083 3955 zona,

512 4005 632 4061 quas
661 3999 741 4043 es't
768 3989 988 4042 omnino
1016 4003 1044 4040 a
1077 3985 1185 4040 Deo
1229 3985 1460 4038 maxime
1494 3984 1851 4050 illustrata,et
1879 3997 2087 4037 summe

515 4079 943 4146 adn'iirabilis,et
995 4077 1150 4131 valde
1191 4077 1516 4132 veneranda.
1571 4075 1738 4129 Hodie
1793 4076 2088 4129 honoretur

515 4187 674 4236 zona,
709 4185 813 4238 qua
874 4168 1144 4222 succincta
1183 4166 1283 4220 fttit
1331 4167 1704 4235 lattdatissLma
1755 4165 2002 4233 Deipara,
2035 4175 2088 4220 et

514 4260 1066 4317 fraudulentissimum
1121 4261 1408 4312 draconem
1459 4272 1679 4326 peream
1710 4257 2089 4323 suifocavit,et

517 4352 684 4406 nostri
713 4351 923 4419 generis
946 4359 1193 4404 auctores
1216 4365 1244 4401 a
1273 4350 1418 4418 gravi
1444 4349 1713 4402 revocavit
1743 4349 1952 4404 exsilio.
1982 4350 2087 4405 Ho-

2195 3157 2261 3211 Et
2294 3159 2439 3226 quis,
2498 3172 2528 3209 ο
2581 3155 2830 3220 Domina,
2875 3154 3111 3224 potuerit
3167 3155 3305 3207 satis
3354 3151 3434 3204 vel
3481 3148 3633 3213 aliqua
3654 3155 3702 3192 cx

2191 3264 2345 3324 parte
2385 3251 2606 3304 laudare
2660 3250 2801 3304 hanc
2847 3247 3161 3317 praeclaram
3192 3287 3207 3311 ,
3253 3256 3308 3301 et
3366 3258 3490 3298 vere
3535 3246 3708 3304 semper

2193 3346 2472 3400 colendam
2500 3343 2869 3396 celebritatem
2900 3341 2922 3392 ’ἒ
2954 3339 3016 3392 Ει
3045 3341 3287 3408 prmbete
3311 3338 3516 3407 quidem
3545 3341 3671 3384 aures
3695 3341 3704 3376 :

2191 3454 2308 3492 sunt
2333 3437 2476 3490 enim
2520 3432 2857 3487 admirabilia
2887 3433 3162 3486 dicturus.
3217 3429 3378 3490 Nam,
3414 3437 3470 3479 ut
3495 3421 3706 3488 scriptum

2194 3527 2520 3591 invenimus,
2575 3526 2628 3579 in
2676 3523 2998 3577 admiranda
3031 3533 3086 3577 et
3113 3537 3338 3591 semper
3393 3511 3711 3584 resplendunle

2191 3635 2341 3681 arca,
2376 3619 2430 3672 in
2466 3635 2568 3687 qua
2602 3627 2684 3670 est
2726 3616 2964 3685 pretiosa
3021 3616 3133 3669 haec
3195 3626 3333 3667 zona
3393 3604 3657 3662 recondita,
3689 3612 3711 3647 τι

2194 3721 2436 3780 tempore
2465 3708 2746 3772 Archadii,
2788 3709 2878 3776 qui
2912 3708 3039 3761 olim
3077 3704 3374 3775 imperavit
3407 3700 3458 3752 in
3486 3697 3576 3750 title
3600 3697 3717 3780 recte

2191 3779 2455 3866 sentiens,
2477 3801 2679 3868 quique
2719 3799 2817 3852 fuit
2853 3799 2993 3852 filius
3029 3797 3215 3865 magni
3244 3794 3410 3850 illius.
3439 3798 3490 3843 et
3517 3784 3596 3854 qui
3629 3779 3714 3831 vir-

2193 3895 2398 3948 tutibus
2456 3891 2691 3954 refulsit,
2724 3890 3042 3954 Theodosii,
3079 3889 3171 3942 hic
3205 3887 3309 3940 fuit
3342 3881 3563 3952 reposita
3590 3872 3717 3926 trice'

2191 3985 2329 4040 sitno
2359 3983 2534 4052 primo
2581 3981 2754 4035 ultimi
2788 3980 2948 4046 huius
3006 3979 3238 4040 mensis,
3291 3975 3541 4040 salvaque
3587 3965 3716 4019 illaesa

2193 4074 2494 4145 impolluta,
2529 4083 2590 4126 ut
2631 4072 2858 4137 videtis,
2892 4071 3192 4140 permansit
3229 4081 3407 4136 usque
3439 4065 3492 4117 in
3545 4053 3720 4111 hodier-

2195 4183 2320 4221 num
2349 4166 2513 4229 diem,
2555 4164 2700 4216 nullo
2741 4163 2901 4215 modo
2960 4161 3186 4224 fwdata,
3229 4169 3326 4213 aut
3366 4147 3719 4210 oﬂ'uscata,aut

2191 4259 2308 4327 ejus
2357 4257 2535 4311 colore
2590 4255 2699 4308 ulla
2769 4253 2927 4307 modo
2985 4260 3219 4316 mutato,
3251 4250 3348 4303 sed
3412 4234 3718 4327 respiendens

2195 4366 2356 4420 supra
2409 4349 2611 4412 nivem,
2663 4356 2717 4399 et
2746 4355 3002 4414 tanquam
3035 4342 3198 4397 modo
3233 4357 3303 4394 ex
3360 4337 3572 4392 coccino
3605 4325 3717 4420 Iulio:

514 4441 606 4495 die
642 4441 933 4494 honoretur
959 4456 1093 4493 zona
1124 4415 1488 4509 quam—ipsum
1514 4454 1725 4508 quoque
1751 4439 2080 4508 unigenitum
2119 4439 2160 4494 D
2195 4415 2334 4503 rata,
2370 4441 2448 4492 sic
2484 4450 2569 4491 est
2605 4435 2902 4507 proposita,
2935 4435 3137 4488 virtute
3190 4432 3375 4487 sancti
3403 4436 3458 4482 et
3489 4415 3660 4477 vivifici
3679 4415 3718 4462 et

517 4528 611 4583 Dei
665 4526 902 4580 Verbum
959 4527 1302 4580 ineti'abiliter
1342 4542 1410 4580 ex
1471 4528 1584 4596 ipsa
1637 4542 1804 4580 carne
1844 4537 2074 4591 tectum,

513 4618 787 4690 quomodo
820 4617 936 4686 ipse
965 4616 1110 4670 solus
1141 4616 1314 4680 novit,
1343 4617 1537 4681 tenuit,
1558 4626 1612 4671 et
1640 4626 1722 4670 est
1743 4618 2078 4685 complexus,

421 4713 426 4718 ’
518 4712 696 4766 adlmc
750 4709 1106 4779 corporaliter
1153 4719 1376 4778 propter
1408 4720 1622 4764 aetatem
1646 4724 1704 4762 se
1735 4725 1931 4778 gerens
1953 4726 2082 4779 pue-

520 4803 719 4867 riliter,
766 4809 819 4856 et
846 4809 904 4854 ut
957 4815 1090 4869 puer
1124 4799 1261 4853 solet
1313 4799 1517 4861 facere,
1575 4799 1901 4863 balbutiens,
1938 4809 1992 4855 et
2026 4802 2116 4883 in.

516 4903 764 4948 materno
795 4892 1000 4962 gremio
1028 4891 1383 4960 requiescens
1415 4897 1466 4944 et
1498 4889 1779 4944 exsiliens.

590 4982 709 5038 XII.
753 4982 928 5036 Hodie
965 4982 1064 5051 ipsi
1097 4997 1330 5050 quoque,
1364 4981 1608 5050 inquam,
1641 4982 1804 5050 primi
1834 4983 1929 5039 Dei
1977 4985 2082 5038 mi-

519 5073 705 5134 nistri,
739 5072 864 5127 licet
887 5087 993 5127 non
1017 5072 1321 5136 vidcantur,
1346 5086 1465 5125 eam
1499 5073 1751 5137 adorant,
1775 5084 1830 5128 et
1850 5079 2078 5131 maxima

524 5166 714 5220 colunt
751 5165 1105 5219 veneratione
1141 5172 1194 5217 et
1222 5178 1418 5216 arcane
1445 5179 1551 5216 una
1581 5165 1863 5221 nobiscum
1897 5167 2085 5224 laetan-

521 5261 631 5310 tur.
664 5255 835 5309 IIodie
863 5269 890 5307 a
928 5253 1082 5309 nobis
1119 5252 1284 5306 etiam
1315 5254 1546 5306 terrenis
1569 5254 1846 5322 adoretur,
1881 5268 1936 5311 et
1967 5275 2084 5313 ma-

523 5347 809 5417 gnificetur
849 5346 965 5399 haec
1023 5358 1157 5398 zona
1224 5344 1290 5397 ad
1321 5342 1544 5412 gloriam
1599 5345 1736 5413 ejus,
1792 5348 1881 5414 qui
1921 5364 2082 5418 supra

521 5437 788 5489 rationem
824 5435 924 5487 fuit
966 5449 1130 5488 carne
1183 5433 1444 5487 imlutus:
1477 5443 1531 5486 et
1557 5436 1609 5503 (o
1644 5439 1922 5506 mysteria,
1965 5457 2084 5509 qua:

521 5526 901 5594 comprehendi
963 5529 1258 5596 nequeunt)
1305 5525 1465 5580 hodie
1497 5528 1880 5596 magnilicetur
1946 5549 2082 5589 zona

631 5708 652 5740 ⁵
681 5707 819 5764 l’sal.
847 5726 1030 5776 LXIII,
1063 5712 1114 5764 6.
1230 5711 1250 5741 ⁸
1285 5710 1430 5765 Psal.
1467 5726 1606 5778 thv,
1646 5713 1727 5766 ιι.

2187 4533 2447 4586 adorandi
2480 4529 2736 4599 Spiritus.

2254 4619 2372 4675 XV.
2405 4619 2463 4673 Ei
2495 4628 2673 4672 autem
2700 4627 2950 4687 prompto
2983 4627 3039 4673 et
3070 4617 3244 4672 alacri
3279 4612 3467 4668 animo
3487 4602 3718 4659 ﬂectamus

2185 4728 2379 4783 genua,
2430 4709 2700 4778 Iacrymas
2755 4709 3043 4762 fundamus
3065 4723 3174 4777 prae
3223 4705 3438 4766 laetitia,
3470 4703 3588 4750 ante
3614 4697 3705 4784 eat"

2188 4777 2416 4867 stemus,
2447 4812 2503 4856 ct
2548 4777 2788 4856 Ildeliter
2848 4815 3040 4854 omnes
3101 4796 3525 4852 sanctiﬁcemur
3565 4777 3718 4838 ccum:

2189 4897 2379 4960 labris,
2441 4893 2738 4960 frontibus,
2789 4894 3062 4959 manibus,
3095 4907 3222 4948 eam
3281 4903 3409 4944 cum
3463 4889 3596 4938 metu
3632 4881 3721 4925 1³η·

2189 4997 2396 5056 gentes,
2449 4994 2506 5039 et
2547 4985 2600 5039 in
2641 4985 2808 5038 altum
2865 4983 3216 5047 extollentes,
3275 4990 3335 5036 et
3365 4979 3443 5034 sic
3477 4972 3718 5056 dicentes!

2201 5055 2220 5129 ὲ
2259 5078 2418 5144 Audi,
2473 5075 2600 5140 illia,
2625 5084 2681 5129 et
2710 5074 2851 5139 vide,
2893 5082 2949 5128 et
3007 5073 3211 5126 inclina
3267 5083 3455 5124 aurem
3490 5055 3669 5118 tuam'.
3697 5067 3712 5098 ν

2193 5166 2356 5221 Vides
2411 5165 2582 5226 enim,
2641 5165 2789 5218 vides
2844 5177 2970 5218 ante
3023 5163 3192 5233 pedes
3244 5153 3720 5230 pulcherrimam-’0

2188 5273 2362 5326 capsae
2393 5271 2492 5310 nos
2517 5271 2706 5310 omnes
2737 5257 2993 5310 ardenter
3017 5255 3280 5320 volutari,
3316 5260 3373 5307 et
3401 5260 3542 5304 tuum
3575 5245 3721 5309 postu-

2190 5351 2304 5404 Iare
2353 5349 2636 5411 auxilium,
2707 5356 3092 5414 exspectantes
3148 5356 3306 5399 tuam
3371 5333 3717 5397 defensionem.

2193 5456 2340 5498 tuntn
2379 5445 2429 5496 in
2473 5442 2724 5497 omnibus
2766 5443 3086 5498 invocantes
3131 5437 3525 5510 patrocinium.
3571 5426 3720 5488 Italiuc

2193 5544 2268 5601 ut,
2307 5535 2432 5589 dum
2478 5535 2566 5590 hic
2594 5536 2814 5606 quidem
2843 5548 3144 5600 manemus,
3184 5545 3292 5589 nos
3329 5535 3594 5601 protegas.
3625 5521 3721 5578 δον·
