4022 6282
313 368 445 429 ista

1299 364 1558 425 SERMO
1597 366 1692 424 DE
1715 364 1907 423 ZONA
1952 363 2058 424 SS.
2102 363 2479 424 DEIPAR/E.

3404 348 3543 414 1250

308 480 617 548 νιίετηηιιεε
662 490 851 529 rursus
891 484 1095 541 θῧίωηι
1136 488 1213 539 ων
1245 491 1366 529 Cm"
1428 480 1778 541 excedemus,
1820 476 1873 530 itt
1909 483 1946 535 Α
1980 496 2104 548 gno,
2159 483 2260 535 erit
2320 492 2576 549 tanquam
2630 492 2691 533 os
2743 475 2980 531 meum".
3042 471 3212 527 Hodie
3258 468 3540 525 dedicatur

307 570 510 623 aedibus
534 582 753 636 semper
784 567 1095 622 viventibus
1120 579 1176 621 et
1210 570 1497 624 luminosis
1540 571 1872 633 habitemus,

307 662 678 717 obsecramus.
710 658 914 714 Contra
933 670 1113 714 autem
1150 661 1307 715 nobis
1337 674 1524 729 parcat
1551 671 1680 715 tuus
1708 660 1875 714 Filius

308 760 364 807 et
391 752 552 818 Deus,
585 752 918 822 perennibus
964 752 1069 807 luis
1118 752 1486 807 orationibus.
1544 752 1689 807 Nihil
1733 751 1876 804 etaim

312 852 416 905 est,
451 842 592 912 quod
623 842 717 897 tibi
740 842 1238 911 sitimpedimento,
1263 859 1295 897 ο
1320 843 1600 912 impolluta
1632 842 1879 899 Domina.

314 933 451 986 Ecce
483 932 631 987 enim
683 942 806 1002 post
836 940 987 987 tuum
1033 934 1229 987 festum
1255 937 1509 1002 pretiosa:
1540 945 1642 987 tuae
1664 944 1715 987 et
1750 935 1881 985 ado-

320 1024 496 1076 randa:
526 1039 693 1086 zonar,
730 1022 890 1090 hujus
918 1038 1132 1092 quoque
1160 1025 1233 1078 tui
1270 1024 1453 1095 templi
1482 1024 1881 1079 dedicationem

319 1116 661 1171 concorditer
689 1116 1021 1186 peragimus,
1068 1127 1125 1170 ut
1147 1116 1236 1185 qui
1262 1116 1435 1172 simus
1469 1117 1608 1171 servi
1638 1126 1695 1170 et
1728 1115 1879 1169 debi-

323 1217 491 1273 tores,
526 1222 559 1261 o
597 1208 822 1275 optima.
857 1205 1086 1276 Respice
1137 1222 1326 1263 servos
1363 1215 1508 1270 tuos,
1559 1208 1791 1277 respice.
1823 1206 1881 1260 In

324 1310 372 1355 te
415 1302 559 1354 enim
590 1314 778 1353 omnes
815 1315 963 1368 spem
1018 1312 1259 1355 nostram
1302 1303 1711 1365 collocavimns,
1748 1310 1800 1355 et
1831 1300 1882 1353 in

324 1400 373 1443 te
404 1390 651 1452 vivimus,
683 1399 737 1442 et
774 1388 1091 1458 gloriamur,
1135 1398 1188 1443 et
1218 1405 1430 1444 sumus.
1463 1389 1681 1443 Scimus
1716 1389 1886 1449 enim,

322 1482 522 1534 scimus
577 1478 713 1543 fore,
738 1486 796 1532 ut
834 1495 936 1533 non
981 1480 1081 1534 hac
1119 1493 1305 1535 nosua
1346 1480 1668 1534 frnstremnr
1698 1495 1889 1548 exspe-

323 1574 579 1637 ctatione,
643 1582 736 1624 aut
779 1570 1051 1632 fallamur,
1080 1580 1133 1625 et
1184 1572 1519 1626 excidemus.
1579 1571 1692 1624 Tua
1745 1573 1887 1625 enim

325 1679 507 1718 sumus
542 1663 856 1727 hiereditas,
889 1678 920 1715 ο
964 1662 1268 1731 impolluta,
1316 1674 1371 1718 et
1407 1666 1471 1717 ad
1497 1674 1547 1717 te
1588 1680 1746 1718 mane
1773 1680 1891 1716 sur—

325 1771 447 1827 gere
472 1765 524 1808 et
557 1753 872 1823 confugere,
906 1771 1179 1822 nunquam
1224 1770 1322 1809 nos
1357 1756 1607 1825 pigucrit.

1981 574 2237 643 templum
2272 588 2464 642 parum
2502 578 2555 624 et
2605 570 2871 639 integrum
2898 566 3145 638 gloriosae
3183 564 3272 617 Dei
3305 562 3449 623 tiliae,
3483 560 3536 613 in

1979 666 2122 734 quod
2153 669 2317 720 etiam
2357 665 2418 728 ii,
2467 663 2557 731 qui
2604 671 2729 716 sunt
2754 661 2808 714 in
2841 658 3112 713 montibus
3148 669 3201 707 et
3248 652 3545 722 speluncis,

1980 774 2143 813 cursu
2174 757 2476 818 venientes,
2510 772 2575 810 ex
2603 754 2741 808 bona
2784 753 2924 805 fama
2957 766 3081 804 ossa
3134 748 3216 817 (ut
3247 747 3375 799 dicit
3398 743 3547 797 Scrir

1983 848 2159 918 ptura)
2202 847 2631 919 piuguefaciente
2653 845 2695 910 ⁸,
2730 857 2913 897 amore
2971 854 3208 894 amorem
3240 840 3546 894 assumunt,

1984 950 2039 993 et
2071 938 2174 992 lzeti
2236 938 2455 992 domum
2506 938 2731 998 vadunt,
2790 946 3004 1003 semper
3074 927 3308 995 Virginis
3368 923 3552 977 Mariae

1987 1045 2258 1085 smnmum
2319 1030 2574 1096 templum
2637 1027 2993 1080 honorantes.
3067 1018 3237 1073 llodie
3294 1015 3548 1081 templum

1987 1123 2263 1176 dedicatur
2304 1123 2445 1175 illius
2479 1119 2819 1181 castissimus,
2857 1114 3068 1183 templis
3116 1109 3370 1165 omnibus
3397 1120 3558 1174 supe-

1988 1215 2120 1277 rius,
2156 1215 2207 1267 in
2241 1230 2345 1282 quo
2374 1212 2588 1278 plurimi
2618 1226 2678 1263 ex
2716 1210 2801 1273 iis,
2831 1208 2921 1277 qui
2955 1217 3077 1260 sunt
3108 1201 3291 1273 polluti
3322 1196 3561 1267 peccatis

1990 1306 2347 1375 gravissimis,
2382 1307 2607 1357 redeunt
2643 1304 2705 1353 ad
2735 1302 2987 1370 pietatem
3023 1304 3075 1349 et
3111 1309 3374 1349 summam
3407 1290 3559 1360 puri-

1991 1406 2179 1460 tatem,
2226 1406 2277 1450 et
2341 1397 2475 1450 fiunt
2509 1394 2741 1463 :equales
2790 1391 3014 1460 angelis.
3064 1388 3234 1441 Hodie
3280 1385 3563 1440 dedicatur

1994 1491 2249 1559 templum
2310 1486 2596 1556 patrocinii
2634 1495 2689 1537 et
2723 1481 3055 1535 defensioais
3086 1478 3554 1535 Christianorum,

1995 1584 2047 1636 in
2081 1598 2187 1649 quo
2222 1582 2255 1634 ii
2286 1583 2471 1643 etiam,
2511 1577 2598 1647 qui
2630 1577 2830 1645 optime
2870 1574 3078 1635 vivunt,
3116 1571 3418 1624 redduntur
3446 1568 3560 1621 for-

1997 1674 2279 1735 mosiores,
2315 1679 2368 1723 et
2414 1670 2532 1722 luce
2584 1669 2754 1720 lucem
2816 1665 3111 1733 accipiunt,
3169 1660 3416 1716 exornati
3459 1658 3564 1711 hu-

2000 1766 2242 1825 utilitate,
2276 1761 2364 1831 qui
2399 1761 2675 1815 Christum
2724 1757 3028 1810 imitantur.
3094 1751 3266 1805 Hodie
3306 1749 3563 1818 templum

393 1844 532 1899 XVI.
560 1846 802 1913 Agedum
830 1859 980 1906 vero,
1016 1846 1207 1913 populo
1253 1845 1442 1907 elcctc,
1482 1855 1535 1899 et
1576 1847 1686 1900 Deo
1717 1857 1891 1915 grate,

2014 1858 2286 1908 dedicatur
2340 1851 2743 1912 laudatissinue,
2800 1856 2852 1901 et
2901 1848 2967 1900 ab
3024 1845 3171 1898 omni
3228 1843 3349 1896 labe
3381 1840 3571 1895 aliena:

328 1948 611 2007 postquam
694 1936 760 1989 de
814 1934 1121 1989 veneranda
1195 1943 1248 1988 et
1301 1936 1697 2005 pretiosissima
1759 1951 1892 1988 zona

329 2043 499 2098 pauca
531 2027 786 2091 diximus,
842 2041 941 2095 pro
970 2037 1157 2080 nostra
1198 2042 1417 2095 qunque
1448 2026 1660 2080 dicendi
1720 2026 1893 2080 facul-

333 2127 462 2180 tate,
492 2114 750 2170 nonnulla
778 2115 1024 2170 dicamus
1053 2115 1121 2169 de
1163 2115 1526 2179 dedicatione,
1573 2116 1710 2169 sicut
1745 2118 1896 2169 vobis

332 2219 454 2263 ante
487 2224 675 2262 sumus
703 2206 953 2276 polliciti.
974 2205 1266 2259 Dedicatur
1297 2221 1426 2272 ergo
1455 2205 1612 2259 hodie
1639 2206 1894 2274 templum

334 2302 423 2354 Dei
448 2298 654 2363 Matris,
693 2298 836 2367 quod
871 2309 952 2351 est
978 2296 1405 2365 pulcherrimum
1436 2305 1491 2349 et
1528 2295 1898 2348 luminosissi-

335 2408 500 2454 mum,
524 2398 580 2445 el.
607 2389 746 2445 cmlo
778 2397 961 2458 potest
1003 2387 1353 2456 tequiparari.
1410 2385 1583 2439 Hodie
1613 2385 1901 2439 dedicatur

335 2485 587 2553 templum
625 2484 863 2536 maxime
890 2481 1192 2535 benedicta:
1231 2479 1327 2532 Dei
1358 2479 1533 2558 filiae,
1568 2478 1620 2530 in
1661 2491 1770 2546 quo
1800 2491 1899 2529 an-

336 2578 575 2645 gelorum
626 2578 900 2632 exercitus
952 2577 1171 2629 assidue
1232 2574 1575 2638 ministrant,
1633 2581 1687 2626 et
1755 2571 1900 2625 circa

342 2684 554 2737 semper
580 2668 951 2738 splendentem
1006 2680 1223 2732 eapsam
1246 2680 1369 2718 cum
1399 2665 1590 2717 timore
1619 2663 1902 2727 assistunt,

337 2762 477 2831 quod
506 2770 560 2815 et
592 2759 771 2813 fascia:
794 2758 996 2813 Christi
1030 2759 1081 2810 in
1117 2771 1178 2811 ea
1212 2766 1337 2807 sunt
1369 2756 1682 2817 reconditm,
1712 2765 1765 2808 et
1791 2754 1905 2806 bzee

340 2868 365 2902 a
399 2851 507 2904 Deo
539 2857 786 2904 contexta
807 2864 942 2902 zona
978 2849 1115 2918 ejus,
1148 2862 1268 2918 quae
1290 2847 1500 2915 peperit
1527 2844 1897 2899 inelIabilitcr.

334 2940 518 2996 Gloria
548 2940 619 2995 sit
645 2939 717 3004 ei,
751 2940 842 3008 qui
879 2955 975 2993 nos
1009 2938 1061 2992 in
1092 2939 1178 2993 bis
1223 2936 1429 2991 atl‘atim
1462 2935 1619 3001 ditat,
1663 2945 1717 2989 et
1749 2933 1908 2988 refri-

339 3044 511 3104 gerat,
544 3043 599 3087 et
654 3048 683 3085 a
725 3031 908 3084 multis
947 3030 1102 3083 malis
1133 3030 1348 3091 liberat,
1383 3041 1577 3094 nempe
1621 3036 1675 3080 et
1724 3040 1789 3078 ex
1824 3024 1909 3077 iu-

2000 1948 2207 2016 puellic,
2245 1946 2295 1998 iu
2345 1945 2486 2011 quod
2516 1941 2826 2009 quicunque
2875 1936 3174 2004 ingreditur
3208 1943 3261 1985 et
3301 1930 3573 1984 desiderio

2001 2052 2054 2094 et
2080 2039 2202 2101 fide,
2235 2047 2286 2089 et
2316 2051 2377 2089 ea
2414 2035 2679 2092 enuntiat,
2711 2024 2829 2097 qua:
2876 2027 2941 2079 ab
2973 2041 3036 2079 eo
3070 2025 3205 2077 facta
3238 2032 3361 2076 sunt
3391 2019 3574 2090 gravi-

2007 2142 2108 2192 ter,
2168 2139 2219 2182 et
2286 2128 2574 2180 coniitetur
2636 2137 2694 2176 se
2738 2129 3141 2189 amputaturum
3200 2131 3261 2169 ea
3294 2130 3414 2184 qua:
3449 2119 3575 2165 sunt

2010 2223 2256 2283 molesta,
2288 2216 2466 2269 statim
2497 2213 2548 2282 (0
2574 2212 2958 2277 miraculum!)
2990 2206 3193 2261 invenit
3224 2203 3572 2264 solutionem,

2007 2322 2060 2366 et
2090 2311 2269 2365 cordis
2294 2306 2735 2361 exsultationem.
2766 2302 2910 2354 Dixit
2936 2300 3103 2359 enim,
3137 2296 3333 2363 inquit,
3364 2293 3579 2345 «linun-

2005 2403 2150 2457 tiabo
2181 2410 2369 2454 contra
2424 2413 2509 2450 me
2563 2394 2904 2460 iniquitatem
2953 2404 3127 2442 meam
3168 2385 3393 2439 Domino
3440 2391 3493 2437 el
3519 2392 3574 2436 tu

2008 2492 2263 2548 remisisti
2292 2490 2624 2557 impietatem
2662 2484 2842 2537 cordis
2879 2482 2981 2534 mei
3008 2482 3050 2534 ’.
3088 2499 3105 2529 ι

2081 2588 2246 2642 Hodie
2296 2585 2555 2654 templum
2594 2582 2738 2647 omni
2769 2594 2833 2633 ex
2869 2584 3021 2647 parte
3080 2574 3377 2629 benedicta:
3405 2578 3458 2624 et
3488 2584 3581 2624 ve-

2010 2681 2261 2734 nerandae
2295 2675 2737 2739 adolescentulos,
2769 2682 2824 2727 et
2850 2671 3240 2740 prepbctarum
3279 2663 3578 2723 coronidis,

2010 2783 2092 2827 est
2154 2772 2507 2825 dedicatum:
2564 2767 2615 2820 in
2651 2780 2758 2834 quo
2803 2765 3087 2832 eriguntur
3138 2755 3443 2828 paralytici,
3488 2752 3581 2824 qni

2010 2881 2116 2919 non
2145 2862 2346 2927 vident,
2378 2861 2552 2914 visum
2583 2857 2870 2925 recipiunt,
2895 2865 2947 2910 et
2974 2854 3062 2924 qui
3092 2854 3320 2907 horrore
3350 2863 3412 2902 ac
3441 2845 3579 2901 febri

2014 2958 2283 3018 laborant,
2332 2962 2610 3006 curantur.
2678 2952 2772 3004 Est
2823 2950 2969 3003 enim
3055 2960 3270 3013 semper
3326 2938 3581 3011 perennis

2015 3048 2292 3113 scaturigo
2354 3045 2470 3112 ejus
2536 3040 2944 3095 miraculorum.
3009 3038 3177 3092 llodie
3213 3049 3311 3088 uos
3341 3046 3583 3102 quoque,

340 3125 594 3181 cursione
650 3121 1011 3176 Barbarorum
1040 3130 1093 3175 et
1124 3120 1380 3192 gravibus
1434 3116 1553 3170 aliis
1586 3114 1905 3184 quibusdam
1936 3145 1980 3202 ε
2018 3138 2108 3206 qui
2180 3137 2284 3190 huc
2330 3133 2688 3194 “currimus,
2722 3129 2787 3183 ab
2841 3127 3351 3186 innumerabilibus,
3390 3133 3444 3176 ei
3484 3121 3587 3177 sibi

337 3217 576 3273 casibus.

414 3310 578 3365 XVII.
611 3308 777 3363 llodie
827 3306 1172 3363 celebrantur
1223 3303 1465 3356 encaenia
1536 3307 1735 3354 nostra:
1768 3297 1913 3350 inte-

347 3413 587 3458 merata.
633 3402 700 3453 Et
730 3400 849 3467 quis
901 3412 970 3450 ex
1034 3394 1165 3448 viris
1216 3391 1526 3461 terrigenis,
1574 3399 1630 3444 et
1678 3404 1762 3453 ea,
1798 3400 1916 3455 qua:

342 3505 472 3551 sunt
505 3494 618 3558 Dei,
650 3491 969 3553 scientibus,
997 3502 1101 3541 non
1123 3484 1412 3548 exsilierit,
1444 3491 1495 3537 et
1526 3497 1628 3536 non
1658 3479 1917 3549 praeclare

346 3599 506 3655 supra
545 3584 720 3638 nivem
756 3580 1041 3635 dealbatus
1075 3577 1263 3641 fuerit,
1295 3584 1350 3630 et
1380 3574 1563 3628 animo
1590 3582 1646 3627 et
1677 3571 1917 3625 moribus

348 3676 629 3734 mutatus?
658 3676 736 3728 Ita
770 3673 913 3727 enim
949 3673 999 3726 in
1037 3672 1144 3740 [bis
1175 3670 1380 3725 erimus
1414 3668 1531 3723 sine
1573 3666 1833 3736 periculo,
1872 3662 1917 3717 si

355 3771 592 3824 maxime
633 3782 754 3821 cum
791 3774 935 3820 metu
971 3771 1026 3816 et
1056 3770 1290 3815 tremore
1320 3767 1374 3813 et
1421 3756 1647 3826 spiritali
1682 3754 1918 3808 exsulta-

358 3861 499 3914 tione
564 3859 614 3911 ir.
666 3856 717 3909 id
747 3852 1140 3922 ingrediantur.
1178 3844 1620 3911 Ilodietemplum
1644 3841 1923 3894 dedicatur

354 3953 515 4021 hujus
547 3949 791 4020 gloriosa:
846 3946 937 3999 Dei
992 3942 1182 3995 Matris
1205 3940 1267 3993 in
1303 3938 1444 4007 quod
1487 3935 1553 3987 ab
1605 3934 1827 3988 Oriente
1872 3941 1925 3983 et

356 4043 663 4103 Occidente,
700 4055 727 4091 a
768 4033 1149 4104 Septentrione
1176 4040 1229 4083 et
1252 4028 1410 4091 mari,
1447 4039 1633 4079 omnes
1670 4022 1924 4076 ardenter

357 4148 409 4189 ει
436 4134 663 4189 fideliter
688 4130 965 4185 confluunt
991 4134 1046 4179 et
1080 4120 1352 4193 spiritales
1374 4118 1554 4173 cultus
1580 4126 1699 4169 cum
1734 4114 1926 4167 timore

360 4235 645 4299 peragunt,
669 4232 721 4277 et
757 4224 923 4275 Deum
951 4235 1015 4274 ex
1046 4218 1209 4273 corde
1243 4230 1350 4269 non
1385 4218 1601 4265 cessant
1624 4208 1927 4278 gloriﬁcare

360 4337 388 4377 a
427 4318 601 4372 media
654 4306 829 4374 nocte,
870 4320 1035 4379 atque
1085 4309 1224 4362 adeo
1274 4311 1535 4373 perpetuo
1585 4308 1836 4368 prompto
1876 4305 1930 4350 et

359 4409 528 4464 alacri
584 4406 806 4467 animo,
856 4397 1147 4454 assimilari
1200 4392 1406 4463 angelis
1461 4398 1515 4443 et
1568 4385 1923 4455 archangelis.

2020 3226 2248 3280 invicem
2280 3222 2698 3279 succedentibus
2722 3217 3102 3273 afﬂictionibus
3132 3257 3147 3280 ,
3181 3225 3234 3268 et
3258 3212 3594 3281 turpissimis

2020 3317 2389 3387 improborum
2425 3314 2705 3367 hominum
2741 3308 3048 3364 maledictis
3105 3305 3340 3364 liberati,
3375 3319 3424 3358 et
3461 3303 3591 3357 tecti

2020 3411 2122 3467 sub
2153 3408 2253 3462 alis
2275 3408 2389 3477 ejus
2416 3402 2843 3465 intercessionis,
2867 3399 3261 3470 suppeditatam
3297 3396 3588 3457 rationem,

2020 3511 2074 3556 et
2112 3500 2388 3569 sapientiae
2421 3499 2783 3565 cognitionem
2817 3496 3047 3561 desuper
3070 3508 3097 3544 a
3125 3491 3232 3545 filio
3257 3505 3319 3543 ex
3358 3505 3420 3542 ca
3443 3499 3590 3552 nato,

2023 3610 2119 3663 per
2154 3595 2323 3662 ipsam
2352 3591 2721 3652 admittentes,
2759 3601 2881 3640 cum
2932 3585 3074 3653 loqui
3128 3583 3266 3650 jnssi
3310 3580 3592 3644 fuerimus,

2023 3687 2140 3740 sine
2170 3685 2550 3751 impedimento
2582 3682 2879 3735 clamemns
2910 3694 2974 3731 ex
3007 3678 3190 3739 corde,
3248 3674 3544 3727 clamemns
3575 3688 3592 3726 :

2024 3778 2100 3831 Ne
2130 3775 2382 3830 assiduas
2422 3784 2638 3826 nostras
2684 3785 2876 3839 pret-es
2909 3769 3182 3836 repudies,
3217 3779 3283 3820 ne
3316 3766 3594 3834 repudies,

2026 3871 2427 3924 ointemerata.
2490 3863 2724 3916 Defende
2774 3877 2872 3915 nos
2900 3858 3199 3914 secundum
3240 3873 3486 3925 magnam
3542 3864 3597 3909 et

2026 3960 2299 4028 copiosam
2355 3955 2787 4010 misericordiam
2820 3964 2989 4016 tuam,
3022 3966 3055 4005 ο
3107 3950 3354 4003 Domina.
3389 3946 3597 4013 Frange

2029 4052 2340 4107 scitedulam
2394 4050 2784 4102 immensorum
2823 4054 3131 4099 nostrorum
3164 4040 3431 4095 malorum
3469 4040 3594 4101 tuis,

2029 4159 2146 4211 qua:
2178 4157 2451 4209 nunquam
2486 4139 2785 4201 dormiunt,
2842 4133 3344 4196 intercessionibus,
3376 4146 3409 4183 ο
3464 4130 3600 4196 opti-

2032 4250 2139 4288 ma.
2170 4230 2278 4285 Nos
2306 4240 2432 4283 ante
2464 4229 2624 4282 linem
2670 4227 2900 4282 concilia
2931 4235 3020 4278 tuo
3049 4220 3383 4277 misericordi
3426 4229 3477 4272 et
3503 4219 3591 4283 ju-

2033 4321 2326 4390 stojudici,
2374 4318 2515 4372 Filio
2544 4326 2598 4372 et
2628 4317 2757 4371 Deo.
2815 4317 3015 4370 Sumus
3064 4312 3206 4367 enim
3263 4311 3423 4379 plane
3452 4308 3599 4362 omni

2034 4407 2279 4481 destituti
2308 4406 2503 4459 ﬁducia
2533 4415 2584 4460 et
2609 4405 2858 4471 audacia,
2888 4412 3110 4473 prepter
3144 4400 3519 4469 negligentiam
3547 4405 3604 4450 et

362 4501 534 4557 Hodie
584 4497 867 4552 dedicatur
898 4490 1155 4560 ιθηιῐνιυιη
1204 4486 1365 4555 καθείς
1396 4481 1599 4537 αηίδιί
1631 4478 1836 4542 “ams,
1874 4477 1923 4528 i"
1962 4473 2004 4526 θ
2039 4473 2431 4555 multitudinem
2484 4508 2852 4568 peccatorum.
2909 4494 3014 4549 Sed
3050 4508 3301 4563 magnam
3357 4492 3465 4545 vim
3502 4491 3601 4543 ba-

360 4609 472 4664 quo
496 4590 672 4647 omnis
702 4587 981 4655 Scriptura
1006 4598 1033 4635 a
1062 4581 1171 4635 Deo
1202 4578 1465 4646 inspirata
1491 4582 1544 4627 et
1567 4572 1712 4627 utilis
1735 4572 1930 4639 legitur

366 4663 432 4741 ad
467 4684 756 4739 utilitatem
809 4679 1108 4732 animarum
1156 4667 1653 4726 innumerabilium.
1712 4663 1926 4718 Etenim

364 4795 427 4834 ex
460 4775 653 4846 quovis
677 4766 1146 4827 Christianissimo
1175 4761 1368 4819 ordine
1425 4761 1477 4815 in
1513 4759 1565 4813 id
1599 4771 1790 4827 magno
1816 4765 1931 4809 stn-

367 4871 456 4924 dio
494 4865 778 4922 conlinunt
831 4860 1114 4931 pontifices
1145 4865 1200 4910 et
1228 4867 1403 4923 reges,
1435 4850 1709 4920 principes
1733 4858 1786 4902 et
1821 4863 1932 4899 ma-

364 4961 645 5031 gistratus,
686 4955 881 5008 divites
928 4960 984 5004 et
1031 4960 1321 5019 pauperes,
1348 4944 1640 4998 immatura
1683 4952 1838 5007 aztas,
1874 4947 1929 4991 et

366 5053 580 5122 piarum
612 5047 936 5101 feminarum
962 5051 1200 5095 caterva.

436 5140 623 5196 XVIII.
653 5139 760 5192 Sed
800 5136 922 5203 quis
948 5143 1051 5187 tua:
1083 5131 1268 5202 gloria:
1300 5129 1547 5195 loquetur
1582 5123 1872 5192 magnalia,
1905 5134 1936 5172 ο

372 5231 734 5289 intemerata?
764 5227 934 5283 Hodie
992 5225 1272 5278 dedicatur
1300 5218 1556 5285 templum
1610 5228 1818 5283 sponsa:
1846 5227 1939 5262 ex-

369 5326 538 5393 pertis
596 5321 905 5391 nuptiarum
961 5315 1163 5376 Patris,
1196 5313 1285 5380 qui
1341 5324 1444 5362 non
1482 5315 1661 5375 potest
1693 5318 1938 5371 compre-

372 5417 558 5479 hendi,
596 5415 648 5466 in
702 5425 807 5480 quo
839 5407 989 5461 chori
1029 5405 1240 5473 piorum
1296 5411 1352 5453 et
1387 5400 1664 5452 doctorum
1696 5395 1935 5447 virorum

370 5513 421 5562 in
450 5506 639 5559 urtline
687 5501 1011 5557 assistentes
1039 5503 1093 5549 et
1146 5491 1381 5546 indoctis
1415 5504 1519 5542 non
1555 5502 1773 5553 parvam
1801 5500 1937 5554 pra:-

368 5601 559 5657 bentes
592 5594 879 5647 utilitatem
916 5599 1183 5641 summam
1241 5580 1516 5648 accipiunt
1550 5576 1940 5630 remuneratio-

370 5704 512 5745 nem.
545 5685 644 5751 Qui
678 5683 819 5737 enim
855 5678 1112 5736 abducit,
1180 5670 1375 5738 inquit,
1421 5667 1639 5735 dignun;
1670 5666 1735 5717 ab
1791 5663 1931 5717 indi-

478 5797 497 5829 τ
534 5794 735 5852 Jercm.
765 5808 851 5856 xv,
883 5792 961 5844 l9.
1044 5789 1065 5818 ⁸
1095 5786 1250 5839 Prov.
1288 5798 1374 5845 XV,
1400 5781 1486 5834 50.

1580 5780 1600 5809 ⁸
1633 5777 1781 5832 Psal.
1810 5790 1958 5835 xui,

2039 4595 2150 4659 bet,
2177 4607 2210 4645 o
2238 4590 2637 4655 laudatissima,
2671 4588 2915 4659 precatio
2959 4586 3143 4641 Matris
3175 4586 3240 4640 ad
3272 4582 3391 4637 Filii
3424 4579 3605 4637 conci-

2036 4684 2272 4757 liandam
2338 4681 2795 4746 benevolentiam,
2853 4688 2913 4733 ut
2968 4678 3264 4732 credimus.
3301 4673 3437 4726 Cum
3475 4686 3603 4739 ergo

2040 4778 2243 4831 habeas
2278 4785 2578 4829 maternam
2611 4784 2660 4827 et
2697 4772 2967 4826 infinitam
3027 4770 3092 4821 ad
3148 4783 3272 4820 eum
3323 4762 3602 4825 fiduciam,

2039 4867 2131 4937 qui
2161 4882 2226 4921 ex
2265 4876 2314 4920 te
2370 4866 2489 4920 sine
2517 4864 2753 4917 fluxione
2802 4858 3144 4913 ineffabiliter
3176 4866 3328 4907 ortus
3360 4863 3470 4915 est,
3508 4867 3607 4908 nos

2038 4972 2253 5029 quoque
2294 4956 2380 5009 fac
2431 4956 2698 5008 bonorum
2735 4962 3062 5004 :eternorum
3119 4942 3427 5014 participes,
3455 4952 3508 4997 et
3537 4946 3607 4997 ab

2042 5048 2181 5103 οιιιιιί
2242 5045 2391 5112 gravi
2456 5043 2547 5097 hic
2611 5052 2665 5094 et
2724 5040 2835 5094 illic
2890 5038 3061 5091 libera
3094 5034 3411 5089 afﬂictione.
3443 5034 3604 5088 Potes

2037 5138 2182 5193 enim
2209 5135 2390 5191 ouinia
2426 5144 2504 5199 tu,
2537 5148 2655 5201 quae
2690 5148 2747 5185 es
2771 5130 3056 5199 plusquam
3090 5126 3370 5181 benedicta
3408 5134 3462 5179 et
3488 5123 3604 5193 glo-

2045 5231 2214 5293 riosa,
2250 5236 2360 5279 uta
2406 5234 2457 5277 te
2491 5224 2769 5289 custoditi,
2797 5232 2851 5275 et
2897 5224 2962 5275 de
2993 5231 3043 5274 te
3083 5220 3397 5289 gloriantes,
3442 5218 3609 5271 emit-

2046 5332 2221 5373 tamus
2257 5317 2481 5385 gloriam
2508 5325 2560 5367 et
2590 5316 2887 5383 gratiarum
2922 5312 3187 5365 actionem
3232 5310 3284 5362 in
3324 5308 3425 5362 hoc
3454 5324 3613 5363 vene-

2046 5412 2216 5465 rando
2248 5406 2466 5473 templo,
2506 5416 2557 5458 et
2585 5406 2891 5473 ubicunque
2936 5406 3127 5465 simus,
3160 5400 3323 5464 Patri,
3366 5408 3418 5453 et
3446 5398 3610 5465 Filio,

2046 5513 2100 5555 et
2131 5506 2319 5553 sancto
2376 5495 2627 5565 Spiritui,
2682 5510 2826 5551 nunc
2873 5505 2925 5548 et
2957 5509 3170 5562 semper
3196 5500 3249 5545 et
3302 5490 3355 5543 in
3387 5488 3606 5544 saecula.

2048 5593 2237 5645 Amen.

1992 5773 2042 5825 5.
