4018 6580
454 363 514 426 Η
1678 372 2055 435 EUTHYMII
2096 376 2458 440 ZIGABENI
3632 385 3706 451 12

416 477 652 543 κισὶιυηις
688 475 1248 548 aliquando'quidem
1290 478 1583 552 unicuique
1612 484 1775 538 trium
1834 499 2003 553 persot

2126 487 2253 540 ποτὲ
2290 488 2389 559 μὲν
2419 489 2627 562 ἑκάστῃ
2647 489 2756 543 τῶν
2780 490 2947 564 τριῶν
2972 491 3321 548 ὕποστάσεων
3349 492 3506 550 τοῦτο
3534 513 3695 568 προσ-

436 584 646 625 .narum
689 570 795 625 hoc
830 571 1155 640 tribuentes,
1202 572 1493 643 aliquando
1532 590 1660 630 vero
1706 576 1799 630 uni
1854 578 2012 631 trium

2120 579 2397 648 νέμοντες,
2454 583 2583 635 ποτὲ
2612 583 2668 636 δὲ
2703 586 2766 653 τῇ
2803 586 2902 654 μιᾷ
2932 585 3040 637 τῶν
3068 584 3115 652 γ’
3148 586 3327 657 οὐσίᾳ.
3379 588 3439 640 Εί
3475 589 3574 658 μὲν
3599 586 3693 642 οὖν

448 660 721 717 t-ssentiae.
748 660 804 715 Si
829 662 992 734 igitur
1016 670 1405 719 connectentes
1434 665 1674 737 legamus
1699 685 1711 721 :
1742 667 2015 723 Credimus

2120 668 2479 734 συνάπτοντες
2505 671 2848 744 ἀναγνῶμεν,
2874 674 3244 744 Πιστεύομεν
3264 678 3366 742 -είς
3393 676 3502 730 ἕνα
3548 676 3697 731 Θεὸν

434 754 500 806 in
546 770 707 807 unum
737 752 904 807 Deum
930 754 1172 818 Patrem,
1199 769 1445 825 personae
1469 757 1635 827 patris
1664 758 2016 829 signiﬁcatio-

2116 762 2369 831 Πατέρα,
2418 766 2486 835 τῇ
2522 762 2822 818 ὑποστάσει
2874 766 2970 819 τοῦ
2998 768 3209 839 Πατρδς
3234 768 3332 839 τὴν
3388 768 3481 823 τοῦ
3525 770 3694 835 Ἐνὸς

425 860 568 898 .nem
599 846 750 900 vocis
800 845 964 901 Unius
1009 848 1509 903 accommodamus.
1568 849 1637 903 At
1674 850 1719 904 si
1766 849 2012 907 dicamus

2117 854 2396 922 σημασίαν
2429 854 2746 925 ἁρμόζομεν
2766 871 2780 887 ⁸
2822 858 2869 909 εί
2903 858 2958 911 δὲ
2987 858 3240 929 λέγοιμεν
3263 862 3365 925 Εἰς
3388 860 3494 913 ἕνα
3522 861 3688 925 Θεὸν,

446 935 511 988 In
560 952 723 989 unum
780 935 966 1002 Deum,
1016 946 1179 1007 atque
1229 938 1319 993 hic
1369 939 1835 1012 interpungamus,
1888 958 2014 998 mox

2114 942 2349 997 ἐνταῦθα
2379 945 2675 1011 στίζοντες,
2691 942 2810 1001 εἶτα
2831 949 3135 1019 ὲπάγοιμεν
3164 952 3415 1018 Πατέρα,
3437 952 3533 1021 τὴν
3558 952 3689 1021 μίαν

445 1028 866 1098 subjungentes,
910 1027 1169 1093 Patrem;
1207 1030 1695 1101 unamfdivinitatis
1721 1032 2012 1088 essentiam

2111 1033 2215 1102 τῆς
2246 1034 2495 1107 θεότητος
2531 1037 2725 1091 οὐσίαν
2750 1040 3116 1109 σημάναντες,
3151 1042 3244 1093 ἐπὶ
3294 1043 3353 1095 τὸ
3411 1043 3688 1112 τριαδικὸν

445 1118 834 1187 signiﬁcantes,
875 1121 943 1175 ad
975 1118 1304 1177 Trinitatem
1340 1123 1565 1193 gradum
1615 1122 1846 1179 facimus
1882 1138 2011 1194 per-

1355 1123 1565 1193 ;radum
1615 1122 1846 1179 facimus
1882 1138 2011 1194 per-
2112 1126 2399 1197 χωροῦμεν
2427 1127 2535 1182 τῶν
2571 1129 2942 1186 ὑποστάσεων.

432 1224 717 1264 sonarum.

512 1301 679 1357 Credo
700 1304 751 1355 in
791 1304 956 1356 unum
993 1302 1179 1357 Deum.
1212 1303 1331 1359 Non
1362 1305 1618 1360 essentia
1648 1305 2006 1378 significativa

2182 1301 2449 1355 Πιστεύω
2479 1303 2565 1369 είς
2594 1302 2704 1359 ἕνα
2731 1306 2898 1359 Θεόν.
2939 1305 3052 1359 Οὐκ
3108 1307 3298 1370 οὐσίας
3355 1308 3687 1377 σημαντικόν

437 1410 542 1449 vox
577 1404 660 1449 est
690 1394 848 1462 Deus,
881 1411 1059 1465 neque
1090 1396 1286 1450 divin-.c
1313 1407 1522 1452 natura:
1553 1414 1772 1453 nomen.
1806 1401 2010 1465 Quem-

2112 1392 2228 1446 ἐστι
2261 1396 2322 1446 τὸ
2353 1394 2498 1460 Θεὸς
2526 1394 2646 1448 οὐδὲ
2693 1395 2792 1465 τῆς
2819 1396 2968 1460 Θείας
3004 1396 3220 1464 φύσεως
3254 1397 3445 1467 ὄνομα.
3470 1398 3684 1469 Ὠσπερ

435 1485 726 1540 admodum
766 1487 909 1541 enim
948 1502 1164 1542 omnem
1203 1489 1612 1559 supergreditur
1646 1490 2006 1557 intellectum,

2113 1482 2222 1555 γὰρ
2281 1483 2420 1555 ὑπὲρ
2473 1484 2622 1539 ἅπαν
2661 1486 2971 1555 καθέστηκε
3023 1489 3227 1559 νόημα,
3276 1487 3420 1541 οῦτω
3454 1490 3549 1542 καὶ
3574 1491 3682 1543 πᾶν

433 1577 513 1630 sic
543 1577 707 1631 etiam
756 1590 919 1630 omne
971 1577 1415 1647 prtetergreditur
1464 1594 1685 1634 nomen.
1734 1580 1829 1634 Est
1877 1594 2009 1653 ergo

2112 1574 2282 1643 ὄνομα
2327 1574 2715 1645 διαπέφευγεν.
2753 1576 2893 1631 Ἀλλ’
2928 1578 3042 1631 ἐστι
3083 1579 3183 1649 μὲν
3214 1580 3496 1649 ἐνεργείας
3532 1580 3684 1642 θείας

435 1668 741 1737 symbolum
820 1666 1042 1721 virtutis
1105 1670 1360 1723 essentia:
1420 1669 1635 1724 divinae.
1704 1670 1817 1726 Nec
1857 1671 2005 1726 enim

2109 1664 2296 1727 οὐσίας
2327 1665 2402 1737 (4)
2435 1667 2721 1737 σύμϐολον.
2749 1669 2824 1722 Οὐ
2852 1670 2959 1740 γὰρ
2982 1671 3041 1724 τὸ
3072 1667 3213 1725 εἶναι
3236 1672 3329 1723 τοῦ
3368 1672 3507 1725 Θεοῦ
3537 1689 3680 1743 παρ-

433 1760 671 1815 divinam
699 1758 937 1814 insinuat
965 1760 1360 1826 exsistentiam,
1391 1760 1485 1816 sed
1518 1776 1639 1817 eam
1664 1778 1784 1832 qua:
1814 1778 1880 1818 ex
1914 1764 2006 1819 illo

2109 1753 2343 1826 ίστησιν,
2395 1755 2533 1810 ἀλλά
2572 1756 2671 1829 τὴν
2700 1758 2779 1823 είς
2812 1761 2959 1829 ἡμᾶς
2992 1761 3050 1827 ἐξ
3083 1762 3246 1815 αὑτοῦ
3271 1761 3567 1830 προϊοῦσαν
3594 1765 3685 1815 ὲκ-

435 1852 489 1907 in
520 1867 622 1906 nos
648 1851 890 1921 procedit
913 1851 1302 1906 divinizantem
1329 1851 1583 1905 virtutem
1608 1864 1663 1905 et
1684 1850 2000 1907 efﬁcaciam.

1496 1866 1583 1905 em
1608 1864 1663 1905 et
1684 1850 2000 1907 efﬁcaciam.
2030 1839 2078 1898 B
2107 1845 2372 1918 Θεωτικὴν
2396 1845 2629 1920 δύναμιν
2652 1850 2751 1903 καὶ
2780 1851 3083 1922 ἐνέργειαν.

504 1944 672 1998 Credo
696 1944 748 1996 in
780 1960 942 1997 unum
970 1942 1133 1996 Deum
1155 1944 1580 2013 omnipotentem.
1609 1943 1825 1999 Patrem
1863 1943 2008 2014 cogi-

2180 1936 2447 1990 Πιστεύω
2477 1940 2565 2004 εὶς
2610 1938 2718 1992 ἕνα
2756 1941 2906 1994 Θεὸν
2960 1944 3431 2011 παντοκράτορα.
3462 1944 3683 2015 Πατέρα

434 2044 613 2089 tamus
641 2034 946 2091 secundum
997 2033 1050 2088 in
1088 2033 1290 2089 divinis
1333 2034 1685 2104 principium,
1716 2036 1871 2104 cujus
1915 2050 2009 2090 ve-

2108 2026 2337 2097 νοοῦμεν
2384 2028 2483 2101 τὴν
2509 2029 2758 2099 θεογόνον
2786 2033 2989 2095 αἰτίαν,
3017 2029 3081 2105 ἧς
3120 2033 3312 2105 ὥσπερ
3358 2036 3507 2098 τινὲς
3555 2037 3682 2105 βλα-

431 2126 529 2180 luti
584 2124 836 2195 quaedam
868 2126 1115 2193 germina
1162 2124 1431 2181 divinitus
1476 2135 1658 2190 enata,
1700 2126 2005 2182 secundum

2110 2119 2225 2172 (nol
2248 2118 2527 2188 θεόφυτοι,
2554 2122 2697 2175 κατὰ
2727 2122 2818 2175 τδν
2846 2122 2903 2190 ἐξ
2946 2124 3160 2194 ’Δρείου
3197 2127 3377 2195 πάγου
3427 2126 3678 2195 σοφώτα-

400 2217 891 2288 -sapientissimum
925 2217 1303 2289 AreOpagilam
1360 2217 1693 2290 Dionysium,
1748 2233 1987 2291 recogno

2107 2225 2200 2263 τον
2227 2209 2525 2278 Διονύσιον,
2550 2211 2675 2277 Υἱὸς
2702 2215 2795 2267 κα)⁸
2817 2214 3041 2287 Πνεῦμα
3065 2218 3443 2289 γνωρίζονται.
3467 2220 3541 2273 Οὐ
3572 2223 3681 2292 γᾶρ

429 2319 655 2366 scuntur
681 2310 851 2365 Filius
879 2320 933 2365 et
962 2311 1216 2380 Spiritus.
1246 2310 1360 2364 Non
1386 2311 1533 2365 enim
1567 2326 1634 2365 ex
1660 2321 1886 2383 paterna
1918 2328 2005 2368 re-

2108 2302 2172 2354 ὲκ
2203 2301 2300 2372 τῆς
2350 2302 2409 2355 ὲν
2436 2305 2548 2368 τοῖς
2595 2304 3046 2378 δημιουργήμασι
3106 2310 3385 2381 πατρικῆς
3444 2311 3681 2384 σχέσεως

406 2398 634 2456 latione
659 2417 778 2471 quae
808 2401 1084 2455 invenitur
1110 2400 1167 2454 in
1198 2402 1400 2455 creatis
1445 2416 1473 2456 a
1507 2402 1617 2455 Deo
1657 2402 1843 2466 rebus,
1888 2403 1993 2459 sive

2108 2393 2217 2444 εἴτε
2246 2394 2339 2445 καὶ
2373 2394 2726 2464 γονιμότητος
2755 2398 2789 2467 ἡ
2822 2399 2878 2450 ὲν
2909 2398 3028 2470 Θεῷ
3053 2402 3334 2473 πατρότης
3358 2402 3530 2469 ἐστὶν,
3562 2402 3678 2456 ἀλλ’

425 2492 592 2546 etiam
625 2491 979 2560 fecunditate,
1027 2492 1270 2547 derivata
1314 2501 1398 2548 est
1450 2493 1631 2549 divina
1666 2496 2003 2566 paternitas;

2108 2486 2171 2537 ἐκ
2202 2485 2300 2554 τῆς
2331 2486 2644 2557 ὑπερφυοῦς
2666 2492 3026 2563 γονιμότητος
3056 2494 3159 2564 τῆς
3188 2497 3518 2566 ὑπερουσίου
3558 2497 3677 2551 θεό-

414 2584 524 2641 -sed
558 2600 621 2640 ex
668 2594 961 2655 superante
993 2600 1209 2640 omnem
1254 2597 1506 2641 naturam
1552 2586 1882 2642 fecunditate
1914 2606 2001 2643 su-

2105 2590 2270 2646 τητος
2294 2577 2352 2629 ἐν
2374 2580 2485 2640 τοῖς
2511 2579 2995 2653 δημιουργήμασιν
3045 2581 3156 2639 οἷον
3191 2589 3367 2641 εἰπεῖν
3419 2606 3678 2658 φυσιογο-

425 2675 899 2745 persubstantialis
928 2675 1254 2740 divinitatis,
1291 2678 1346 2730 in
1376 2678 1575 2732 creatis
1616 2679 1805 2743 rebus,
1842 2692 1898 2733 ut
1932 2681 2005 2734 ita

2107 2668 2225 2722 νίαν
2262 2671 2591 2741 παράγεται.
2627 2675 2737 2727 Καὶ
2770 2676 2986 2747 ἐκείνην
3013 2677 3153 2747 αῦτη
3180 2681 3457 2749 μιμεῖται,
3480 2677 3674 2733 ἀλλὀὐ

429 2778 639 2836 :oquar,
697 2775 906 2820 naturae
945 2766 1194 2838 genitura
1230 2767 1506 2822 derivatur
1543 2786 1556 2822 :
1594 2768 1851 2838 illamque
1890 2770 2006 2827 haec

2106 2760 2166 2813 τὸ
2204 2761 2461 2831 ἔμπαλιν.
2485 2765 2709 2834 Πρῶτον
2737 2765 2794 2819 δὲ
2826 2767 2916 2820 τὸν
2952 2769 3172 2837 Πατέρα
3202 2769 3264 2823 τὸ
3291 2769 3435 2825 θεῖον
3481 2769 3678 2841 παρεί-

426 2858 691 2924 imitatur,
738 2870 794 2914 at
846 2876 955 2915 non
1000 2870 1207 2916 contra.
1266 2861 1510 2917 Primum
1569 2873 1748 2919 autem
1790 2864 2005 2920 Patrem

2107 2851 2243 2921 ληφε
2285 2853 2361 2926 (5)
2393 2854 2680 2925 σύμϐολον,
2711 2857 2809 2927 οὐχ
2839 2859 2921 2911 ὅτι
2957 2860 3172 2930 πρῶτός
3202 2864 3349 2914 ἐστιν
3376 2861 3409 2933 ἢ
3454 2862 3676 2932 μείζων,

426 2947 671 3003 divinum
724 2948 1040 3020 Symbolum
1087 2952 1407 3021 assumpsit,
1458 2968 1565 3006 non
1614 2954 1755 3023 quod
1792 2956 2006 3026 primus

2107 2944 2221 2998 ἀλλ’
2255 2946 2335 2999 ὅτι
2365 2947 2536 3010 αἴτιός
2571 2948 2686 3001 ἐστι
2748 2949 2842 3003 τοῦ
2880 2950 3013 3003 Υίοῦ
3043 2953 3138 3005 καὶ
3186 2954 3280 3006 τοῦ
3336 2953 3675 3024 Πνεῦματος.

422 3044 498 3097 sit
528 3041 612 3097 vel
634 3042 811 3113 major
853 3044 973 3113 (3),
1029 3042 1125 3095 sed
1170 3042 1294 3110 quia
1336 3042 1659 3112 principium
1696 3043 1916 3098 estFilii
1949 3055 2005 3101 et

2106 3037 2337 3091 Αἰτιατὰ
2360 3037 2417 3091 δὲ
2444 3038 2638 3105 ταῦτα,
2661 3040 2721 3093 οὐ
2755 3041 2829 3112 μὴ
2852 3042 3021 3098 αἴτια.
3048 3044 3109 3098 Εί
3142 3044 3200 3099 δὲ
3248 3045 3341 3098 καὶ
3364 3045 3534 3109 αἴτια,
3560 3044 3677 3097 ἀλλ’

423 3134 682 3203 Spiritus.
724 3134 768 3188 Α
800 3133 1076 3205 principio
1117 3144 1245 3189 sunt
1281 3135 1425 3188 enim
1460 3135 1544 3189 ba:
1575 3150 1842 3205 personae,
1888 3153 1998 3192 non

423 3226 548 3247 2-_.__
586 3226 847 3247 .._!.a-2_.!-
921 3227 1078 3247 ιη.Αὲ
1124 3226 1381 3247 μμε..-εμξ,
1437 3240 1541 3247 ..Α-
1586 3235 1759 3247 ι-..,-..
1800 3227 1965 3247 n.4.9_

2106 3128 2169 3181 οὐ
2190 3127 2286 3181 τοῦ
2306 3129 2548 3199 Πατρὸς,
2569 3132 2706 3185 ἀλλὰ
2738 3135 2878 3203 μετὰ
2904 3133 3000 3187 τοῦ
3029 3135 3263 3206 Πατρὸς,
3294 3137 3436 3211 κατά
3452 3136 3550 3208 τὴν
3567 3154 3673 3189 κοι-

421 3226 553 3297 ipsa:
586 3226 875 3297 principia.
910 3227 1080 3282 Autsi
1124 3226 1410 3297 principia,
1436 3240 1545 3280 non
1586 3235 1766 3281 tamen
1799 3227 1993 3294 Patris,

2100 3222 2197 3293 νὴν
2224 3223 2321 3293 τῆς
2355 3224 2607 3293 Θεότητος
2659 3227 3015 3296 αίτιολογίαν,
3067 3232 3163 3282 καὶ
3213 3230 3322 3282 τῶν
3359 3233 3497 3300 μετὰ
3547 3230 3675 3283 Θεὸν

421 3320 519 3375 sed
547 3335 671 3374 cum
720 3318 906 3385 Patre,
953 3320 1253 3375 secundum
1302 3334 1647 3374 communem
1699 3319 1998 3377 divinitatis

2098 3311 2355 3367 ἁπάντων
2386 3316 2723 3385 κτισμάτων,
2749 3317 2825 3381 ὡς
2846 3322 3084 3391 συνεργὰ
3111 3320 3190 3391 τῷ
3220 3323 3393 3393 Πατρὶ
3422 3326 3516 3375 καὶ
3550 3340 3676 3375 συν-

423 3414 820 3480 causalitatem,
856 3422 911 3468 et
936 3414 1177 3467 omnium
1221 3413 1359 3467 infra
1385 3413 1552 3467 Deum
1590 3422 1996 3481 creaturarum;

2095 3404 2432 3476 δημιουργὰ,
2460 3409 2560 3479 οὐχ
2591 3410 2667 3473 ὡς
2687 3410 2919 3481 δεόμενα
2945 3412 3045 3481 τῆς
3079 3414 3402 3483 συνεργείας
3442 3416 3671 3477 τούτων,

425 3508 820 3578 ωηίιιιοωζουιη
854 3504 1012 3559 Patre
1030 3514 1403 3575 cooperantes,
1422 3515 1475 3559 et
1493 3516 1866 3572 concreantes,
1888 3523 1995 3562 non

2096 3498 2280 3568 ἄπαγε
2301 3515 2314 3529 ’
2347 3501 2526 3555 τελεία
2551 3504 2659 3573 γὰρ
2686 3504 2780 3556 καὶ
2805 3504 3101 3577 ὁλόκληρος
3143 3507 3176 3578 ἡ
3203 3506 3393 3575 θεότης
3440 3512 3497 3560 ἐν
3544 3508 3673 3559 ἑκά-

418 3598 641 3669 quidem
674 3608 927 3668 tanquam
960 3597 1268 3666 indigentes
1295 3599 1699 3668 cooperationis
1737 3599 1882 3653 inter
1912 3615 1993 3668 se,

2096 3607 2198 3663 στῃ
2234 3592 2343 3647 τῶν
2368 3594 2743 3647 ῦποστάσεωνο
2767 3596 2883 3649 ἀλλ’
2909 3598 2983 3659 ὼς
3010 3598 3137 3667 μιᾶς
3174 3597 3349 3669 οὔσης
3383 3599 3479 3651 καὶ
3514 3600 3669 3669 ἐνερ-

421 3705 619 3761 apage;
640 3689 879 3761 perfecta
898 3690 1044 3743 enim
1064 3696 1120 3743 et
1141 3690 1350 3760 integra
1371 3698 1453 3744 est
1470 3690 1729 3744 divinitas
1748 3691 1801 3744 in
1821 3693 1995 3761 quali-

1903 3693 1995 3746 ali-
2093 3686 2245 3753 γείας
2281 3686 2375 3741 καὶ
2407 3686 2690 3759 δυνάμεως
2717 3690 2808 3743 καὶ
2834 3688 3139 3761 βουλήσεως
3164 3690 3272 3744 τῶν
3306 3692 3490 3762 τριῶν.

419 3784 509 3837 bet
527 3783 917 3854 liypostaseon:
943 3784 1038 3837 sed
1052 3787 1253 3853 quippe
1269 3798 1373 3835 una
1394 3782 1661 3836 existente
1678 3783 1994 3853 operatione

424 3872 623 3927 virtute
652 3878 708 3927 et
739 3873 1019 3927 voluntate
1054 3872 1251 3925 horum
1285 3869 1469 3923 trium.

497 3968 711 4021 Patrem
787 3964 1196 4032 omnipotentem
1247 3962 1500 4031 faetorem
1553 3958 1667 4011 σαειί
1725 3968 1771 4012 cl
1816 3968 1989 4013 ten-te.

2165 3957 2393 4027 Πατέρα
2452 3958 2919 4029 παντοκράτορα,
2948 3961 3207 4032 ποιητὴν
3257 3963 3514 4032 οὐρανοῦ
3569 3963 3667 4020 καὶ

414 4055 659 4110 Primum
703 4054 923 4125 quidem
975 4053 1216 4121 positum
1261 4058 1344 4103 est
1384 4063 1582 4103 nomen
1615 4048 1757 4102 Deus
1785 4089 1800 4112 ,
1848 4049 1992 4119 quod

2093 4048 2227 4119 ᾖς.
2261 4049 2484 4121 Πρῶτον
2513 4049 2615 4122 μὲν
2644 4051 2705 4103 τὸ
2730 4050 2833 4120 τῆς
2861 4052 3078 4121 φύσεως
3113 4058 3519 4127 παραστατικὸν
3547 4058 3664 4112 6v:-

419 4159 670 4204 naturam
723 4144 1104 4206 commendat;
1138 4142 1353 4197 tametsi
1400 4141 1609 4195 nullum
1654 4141 1773 4212 ejus
1816 4151 1992 4198 exstet

2096 4159 2173 4212 μα
2206 4142 2443 4196 τέθειται
2469 4143 2528 4196 τὸ
2561 4143 2727 4210 Θεὸς,
2752 4146 2800 4198 εί
2836 4145 2932 4198 καὶ
2973 4147 3164 4217 μηδὲν,
3185 4147 3261 4211 ὡς
3290 4150 3537 4220 εἴπομεν,
3569 4150 3666 4203 αὖ·

426 4255 649 4302 nomen,
693 4246 753 4291 ul
783 4235 1158 4305 praediximus.
1194 4234 1399 4288 Deinde
1432 4233 1612 4297 Pater,
1646 4236 1791 4305 quod
1830 4235 1989 4290 fidem

2092 4233 2190 4303 τῆς
2222 4235 2367 4287 ἐστιν
2405 4233 2612 4305 ὄνομαο
2650 4229 2770 4289 εἶτα
2810 4236 2873 4289 τὸ
2920 4237 3019 4307 τῆς
3072 4239 3305 4302 πίστεως
3335 4241 3394 4293 τὸ
3438 4242 3662 4310 Πατήρ.

418 4328 787 4384 commendat.
825 4328 942 4383 Hoc
965 4334 1147 4380 autem
1195 4341 1394 4380 nomen
1428 4326 1517 4381 hic
1555 4328 1839 4397 proprium
1877 4343 1991 4383 non

2091 4325 2208 4377 Οὐκ
2229 4326 2360 4379 ἴδιον
2387 4325 2444 4379 δὲ
2472 4327 2631 4379 τοῦτο
2653 4327 2744 4381 τοῦ
2772 4329 2983 4400 Πατρός
3013 4347 3027 4361 ο
3075 4334 3196 4386 ἐπεὶ
3225 4334 3431 4404 προῖὼν
3456 4338 3482 4388 ὁ
3509 4335 3666 4403 λόγος

419 4429 502 4476 est
532 4419 744 4482 Patris;
780 4417 1086 4490 procedens
1116 4416 1261 4470 enim
1310 4416 1485 4471 oratio
1521 4415 1819 4471 declarabit
1857 4416 1989 4472 illud

2091 4415 2325 4486 δηλώσει
2354 4417 2514 4471 τοῦτο
2540 4420 2633 4472 καὶ
2658 4417 2735 4489 τῷ
2761 4420 2873 4490 Υίῷ
2900 4424 2993 4474 καὶ
3024 4423 3100 4494 τῷ
3133 4425 3429 4495 Πνεῦματι.
3450 4428 3556 4481 Καὶ
3579 4429 3665 4494 είς

418 4525 474 4569 et
523 4513 659 4569 Filio
711 4519 767 4567 et
817 4510 1044 4582 Spiritui
1095 4518 1430 4580 competere.
1470 4508 1560 4563 Ait
1600 4510 1744 4563 enim
1776 4526 1790 4559 :
1826 4508 1895 4562 Et
1936 4511 1989 4563 in

2094 4506 2203 4560 ἕνα
2239 4508 2365 4578 γὰρ,
2400 4508 2554 4579 φησὶ,
2574 4509 2794 4577 Κύριον
2831 4511 3075 4577 Ἰησοῦν
3099 4513 3425 4581 Χριστὸν...
3460 4515 3557 4569 καί
3579 4520 3665 4582 εις

418 4623 579 4660 unum
612 4606 889 4659 Dominum
932 4602 1111 4656 Iesum
1151 4600 1488 4657 Christum...
1544 4609 1593 4654 et
1623 4602 1678 4654 in
1726 4600 1984 4671 Spiritum

2087 4600 2153 4655 τό
2192 4601 2427 4669 Πνεῦμα
2454 4600 2519 4654 τὸ
2548 4599 2738 4671 ἅγιον,
2769 4602 2835 4655 τὸ
2860 4603 3102 4672 Κύριον.
3124 4608 3578 4678 Παηοκράτορα
3607 4608 3658 4662 δι

416 4707 659 4752 sanctum
696 4696 996 4749 Dominum.
1030 4692 1269 4747 Dicimus
1296 4701 1503 4754 autem,
1538 4690 1979 4761 Omnipotentem,

2087 4692 2319 4761 λέγομεν
2370 4691 2886 4759 ἀποδιαστέλλοντες
2941 4697 3174 4761 ἑαυτοὺς
3221 4697 3320 4766 τῆς
3381 4699 3660 4768 αίρετιιιῆς

417 4791 815 4861 distinguentes
854 4802 956 4842 nos
987 4786 1056 4841 ab
1089 4785 1342 4840 haeretica
1377 4783 1606 4840 stultitia
1655 4780 1985 4837 Manichmo-

2086 4781 2397 4855 ἀφροσύνης
2428 4783 2537 4838 τῶν
2561 4786 2672 4839 ἀπὸ
2700 4788 2981 4853 Μάνεντος
3010 4790 3106 4843 καὶ
3121 4790 3367 4859 Σίμωνος
3396 4792 3491 4846 καὶ
3505 4791 3658 4862 Μαρ-

418 4898 561 4946 rum,
616 4881 1065 4935 Simoniauorum
1112 4887 1166 4933 et
1201 4876 1696 4941 Marcionistarum,
1729 4872 1823 4944 qui
1876 4888 1985 4926 non

2086 4872 2304 4937 κίωνος,
2353 4874 2403 4927 οἲ
2436 4875 2512 4944 μὴ
2572 4877 2790 4932 πάντων
2848 4880 2948 4951 τὴν
2980 4883 3305 4935 δεσποτείαν
3336 4883 3414 4954 τῷ
3454 4886 3533 4937 ἑνὶ
3568 4886 3658 4939 καὶ

418 4973 803 5028 universorum
830 4970 1121 5024 arbitrium
1149 4969 1242 5023 uni
1272 4983 1337 5021 ac
1361 4966 1463 5020 soli
1492 4966 1600 5019 Deo
1631 4963 1936 5019 attribuunt
1970 4980 1985 5018 :

2091 4966 2236 5037 μόνῳ
2260 4966 2378 5038 Θεῷ
2402 4968 2657 5034 διδόασιν,
2675 4970 2814 5026 ἀλλὰ
2847 4972 3128 5045 διαφόροις
3144 4978 3343 5045 ἀρχαῖς
3370 4977 3470 5048 τὴν
3502 4977 3658 5042 ἐξου-

417 5066 510 5122 scd
542 5064 773 5120 diversis
809 5063 1096 5133 principiis
1128 5068 1453 5133 potestatem
1487 5077 1669 5116 rerum
1700 5060 1979 5115 aﬂricant.

2090 5055 2211 5110 σίαν
2236 5057 2343 5113 τῶν
2371 5058 2539 5112 ὄντων
2563 5062 2986 5133 ἁπομερίζουσι.
3009 5066 3102 5119 Διὸ
3117 5069 3541 5142 παντοκράτορα
3568 5071 3656 5123 τὸν

414 5159 593 5225 Quare
624 5157 1058 5226 omnipotentem
1107 5155 1323 5210 Patrem
1361 5153 1628 5217 dicentes,
1660 5155 1822 5206 etiam
1858 5168 1978 5206 cau-

2091 5149 2311 5220 Πατέρα
2335 5150 2577 5216 τιθέντες
2611 5154 2706 5208 καὶ
2749 5155 2847 5228 τὴν
2876 5157 3058 5212 αἰτίαν
3102 5160 3203 5230 τῆς
3248 5161 3418 5217 αὐτοῦ
3457 5180 3655 5217 παντο-

415 5265 531 5303 sam
567 5250 689 5320 ejus
720 5247 1136 5316 omnipotentiae
1164 5244 1508 5307 adducimus,
1550 5242 1813 5297 factorem
1858 5258 1984 5298 eum

2090 5243 2387 5313 κρατορίας
2428 5244 2731 5316 ὲπάγομεν,
2763 5250 2996 5320 ποιητὴν
3032 5252 3263 5323 οὐρανοῦ
3292 5256 3385 5309 καὶ
3407 5256 3512 5325 γῆς
3537 5258 3651 5310 τοῦ·

413 5345 534 5399 cmli
563 5353 617 5398 et
647 5354 802 5397 terra:
827 5342 1075 5396 dicentes
1104 5358 1118 5392 :
1142 5354 1267 5391 nam
1297 5336 1555 5391 extremis
1580 5336 1794 5407 positis.
1818 5338 1983 5392 etiam

2086 5351 2179 5386 τον
2206 5334 2480 5402 λέγοντες,
2518 5336 2598 5401 ὡς
2627 5339 2811 5411 ἄκρων
2866 5343 2974 5412 γὰρ
3026 5342 3197 5399 ὄντων
3235 5345 3313 5418 (6)
3349 5349 3443 5401 καὶ
3487 5349 3558 5402 τὰ
3602 5350 3660 5403 ἐν

411 5451 531 5505 quae
561 5435 613 5487 in
644 5433 820 5486 medio
857 5439 987 5485 sunt
1015 5430 1346 5483 innuuntur.

1077 5436 1346 5482 nuuntur.
2089 5426 2240 5497 μέσῳ
2263 5428 2664 5498 σημαινόμενα.

483 5617 561 5695 ςξ)
608 5613 753 5695 Infra
810 5616 1059 5695 q_ua:_de
1102 5613 1372 5695 principio
1426 5614 1577 5695 dicit,
1619 5614 1978 5687 grmcanicum
2159 5614 2236 5695 (Si)
2269 5615 2369 5695 llic
2415 5617 2566 5673 locus
2591 5617 2779 5695 leviter
2815 5631 3107 5695 corruptus
3140 5632 3244 5681 est.
3305 5622 3484 5677 Malim
3531 5640 3657 5695 ergo

409 5684 550 5759 quid
567 5688 806 5759 sapiunt,
832 5684 1592 5759 benigneinterpretandum.
1626 5684 1643 5687 ⁷
2086 5699 2141 5759 ιη
2164 5684 2281 5759 fine
2306 5688 2485 5757 legere
2512 5689 2910 5759 σημαινόμεοα.
2944 5684 3112 5751 Paulo
3153 5703 3282 5751 ante
3319 5705 3446 5750 nota
3496 5684 3656 5751 voca-

487 5757 815 5830 (4)_Plauius
839 5754 1130 5830 ἐνεργειῶν
1161 5756 1312 5830 Θείας
1341 5756 1549 5820 οὐσίας.

1161 5756 1312 5830 Θείας
1341 5756 1549 5820 οὐσίας.
2087 5754 2273 5809 bultttn
2326 5754 2737 5830 αῦτοκρατορία.

473 5828 643 5898 (5)111
666 5826 799 5881 Cod.
839 5826 1027 5883 vitiose
1053 5827 1376 5899 παρήλειφε.
