4018 6582
442 385 501 447 Η
1665 388 2000 450 ΕΗΤΠῩΜΙ

2103 390 2445 453 ῐίΘΑΒΕΝΙ
3617 390 3694 456 12

404 522 415 556 γ
438 499 641 565 ritum;
677 496 1236 568 aliquandO‘quidcm
1278 495 1572 569 unicuique
1600 499 1764 569 trium
1822 514 2000 568 perso-

2113 501 2241 555 ποτὲ
2277 501 2377 572 μὲν
2406 500 2615 573 ἑκάστῃ
2634 500 2745 555 τῶν
2767 501 2935 574 τριῶν
2960 500 3308 556 ὕποστάσεων
3336 500 3493 556 τοῦτο
3521 519 3683 574 προσ-

426 605 635 647 narum
678 590 785 647 hoc
819 591 1144 658 tribuentes,
1191 590 1482 661 aliquando
1520 606 1649 646 vero
1695 591 1789 646 uni
1842 592 2000 646 trium

437 682 711 738 essentia.
738 681 794 735 Si
819 682 982 754 igitur
1006 688 1394 737 connectentes
1424 682 1663 754 legamus
1688 701 1701 736 :
1731 683 2004 738 Credimus

418 777 491 828 in
536 790 697 828 unum
728 773 896 828 Deum
919 774 1162 837 Patrem,
1190 788 1434 843 personae
1458 773 1625 844 patris
1653 773 2006 845 signiﬁcatio-

416 882 559 920 .nem
590 867 741 921 vocis
792 865 955 922 Unius
1000 865 1499 921 accommodamus.
1557 866 1627 920 At
1664 865 1710 920 si
1756 865 2005 921 dicamus

436 957 501 1011 In
551 973 714 1011 unum
771 955 958 1022 Deum,
1007 964 1170 1026 atque
1219 956 1310 1011 hic
1359 957 1826 1028 interpungamus,
1878 972 2005 1012 mox

437 1050 858 1119 subjungentes,
901 1046 1161 1112 Patrem;
1198 1047 1686 1118 unamtdivinitatis
1712 1047 2002 1103 essentiam

437 1140 827 1209 signiﬁcantes,
867 1141 935 1194 ad
968 1138 1296 1195 Trinitatem
1332 1139 1557 1210 gradum
1606 1138 1837 1194 facimus
1873 1153 2002 1209 per-

426 1246 686 1287 isonarum
698 1273 710 1285 .

505 1322 672 1378 Credo
693 1325 745 1377 in
784 1324 949 1376 unum
986 1321 1172 1376 Deum.
1205 1321 1324 1376 Non
1354 1322 1611 1377 essentiae
1640 1319 1998 1393 signiﬁcativa

430 1432 536 1471 vox
571 1424 654 1470 est
685 1415 842 1481 Deus,
874 1430 1052 1484 neque
1084 1415 1279 1469 divinae
1306 1424 1515 1469 natura:
1545 1429 1765 1469 nomen.
1799 1416 2002 1480 Quem-

430 1506 721 1561 admodum
759 1506 903 1561 enim
942 1520 1158 1561 omnem
1197 1506 1606 1577 supergreditur
1639 1505 1999 1572 intellectum,

428 1599 509 1651 sic
538 1598 702 1652 etiam
751 1610 913 1650 omne
966 1594 1409 1665 praetergreditur
1457 1610 1678 1650 nomen.
1728 1595 1823 1649 Est
1870 1609 2003 1668 ergo

430 1688 736 1759 symbolum
815 1685 1036 1740 virtutis
1099 1687 1355 1741 essentia:
1414 1685 1629 1740 divinae.
1698 1686 1812 1741 Nec
1852 1686 2001 1740 enim

428 1781 667 1837 divinam
695 1779 933 1834 insinuat
961 1778 1355 1843 exsistentiam,
1386 1777 1480 1833 sed
1508 1793 1634 1833 eam
1658 1794 1779 1848 qua:
1809 1793 1875 1833 ex
1909 1778 2001 1833 illo

2108 592 2385 661 νέμοντες,
2442 595 2571 647 ποτὲ
2601 594 2657 647 δὲ
2691 597 2755 665 τῇ
2792 597 2890 665 μιᾷ
2921 595 3028 648 τῶν
3056 594 3103 661 γ’
3137 595 3314 665 οὐσίᾳ.
3366 596 3427 646 Et
3463 595 3561 664 μὲν
3587 590 3682 648 οὖν

2109 680 2467 746 συνάπτοντες
2494 683 2838 755 ἀναγνῶμεν,
2863 684 3232 753 Πιστεύομεν
3251 685 3354 749 -είς
3381 682 3491 736 ἕνα
3537 682 3687 736 Θεὸν

2105 775 2357 843 Πατέρα,
2406 778 2475 847 τῇ
2511 774 2812 830 ὑποστάσει
2862 775 2959 828 τοῦ
2988 776 3197 847 Πατρὸς
3223 776 3321 846 τὴν
3377 774 3470 829 τοῦ
3514 774 3684 839 Ἐνός

2107 866 2386 935 σημασίαν
2418 866 2735 937 ἁρμόζομεν
2755 882 2769 898 ·
2811 869 2859 920 εί
2892 867 2947 921 δὲ
2976 866 3229 937 λέγοιμεν
3253 868 3355 932 Εἰς
3378 867 3485 919 ἕνα
3512 866 3679 930 Θεὸν,

2104 955 2339 1009 ἐνταῦθα
2369 957 2665 1023 στίζοντες,
2681 954 2800 1011 εἶτα
2822 959 3125 1028 ὲπάγοιμεν
3154 958 3406 1025 Πατέρα,
3428 958 3523 1027 τὴν
3548 957 3680 1027 μίαν

2101 1047 2205 1115 τῆς
2236 1047 2485 1118 θεότητος
2521 1049 2715 1103 οὐσίαν
2740 1049 3106 1120 σημάναντες,
3142 1049 3235 1102 ἐπὶ
3284 1050 3344 1103 τὸ
3402 1049 3679 1119 τριαδικὸν

2103 1139 2281 1211 χωροῦ
2290 1156 2390 1209 μεν
2418 1139 2525 1193 τῶν
2562 1140 2934 1195 ὒποστάσεων.

2174 1314 2441 1368 Πιστεύω
2470 1315 2557 1381 εις
2586 1313 2697 1369 ἕνα
2723 1315 2890 1369 Θεόν.
2931 1314 3044 1368 Οὐκ
3100 1315 3290 1377 οὐσίας
3346 1314 3680 1385 σημαντικόν

2105 1405 2221 1459 ἐστι
2254 1409 2314 1459 τὸ
2346 1405 2490 1472 Θεὸς
2518 1405 2639 1460 οὐδὲ
2685 1406 2785 1475 τῆς
2812 1406 2960 1469 θείας
2996 1404 3212 1473 φύσεως
3247 1404 3437 1474 ὄνομα.
3461 1405 3677 1473 Ὥσπερ

2106 1495 2215 1568 γὰρ
2274 1496 2413 1567 ὑπὲρ
2462 1496 2615 1550 ἅπαν
2653 1496 2964 1565 καθέστηκε
3016 1498 3220 1567 νόημα,
3269 1494 3412 1548 οὕτω
3445 1496 3541 1548 καὶ
3566 1496 3675 1547 πᾶν

2106 1588 2276 1657 ὄνομα
2320 1586 2707 1657 διαπέφευγεν.
2746 1587 2887 1641 Ἀλλ’
2921 1587 3035 1640 ἐστι
3076 1588 3176 1657 μὲν
3206 1586 3490 1656 ἐνεργείας
3525 1585 3677 1647 θείας

2103 1678 2290 1740 οὐσίας
2321 1678 2396 1749 (4)
2429 1679 2715 1749 σύμϐολον.
2742 1680 2817 1732 Οὐ
2846 1680 2953 1749 γὰρ
2974 1680 3034 1732 τὸ
3066 1675 3207 1733 εἶναι
3230 1678 3323 1731 τοῦ
3361 1678 3501 1731 Θεοῦ
3531 1694 3676 1747 παρ-

2102 1766 2338 1839 ίστησιν,
2390 1767 2528 1821 ἀλλὰ
2566 1768 2664 1840 τὴν
2694 1768 2774 1833 είς
2805 1770 2953 1839 ἡμᾶς
2987 1769 3044 1835 ἐξ
3076 1770 3241 1822 αὐτοῦ
3265 1767 3562 1837 προϊοῦσαν
3588 1770 3680 1820 ὲκ-

431 1874 485 1928 in
517 1888 618 1927 nos
644 1871 887 1941 procedit
910 1870 1298 1925 divinizantem
1323 1869 1579 1922 virtutem
1604 1880 1657 1921 et
1679 1866 1995 1922 efﬁcaciam.

2103 1857 2367 1930 θεωτικὴν
2391 1857 2624 1931 δύναμιν
2647 1861 2746 1914 καὶ
2774 1859 3079 1932 ἐνέργειαν.

502 1965 669 2020 Credo
692 1964 745 2016 in
776 1979 939 2016 unum
966 1961 1131 2014 Deum
1153 1962 1575 2031 omnipotentem.
1604 1960 1821 2015 Patrem
1858 1957 2003 2029 cogi-

431 2066 610 2111 tamus
637 2054 943 2109 secundum
995 2051 1048 2106 in
1086 2051 1287 2107 divinis
1331 2050 1681 2121 principium,
1712 2051 1867 2120 cujus
1910 2064 2005 2105 ve-

428 2147 526 2201 luti
582 2143 832 2215 quaedam
865 2143 1114 2212 germina
1161 2141 1429 2197 divinitus
1472 2151 1655 2207 enata,
1697 2141 2001 2197 secundum

396 2236 889 2309 sapientissimum
922 2235 1301 2307 AreOpagitam
1358 2233 1690 2306 Dionysium,
1745 2249 2003 2306 recogno-

427 2340 653 2387 scuntur
678 2329 849 2385 Filius
877 2339 932 2384 et
961 2329 1216 2398 Spiritus.
1246 2327 1359 2381 Non
1384 2327 1531 2382 enim
1565 2342 1631 2381 ex
1658 2336 1884 2398 paterna
1916 2341 2002 2382 re-

406 2420 632 2477 latione
657 2437 776 2491 quae
806 2419 1084 2474 invenitur
1110 2418 1167 2472 in
1198 2418 1400 2472 creatis
1444 2433 1473 2472 a
1505 2418 1615 2472 Deo
1654 2417 1842 2481 rebus,
1886 2417 2003 2473 sive

424 2513 590 2568 etiam
623 2512 979 2579 fecunditate,
1027 2510 1270 2566 derivata
1315 2516 1399 2564 est
1450 2509 1630 2564 divina
1664 2511 2001 2581 paternitas;

413 2605 523 2663 sed
557 2621 620 2662 ex
667 2613 960 2676 superante
993 2618 1209 2660 omnem
1255 2611 1506 2657 naturam
1552 2602 1882 2657 fecunditate
1913 2620 2007 2658 su-

424 2695 899 2767 persubstantialis
928 2693 1255 2757 divinitatis,
1292 2694 1347 2746 in
1376 2693 1575 2747 creatis
1617 2694 1805 2758 rebus,
1842 2706 1899 2747 ut
1932 2695 2004 2748 ita

429 2800 639 2858 :oquar,
697 2795 906 2841 naturte
945 2784 1194 2858 genitura
1230 2784 1508 2838 derivatur
1544 2801 1557 2837 :
1595 2783 1852 2853 illamque
1891 2784 2007 2840 htec

426 2880 692 2945 imitatur,
739 2890 794 2935 at
845 2895 956 2934 non
999 2888 1207 2935 contra.
1267 2877 1511 2933 Primum
1570 2887 1749 2933 autem
1791 2878 2005 2932 Patrem

427 2969 672 3025 divinum
724 2968 1040 3040 Symbolum
1088 2969 1409 3038 assumpsit,
1459 2984 1568 3022 non
1616 2968 1757 3037 quod
1799 2968 2007 3039 primus

422 3066 499 3117 sit
529 3062 612 3117 vel
634 3062 813 3131 major
854 3062 929 3132 (ὅ)
955 3101 973 3125 ,
1030 3059 1126 3113 sed
1171 3059 1296 3126 quia
1338 3057 1660 3127 principium
1699 3056 1919 3111 estFilii
1952 3067 2008 3113 et

425 3154 684 3223 Spiritus.
726 3153 770 3206 A
802 3150 1078 3223 principio
1119 3160 1247 3205 sunt
1284 3150 1427 3203 enim
1463 3150 1545 3203 lue
1577 3165 1845 3219 personae,
1892 3165 2001 3204 non

424 3246 555 3317 ipsa:
587 3244 878 3316 principia.
912 3243 1082 3299 Autsi
1127 3241 1413 3312 principia,
1439 3256 1549 3295 non
1589 3249 1769 3294 tamen
1802 3240 1996 3306 Patris,

424 3339 521 3395 sed
549 3354 673 3393 cum
723 3337 909 3403 Patre,
956 3336 1257 3392 secundum
1306 3348 1649 3389 communem
1703 3334 2001 3390 divinitatis

427 3432 824 3497 causalitatem,
860 3439 915 3485 et
940 3431 1183 3485 omnium
1225 3428 1364 3483 infra
1389 3429 1556 3483 Deum
1594 3435 2001 3494 creaturarum;

428 3526 824 3597 tanquam;cum
858 3521 1017 3577 Patre
1034 3530 1407 3592 c00perantes,
1427 3530 1479 3575 et
1498 3529 1871 3586 concreantes,
1892 3536 2000 3575 non

423 3617 647 3689 quidem
679 3626 933 3686 tanquam
965 3614 1273 3684 indigentes
1300 3613 1704 3683 cooperationis
1743 3613 1887 3667 inter
1917 3628 1999 3681 se,

426 3725 624 3781 apage;
645 3707 885 3780 perfecta
904 3707 1051 3761 enim
1071 3714 1127 3760 et
1147 3707 1355 3776 integra
1376 3713 1458 3759 est
1475 3704 1735 3759 divinitas
1753 3704 1807 3758 in
1826 3706 2001 3774 quali-

424 3804 514 3857 bet
532 3803 923 3874 hypostaseon:
950 3801 1045 3855 sed
1059 3803 1259 3869 quippe
1274 3813 1379 3851 una
1399 3797 1667 3851 existente
1683 3796 2000 3866 operatione

428 3892 629 3946 virtute
659 3897 714 3946 et
745 3891 1027 3945 voluntate
1060 3888 1257 3942 horum
1290 3884 1474 3939 trium.

502 3988 718 4040 Patrem
794 3982 1202 4050 omnipotentem
1253 3978 1507 4046 {actorem
1559 3972 1674 4027 εοειὶ
1732 3982 1778 4025 et
1824 3980 1995 4026 teme.

418 4075 666 4130 Primum
710 4072 930 4143 quidem
982 4069 1222 4138 positum
1268 4073 1351 4118 est
1391 4078 1589 4118 nomen
1621 4063 1765 4117 Deus
1792 4102 1807 4125 ,
1855 4060 1999 4131 quod

402 4177 677 4223 naturam
731 4161 1111 4223 commendat;
1146 4157 1361 4214 tametsi
1408 4156 1616 4210 nullum
1661 4155 1779 4226 ejus
1823 4162 2000 4209 exstet

433 4274 657 4321 nomen,
702 4265 762 4310 ut
791 4252 1166 4323 praediximus.
1202 4249 1407 4303 Deinde
1440 4248 1620 4311 Pater,
1653 4249 1797 4318 quod
1836 4246 1996 4301 ﬁdem

426 4348 796 4404 commendat.
834 4345 951 4401 Hoc
974 4352 1156 4397 autem
1204 4356 1402 4395 nomen
1436 4340 1526 4394 hic
1563 4339 1845 4409 proprium
1884 4354 1997 4394 non

427 4449 511 4496 est
541 4438 754 4501 Patris;
789 4434 1095 4507 procedens
1125 4431 1269 4486 enim
1318 4429 1493 4485 oratio
1529 4427 1827 4483 declarabit
1864 4427 1998 4483 illud

2175 1947 2442 2003 Πιστεύω
2472 1950 2561 2015 εἰς
2605 1949 2713 2002 ἕνα
2752 1950 2901 2004 Θεὸν
2955 1950 3427 2019 παντοκράτορα.
3458 1949 3680 2020 Πατέρα

2104 2038 2341 2110 νοοῦμεν
2380 2039 2479 2112 τὴν
2504 2040 2753 2109 θεογόνον
2781 2042 2985 2104 αἰτίαν,
3013 2037 3077 2114 ἦς
3116 2041 3309 2112 ὥσπερ
3354 2042 3503 2104 τινὲς
3551 2043 3679 2112 βλα-

2107 2131 2221 2185 στοὶ
2244 2130 2523 2200 θεόφυτοι,
2550 2132 2693 2186 κατά
2722 2132 2813 2185 τὸν
2841 2132 2900 2199 ἐξ
2942 2131 3156 2203 ’Δρείου
3194 2134 3373 2202 πάγου
3423 2132 3676 2201 σοφώτα-

2103 2238 2196 2276 τον
2224 2221 2522 2289 Διονύσιον,
2546 2222 2671 2287 Υἱὸς
2699 2225 2793 2277 καὶ
2814 2223 3038 2297 Πνεῦμα
3061 2225 3440 2297 γνωρίζονται.
3464 2227 3539 2279 Οὒ
3570 2228 3679 2297 γᾶρ

2105 2315 2169 2367 ἐκ
2200 2313 2297 2383 τῆς
2346 2314 2406 2367 ὲν
2434 2316 2545 2378 τοῖς
2593 2315 3044 2388 δημιουργήμασι
3104 2317 3383 2389 πατρικῆς
3442 2317 3680 2390 σχέσεως

2106 2406 2214 2457 εἴτε
2243 2407 2338 2457 καὶ
2371 2405 2724 2476 γονιμότητος
2754 2408 2787 2477 ἡ
2820 2408 2877 2460 ὲν
2908 2407 3026 2479 Θεῷ
3051 2410 3333 2480 πατρότης
3357 2409 3528 2475 ἐστὶν,
3560 2408 3678 2461 ἀλλ’

2106 2499 2169 2551 ἐκ
2201 2498 2299 2567 τῆς
2329 2499 2643 2569 ὑπερφυοῦς
2665 2501 3025 2572 γονιμότητος
3055 2502 3157 2573 τῆς
3187 2504 3516 2573 ὐπερουσίου
3556 2502 3678 2556 θεό-

2104 2604 2269 2659 τητος
2293 2590 2352 2642 ἐν
2373 2592 2485 2652 τοῖς
2511 2591 2995 2663 δημιουργήμασιν
3044 2589 3155 2647 οἷον
3191 2597 3366 2649 είπετν
3418 2611 3680 2664 φυσιογο-

2106 2682 2225 2735 νίαν
2262 2683 2590 2753 παράγεται.
2626 2685 2737 2738 Καὶ
2770 2686 2986 2756 ἐκείνην
3013 2686 3153 2755 αὕτη
3180 2688 3457 2757 μιμεῖται,
3480 2684 3676 2739 ἀλλὀὐ

2106 2773 2167 2825 τὸ
2206 2774 2461 2843 ἔμπαλιν.
2484 2776 2709 2845 Πρῶτον
2737 2775 2795 2829 δὲ
2826 2777 2917 2829 τὸν
2952 2778 3173 2846 Πατέρα
3203 2776 3265 2831 τδ
3291 2776 3435 2832 θεῖον
3482 2775 3679 2848 παρεί-

2107 2863 2243 2934 ληφε
2285 2864 2362 2937 (5)
2393 2865 2681 2936 σύμϐολον,
2711 2866 2809 2937 οὐχ
2839 2868 2921 2921 ὅτι
2957 2868 3173 2939 πρῶτός
3203 2871 3350 2922 ἐστιν
3378 2867 3410 2941 ἢ
3456 2868 3678 2939 μείζων,

2108 2956 2222 3009 ἀλλ’
2256 2957 2337 3009 ὃτι
2366 2957 2537 3021 αἴτιός
2572 2958 2687 3011 ἐστι
2749 2958 2842 3013 τοῦ
2881 2959 3013 3012 Υίοῦ
3044 2961 3139 3013 καὶ
3187 2961 3282 3013 τοῦ
3337 2959 3677 3031 Πνεύματος.

2108 3047 2339 3102 Δίτιατά
2362 3048 2419 3101 δὲ
2445 3049 2640 3114 ταῦτα,
2662 3051 2723 3103 οὗ
2756 3050 2831 3121 μὴ
2854 3050 3023 3107 αίτια.
3049 3052 3111 3106 Εί
3144 3052 3201 3106 δὲ
3249 3052 3343 3106 καὶ
3366 3052 3537 3115 αἴτια,
3562 3050 3679 3103 ἀλλ’

2108 3140 2172 3193 οὐ
2193 3138 2289 3191 τοῦ
2310 3140 2550 3210 Πατρδς,
2571 3141 2707 3195 ἀλλὰ
2740 3144 2879 3212 μετὰ
2905 3141 3002 3195 τοῦ
3030 3143 3265 3214 Πατρός,
3296 3144 3438 3217 κατὰ
3454 3142 3553 3214 τὴν
3569 3159 3676 3195 κοι-

2104 3234 2200 3305 νὴν
2227 3234 2324 3305 τῆς
2358 3235 2609 3303 θεότητος
2662 3236 3018 3305 αίτιολογίαν,
3069 3240 3165 3290 καὶ
3215 3238 3324 3290 τῶν
3361 3240 3499 3307 μετὰ
3549 3236 3679 3289 Θεὸν

2102 3324 2358 3378 ἁπάντων
2390 3326 2726 3396 κτισμάτων,
2752 3326 2827 3390 ὡς
2848 3330 3087 3399 συνεργὰ
3114 3328 3192 3399 τῷ
3223 3331 3396 3401 Πατρὶ
3425 3332 3519 3382 καὶ
3553 3346 3681 3382 συν-

2100 3416 2435 3487 δημιουργὰ,
2463 3419 2564 3489 οὐχ
2595 3419 2670 3482 ὡς
2690 3419 2922 3490 δεόμενα
2948 3420 3048 3490 τῆς
3083 3421 3406 3490 συνεργείας
3446 3422 3676 3482 τούτων,

2100 3510 2285 3580 ἄπαγε
2305 3526 2318 3540 °
2351 3511 2530 3564 τελεία
2554 3514 2663 3582 γὰρ
2689 3513 2783 3565 καὶ
2809 3512 3105 3585 ὁλόκληρος
3147 3514 3181 3585 ἡ
3207 3514 3397 3582 θεότης
3445 3519 3501 3567 ἐν
3548 3514 3680 3565 ἐκά-

2102 3619 2203 3675 στῃ
2238 3603 2348 3657 τῶν
2373 3603 2748 3657 ὐποστάσεωνο
2771 3604 2887 3657 ἀλλ’
2914 3606 2987 3667 ὡς
3014 3606 3143 3676 μιᾶς
3179 3605 3354 3676 οῦσης
3388 3606 3485 3659 καὶ
3519 3608 3676 3676 ὲνερ-

2099 3697 2250 3765 γείας
2286 3697 2380 3751 καὶ
2411 3695 2695 3768 δυνάμεως
2721 3698 2813 3752 atat
2839 3696 3144 3769 βουλήσεως
3169 3698 3278 3752 τῶν
3311 3699 3497 3770 τριῶν.

2171 3967 2400 4037 Πατέρα
2459 3968 2926 4039 παντοκράτορα,
2955 3970 3214 4041 ποιητὴν
3264 3970 3521 4040 οὐρανοῦ
3576 3970 3677 4026 καί

2099 4058 2233 4130 T779“
2267 4059 2492 4131 Πρῶτον
2520 4059 2623 4132 μὲν
2652 4061 2713 4113 τδ
2736 4061 2840 4130 τῆς
2868 4061 3085 4130 φύσεως
3120 4065 3526 4135 παραστατικὸν
3555 4065 3673 4119 δνσ-

2103 4170 2181 4222 μα
2214 4153 2451 4206 τέθειται
2477 4153 2536 4206 τὺ
2569 4153 2735 4220 Θεὸς,
2760 4156 2808 4207 εί
2844 4154 2939 4207 καὶ
2982 4155 3172 4225 μηδὲν,
3193 4155 3269 4219 ὡς
3298 4157 3546 4227 εἴπομεν,
3577 4157 3676 4210 αὖ·

2099 4243 2198 4313 τῆς
2229 4245 2375 4297 ἐστιν
2412 4244 2621 4315 ὄνομαο
2659 4240 2778 4299 εἶτα
2818 4245 2880 4299 τὸ
2927 4246 3028 4316 τῆς
3080 4247 3313 4310 πίστεως
3343 4249 3402 4300 τὸ
3446 4249 3673 4317 Πατήρ.

2098 4335 2216 4388 Οὐκ
2236 4336 2368 4390 ἴδιον
2396 4336 2453 4390 δὲ
2480 4337 2640 4390 τοῦτο
2661 4337 2752 4391 τοῦ
2779 4339 2991 4410 Πατρός
3021 4356 3035 4371 ’
3084 4342 3205 4395 ἐπεὶ
3233 4342 3440 4412 προῖὼν
3465 4345 3491 4396 ό
3517 4343 3677 4411 λόγος

2100 4426 2334 4498 δηλώσει
2363 4428 2524 4482 τοῦτο
2549 4430 2642 4483 καὶ
2666 4428 2744 4500 τῷ
2770 4430 2881 4500 Υίῷ
2908 4434 3002 4484 καὶ
3032 4432 3109 4503 τῷ
3142 4433 3439 4503 Πνεῦματι.
3459 4435 3565 4489 Καὶ
3588 4437 3676 4501 είς

427 4544 483 4588 et
532 4531 668 4587 Filio
721 4537 777 4583 et
826 4528 1053 4597 Spiritui
1105 4533 1438 4595 competere.
1478 4522 1568 4576 Ait
1608 4522 1752 4576 enim
1784 4538 1798 4571 :
1834 4519 1902 4574 Et
1944 4522 1999 4575 in

2103 4518 2213 4572 ἕνα
2248 4520 2375 4589 γὰρ,
2410 4519 2564 4589 φησὶ,
2584 4520 2803 4587 Κύριον
2839 4520 3085 4587 Ἰησοῦν
3108 4521 3435 4589 Χριστὸν...
3469 4522 3567 4577 καί
3589 4527 3677 4589 είς

427 4640 589 4678 unum
621 4622 900 4676 Dominum
942 4618 1121 4672 Jesum
1161 4616 1496 4672 Christum...

425 4724 668 4771 sanctum
705 4712 1007 4765 Dominum.
1040 4707 1279 4762 Dicimus
1306 4714 1511 4768 autem,
1546 4703 1989 4773 Omnipotentem,

427 4809 826 4879 distinguentes
866 4818 967 4857 nos
998 4801 1065 4856 ab
1099 4798 1351 4855 haeretica
1386 4796 1614 4853 stultitia
1664 4792 1995 4850 Manichaeo-

428 4917 569 4964 rum,
625 4896 1076 4953 Simonianorum
1122 4900 1177 4947 et
1211 4888 1705 4955 Marcionistarum,
1739 4886 1833 4958 qui
1885 4902 1995 4940 non

427 4991 814 5047 universorum
841 4985 1131 5040 arbitrium
1159 4982 1253 5036 uni
1283 4996 1347 5033 ac
1371 4979 1473 5034 soli
1501 4980 1610 5034 Deo
1640 4978 1945 5033 attribuunt
1980 4994 1995 5032 :

427 5084 521 5140 scd
552 5082 784 5137 diversis
820 5078 1106 5151 principiis
1138 5081 1463 5148 potestatem
1497 5092 1679 5132 rerum
1711 5074 1991 5130 atlricant.

424 5177 605 5243 Quare
635 5175 1068 5243 omnipotentem
1117 5169 1335 5225 Patrem
1372 5168 1639 5233 dicentes,
1671 5170 1834 5221 etiam
1870 5181 1989 5220 cau-

427 5283 544 5321 sam
580 5267 702 5338 ejus
732 5261 1147 5333 omnipotentiae
1174 5259 1519 5323 adducimus,
1561 5258 1825 5312 factorem
1870 5271 1996 5311 eum

426 5362 547 5417 coeli
575 5370 629 5415 et
659 5371 815 5414 terrae
839 5357 1085 5411 dicentes
1115 5373 1129 5408 :
1154 5370 1280 5408 nam
1309 5353 1566 5408 extremis
1591 5351 1806 5423 positis.
1830 5352 1996 5405 etiam

425 5468 544 5522 quae
574 5451 625 5503 in
657 5448 833 5502 medio
869 5454 999 5501 sunt
1027 5444 1358 5499 innuuntur.

497 5634 574 5705 (3)
621 5630 766 5687 lnl’ra
824 5649 946 5703 quae
1005 5632 1073 5687 de
1120 5630 1385 5705 principio
1439 5629 1589 5705 dicit,
1631 5628 1992 5702 grmcanicum

423 5700 565 5776 quid
581 5706 819 5776 sapiunt,
844 5700 1604 5776 benigneinterpretandum.

501 5777 583 5841 (4)
608 5774 827 5829 Planius
852 5771 1145 5844 ἐνεργειῶν
1176 5771 1326 5844 θείας
1356 5771 1563 5835 οὐσίας.

487 5848 573 5917 {5}
595 5846 657 5899 In
680 5844 811 5899 Cod.
852 5842 1042 5899 vitiose
1067 5842 1391 5913 παρήλειφε.

1552 4622 1601 4667 et
1631 4615 1687 4667 in
1735 4612 1993 4682 Spiritum

2103 4611 2162 4667 τὸ
2201 4612 2437 4681 Πνεῦμα
2465 4611 2530 4665 τὸ
2559 4610 2748 4681 ἅγιον,
2779 4612 2844 4665 τὸ
2869 4613 3112 4682 Κύριον.
3134 4616 3589 4686 Παντοκράτορα
3618 4615 3670 4669 δὶ

2097 4704 2329 4773 λέγομεν
2380 4701 2895 4768 ἀποδιαστέλλοντες
2950 4705 3184 4769 ἑαυτοὺς
3231 4705 3331 4774 τῆς
3391 4707 3672 4775 αἱρετικῆς

2096 4793 2409 4867 ἀφροσύνης
2439 4794 2549 4849 τῶν
2573 4796 2683 4850 ἀπὸ
2711 4797 2991 4861 Μάνεντος
3020 4799 3377 4868 καὶΣίμωνος
3406 4801 3501 4853 καὶ
3516 4798 3671 4869 Μαρ-

2098 4885 2316 4949 κίωνος,
2364 4886 2414 4939 οἳ
2448 4886 2524 4956 μὴ
2584 4887 2800 4941 πάντων
2858 4889 2958 4960 τὴν
2991 4891 3316 4944 δεσποτείαν
3346 4891 3424 4962 τῷ
3465 4893 3545 4945 ἐνὶ
3579 4894 3671 4946 καὶ

2102 4979 2247 5050 μόνῳ
2272 4978 2390 5050 Θεῷ
2414 4979 2669 5045 διδόασιν,
2687 4979 2825 5035 ἀλλὰ
2858 4981 3140 5054 διαφόροις
3156 4986 3354 5054 ἀρχαῖς
3381 4985 3481 5055 τὴν
3514 4984 3672 5050 ἐξου-

2102 5069 2223 5122 σίαν
2248 5070 2355 5125 τῶν
2383 5069 2550 5124 ὄντων
2575 5071 2997 5143 ἀπομερίζουσι.
3020 5075 3114 5128 Διὸ
3129 5077 3553 5149 παντοκράτορα
3580 5079 3670 5131 τὸν

2103 5161 2324 5232 Πατέρα
2347 5162 2589 5226 τιθέντες
2624 5164 2719 5217 καὶ
2761 5164 2859 5237 τὴν
2888 5166 3070 5221 αἰτίαν
3114 5169 3215 5239 τῆς
3261 5169 3429 5225 αὑτοῦ
3469 5188 3669 5225 παντο-

2103 5255 2400 5325 κρατορίας
2442 5255 2743 5327 ὲπάγομεν,
2776 5260 3008 5329 ποιητὴν
3045 5261 3276 5332 οὐρανοῦ
3304 5264 3397 5316 καὶ
3419 5263 3524 5332 γῆς
3550 5265 3665 5317 τοῦ·

2099 5363 2193 5398 τον
2220 5347 2492 5414 λέγοντες,
2531 5347 2611 5411 ὡς
2639 5350 2825 5421 ἄκρων
2879 5352 2987 5422 γὰρ
3039 5351 3210 5407 ὅντων
3247 5353 3326 5427 (6)
3361 5356 3456 5409 καὶ
3500 5356 3571 5409 τὸ.
3615 5357 3675 5410 ἐν

2103 5438 2254 5508 μέσῳ
2277 5439 2678 5509 σημαινόμενα.

2174 5626 2251 5702 (β)
2283 5627 2383 5702 Hic
2430 5628 2580 5683 locus
2604 5628 2793 5702 leviter
2829 5640 3121 5702 corruptus
3154 5640 3258 5689 est.
3319 5629 3497 5685 Malim
3544 5646 3671 5702 ergo

2100 5712 2155 5769 tn
2179 5697 2295 5769 line
2320 5699 2499 5768 legere
2526 5700 2923 5769 σημαινόμεθα.
2958 5697 3125 5760 Paule
3167 5711 3296 5758 ante
3332 5712 3460 5757 uota
3510 5697 3672 5758 voca-

2101 5766 2288 5823 bulum
2340 5766 2753 5841 αὗτοκρατορία.
