4018 6568
452 420 523 482 15
1672 415 2022 478 EUTHYMI

2126 419 2459 481 SIGABENI
3634 417 3699 485 16

454 530 856 599 eum-demque?
906 527 1006 583 Per
1038 527 1141 584 hoc
1172 525 1314 582 enim
1344 536 1400 583 et
1432 527 1659 583 Paulum
1720 527 2026 584 Samosate-

2128 531 2284 585 ἄλλον
2321 532 2377 585 δὲ
2408 531 2498 585 τὸν
2523 530 2622 602 τῆς
2674 530 2954 602 Παρθένου
2990 531 3231 587 διδάσκει
3269 533 3330 587 τὸ
3360 533 3517 605 ἆγιον
3543 535 3693 608 Σύμ-

452 640 584 679 num
659 633 713 677 et
780 620 1086 678 Nestorium
1166 620 1475 685 submovet,
1534 621 1629 691 qui
1702 621 2023 693 blaspheme

453 726 678 769 tuentur
707 714 885 768 iilnd:
937 713 1148 766 Novum
1199 728 1443 782 prorsus,
1496 723 1551 767 et
1596 730 1625 766 a
1674 712 1841 766 Maria
1885 712 2025 766 inci-

449 808 691 876 pientem
737 803 1035 858 Christum.
1096 803 1239 868 Quin
1283 811 1339 857 et
1401 818 1590 858 amens
1650 803 2025 873 Apollinarins

450 914 550 967 per
581 898 697 950 lia-c
731 899 798 949 ab
848 894 1097 949 Ecclesia
1138 903 1380 959 arcetur,
1441 896 1531 965 qui
1584 895 1801 951 diversa
1854 898 1955 953 fuit
1994 914 2024 952 a

448 989 826 1061 superioribus
858 987 1048 1058 pestis.
1089 988 1167 1042 Illi
1212 989 1360 1043 enim
1407 1006 1436 1043 a
1471 988 1635 1043 Maria
1672 1007 1921 1060 prorsus,
1967 1000 2026 1045 ut

448 1083 520 1137 ita
552 1082 761 1151 loquar,
790 1081 1059 1151 incepisse
1107 1079 1386 1136 Christum
1430 1081 1685 1136 dixerunt
1716 1102 1727 1136 :
1760 1093 1811 1137 at
1859 1084 2024 1151 Apol-

450 1176 703 1239 linarius,
757 1174 1024 1244 quidquid
1072 1174 1163 1228 ille
1210 1182 1296 1227 est
1328 1174 1397 1226 ab
1438 1184 1647 1227 interno
1702 1175 1923 1238 habere,
1972 1186 2026 1232 ct

448 1266 678 1322 nihilex
714 1266 942 1335 Virgine
960 1266 1365 1335 assumpsisse;
1418 1264 1554 1334 quin
1598 1274 1654 1320 et
1700 1281 1921 1321 carnem
1958 1268 2026 1323 de

448 1361 707 1430 supernis
739 1359 1021 1424 detulisse,
1067 1366 1123 1410 et
1154 1372 1332 1426 neque
1384 1357 1692 1427 perfectum
1746 1358 2023 1413 hominem

448 1468 589 1509 esse.
638 1453 878 1507 Delicere
927 1450 1073 1503 enim
1125 1449 1199 1503 illi
1249 1458 1524 1513 tuentem;
1590 1465 1654 1503 ac
1684 1464 1783 1519 pro
1841 1463 2023 1505 mente

450 1546 649 1609 habere
690 1543 841 1597 illum
900 1541 1265 1595 divinitatem.
1317 1540 1451 1594 Vide
1496 1556 1682 1607 porro,
1748 1544 2023 1610 quomodo

448 1638 599 1704 prius
627 1635 825 1689 dixerit
852 1632 1204 1688 descendisse
1233 1633 1300 1686 de
1331 1632 1489 1696 coelo,
1530 1633 1730 1687 deinde
1770 1634 2024 1689 incarna-

448 1739 587 1783 tum.
656 1726 910 1796 Pugnant
984 1722 1099 1793 (10)
1169 1740 1405 1793 namque
1477 1726 1765 1781 manifeste
1829 1737 2019 1782 contra

465 1818 787 1889 Apollinarii
820 1819 1034 1887 dogma.
1065 1818 1294 1869 Attende
1331 1816 1517 1881 etiam,
1545 1818 1817 1887 quomodo
1848 1818 2023 1872 incar-

448 1925 639 1967 natum
675 1910 917 1965 dicimus
953 1910 1202 1973 veritate,
1250 1924 1360 1964 non
1399 1910 1641 1964 illusoria
1670 1911 1874 1980 specie.
1913 1911 2026 1965 Nec

446 2006 595 2059 enim
649 2004 890 2058 dicimus
950 2001 1227 2055 incarnaii
1270 2002 1471 2065 visum,
1525 2009 1585 2054 ut
1624 2000 1810 2056 Manes
1848 2001 2027 2055 aiebat

445 2111 499 2153 et
531 2098 709 2152 Cerdo
736 2105 791 2150 et
823 2095 1044 2149 Marcio.

520 2189 601 2244 Ea:
632 2188 833 2257 Spiritu
857 2198 1040 2240 sancto
1062 2196 1110 2239 et
1137 2184 1313 2239 Maria
1354 2184 1583 2255 Virgine.
1615 2185 1732 2240 Non
1756 2184 1901 2239 enim
1927 2199 2024 2255 per

446 2282 673 2335 Mariam
708 2278 1010 2351 Virginem,
1064 2285 1122 2331 ut
1148 2276 1523 2346 Apollinarius
1565 2277 1804 2343 dicebat,
1844 2292 2023 2346 neque

448 2375 591 2429 sicut
644 2388 739 2442 per
799 2370 1043 2425 canalem
1101 2369 1394 2439 quemdam
1450 2368 1775 2440 virginalem
1822 2389 2022 2445 nempe

442 2467 652 2529 alvum,
707 2464 800 2518 Dei
858 2462 1036 2517 Filius
1085 2461 1230 2516 inter
1288 2475 1392 2515 nos
1439 2462 1608 2527 venit,
1664 2462 1730 2517 de
1771 2467 2023 2535 supernis

445 2572 667 2612 carnem
732 2555 1015 2618 deferens,
1082 2562 1340 2622 tanquam
1381 2567 1601 2622 semper
1656 2556 2023 2611 essentialiter

445 2650 545 2704 sibi
598 2648 937 2718 adjunctam,
978 2655 1036 2700 ut
1093 2644 1416 2700 Valentinus
1466 2645 1755 2714 deliravit;
1808 2650 1902 2703 sed
1960 2666 2023 2703 ea:

443 2744 645 2813 Spiritu
668 2750 851 2795 sancto
874 2749 920 2794 et
955 2740 1134 2793 Maria
1169 2737 1405 2808 Virgine.

488 2880 489 2883 η
519 2835 601 2889 Ea;
640 2833 847 2904 Spiritu
872 2842 1075 2886 sancto.
1121 2830 1260 2897 Quia
1286 2830 1426 2884 Deus
1471 2837 1613 2897 erat,
1638 2830 1729 2900 qui
1760 2831 1813 2885 in
1864 2841 2021 2888 utero

442 2926 693 2996 virginali
732 2925 996 2979 formatus
1028 2930 1111 2977 est
1151 2922 1351 2976 infans.
1399 2919 1483 2974 Ex
1532 2923 1709 2975 Maria
1768 2920 2020 2992 Virgine,

443 3019 571 3089 quia
601 3019 668 3071 de
702 3019 940 3071 essentia
974 3016 1094 3085 ejus
1122 3023 1242 3068 erat
1265 3012 1411 3082 quod
1449 3012 1516 3066 ab
1560 3027 1627 3066 eo
1676 3022 2019 3083 assumptum

447 3121 579 3167 est:
630 3122 749 3177 quze
791 3108 969 3175 reipsa
1018 3105 1169 3176 virgo
1217 3103 1339 3169 fuit,
1388 3104 1591 3173 quippe
1641 3118 1765 3172 quae
1813 3105 2023 3159 scilicet

443 3205 605 3258 etiam
659 3214 873 3269 semper
920 3198 1093 3267 virgo.
1152 3194 1340 3265 Neque
1397 3195 1543 3249 enim
1585 3203 1883 3264 antequam
1934 3197 2023 3251 ille

446 3303 785 3355 nasceretur,
836 3308 863 3344 a
900 3293 1017 3345 viro
1062 3289 1283 3356 cognita
1320 3287 1517 3351 fuerat,
1566 3299 1625 3341 ut
1663 3287 2022 3357 Carpocrates

444 3389 662 3443 dicebat.
716 3387 877 3454 eique
928 3380 1237 3437 concordes
1282 3378 1591 3434 Massaliani
1620 3421 1635 3445 ,
1673 3394 1851 3449 neque
1899 3393 2023 3450 post

446 3481 811 3535 nativitatem.
864 3476 966 3529 Per
1030 3476 1147 3529 haec
1174 3473 1392 3540 Apelles
1441 3488 1659 3543 quoque
1714 3474 2024 3529 extruditur

448 3574 517 3629 de
541 3588 671 3627 vero
710 3586 872 3641 grege
922 3567 1150 3632 Christi,
1183 3567 1274 3636 qui
1300 3581 1426 3620 eum
1462 3582 1570 3619 non
1604 3582 1671 3620 ex
1705 3565 1871 3621 Maria
1898 3568 2022 3623 Vir-

449 3667 575 3735 gine
605 3665 806 3721 aiebat.
844 3661 939 3716 sed
968 3676 1035 3714 ex
1064 3667 1300 3729 quatuor
1326 3658 1616 3713 clementis
1649 3658 1754 3713 sibi
1798 3675 2021 3714 carnem

454 3758 833 3827 compegis'sc;
866 3756 916 3806 in
947 3767 1068 3822 qua:
1105 3752 1271 3806 etiam
1300 3759 1488 3821 postea
1537 3750 1805 3806 dissoluta
1833 3751 2022 3819 fuerit,

450 3850 670 3919 quando
700 3847 755 3900 in
794 3846 990 3899 ccelum
1023 3843 1203 3897 rediit.

528 3940 631 4006 Qui
690 3937 974 3992 descendit.
1062 3937 1400 3990 Descensum
1479 3935 1718 4006 cogitare
1784 3946 2024 4007 oportet,

451 4048 562 4086 non
602 4029 818 4084 deloco
868 4028 1249 4082 translatitiam
1300 4028 1681 4091 mutationem,
1734 4029 1828 4083 sed
1894 4045 2026 4084 con-

449 4124 873 4179 descensionem
912 4120 980 4174 ad
1015 4135 1140 4174 nos.

528 4215 845 4269 lncarnatus
879 4220 955 4263 est
990 4221 1035 4263 et
1076 4209 1229 4262 Ιιυηιο
1263 4209 1456 4277 factus.
1487 4210 1542 4264 ld
1564 4220 1669 4278 est,
1716 4228 1826 4267 non
1853 4214 2030 4269 solum

456 4321 701 4369 carnem,
739 4303 834 4358 sed
892 4311 948 4355 et
1001 4301 1239 4355 animam
1301 4308 1359 4355 et
1398 4312 1637 4358 mentem
1701 4312 1758 4358 et
1810 4319 2030 4360 omnem

2129 622 2456 685 6ο).ον,ἀλλὰ
2481 624 2573 676 τὶν
2606 623 2798 687 αὑτόν;
2827 621 2927 676 Διὰ
2983 622 3141 676 τοῦτο
3178 624 3286 693 γὰρ
3347 628 3437 679 καὶ
3487 627 3702 681 Παῦλον

2127 713 2216 766 τὸν
2252 714 2569 783 Σαμοσατὲα
2597 714 2691 767 καὶ
2729 714 3026 783 Νεστόριον
3060 714 3457 780 ἀποϐάλλεται,
3480 718 3608 780 τοὺς
3645 717 3704 770 τὸ

2128 808 2247 861 ὅλον
2308 810 2618 878 πρόσφατον
2681 811 2776 863 καὶ
2833 808 2942 863 ἀπὸ
2991 809 3215 879 Μαρίας
3254 811 3561 880 ἀρξάμενον
3612 811 3704 864 τὸν

2127 901 2361 971 Χριστὸν
2404 901 2880 973 βλασφημοῦντας.
2924 902 3086 954 Ἀλλὰ
3123 902 3185 973 δὴ
3233 904 3326 956 καὶ
3361 905 3388 955 ὀ
3416 905 3575 965 ἄνους
3615 904 3705 956 Ἀ-

2128 993 2469 1063 πολλινάριος
2496 994 2583 1047 διὰ
2611 993 2815 1047 τούτων
2857 994 2956 1063 τῆς
2989 993 3314 1062 Ἐκκλησίας
3353 993 3699 1065 ἀφορίζεται,

2128 1083 2257 1136 ἄλλο
2281 1085 2452 1137 κακὸν
2484 1085 2726 1138 ἐναντίον
2755 1086 3025 1155 τυγχάνον
3047 1089 3155 1149 τοῖς
3180 1093 3490 1157 προτέροις.
3532 1088 3706 1140 Ἐκεῖ-

2128 1190 2206 1226 νοι
2237 1176 2343 1247 γὰρ
2369 1179 2432 1229 ἐκ
2458 1175 2677 1246 Μαρίας
2708 1174 2769 1229 τὸ
2797 1175 2935 1239 ὅλον,
2965 1175 3041 1238 ὡς
3068 1177 3262 1241 είπεῖν,
3318 1177 3584 1248 ἄρξασθαι
3610 1182 3703 1231 τδν

2127 1265 2365 1332 Χριστὸν
2391 1266 2619 1331 ἔφασαν·
2653 1266 2703 1318 οἱ
2724 1265 2779 1319 δὲ
2813 1266 2940 1335 περὶ
2976 1265 3403 1335 ’Δπολλινάριον,
3428 1269 3486 1318 τὶ
3508 1268 3615 1319 πᾶν
3643 1267 3706 1321 ἄ-

2128 1352 2297 1405 νωθεν
2327 1353 2492 1422 ἔχειν,
2522 1355 2616 1406 καὶ
2640 1352 2807 1424 μηδὲν
2833 1355 2897 1405 ἐκ
2916 1354 3010 1423 τῆς
3035 1354 3310 1422 Παρθένου
3334 1352 3700 1423 ἀνειληφέναι,

2128 1441 2261 1495 ἀλλὰ
2280 1444 2371 1496 καὶ
2390 1444 2489 1514 τὴν
2507 1445 2685 1515 σάρκα
2711 1446 2774 1498 ὲκ
2804 1444 2911 1498 τῶν
2928 1444 3037 1497 ἄνω
3069 1450 3427 1515 καταγαγεῖν,
3448 1451 3539 1499 καὶ
3570 1446 3704 1517 μηδὲ

2126 1535 2333 1587 τέλειον
2364 1535 2654 1606 ἄνθρωπον
2680 1536 2842 1591 εἶναι.
2872 1536 3037 1589 Λείπε
3051 1554 3098 1589 ιν
3124 1539 3233 1608 γὰρ
3266 1540 3412 1608 αὐτῷ
3434 1540 3525 1592 τὸν
3555 1540 3703 1603 νοῦν,

2126 1627 2223 1678 καὶ
2240 1629 2365 1680 ἀντὶ
2380 1628 2474 1681 τοῦ
2495 1628 2586 1682 νοῦ
2608 1632 2901 1697 τυγχάνειν
2930 1630 3078 1698 αὐτῷ
3095 1630 3191 1699 τὴν
3211 1629 3461 1700 θεότητα.
3486 1633 3626 1702 Ὅρα
3644 1633 3700 1685 δὲ

2129 1715 2245 1777 πῶς
2277 1716 2490 1786 πρῶτον
2509 1717 2835 1772 κατελθόντα
2858 1715 3013 1771 εἶπεν
3039 1722 3101 1771 ἐκ
3134 1721 3242 1772 τῶν
3272 1720 3541 1789 οὐρανῶν,
3586 1721 3704 1774 εἶτα

2131 1805 2505 1874 σαρκωθέντα.
2541 1807 2684 1876 Πρὸς
2709 1808 2819 1879 γὰρ
2849 1807 2909 1860 τὸ
2935 1809 3028 1860 τοῦ
3074 1809 3483 1881 ’Λπολλιναρίου
3517 1813 3704 1878 σαφῶς

2058 1873 2099 1928 Β
2126 1898 2510 1967 ἀπομάχονται
2526 1873 2729 1968 δόγμαξ
2759 1873 2902 1969 ’δρα
2923 1900 2979 1952 δὲ
3012 1900 3129 1964 πῶς
3148 1873 3501 1972 σαρκωθέντα
3524 1873 3704 1973 φαμὲν

2126 1988 2378 2060 ἀληθείᾳ,
2421 1992 2483 2044 οὑ
2509 1992 2798 2063 φαντασίᾳ.
2823 1994 2900 2045 Οὐ
2938 1993 3047 2062 γὰρ
3078 1992 3427 2064 σαρκωθῆναι
3450 1994 3700 2063 δόξαντα,

2128 2078 2317 2150 ὥσπερ
2341 2080 2518 2144 Μάνις
2548 2082 2666 2151 (Η)
2691 2082 2843 2151 ἔλεγε
2871 2085 2963 2136 κα⁸ι
2981 2084 3201 2153 Κέρδων
3229 2086 3323 2137 καὶ
3347 2087 3637 2155 Μαρκίων.

2212 2171 2309 2224 Ἐκ
2338 2175 2690 2244 Πνεύματος
2715 2178 2888 2243 ἁγίου
2920 2178 3019 2231 καί
3064 2178 3293 2247 Μαρίας
3332 2178 3443 2247 τῆς
3485 2180 3705 2249 Παρθέ-

2125 2280 2259 2318 νου.
2284 2266 2357 2316 Οὑ
2393 2266 2500 2336 γὰρ
2530 2266 2617 2319 διὰ
2652 2268 2871 2337 Μαρίας
2905 2272 3005 2338 τῆς
3035 2270 3427 2339 Παρθένου.ὼς
3458 2270 3707 2326 Ἀπολλι-

2129 2358 2314 2428 νάριος
2348 2358 2549 2426 ηὲλεγε,
2600 2360 2710 2412 οὐδ’
2758 2360 2949 2432 ὥσπερ
2988 2361 3076 2414 διὰ
3128 2363 3369 2433 σωλῆνός
3405 2382 3548 2427 τινος
3604 2366 3705 2435 τῆς

2128 2450 2461 2522 παρθενικῆς
2516 2452 2750 2523 μήτρας,
2785 2455 2813 2506 ὁ
2841 2453 2967 2518 Υἱὸς
3019 2454 3116 2507 τοῦ
3162 2455 3295 2507 Θεοῦ
3339 2457 3704 2528 ἐπεδήμησεν,

2125 2541 2334 2595 ἄνωθεν
2366 2543 2465 2611 τὴν
2504 2543 2683 2611 σάρκα
2716 2545 2971 2614 κατάγων
3010 2545 3086 2609 ὡς
3126 2547 3212 2599 ἀεὶ
3260 2550 3700 2619 συνουσιωμένην

2123 2634 2293 2707 αὐτῷ,
2322 2636 2574 2706 καθάπερ
2598 2636 2949 2701 Οὑαλεντίνος
2980 2639 3271 2710 ἐλήρησεν,
3299 2640 3412 2694 ἀλλ’
3433 2641 3499 2693 ἐκ
3515 2642 3705 2695 [Inri-

2116 2742 2305 2794 ματος
2322 2726 2495 2795 ἁγίου
2520 2727 2619 2779 καὶ
2638 2728 2869 2796 Μαρίας
2889 2729 2998 2796 τῆς
3024 2727 3352 2797 Παρθένου.

2210 2819 2302 2871 Ἐκ
2350 2819 2701 2888 Πνεύματος
2771 2821 2965 2888 ἁγίου.
3010 2822 3135 2874 Ὀτι
3188 2820 3321 2883 Θεὸς
3370 2817 3442 2892 ἦν
3479 2821 3507 2872 ό
3548 2822 3604 2873 ὲν
3635 2824 3700 2891 τῇ

2124 2910 2427 2981 παρθενικῇ
2457 2911 2960 2983 βρεφουργούμενος
2999 2915 3215 2984 μήτρᾳο
3242 2915 3473 2981 Μαρίας
3505 2915 3560 2967 δὲ
3594 2911 3706 2981 τῆς

2125 3005 2458 3072 Παρθένου,
2482 3006 2563 3058 ὅτι
2577 3007 2641 3058 ἐκ
2656 3007 2756 3074 τῆς
2776 3008 2960 3070 οὐσίας
2978 3007 3148 3075 αὐτῆς
3165 3004 3232 3078 ἦν
3256 3009 3318 3061 τὸ
3340 3008 3702 3079 πρόσλημμα,

2126 3096 2229 3165 τῆς
2256 3097 2423 3161 ὅντως
2454 3098 2750 3169 παρθένου,
2783 3100 2877 3153 ἅτε
2915 3100 2978 3170 δὴ
3008 3103 3101 3152 καὶ
3148 3101 3535 3172 ἀειπαρθένου.
3563 3101 3702 3155 Οὔτε

2050 3226 2094 3286 C
2125 3188 2236 3258 γὰρ
2265 3188 2371 3257 πρὸ
2428 3193 2528 3260 τῆς
2554 3192 2861 3261 γεννήσεως
2894 3192 3140 3262 ἐγνώσθη
3172 3192 3347 3262 ἀνδρὶ,
3371 3191 3443 3254 ὡς
3480 3194 3705 3262 Καρπη-

2128 3283 2335 3354 κράτης
2363 3282 2515 3349 ἔλεγε
2543 3283 2638 3335 καὶ⁵
2671 3283 2720 3335 οί
2739 3283 2931 3336 τούτου
2960 3284 3263 3353 ὁμόφρονες
3296 3283 3697 3348 Μασσαλιανοὶ,

2129 3372 2251 3427 οὔτε
2291 3374 2430 3444 μετὰ
2455 3373 2556 3445 τὴν
2613 3375 2897 3446 γέννησιν.
2929 3376 3029 3428 Διὰ
3068 3374 3269 3429 τούτων
3302 3376 3395 3429 καὶ
3439 3376 3706 3447 Ἀπελλῆς

2129 3465 2495 3519 ἀπελαύνεται
2532 3468 2630 3537 τῆς
2661 3468 2927 3538 ἀληθινῆς
2963 3470 3201 3539 ποίμνης
3222 3470 3478 3538 Χριστοῦ,
3507 3472 3606 3523 οὐκ
3642 3472 3705 3523 ὲκ

2129 3558 2353 3628 Μαρίας
2391 3559 2489 3628 τῆς
2536 3558 2816 3628 Παρθένου
2870 3560 3096 3628 φάσκων
3162 3561 3348 3626 αὑτὸν,
3408 3564 3472 3615 ὲκ
3498 3561 3553 3614 δὲ
3599 3561 3709 3615 τῶν

2128 3653 2410 3723 τεσσάρων
2429 3653 2710 3722 στοιχείων
2738 3652 2837 3722 τὴν
2853 3651 3048 3705 ἑαυτοῦ
3084 3652 3261 3722 σάρκα
3294 3652 3707 3723 συμπήξασθαι,

2133 3744 2212 3807 εἰς
2237 3744 2272 3797 ἃ.
2310 3745 2403 3796 καὶ
2427 3742 2658 3814 ὕστερον
2689 3743 3042 3814 ἀναλυθῆναι,
3072 3745 3161 3798 ὅτε
3192 3746 3273 3807 εἰς
3298 3745 3561 3816 οὐρανοὺς
3616 3749 3711 3799 ἁν-

2133 3835 2402 3907 εληλύυει.

2208 3928 2616 3983 Κατελθόντα.
2643 3925 2887 3981 Κάθοδον
2946 3926 3166 3997 νοητέον
3213 3927 3274 3980 οὐ
3321 3927 3420 3998 τὴν
3455 3928 3519 3979 ὲκ
3546 3927 3710 3981 τόπου

2140 4020 2511 4091 μεταϐατικὴν
2541 4020 2896 4089 μετάστασιν,
2919 4020 3057 4072 ἀλλὰ
3089 4022 3186 4089 τὴν
3212 4021 3349 4091 πρὸς
3385 4021 3531 4091 ἡμᾶς
3574 4036 3711 4089 συγ·

2140 4113 2462 4166 κατάϐασιν.

2210 4208 2597 4276 Σαρκωθέντα
2638 4206 2737 4261 καί
2757 4206 3321 4275 ἐνανθρωπήσαντα.
3348 4207 3634 4261 Τουτέστιν
3654 4207 3716 4259 οὐ

2147 4300 2307 4370 μόνον
2345 4300 2548 4369 σάρκα,
2579 4300 2718 4354 ἀλλὰ
2776 4300 2874 4353 καὶ⁸
2918 4299 3099 4368 ψυχὴν
3149 4299 3244 4351 καὶ
3299 4300 3424 4352 νοῦν
3450 4307 3545 4353 καὶ
3583 4301 3719 4364 ὅλως

457 4400 685 4453 omnino
766 4398 1045 4448 hominem
1126 4394 1444 4463 assumpsit,
1533 4410 1642 4449 non
1723 4398 2026 4453 secundum

2141 4392 2260 4444 ὅλον
2280 4389 2606 4461 ἀνειληφότα
2631 4390 2725 4443 τὸν
2751 4388 3063 4460 ἄνθρωπον,
3087 4389 3210 4458 οὐχὶ
3237 4389 3379 4443 κατὰ
3400 4391 3491 4444 τδν
3526 4391 3723 4444 Ἀπολ-

454 4486 881 4559 Apollinarium.

2144 4486 2418 4555 λινάριον.

528 4580 926 4648 Cruci/imusque
975 4592 1067 4643 pro
1104 4575 1251 4628 nobis
1279 4575 1372 4627 sub
1409 4573 1596 4629 Pontio
1644 4575 1846 4632 Pilato.
1897 4576 2026 4633 Ecce

2213 4538 2637 4643 Σταυρωθέντα
2670 4589 2735 4627 τε
2763 4572 2914 4641 ὑπὲρ
2935 4571 3105 4642 ἡμῶν
3127 4572 3225 4626 ἐπὶ
3258 4538 3511 4627 Ποντίου
3543 4571 3724 4626 Πιλά-

462 4674 723 4728 Βιιεὶιίιιοε
754 4685 970 4740 quoque
1022 4684 1119 4739 per
1165 4668 1269 4722 hoc
1319 4668 1586 4736 rejicitur,
1627 4669 1721 4738 qui
1755 4669 1830 4723 ait
1861 4668 2043 4724 Simo-

2152 4684 2279 4722 του.
2327 4666 2457 4720 Ἰδοὺ
2489 4665 2582 4719 καὶ⁸
2629 4664 2953 4730 Βασιλείδης
2991 4665 3079 4718 διὰ
3133 4665 3325 4718 τούτου
3372 4664 3717 4726 ἐκϐάλλεται,

462 4782 584 4820 nem
622 4765 832 4833 Magum
880 4762 1048 4815 fuisse
1078 4775 1320 4830 passum,
1355 4761 1448 4829 qui
1478 4759 1732 4814 Christus
1761 4769 2026 4829 reputatur

2144 4759 2365 4828 Σίμωνα
2394 4756 2588 4810 παθεῖν
2609 4755 2704 4810 τὸν
2734 4755 2928 4823 Μάγον
2958 4755 3153 4822 λέγων,
3195 4754 3530 4825 νομισθέντα
3564 4752 3714 4808 εἶναι

462 4855 628 4909 fuerit
682 4854 835 4906 Sicut
864 4851 1027 4904 etiam
1067 4850 1377 4913 Ismaelitaz,
1415 4849 1508 4916 qui
1552 4848 1887 4903 arbitrantur
1914 4864 2026 4903 eun

2145 4850 2380 4920 Χριστόν
2401 4867 2416 4880 ο
2460 4848 2649 4919 ὥσπερ
2679 4849 2776 4901 κει)⁸
2800 4848 2849 4901 οἱ
2890 4845 3232 4917 Ἰσμαηλίται
3262 4846 3427 4900 αὑτὸν
3458 4847 3560 4916 μὲν
3587 4863 3720 4916 προ-

463 4946 781 5015 prophelam
817 4958 881 4996 ac
929 4942 1037 4996 Deo
1061 4940 1321 4995 dilectum
1360 4947 1817 5009 assumptumque
1848 4940 1902 4993 in
1931 4955 2044 4995 cte-

2149 4943 2329 5012 φήτην
2357 4939 2500 4993 εἶναι
2516 4940 2755 5009 οἰόμενοι
2782 4941 2873 4993 καὶ
2904 4940 3293 5011 ἀγαπητὸν.τῴ
3313 4940 3433 5008 Θεῷ
3465 4940 3559 4993 καὶ
3586 4941 3720 4991 ἀνα-

452 5038 599 5098 Jum,
634 5050 853 5104 passum
878 5033 1099 5103 quidem
1150 5032 1318 5086 fuisse
1365 5033 1540 5094 aiunt,
1587 5033 1685 5087 sed
1720 5032 2026 5086 crucilixam

2148 5034 2419 5104 ληφθῆναι
2458 5034 2537 5097 εἰς
2568 5033 2858 5102 οὐρανοὺς,
2894 5032 3140 5085 παθόντα
3173 5033 3292 5101 μὲν,
3330 5032 3714 5102 σταυρωθῆναι

468 5130 587 5197 ejus
614 5130 887 5182 umbram.
937 5126 1042 5183 Sub
1075 5125 1264 5178 Pontio
1297 5124 1491 5178 Pilato.
1524 5125 1590 5179 Et
1621 5126 1750 5190 hoc,
1778 5135 1837 5178 ut
1859 5141 1928 5179 ex
1952 5124 2044 5177 vhi-

2146 5126 2204 5179 δὲ
2237 5125 2401 5179 αὑτοῦ
2430 5126 2529 5195 τὴν
2586 5125 2768 5179 σκιάν.
2809 5126 2939 5179 Ἐπὶ
2999 5127 3254 5180 Ποντίου
3291 5125 3573 5180 Πιλάτου.
3617 5127 3724 5177 Καὶ

469 5204 639 5273 ιςίιντίιι
676 5236 797 5288 quae
851 5229 1070 5288 tempus
1126 5218 1417 5286 diligenter
1470 5216 1651 5278 docet,
1704 5216 1798 5285 qui
1851 5215 2017 5270 dicun

2132 5215 2338 5280 τοῦτο,
2369 5216 2457 5270 ἶνα
2487 5214 2549 5279 ἐξ
2585 5216 2854 5287 ἱστορίας,
2905 5216 2997 5268 τὸν
3056 5217 3251 5285 χρόνον
3278 5215 3521 5285 ἀκριϐῶς
3549 5233 3723 5286 παρα·

458 5311 749 5367 Christum
779 5321 963 5364 natum
994 5309 1161 5364 fuisse
1184 5325 1245 5363 ex
1272 5307 1443 5362 Maria
1473 5304 1664 5363 sorore
1687 5309 2048 5379 Moysis,con-

464 5408 796 5462 {uterentun

711 5499 775 5554 Et
807 5514 992 5570 passus
1023 5507 1072 5552 et
1102 5495 1339 5565 sepultus
1378 5468 1485 5561 est,
1534 5504 1585 5549 et
1617 5495 1900 5549 resurrexit
1940 5504 2050 5551 ter-

548 5708 564 5772 (
578 5708 658 5769 l0)
679 5706 917 5774 Symboli
950 5713 1225 5760 auctores.

529 5779 658 5847 Δ(Η)
685 5772 774 5847 Sic
806 5778 867 5829 h.
898 5775 939 5829 ι.
980 5778 1156 5847 reperi
1180 5789 1294 5847 Apro
1336 5772 1551 5847 Μάνης.

529 5843 658 5919 ,(12)
689 5846 785 5903 Hic
806 5843 1307 5920 videturexcidisse
1358 5843 1612 5916 verbum,
1641 5860 1767 5905 v.c.
1798 5843 2055 5903 παύσων·

2158 5307 2431 5376 διδούσης,
2467 5308 2519 5360 οἱ
2548 5308 2659 5361 ἀπὸ
2688 5308 2906 5379 Μαρίας
2926 5309 3026 5377 τῆς
3052 5308 3289 5377 ἀδελφῆς
3327 5310 3608 5372 Μωῦπέως
3635 5310 3724 5362 τὸν

2162 5399 2398 5467 Χριστὸν
2438 5399 2805 5469 γεγεννῆσθαι
2836 5402 3138 5469 φάσκοντες
3179 5401 3311 5471 (ιῖ).

2238 5529 2253 5544 .
2293 5529 2308 5547 .
2344 5530 2360 5546 .
2395 5529 2408 5544 .
2447 5531 2463 5548 .
2498 5530 2513 5545 .
2550 5530 2564 5544 .
2596 5531 2610 5546 .
2648 5531 2663 5547 .
2700 5532 2717 5547 .
2753 5494 2865 5563 (15)
2891 5493 3000 5546 Καὶ
3032 5493 3299 5546 παθόντα
3327 5493 3420 5547 καί
3447 5494 3728 5564 ταφέντα,

2163 5721 2253 5759 ται
2277 5704 2568 5776 ληροῦντες
2601 5717 2696 5762 aut
2724 5706 2867 5762 aliud
2891 5707 3019 5776 quid
3059 5707 3186 5762 tale.

2215 5778 2327 5849 (15)
2355 5779 2495 5833 Ante
2527 5778 2620 5831 καὶ
2648 5780 2699 5833 in
2746 5778 2935 5834 codice
2952 5787 3036 5834 est
3059 5777 3293 5848 spatium
3328 5792 3590 5837 vacuum.
