4018 6608
271 469 324 530 17
1478 470 1819 532 EXPOSIT!

1932 469 2278 531 SYMBOLI.
3434 477 3497 541 18

264 581 343 632 ml
364 577 723 633 ἀναστάντα
751 581 826 647 τῇ
864 579 1026 649 τρίτῃ
1050 579 1237 649 ἡμέρᾳ
1262 578 1413 634 κατὰ
1439 580 1546 646 τὰς
1569 580 1819 649 Γραφάςι

1934 576 2007 629 tia
2042 577 2126 629 die
2181 576 2463 631 secundum
2508 578 2828 651 Scripturas.
2882 580 3106 635 Passum
3139 591 3191 636 et
3224 582 3495 652 sepultutn

264 669 498 723 Παθόντα
526 673 623 723 καὶ
656 674 900 740 ταφέντα
925 674 1110 743 φησιν,
1144 673 1204 725 οὐ
1239 671 1433 726 παθεῖν
1456 674 1551 726 καὶ
1581 673 1825 741 ταφῆναι

260 763 496 828 δόξαντα,
540 763 663 817 ἀλλ’
695 764 931 835 ἀληθείᾳ
960 764 1056 818 καὶ
1084 765 1257 828 πάθος
1293 766 1386 818 καὶ
1434 765 1667 819 θάνατον
1694 766 1827 818 ὐπο-

262 853 515 921 μείναντα
548 856 645 907 καὶ
676 857 877 926 ταφήν.

317 946 424 998 Καὶ
460 946 814 1000 ἀναστάντα
834 946 910 1013 τῇ
943 948 1105 1015 τρίτῃ
1132 946 1319 1017 ἡμέρᾳ
1358 947 1509 1002 κατὰ
1545 948 1650 1013 τὰς
1674 949 1828 1014 Γρα-

255 1037 383 1105 ρὰς.
418 1038 530 1099 Τὰς
561 1039 824 1102 παλαιάς.
865 1040 1164 1094 Ἑτυποῦτο
1190 1041 1299 1110 γὰρ
1334 1041 1420 1094 διὰ
1441 1041 1551 1093 τῶν
1574 1042 1826 1095 Παλαιῶν

258 1128 345 1179 zzl.
380 1132 830 1201 προεσημαίνετο
854 1131 944 1184 διὰ
989 1132 1098 1184 τῶν
1147 1132 1498 1203 πρηητειῶν
1521 1134 1825 1204 τριήμερος

254 1222 282 1288 ἡ
312 1219 407 1273 τοῦ
436 1222 699 1293 Σωτῆρος
725 1224 1054 1285 ἀνάστασις.
1092 1225 1249 1294 Τάχα
1283 1226 1341 1278 δὲ
1377 1224 1438 1278 οὐ
1486 1225 1689 1287 ταύτας
1724 1226 1822 1295 μό-

255 1330 355 1375 νον,
382 1314 522 1367 ἀλλὰ
553 1315 648 1368 καὶ
680 1317 780 1379 τὰς
808 1317 904 1370 τοῦ
928 1317 1295 1386 Εὐαγγελίου,
1334 1320 1394 1372 ὲν
1420 1314 1511 1383 αἷς
1547 1318 1763 1389 τρανῶς
1789 1320 1822 1388 ή

254 1402 550 1464 ἀνάστασις
578 1405 670 1457 τοῦ
712 1407 921 1477 Κυρίου
951 1410 1304 1479 κηρύττεται.

315 1497 426 1547 Kal
471 1495 813 1551 ἀνελθόντα
870 1500 957 1564 είς
987 1501 1129 1565 τοὺς
1156 1503 1474 1568 οὐρανούς.
1509 1503 1651 1567 Τοὺς
1679 1503 1822 1559 οὕτω

250 1585 584 1655 λεγομένους
617 1589 659 1640 Χ
670 1588 993 1657 ριστολύτας
1018 1590 1337 1662 αίρετικοὺς
1363 1592 1525 1647 τοῦτο
1568 1594 1823 1650 ὲκσὰλλει

249 1679 344 1747 τῆς
384 1679 744 1750 Ἐκκλησίας,
781 1680 834 1734 οἳ
866 1685 1048 1753 γυμνῇ
1089 1700 1226 1752 φασι
1256 1687 1317 1754 τῇ
1362 1685 1599 1757 θεότητι,
1625 1686 1719 1740 καὶ
1757 1688 1819 1741 οὐ

254 1770 387 1839 μετὰ
412 1770 669 1841 σώματος
697 1775 778 1836 είς
802 1774 1071 1845 οὐρανοὺς
1097 1776 1366 1833 ἀνελθεῖν.
1416 1779 1507 1841 '0;
1538 1779 1651 1852 γὰρ
1719 1780 1818 1833 ἀν-

252 1862 377 1929 έστη
415 1863 557 1929 μετᾶ
589 1862 865 1934 σώματος,
884 1864 1057 1930 οὕτως
1082 1868 1283 1938 ἀνῆλθε
1313 1870 1453 1939 μετὰ
1472 1870 1747 1942 σώματος.

314 1954 423 2006 Καὶ
446 1953 844 2022 καθεζόμενον
862 1958 930 2012 ἐκ
957 1957 1172 2024 δεξιῶν
1198 1963 1305 2017 τοῦ
1332 1967 1579 2033 Πατρός.
1604 1967 1818 2041 Ὠσπερ

248 2046 373 2097 ὅταν
398 2044 655 2116 λέγωμεν
687 2048 995 2119 κατελθεῖν,
1026 2051 1077 2105 ei
1107 2054 1205 2106 καὶ
1228 2055 1303 2126 μὴ
1331 2056 1432 2126 τὴν
1464 2057 1644 2128 σάρκα
1672 2060 1817 2115 ἐκεῖ-

250 2133 334 2186 θεν
363 2131 534 2205 εἶχεν,
579 2138 697 2192 ἀλλ’
724 2139 819 2194 οὖν
846 2143 906 2196 ὲν
938 2141 1151 2214 σώματι
1186 2147 1443 2214 γενέσθαι
1480 2150 1679 2220 φαμὲν.
1720 2153 1818 2206 καὶ

249 2226 333 2280 διὰ
356 2228 616 2299 σώματος
646 2234 783 2302 ἡμῖν
811 2234 1096 2306 ὁμιλῆσαι,
1127 2238 1249 2308 οὐχὶ
1271 2244 1451 2313 γυμνῇ
1484 2245 1550 2313 τῇ
1576 2244 1815 2315 Θεότητι·

248 2318 387 2371 οὕτω
418 2321 518 2373 καὶ
541 2323 935 2393 ἀνεληλυθέναι
969 2327 1201 2398 νοοῦμεν
1248 2332 1388 2401 μετὰ
1431 2333 1706 2405 σώματος.
1752 2337 1819 2391 Τί

247 2418 301 2470 δέ
325 2418 443 2472 ἐστι
475 2422 537 2473 τὸ
574 2423 807 2479 καθίσαι
833 2428 896 2481 ὲκ
924 2426 1116 2492 δεξιῶν
1144 2445 1159 2494 ;
1217 2430 1341 2483 Ὀτι
1391 2432 1491 2485 οὐκ
1524 2433 1765 2487 ἐλάττων
1790 2435 1818 2488 ὀ

252 2512 370 2573 Υἱὸς
388 2513 486 2566 τοῦ
504 2517 738 2587 Πατρδς,
760 2520 884 2574 οὐδὲ
903 2522 983 2574 ὅτι
1005 2522 1291 2593 ἄνθρωπος
1316 2526 1528 2594 γέγονε,
1549 2526 1636 2581 διὰ
1659 2527 1819 2584 τοῦτο

250 2604 575 2671 ἠλάττωται.
622 2610 911 2681 Ἐμφαίνει
936 2614 991 2668 δὲ
1020 2614 1185 2669 αὐτοῦ
1219 2616 1252 2687 ἡ
1282 2618 1523 2689 καθέδρα
1562 2636 1654 2674 τον
1691 2660 1706 2676 .
1745 2661 1760 2677 .
1801 2662 1817 2679 .

255 2729 272 2747 .
304 2732 318 2745 .
352 2733 369 2749 .
421 2696 535 2768 (14)
560 2698 729 2753 αὐτοῦ
756 2702 854 2757 καὶ
878 2702 1220 2760 δεσποτείαν.
1255 2707 1330 2760 Οὐ
1356 2708 1461 2779 γὰρ
1490 2709 1677 2764 δούλου
1703 2713 1820 2766 ἐστὶ

251 2785 308 2836 τὸ
339 2788 631 2857 καθῆσθαι.

317 2875 429 2931 Καὶ
459 2881 652 2935 πάλιν
679 2883 1010 2954 ἐρχόμενον
1034 2888 1187 2956 μετὰ
1220 2888 1426 2958 δόξης.
1469 2892 1817 2965 Ἐρχόμξνον,

251 2970 621 3036 ὃδισποτείας
649 2977 768 3029 ἐστὶ
802 2978 898 3032 καὶ
928 2978 1028 3050 τῆς
1050 2981 1665 3057 ἀληθοῦςοκυριότητος.

313 3063 520 3129 Κρῗναι
548 3063 771 3132 ζῶντας
801 3070 898 3123 καί
922 3073 1193 3139 νεκρούς.
1240 3074 1438 3143 Κρϊναί
1488 3077 1688 3130 ἔστιτὸ
1748 3078 1821 3132 δι-

252 3151 387 3204 ελεῖν
417 3156 514 3207 καὶ
545 3157 844 3214 ἀποδοῦναι
900 3160 1115 3232 ἑκάστῳ
1166 3163 1288 3217 κατ’
1319 3165 1478 3231 ἀξίαν
1503 3166 1612 3220 τῶν
1640 3167 1820 3239 ἔργων

1931 665 2098 722 fuisse
2131 667 2374 733 ait,'non
2424 670 2531 737 pati
2567 686 2628 725 ac
2679 672 2896 741 sepeliri
2956 672 3176 737 visum;
3228 673 3321 726 sed
3372 688 3498 727 vere

1934 760 2243 829 passionem
2276 776 2339 816 ac
2369 770 2599 817 mortem
2630 771 2685 818 et
2712 763 3045 819 sepulturam
3077 762 3331 817 subiisse.

2006 940 2069 993 Et
2098 943 2378 997 resurrexit
2409 944 2565 997 tertia
2595 944 2687 996 die
2724 945 3008 998 secundum
3037 942 3361 1013 Scripturas.
3399 943 3502 996 Ve-

1930 1042 2075 1088 teres
2096 1047 2313 1103 nempe.
2341 1033 2697 1105 Figurabatur
2722 1050 2959 1104 namque
2992 1052 3086 1105 per
3114 1046 3325 1091 veteres
3351 1034 3502 1090 Scri-

1928 1135 2139 1194 pturas.
2164 1135 2219 1181 et
2248 1124 2577 1181 innuebatur
2603 1142 2701 1195 per
2755 1125 3075 1196 prophetias
3102 1126 3351 1181 triduana
3382 1126 3501 1180 Sal-

1929 1217 2131 1271 ratoris
2177 1217 2360 1272 futura
2412 1219 2763 1273 resurrectio.
2801 1218 2964 1273 Forte
3012 1219 3177 1272 etiam
3233 1234 3341 1271 non
3402 1218 3500 1271 has

1925 1311 2187 1365 duntaxat
2234 1312 2566 1382 intelligunt,
2596 1313 2690 1367 sed
2731 1322 2785 1367 et
2834 1312 3144 1383 Scripturas
3192 1312 3495 1381 Evangelii,

1929 1400 2209 1470 inquibus
2258 1402 2466 1472 liquido
2496 1403 2832 1458 resurrectio
2881 1403 3097 1457 Domini
3154 1402 3495 1473 praedicatur.

1994 1494 2063 1548 Et
2092 1494 2323 1548 ascendit
2347 1494 2402 1547 in
2424 1496 2592 1549 castos.
2622 1496 2738 1550 Hoc
2763 1494 2989 1561 expellit
3009 1494 3078 1549 de
3105 1492 3350 1548 Ecclesia
3385 1494 3499 1549 ha:-

1930 1585 2154 1649 reticos,
2187 1585 2281 1655 qui
2308 1584 2570 1640 dicuntur
2609 1586 2959 1657 Cbristolyti:
2994 1585 3085 1656 qui
3119 1585 3264 1639 nuda
3305 1584 3504 1639 divini-

1925 1686 2034 1732 tate
2056 1677 2230 1743 aiunt,
2253 1686 2308 1733 et
2329 1692 2437 1731 non
2465 1692 2589 1733 cum
2619 1693 2850 1748 corpore
2881 1693 3005 1732 eum
3031 1677 3083 1731 in
3118 1677 3285 1731 canos
3316 1692 3501 1731 rever-

1923 1784 2065 1825 sum.
2092 1769 2248 1826 Sicut
2290 1770 2437 1825 enim
2491 1772 2732 1825 surrexit
2778 1786 2902 1826 cum
2956 1784 3205 1841 corpore,
3252 1769 3323 1823 ita
3378 1785 3501 1824 cum

1853 1900 1895 1956 Β
1923 1875 2150 1932 corpore
2178 1866 2443 1918 ascendit.

1987 1966 2058 2021 Et
2085 1969 2226 2022 sedet
2260 1970 2330 2023 ad
2374 1968 2651 2023 dexteram
2690 1967 2893 2022 Patris.
2950 1967 3105 2022 Sicut
3157 1968 3376 2036 quando
3406 1967 3501 2020 de-

1918 2061 2195 2117 scendisse
2231 2062 2485 2128 dicimus,
2512 2061 2615 2117 etsi
2667 2078 2885 2117 carnem
2919 2061 3044 2115 inde
3092 2076 3204 2115 non
3248 2060 3499 2122 habebat,

1918 2154 2277 2211 nihilominus
2302 2156 2355 2209 in
2388 2170 2613 2226 corpore
2658 2154 2825 2207 fuisse
2858 2153 3124 2217 dicimus,
3161 2161 3215 2206 et
3244 2166 3339 2222 per
3373 2166 3495 2205 cor-

1923 2260 2027 2316 pus
2049 2247 2331 2302 nobiscum
2362 2248 2529 2302 fuisse
2562 2254 2966 2310 conversatum,
2992 2260 3099 2299 non
3132 2244 3273 2299 nuda
3306 2243 3503 2298 divini-

1919 2339 2170 2395 tatezita
2221 2350 2276 2395 et
2311 2339 2622 2395 ascendisse
2675 2340 2975 2408 cogitamus
3052 2354 3174 2391 cum
3237 2351 3498 2407 corpore.

1920 2430 2061 2497 Quid
2091 2439 2272 2486 autem
2296 2431 2397 2485 sibi
2429 2430 2544 2485 vult
2569 2429 2759 2485 sedere
2784 2428 2850 2483 ad
2876 2428 3147 2481 dexteram
3170 2425 3193 2478 ?
3214 2426 3368 2491 Quod
3392 2441 3499 2479 non

1919 2524 2100 2578 minor
2131 2523 2204 2578 sit
2234 2521 2405 2577 Filius
2443 2523 2619 2587 Patre,
2648 2535 2771 2586 nec,
2798 2518 2923 2589 quia
2969 2519 3131 2572 homo
3177 2518 3352 2571 factus
3397 2527 3501 2580 est,

1918 2625 2202 2687 propterea
2228 2616 2544 2670 imminutus
2571 2624 2671 2670 est.
2706 2613 2955 2669 Ostendit
2987 2620 3169 2665 autem
3197 2610 3354 2665 sedes
3383 2610 3501 2679 ejus

1921 2708 2282 2778 wquatitatem
2318 2707 2463 2763 illius
2491 2716 2653 2776 atque
2682 2705 3006 2761 dominium.
3038 2700 3157 2756 Non
3195 2702 3340 2757 enim
3374 2717 3501 2771 pro-

1920 2801 2103 2872 prium
2136 2808 2220 2854 est
2252 2800 2392 2854 servi
2431 2799 2643 2855 sedere.

1999 2903 2060 2957 Et
2091 2905 2280 2958 iterum
2305 2914 2552 2959 venturus
2583 2914 2656 2959 est
2686 2921 2803 2958 cum
2834 2904 3025 2975 gloria.
3046 2905 3339 2967 Venturus,
3358 2901 3498 2969 quod

1923 2995 2152 3050 dominii
2181 3005 2265 3052 est
2295 3012 2546 3065 vernaque
2578 2997 2940 3052 auctoritatis.

1989 3084 2235 3140 Judicare
2284 3087 2421 3140 vivos
2452 3094 2500 3139 et
2536 3095 2766 3139 mortuos
2786 3125 2798 3138 .
2840 3083 3113 3147 Judicare,
3140 3094 3222 3139 est
3252 3084 3495 3138 diVitiCl‘C

1928 3185 1985 3229 et
2020 3176 2265 3230 tribucre
2313 3175 2515 3245 cuique
2546 3177 2699 3249 juxta
2764 3177 3024 3230 meritum
3081 3191 3308 3245 Ope-rum
3357 3177 3497 3241 ejus.

253 3245 433 3301 αὐτοῦ.
472 3248 693 3313 Ζῶντας
727 3252 956 3322 νοοῦμεν
982 3255 1109 3318 τοὺς
1136 3257 1546 3323 πιστεύσαντας
1570 3261 1651 3323 εἰς
1679 3261 1817 3331 Χρι-

1932 3266 2093 3323 Vivos
2157 3267 2509 3339 intelligimus
2548 3245 2661 3322 veos
2712 3268 2803 3337 qui
2859 3267 3210 3322 crediderunt
3240 3268 3293 3320 in
3336 3267 3499 3321 Chri-

257 3339 388 3402 στὶν,
422 3342 519 3395 καὶ
553 3342 652 3412 τὴν
676 3345 860 3398 πίστιν
883 3348 1063 3417 ἔργοις
1090 3348 1316 3417 ἀγαθοῖς
1369 3350 1778 3419 βεϐαιώσαντας
1802 3370 1818 3386 ο

258 3433 471 3499 νεκροὺς
498 3433 554 3485 δὲ
580 3436 708 3498 τους
735 3440 809 3506 μὴ
835 3440 1255 3507 πιστεύσαντας,
1279 3443 1575 3508 δοκοῦντας
1604 3444 1661 3498 δὲ
1684 3444 1821 3515 ἔργα

260 3518 391 3585 ἒιειν
427 3525 667 3593 χρηστὰ,
713 3526 808 3579 καὶ
843 3518 1030 3582 πίστιν
1079 3530 1178 3601 μὲν
1210 3532 1455 3603 ἔχοντας,
1520 3534 1582 3587 οὒ
1625 3535 1733 3607 μὴν
1764 3534 1820 3589 δὲ

261 3614 339 3664 καὶ
363 3613 448 3666 διὰ
484 3615 593 3668 τῶν
617 3616 793 3686 ἔργων
822 3620 1319 3693 λαμπρυνομὲνους
1355 3626 1454 3697 τῆς
1486 3626 1744 3691 πίστεως.

323 3700 399 3760 Οὗ
434 3704 548 3774 τῆς
570 3712 901 3779 βασιλείας
943 3716 1053 3767 οὐκ
1078 3717 1251 3769 ἔσται
1279 3715 1474 3782 τέλος.
1521 3718 1817 3774 ’Δθανάτου

260 3798 353 3867 γὰρ
380 3799 531 3861 ὄντος
561 3802 755 3869 αὑτοῦ,
786 3805 1143 3879 ἀτελεύτητος
1172 3808 1328 3863 ἔσται
1354 3812 1447 3864 καὶ
1489 3812 1522 3883 ἡ
1563 3812 1816 3883 βασιλεία

263 3906 429 3945 αυτου.

320 3983 423 4037 Καὶ
468 3986 553 4051 εις
602 3986 669 4039 τὸ
704 3988 948 4058 Πνεῦμα
994 3991 1061 4044 τὸ
1114 3991 1307 4061 ἅγιον,
1358 3994 1425 4047 τὸ
1469 3995 1709 4065 Κύριον,
1750 3998 1845 4051 td'

264 4068 545 4129 ἄνοποιόν.
583 4075 769 4131 Ταῦτα
796 4080 896 4150 τὴν
926 4081 1090 4150 φύσιν
1130 4084 1388 4154 σημαίνει
1419 4085 1515 4138 τοῦ
1558 4087 1814 4158 Πνεῦμα-

261 4180 337 4226 τος
373 4169 466 4220 καὶ
510 4168 613 4240 τὴν
651 4170 839 4240 σχέσιν
870 4173 1059 4240 αὐτοῦ,
1091 4176 1191 4245 τὴν
1232 4176 1368 4247 πρὸς
1422 4177 1513 4233 τὸν
1564 4179 1810 4251 Πατέρα,

262 4255 339 4306 aut
368 4254 427 4307 τὺ
463 4258 835 4313 ἑνυπόστατον
872 4264 1004 4317 αὐτὸ
1050 4260 1190 4319 εἶναι
1222 4268 1333 4337 (15)
1372 4305 1388 4321 .
1430 4305 1447 4323 .
1485 4307 1504 4325 .
1556 4307 1572 4324 .
1607 4307 1623 4325 .
1658 4308 1673 4323 .
1714 4271 1815 4326 ,τὸ

264 4347 465 4418 Πνεῦμα
488 4350 637 4413 ἰδίως
669 4354 905 4408 ἐνταῦθα
936 4357 1229 4425 λεγόμενον
1255 4360 1343 4411 ἐπὶ
1373 4358 1474 4429 τῆς
1506 4359 1601 4414 τοῦ
1645 4363 1815 4416 ἐκπο-

262 4444 437 4509 ρευτοῦ
471 4445 852 4514 ὑποστάσεως,
884 4452 1157 4505 Ζωοποιὸν
1199 4452 1279 4520 δὲ,
1315 4454 1504 4523 ἐπειδὴ
1532 4455 1627 4509 καὶ
1672 4453 1809 4527 ζωή.

264 4535 318 4587 ⁸0
341 4535 444 4607 γὰρ
477 4537 614 4609 ἔχει,
648 4539 809 4594 τοῦτο
837 4543 932 4595 καὶ
960 4542 1169 4612 ἑτέροις
1202 4542 1507 4613 χαρίζεται.

323 4630 388 4682 Τὸ
450 4631 521 4684 ἐκ
561 4631 671 4685 τοῦ
714 4635 941 4701 Πατρός
973 4636 1472 4706 ἐκπορευόμενον.
1512 4638 1689 4693 Τοῦτο
1718 4656 1817 4713 χαι

259 4726 675 4795 ρακτηριστικόν
700 4728 819 4779 ἐστι
852 4729 952 4797 τῆς
979 4728 1071 4780 τοῦ
1095 4730 1414 4798 Ιινεύματος
1438 4731 1813 4795 ὑποστάσεως.

257 4816 356 4886 Τὴν
385 4816 523 4887 πρὸς
552 4817 647 4871 τὸν
676 4819 896 4889 Πατέρα
931 4820 986 4871 δὲ
1011 4821 1197 4889 σχέσιν
1225 4822 1511 4890 ἐμφαίνει.

324 4910 390 4962 Τὸ
454 4910 581 4963 σὺν
631 4912 810 4978 "arpi
849 4911 947 4965 καὶ
998 4912 1107 4978 Υἱῴ
1152 4917 1819 4987 συμπροσκυνούμενον

254 5001 343 5053 κιιι
382 5001 930 5071 συνδοξαζᾏμενον.
961 5005 1130 5057 Τοῦτο
1164 5005 1261 5075 τὴν
1282 5008 1576 5077 ὁμοτιμίαν
1615 5010 1710 5064 καὶ
1754 5011 1817 5064 τὸ

252 5089 456 5158 ἀξίωμα
478 5094 744 5160 παριστᾷ.
770 5093 883 5146 Μία
905 5094 1014 5163 γὰρ
1045 5092 1265 5160 ἐξουσία
1300 5095 1395 5149 καὶ
1428 5096 1527 5166 μία
1551 5098 1683 5161 δόξα
1708 5099 1821 5153 τῶν

251 5197 426 5250 τριων.

316 5271 389 5326 Τὸ
423 5276 716 5345 λαλῆσαν
744 5277 844 5332 διὰ
911 5278 1425 5350 τῶν’προερητῶν.
1502 5280 1818 5353 Ἐνέργειαν

250 5364 399 5419 τοῦτο
417 5369 674 5438 σημαίνει
701 5370 798 5423 τοῦ
826 5372 1170 5442 Πνεύματος,
1194 5373 1257 5439 ἒξ
1282 5369 1348 5444 ἧς
1371 5374 1484 5445 (16)
1523 5414 1538 5429 .
1576 5414 1592 5431 .
1638 5411 1656 5428 .
1693 5417 1706 5432 .
1748 5415 1765 5431 .
1800 5413 1817 5430 .

252 5457 342 5510 οὐκ
367 5461 616 5529 ἐνέργειά
655 5464 793 5517 ἐστι.
830 5463 904 5517 Τὸ
943 5465 1051 5535 γὰρ
1105 5464 1306 5521 λαλοῦν
1332 5467 1591 5539 ινεργοῦν
1641 5470 1812 5535 ἐστιν,

251 5550 340 5604 οὐκ
366 5554 640 5625 ἐνέργεια.

313 5647 413 5712 Εἰς
434 5648 582 5715 μίαν
597 5649 779 5718 άτίαν
798 5651 1129 5720 καθολικὴν
1141 5652 1238 5707 καί
1269 5651 1690 5721 ἀποστολικὴν
1705 5650 1819 5705 Ἐκο

254 5925 283 5979 b
316 5856 420 5981 sit)
476 5858 579 5916 Hic
607 5868 745 5914 ante
805 5856 972 5912 αὐτοῦ
1003 5859 1283 5916 exciderat
1329 5860 1382 5915 in
1424 5861 1613 5916 codice
1663 5874 1823 5915 voca-

288 5944 312 5979 11
339 5945 443 5981 um.

288 5944 443 5984 tuum.

1924 3370 2103 3426 stum,
2160 3361 2434 3429 iidemque
2479 3359 2635 3413 bonis
2687 3359 2948 3428 operibus
2995 3358 3495 3413 conﬁrmaverunt:

1922 3463 2171 3510 mortuos
2194 3460 2379 3508 contra
2406 3496 2420 3520 ,
2450 3468 2545 3508 eos
2578 3454 2667 3523 qui
2697 3468 2805 3506 non
2836 3452 3212 3518 crediderunt,
3236 3462 3288 3507 et
3312 3452 3501 3505 viden-

1923 3556 2013 3601 tur
2044 3562 2207 3618 opera
2256 3546 2455 3601 babere
2486 3545 2665 3609 bona;
2704 3544 2797 3615 qui
2831 3554 2883 3599 cl
2910 3560 3002 3599 eos
3033 3559 3157 3599 cum
3192 3544 3352 3599 [idem
3405 3544 3499 3596 ba-

1920 3634 2103 3697 beaut,
2133 3649 2240 3687 non
2273 3645 2451 3689 tamen
2481 3648 2577 3703 per
2603 3647 2768 3702 opera
2802 3632 2922 3687 iidei
2956 3632 3316 3687 illustrantur.

1989 3724 2151 3794 Cujus
2183 3727 2328 3795 regni
2358 3741 2462 3778 non
2487 3726 2584 3778 erit
2628 3724 2768 3793 ﬁnis.
2830 3723 2968 3779 Cum
3004 3724 3148 3778 enim
3179 3723 3499 3779 immortalis

1921 3817 1991 3873 sit
2030 3818 2169 3888 ipse,
2193 3827 2464 3873 aeternum
2499 3816 2603 3872 erit
2634 3831 2863 3889 regnum
2897 3816 3064 3870 illius.

1991 3999 2056 4055 Et
2082 4002 2138 4055 in
2173 4000 2433 4070 Spiritum
2459 4008 2723 4061 sanctum,
2780 3996 3058 4051 Dominum
3109 3997 3495 4066 viviﬁcantem.

1920 4093 2047 4151 Haec
2085 4104 2340 4149 naturam
2386 4092 2603 4163 signant
2638 4090 2878 4162 Spiritus
2900 4131 2914 4154 ,
2947 4098 2999 4144 et
3029 4089 3347 4144 relationem
3380 4090 3500 4157 ejus

1917 4191 1983 4244 ad
2014 4186 2229 4242 Patrem
2251 4228 2265 4252 ,
2287 4194 2342 4239 et
2367 4184 2510 4254 quod
2544 4199 2777 4253 persona
2803 4182 3111 4238 subsistens
3356 4180 3491 4249 Spi-

1924 4284 2066 4339 ritus
2092 4278 2313 4352 pr0prie
2360 4276 2451 4331 hic
2480 4277 2659 4331 dictus
2690 4276 2746 4331 in
2778 4274 3132 4345 procedentis
3182 4272 3458 4342 hypostnsi
3480 4321 3494 4336 ,

1915 4376 2213 4433 Viviticans
2264 4386 2414 4432 vero.
2465 4368 2593 4439 quia
2626 4368 2789 4424 etiam
2842 4366 2951 4421 vita
3000 4374 3103 4420 est.
3158 4364 3315 4430 Quod
3351 4365 3497 4418 enim

1916 4467 2176 4533 habet,“
2205 4474 2262 4521 et
2286 4462 2512 4533 reliquis
2546 4460 2792 4533 largitur.

1996 4646 2098 4713 Qui
2126 4662 2189 4701 at:
2214 4648 2381 4699 Patre
2418 4644 2672 4713 procedit.
2714 4640 2829 4697 Hoc
2860 4649 2945 4697 est
2993 4637 3496 4696 ebaracteristicum

1926 4752 2169 4811 persomc
2198 4736 2453 4806 Spiritus.
2486 4731 2736 4789 Ostendit
2785 4730 3102 4785 relationem
3136 4726 3204 4780 ad
3242 4725 3484 4779 Patrem.

1997 4914 2097 4981 Qui
2127 4930 2243 4967 cum
2276 4909 2439 4965 Patre
2472 4919 2520 4963 et
2553 4907 2689 4962 Filio
2719 4906 3038 4959 coadoratur
3062 4915 3107 4958 et
3141 4901 3502 4972 ronglori/ica-

1929 5017 2036 5062 tur.
2088 5006 2202 5061 Hoc
2253 5004 2613 5073 aequalitatem
2668 5000 2895 5053 honoris
2934 5008 2989 5053 et
3046 4998 3363 5068 dignitatem
3412 4994 3504 5046 de-

1925 5109 2215 5157 monstrat.
2267 5099 2385 5157 Una
2441 5109 2526 5154 est
2579 5095 2727 5151 enim
2784 5102 3024 5164 potestas
3072 5099 3127 5144 et
3174 5104 3281 5142 una
3331 5086 3500 5156 gloria

1924 5194 2112 5249 trium.

1997 5284 2098 5350 Qui
2137 5285 2340 5340 locutus
2393 5294 2465 5339 est
2495 5300 2587 5353 per
2617 5282 2919 5351 prophetas.
2956 5275 3226 5331 Virtutem
3266 5270 3397 5325 hoc.
3420 5269 3505 5321 iu—

1924 5376 2045 5431 nuit
2082 5375 2341 5446 Spiritus,
2380 5390 2443 5427 ex
2491 5386 2735 5442 qua...”
2789 5384 2895 5423 non
2948 5362 3194 5435 operatio
3242 5368 3348 5415 est.
3401 5358 3505 5424 Qui

1922 5469 2067 5524 enim
2094 5466 2332 5537 loquitur
2360 5480 2594 5535 operans
2620 5472 2724 5526 est,
2748 5478 2856 5517 non
2887 5459 3154 5530 operatio.

2000 5646 2066 5700 In
2104 5662 2265 5700 unam
2299 5652 2532 5698 sanctam
2576 5640 2887 5695 cathoiicam
2938 5650 2984 5693 et
3021 5638 3364 5709 apostolicam
3406 5635 3508 5689 Ec-

2037 5858 2118 5918 l5)
2172 5857 2271 5912 llic
2329 5874 2517 5911 rursus
2552 5859 2787 5926 spatium
2831 5857 2993 5908 unius
3025 5854 3272 5907 vocalium
3297 5870 3349 5906 tu
3378 5853 3503 5907 cod.

2037 5858 2118 5918 i5)
2172 5857 2271 5912 llic
2329 5874 2517 5911 rursus
2552 5859 2787 5926 spatium
2831 5857 2993 5908 unius
3025 5871 3082 5907 vo

2007 5857 2121 5997 116)
2161 5928 2318 5984 Forte
2347 5930 2429 5986 hic
2464 5930 2661 5984 excidit
2689 5929 2948 5999 φανερὸν,
2980 5928 3082 5980 ὅτ..
