4018 6594
290 440 326 479 ρ

285 645 415 699 Ναί.
459 645 604 714 Ἔφη
644 646 957 715 Εὒθύμιος’
1006 647 1133 699 Ἐλν
1174 648 1337 715 ἡμεῖς
1388 647 1539 717 μόνοι
1574 648 1673 718 τὴν
1726 650 1863 718 ἡμε-

285 738 451 808 τέραν
481 737 710 808 Γραφὴν
742 738 1186 807 μαρτυρήσωμεν
1225 737 1398 808 ἀληθῆ
1453 733 1617 802 εἶναι,
1676 740 1863 808 φαινό-

290 830 429 902 μεθα
456 830 693 899 ψεῦσται
714 848 729 861 ·
782 829 899 884 ἔστι
951 830 1059 898 γὰρ
1085 831 1113 883 6
1146 832 1442 901 μαρτυρῶν
1493 832 1628 895 Θεὸς
1658 834 1722 886 ὲκ
1755 832 1864 886 τῶν

289 922 534 989 ἁπείρων
575 921 872 989 θαυμάτων
904 920 1013 974 τῶν
1046 922 1103 973 ὲν
1136 924 1256 984 ταῖς
1298 922 1646 991 Ἑκκλησίαις
1695 923 1855 993 ἡμῶν

286 1013 599 1081 γενομένων
622 1029 638 1043 ο
668 1014 819 1082 ὅμως
851 1010 994 1066 sint»
1031 1028 1115 1065 σοι
1149 1013 1239 1065 καὶ
1267 1012 1334 1065 δι’
1370 1013 1436 1083 ἣν
1470 1014 1652 1067 αἰτίαν
1676 1015 1865 1084 ὁμολο-

288 1109 470 1175 γεῖται
496 1106 582 1160 ὅτι
630 1107 659 1157 6
708 1104 952 1166 διάϐολος
1008 1104 1238 1171 ἄγγελος
1282 1100 1350 1175 ἦν
1404 1105 1633 1176 πρώτως
1686 1105 1860 1157 Θεοῦ’

286 1198 378 1251 sul
422 1197 653 1261 ἐξέπεσε
684 1199 803 1257 ναὶ.
854 1196 887 1267 ἢ
920 1193 1016 1260 ob;
1073 1196 1237 1263 Λέγει
1270 1198 1297 1249 6
1352 1194 1688 1264 Σαρακηνός’
1726 1194 1857 1248 Ναί.

292 1289 431 1358 Ἔφη
490 1289 522 1340 6
575 1287 889 1357 Εὐθύμιος·
945 1287 1060 1340 Kal
1112 1285 1297 1339 πεσὼν
1341 1287 1371 1339 6
1425 1284 1691 1348 διάϐολος,
1738 1286 1862 1338 τίνα

285 1380 562 1447 φθονήσας
614 1377 897 1447 ὲνίκησενς
935 1378 1096 1444 Λέγει
1136 1378 1164 1429 ό
1196 1375 1515 1445 Σαρακηνός
1540 1390 1555 1405 ⁸
1608 1374 1713 1427 Τὸν
1764 1374 1861 1429 ἇν-

286 1471 529 1541 θρωπον.
587 1470 733 1539 Ἔφη
780 1471 809 1520 6
840 1466 1111 1537 Εὖθύμιος
1132 1482 1148 1499 ·
1190 1467 1503 1543 Κηδόμενος
1534 1467 1563 1519 6
1590 1465 1723 1529 Θεὸς
1760 1466 1861 1536 τὴν

288 1562 453 1630 φύσιν
481 1562 596 1614 τῶν
627 1559 953 1630 ἀνθρώπων,
990 1561 1090 1612 οὐκ
1118 1559 1305 1614 εῖασεν
1359 1558 1532 1629 αὐτὴν
1562 1576 1860 1627 τυραννου-

284 1654 453 1721 μένην
484 1653 592 1704 ὑπὸ
623 1652 714 1705 τοῦ
748 1652 983 1717 Σατανᾶ,
1026 1650 1164 1706 ἀλλὰ
1213 1649 1548 1721 σωτηριώδει
1577 1651 1863 1721 οἰκονομίᾳ

282 1743 464 1813 ἡνὼθη
497 1746 565 1814 τῇ
618 1742 1019 1813 ἀνθρωπότητι,
1070 1742 1251 1805 καθὼς
1304 1742 1573 1813 ἁριδὴλως
1618 1742 1665 1794 οἰ
1714 1741 1858 1809 ἅγιοι

282 1836 562 1903 προφῆται
593 1836 745 1904 ἡμᾶς
771 1834 1135 1888 διδάσκουσιν.
1168 1834 1371 1888 ’Δκουε
1403 1833 1497 1886 τοῦ
1530 1832 1854 1901 μεγαλοφω-

282 1928 508 1979 νοτάτου
538 1902 1086 1994 Ἦοήαϊουλέγοντοςθ
1108 1926 1354 1980 Παιδίον
1378 1924 1671 1995 ἐγεννήθη
1689 1924 1854 1993 ἡμῖν,
1887 1902 1931 1960 Β

280 2020 409 2084 υἱὸς
437 2019 539 2071 καί
568 2018 752 2087 ἐδόθη
787 2019 949 2088 ἡμῖν,
975 2019 1072 2073 καὶ
1104 2019 1373 2073 καλεῖται
1410 2019 1477 2072 τὸ
1506 2017 1696 2086 ὄνομα
1748 2019 1852 2072 αὺ-

281 2109 385 2162 τοῦ
411 2110 693 2178 μεγάλης
741 2108 979 2177 βουλῆς
1008 2110 1315 2180 Ἄγγελος,
1378 2109 1522 2175 Θεὸς
1581 2108 1852 2177 ἰσχυρὸς,

282 2199 719 2268 ὲξουσιαστὴς,
738 2202 938 2270 ἄρχων
954 2201 1220 2270 εῑρήνης,
1249 2202 1452 2269 Πατὴρ
1471 2200 1577 2254 τοῦ
1600 2200 1858 2271 μέλλον-

280 2311 384 2359 τος
407 2293 650 2360 αἰῶνος.
698 2296 867 2366 Ὀρᾷς
896 2294 1011 2357 πῶς
1036 2296 1064 2347 6
1084 2295 1373 2364 προφήτης
1404 2292 1498 2346 καὶ
1521 2292 1733 2346 παιδίον
1761 2292 1858 2345 καὶ

282 2384 411 2439 Θεὸν
444 2387 741 2453 ἐκάλεσενς
771 2387 881 2441 Καὶ
908 2388 936 2440 6
964 2386 1234 2455 Μωῦσῆς,
1272 2383 1729 2456 θεασάμενοςιτὴν
1765 2382 1862 2454 βά-

294 440 361 501 25
1501 404 1965 507 DISPUTATIO
2012 444 2108 505 ne
2147 443 2343 505 FIDE.
3475 434 3545 500 26

287 555 463 608 δεκτοὶ
513 553 799 624 μάρτυρές
830 558 991 619 εἰσιν,
1029 555 1062 626 ἦ
1098 555 1158 607 οὕ
1189 572 1204 621 ;
1235 554 1400 621 Λέγει
1456 555 1484 607 6
1515 556 1859 628 Σαρακηνός·

1971 556 2106 611 biles
2142 565 2290 619 sunt,
2336 552 2557 608 necne?
2588 552 2728 608 Dicit
2779 553 3084 607 Saracenus
3133 566 3148 606 :

3205 551 3423 623 Utique.
3457 554 3551 609 Ait

1966 646 2290 718 Euthymius
2321 663 2333 699 :
2364 644 2423 699 Si
2455 660 2556 701 nos
2589 646 2689 701 soli
2722 644 3060 715 Scripturam
3093 654 3334 700 nostram
3368 660 3547 701 veram

1965 756 2087 796 esse
2122 749 2406 803 testemur,
2435 738 2726 793 mendaces
2773 738 3096 793 videbimur.
3134 736 3345 792 Etenim
3404 735 3547 791 Deus

1967 833 2337 890 testimonium
2377 832 2585 902 praebet
2619 846 2716 901 per
2746 830 3005 885 miracula
3039 830 3323 884 innumera
3353 830 3410 883 in
3441 829 3547 883 Ec-

1965 924 2145 981 clesiis
2183 923 2388 979 nostris
2416 932 2646 994 patrata.
2680 922 2961 992 Simulque
2993 923 3081 976 aio
3109 922 3228 987 tibi,
3260 936 3423 991 quam
3475 920 3547 975 ob

1963 1032 2184 1073 causam
2217 1015 2538 1077 aﬂirmetur,
2577 1014 2851 1069 diabolum
2908 1021 3064 1066 antea
3098 1013 3263 1068 fuisse
3293 1014 3544 1083 angelum

1969 1108 2081 1165 Dei.
2142 1107 2241 1162 Hic
2303 1106 2586 1162 exciditne
2664 1106 2784 1159 loco
2841 1119 2964 1167 suo,
3018 1119 3086 1157 an
3150 1104 3360 1158 secus?
3410 1102 3547 1157 Dicit

1966 1200 2305 1255 Saracenus:
2338 1198 2547 1253 Excidit
2580 1236 2594 1251 .
2629 1197 2719 1251 Ait
2748 1195 3110 1266 Euthymius:
3140 1193 3258 1247 Jam
3292 1192 3539 1247 diabolus

1964 1294 2084 1346 loco
2115 1306 2216 1346 suo
2245 1300 2448 1355 motus,
2476 1304 2769 1360 quemnam
2808 1287 3011 1342 invidia
3043 1284 3283 1356 percitus
3317 1298 3548 1352 supera-

1964 1385 2059 1439 vit.
2121 1383 2259 1439 Dicit
2284 1383 2590 1439 Saracenus
2620 1400 2634 1435 :
2670 1380 2956 1435 Hominem
2982 1418 2996 1433 .
3030 1377 3120 1432 Ait
3164 1375 3491 1446 Euthymius
3526 1391 3541 1428 :

1960 1477 2073 1545 Age
2103 1489 2233 1528 vero
2267 1475 2407 1529 Deus
2438 1484 2647 1529 natura:
2670 1473 2919 1526 humana:
2942 1485 3125 1524 curam
3155 1482 3373 1539 gerens.
3400 1465 3543 1519 haud

1961 1565 2089 1619 sivit
2116 1580 2235 1619 eam
2264 1567 2544 1637 tyrannico
2565 1566 2692 1635 jugo
2718 1579 2748 1618 a
2778 1563 2977 1618 Satana
3024 1559 3329 1631 premi,sed
3345 1558 3551 1612 saluta-

1963 1659 2010 1712 ri
2040 1659 2345 1714 mconomia
2376 1659 2553 1713 univit
2579 1672 2638 1712 se
2675 1655 3019 1717 humanitati,
3055 1660 3198 1707 sicut
3232 1667 3334 1706 nos
3365 1650 3546 1703 mani-

1961 1749 2101 1804 [este
2135 1752 2424 1820 prophetae
2467 1749 2643 1804 sancti
2687 1749 2887 1803 docent
2919 1787 2933 1801 .
2969 1747 3107 1801 Audi
3137 1746 3548 1801 vocalissimum

1963 1840 2155 1897 lsaiam
2203 1841 2520 1894 dicentem:
2569 1838 2833 1892 Parvulas
2888 1848 3044 1890 natus
3091 1845 3165 1889 est
3197 1834 3365 1897 nobis,
3406 1833 3551 1901 ﬁlius

1959 1932 2117 1985 datus
2140 1941 2215 1986 es!
2247 1933 2389 1986 nobis
2412 1949 2431 1996 ;
2457 1941 2505 1985 et
2532 1939 2746 1984 vocatur
2772 1946 2954 1983 nomen
2981 1929 3095 1997 ejus
3128 1928 3307 1995 magni
3333 1923 3547 1977 consilii

1957 2024 2211 2093 Angelus,
2247 2024 2387 2077 Deus
2436 2024 2620 2095 fortis,
2654 2031 2857 2091 potens,
2894 2019 3147 2087 Princeps
3180 2018 3349 2087 pacis,
3388 2013 3554 2066 Pater

1961 2106 2126 2175 futuri
2156 2116 2362 2170 .steculi
2385 2116 2424 2170 '.
2494 2112 2676 2169 Videu‘
2709 2121 2768 2166 ut
2794 2110 3061 2180 Propheta
3094 2117 3148 2162 et
3182 2106 3469 2160 Parvulum
3500 2111 3555 2156 et

1964 2205 2131 2260 Deum
2190 2206 2443 2260 vocavit?
2476 2205 2604 2259 item
2639 2204 2705 2258 de
2734 2202 2913 2271 Moyse
2934 2201 3124 2255 rubum
3152 2198 3431 2252 ardentem
3456 2209 3555 2249 nec

1966 2305 2150 2350 tamen
2178 2297 2522 2350 combustum
2555 2302 2857 2364 spectante,
2886 2291 3014 2360 quid
3045 2290 3138 2344 tibi
3172 2284 3430 2343 videtur?
3461 2284 3553 2337 Di—

1968 2399 2209 2455 gnumne
2226 2386 2386 2439 ‘satis
2422 2385 2529 2439 tale
2559 2383 2883 2437 miraculum
2903 2380 3188 2435 divinitate
3207 2386 3312 2443 est,
3341 2374 3558 2431 necne?

282 2496 373 2531 τον
402 2479 712 2549 καιομένην
766 2478 970 2549 καὶμὴ
1028 2476 1535 2548 καταφλεγομένην,
1588 2475 1641 2529 τι
1706 2492 1789 2528 σοι
1840 2473 2023 2542 δοκεῖς
2077 2475 2259 2540 ’Λξιόν
2317 2476 2435 2529 εστι
2471 2475 2532 2528 τὸ
2586 2474 2798 2528 τοιοῦτο
2861 2471 3044 2543 θαῦμα
3085 2472 3405 2542 πρεπόντως
3456 2464 3559 2540 τῆς

288 2567 568 2637 θεότητος,
608 2569 641 2638 ἢ
669 2566 731 2620 οὕ
759 2585 774 2633 ;

352 2659 426 2725 ς’.
461 2659 634 2727 Λέγει
665 2662 694 2712 6
729 2660 1049 2731 Σαρακηνός
1074 2674 1088 2689 ·
1118 2660 1229 2713 Kal
1259 2660 1376 2724 πῶς
1401 2656 1470 2731 ἦν
1494 2659 1720 2715 δυνατὸν
1747 2658 1859 2729 ψη-

285 2750 525 2820 λαφητδν
555 2751 813 2819 γενέσθαι
840 2752 930 2805 τὸν
957 2752 1087 2804 Θεὸν
1121 2756 1180 2806 ἐν
1208 2751 1287 2823 τῷ
1314 2748 1588 2821 ἀνθρώπῳ
1618 2766 1632 2783 ο
1657 2751 1753 2804 καὶ⁵
1783 2750 1860 2821 μὴ

285 2840 687 2911 ἀ).λοιωθῆναι;
739 2843 881 2913 Ἔφη
911 2845 937 2896 6
964 2842 1234 2914 Εῦθύμιος
1260 2858 1274 2872 ⁸
1314 2842 1529 2912 Ὥσπερ
1569 2842 1677 2911 γὰρ
1709 2841 1861 2895 ἑνοῦ-

285 2950 375 2985 ται
410 2932 491 3002 τῷ
522 2934 733 3004 σιδήρῳ
762 2934 823 2986 τὸ
855 2933 967 3005 πῦρ
988 2951 1002 2965 ·
1036 2936 1130 2989 καὶ
1182 2937 1276 2987 ποῖ
1306 2934 1406 3004 μὲν
1432 2935 1649 3004 ἐνεργεῖ
1680 2936 1713 3002 ἡ
1762 2932 1862 3001 φύ-

288 3043 371 3088 σις
400 3026 472 3078 τὰ
515 3025 614 3078 τοῦ
648 3026 842 3096 πυρὸς,
879 3028 967 3079 ποῖ
1010 3026 1066 3080 δὲ
1087 3029 1115 3080 6
1145 3027 1361 3097 σίδηρος
1394 3027 1463 3082 τὰ
1483 3028 1678 3091 οἰκεῖα,
1711 3024 1859 3078 οὕτω

292 3116 388 3169 καὶ
420 3119 455 3187 η
487 3116 636 3185 ψυχὴ
664 3118 733 3170 τὰ
761 3117 901 3181 θεῖα,
936 3118 1030 3170 καὶ
1063 3116 1129 3181 δὴ
1156 3118 1218 3170 τὸ
1247 3118 1406 3187 σῶμα
1432 3118 1500 3171 τὰ
1550 3116 1646 3171 τοῦ
1677 3116 1862 3186 σώμα-

2036 2659 2070 2713 6
2099 2699 2112 2713 .
2149 2657 2291 2713 Dicit
2349 2656 2660 2713 Saracenos
2689 2673 2704 2710 :
2738 2654 3024 2723 Quomodo
3049 2652 3195 2707 Deus
3227 2652 3342 2707 fieri
3383 2653 3559 2722 potuit

1964 2751 2246 2824 palpabilis
2278 2753 2330 2804 in
2357 2750 2598 2815 homine,
2630 2764 2731 2804 nec
2755 2758 2936 2803 tamen
2973 2744 3295 2801 immutari?
3322 2744 3412 2797 Ait
3449 2743 3559 2798 Eu-

1967 2844 2217 2915 thymius
2250 2860 2264 2895 :
2296 2843 2450 2897 Sicut
2488 2842 2679 2896 unitur
2730 2840 2875 2894 ferro
2905 2840 3091 2910 ignis:
3147 2849 3201 2894 et
3250 2839 3390 2909 ignis
3434 2838 3557 2907 qui-

1969 2938 2093 2993 dem
2124 2951 2245 3005 qua:
2290 2944 2418 2989 sunt
2464 2934 2606 3005 ignis
2659 2942 2938 3003 operatur,
2997 2931 3203 2986 ferrum
3258 2933 3385 2985 item
3439 2945 3560 3001 qua:

1967 3029 2085 3098 ejus
2116 3037 2243 3083 sunt
2278 3026 2503 3097 propria
2532 3044 2548 3089 ;
2602 3034 2657 3079 et
2732 3024 2877 3079 sicut
2910 3024 3089 3077 anima
3122 3024 3405 3094 spiritalia,
3440 3040 3561 3077 cor-

1970 3137 2074 3192 pus
2129 3136 2251 3191 qute
2304 3129 2435 3175 sunt
2483 3118 2699 3188 corpori
2752 3133 3036 3186 congrua;
3090 3117 3160 3170 ita
3217 3118 3272 3170 in
3338 3116 3559 3170 Christo

286 3224 413 3270 τος⁶
446 3208 594 3261 οὕτω
654 3208 720 3279 δὴ
770 3210 866 3262 καὶ
900 3210 991 3261 ἐπὶ
1041 3208 1134 3263 τοῦ
1194 3208 1434 3281 Χριστοῦ
1488 3210 1751 3279 γέγονεν’
1784 3210 1859 3272 ὼς

1971 3213 2362 3276 usuveniebat,
2408 3222 2465 3266 ut
2511 3210 2649 3265 Deus
2723 3209 2939 3275 divina,
2975 3218 3035 3263 ut
3092 3208 3253 3262 home
3326 3209 3560 3262 humana

284 3299 421 3364 Θεὸς
457 3302 686 3373 ἐνήργει
721 3302 788 3354 τὰ
841 3301 982 3364 θεῖα,
1031 3302 1124 3357 καὶ
1178 3303 1252 3366 ὡς
1298 3302 1585 3371 ἄνθρωπος
1639 3303 1860 3374 ἐνήργει

285 3394 358 3446 τὰ
433 3392 796 3464 ἀνθρώπινασ
872 3395 967 3447 καὶ
1038 3396 1363 3463 συνετήρουν
1445 3396 1514 3448 τὰ
1576 3394 1862 3465 ἀμφότερα

289 3481 580 3552 ἰδιώματα.
639 3484 1232 3554 ΛέγειόΣιιρακηνός⁹
1281 3486 1444 3555 Τρεῖς
1498 3484 1689 3551 εἰπὼν,
1737 3486 1863 3539 δυν-

287 3577 395 3647 ήσῃ
452 3578 634 3629 εἰπεῖν
703 3577 799 3630 καὶ
855 3575 1129 3646 τέσσαρας
1202 3578 1297 3630 καὶ
1362 3576 1547 3634 πέντε.
1621 3577 1766 3648 Ἔφη
1835 3579 1864 3631 6

289 3668 609 3737 Εὑθύμιοςο
685 3667 775 3722 Ἔν
832 3667 912 3737 τῷ
975 3667 1247 3738 ἀνθρώπῳ
1309 3668 1478 3721 εἰπὼν
1551 3669 1707 3737 λόγον
1770 3672 1865 3723 καὶ

291 3760 533 3828 πνεῦμα,
601 3759 807 3829 δυνήσῃ
863 3759 960 3813 καὶ
1009 3758 1197 3831 ἕτερον
1258 3761 1571 3831 προσθεῖναί
1617 3778 1710 3828 τις
1757 3763 1861 3814 Λέ-

292 3869 375 3920 γει
403 3852 432 3903 6
461 3850 809 3921 Σαρακηνός⁹
870 3849 1028 3919 Οὐχί.
1102 3849 1268 3907 Εἶπεν
1297 3854 1325 3906 6
1385 3852 1690 3923 Εὑθὺμιος·
1729 3852 1864 3906 Οὐδὲ

292 3943 402 4010 ἐγὼ
428 3943 628 4013 τίθημι
654 3943 973 4014 προσθήκην
1008 3944 1066 3995 ὲν
1090 3945 1155 4014 τῇ
1187 3943 1320 4015 ἁγίᾳ
1356 3944 1567 4015 Τριάδι.
1619 3946 1785 4014 Λέγει
1836 3948 1864 3998 6

296 4036 615 4107 Σαρακηνός
640 4052 654 4066 ·
684 4036 792 4091 Kal
816 4035 904 4090 διὰ
959 4037 1011 4089 τί
1044 4035 1259 4105 γλυπτὰ
1317 4036 1449 4101 ξύλα
1484 4041 1864 4106 προσκυνεῖτε,

295 4130 389 4182 καὶ
423 4129 647 4191 εἰκόνας
713 4129 1070 4200 προσκυνεῖτε
1128 4126 1485 4196 θεοπρεπῶς;
1527 4128 1671 4197 Ἔφη
1703 4130 1731 4181 6
1768 4129 1870 4181 E6-

298 4218 527 4289 θὺμιοςο
598 4217 660 4270 ’0
701 4218 796 4270 τὸν
848 4218 1173 4287 χαρακτῆρα
1208 4217 1310 4286 τῆς
1340 4216 1552 4279 εἰκόνος
1588 4217 1680 4271 τοῦ
1714 4218 1869 4289 βασι-

295 4308 431 4370 λέως
464 4307 645 4376 τιμῶν
705 4306 799 4361 καὶ
847 4305 1168 4378 προσκυνῶν
1217 4306 1297 4370 εἰς
1340 4308 1511 4378 τιμὴν
1557 4307 1653 4360 τοῦ
1712 4307 1869 4377 βασι-

296 4400 431 4459 λέως
465 4400 615 4450 ποιεῖ
652 4398 685 4469 ἢ
713 4399 791 4461 εἰς
822 4398 1083 4467 ἀτιμίανς
1114 4396 1279 4465 Λέγει
1305 4400 1333 4451 6
1368 4399 1687 4469 Σαρακηνός
1707 4417 1721 4429 ·
1776 4401 1870 4462 Εἰς

296 4492 489 4560 τιμήν.
547 4489 693 4557 Ἔφη
730 4491 758 4540 6
802 4490 1101 4558 Εἰδθιῖμιος⁸
1130 4490 1241 4544 Καὶ
1272 4491 1436 4559 ἡμεῖς
1459 4492 1538 4554 εἰς
1566 4492 1733 4562 τιμὴν
1759 4492 1869 4545 τῶν

1962 3304 2194 3371 agebat;
2231 3317 2286 3357 et
2315 3303 2486 3357 amba:
2532 3311 2744 3356 natura:
2779 3301 3141 3371 proprietates
3172 3314 3299 3353 suas
3351 3300 3559 3353 retine-

1963 3394 2111 3449 bant.
2150 3393 2291 3449 Dicit
2344 3390 2993 3457 SaracenuszQuoniam
3052 3399 3163 3444 tres
3218 3388 3375 3452 dicis,
3427 3403 3561 3457 qua-

1967 3498 2089 3543 tuor
2139 3487 2301 3541 etiam
2359 3486 2542 3541 dicere
2597 3486 2802 3555 poteris
2862 3492 2916 3538 et
2971 3484 3100 3538 item
3153 3483 3413 3553 quinque.
3469 3482 3561 3534 Ait

1968 3579 2324 3651 Euthymius:
2357 3577 2413 3632 In
2441 3578 2659 3632 homine
2703 3591 2825 3631 cum
2860 3577 3064 3630 dixeris
3088 3576 3314 3630 verbum
3369 3585 3423 3629 et
3452 3575 3559 3643 spi-

1969 3673 2151 3737 ritum,
2181 3670 2458 3741 poterisne
2504 3678 2559 3725 et
2614 3668 2761 3723 aliud
2784 3668 3078 3738 quidquam
3110 3667 3344 3735 adjicere
3369 3665 3393 3717 ?
3421 3664 3560 3718 Dicit

1969 3763 2311 3821 Saracenus:
2361 3762 2735 3832 Nequaquam.
2781 3764 2872 3816 Ait
2923 3760 3249 3830 Eutbymius
3285 3778 3297 3811 :
3336 3757 3413 3811 Ne
3456 3773 3556 3827 ego

1972 3857 2195 3920 quidem
2226 3856 2394 3910 ullum
2420 3855 2560 3910 facio
2588 3855 3017 3910 additamentum
3048 3861 3247 3906 sanctae
3274 3849 3551 3903 Trinitati.

1970 3947 2111 4003 Dicit
2160 3945 2465 4001 Saracenos
2490 3946 2555 4003 δι
2590 3946 2701 4002 Cur
2743 3947 2885 4016 ligna
2930 3946 3140 4013 sculpta
3193 3943 3462 4003 adoratis,
3500 3948 3557 3994 et

1974 4053 2162 4108 parem
2211 4036 2325 4092 Deo
2354 4038 2559 4092 cultum
2614 4036 2941 4108 imaginibus
2990 4033 3278 4088 tribuitis?
3322 4033 3411 4085 Ait
3452 4032 3560 4083 Eu-

1973 4131 2210 4201 thymius
2234 4150 2246 4185 :
2274 4129 2377 4196 Qui
2408 4131 2549 4202 regis
2575 4130 2863 4201 imaginem
2894 4129 3123 4182 honorat
3147 4141 3211 4179 ac
3240 4133 3552 4183 veneratur.

1972 4224 2077 4279 hoc
2109 4224 2223 4293 agit
2294 4239 2362 4277 ne
2398 4232 2459 4277 ut
2510 4238 2692 4292 regem
2752 4221 2984 4275 honoret
3025 4235 3091 4272 an
3131 4227 3189 4272 nt
3226 4214 3557 4270 dedecoret?

1976 4317 2113 4371 Dicit
2141 4318 2485 4371 Saracenus:
2514 4314 2585 4369 Ut
2616 4315 2867 4368 honoret.
2915 4313 3002 4367 Ait
3054 4311 3375 4381 Euthymius
3404 4325 3416 4358 :
3447 4306 3556 4359 an

1972 4423 2189 4479 quoque
2214 4417 2428 4463 sanctas
2461 4406 2723 4477 imagines
2736 4406 2955 4459 honoris
2984 4418 3146 4458 causa
3198 4415 3555 4455 veneramur:

1974 4515 2153 4568 neque
2184 4508 2364 4553 tamen
2404 4498 2537 4554 deos
2569 4514 2635 4551 ex
2672 4497 2756 4551 his
2791 4496 3040 4558 facimus,
3102 4502 3159 4547 ut
3212 4508 3306 4546 vos
3347 4491 3551 4545 dicitis.

300 4584 471 4649 ἁγίων
503 4581 735 4634 εἰκόνων
788 4581 1203 4652 προσκυνοῦμεν
1244 4583 1435 4647 αὐτὰς,
1491 4584 1584 4638 καὶ
1636 4585 1697 4638 οὐ
1753 4585 1865 4638 θεο-

1981 4590 2120 4646 Dicit
2150 4589 2490 4646 Saracenus:
2521 4593 2631 4646 Cur
2667 4606 2859 4656 panem
2890 4592 3184 4657 vinumque
3220 4586 3467 4640 miscetis
3499 4592 3553 4637 et

301 4675 608 4744 ποιούμεθα
631 4674 854 4738 ταύτας,
887 4673 964 4738 ὼς
1000 4674 1158 4743 ὑμεῖς
1200 4676 1412 4743 λέγετε.
1441 4677 1606 4745 Λέγει
1627 4680 1655 4731 6
1684 4679 1870 4748 Σαρα-

300 4768 488 4837 κηνόςο
536 4767 638 4819 Διὰ
678 4766 730 4819 τε
766 4766 992 4835 μίγνυτε
1024 4766 1117 4819 τὸν
1149 4768 1314 4836 ἄρτον
1340 4770 1436 4822 καὶ
1464 4771 1556 4822 τὸν
1586 4765 1749 4832 οἶνον,
1780 4772 1875 4824 καὶ

304 4857 660 4928 μεταδιδόατε
690 4858 803 4920 τοῖς
827 4855 1137 4926 ἀνθρώποις
1177 4859 1428 4927 λέγοντες
1455 4861 1538 4914 ὅτι
1567 4861 1728 4931 σῶμα
1779 4863 1876 4916 καὶ

302 4947 442 5018 αἷμά
475 4950 593 5002 ἐστι
630 4947 727 5001 τοῦ
774 4949 1055 5019 Χριστοῦ;
1088 4950 1210 5013 Πῶς
1240 4950 1465 5006 δυνατὸν
1497 4952 1754 5020 γενέσθαι
1782 4954 1874 5006 τὸν

301 5043 469 5113 ἄρτον
499 5042 688 5112 σῶμα,
711 5042 806 5096 καὶ
838 5043 929 5095 τὸν
961 5039 1102 5096 οἶνον
1128 5037 1307 5114 αἷμας
1338 5045 1482 5114 Ἔφη
1507 5048 1536 5098 6
1566 5046 1836 5116 Εὐθύμιος
1856 5064 1873 5082 ο

306 5136 465 5205 Παρά
494 5134 604 5188 τῶν
658 5134 963 5205 ἀνθρώπων
1001 5134 1331 5205 βοσκόμενος
1370 5136 1531 5206 ἄρτος
1564 5138 1617 5190 τί
1666 5139 1876 5206 γίνεται

306 5229 363 5279 ὲν
382 5226 462 5296 τῷ
488 5226 805 5296 ἀνθρώπῳ;
858 5227 1041 5295 σῶμα,
1090 5227 1341 5299 ἢέτερόν
1374 5244 1427 5280 τι
1454 5229 1565 5299 (2);
1624 5230 1791 5298 Λέγει
1848 5233 1877 5284 6

305 5319 641 5389 Σαρακηνός·
678 5319 1020 5388 Σῶμα.Ἔφη
1051 5320 1081 5370 ό
1111 5321 1407 5391 Εὐθύμιοςο
1439 5324 1547 5377 Kal
1578 5324 1696 5387 πῶς
1714 5325 1877 5377 δυνα-

302 5412 392 5463 τδν
444 5412 590 5481 κρέα
632 5409 834 5463 ἐσθίειν
866 5412 958 5463 τὸν
996 5411 1284 5481 ἄνθρωπον
1323 5414 1443 5484 (5);
1484 5415 1565 5467 Τὰ
1596 5416 1706 5487 γὰρ
1732 5417 1876 5471 κατὰ

304 5502 467 5574 φύσιν
497 5504 778 5565 ἀδυνάτως
845 5502 1028 5572 ἔχουσι
1081 5504 1337 5570 γενέσθαι
1404 5506 1556 5576 παρὰ
1591 5507 1794 5575 φύσιν
1846 5510 1873 5561 6

372 5620 394 5653 ³
431 5620 537 5676 Isa.
572 5635 649 5685 Ix,
686 5620 739 5673 6.
847 5622 869 5650 ⁸
900 5618 1025 5675 Sur.
1059 5636 1110 5684 ν,
1134 5619 1222 5673 99.

374 5762 450 5833 (2)
481 5761 850 5833 Conferapud
899 5760 1211 5833 Gretserum
1250 5776 1382 5833 opp.
1408 5768 1449 5814 t.
1499 5760 1608 5833 XV,
1645 5747 1863 5832 μίοο.

306 5831 452 5913 paria
479 5832 629 5913 dicta
662 5832 1015 5913 ab'Ahnca‘ra
1047 5834 1099 5884 in
1152 5831 1372 5913 Dialogo
1394 5846 1516 5913 cum
1558 5831 1863 5913 Saracerio.

374 5904 452 5975 (ὃ)
475 5902 678 5958 Conl'cr
709 5900 905 5958 similia
926 5901 1196 5959 discutem
1211 5900 1466 5973 Cyrillum
1486 5902 1537 5956 in
1554 5901 1861 5964 Comment.

1979 4686 2295 4742 hominibus
2323 4688 2655 4741 distribuitis
2692 4686 2941 4740 dicentes
2990 4698 3190 4752 corpus
3227 4696 3289 4734 ac
3339 4678 3557 4748 sangui-

1980 4792 2103 4832 nem
2134 4778 2336 4833 Christi
2365 4777 2529 4833 esse?
2553 4776 2832 4842 Quomodo
2861 4776 3013 4844 panis
3040 4786 3257 4840 corpus,
3292 4779 3346 4823 et
3372 4770 3555 4821 vinum

1982 4869 2204 4939 sanguis
2232 4869 2370 4923 elIici
2424 4869 2643 4939 potest?
2671 4868 2760 4921 Ait
2791 4866 3154 4937 Euthymius:
3196 4864 3277 4918 Ab
3321 4861 3555 4915 homini-

1980 4960 2082 5015 bus
2107 4964 2465 5016 manducatus
2494 4962 2668 5030 panis,
2699 4961 2826 5029 quid
2860 4960 2919 5013 [it
2947 4959 3001 5013 in
3035 4955 3301 5012 homine?
3333 4968 3561 5021 corpus-

1984 5067 2081 5116 ne,
2111 5070 2179 5107 an
2207 5053 2353 5107 aliud
2381 5051 2630 5120 aliquid?
2662 5051 2797 5104 Dicit
2831 5048 3138 5103 Saracenus
3163 5064 3177 5099 :
3209 5045 3441 5110 Corpus.
3470 5043 3557 5095 Ait

1987 5147 2308 5219 Euthymius
2335 5163 2349 5198 :
2397 5146 2463 5199 Et
2496 5144 2767 5213 quomodo
2800 5142 2914 5195 ﬁeri
2950 5147 3131 5209 posset
3161 5147 3220 5190 ut
3246 5135 3408 5189 homo
3438 5149 3559 5187 car-

1984 5252 2111 5291 nem
2141 5233 2364 5289 ederet?
2402 5231 2611 5286 Etenim
2644 5245 2764 5298 quae
2793 5227 3092 5282 secundum
3124 5236 3373 5278 naturam
3405 5230 3554 5285 sunt,

1985 5346 2050 5385 ea
2076 5336 2270 5384 contra
2310 5335 2438 5381 natu
2451 5340 2564 5377 ram
2593 5323 2705 5376 ﬁeri
2733 5328 3033 5389 nequeunt.
3052 5317 3186 5372 Nam
3209 5316 3364 5385 panis
3392 5329 3554 5383 quem

1989 5438 2089 5478 nos
2137 5436 2262 5475 cum
2320 5416 2624 5473 reverentia
2675 5413 2973 5475 sumimus,
3025 5426 3125 5480 per
3204 5408 3438 5462 infusam
3499 5405 3552 5459 ei

1984 5516 2213 5586 gratiam
2247 5512 2305 5567 iit
2334 5512 2528 5566 animae
2582 5507 2963 5562 indumentum
2996 5518 3051 5560 et
3081 5505 3173 5559 lux
3197 5542 3211 5558 .

1975 5766 2041 5819 ad
2100 5765 2232 5818 Luc.
2269 5781 2403 5829 χχιι,
2461 5766 2563 5836 i9L
2607 5765 2749 5836 apud
2782 5780 2883 5819 nos
2914 5766 2983 5836 in
3034 5763 3139 5836 alio
3165 5760 3442 5836 volumine
3487 5774 3541 5826 p.

1970 5836 2095 5900 417,
2128 5851 2324 5905 nempe
2354 5837 2498 5903 quod
2525 5831 2777 5891 Christus
2824 5835 3025 5905 idcirco
3046 5835 3156 5905 sub
3176 5833 3300 5905 alia,
3366 5831 3417 5886 id
3448 5837 3533 5883 est

1970 5907 2149 5977 panis,
2186 5904 2369 5977 Specie
2394 5906 2789 5963 Eucharistiam
2817 5904 2973 5961 nobis
3005 5904 3291 5959 obtulerit.
