4018 6574
471 390 540 453 a7
1671 406 2055 468 summu
2096 374 2458 474 ZIGABENI
3642 420 3715 482 23

467 510 574 578 γὰρ
603 511 874 583 ἄρτος,ὃν
903 510 1066 580 ἡμεῖς
1114 510 1608 583 μεταλαμϐάνομεν
1664 518 1801 583 μετὰ
1852 519 2156 587 φὸδου,διὶι
2190 523 2287 593 τὴν
2324 523 2882 596 μεταλαμϐανομένην
2950 528 3099 598 αὑτῷ
3155 528 3316 602 χάριν
3366 531 3573 601 γίνεται
3625 538 3713 589 ἐν·

464 606 523 660 δυ
532 624 607 675 μα
647 606 741 659 καὶ
766 606 883 673 φῶς
910 606 1163 677 ψυχικόν.

536 702 566 753 7
588 739 600 751 .
628 699 763 753 Dicit
782 699 1085 754 Saracenus
1111 717 1124 754 :
1167 699 1276 757 Cur
1296 702 1592 759 demissum
1615 705 1682 761 de
1700 709 1839 763 οωιο
1861 710 2038 764 Evan-

2214 710 2282 771 ζ’,
2326 711 2493 779 Λέγει
2550 713 2578 764 6
2634 712 2951 781 Χαρακηνός
2976 731 2990 745 ’
3025 716 3122 768 Διά
3150 718 3203 770 τί
3234 718 3295 771 τὸ
3342 723 3610 779 κατελθὸν
3649 729 3714 781 ὲκ

473 789 674 859 gelium
702 790 1090 858 abseondistis,
1118 808 1433 864 novumque
1460 798 1896 867 scripsistis?Ait
1925 803 2037 857 Eu-

474 877 751 946 thymius:
809 875 943 941 Quis
988 878 1093 934 hoc
1146 880 1401 949 afﬁrmat,
1431 894 1486 939 et
1522 886 1796 941 undenam
1845 891 2039 945 scitis?

465 967 997 1025 Dicit-Saracenus:
1051 971 1397 1030 Mohamedes
1451 977 1609 1032 docet
1654 979 1877 1043 id,dum
1922 982 2035 1036 ait:

461 1059 681 1116 Christo
711 1061 767 1114 in
795 1063 993 1117 coelum
1036 1065 1270 1132 sublato,
1303 1069 1368 1123 ad
1395 1069 1565 1139 ipsius
1589 1071 1883 1142 discipulos
1910 1074 2037 1129 dor-

465 1152 701 1206 mientes
729 1152 1027 1209 demissum
1061 1155 1168 1211 fuit
1203 1157 1573 1229 Evangelium,
1612 1163 1705 1231 qui
1741 1176 2034 1235 surgentes

462 1242 620 1296 vobis
650 1242 785 1298 illud
810 1246 1190 1302 tradiderunt:
1223 1250 1275 1305 id
1306 1260 1487 1307 autem
1531 1269 1626 1309 vos
1654 1256 2036 1325 abscondistis,

468 1331 597 1399 quia
628 1331 699 1385 ibi
733 1334 998 1403 scriptum
1031 1345 1148 1391 erat
1176 1336 1517 1395 Mohamedis
1552 1356 1777 1397 nomen.
1811 1344 1900 1396 Ait
1929 1344 2039 1399 Eu-

463 1421 743 1493 tbymius:
777 1425 887 1479 Nos
914 1427 1305 1483 dormientium
1346 1428 1667 1501 Scripturas
1695 1448 1801 1489 non
1836 1436 2038 1504 recipi-

461 1528 617 1567 mus:
644 1529 806 1570 nemo
831 1518 1031 1587 quippe
1059 1523 1313 1575 cordatus
1338 1531 1394 1577 et
1415 1539 1528 1579 sua:
1560 1526 1758 1581 mentis
1788 1543 2035 1597 compos,

462 1606 744 1661 oeulorum
794 1624 1016 1663 suorum
1069 1627 1293 1666 sensum
1345 1615 1701 1683 notitiamque
1754 1620 2036 1686 omittens,

463 1700 802 1755 somniorum
834 1704 1211 1772 phantasmata
1255 1710 1529 1763 admittit.
1558 1707 1674 1764 Non
1725 1714 1870 1766 enim
1919 1714 2043 1767 dor-

465 1791 753 1845 mientium
831 1794 1111 1851 hominum
1168 1799 1403 1868 exquirit
1460 1801 1602 1856 Deus
1659 1804 1910 1858 virtutem
1949 1815 2042 1859 aut

456 1880 742 1951 judicium.
772 1886 896 1953 quia
926 1902 1030 1940 non
1061 1900 1146 1943 est
1172 1892 1561 1947 dormientium
1599 1896 1761 1961 Deus,
1788 1897 1881 1951 sed
1908 1898 2039 1966 vigi-

462 1973 723 2028 lantium.
780 1974 918 2030 Dicit
967 1977 1310 2038 Saracenos:
1367 1983 1650 2049 Quomodo
1708 2005 1804 2042 vos
1858 1990 2039 2043 dicitis

467 2064 749 2117 Christum
782 2065 834 2118 in
872 2069 1042 2122 caelos
1074 2082 1444 2142 assumptum,
1492 2074 1757 2143 Spiritum
1787 2090 2035 2133 sanctum
2073 2064 2109 2115 Β

472 2153 539 2207 ad
566 2154 857 2221 discipulos
887 2159 1143 2214 misisse?
1173 2161 1281 2217 Cur
1310 2180 1549 2234 praesens
1573 2183 1680 2221 non
1718 2168 1823 2223 illis
1851 2170 2040 2224 dedit?

474 2245 641 2301 Vobis
667 2256 845 2302 autem
866 2251 1176 2309 dicentibus
1208 2271 1370 2310 unum
1388 2274 1507 2314 esse
1534 2259 1743 2314 Patrem
1765 2272 1818 2315 et
1846 2262 2037 2315 Filium

471 2346 526 2390 et
560 2336 864 2406 Spiritum;
906 2352 1147 2398 attamen
1198 2349 1443 2403 ascendit
1474 2350 1722 2407 Christus
1777 2370 2033 2423 superne,

461 2428 749 2484 descendit
799 2430 1058 2501 Spiritus,
1094 2443 1148 2490 et
1178 2438 1403 2494 alteram
1438 2442 1736 2498 doctrinam
1781 2447 2042 2514 praidica-

459 2519 537 2572 vit
563 2557 578 2573 .
602 2518 723 2574 Jam
753 2522 795 2574 si
832 2539 916 2577 res
949 2528 1020 2579 ita
1053 2542 1112 2582 se
1148 2528 1328 2591 habet,
1362 2532 1557 2587 divisio
1593 2537 1837 2604 quaedam
1910 2554 2038 2592 san-

458 2617 559 2662 ctae
603 2609 853 2666 Trinitati
891 2615 1111 2670 accidit.
1156 2619 1244 2672 Ait
1282 2620 1609 2694 Euthymius
1662 2644 1675 2679 :
1714 2625 2039 2681 Hominibus

458 2700 689 2757 intlrmis
715 2719 825 2757 non
856 2706 994 2761 solet
1018 2711 1259 2765 medicus
1289 2715 1578 2781 pharmaea
1607 2719 1868 2772 salutaria
1933 2722 2037 2774 mi-

457 2804 641 2858 seere,
670 2795 952 2851 nisiautea
990 2800 1139 2870 ipsos
1183 2808 1521 2875 purgaverit.
1575 2810 1707 2864 Post
1754 2814 2038 2882 purgatio-

456 2898 581 2936 nem
609 2892 812 2949 autem,
861 2898 975 2944 tum
999 2891 1217 2946 demum
1240 2895 1528 2964 pbarmaca
1554 2904 1784 2969 potanda
1809 2904 2036 2972 praebet.

459 2972 551 3029 Sic
593 2984 647 3030 tu
686 2992 901 3034 mecum
954 2982 1022 3035 de
1059 2984 1277 3039 Christo
1326 2989 1500 3059 cogita
1532 3032 1545 3054 ,
1597 3007 1667 3046 ne
1712 2994 2033 3062 quibusdam

458 3065 506 3119 is
541 3066 820 3121 videretur
876 3069 1130 3127 facultate
1159 3090 1256 3129 sua
1315 3085 1689 3137 tantummodo
1732 3086 1817 3139 vel
1874 3087 2035 3141 etiam

456 3156 742 3226 phantasia
772 3162 992 3230 docere,
1026 3166 1111 3221 vel
1151 3177 1404 3238 tauquam
1439 3172 1600 3229 homo
1633 3184 1690 3230 et
1714 3192 1823 3230 non
1853 3178 2033 3245 Deus;

456 3248 634 3302 divina
670 3266 765 3307 eos
804 3254 1009 3310 virtute
1041 3267 1202 3313 antea
1244 3265 1498 3332 purgavit
1528 3268 1901 3323 materialibus
1922 3285 2038 3339 pec-

448 3353 703 3397 ratorum
757 3348 1152 3412 passionibus.
1193 3352 1399 3408 Deinde
1427 3365 1548 3424 post
1597 3361 2045 3429 assumptionem'

458 3432 510 3483 in
543 3435 728 3500 oculos,
785 3448 1028 3494 sanctum
1081 3443 1346 3511 Spiritum
1398 3448 1578 3512 misit,
1625 3459 1685 3504 ut
1737 3451 2031 3521 perfectam

463 3523 803 3581 divinitatem
864 3534 1220 3597 ostenderet,
1255 3546 1309 3591 et
1358 3540 1501 3607 quod
1554 3544 1671 3610 ipse
1724 3544 2036 3602 tzmlestihus

460 3633 679 3687 quoque
707 3620 840 3676 locis
874 3623 1204 3680 interesset.

534 3903 589 3956 8.
627 3906 764 3961 Dicit
815 3907 1122 3966 Saracenos
1157 3933 1169 3968 :
1201 3915 1335 3969 Cum
1378 3917 1629 3975 Christus
1670 3922 2034 3981 circumcisus

462 3992 647 4056 fuerit,
683 4012 781 4051 cur
812 4015 910 4053 vos
942 4017 1050 4056 non
1086 4004 1537 4063 circumcidimini
1581 4019 1636 4065 et
1674 4028 1810 4081 aqua
1860 4016 2031 4069 abluiv

460 4089 641 4141 mini?
680 4090 819 4145 sicut
853 4095 929 4148 ait
964 4094 1128 4150 Isaias
1170 4115 1183 4150 :
1214 4098 1516 4167 Lavamini,
1576 4108 1761 4158 mundi
1801 4117 1962 4162 estote
1992 4110 2033 4165 '.

460 4176 572 4234 Vos
604 4192 786 4237 autem
837 4186 891 4238 in
924 4189 1181 4243 ecclesias
1217 4204 1424 4249 vestras
1469 4196 1611 4251 illoti
1663 4197 2033 4268 ingredimini.

460 4273 549 4326 Ait
606 4274 931 4348 Euthymius
976 4297 989 4333 :
1059 4284 1430 4343 Circumcisio
1488 4290 1690 4345 Judzeis
1744 4293 1867 4347 data
1914 4294 2035 4358 luit,

459 4366 585 4433 quia
619 4368 671 4420 in
711 4371 888 4423 medio
939 4374 1179 4443 gentium
1229 4381 1585 4436 versabantur
1634 4383 1933 4440 inﬁdelium
1985 4398 2039 4444 et

462 4458 954 4529 idololatricarum,
1009 4478 1263 4536 tanquam
1316 4474 1522 4528 notitias
1574 4477 1663 4531 Dei
1712 4478 1947 4547 signum.
1983 4491 2040 4536 et

462 4554 636 4621 gregis
660 4556 843 4609 unius.
891 4558 1046 4622 Quod
1078 4577 1203 4623 rem
1234 4564 1515 4619 Lavamini
1547 4569 1715 4625 Isaias
1744 4572 1898 4637 dixit,
1930 4575 2035 4630 hoc

467 4644 640 4697 semel
683 4649 1033 4719 prmscripsit,
1063 4653 1229 4707 divini
1262 4656 1601 4725 baptismatis
1638 4664 1863 4730 gratiam
1894 4680 2037 4735 prae-

2137 798 2233 852 τοῦ
2260 800 2491 869 ούρανοῦ
2532 802 2868 870 Εὑαγγέλιον
2912 806 3212 875 ἐκρύψατε,
3242 811 3338 863 καὶ
3375 811 3494 866 νέον
3548 817 3714 887 ἐγρά-

2137 890 2321 959 ψατες
2365 893 2508 961 Ἔφη
2543 896 2572 947 6
2622 894 2928 965 Εὑθύμιος·
2964 898 3058 960 Τίς
3106 899 3136 950 6
3179 904 3475 973 μαρτυρῶν
3532 909 3712 975 τοῦτο,

2143 984 2239 1036 καὶ
2271 985 2437 1037 πόθεν
2467 986 2683 1053 οίδατε;
2716 988 2876 1054 Λέγει
2903 991 2930 1042 6
2964 991 3281 1061 Σαρακηνός
3301 1010 3316 1026 ⁸
3353 996 3597 1067 Μωάμεὺ
3637 1000 3714 1054 δι-

2137 1074 2325 1128 δάσκει
2353 1078 2527 1145 λέγων
2551 1095 2567 1110 °
2618 1081 2963 1145 Ἀνελθόντος
2988 1082 3083 1136 τοῦ
3116 1084 3356 1156 Χριστοῦ
3392 1090 3450 1141 ὲν
3497 1090 3577 1161 τῷ
3616 1094 3710 1145 οὑν

2140 1168 2310 1237 ρανῷ,
2363 1172 2458 1225 καὶ
2487 1172 2596 1226 τῶν
2640 1173 2900 1244 μαθητῶν
2935 1174 3102 1229 αὑτοῦ
3138 1178 3469 1247 ὑπνούντων,
3507 1184 3711 1252 κατῆλ-

2141 1257 2234 1311 θεν
2274 1260 2362 1313 ἐπ’
2398 1261 2596 1323 αὑτοὺς
2626 1262 2687 1314 τὸ
2710 1263 3065 1332 Εὑαγγέλιον,
3096 1267 3191 1319 καὶ
3221 1270 3555 1335 ἀναστάντες
3585 1274 3715 1343 ὑμῖν

2140 1350 2468 1419 παρέδωκαν
2500 1351 2666 1403 αὑτό·
2706 1353 2867 1419 ὑμεῖς
2910 1352 2967 1406 δὲ
3014 1356 3294 1426 ἐκρύψατε
3338 1361 3469 1414 αὑτὸ
3521 1363 3609 1415 διὰ
3652 1364 3712 1416 τὸ

2138 1432 2279 1490 εἶναι
2305 1442 2697 1511 γεγραμμένον
2720 1443 2780 1495 τὸ
2808 1443 2979 1514 ὄνομα
3029 1446 3121 1498 τοῦ
3162 1449 3426 1518 Μωάμεδ.
3484 1455 3627 1522 Ἔφη
3685 1458 3713 1508 6

2139 1528 2406 1599 Εὑθύμιος
2428 1547 2443 1561 ·
2477 1531 2666 1601 Ἡμεῖς
2695 1536 3057 1605 κοιμωμένων
3079 1537 3303 1608 Γραφάς
3324 1543 3385 1594 οὑ
3411 1542 3710 1613 δεχόμεθαο

2137 1620 2312 1682 οὐδεὶς
2333 1621 2440 1691 γὰρ
2459 1623 2568 1675 τῶν
2592 1618 2648 1677 εὗ
2684 1624 3028 1695 φρονούντων
3057 1630 3153 1681 καὶ
3182 1630 3371 1701 κύριος
3403 1633 3498 1686 τοῦ
3540 1635 3705 1689 αὑτοῦ

2138 1711 2396 1780 λογισμοῦ
2418 1714 2699 1784 ὑπάρχων,
2722 1718 2847 1780 τοὺς
2866 1717 3158 1787 αίσθητοὺς
3174 1721 3488 1792 ὀφθαλμοὺς
3504 1728 3595 1777 καὶ
3612 1726 3714 1795 τὴν

2139 1802 2340 1869 γνῶσιν
2369 1804 2752 1874 παραΰλέψας,
2780 1810 3047 1864 ἐνυπνίων
3079 1813 3445 1883 φαντάσματα
3470 1815 3708 1884 δέχεταιο

2141 1894 2202 1945 οὑ
2236 1894 2344 1964 γὰρ
2378 1897 2799 1966 κεκοιμημένων
2828 1900 3132 1979 ἀνθρώπων
3153 1904 3377 1957 ἀπαιτεῖ
3391 1907 3419 1957 6
3435 1907 3567 1969 Θεὸς
3585 1909 3710 1979 ἀρε-

2138 1986 2237 2054 τὴν
2260 1986 2292 2052 ἦ
2316 1988 2497 2054 κρίσιν
2517 2003 2531 2017 ·
2565 1990 2592 2041 6
2621 1990 2725 2059 γὰρ
2746 1989 2879 2051 Θεὸς
2905 1991 3007 2044 οὑκ
3032 1974 3181 2044 ἔστιν
3211 1993 3547 2061 ὑπνούντων,
3572 1974 3709 2050 ἀλλά

2142 2076 2585 2145 γρηγορούντων.
2606 2078 2767 2143 Λέγει
2785 2080 2811 2131 6
2836 2080 3175 2149 Σαρακηνόςο
3201 2084 3323 2145 Πῶς
3345 2084 3503 2154 ὑμεῖς
3523 2086 3712 2153 λέγετε

2141 2168 2221 2220 ὅτι
2272 2168 2600 2235 ἀναληφθεὶς
2640 2170 2668 2222 6
2698 2171 2934 2240 Χριστὸς
2983 2174 3327 2239 ἐξαπέστειλε
3373 2178 3433 2229 τὸ
3482 2177 3709 2247 Πνεῦμα

2140 2261 2200 2314 τὸ
2241 2262 2396 2329 ἅγιον
2428 2267 2540 2327 τοῖς
2590 2267 2783 2319 ἑαυτοῦ
2834 2269 3138 2340 μαθηταίςς
3204 2272 3327 2335 Πῶς
3377 2274 3568 2344 παρὼν
3608 2277 3711 2331 οὐκ

2141 2352 2306 2406 ἔδωκε
2339 2354 2586 2423 τούτοι;;
2628 2358 2813 2427 ’Υμῶν
2861 2358 2917 2412 δὲ
2968 2360 3235 2428 λεγόντων
3258 2364 3340 2417 ὅτι
3388 2366 3446 2419 ἓν
3492 2368 3634 2421 εἰσιν
3682 2370 3712 2421 6

2141 2444 2328 2514 Πατὴρ
2367 2447 2457 2497 καὶ
2483 2448 2511 2497 6
2542 2447 2667 2511 Υἱὸς
2709 2449 2803 2501 καὶ
2831 2451 2890 2503 τὸ
2932 2450 3085 2518 ἅγιον
3118 2453 3365 2522 Πνεῦμα,
3396 2456 3512 2509 ἀλλ’
3541 2457 3708 2527 ἀνῆλ-

2143 2533 2234 2584 θεν
2272 2536 2298 2586 6
2334 2535 2568 2604 Χριστὸς
2599 2536 2731 2599 ἄνω,
2787 2538 2879 2589 καὶ
2936 2540 3172 2609 κατῆλθε
3220 2541 3279 2592 τὸ
3320 2542 3564 2613 Πνεῦμα,
3608 2545 3705 2598 καὶ

2143 2623 2309 2692 ἄλλην
2334 2624 2683 2678 διδασκαλίαν
2717 2627 3020 2696 ἐκήρυξενο
3082 2631 3174 2684 καὶ
3226 2634 3276 2685 εί
3333 2631 3505 2694 οὕτως
3562 2633 3705 2703 ἔχει,

2138 2718 2497 2789 διαμερισμὸς
2519 2716 2586 2791 ἧν
2613 2724 2670 2774 ὲν
2691 2726 2756 2794 τῇ
2779 2724 2911 2794 ἁγίᾳ
2933 2725 3147 2794 Τριάδι.
3179 2728 3320 2798 Ἔφη
3346 2730 3372 2781 6
3396 2728 3663 2797 Εὑθύμιος
3685 2743 3699 2758 ⁶

2139 2809 2258 2861 Τῶν
2292 2812 2348 2864 ὲν
2389 2811 2644 2882 ἀσθενείᾳ
2675 2814 2845 2868 ὄντων
2867 2815 3173 2883 ἀνθρώπων
3202 2820 3303 2871 οὑκ
3357 2819 3633 2888 ἐνδέχεται
3679 2821 3708 2872 6

2142 2902 2326 2969 ἰατρὸς
2358 2904 2868 2972 ἀποκαθαρτίςοντα
2923 2910 3192 2979 φάρμακα
3242 2910 3495 2975 κεράσαι,
3548 2912 3597 2963 εί
3633 2910 3705 2980 μή

2138 3009 2254 3056 πως
2282 2996 2631 3065 προκαθάραι
2658 2998 2904 3061 τούτους·
2942 3000 3081 3068 μετά
3103 3001 3160 3053 δὲ
3185 3002 3284 3069 τὴν
3307 3000 3706 3074 προκάθαρσιν,

2138 3088 2263 3139 τότε
2298 3090 2393 3140 καὶ
2421 3088 2491 3140 τὰ
2538 3091 2807 3160 φάρμακα
2855 3094 3066 3144 ποτιεί·
3121 3093 3300 3156 οὑτως
3348 3095 3443 3147 καὶ
3472 3097 3564 3147 ἐπὶ
3617 3095 3709 3149 τοῦ

2138 3178 2380 3248 Χριστοῦ
2417 3180 2526 3232 νόει
2559 3198 2650 3251 μοι
2674 3197 2688 3211 ⁸
2724 3182 2811 3234 ἵνα
2844 3181 2919 3253 μή
2955 3200 3063 3235 τισι
3096 3182 3220 3253 δόξῃ
3253 3184 3338 3236 ὅτι
3383 3186 3527 3236 κατὰ
3578 3185 3707 3252 ἀρε-

2138 3269 2238 3340 τὴν
2266 3272 2359 3323 xxi
2382 3272 2571 3341 μόνην,
2598 3271 2629 3340 ἦ
2658 3273 2751 3326 καὶ
2776 3273 3079 3340 φαντασίαν
3127 3273 3390 3337 διδάσκει,
3420 3273 3452 3342 ἦ
3501 3272 3575 3335 ὡς
3618 3274 3711 3326 ἇν-

2140 3360 2356 3431 θρωπος
2415 3365 2594 3432 μόνον,
2625 3365 2718 3417 καὶ
2742 3364 2842 3434 οὐχ
2885 3363 2958 3426 ῶς
2986 3365 3144 3427 Θεὸς·
3171 3364 3284 3417 ἀλλ’
3311 3364 3386 3427 ὡς
3415 3363 3547 3426 Θεὸς
3578 3380 3712 3432 προ-

2139 3453 2411 3524 εκάθηρεν
2446 3456 2646 3517 αὑτοὺς
2678 3457 2741 3507 ὲκ
2773 3455 2883 3508 τῶν
2936 3454 3137 3508 ὑλικῶν
3168 3455 3356 3508 παθῶν
3381 3456 3489 3509 τῶν
3520 3456 3706 3524 ἁμαρ-

2136 3546 2267 3599 τιῶν
2310 3547 2489 3599 αὑτῶν
2535 3546 2725 3617 παρὼν
2771 3547 2968 3609 αὑτόςσ
3022 3547 3213 3601 ἔπειτα
3276 3549 3413 3617 μετά
3459 3549 3559 3618 τὴν
3625 3549 3708 3608 είς

2138 3641 2403 3708 οὑρανοὺς
2489 3641 2757 3709 ἀνάληψιν
2826 3640 3177 3705 ἐξαπέστειλε
3247 3640 3308 3691 τὸ
3364 3639 3591 3705 Πνεῦμα
3645 3638 3707 3691 τὸ

2138 3732 2314 3797 ἆγιυν,
2341 3733 2607 3787 δεικνύων
2631 3734 2731 3805 τὴν
2757 3734 2972 3788 τελείαν
3001 3731 3252 3801 θεότητα,
3286 3732 3381 3785 καὶ
3409 3732 3491 3784 ὅτι
3521 3733 3711 3803 παρὼν

2140 3818 2209 3891 ἦν
2251 3826 2348 3877 καὶ
2380 3829 2492 3889 τοῖς
2518 3826 2650 3883 ἄνω.

2206 3916 2278 3989 η’.
2310 3920 2470 3985 Λέγει
2510 3922 2537 3973 6
2574 3920 2929 3990 Σαρακηνός·
2985 3918 3093 3972 Τοῦ
3142 3916 3382 3989 Χριστοῦ
3435 3935 3710 3987 περιτμη-

2141 4016 2346 4079 θέντος,
2379 4013 2494 4077 πῶς
2524 4015 2584 4065 οὑ
2644 4011 3065 4084 περιτέμνεσθε,
3118 4014 3208 4063 καὶ
3255 4009 3474 4064 λούεσθε
3525 4012 3583 4063 ὲν
3629 4009 3711 4078 τῷ

2141 4104 2329 4169 ὑδατι;
2371 4103 2554 4166 καθώς
2600 4120 2766 4172 φησιν
2822 4102 3047 4163 Ἡσαΐας
3073 4118 3088 4133 ’
3129 4103 3474 4162 Λούσασθε,
3528 4104 3711 4154 καθα-

2129 4196 2225 4265 ροί
2259 4196 2534 4264 γίνεσθεο
2595 4194 2689 4248 καί⁵
2727 4194 2887 4262 ὑμεῖς
2918 4195 2976 4245 ὲν
3023 4195 3142 4256 ταῖς
3189 4192 3515 4261 ἐκκλησίαις
3556 4191 3711 4260 ὑμῶν

2137 4289 2367 4344 ἄπλυτοι
2413 4286 2745 4357 εἰσέρχεσθε.
2810 4285 2973 4353 Λέγει
3016 4286 3044 4337 6
3098 4284 3398 4352 Εὑθύμιοςο
3432 4283 3506 4334 T6
3550 4299 3709 4351 περι-

2138 4380 2431 4449 τέμνεσθαι
2470 4378 2627 4448 ὲδόθη
2690 4379 2804 4440 τοῖς
2870 4376 3152 4438 Ἰουδαίοις
3213 4376 3303 4428 διὰ
3343 4375 3402 4427 :6
3454 4376 3710 4445 παρεῖναι

2142 4472 2308 4542 μέσον
2338 4469 2448 4524 τῶν
2470 4470 2644 4524 ἐθνῶν
2667 4468 2914 4522 ἀπίστων
2964 4468 3060 4519 καὶ
3100 4465 3527 4535 είδωλολατρῶν,
3590 4466 3710 4517 θεο-

2137 4564 2374 4633 γνωσίας
2406 4563 2635 4632 σημεῖον
2660 4563 2754 4614 καὶ
2792 4562 2922 4630 μιᾶς
2958 4559 3219 4629 ποίμνης.
3263 4558 3337 4611 Τὸ
3360 4557 3417 4610 δὲ
3447 4559 3713 4612 Λούεσθε

2149 4656 2373 4713 Ἡσαΐου
2405 4657 2731 4724 φάσκοντος,
2771 4653 2920 4716 ἅπαξ
2975 4650 3337 4720 ἐνομοθέτησε
3361 4691 3376 4714 ,
3421 4650 3704 4719 προλέγων

462 4733 688 4790 dicens.
722 4739 841 4792 Non
874 4743 1018 4794 enim
1053 4744 1220 4809 dixit,
1264 4746 1541 4804 Lavamini
1592 4756 1865 4821 quotidie,
1897 4733 2036 4823 sed,

2142 4750 2240 4819 τὴν
2279 4748 2441 4819 χάριν
2498 4746 2593 4799 τοῦ
2648 4745 2794 4798 θείου
2848 4742 3253 4813 βαπτίσματος·
3300 4743 3361 4794 οὑ
3411 4743 3518 4811 γὰρ
3586 4737 3705 4793 εἶπε

462 4823 746 4882 Lavamini
769 4835 959 4887 semel.
985 4836 1120 4891 Nam
1156 4841 1471 4905 quotidiana
1494 4843 1624 4899 lotio
1650 4846 1707 4901 ﬁt
1734 4848 1804 4901 ob
1828 4850 2036 4917 sordes,

466 4934 647 4988 neque
682 4929 791 4975 tam
843 4926 1191 4983 rationalium
1232 4933 1515 4989 hominum
1549 4951 1710 5006 quam
1747 4954 2037 5010 porcorum

463 5008 683 5075 propria
711 5021 831 5065 est.
875 5013 1087 5086 Quippe
1130 5019 1274 5076 Deus
1319 5025 1390 5078 ab
1434 5008 1759 5085 hominibus
1785 5044 1891 5084 non
1925 5032 2041 5084 exi-

464 5099 540 5165 git
593 5099 788 5157 cloaca;
835 5109 1237 5177 purgationem,
1265 5115 1359 5169 sed
1418 5119 1680 5173 mundum
1732 5135 1847 5176 cor.
1903 5121 2039 5176 Dicit

464 5188 770 5247 Saracenus
796 5213 809 5248 :
839 5197 950 5251 Cur
974 5216 1069 5255 vos
1112 5216 1328 5272 peccata
1359 5221 1539 5263 vestra
1587 5219 1804 5265 terreno
1829 5212 2035 5267 homini

463 5283 816 5352 conﬁdentes,
885 5293 1092 5346 veniam
1137 5299 1473 5365 petitis?Ait
1520 5303 1872 5373 Euthymius:
1906 5302 2045 5359 Deus

466 5375 658 5432 volens
685 5383 930 5435 omnium
963 5386 1215 5457 salutem,
1251 5392 1397 5448 haud
1447 5393 1571 5448 sivit
1603 5396 1880 5451 hominem
1920 5406 2043 5451 tur-

536 5517 557 5549 ⁸
588 5517 690 5572 lsa.
723 5534 761 5584 ι,
798 5520 887 5575 16.

535 5635 612 5705 (ί)
642 5634 776 5690 Nolo
805 5639 894 5695 hic
921 5641 1151 5715 reticere
1174 5643 1543 5715 testimonium
1571 5661 1667 5715 pro
1685 5644 2031 5700 confessione

465 5718 816 5784 peccatorum
878 5712 1166 5784 sacerdoti
1200 5713 1469 5778 facienda,
1525 5712 1672 5784 quod
1719 5715 2032 5784 suppeditat

466 5776 625 5848 nobis
653 5775 915 5848 Origenes
948 5782 1001 5834 in
1044 5780 1248 5837 inedita
1284 5775 1485 5838 Catena
1532 5775 1635 5840 ms.
1660 5788 1727 5838 ad
1782 5775 2031 5838 Sidonio-

468 5846 551 5903 uis
580 5845 888 5905 Proverbia.
917 5849 1008 5907 Sic
1032 5853 1175 5906 enim
1211 5853 1281 5910 ibi
1300 5850 1563 5925 Origenes
1595 5854 1685 5911 :'0
1713 5856 1780 5908 τὰ
1831 5858 2047 5908 ἑνσπει-

2142 4840 2380 4895 Δούεσθε
2431 4837 2552 4891 καθ’
2595 4835 2852 4907 ἑκάστην.
2907 4834 3043 4886 ἀλλά
3100 4833 3368 4886 Λούεσθε
3425 4833 3603 4897 ἀπαξο
3652 4832 3713 4884 τὸ

2144 4931 2253 5002 γὰρ
2299 4927 2557 4981 λούεσθαι
2600 4926 2726 4979 καθ’
2771 4925 3007 4991 ἑκάστην
3056 4923 3149 4976 καὶ
3202 4921 3477 4991 βορϐόρων
3544 4922 3711 4985 ιστὶν,

2142 5023 2244 5076 οὑκ
2275 5020 2343 5092 ἦν
2373 5018 2605 5086 λογικῶν
2661 5015 2965 5087 ἀνθρώπων
3014 5014 3149 5068 ἀλλά
3203 5015 3426 5084 χοίρων·
3485 5012 3545 5066 οὑ
3603 5014 3713 5082 γὰρ

2143 5114 2369 5168 ἀπαιτεῖ
2394 5115 2421 5166 6
2447 5112 2578 5175 Θεὸς
2612 5108 2917 5179 ἀνθρώπων
2947 5106 3218 5178 κάθαρσιν
3237 5106 3548 5176 ἁφεδρῶγος
3578 5105 3716 5158 ἀλλά

2146 5204 2374 5272 καρδίαν
2424 5201 2690 5272 καθαράν.
2739 5200 2901 5265 Λέγει
2934 5199 2961 5251 6
2997 5198 3342 5268 Σαρακηνός’
3401 5198 3509 5250 Καὶ
3561 5198 3717 5265 ὑμεῖς

2144 5300 2237 5352 διὰ
2265 5297 2341 5363 τί,
2367 5295 2465 5357 τὰς
2494 5291 2768 5361 ἁμαρτίας
2799 5290 2955 5360 ὑμῶν
2991 5290 3071 5353 είς
3106 5291 3291 5357 χοῖκὸν
3318 5288 3601 5359 ἄνθρωπον
3630 5288 3719 5353 ἐξ·

2150 5387 2575 5461 ομολογούμενοι
2634 5383 2738 5453 (ὁ),
2765 5382 3004 5436 αἰτεῖσθε
3062 5382 3448 5449 συμπάθειανς
3499 5381 3645 5450 Ἔφη
3689 5381 3719 5432 6

2143 5645 2351 5716 ρόμενα
2384 5646 2444 5698 ὲν
2476 5648 2541 5715 τῇ
2585 5645 2785 5732 καρδίᾳ
2810 5644 2982 5732 ριῦτσῦ
3032 5643 3136 5725 6136
3161 5641 3270 5732 τοῦ.
3284 5638 3721 5732 πωιηρρῦλκαξά

2143 5710 2591 5800 isseme
2619 5710 2773 5800 αδςάς
2810 5716 3001 5800 ιξγρίιρ
3162 5713 3301 5800 θεῶν
3343 5710 3719 5800 impete?!

2154 5784 2627 5861 'AIFBPQHQLofix
2653 5786 3047 5861 εὑοδωθήσεται
3072 5787 3137 5861 μὲν
3163 5787 3228 5854 τῇ
3246 5784 3399 5861 ,κατά
3419 5784 3511 5861 τοῦ
3545 5798 3719 5861 πον-η-

2159 5852 2252 5926 ροῦ
2286 5852 2590 5928 νίκῃοὩιιί
2628 5864 2744 5910 sata
2782 5856 2833 5908 in
2857 5852 3009 5910 corde
3034 5856 3145 5925 ejus
3202 5852 3266 5909 ob
3314 5852 3546 5923 improbo
3602 5852 3691 5904 di'a
