4018 6630
410 412 477 479 3!
1633 428 2021 491 EUTHYMII
2066 434 2430 495 ZlGABENl
3579 435 3655 501 32

402 532 752 591 Ostracii.Ait
780 533 1100 608 Euthymius
1132 555 1147 592 :
1173 538 1264 594 Sic
1296 540 1465 596 etiam
1494 542 1549 597 in
1598 544 1821 600 Christo
1850 563 1981 602 con-

2102 550 2375 620 Ξιστραπῆς
2407 549 2440 619 ἦ
2471 548 2563 602 τοῦ
2596 549 2865 621 ὀστράκου
2891 569 2904 617 ;
2936 552 3099 622 Λέγει
3125 554 3153 607 6
3184 554 3519 623 Σαρακηνόςο
3555 552 3660 606 Τοῦ

394 627 548 697 tigit:
576 641 703 681 caro
737 627 849 682 sola
879 628 1138 683 cruciﬂxa
1169 628 1292 698 fuit,
1334 641 1389 686 et
1434 633 1589 688 obiit.
1613 634 1755 691 Dicit
1807 636 1971 691 Sara—

396 734 566 776 cenus
617 737 632 773 :
682 720 982 775 Moriente‘
1031 738 1236 787 carne,
1329 722 1652 780 discessitne
1719 743 1748 782 a
1791 715 1969 783 ‘carne

399 814 652 868 divinitas
675 814 893 867 necne?
925 814 1379 885 AitEuehymius:
1410 818 1771 886 Separaturne
1813 822 1981 893 fulgo-

401 901 475 955 ris
494 911 707 961 natura.
731 916 852 952 cum
880 902 1079 969 patitur
1107 907 1399 959 ostracium
1424 905 1447 958 ?
1470 906 1605 961 Dicit
1634 907 1975 965 Saracenus:

400 988 772 1058 Nequaquam.
811 991 898 1043 Ait
967 992 1339 1049 Euthvmius:
1391 993 1449 1049 Si
1510 1006 1697 1053 natura
1759 1000 1983 1070 fulgetis

398 1083 533 1135 nihil
588 1083 806 1150 patitur,
831 1101 927 1138 cur
954 1086 1139 1141 divina
1194 1096 1383 1145 natura
1464 1093 1575 1161 pati
1629 1093 1819 1147 debuit
1857 1109 1981 1147 cum

394 1173 648 1239 corpore?
674 1173 810 1229 Dicit
843 1175 1144 1232 Saracenus
1172 1196 1187 1231 :
1211 1179 1322 1234 Cur
1357 1191 1508 1239 tanto
1535 1194 1751 1254 peracto
1779 1197 1984 1255 myste-

406 1265 753 1335 rio,l)eoque
794 1267 1013 1324 homine
1037 1270 1201 1335 facto,
1234 1284 1294 1327 ut
1320 1274 1597 1330 hominem
1652 1288 1813 1345 prout
1850 1279 1985 1332 diei-

400 1358 471 1412 tis
539 1358 807 1424 salvaret,
852 1377 969 1423 cur,
1026 1364 1285 1432 inquam.
1332 1382 1442 1421 non
1488 1368 1687 1422 desinit
1740 1370 1987 1425 diabolus

402 1448 699 1504 humanum
740 1466 909 1518 genus
935 1465 1194 1521 perpetuo
1222 1458 1576 1527 oppugnare?
1603 1460 1689 1513 Ait
1775 1461 1986 1531 Euthy-

399 1542 541 1595 mius
562 1556 581 1594 :
607 1543 846 1598 Narrabo
872 1545 965 1598 tibi
992 1547 1415 1602 similitudinem.
1436 1550 1547 1603 Rex
1566 1552 1782 1619 quidam
1804 1552 1989 1609 habuit

402 1638 632 1689 amicum
660 1637 816 1705 plane
834 1637 1225 1694 fidelissimum.
1246 1641 1497 1696 Inimicus
1512 1658 1639 1698 vero
1659 1646 1846 1699 nescio
1864 1647 1987 1714 quis

402 1726 592 1779 vi-leus
615 1730 933 1781 immensam
963 1730 1376 1785 aestimationem
1402 1732 1855 1803 dilectionemquc
1887 1750 1992 1804 qua

404 1806 556 1870 illum
599 1834 687 1871 rex
740 1821 1167 1889 prosequebatur
1194 1864 1210 1887 ,
1268 1822 1455 1877 dolosa
1486 1821 1627 1877 facta
1659 1825 1988 1889 incursione,

404 1910 544 1975 regis
574 1910 806 1963 amicum
840 1912 1180 1980 depmedatus
1206 1915 1543 1985 est,ejusque
1565 1917 1704 1971 bona
1732 1933 1988 1985 pessum-

407 1996 575 2049 dedit.
618 1997 679 2050 Et
702 2001 841 2069 regis
882 2002 1098 2069 quidem
1144 2002 1377 2058 amicum
1431 2013 1646 2073 captum
1694 2009 1991 2062 crudeliter

409 2090 737 2150 terberavit.
772 2093 1133 2162 gravibusque
1163 2096 1370 2151 catenis
1398 2096 1643 2151 vinciens
1666 2098 1731 2151 in
1759 2099 1987 2167 profun-

405 2179 688 2233 dissimum
723 2183 1182 2254 tenebrosumque
1216 2196 1439 2255 puteum
1468 2190 1732 2258 projecit:
1789 2206 1900 2259 quo
1934 2191 1988 2244 in

405 2269 526 2324 loco
572 2272 765 2326 misere
799 2272 1189 2346 desperaleque
1230 2278 1464 2345 iacebat.
1523 2278 1629 2333 Sed
1665 2290 1845 2333 tamen
1892 2296 1990 2335 rex

407 2362 603 2431 prioris
657 2364 928 2420 felicitatis
976 2368 1135 2422 amici
1184 2369 1289 2432 sui,
1370 2384 1580 2423 necnon
1664 2372 1983 2439 posterioris

408 2457 742 2514 infelicitatis
773 2476 1001 2523 memor,
1038 2478 1133 2531 per
1161 2465 1374 2517 viscera
1437 2464 1841 2524 misericordiae.
1898 2480 1989 2519 sa-

411 2546 595 2613 piente
616 2550 918 2619 excogitato
940 2551 1184 2615 consilio,
1217 2553 1439 2607 veniens
1468 2568 1589 2606 cum
1615 2553 1776 2623 regali
1798 2554 1993 2609 virtute

407 2638 666 2695 adversus
718 2642 951 2707 hostem,
1004 2659 1112 2698 non
1153 2661 1246 2714 pro
1314 2646 1421 2699 alio
1474 2646 1713 2715 negotio,
1760 2646 1854 2701 sed
1892 2661 1994 2715 pro

407 2730 583 2785 amico
648 2746 829 2788 suoex
859 2736 1057 2791 acerbo
1086 2738 1343 2807 gratique
1400 2739 1647 2793 cruciatu
1714 2738 1995 2793 liberanda

407 2817 723 2873 decertavit.
750 2820 903 2875 illum
939 2831 1116 2877 autem
1138 2826 1291 2878 malis
1307 2826 1539 2894 gaudere
1570 2826 1788 2878 solitum
1816 2825 1998 2880 debel-

408 2909 527 2963 lans
567 2920 621 2965 et
680 2921 989 2975 conterens.
1035 2916 1335 2971 tortoribus
1368 2918 1625 2971 tradidit:
1674 2933 1987 2987 quanquam

406 3001 547 3054 idem
587 3016 654 3054 ne
685 3002 761 3055 sic
789 3003 1007 3071 quidem
1036 3023 1060 3056 ει
1088 3006 1334 3060 vexando
1370 3009 1507 3074 regis
1529 3008 1705 3062 amico
1751 3009 1987 3062 destitit.

408 3092 527 3145 Pari
558 3093 764 3147 ratione
782 3095 951 3165 cogita
971 3112 1183 3150 mecum
1209 3098 1273 3151 de
1290 3098 1467 3152 divina
1487 3100 1951 3155 condescensione
1978 3118 1992 3154 :

410 3197 522 3237 non
560 3183 702 3256 enim
757 3189 1085 3241 necessitate
1133 3188 1310 3257 aliqua
1355 3202 1631 3258 premente
1660 3193 1725 3245 ad
1778 3194 1998 3263 suppri-

412 3276 604 3329 menda
638 3277 892 3331 scandala
949 3281 1117 3343 venit,
1153 3281 1249 3336 sed
1279 3292 1336 3336 ut
1391 3283 1665 3339 hominem
1714 3285 1990 3340 liberaret.

412 3366 584 3423 Porro
633 3378 689 3423 ttt
740 3370 878 3424 male
907 3373 991 3426 vel
1024 3373 1161 3427 bene
1189 3390 1431 3444 agamus,
1475 3375 1526 3430 id
1562 3378 1735 3432 nostri
1784 3378 1991 3433 arbitrii

410 3465 496 3511 est
557 3467 716 3526 atque
773 3462 1154 3527 conscientiae;
1210 3464 1647 3535 quandoquidem
1706 3469 1992 3538 utriusque

412 3548 489 3602 rei
527 3550 679 3604 nobis
718 3552 999 3605 scientiam
1033 3553 1340 3623 impertitus
1365 3566 1475 3611 est.

2085 638 2568 707 ὀστράκου.⁵Ἕφη
2621 641 2647 691 6
2699 638 3001 708 Εὑθύμιος·
3050 641 3236 705 Οὕτως
3283 642 3375 695 καὶ¹
3421 643 3513 694 ἐπὶ
3564 642 3661 694 τοῦ

2088 729 2324 797 Χριστοῦ
2356 729 2579 797 γέγονεν
2605 747 2619 760 ο
2656 731 2686 799 ἠ
2723 732 2861 800 σὰρξ
2891 734 3024 802 μόνη
3056 734 3372 801 ἐσταυρώθη
3405 735 3499 785 καὶ
3551 735 3661 785 ἁπ-

2085 820 2299 875 έθανεν.
2335 821 2496 889 Λέγει
2532 824 2558 874 ὁ
2585 823 2902 893 Σαρακηνός
2929 842 2944 857 ο
2978 826 3084 878 Καὶ
3113 825 3493 894 ἀποθανούσης
3528 841 3663 893 σαρ-

2085 911 2201 975 κὸς,
2250 913 2600 982 ἀπεχωρίσθη
2648 915 2678 983 ἡ
2729 914 2917 983 θεότης
2971 917 3034 968 ἐκ
3074 918 3170 985 τῆς
3223 917 3446 985 σαρκὸς,
3496 914 3661 986 ἢοῦς

2091 1004 2232 1074 Ἔφη
2263 1005 2289 1055 6
2322 1002 2622 1072 Εὑθύμιος’
2646 1006 3004 1075 Χωρίζεταιή
3049 1008 3210 1073 φύσις
3248 1008 3346 1075 τῆς
3376 1008 3664 1075 ἀστραπῆς

2087 1097 2218 1148 ὃταν
2240 1096 2449 1165 πάσχει
2479 1096 2538 1148 τὸ
2566 1096 2866 1166 δστρακονς
2892 1099 3050 1165 Λέγει
3080 1102 3107 1150 6
3136 1098 3474 1168 Σαρακηνός·
3507 1099 3673 1171 Οὐχί,

2090 1182 2254 1240 Εἶπεν
2279 1190 2306 1241 6
2340 1188 2613 1257 Εὐθύμιος
2637 1204 2648 1217 ⁸
2687 1191 2795 1242 Καὶ
2820 1189 2869 1242 εί
2974 1190 3136 1258 φύσις
3159 1192 3257 1259 τῆς
3287 1191 3571 1259 ἀστραπῆς
3602 1191 3663 1241 οὐ

2090 1278 2308 1348 πάσχει,
2333 1278 2449 1340 πῶς
2489 1282 2521 1348 ἡ
2550 1277 2668 1331 θεία
2694 1278 2855 1347 φύσις
2879 1274 2992 1349 εἷχε
3031 1282 3421 1350 συμπασχῆσαι
3451 1279 3527 1349 τῷ
3555 1278 3664 1332 σώ-

2093 1386 2257 1438 ματις
2305 1370 2466 1437 Λέγει
2494 1374 2520 1423 6
2554 1371 2868 1440 Σαρακηνός
2891 1386 2907 1401 ·
2956 1373 3078 1434 Πῶς
3108 1372 3260 1438 γοῦν,
3298 1370 3389 1424 τοῦ
3420 1372 3663 1425 τοιούτου

2097 1462 2399 1531 μυστηρίου
2440 1462 2747 1528 γεγονότος,
2782 1463 2877 1514 καὶ
2906 1462 3040 1515 Θεοῦ
3068 1464 3162 1516 καὶ
3187 1462 3476 1533 ἀνθρώπου
3509 1480 3667 1529 γενο·

2097 1550 2277 1617 μένου,
2333 1549 2419 1602 ἵνα
2462 1550 2608 1619 σώσῃ
2660 1550 2765 1617 τὸντ
2793 1551 3100 1618 ἄνθρωπον,
3160 1552 3233 1612 ὡς
3283 1550 3493 1618 λέγετε.
3549 1551 3666 1613 πῶς

2094 1643 2120 1695 6
2149 1641 2392 1704 διάὁολος
2423 1643 2483 1694 οὗ
2524 1642 2755 1695 παύεται
2785 1643 3025 1705 ἀεννάως
3061 1648 3123 1695 τὸ
3152 1645 3307 1711 γένος
3327 1643 3435 1694 τῶν
3459 1639 3671 1712 ἀνθρώ-

2096 1751 2212 1787 πων
2236 1733 2482 1801 πολεμῶν
2503 1751 2516 1799 ;
2545 1733 2690 1803 Ἔφη
2719 1736 2746 1786 6
2773 1734 3041 1804 Εύθύμιος
3059 1750 3076 1767 ο
3107 1734 3258 1787 Εἴπω
3277 1751 3358 1787 σοι
3382 1734 3635 1803 ὁμοίωμα.
3656 1748 3670 1764 ⁶

2096 1826 2354 1889 Βασιλεύς
2384 1842 2468 1889 τις
2497 1820 2609 1897 εἶχε
2663 1824 2814 1895 φίλον
2844 1825 2984 1878 πάνυ
3021 1825 3412 1894 γνησιώτατον.
3445 1812 3673 1894 Ἐχθρὸς

2092 1917 2148 1969 δέ
2173 1934 2255 1979 τις
2282 1915 2493 1985 βλέπων
2516 1916 2614 1985 τὴν
2638 1916 2865 1985 ἄπειρον
2889 1916 3055 1984 τιμὴν
3077 1916 3170 1967 καὶ
3198 1915 3417 1984 ἀγάπην
3445 1914 3511 1984 ῆν
3534 1912 3672 1983 πρὸς

2098 2007 2258 2059 αὐτὸν
2292 2006 2553 2072 ἐκέκτητο
2584 2005 2613 2057 6
2638 2003 2889 2074 βασιλεύς
2908 2020 2921 2034 ·
2958 2003 3127 2056 ἐλθὼν
3160 2003 3214 2056 δὲ
3238 2003 3266 2055 6
3290 2002 3482 2073 ἐχθρὸς
3518 2001 3655 2070 μετά

2092 2098 2241 2151 δόλου
2267 2096 2555 2150 ἐσκύλευσε
2609 2095 2697 2148 τὸν
2721 2096 2814 2149 τοῦ
2842 2094 3107 2165 βασιλέως
3127 2095 3276 2163 φίλον
3298 2098 3390 2147 καὶ
3420 2094 3674 2147 ἀπώλετο

2092 2189 2158 2242 τὰ
2206 2188 2518 2258 ὑπάρχοντα
2569 2186 2772 2239 αὐτοῦ·
2824 2187 3043 2239 καὶτὸν
3092 2186 3189 2254 μὲν
3230 2186 3383 2255 φίλον
3429 2184 3524 2237 τοῦ
3580 2182 3675 2252 βαι

2096 2280 2286 2342 σιλέως
2319 2277 2497 2332 λαϐὼν
2532 2280 2560 2332 ὁ
2588 2280 2678 2348 ἐχθ
2691 2280 2777 2348 pb;
2808 2278 3005 2348 ἔτυψεν
3039 2277 3308 2348 ἀνηλεῶς,
3349 2278 3443 2329 καὶ
3475 2276 3674 2337 κλοιοῖς

2097 2370 2288 2441 βαρέσι
2347 2372 2583 2440 πεδήσας
2632 2369 2819 2422 τοῦτον
2866 2374 2923 2422 ἐν
2956 2369 3238 2439 βαθυτάτῳ
3270 2370 3363 2422 καὶ
3412 2366 3671 2435 σκοτεινῷ

2097 2464 2293 2532 φρέατι
2323 2461 2586 2514 ἀπέθετο*
2612 2462 2707 2514 καὶ
2746 2456 2812 2531 ἦν
2843 2461 3031 2530 μείνας
3066 2460 3315 2521 ἐλεεινῶς
3349 2461 3465 2512 ἐκεῖ
3499 2458 3670 2511 καθά-

2094 2571 2200 2623 περ
2244 2554 2685 2623 ἀπαρηγόρητος.
2734 2554 3013 2623 Μνησθελς
3059 2552 3153 2605 οὖν
3198 2555 3225 2604 6
3274 2551 3526 2621 βασιλεὺς
3569 2551 3669 2615 τῆς

2096 2646 2368 2716 προτέρας
2401 2646 2804 2716 μακαριότητος
2826 2646 2918 2699 τοῦ
2949 2645 3142 2699 ἑαυτοῦ
3172 2645 3347 2713 φίλου,
3377 2644 3470 2697 καὶ
3506 2643 3674 2694 πάλιν

2094 2742 2193 2808 τῆς
2251 2738 2508 2809 δευτέρας
2578 2737 2742 2791 αὑτοῦ
2812 2736 3167 2807 ἀθλιότητος,
3242 2733 3515 2789 κατελθὼν
3585 2732 3672 2785 διὰ

2098 2831 2382 2899 σπλάγχνα
2425 2830 2606 2892 ἐλέους
2639 2830 2999 2899 οἰκονομικῶς
3042 2831 3101 2882 ἐν
3145 2828 3397 2898 βασιλικῇ
3446 2824 3676 2892 δυνάμει

2099 2923 2233 2992 πρὸς
2250 2922 2340 2973 τὸν
2359 2920 2450 2990 ὲχθ
2460 2922 2570 2989 ρὺν.
2593 2923 2690 2973 οὐκ
2714 2921 3018 2988 ἠγωνίσατο
3035 2919 3286 2989 περὶτῶν
3304 2916 3673 2987 πραγμάτων.

2097 3014 2211 3066 ἀλλ’
2245 3013 2553 3081 ἠγωνίσατο
2581 3012 2674 3065 τοῦ
2710 3013 3075 3082 ἐλευθερῶσαι
3094 3011 3185 3063 τὸν
3210 3010 3404 3064 ἐαυτοῦ
3432 3009 3586 3078 φίλον
3609 3008 3674 3062 ἐκ

2099 3106 2198 3172 τῆς
2244 3104 2445 3174 πικρᾶς
2484 3104 2576 3156 καὶ
2623 3103 2802 3173 δεινῆς
2838 3104 3094 3173 βασάνου.
3127 3103 3231 3154 Τὸν
3261 3102 3314 3154 δὲ
3344 3102 3674 3171 χαιρέκακον

2100 3198 2305 3250 ἐκεῖνον
2351 3194 2663 3255 καταλύσας
2724 3197 2819 3248 καὶ
2890 3197 3184 3266 συντρίψας
3233 3195 3513 3264 παρέδωκε
3567 3192 3679 3266 τοῖς

2104 3290 2454 3359 βασανισταῖς
2476 3305 2488 3317 ·
2530 3289 2734 3349 ἐκεῖνος
2765 3287 2822 3340 δὲ
2851 3265 3139 3342 πάλιννούκ
3171 3292 3350 3341 εῐασεν
3372 3326 3386 3348 ,
3422 3284 3542 3371 6D."
3569 3265 3679 3336 οὐδ’

2099 3380 2274 3441 οὕτως
2306 3380 2397 3433 τὸν
2422 3379 2576 3448 φίλον
2607 3378 2696 3431 τοῦ
2732 3379 3015 3449 βασιλέως.
3054 3382 3322 3441 Τοιούτως
3343 3380 3436 3431 ἐπὶ
3468 3379 3531 3448 τῇ
3558 3374 3682 3445 θείᾳ

2099 3471 2507 3540 συγκατλόἀσει
2551 3471 2661 3523 νόει
2699 3487 2820 3540 μοι’
2866 3474 3130 3544 οὐδὲγὰρ
3168 3473 3225 3537 ἐξ
3286 3472 3531 3540 ἀνάγκης
3575 3462 3682 3540 ἧκε

2098 3566 2302 3618 παῦσαι
2344 3564 2410 3616 τά
2439 3562 2709 3616 σκάνδαλα
2740 3603 2752 3627 ,
2788 3564 2902 3616 ἀλλ’
2940 3565 3308 3633 ἐλευθερῶσαι
3338 3564 3426 3616 τὸν
3456 3563 3671 3630 ἀνθρω-

415 3660 536 3698 πον.
573 3646 645 3697 Τὸ
676 3647 731 3699 δὲ
763 3653 1022 3717 πράττειν
1077 3649 1311 3719 πονηρὸν
1372 3649 1482 3702 εἴτε
1549 3651 1753 3717 ἀγαθὸν
1813 3650 1912 3720 τῆς
1950 3653 2222 3725 ἡμετέρας
2266 3658 2383 3709 ἐστὶ
2446 3656 2816 3725 προαιρέσεώς
2864 3674 2919 3709 τε
2973 3658 3067 3711 καὶ
3102 3657 3493 3726 συνειδήσεως*
3560 3654 3684 3706 ἐπεὶ

414 3736 514 3804 τὴν
544 3737 653 3789 τῶν
685 3740 1008 3809 ἀμφοτέρων
1036 3740 1238 3808 γνῶσιν
1269 3744 1399 3812 ἡμῖν
1430 3744 1716 3813 ἀνέθηκεν.

493 3831 576 3884 ll.
603 3831 742 3885 Dicit
768 3832 1102 3887 Saracenus:
1134 3832 1269 3888 Cum
1297 3837 1729 3899 vosmet‘dicatis
1765 3836 2005 3905 pretioso

419 3923 680 3992 sanguine
700 3933 934 3993 emptos,
959 3941 1054 3993 age
1077 3926 1163 3979 dic
1194 3942 1224 3979 a
1246 3942 1481 3996 quonam
1512 3929 1714 3984 venditi
1739 3929 1963 3983 fueratis
1985 3957 2000 3982 ο

418 4025 472 4066 et
490 4027 585 4082 pro
602 4029 834 4082 quonam
861 4014 1107 4071 Christus
1129 4018 1449 4088 sanguinem
1481 4033 1636 4071 suum
1662 4017 2002 4085 profuderit?

419 4103 649 4171 Insuper
686 4107 989 4171 dieitis,vos
1056 4120 1216 4164 antea
1278 4108 1445 4163 fuisse
1479 4108 1680 4162 diaboli
1739 4108 1997 4171 famulos,

421 4194 697 4251 Christum
733 4214 859 4253 vero
914 4200 1295 4255 advenientem
1330 4217 1424 4256 vos
1461 4201 1777 4255 redemisse.
1828 4202 1992 4270 Atqui

421 4290 467 4344 si
491 4289 740 4344 Christus
770 4293 1081 4362 sanguinem
1110 4309 1269 4347 suum
1302 4293 1516 4347 diabolo
1592 4291 1807 4347 dedisse
1877 4309 2001 4361 pre-

425 4382 561 4436 tium
593 4383 820 4446 dieatur,
859 4398 1036 4438 nonne
1064 4385 1176 4440 haec
1234 4385 1460 4439 exitiosa
1515 4382 1850 4453 blasphemia
1908 4383 2007 4437 lit?

424 4474 515 4529 Ait
545 4474 895 4545 Euthymius:
927 4475 1350 4532 Misericordiam
1373 4476 1469 4531 Dei
1507 4476 1733 4544 ejusque
1764 4474 2007 4529 ineﬂ‘abio

2184 3842 2275 3889 ια’.
2300 3836 2460 3904 Λέγει
2491 3838 2518 3888 ὁ
2552 3835 2886 3905 Σαρακηνόςε
2930 3832 3114 3903 ’Υμῶν
3146 3834 3413 3899 λεγόντων
3451 3835 3531 3887 ὅτι
3551 3835 3685 3903 ἠγου

2110 3929 2345 4000 ράσθητε
2379 3928 2457 3997 τῷ
2478 3929 2641 3997 τιμίῳ
2662 3928 2875 3996 αἵματι,
2907 3928 3056 3994 παρά
3085 3927 3229 3989 τίνος
3255 3927 3563 3994 ἐπράθητε;
3594 3926 3688 3979 καὶ

2108 4019 2247 4086 ὑπὲρ
2273 4019 2417 4081 τίνος
2442 4019 2637 4070 ἔδωκεν
2666 4016 2947 4086 όιΧριστὸς
2970 4016 3029 4067 τὺ
3055 4008 3195 4084 αἷμα
3221 4014 3382 4068 αὐτοῦ
3407 4032 3422 4077 ;
3452 4016 3560 4068 Καὶ
3584 4014 3690 4069 πά-

2104 4110 2189 4162 λιν
2221 4111 2407 4177 λέγετε
2440 4111 2520 4172 ὃτι
2549 4109 2727 4163 δοῦλοί
2760 4111 2880 4162 ἐστε
2924 4108 3116 4177 πρώην
3148 4106 3240 4160 τοῦ
3278 4107 3558 4171 διαϐόλου,
3590 4108 3688 4161 καὶ

2107 4202 2276 4255 ἐλθὼν
2297 4205 2325 4255 ὁ
2345 4202 2573 4274 Χριστὸς
2602 4201 2745 4271 ὑμᾶς
2771 4200 3040 4269 ἠγόρασεν
3062 4215 3075 4229 ·
3109 4200 3201 4251 καὶ
3232 4200 3324 4250 ἐὰν
3349 4198 3425 4267 τῷ
3451 4198 3682 4267 διαϐόλῳ

2111 4295 2308 4349 ἔδωκεν
2337 4292 2503 4347 αὐτοῦ
2528 4293 2585 4346 τὸ
2608 4290 2747 4362 αἷμα
2777 4292 2873 4361 (5),
2904 4293 3136 4359 ἀρκέσει
3164 4290 3320 4343 τοῦτο
3347 4292 3421 4351 είς
3451 4289 3693 4357 βλασφη-

2117 4390 2246 4460 μίαν
2273 4387 2367 4441 καὶ
2404 4385 2701 4440 ἀπώλειαν.
2737 4386 2879 4453 Ἔφη
2909 4386 2937 4435 6
2972 4382 3240 4451 Εὐθύμιος
3267 4397 3279 4410 ·
3313 4382 3453 4442 Τοὺς
3486 4381 3692 4449 οίκτιρ-

2120 4482 2252 4550 μους
2282 4478 2377 4532 τοῦ
2406 4476 2673 4541 Θεοῦ,καὶ
2705 4476 2803 4547 τὴν
2837 4476 3043 4542 ἄφατον
3082 4472 3243 4529 αύτοῦ
3283 4471 3690 4540 εὑσπλαγχνίαν

425 4568 589 4621 bilem
656 4569 1079 4638 benignitatem,
1128 4584 1387 4622 vocamus
1458 4584 1559 4623 nos
1629 4567 1995 4621 venditionem

2106 4571 2377 4639 καλοῦμεν
2418 4570 2626 4639 πρᾶσιν
2662 4568 2754 4620 καὶ
2799 4564 3038 4633 ἀγοράν’
3077 4564 3277 4632 πρᾶσιν
3312 4562 3410 4635 μὲν
3443 4562 3523 4613 ὅτι
3571 4560 3686 4615 κλίρ

425 4666 586 4731 atque
611 4659 986 4728 emptionem:
1039 4660 1406 4714 venditionem
1453 4658 1697 4729 quidem,
1750 4657 1874 4727 quia
1909 4673 2010 4711 nos

428 4749 482 4802 in
512 4748 793 4804 adversam
854 4760 1058 4819 partem
1135 4750 1496 4813 declinantes,
1553 4748 1747 4818 abiecti
1812 4764 1843 4802 a
1898 4748 2007 4801 Deo

430 4841 653 4902 fuimus.
702 4842 769 4895 ab
828 4858 1001 4911 eoque
1060 4840 1783 4908 recessimus.Emptionem
1831 4849 2012 4893 autem

430 4933 658 4988 dicimus
700 4933 1021 4989 immensam
1047 4933 1295 5002 ejusdem
1346 4932 1737 5003 benignitatem
1768 4940 1822 4985 et
1879 4947 2014 4984 con-

430 5026 861 5082 descensionem.
902 5027 1183 5082 Proferam
1225 5025 1319 5079 tibi
1375 5023 1706 5093 exemplum,
1746 5022 2005 5091 quoniam

433 5114 484 5169 id
524 5117 838 5183 mysterium
880 5131 989 5170 non
1025 5116 1216 5184 capis;
1249 5113 1343 5168 sed
1397 5114 1495 5167 hac
1548 5111 1774 5165 recitata
1824 5111 2011 5165 simili-

435 5208 637 5269 tudine,
689 5210 741 5263 id
799 5210 1017 5263 demum
1074 5206 1538 5276 comprehendere
1592 5202 1814 5272 poteris.
1890 5201 2004 5255 Rex

435 5298 647 5366 quidam
680 5301 954 5365 regionem
995 5300 1262 5369 egregiam
1297 5297 1603 5366 possidebat
1635 5310 1699 5349 ac
1736 5308 2007 5363 magnam.

442 5392 636 5447 Verum
678 5394 799 5447 illuc
841 5391 1108 5463 [morbus]
1133 5393 1377 5461 irrepens
1406 5391 1653 5446 funditus
1687 5404 1806 5444 eam
1849 5389 2011 5444 deso-

442 5486 806 5540 |abat.Dolens
823 5486 1004 5553 itaque
1030 5500 1145 5549 rex,
1177 5488 1490 5539 convocatis
1516 5483 1737 5553 Optimis
1762 5480 2009 5540 medicis.

445 5578 766 5631 sententiam
791 5577 1004 5630 illorum
1036 5577 1264 5647 rogavit,
1297 5576 1595 5645 multisque
1641 5574 1843 5637 missis,
1873 5586 2021 5624 mor-

448 5671 553 5725 bus
585 5679 765 5723 tameu
818 5670 995 5725 sanari
1027 5684 1136 5724 non
1174 5668 1371 5740 potuit.
1421 5669 1590 5723 Erant
1647 5675 1829 5722 autem
1864 5665 1916 5718 in
1945 5679 2009 5717 ea

527 5823 607 5891 (5)
646 5824 1012 5887 Qumstionem
1040 5824 1178 5878 hanc
1216 5822 1451 5893 appellat
1502 5832 1743 5893 veterem
1795 5817 2028 5873 Photius

457 5895 508 5949 in
564 5894 1017 5968 Amphilochiaua
1074 5891 1458 5952 dissertatione
1514 5906 1642 5949 xxxv
1698 5891 1883 5961 (quam
1925 5904 2026 5946 nos

2113 4680 2301 4725 ναντες
2350 4662 2428 4724 είς
2465 4661 2536 4713 τὰ
2583 4659 2803 4712 ἐναντία
2839 4655 3230 4725 ἀπερῤίφημεν
3282 4652 3389 4707 ἀπὸ
3426 4652 3561 4705 Θεοῦ
3599 4654 3691 4705 καὶ

2113 4755 2433 4825 ἀπέστημεν
2452 4769 2467 4784 ⁸
2503 4751 2710 4821 ἀγορὰν
2750 4748 2930 4817 δὲτὴν
2959 4745 3125 4800 αὑτοῦ
3157 4745 3382 4813 ἄπειρον
3415 4744 3689 4811 εὐσπλαγ-

2114 4849 2269 4919 χνίαν
2300 4846 2392 4899 καὶ
2429 4842 2862 4905 συγκατάὁασιν.
2896 4839 3051 4892 Εἴπω
3094 4854 3174 4890 σοι
3204 4837 3260 4889 δὲ
3292 4838 3386 4889 καὶ
3411 4836 3684 4904 ὁμοίωμα,

2114 4941 2197 4993 ὅτι
2224 4938 2286 4991 τὸ
2321 4935 2618 5007 μυστήριον
2644 4933 2802 4987 τοῦτο
2854 4932 2953 4984 οὐκ
2993 4928 3273 4999 ἐχώρησε,
3330 4928 3425 4980 καὶ
3481 4926 3683 4983 ἐκ,τοῦ

2113 5030 2463 5101 ὁμοιώματος
2494 5028 2713 5097 δυνήσει
2743 5023 3070 5079 καταλαϐεῖν
3102 5021 3281 5074 τοῦτο.
3317 5019 3579 5081 Βασιλεύς
3608 5036 3690 5081 τις

2114 5119 2229 5191 εἶχε
2278 5118 2461 5189 χώραν
2502 5116 2702 5186 πολλὴν
2748 5114 2839 5169 καὶ
2872 5112 3135 5182 μεγάλην.
3187 5110 3301 5163 Καὶ
3336 5108 3584 5178 εἰσῆλθεν
3613 5111 3693 5170 είς

2116 5213 2215 5280 τὴν
2248 5209 2444 5262 ἑαυτοῦ
2476 5206 2659 5278 χώραν
2686 5201 2887 5275 [νόσος]
2918 5201 3057 5255 ὥστε
3089 5199 3367 5262 παντελῶς
3394 5199 3689 5266 ἀφανισθῇ-

2117 5320 2227 5357 ναι.
2255 5302 2557 5372 Περίλυπος
2586 5294 2680 5351 οὖν
2710 5296 3000 5366 γενόμενος
3023 5294 3051 5345 6
3083 5291 3360 5363 βασιλεὺς.
3385 5290 3693 5360 προσκαλε-

2123 5394 2357 5463 σάμενος
2394 5392 2519 5452 τοὺς
2566 5388 2823 5460 ἀρίστους
2868 5383 3032 5440 αὑτοῦ
3078 5381 3315 5451 ἰατροὺς.
3358 5380 3695 5434 ἐπυνθάνετο

2124 5486 2252 5554 παρ’
2285 5481 2464 5535 αὐτῶν
2485 5520 2500 5544 ,
2529 5481 2624 5533 καὶ
2654 5477 2880 5539 πολλοὺς
2906 5475 3013 5526 τῶν
3049 5472 3245 5540 ἰατρῶν
3274 5472 3656 5535 ἐξαποστείλας
3677 5514 3693 5538 ,

2127 5579 2229 5632 οὐκ
2268 5575 2612 5646 ἠδυνήθησαν
2657 5570 3013 5642 θεραπεῦσαι.
3066 5570 3343 5639 Ὑπῆρχον
3383 5568 3439 5621 δὲ
3479 5570 3558 5629 είς
3595 5568 3695 5636 τὴν

2124 5666 2309 5738 χώραν
2346 5664 2439 5717 τοῦ
2472 5661 2729 5734 βασιλέως
2771 5660 3089 5731 χαιρέκακοι
3119 5658 3397 5729 ἅνθρωποι
3428 5656 3522 5709 καὶ
3565 5657 3696 5726 γόη-

2137 5815 2409 5871 edidimus
2442 5812 2637 5881 Script.
2676 5822 2775 5867 vet.
2808 5821 2955 5867 tomo
2992 5813 3212 5883 primo),
3245 5828 3299 5868 et
3330 5813 3486 5869 docte
3518 5811 3693 5868 soler-

2135 5896 2320 5958 terque
2344 5886 2592 5943 dissolvit
