4018 6570
269 422 329 486 33
1473 428 1937 491 DISPU'I‘ATIO
1981 428 2078 490 DE
2118 430 2320 493 FIDE.
3464 447 3532 509 ει

262 556 363 603 τες.
395 536 596 594 Τίίοῦν
629 540 778 594 ποιεῖ
807 542 834 594 6
865 540 1148 611 βασιλεύς;
1192 542 1329 596 Ἕνα
1362 544 1477 598 υἱὸν
1517 544 1658 617 ἔχων
1694 558 1851 614 μονο-

1966 544 2106 613 regis
2133 544 2410 613 provincia
2444 547 2660 618 maligni
2699 547 2948 604 homines
2981 557 3034 604 et
3086 549 3336 606 malefici.
3390 552 3531 619 Quid

262 635 407 700 γενῆ,
473 632 742 701 ἀνέδησεν
799 632 950 702 αὑτῷ
1000 634 1273 702 προϐάτου
1362 634 1550 706 δορὰν,
1604 635 1699 687 καὶ
1758 634 1847 698 ἐξ-

260 724 579 777 απέστειλεν
612 727 693 787 εἰς
727 724 827 792 τὴν
863 725 1059 777 ἑαυτοῦ
1093 725 1295 794 χώραν.
1315 727 1536 790 ’ἰδόντες
1566 726 1621 778 δὲ
1659 725 1849 779 τοῦτον

260 817 303 868 ol
339 818 677 883 χαιρέκακοι
712 816 903 879 παῖδες
940 816 1039 885 τῆς
1076 816 1256 887 χώρας
1294 818 1508 885 ἐκείνης
1535 857 1551 880 ,
1590 817 1848 881 λαϐόντες

261 904 440 957 τοῦτον
486 906 839 959 ἀπέκτειναν.
888 906 997 958 Καὶ
1047 905 1226 959 λαϐὼν
1274 908 1302 959 6
1344 906 1595 976 βασιλεὺς
1626 909 1682 960 ἐν
1725 909 1847 974 ταῖς

259 993 411 1061 χερσὶ
447 997 570 1053 ταῖς
604 993 761 1055 ἰδίαις
794 994 855 1045 τὸ
911 994 1003 1046 τοῦ
1037 994 1154 1046 υίοῦ
1185 996 1348 1049 αὑτοῦ
1381 990 1539 1065 αἷμα,
1570 998 1662 1049 καὶ
1694 996 1849 1049 ποτί-

260 1100 353 1147 σας
372 1087 466 1137 τὸν
493 1085 623 1139 λαὸν
649 1126 664 1149 ,
714 1084 1080 1155 ἐζωοποίησεν
1110 1089 1173 1141 ὲκ
1204 1089 1296 1142 τοῦ
1329 1089 1555 1143 θανάτου
1588 1088 1686 1160 τὴν
1718 1090 1846 1142 ἑαυ-

258 1175 349 1227 τοῦ
394 1181 608 1245 χώραν.
644 1178 774 1230 Nilei.
810 1194 897 1239 μοι
943 1178 1036 1230 καὶ
1071 1179 1165 1229 ἐπὶ
1196 1179 1287 1232 τοῦ
1324 1180 1556 1249 φοϐεροῦ
1593 1180 1845 1251 σώματος

258 1267 348 1318 καὶ
388 1266 628 1335 αἶματος
675 1266 770 1319 τοῦ
818 1269 1055 1337 Χριστοῦ
1109 1271 1190 1323 ὅτι
1260 1269 1380 1323 οὕτε
1436 1270 1663 1337 ἄγγελος
1719 1269 1844 1323 οὗτε

1951 650 2080 703 ergo
2113 651 2203 690 rex
2236 636 2411 691 fecit?
2443 638 2637 693 Filium
2711 641 2917 695 habens
2979 642 3338 712 unigenitum,
3404 645 3530 698 huic

1969 714 2227 794 imposuit
2285 729 2500 785 ovinam
2549 731 2765 799 pellem,
2822 741 2980 801 atque
3036 733 3105 786 ita
3153 735 3206 785 in
3254 735 3525 803 regionem

1951 818 2097 871 illam
2153 818 2406 873 dimisit:
2453 835 2615 889 quem
2673 822 2845 876 visum
2899 824 3114 894 maligni
3154 825 3228 878 illi
3280 825 3525 880 homines

1945 920 2271 981 captumque
2354 912 2773 966 interemerunt.
2851 914 2917 966 At
2971 931 3063 968 rex
3124 916 3372 970 manibus
3414 917 3529 969 suis

1947 1001 2039 1055 lilii
2067 1003 2383 1072 sanguinem
2403 1017 2645 1066 sumens,
2668 1018 2839 1073 eoque
2862 1007 3116 1073 populum
3148 1007 3294 1059 illum
3313 1018 3525 1075 potans,

1945 1088 2220 1159 regionem
2257 1104 2409 1143 suam
2439 1090 2505 1143 de
2532 1088 2700 1143 exitio
2728 1092 2794 1143 ad
2850 1096 3013 1143 vitam
3061 1095 3354 1147 revocavit.
3404 1093 3527 1146 Pari

1945 1180 2106 1233 modo
2138 1177 2299 1250 igitur
2330 1189 2548 1249 reputes
2584 1180 2743 1233 velim
2782 1180 2849 1235 de
2881 1184 3192 1235 venerando
3221 1198 3447 1252 corpore
3468 1196 3525 1237 et

1945 1275 2207 1342 sanguine
2225 1271 2467 1337 Christi;
2497 1271 2637 1341 quod
2667 1286 2862 1341 nempe
2884 1288 3058 1341 neque
3077 1274 3323 1343 angelus.
3349 1288 3528 1343 neque

260 1361 551 1427 προφήτης
574 1354 644 1428 ἦν
671 1357 896 1420 δυνατὸς
923 1358 1199 1424 ἐξελέσθαι
1222 1362 1312 1415 τὸν
1334 1362 1623 1431 ἄνθρωπον
1652 1364 1715 1414 ἐκ
1742 1362 1843 1431 τῆς

1956 1362 2229 1431 propheta,
2289 1371 2501 1432 poterat
2556 1363 2833 1417 hominem
2899 1364 2965 1416 de
2994 1364 3195 1417 diaboli
3231 1366 3517 1435 tyrannide

257 1450 572 1516 τυραννίδος
608 1450 701 1502 τοῦ
731 1449 980 1502 διαϐόλου
1014 1452 1061 1503 εί
1116 1451 1191 1522 μὴ
1221 1454 1248 1503 6
1281 1452 1444 1515 αὐτὸς
1470 1453 1713 1523 ἀρχηγὸς
1742 1451 1845 1520 τῆς

257 1540 404 1607 ζωῆς
433 1542 466 1608 ἡ
477 1541 596 1604 μῶν
620 1541 714 1594 καὶ
743 1541 839 1610 τῆς
867 1542 1138 1613 σωτηρίας
1164 1542 1298 1607 Θεὸς
1327 1543 1418 1596 διὰ
1442 1544 1538 1597 τοῦ
1568 1544 1697 1597 ἰδίου
1743 1542 1847 1595 σώ-

258 1648 430 1701 ματος
463 1633 559 1684 καὶ
586 1635 841 1702 αἵματος.

326 1725 414 1793 ιβ’.
443 1726 613 1792 Λέγει
638 1727 667 1777 6
696 1726 1015 1797 Σαρακηνός
1038 1742 1053 1758 ο
1084 1726 1182 1779 Διά
1206 1727 1261 1779 τί
1294 1726 1325 1779 6
1353 1725 1596 1797 Μωάμεδ
1627 1727 1731 1779 ὑπὸ
1748 1726 1844 1779 τοῦ

1948 1451 2185 1519 eripere,
2218 1459 2414 1520 praeter
2459 1466 2621 1521 quam
2670 1452 2784 1521 ipse
2837 1463 3036 1507 nostra:
3064 1454 3189 1508 vita:
3245 1465 3435 1508 auCtor
3476 1462 3533 1509 et

1945 1540 2137 1595 salutis
2170 1540 2330 1606 Deus,
2370 1556 2467 1610 per
2491 1542 2772 1612 proprium
2804 1557 3003 1612 corpus
3028 1552 3081 1597 et
3113 1546 3455 1614 sanguinem.

2017 1722 2105 1777 12.
2134 1721 2271 1775 Dicit
2296 1723 2633 1777 Saracenus:
2664 1723 2776 1778 Cur
2804 1722 3179 1779 Mohamedem
3209 1740 3238 1778 a
3264 1726 3532 1795 propheta

256 1815 543 1884 προφήτου
574 1813 795 1868 Ἡσαΐου
816 1815 1218 1884 κηρυττόμενος
1241 1815 1547 1885 προφήτης,
1573 1818 1667 1868 καὶ
1696 1818 1752 1869 ὲν
1776 1818 1843 1887 τῇ

1956 1815 2084 1871 lsaia
2116 1815 2506 1885 proclamatum
2544 1816 2864 1885 prophetam
2897 1828 2950 1870 et
3002 1818 3203 1871 diserte
3235 1818 3523 1887 scriptum,

254 1905 505 1975 ὑμετέρᾳ
532 1909 716 1975 γραφῇ
741 1907 1145 1976 κηρυττόμενος
1170 1908 1453 1977 προφήτης
1481 1910 1574 1960 καὶ
1600 1924 1848 1978 γεγραμ-

1956 1925 2047 1964 vos
2070 1907 2399 1978 repudiatis?
2416 1908 2507 1962 Ait
2523 1908 2863 1979 Euthymius:
2881 1906 3105 1964 Intende
3119 1919 3356 1963 mentem
3382 1919 3529 1963 tuam

259 1998 417 2063 μένος
474 1996 575 2059 ὢν,
632 1996 899 2060 ὲξεώσατε
960 1997 1188 2063 τοῦτον;
1248 1998 1392 2065 Ἔφη
1440 2001 1468 2051 6
1530 1998 1843 2069 Εὑθύμιος·

257 2085 467 2153 Στῆσον
495 2085 588 2137 τὸν
619 2086 747 2138 νοῦν
771 2103 862 2138 σου
892 2088 986 2139 καὶ
1014 2088 1112 2156 τὴν
1149 2086 1454 2157 συνείδησιν
1484 2105 1576 2140 σου
1610 2088 1845 2142 ἐνώπιον

258 2175 352 2229 τοῦ
390 2177 529 2229 Θεοῦ
580 2180 692 2239 τοῖς
744 2178 922 2245 λόγοις
978 2177 1072 2230 τοῦ
1120 2176 1365 2230 Ἡσαΐου.
1399 2177 1563 2244 Λέγει
1594 2179 1622 2229 6
1664 2179 1846 2247 Σαρα-

258 2270 420 2338 κηνός
445 2285 460 2299 ⁸
490 2270 554 2322 El
573 2270 603 2320 6
629 2270 782 2335 Θεὸς,
810 2270 911 2322 οὐκ
932 2268 1254 2337 ἀμφίϐολοςὶ
1300 2269 1462 2335 Λέγει
1490 2270 1517 2320 6
1544 2267 1847 2338 Εῦθῦμιος·

260 2360 326 2412 Τί
380 2376 464 2413 σοι
517 2360 663 2413 δοκεῖ
705 2362 835 2431 περὶ
877 2361 1066 2413 τούτου
1105 2360 1196 2413 τοῦ
1248 2361 1527 2429 προφήτου
1585 2358 1845 2424 Ἠσαῖους

260 2452 516 2523 θεράπων
546 2447 617 2521 ἦν
644 2451 781 2504 Θεοῦ
812 2451 907 2504 καὶ
936 2451 1185 2521 ἀληθινὸς
1218 2453 1504 2521 προφήτης
1540 2451 1572 2521 ἢ
1609 2450 1703 2517 ob;
1745 2452 1848 2504 Λέσ-

260 2561 345 2611 γει
376 2546 405 2596 6
435 2545 778 2613 Σαρακηνὸς·
816 2543 927 2595 Καὶ
962 2542 1103 2594 πάνυ
1137 2545 1418 2611 προφήτης
1450 2542 1544 2594 καὶ
1568 2540 1846 2609 θεράπων,

268 2636 409 2705 Ἔφη
443 2639 473 2687 6
512 2636 818 2703 Εὺθύμιος’
856 2633 1108 2696 Τοιοῦτος
1136 2634 1277 2693 θεῖος
1313 2632 1597 2702 προφήτης
1630 2635 1721 2685 καὶ
1756 2632 1849 2702 μὲ-

262 2741 362 2791 γας
396 2726 630 2787 Ἡσαΐας
676 2724 806 2777 τάδε
851 2724 985 2794 φησὶ
1020 2720 1269 2793 περὶτοῦ
1309 2721 1554 2791 Μωάμεδ
1597 2735 1611 2749 ⁸
1666 2721 1849 2790 Ἀφεῖ-

262 2820 335 2869 ,λε
378 2820 594 2885 Κύριος
624 2818 743 2871 ἀπὸ
783 2816 1187 2884 Ἰερουσαλὴμ
1212 2812 1405 2883 μέγαν
1451 2814 1547 2866 καί
1590 2815 1845 2882 μικρὸν,

264 2913 451 2977 κεφαλ
464 2909 541 2973 ὴν
557 2910 654 2962 καί
673 2925 705 2962 ο
716 2911 882 2976 ὑρὰν,
903 2906 1215 2976 προφήτην
1235 2903 1463 2973 ἄνομον
1481 2904 1849 2958 διδάσκοντα

264 3001 453 3067 ἄνομα
473 3017 490 3031 ·
516 2996 588 3055 οὗ
616 3001 669 3052 τί
702 3001 739 3067 ἡ
778 2998 930 3067 οὐρά
952 3014 973 3061 ;
1000 3000 1098 3051 καὶ
1118 2998 1275 3051 ἔστω
1297 2996 1551 3050 πλανῶν
1574 2997 1670 3051 καὶ
1696 3000 1849 3051 πλα-

265 3091 557 3161 νώμενίς’
598 3091 773 3145 ταῦτα
811 3093 1109 3160 φάσκοντος
1149 3090 1245 3143 τοῦ
1294 3089 1521 3144 Ἠσαίου
1567 3092 1697 3160 περὶ
1749 3088 1844 3143 τοῦ

266 3184 528 3252 Μωάμεδ.
567 3186 733 3250 Λέγει
768 3187 796 3236 6
831 3183 1168 3254 Σαρακηνόςο
1210 3183 1345 3237 Εἰπὲ
1376 3183 1529 3251 ἡμῖν,
1565 3182 1661 3250 τῆς
1698 3181 1850 3244 θείας

266 3277 485 3346 Γραφῆς
535 3276 799 3343 λεγούσης
850 3290 866 3305 ·

266 3366 472 3420 αὐλῶν
516 3368 624 3420 τὸν
675 3364 846 3420 οἶνον
884 3369 1167 3432 πίνοντες
1203 3370 1297 3419 καὶ
1339 3365 1435 3433 Μὴ
1475 3366 1856 3434 μεθύσκεσθε

268 3457 436 3514 οἶνον
493 3464 561 3515 ἐν
616 3456 664 3528 ᾦ
715 3464 889 3517 ἐστιν
938 3463 976 3528 ἡ
1007 3462 1236 3515 ἀσωτία
1288 3460 1403 3523 πῶς
1458 3460 1674 3530 ὁρῶμεν
1732 3458 1855 3521 τοὺς

271 3556 632 3625 Χριστιανοὺς
664 3558 721 3608 ὲν
752 3557 819 3626 τῇ
851 3556 992 3627 μέθῃ
1029 3556 1125 3609 καὶ
1177 3557 1236 3608 ιν
1281 3555 1557 3623 ὀρχήμασι
1616 3552 1859 3620 δαιμονι-

270 3651 423 3713 κοίς;
485 3648 1027 3717 Καταχριστιανικῶς
1064 3646 1221 3700 τοῦτο
1288 3646 1645 3716 πράττουσιν.
1711 3639 1858 3711 Ἀρά

275 3758 337 3809 γε
394 3741 618 3811 μέτοχοί
674 3742 780 3792 είσι
844 3740 941 3809 τῆς
1003 3739 1096 3792 τοῦ
1144 3738 1279 3792 Θεοῦ
1340 3737 1651 3807 βασιλείαςς
1709 3736 1854 3805 Ἔφη

272 3833 303 3883 6
341 3833 613 3903 Εὑθὺμιος
636 3847 651 3862 ⁸
689 3833 780 3903 Μὴ
821 3832 1031 3899 γένοιτο
1055 3847 1068 3861 ⁸
1114 3831 1187 3901 μὴ
1223 3829 1529 3893 πλανᾶσθε,
1565 3831 1666 3897 τῆς
1703 3826 1853 3888 θείας

270 3924 491 3992 aner};
517 3922 673 3993 ήμῶν
701 3923 965 3992 λεγούσης
1008 3924 1051 3953 ¹³
1075 3940 1088 3953 ·
1117 3924 1351 3987 Δίκαιος
1379 3922 1616 3989 Κύριος,
1645 3919 1741 3973 καί
1765 3916 1855 3970 διο

272 4018 605 4080 κωοσύνας
656 4018 981 4083 ἠγάπησεν
1025 4031 1040 4044 °
1074 4015 1211 4069 Οὔτε
1237 4015 1449 4084 πόρνοι,
1492 4010 1616 4065 οὔτε
1651 4011 1853 4081 μοιχοὶ,

1950 2011 2114 2072 atque
2137 2001 2548 2063 conscientiam,
2575 2015 2677 2055 ceu
2708 2010 2835 2055 ante
2852 2012 3204 2069 conspectum
3238 2001 3354 2063 Dei,
3384 2000 3533 2054 Isaiae

1949 2096 2153 2152 verbis.
2185 2094 2647 2149 DicitSaracenus
2680 2109 2695 2146 :
2728 2089 2783 2146 Si
2818 2090 2963 2146 Deus
2996 2103 3103 2157 est,
3138 2107 3247 2145 non
3284 2092 3385 2145 erit
3420 2107 3538 2145 am-

1948 2186 2146 2256 biguus
2170 2186 2278 2240 .Ait
2305 2183 2627 2254 Euthymius
2656 2198 2670 2235 :
2707 2182 2847 2247 Quid
2877 2182 2971 2237 tibi
3002 2183 3069 2237 de
3104 2183 3207 2237 hoc
3264 2183 3533 2253 propheta

1952 2279 2088 2334 Isaia
2120 2278 2364 2333 videtur?
2390 2291 2653 2331 scrvusne
2681 2275 2775 2329 Dei
2812 2284 2897 2329 est
2946 2291 3218 2343 verusque
3247 2277 3534 2344 propheta,

1956 2370 2158 2426 necne?
2198 2370 2336 2424 Dicit
2363 2370 2705 2423 Saracenus:
2737 2367 3004 2436 Propheta
3048 2382 3275 2439 magnus
3334 2367 3537 2437 Deique

1952 2462 2212 2518 famulus.
2243 2462 2332 2516 Ait
2353 2460 2706 2532 Euthymius:
2734 2461 2898 2515 Divus
2926 2461 3014 2514 hic
3037 2474 3373 2528 magnusque
3398 2475 3525 2528 pro-

1958 2555 2123 2623 pheta
2157 2554 2324 2608 Isaias
2356 2554 2471 2607 hzec
2499 2554 2566 2607 de
2593 2552 2909 2607 Mohamede
2930 2551 3330 2606 dicitzAbstutit
3351 2550 3535 2604 Domi-

1964 2663 2061 2701 nus
2102 2648 2166 2701 de
2186 2644 2483 2699 Jerusalem
2511 2661 2758 2714 magnum
2790 2660 3134 2714 parvumque,
3159 2654 3378 2712 copulet
3409 2660 3538 2697 cau-

1950 2742 2097 2804 dam,
2124 2738 2431 2808 praphetam
2454 2736 2675 2804 impium
2704 2737 2868 2803 impia
2896 2743 3185 2789 docentem.
3212 2736 3378 2804 Cujus
3409 2736 3531 2804 qui-

1950 2832 2067 2885 dem
2092 2831 2217 2900 quid
2237 2831 2408 2883 cauda
2433 2840 2509 2882 est
2524 2832 2548 2884 .’
2566 2830 2764 2898 eritque
2783 2828 3045 2895 decipiens
3068 2838 3115 2879 et
3140 2827 3406 2895 deceptus;
3422 2830 3537 2880 haec

1951 2922 2096 2978 enim
2130 2924 2267 2977 dicit
2293 2921 2462 2976 Isaias
2478 2922 2546 2976 de
2572 2920 2891 2974 Mohamede
2919 2919 2983 2971 ".
3018 2920 3155 2973 Dicit
3185 2919 3489 2973 Saracenus
3521 2935 3536 2971 :

1952 3015 2048 3070 Die
2070 3016 2252 3079 nohis,
2274 3030 2397 3069 cum
2419 3015 2603 3069 divina
2626 3014 2900 3083 Scriptura
2916 3014 3093 3066 dicat:
3119 3010 3209 3065 Vw
3226 3014 3289 3065 iis
3308 3015 3395 3081 qui
3407 3027 3541 3081 (ym-

1953 3125 2094 3179 pana
2122 3117 2354 3161 tenentes
2376 3109 2554 3161 uinum
2567 3123 2719 3161 suum
2738 3106 2916 3159 bibunt
2937 3106 3012 3171 ¹³;
3040 3106 3190 3158 item:
3223 3104 3399 3158 Nolite
3430 3106 3541 3158 ine-

1958 3202 2124 3255 briari
2150 3201 2366 3264 vino,in
2389 3216 2489 3265 quo
2525 3208 2599 3253 est
2633 3199 2924 3264 luxuria“,
2960 3216 3058 3252 cur
3082 3198 3422 3251 Christianos
3460 3197 3539 3251 vi-

922 3274 1068 3328 Οὺαι
1108 3277 1163 3328 οί
1206 3272 1357 3343 μετὰ
1384 3271 1712 3340 τυμπάνων
1745 3270 1845 3324 καὶ

1959 3293 2153 3347 demus
2202 3292 2455 3347 ebrietati
2486 3301 2543 3347 et
2587 3292 2870 3347 diabolicis
2901 3294 3117 3346 choreis
3151 3291 3542 3362 indulgentes?

1956 3383 2185 3438 Prorsus
2215 3382 2319 3439 hoc
2352 3400 2381 3437 a
2410 3382 2723 3437 Christiano
2771 3383 3022 3435 instituto
3061 3382 3298 3435 alienum
3351 3390 3540 3448 agunt.

1955 3478 2103 3533 Num
2136 3477 2304 3547 igitur
2345 3476 2438 3530 Dei
2477 3491 2705 3545 regnum
2738 3474 3166 3545 participabunt?
3193 3476 3283 3529 Ait
3333 3475 3540 3544 Euthy-

1956 3571 2119 3624 mius:
2137 3566 2398 3624 Absithe
2422 3567 2797 3637 decipiamini,
2814 3569 3099 3636 quoniam,
3127 3568 3202 3621 ait
3228 3566 3534 3636 Scriptura:

1956 3661 2138 3715 Justus
2177 3662 2449 3725 Dominus,
2481 3672 2526 3713 et
2555 3660 2803 3729 justitias
2825 3660 3081 3714 dilexit”.
3114 3660 3299 3729 Neque
3331 3669 3537 3714 scorta-

1938 3761 2126 3815 tores,
2151 3767 2326 3820 neque
2356 3752 2613 3815 adulteri,
2649 3766 2832 3819 neque
2893 3752 3120 3812 ebriosi,
3164 3766 3340 3820 neque
3372 3750 3538 3815 fures,

1963 3859 2141 3913 neque
2159 3843 2370 3909 molles,
2405 3858 2583 3911 neque
2623 3844 2989 3898 masculorum
3040 3843 3546 3907 coocubitores,in-

1964 3937 2187 3990 trahunt
2216 3936 2269 3988 in
2296 3948 2523 4005 regnum
2552 3935 2818 3989 cmlorum
2845 3936 2923 4003 “;
2960 3936 3063 3991 nisi
3096 3936 3186 4005 qui
3221 3935 3413 3989 fecerit
3446 3947 3546 3987 vo-

1965 4029 2231 4084 luntatem
2264 4028 2381 4082 Dei.

270 4130 387 4183 οὔτε
422 4129 673 4200 μέθυσοι,
702 4130 761 4181 οῦ
797 4130 1045 4195 κλέπται,
1078 4129 1137 4181 οὐ
1184 4126 1439 4198 μαλακοὶ,
1473 4123 1597 4178 οὔτε
1634 4120 2014 4194 ἀρσενοκοῖται
2072 4120 2473 4176 εἰσελεύσονται
2527 4122 2607 4187 είς
2660 4121 2759 4194 τήν
2819 4120 3097 4193 βασιλείαν
3146 4121 3254 4173 τῶν
3300 4116 3545 4190 οὐρανῶν

270 4224 317 4277 εί
356 4224 432 4293 μὴ
463 4223 491 4272 6
524 4221 697 4273 ποιῶν
725 4222 787 4273 τὸ
821 4221 1032 4291 θέλημα
1061 4219 1156 4273 τοῦ
1185 4218 1345 4272 Θεοῦ.

339 4311 428 4380 ιγ’.
469 4312 579 4364 Καὶ
611 4311 728 4380 μεθ’
768 4311 930 4379 ἕτερα
956 4313 985 4363 6
1012 4310 1281 4379 Εὐθῦμιος
1314 4309 1452 4379 πρὸς
1483 4308 1574 4362 τὸν
1614 4304 1853 4376 Ἅγαρ-η.

272 4402 359 4455 νὺν
383 4402 492 4469 ἔφη
517 4419 533 4432 ·
563 4401 699 4452 Εἰπὲ
732 4402 886 4471 ἡμῖν,
926 4394 973 4454 ὧ
1005 4400 1281 4469 σοφώτατε
1313 4399 1421 4452 τῶν
1458 4400 1665 4468 ’Δγαρο
1697 4398 1855 4468 ὑμεῖς

271 4494 458 4560 λέγετε
497 4495 587 4546 τὸν
632 4492 877 4563 Μωάμεδ
921 4492 1201 4545 καλεῖσθαι
1248 4492 1534 4563 προφήτην
1579 4489 1714 4543 Θεοῦ
1762 4489 1858 4542 καὶ

2032 4298 2120 4352 l3.
2139 4296 2205 4351 Et
2225 4296 2465 4367 postalia
2478 4295 2805 4370 Euthymius
2822 4296 3075 4369 Agareno
3087 4296 3223 4351 dixit
3244 4295 3372 4351 :Dic
3384 4297 3540 4356 mihi.

1934 4406 1991 4447 'o
2024 4391 2426 4461 sapientissime
2455 4390 2688 4446 ﬁliorum
2730 4392 2922 4461 Agaris
2953 4410 2966 4447 :
3012 4406 3107 4444 vos
3143 4390 3326 4444 dicitis
3357 4390 3546 4445 Moha-

1962 4485 2176 4538 medcm
2212 4484 2396 4537 vocari
2421 4485 2744 4553 prOphetam
2774 4484 2867 4537 Dei
2896 4494 2954 4537 et
2978 4484 3230 4551 legatum.
3259 4480 3543 4537 Undenam

274 4587 575 4638 ἀπόστολον
602 4602 615 4614 ·
654 4585 820 4637 πόθεν
857 4584 1008 4654 ἔχετε
1036 4584 1197 4637 τοῦτο
1226 4585 1398 4651 δεῖξαι
1418 4623 1432 4647 ,
1466 4586 1558 4635 καὶ
1591 4587 1655 4635 ὲκ
1685 4581 1851 4634 ποίων

1964 4577 2066 4631 hoc
2093 4576 2404 4641 ostenditis,
2430 4585 2487 4631 et
2515 4576 2716 4645 quibus
2756 4576 3017 4630 testibus?
3046 4573 3295 4643 Namque
3342 4585 3399 4628 ut
3425 4590 3547 4628 cer-

283 4679 581 4748 μαρτόρων
604 4694 620 4739 ;
645 4679 895 4748 Ὀρῶμεν
924 4678 1033 4749 γὰρ
1056 4676 1178 4731 οὔτε
1194 4679 1392 4748 κρίσιν,
1423 4676 1545 4729 οὔτε
1577 4674 1857 4742 συζυγίας,

283 4762 727 4839 οὕτε’πιί›λησιν,
783 4769 906 4822 οὕτε
967 4772 1197 4838 ἀγορὰν,
1247 4768 1373 4821 οὔτε
1429 4767 1709 4838 χωρισμὸν
1769 4781 1862 4818 συ-

279 4865 495 4928 ζυγῐας,
546 4861 672 4915 οὗτε
716 4861 883 4931 ἄλλην
924 4863 1023 4931 τὴν
1068 4860 1281 4914 οἱανοῦν
1330 4859 1584 4912 ὑπόθεσιν
1655 4859 1859 4908 ποιεῖτε

305 4955 482 5025 πάρεξ
543 4952 1045 5024 μεμαρτυρημένας
1092 4950 1332 5022 γραφάς.
1398 4949 1455 5002 '0
1501 4949 1555 5001 δὲ
1614 4944 1861 5017 Μωάμεδ

283 5044 462 5112 οὗτος,
510 5046 572 5098 6v
622 5046 810 5113 λέγετε
871 5040 1011 5097 εἶναι
1069 5044 1357 5114 προφήτην
1412 5042 1585 5110 ὑμῶν,
1649 5041 1854 5092 παντά-

283 5141 450 5191 πασίν
498 5140 652 5191 ἐστιν
703 5138 1017 5207 ἁμάρτυρος
1064 5138 1158 5190 καὶ
1213 5134 1619 5195 ἀνυπόστατος’
1666 5130 1862 5199 γνώρι-

237 5226 241 5229 ’
288 5248 384 5299 μος
414 5230 527 5299 γάρ
561 5233 679 5281 ἐστι
732 5230 883 5299 παρὰ
946 5228 1159 5280 πάντων
1199 5227 1280 5279 ὅτι
1316 5225 1526 5295 μίσθιος
1556 5219 1621 5292 ἦν
1650 5238 1663 5252 ο
1709 5222 1805 5273 καὶ
1833 5219 1863 5270 6

1959 4670 2167 4735 nimus,
2197 4684 2293 4724 vos
2322 4684 2501 4738 neque
2540 4668 2828 4734 judicium,
2851 4682 3030 4737 neque
3060 4666 3334 4736 conjugia,
3366 4681 3546 4735 neque

1958 4760 2352 4827 venditionem,
2374 4774 2553 4829 neque
2568 4760 2921 4828 emptionem,
2953 4772 3131 4828 neque
3159 4760 3398 4829 con,‘ugii
3436 4759 3547 4812 dis-

1956 4853 2307 4918 solutionem,
2344 4867 2521 4922 neque
2548 4852 2692 4905 aliud
2723 4852 2953 4921 quodvis
2986 4851 3263 4921 negotium
3336 4851 3534 4914 facitis,

1959 4948 2077 5003 sine
2094 4946 2297 5016 scripto
2317 4944 2653 4999 testimonio.
2670 4945 2769 4997 Hic
2792 4955 2973 4996 autem
2994 4941 3357 5005 Mohamedes,
3381 4956 3541 5010 quem

1960 5038 2140 5094 dicitis
2170 5054 2291 5093 esse
2315 5039 2636 5109 prophetam
2661 5049 2929 5099 vestrum,
2962 5049 3186 5103 prorsus
3207 5036 3355 5087 omni
3386 5038 3545 5088 testi-

1961 5132 2147 5185 monio
2185 5138 2336 5186 caret
2391 5138 2445 5184 et
2511 5130 2890 5184 fundamento.
2938 5126 3163 5180 Constat
3206 5127 3350 5180 enim
3406 5129 3544 5195 apud

1961 5238 2153 5277 omnes
2190 5222 2591 5276 mercenarium
2631 5221 2821 5283 fuisse,
2854 5221 3074 5287 etquod
3102 5230 3272 5274 totum
3297 5220 3415 5273 vita:
3440 5236 3549 5273 sum

284 5322 383 5390 τῆς
425 5322 568 5388 ζωῆς
623 5318 788 5371 αὐτοῦ
835 5318 1022 5387 χρόνος
1055 5318 1392 5386 πεντήκοντα
1436 5316 1531 5367 καὶ
1564 5312 1724 5364 πέντε
1766 5309 1851 5379 ἐτη

1964 5324 2183 5384 tempus
2225 5314 2620 5385 quinquaginta
2659 5324 2713 5366 et
2734 5312 2977 5381 quinque
3003 5327 3295 5376 annorum,
3328 5315 3379 5364 in
3401 5312 3548 5364 omni

286 5412 396 5474 ζῶν
428 5416 486 5463 ὲν
525 5411 766 5479 ἁσωτείᾳ
804 5411 900 5461 καὶ⁵
931 5408 1082 5479 πάσῃ
1114 5405 1425 5476 ἀκαθαρσίᾳ
1456 5401 1851 5471 τεσσαράκοντα

1968 5407 2197 5461 luxuriae
2226 5416 2278 5460 et
2301 5405 2634 5475 impuritatis
2670 5419 2874 5473 genere
2926 5406 3191 5476 exegerit,
3247 5414 3300 5457 et
3331 5407 3550 5473 quidem

286 5505 405 5573 ἐτη,
437 5501 843 5570 εἰδωλολατρών
868 5503 923 5553 ἐν
952 5501 1101 5569 πάσῃ
1122 5499 1368 5568 ἀσεϐείᾳ.
1402 5496 1482 5548 Τὰ
1505 5495 1561 5547 δὲ
1585 5494 1744 5547 πέντε
1770 5493 1851 5545 καλ

1977 5514 2152 5569 usque
2181 5499 2245 5553 ad
2268 5498 2747 5568 quadragesimum
2779 5514 2981 5551 annum
3018 5498 3214 5567 impius
3248 5498 3547 5551 idololatra.

284 5595 415 5649 δέκα
455 5595 553 5664 ἔτη
589 5594 794 5664 ήρξατο
824 5592 1284 5662 ψευδοθεοσεϐεἰν,
1314 5591 1467 5658 παρά
1497 5604 1640 5649 τινος
1672 5590 1851 5657 ἀστρο-

1973 5590 2271 5644 Postremis
2303 5603 2436 5643 vero
2463 5589 2778 5657 quindecim
2810 5589 2971 5643 anuis
2999 5593 3170 5659 cwpit
3201 5590 3391 5643 falsam
3427 5588 3554 5641 uelis-

288 5688 451 5758 νόμου
484 5684 749 5758 μοναχοῦ,
774 5683 832 5747 6;
862 5687 953 5738 καὶ
975 5684 1136 5748 αὐτὸς
1164 5683 1266 5736 οὐκ
1291 5677 1359 5753 ἦν
1389 5678 1546 5751 ὀρθὸς
1576 5677 1675 5749 τῆς
1708 5676 1851 5743 ὀρθο-

1971 5680 2185 5749 gionem
2216 5678 2503 5742 colere,ab
2526 5688 2843 5736 astronomo
2872 5681 3103 5750 quodam
3135 5678 3403 5749 monacho
3427 5692 3553 5732 eru-

391 5879 435 5911 "
474 5880 584 5933 lsa.
622 5895 699 5944 ix,
730 5880 817 5947 15,
852 5878 941 5935 15.
1016 5879 1062 5912 ¹³
1089 5878 1195 5934 lsa.
1225 5893 1277 5945 ν,
1316 5874 1401 5931 ll.
1514 5874 1559 5907 “
1590 5870 1791 5944 Ephes.
1828 5885 1851 5925 η

1956 5868 2004 5925 Β.
2082 5867 2293 5925 "Psal.
2335 5885 2388 5938 ι,
2422 5869 2481 5928 8.

2596 5870 2637 5902 ¹⁶
2685 5870 2706 5924 1
2775 5868 2900 5926 Cor.
2952 5886 3027 5940 γι,
3066 5867 3232 5938 9,10.
