4018 6596
426 423 499 485 35
1648 406 2032 471 EUTHYMII
2067 405 2425 469 ZIGABENI
3595 391 3667 455 3‘3

429 539 599 597 ditus,
628 533 723 604 qui
754 546 858 588 nec
886 530 1003 600 ipse
1035 536 1220 585 rectus
1244 534 1363 582 erat
1383 524 1703 581 orthodoxae
1725 524 1848 580 ﬁdei
1876 524 1994 578 cul-
2028 569 2033 581 .

2136 524 2253 589 άξου
2283 524 2531 589 πίστεως,
2560 519 2673 575 ἀλλ’
2703 522 2765 574 ἐκ
2790 520 2887 591 τῆς
2911 518 3129 590 διδαχῆς
3156 511 3224 588 ἦν
3253 513 3346 569 τοῦ
3368 509 3666 582 Νεστορίου

429 640 535 689 tor.
555 627 649 683 sed
663 641 826 696 prava
844 623 1083 680 Ncstorii
1109 619 1360 676 doctrina
1380 618 1638 688 falsisque
1655 616 1997 687 dogmatibus

431 720 733 784 laborabat,
771 732 931 788 quem
959 715 1123 769 etiam
1147 712 1496 768 Mohamedes
1552 724 1771 766 meraco
1815 707 2000 764 ebrius

432 811 606 882 gladio
636 823 736 862 suo
765 804 986 867 occidit;
1011 817 1173 872 quam
1204 802 1273 857 ob
1308 816 1421 855 rem
1453 800 1563 855 vini
1600 807 1790 869 potum
1822 796 2002 851 inter-

436 900 594 955 dixit.
626 897 756 951 Post
777 902 1084 962 susceptam
1122 899 1303 944 autem
1339 898 1563 952 rectam,
1596 896 1657 941 ut
1695 886 1745 941 ei
1785 885 1999 940 videba-

434 1000 540 1054 tur,
564 988 903 1057 religionem,
940 993 1049 1038 tota
1084 983 1193 1036 vita
1216 982 1337 1051 ejus
1364 980 1503 1035 nihil
1538 978 1684 1033 aliud
1718 977 1822 1032 fuit
1838 992 2002 1047 quam

436 1079 670 1141 luxuria,
717 1075 934 1132 obsceni
954 1082 1128 1139 actus,
1160 1071 1445 1136 adulteria,
1476 1067 1841 1124 masculorum
1875 1081 2006 1121 con-

435 1171 675 1232 cubitus,
712 1168 910 1233 caedes,
953 1165 1262 1228 latrocinia,
1297 1162 1529 1231 injuriae.
1556 1161 1622 1214 Et
1650 1160 1695 1214 si
1724 1158 1853 1228 quid
1892 1157 2007 1211 dia-

438 1262 594 1319 belus
632 1262 757 1315 mali
798 1259 949 1324 fecit,
988 1259 1041 1311 in
1069 1257 1172 1311 hac
1220 1254 1407 1308 mundi
1432 1252 1692 1319 vanitate,
1731 1250 1785 1305 id
1818 1248 2007 1304 Moba-

440 1357 625 1410 medes
647 1368 862 1424 quoque
894 1349 1157 1421 patravit;
1186 1346 1296 1399 imo
1318 1353 1373 1399 et
1403 1350 1680 1415 parentem
1714 1355 1872 1396 suum
1907 1341 2009 1394 Sa-

440 1459 618 1504 tanam
636 1444 931 1516 superavit:
952 1442 1095 1511 quod
1113 1439 1154 1494 si
1180 1453 1277 1492 vos
1293 1436 1638 1506 negaveritis,
1657 1434 2011 1491 nihilominus

440 1540 689 1595 doctrina
730 1539 847 1606 ejus
887 1536 938 1589 id
970 1540 1222 1595 testatur,
1250 1540 1305 1585 et
1334 1530 1473 1584 facta
1501 1529 1613 1599 ipsa
1644 1528 2010 1583 conclamant.

442 1633 510 1685 At
561 1644 722 1684 verus
745 1636 932 1681 noster
952 1623 1392 1680 Christianorum
1420 1620 1564 1675 Deus
1584 1622 1636 1674 in
1664 1620 1891 1689 impuris
1914 1620 2016 1674 bu-

438 1722 685 1790 jusmodi
713 1720 1074 1788 turpibusque
1109 1712 1421 1769 hominibus
1443 1727 1552 1767 non
1576 1710 1891 1782 requiescit,
1919 1709 2015 1765 sed

441 1813 600 1882 longe
631 1812 698 1865 ab
732 1812 816 1865 his
846 1810 1020 1864 abest.
2017 1821 2027 1826 ·

517 1927 605 1978 is.
638 1924 777 1978 Audi
799 1926 979 1992 itaque
1003 1922 1246 1992 politiam
1272 1916 1661 1991 ejus,vitaeque
1683 1914 2011 1973 mercedem.

447 2028 499 2071 et
521 2015 785 2070 doctrinae
810 2014 1036 2069 exitum.
1072 2013 1160 2067 Ait
1183 2024 1468 2067 numerum
1502 2006 1887 2078 prophetarum
1915 2003 2012 2058 Dei

446 2109 531 2164 sui
562 2108 728 2161 fuisse
749 2113 971 2160 centum
994 2113 1048 2159 et
1070 2102 1261 2173 viginti
1286 2109 1525 2171 quatuor
1555 2096 1914 2151 millia.Nune
1934 2095 2021 2149 di-

448 2200 552 2255 cite
581 2199 714 2253 mibi
749 2215 763 2252 :
797 2196 970 2251 fuitne
1011 2196 1119 2251 Deo
1148 2195 1411 2249 adversus
1432 2191 1665 2260 aliquem
1714 2188 1939 2252 bellum,
1966 2195 2029 2241 ut

450 2299 529 2346 tot
553 2288 910 2345 auxiliaribus
935 2286 1145 2358 egeret?
1167 2286 1247 2340 An
1266 2283 1582 2338 defecerant
1603 2279 1869 2333 adversus
1893 2294 2019 2333 eum

451 2382 648 2451 angeli,
680 2381 910 2449 ideoque
938 2386 1153 2432 tantum
1180 2376 1334 2447 quasi
1370 2373 1569 2427 vallum
1599 2371 1805 2425 ferebat
1836 2370 2034 2425 utobi-

453 2489 572 2528 cem
618 2473 758 2529 bello
810 2468 1153 2541 opponeret?
1199 2468 1359 2538 Atqui
1397 2474 1582 2520 nester
1608 2478 1735 2519 vere
1782 2462 2030 2517 Christus

457 2568 619 2630 Deus,
650 2581 759 2619 uno
792 2572 1132 2618 terraemotus
1177 2561 1288 2615 ictu
1322 2563 1657 2622 consternat,
1693 2554 2030 2610 concutitur-

453 2675 560 2728 quc
590 2658 786 2713 cmlum
820 2671 883 2710 ac
912 2665 1053 2710 terra
1084 2663 1137 2709 et
1168 2668 1289 2722 quae
1310 2652 1363 2705 in
1395 2660 1535 2705 terra
1564 2657 1712 2703 sunt.
1743 2646 2029 2716 Reliquum

455 2761 537 2804 est
567 2762 623 2802 ιιι
656 2747 787 2801 mibi
820 2746 1227 2809 demonstretis,
1255 2760 1353 2798 cur
1374 2756 1512 2811 opus
1538 2739 1702 2794 fuerit
1727 2748 1946 2794 centum
1969 2751 2034 2792 ac

456 2840 643 2911 viginti
668 2848 898 2909 quatuor
921 2838 1162 2891 millibus
1186 2831 1594 2906 prophetarum?
1606 2829 1874 2885 Caeterum
1896 2828 2035 2883 reci-

460 2941 569 2986 tate
593 2932 750 2985 nobis
778 2930 997 2983 nomina
1030 2929 1263 2988 illorum,
1292 2934 1347 2981 et
1380 2925 1526 2977 unde
1556 2920 1780 2987 iuerint,
1821 2930 1879 2975 et
1909 2920 2030 2974 illo-

467 3039 590 3077 rum
614 3022 835 3093 patrias,
863 3030 1026 3090 atque
1053 3020 1336 3073 stationes.
1364 3015 1494 3069 Nam
1515 3024 1799 3085 postquam
1820 3011 2038 3082 religio-

462 3129 524 3169 se
568 3114 650 3168 vel
682 3115 863 3183 potius
896 3111 1199 3181 irreligiose
1226 3110 1503 3170 vixerunt,
1552 3112 1762 3161 vestros
1819 3119 2036 3174 quoque

2099 617 2459 687 ἐσφαλμένων
2492 613 2779 685 δογμάτων
2807 628 2821 644 ο
2857 612 3040 665 ὅντινα
3072 610 3166 663 καὶ
3205 605 3497 679 μεθυσθεὶς
3527 599 3670 658 οἶνον

2101 708 2338 779 ἄκρατον
2364 707 2654 762 ἀπέκτεινε
2676 707 2742 774 τῇ
2775 701 2936 757 αὐτοῦ
2968 699 3213 773 μαχαίρᾳ
3246 713 3261 729 ο
3290 695 3382 750 καὶ
3407 695 3494 748 διὰ
3516 692 3672 747 τοῦτο

2102 801 2196 853 καὶ¹
2224 798 2321 869 τὴν
2350 796 2655 851 οἰνοποσίαν
2688 793 2977 848 ἐκώλυσεν.
3012 790 3168 846 Μετὰ
3190 789 3245 842 δὲ
3277 787 3376 859 τὴν
3406 784 3671 840 δοκοῦσαν

2103 889 2266 944 αὑτοῦ
2314 888 2644 955 θεοσέϐειαν,
2687 885 2718 956 ἢ
2768 884 2968 954 μᾶλλον
3010 881 3286 943 άσέὁειαν,
3326 880 3446 941 ὅλος
3489 880 3517 929 6
3563 876 3676 947 βίος

2105 982 2268 1038 αὑτοῦ
2298 980 2365 1054 ἦν
2395 980 2648 1045 ἀσωτίαι,
2684 977 2913 1049 πράξεις
2939 974 3188 1045 αἰσχραὶ,
3222 973 3477 1043 μοιχεῖαι,
3508 971 3676 1039 ἀρσε-

2106 1075 2391 1141 νοκοιτίαι,
2426 1073 2602 1142 φόνοι,
2640 1069 2910 1142 ἁρπαγαὶ,
2947 1066 3153 1120 ἀδικίαι
3178 1080 3194 1095 '
3225 1064 3318 1117 ml.
3352 1064 3404 1116 εί
3427 1080 3477 1115 τι
3509 1060 3677 1115 κακὸν

2109 1165 2365 1235 ἐποίησεν
2401 1165 2428 1216 6
2449 1162 2692 1224 διάϐολος
2720 1163 2778 1214 ἐν
2807 1159 2885 1231 τῷ
2915 1157 3104 1227 κόσμῳ
3133 1154 3307 1223 τούτῳ
3335 1154 3413 1224 τῷ
3441 1152 3677 1225 ματαίῳ,

2108 1259 2137 1310 6
2159 1254 2401 1323 Μωάμεδ
2428 1248 2584 1316 οὗτος
2612 1251 2889 1322 εποίησεν,
2916 1250 3011 1305 καὶ
3041 1247 3121 1301 ἔτι
3154 1245 3317 1299 πλέον
3347 1243 3439 1298 τοῦ
3472 1242 3679 1313 πατρὸς

2112 1350 2276 1405 αὑτοῦ
2313 1348 2406 1406 τοῦ
2447 1349 2680 1403 Σατανᾶ.
2718 1348 2827 1400 Καὶ
2861 1344 2955 1399 ὲάν
2992 1345 3150 1412 ὑμεῖς
3181 1339 3504 1413 ἀρνήσεσθε,
3537 1340 3569 1407 ἡ
3603 1338 3682 1391 δι-

2112 1440 2379 1496 δασκαλία
2413 1439 2575 1494 αὑτοῦ
2607 1439 2874 1509 μαρτυρεί
2904 1434 2998 1489 καλ¹
3030 1434 3129 1505 βοᾷ
3161 1432 3229 1485 τά
3264 1430 3585 1501 πράγματα.
3621 1426 3682 1481 Ὀ

2112 1534 2170 1587 δὲ
2197 1535 2403 1605 ἀληθὴς
2429 1534 2558 1598 Θεὸς
2584 1531 2743 1603 ἡμῶν
2769 1530 2879 1583 τῶν
2911 1525 3255 1599 Χριστιανῶν
3280 1527 3339 1577 ἑν
3373 1524 3485 1585 τοῖς
3514 1519 3687 1574 τοιού-

2113 1644 2229 1685 τοις
2265 1625 2574 1695 ἀνθρώποις
2618 1624 2862 1694 αἰσχροῖς
2897 1620 2993 1675 καὶ
3036 1617 3367 1687 ἀκαθάρτοις
3412 1614 3518 1668 οὐκί
3557 1614 3688 1665 ἀνα-
3751 1677 3753 1679 ι

2119 1719 2370 1786 παύεται,
2405 1717 2542 1772 ἀλλά
2564 1716 2661 1770 καὶ
2688 1716 2903 1787 μακρὰν
2931 1713 3127 1782 ἀπέχει
3158 1710 3254 1766 ἀπ’
3277 1709 3476 1764 αὐτῶν.

2197 1903 2278 1959 ιδ’.
2314 1903 2580 1957 ΙΙἌκουσον
2612 1898 2741 1971 γοῦν
2774 1899 2875 1970 τὴν
2914 1896 3190 1951 πολιτείαν
3222 1897 3315 1949 καὶ⁴
3351 1892 3560 1947 ἔπαθλα
3591 1890 3692 1959 τῆς

2125 1998 2269 2066 ζωῆς
2308 1994 2495 2061 αὑτοῦ,
2535 1995 2631 2047 καὶ
2673 1992 2742 2045 τά
2788 1990 3132 2061 πληρώματα
3170 1988 3271 2057 τῆς
3313 1984 3691 2049 διδασκαλίας,

2126 2088 2376 2155 λέγοντος
2414 2086 2498 2138 ὅτι
2534 2082 2765 2154 ἀριθμὸς
2799 2083 3036 2151 ὑπάρχει
3069 2079 3201 2150 (τῶν
3234 2076 3551 2148 προφητῶν)
3598 2074 3693 2128 τοῦ

2127 2176 2262 2231 θεοῦ
2290 2175 2456 2230 αὑτοῦ
2485 2173 2722 2245 χιλιάδες
2767 2169 2963 2225 ἑκατὸν
2991 2167 3431 2235 εἰκοσιτέσσαρες
3469 2162 3568 2234 (6).
3601 2161 3695 2214 ιιι-

2130 2286 2270 2325 πατε
2304 2268 2438 2337 ἡμῖν
2458 2282 2471 2297 ·
2508 2262 2655 2335 εἶχεν
2682 2263 2710 2314 6
2743 2261 2874 2324 Θεὸς
2905 2257 3049 2313 κατά
3081 2274 3226 2318 τινος
3262 2253 3408 2326 [πόλι
3421 2252 3564 2324 pavi,
3600 2251 3697 2304 καὶ

2130 2362 2305 2418 ἐδέετο
2338 2357 2654 2428 συμμαχίας
2683 2354 2939 2423 τοιαύτης
2967 2368 2981 2417 ;
3022 2351 3093 2405 Ἣ
3122 2350 3438 2418 ἀπέστησαν
3467 2344 3615 2428 αὐτῷ
3646 2345 3696 2401 οι

2130 2451 2353 2522 ἄγγελοι
2390 2418 2582 2513 αὐτοῦ,
2619 2449 2715 2500 καὶ
2744 2448 2803 2499 ὲν
2832 2418 3012 2513 τοῦτῳ
3053 2441 3217 2510 ἔφερε
3257 2437 3507 2492 τοσοῦτον
3548 2418 3694 2504 Ῐπλῆ-

2133 2544 2223 2606 θος
2266 2541 2551 2610 φωσσάτου
2592 2537 2667 2609 (7)
2720 2537 2856 2607 πρὸς
2900 2534 2959 2586 τὸ
3002 2536 3225 2603 ποιῆσαι
3269 2525 3700 2597 ἀντιπαράταξιν

2134 2634 2410 2704 πολέμους
2463 2630 2575 2685 Καὶ
2603 2632 2712 2701 γὰρ
2768 2630 2797 2681 6
2840 2627 3113 2699 ἡμέτερος
3165 2620 3416 2692 ἀληθινὸς
3466 2618 3702 2690 Χριστὸς

2133 2731 2161 2782 6
2191 2726 2322 2788 Θεδς
2353 2724 2509 2795 ἡμῶν
2535 2725 2623 2776 διά
2657 2722 2863 2792 μικρᾶς
2896 2717 3132 2787 στιγμῆς
3162 2711 3389 2783 σεισμοῦ
3422 2709 3705 2765 συστέλλε-

2133 2836 2246 2884 ται,
2287 2820 2381 2872 καὶ⁵
2419 2815 2771 2885 συντρομάσῃ
2798 2814 2826 2864 6
2858 2811 3083 2882 οὐρανὸς
3118 2807 3210 2861 καὶ
3244 2808 3277 2875 ἡ
3310 2807 3380 2875 γῆ
3416 2806 3510 2856 καὶ
3543 2801 3610 2854 τά
3642 2802 3702 2853 ὲν

2134 2916 2202 2985 τῇ
2256 2916 2350 2983 γῇ.
2406 2910 2608 2965 Λοιπὸν
2662 2906 2875 2971 δείξατε
2931 2905 3063 2974 ἡμῖν
3119 2901 3202 2964 τίς
3264 2901 3298 2970 ή
3350 2898 3506 2969 χρεία
3563 2895 3704 2965 αὕτη

2135 3004 2243 3059 τῶν
2264 3002 2434 3058 εἴκοσι
2458 3001 2737 3071 τεσσάρων
2761 3000 2854 3053 καὶ
2876 2996 3072 3050 ἑκατὸν
3095 2991 3350 3064 χιλιάδων
3371 2987 3662 3059 προφητῶν
3687 3000 3702 3017 ·

2139 3097 2278 3169 πλὴν
2312 3097 2509 3167 φέρετε
2541 3093 2677 3164 πρὸς
2708 3092 2857 3161 ἡμᾶς
2886 3089 2956 3142 τά
2981 3087 3222 3157 ὀνόματα
3256 3081 3459 3147 αὐτῶν,
3486 3080 3581 3133 καὶ
3608 3077 3707 3132 πό-

460 3205 963 3276 pscudopmpltetas
994 3201 1363 3257 erudiverunt:
1385 3214 1614 3268 quorum
1639 3197 2029 3266 prophetarum

2137 3189 2229 3243 θεν
2258 3188 2401 3251 εἰσὶ,
2432 3185 2529 3239 καὶ
2577 3186 2642 3236 ὲκ
2682 3182 2840 3244 ποίας
2865 3180 3071 3250 χώρας,
3103 3179 3196 3231 καὶ
3227 3176 3291 3228 ὲκ
3326 3174 3482 3226 ποίου
3515 3171 3703 3224 τόπου.

464 3298 684 3351 nomina
728 3295 1074 3350 Moliamedes
1119 3292 1323 3363 scripta
1361 3289 1565 3360 reperit
1591 3289 1648 3344 in
1678 3288 1842 3343 herba
1906 3303 2041 3357 qua-

465 3391 609 3440 dam.
648 3383 873 3439 llerbam
894 3384 1036 3437 illam
1073 3383 1290 3446 cocmit,
1313 3396 1435 3450 quae
1450 3380 1501 3435 ei
1534 3378 1741 3449 profuit
1777 3378 1845 3433 ad
1889 3394 2039 3434 scor-

468 3476 728 3530 tationem
763 3486 1078 3544 protervam
1109 3481 1163 3527 et
1189 3472 1471 3537 efl'renem,
1502 3471 1637 3525 adeo
1667 3478 1728 3524 ut
1759 3484 2038 3539 nunquam

467 3568 587 3636 ejus
618 3566 884 3637 cupiditas
922 3564 1220 3620 etlascivia
1238 3562 1443 3632 expleri
1474 3561 1736 3632 potuerit.
1771 3559 1883 3616 Cur
1911 3576 2041 3633 ergo

474 3660 747 3714 hominem
784 3658 1080 3727 impurum,
1111 3656 1463 3720 homicidam,
1493 3661 1912 3724 praepotentem,
1959 3666 2045 3707 ra-

473 3768 683 3821 pacem,
718 3752 1004 3816 latronem,
1035 3750 1278 3820 planum,
1309 3749 1491 3803 dicitis
1520 3746 1843 3817 pmphetam
1902 3745 2047 3817 lega-

474 3855 701 3914 tumque
740 3843 861 3899 Dei?
890 3842 1114 3911 etquod
1147 3842 1289 3896 Deus
1333 3839 1583 3910 angelum
1620 3852 1779 3893 suum
1838 3837 2049 3893 miserit

472 3938 541 3992 ad
577 3934 976 3992 Monamedcru?
1000 3937 1133 4000 Quis
1158 3933 1314 3988 adest
1345 3932 1521 3995 testis,
1540 3932 1689 3985 hunc
1730 3945 1760 3987 ιι
1785 3930 1899 3986 Deo
1921 3930 2046 3987 mis-

474 4044 592 4084 sum
634 4043 753 4083 esse
784 4027 1105 4097 prephetam
1139 4041 1201 4079 ac
1253 4023 1525 4094 legatum?
1549 4021 1761 4088 Quibus
1787 4037 1851 4077 ex
1883 4024 2046 4079 mira-

478 4119 616 4175 culis
647 4118 892 4174 ostendis
922 4132 1051 4172 eum
1085 4114 1427 4185 prOphetami
1465 4112 1690 4173 Ubinam
1719 4113 1888 4184 ipsius
1919 4129 2050 4185 pro.

480 4212 703 4282 phetiar‘!
725 4209 909 4274 Qualis
937 4209 1037 4261 fuit
1094 4207 1268 4277 angeli
1324 4206 1481 4273 visio,
1538 4221 1644 4275 qua
1697 4206 1786 4260 ille
1828 4206 2052 4261 edoctus

481 4305 584 4359 fuit
604 4302 857 4366 scortari,
885 4299 1225 4354 etcinaalum
1271 4312 1454 4369 agere,
1494 4297 1729 4367 aliisque
1766 4297 2051 4369 flagitiosis

477 4395 696 4450 actibus
731 4406 952 4463 cperam
986 4391 1136 4457 dare,
1189 4403 1325 4459 quos
1345 4405 1446 4460 ego
1492 4389 1723 4445 recitare
1761 4389 2054 4458 prohibeor

483 4502 555 4542 ne
574 4494 813 4541 mentem
841 4484 1148 4538 auditorum
1182 4481 1490 4550 inquinch
1520 4479 1661 4536 Vere
1725 4496 1900 4535 vanus
1938 4496 2057 4536 ves-

487 4588 569 4633 ter
604 4578 765 4642 Deus,
790 4578 1016 4646 ejusque
1050 4574 1296 4645 angelus.
1330 4573 1421 4643 qui
1450 4589 1546 4629 vos
1560 4573 1749 4629 docuit
1784 4588 1947 4629 omne
1971 4589 2060 4645 ge-

485 4686 589 4726 nus
622 4668 853 4724 luxuria:
879 4676 1117 4736 patrare.

2081 4530 2136 4590 D

2145 3280 2254 3331 Καὶ
2279 3275 2387 3345 γὰρ
2412 3275 2553 3345 μετὰ
2578 3273 2636 3326 τὸ
2662 3272 2984 3340 θεοσεὸἦσαι
3012 3269 3044 3339 ἢ
3082 3266 3282 3338 μᾶλλον
3310 3262 3578 3333 ἀσεϐῆσαι
3604 3260 3710 3313 ἐδί-

2141 3369 2305 3434 δαξαν
2327 3370 2419 3421 καὶ
2441 3366 2566 3429 τοὺς
2592 3362 3040 3434 ψευδοπροφήτας
3069 3358 3223 3429 ὑμῶν
3240 3373 3253 3387 ο
3282 3349 3356 3410 ὧν
3378 3354 3447 3407 τά
3470 3353 3712 3423 ὀνόματα

2144 3460 2325 3515 αὐτῶν
2387 3458 2496 3512 τῶν
2559 3455 2855 3527 προφητῶν
2920 3448 3046 3520 εὗρε
3120 3449 3481 3518 γεγραμμένα
3531 3446 3589 3497 ὲν
3642 3443 3709 3511 τῇ

2147 3552 2370 3624 βοτάνῃ.
2417 3548 2661 3618 Βοτάνην
2698 3546 3006 3616 ἐξωνήσατο
3059 3539 3513 3611 συμόαλλομένην
3563 3533 3712 3603 αὐτῷ

2106 3720 2113 3725 ἱ
2146 3649 2224 3709 εἰς
2249 3643 2505 3714 πορνείαν
2535 3644 2765 3712 ἄσχετον
2782 3640 2877 3694 καὶ
2901 3637 3222 3702 ἀκόλαστον,
3252 3634 3326 3696 ὡς
3357 3634 3431 3702 μὴ
3458 3629 3710 3699 κορέννυο

2148 3737 2272 3790 σθαι
2313 3737 2476 3790 αὑτὸν
2524 3735 2623 3804 τῆς
2666 3730 2960 3801 ἐπιθυμίας
3003 3732 3097 3783 καὶ
3138 3727 3235 3797 τῆς
3280 3723 3551 3794 λαγνείας.
3593 3719 3717 3780 Πῶς

2147 3835 2240 3890 οὖν
2269 3835 2553 3906 ἄνθρωπον
2574 3830 2902 3901 ἀκάθαρτον,
2931 3825 3117 3893 φονέα,
3147 3823 3434 3891 δυνάστην,
3463 3817 3714 3888 ἅρπαγα.

2148 3928 2374 3999 λῃστὴν,
2400 3926 2621 3991 πλάνον,
2652 3923 2840 3991 λέγετε
2864 3920 3026 3973 αὐτὸν
3058 3918 3343 3988 προφήτην
3372 3911 3465 3965 καὶ
3488 3908 3719 3963 ἀπόστο-

2150 4021 2239 4075 λον
2267 4020 2443 4087 Θεοῦ;
2489 4020 2584 4071 καὶ
2620 4019 2704 4070 ὅτι
2742 4012 3062 4068 ἀπέστειλεν
3109 4013 3138 4063 6
3179 4008 3311 4072 Θεὸς
3352 4006 3442 4057 τὸν
3485 3999 3716 4070 άγγελον

2151 4111 2315 4168 αὐτοῦ
2342 4112 2475 4182 πρὸς
2496 4110 2591 4163 τὸν
2619 4092 2860 4177 Μωάμεδ
2882 4123 2898 4171 ς
2920 4104 3015 4166 Τίς
3035 4105 3183 4155 ἐστιν
3207 4100 3237 4152 6
3268 4093 3563 4169 μαρτυρῶν
3590 4091 3716 4159 περὶ

2152 4205 2369 4270 τούτου,
2395 4204 2478 4256 ὅτι
2508 4203 2573 4255 ἐκ
2598 4200 2733 4255 Θεοῦ
2760 4198 3017 4269 ἐπέμφθη
3049 4197 3334 4267 προφήτης
3361 4191 3456 4245 καὶ
3482 4188 3718 4243 ἀπόστο-

2152 4298 2279 4365 λος;
2316 4297 2412 4351 Ἐκ
2440 4295 2608 4349 ποίων
2636 4292 2877 4364 σημείων
2905 4289 3171 4351 δεικνύεις
3198 4286 3362 4340 αὑτὸν
3395 4282 3717 4355 προφήτηνς

2158 4390 2271 4445 Καὶ
2302 4389 2404 4443 ποῦ
2433 4391 2576 4442 εἰσιν
2605 4390 2663 4441 αι
2683 4385 2850 4441 αὐτοῦ
2877 4386 3239 4455 προφητεῖαι;
3278 4377 3436 4433 Ἀλλά
3454 4375 3546 4428 καὶ
3566 4372 3723 4427 ὁποία

2158 4478 2227 4554 ἦν
2251 4483 2285 4551 ἠ
2311 4480 2406 4535 τοῦ
2430 4479 2663 4550 ἀγγέλου
2690 4478 2811 4545 θέα,
2840 4476 2908 4530 δι’
2939 4470 3000 4530 οῦ
3032 4472 3284 4544 ἐδιδάχθη
3310 4466 3598 4540 πορνεύειν
3626 4463 3724 4516 καὶ

2163 4573 2661 4650 ἁρσενοκοιτεύειν,
2721 4573 2817 4626 καὶ
2875 4568 3043 4630 ἄλλας
3106 4564 3397 4635 ἀθεμίτους
3460 4556 3722 4650 πράξεις,

2157 4647 2219 4739 ἐξ
2262 4668 2336 4729 ὧν
2357 4672 2417 4727 οὐ
2457 4670 2691 4739 δύναμαι
2715 4666 2895 4734 λέγειν
2934 4663 3021 4715 διὰ
3050 4662 3114 4712 τὸ
3146 4656 3268 4709 νοῦν
3309 4653 3467 4724 ἡμῶν
3505 4647 3728 4720 μολύνε-

490 4786 646 4852 σθαις
710 4781 950 4853 Ἀληθῶς
1002 4779 1233 4851 μάταιος
1285 4779 1317 4833 ὁ
1368 4780 1501 4843 Θεὸς
1549 4776 1703 4848 ὑμῶν
1753 4776 1849 4831 καὶ
1888 4778 1918 4833 6
1955 4779 2121 4834 αὐτοῦ
2180 4768 2437 4843 ἄγγελος,
2501 4765 2561 4831 ὃς
2600 4760 2846 4825 διέταξεν
2893 4756 3037 4826 ὑμᾶς
3090 4751 3184 4806 τοῦ
3235 4749 3496 4819 πράττειν
3547 4742 3730 4797 πᾶσαν

484 4878 799 4934 ἀκολασίαν.

562 4974 645 5028 l5.
676 4972 884 5027 Deinde
929 4970 1061 5026 dicit
1092 4969 1245 5024 vobis
1279 4975 1388 5024 tres
1418 4981 1539 5023 esse
1562 4966 1618 5020 in
1657 4966 1909 5038 paradiso
1954 4966 2064 5022 llu-

489 5068 629 5131 vios,
658 5079 889 5136 quorum
931 5062 1140 5133 primus
1181 5059 1341 5115 melle
1380 5058 1517 5124 ﬂuit,
1556 5058 1694 5114 alter
1737 5059 1894 5121 laete,
1936 5058 2065 5112 vino

490 5159 703 5213 tertius.
750 5156 902 5227 Aqua
944 5166 1214 5223 nusquam
1265 5150 1507 5207 est.Jam
1550 5165 1826 5205 meracum
1871 5150 2060 5204 vinum

491 5254 754 5318 bibentes,
777 5251 1085 5308 necessario
1110 5248 1322 5314 ebriati,
1341 5256 1396 5303 et
1424 5248 1628 5317 absque
1657 5261 1825 5300 sensu
1866 5246 2058 5316 jacen-

492 5356 574 5402 tes
618 5362 744 5400 cum
789 5343 1099 5416 gravedine,
1141 5340 1400 5400 paradiso
1441 5354 1550 5393 non
1598 5337 1874 5403 fruemini,
1916 5350 2058 5406 prato

496 5446 739 5506 terquem
760 5435 958 5489 laboris
985 5432 1171 5502 requie
1196 5451 1208 5485 :
1230 5440 1284 5486 et
1300 5429 1523 5486 honoris
1542 5428 1661 5484 loco
1684 5428 2058 5498 ignominiam,

494 5539 592 5594 pro
642 5537 807 5593 regno
841 5537 1080 5591 pinnam,
1116 5534 1472 5589 vermemque
1542 5519 1758 5589 vigilem
1816 5516 2062 5586 experie-

494 5615 653 5702 rnini.
678 5612 901 5667 Narrate
931 5613 1089 5669 nobis
1107 5613 1269 5667 etiam
1301 5613 1367 5667 de
1386 5612 1596 5667 camelo
1653 5610 1873 5675 femina,
1901 5624 2061 5676 quam

578 5757 652 5828 (6)
690 5757 781 5811 Sic
841 5756 1197 5828 affirmantem
1232 5757 1359 5810 facit
1376 5753 1748 5828 llohamedem
1774 5750 2071 5828 Zamhchas—

503 5821 684 5885 serius
716 5826 858 5896 apud
895 5827 1215 5883 Maraccinm
1245 5828 1300 5880 in
1327 5825 1655 5879 refutatione
1683 5821 1939 5896 §Ufi€_22.

589 5896 666 5966 (Ἰ)
722 5889 1011 5953 ιιῖωσσάτον
1089 5896 1431 5961 vocabulum,
1487 5896 1630 5965 quod
1671 5892 1843 5948 Grazci
1910 5889 2073 5945 etiam

2232 4968 2316 5017 ιε’.
2368 4953 2501 5012 Εῐτα
2535 4954 2699 5008 πάλιν
2745 4948 2895 5018 λέγει
2941 4944 3077 5016 πρὸς
3112 4943 3254 5013 ὑμᾶς
3296 4939 3379 4993 ὅτι
3416 4940 3472 4992 ὲν
3504 4936 3584 5008 τῷ
3620 4950 3731 4987 πα-

2163 5053 2393 5127 ραδείσῳ
2426 5047 2537 5103 εἰσὶ
2584 5046 2735 5116 τρεῖς
2777 5036 3011 5108 ποταμοί
3032 5053 3047 5069 ⁸
3089 5036 3118 5088 6
3151 5034 3251 5104 μὲν
3280 5029 3359 5094 εἷς
3387 5030 3499 5101 ῥέει
3529 5029 3674 5094 μέλι,
3703 5029 3734 5079 6

2157 5120 2214 5200 δὲ
2252 5145 2437 5214 ἕτερος
2470 5138 2697 5208 γάλα,’δ
2726 5135 2783 5188 δὲ
2824 5133 3009 5202 τρίτος
3049 5127 3244 5198 μεστὸς
3272 5124 3418 5176 οἴνου
3444 5137 3458 5152 ο
3493 5121 3635 5190 ὕδωρ
3674 5120 3733 5172 δὲ

2161 5212 2432 5305 οὐδαμῶς.
2495 5232 2659 5287 Ἀλλὰ
2705 5229 2796 5281 τὸν
2850 5221 2992 5279 οἶνον
3051 5222 3290 5288 ἄκρατον
3336 5218 3612 5305 πίνοντες,
3672 5212 3755 5275 ἐξ

2164 5301 2409 5399 ἀνάγκης
2446 5326 2509 5377 ὲκ
2549 5321 2649 5391 τῆς
2700 5318 2867 5388 μέθης
2895 5311 2989 5365 τοῦ
3019 5310 3260 5379 ἀκράτου
3290 5304 3435 5359 οἴνου
3488 5302 3546 5353 ὲν
3577 5301 3733 5352 ἀναι-

2169 5390 2375 5490 σθησίᾳ.
2429 5390 2735 5484 κειτὸμενοι
2779 5401 3248 5476 καρηϐαροῦντες,
3293 5396 3449 5450 οὐδὲν
3495 5390 3735 5490 ἁπολαύῖ-

2166 5483 2319 5567 ουσιν
2342 5483 2402 5563 ἓν
2430 5507 2508 5578 τῷ
2554 5483 2871 5575 παραδείσῳ
2919 5496 3031 5550 ἀλλ’
3074 5496 3104 5563 ἢ
3140 5494 3310 5546 κόπον
3337 5489 3595 5551 ἀνέσεως,
3639 5483 3739 5537 καὶ

2171 5604 2292 5659 ἀντὶ⁸
2320 5600 2486 5673 τιμῆς
2515 5596 2761 5666 ἀτιμίαν,
2795 5594 2883 5646 καὶ
2917 5588 3038 5643 ἀντὶ
3062 5584 3338 5657 βασιλείας
3368 5582 3611 5645 κόλασιν,
3641 5582 3739 5632 καὶ

2171 5746 2343 5800 multo
2383 5740 2721 5812 antiquiores
2769 5730 3060 5804 Euthymio
3105 5746 3135 5786 a
3182 5725 3390 5784 Latinis
3444 5726 3556 5796 jutn
3592 5724 3741 5779 asci-

2171 5826 2383 5871 verant.
