4018 6566
251 382 321 447 3⁸1
1461 387 1921 451 DISPUTATIO
1954 389 2056 452 DE
2091 392 2297 456 FIDE.
3426 399 3523 462 33‘

255 494 516 564 σκώληκα
547 494 641 548 τὸν
676 492 1000 566 ἀκοίμητον.
1034 496 1241 555 Εἴπατε
1277 498 1410 569 ἡμῖν
1446 500 1540 554 καὶ
1572 501 1701 571 περὶ
1731 501 1833 571 τῆς

1933 502 2115 559 dicitis
2170 504 2228 559 in
2284 504 2536 575 paradiso
2580 505 2768 565 herbis
2798 510 2988 579 pasci,
3042 526 3159 583 quas
3217 513 3287 569 ab
3341 515 3499 574 initio

251 588 526 657 καμήλου,
554 586 624 658 ἢν
656 586 846 655 λέγετε
875 590 1185 659 νεμομένην
1216 590 1274 644 εν
1303 590 1382 661 τῷ
1411 591 1745 662 παραδείσῳ,
1783 592 1819 663 ἢ

250 684 367 733 κατ’
394 681 573 749 ἀρχάς
615 678 900 731 κτισθεῖσα
945 680 1042 748 τὴν
1088 680 1392 735 ἀθανασίαν
1428 681 1620 736 ἐλαϐεν
1658 686 1715 738 έν
1743 683 1821 753 τῷ

254 773 606 843 παραδείσῳ,
654 770 987 839 ψευδομένου
1034 770 1125 825 τοῦ
1162 772 1318 841 ὑμῶν
1362 778 1677 846 προφήτου,
1726 774 1819 829 τοῦ

250 864 383 918 Θεοῦ
434 866 595 935 ήμῶν
639 863 1061 934 προπέμποντος
1096 862 1189 916 τὸν
1240 863 1409 933 ’Δδὰμ
1459 866 1539 929 είς
1578 866 1678 934 τὴν
1716 866 1821 937 γῆν

249 959 309 1022 ἐξ
352 952 420 1027 ἧς
483 956 751 1024 ἐγεγόνει.
822 956 931 1009 Καὶ
1002 953 1191 1007 ἔκτοτε
1242 954 1311 1009 τά
1353 956 1532 1009 πάντα
1594 956 1820 1012 θάνατον

249 1049 580 1101 ἑνεδύσαντο
598 1062 611 1076 ⁶
640 1049 777 1117 μόνη
806 1046 864 1098 δὲ
889 1048 921 1114 ἠ
952 1046 1200 1116 κάμηλος
1221 1046 1375 1115 ὑμῶν
1404 1046 1593 1100 [λαϐεν
1620 1047 1822 1103 ἀθανα-

250 1141 397 1193 σίαν.
430 1139 492 1192 Ei
532 1135 626 1192 οὖν
657 1138 925 1200 ἀθάνατός
956 1140 1103 1190 ἐστιν
1137 1139 1170 1209 η
1219 1137 1466 1209 κάμηλος
1511 1139 1685 1208 ὑμῶν,
1722 1157 1819 1193 κα-

248 1229 353 1291 θὼς
387 1229 553 1297 ὑμεῖς
604 1246 742 1297 φατε
762 1269 777 1293 ,
822 1228 972 1291 ἐντὸς
1013 1228 1109 1280 τοῦ
1146 1229 1480 1299 παραδείσου
1504 1268 1519 1293 ,
1550 1230 1671 1282 κατ’
1700 1230 1819 1294 ετος

247 1319 594 1390 αὐξανομένη
624 1320 750 1383 τοὺς
780 1318 1068 1381 τοσούτους
1111 1320 1357 1389 χρόνους,
1395 1321 1655 1389 ἐγέμισεν
1692 1321 1757 1375 ἂν
1790 1323 1819 1375 ὁ

249 1412 583 1481 παράδεισος
611 1413 689 1478 ὲκ,
714 1409 798 1463 τοῦ
838 1411 1003 1478 ὄγκου
1031 1411 1222 1481 αὐτῆς,
1258 1411 1351 1463 καὶ
1382 1411 1553 1475 οὐδεὶς
1586 1411 1693 1465 τῶν
1720 1413 1815 1465 ἀν-

245 1502 484 1572 θρώπων
512 1502 805 1570 δυνήσεται
835 1499 1095 1553 εἰσελθεῖν
1126 1503 1323 1558 ἐκεῖσε.

316 1588 416 1651 ις’.
486 1589 763 1653 Ὡσαύτως
818 1588 1004 1657 λέγετε
1055 1592 1150 1642 καὶ
1204 1592 1333 1654 περὶ
1379 1589 1475 1643 τοῦ
1532 1591 1673 1657 Mhi,
1734 1594 1817 1647 ὅτι

241 1677 387 1742 οἶκος
422 1680 585 1734 Θεοῦ.
628 1680 917 1747 Λεγόντων
955 1680 1112 1750 ἡμῶν
1141 1681 1251 1735 τῶν
1295 1684 1637 1752 Χριστιανῶν
1680 1685 1816 1755 πρὸς

242 1775 420 1842 ὑμᾶς,
464 1774 640 1827 Πόθεν
680 1773 983 1844 ἀπέρχεσθε
1041 1776 1134 1826 καὶ
1193 1778 1549 1845 προσκυνεῖτε
1594 1776 1814 1847 ήμερῶν

1928 604 2111 651 creata
2174 596 2493 653 immortalis
2512 613 2635 655 esse
2688 602 2742 657 in
2767 603 3016 672 paradiso
3068 607 3286 673 meruit,
3337 620 3498 678 prout

1926 695 2107 739 vester
2134 688 2399 757 propheta
2427 690 2708 744 mentitur:
2750 708 2875 747 nam
2934 706 3082 750 certe
3132 697 3275 751 Deus
3312 709 3501 756 noster

1924 776 2189 830 Adamum
2206 779 2457 846 prtemisit
2477 779 2529 831 in
2556 789 2775 848 terram,
2794 782 2862 838 de
2887 800 2993 853 qua
3007 795 3259 856 sumptus
3296 790 3495 845 fuerat.

1926 866 2001 921 Ex
2039 884 2148 938 quo
2171 878 2415 940 tempere
2449 871 2633 927 omnia
2679 876 2841 929 morti
2884 876 3105 934 fuerunt
3131 880 3388 944 obnoxia,
3409 898 3501 937 so-

1924 959 2083 1030 laque
2107 970 2285 1015 vestra
2308 964 2549 1018 camelus
2574 964 3034 1023 immortalitatem
3079 974 3267 1027 sortita
3292 980 3399 1027 est.
3438 972 3496 1027 Si

1924 1065 2052 1121 ergo
2077 1050 2394 1108 immortalis
2422 1064 2507 1109 est
2532 1066 2711 1111 vestra
2745 1059 3002 1125 camelus,
3055 1072 3114 1115 ut
3152 1077 3248 1117 vos
3295 1065 3495 1125 dicitis.

1924 1140 2065 1194 intra
2103 1142 2412 1211 paradisum
2446 1160 2461 1209 ;
2491 1158 2661 1213 eaque
2691 1145 2920 1215 singulis
2968 1148 3126 1202 annis
3168 1165 3265 1218 per
3292 1160 3371 1205 tot
3397 1167 3496 1205 sae-

1923 1231 2043 1285 cula
2073 1242 2319 1304 augetur,
2358 1244 2507 1288 certe
2533 1236 2812 1305 paradisus
2834 1239 3077 1306 pondere
3108 1238 3251 1295 illius
3289 1244 3490 1298 labora-

1925 1322 2027 1387 bit,
2062 1324 2353 1393 nullusque
2388 1323 2690 1394 jam:homo
2715 1328 2840 1383 illuc
2862 1328 3067 1401 ingredi
3101 1334 3322 1400 poterit.

1995 1586 2082 1642 i6.
2118 1586 2367 1643 Narratis
2393 1589 2598 1658 pariter
2639 1590 2705 1645 de
2745 1591 2948 1657 Mecca,
2992 1594 3134 1662 quod
3187 1594 3279 1647 Dei
3302 1598 3496 1651 domus

1922 1681 2013 1735 sit.
2062 1678 2398 1750 Rogantibus
2427 1689 2575 1735 certe
2606 1697 2702 1736 vos
2734 1683 3075 1749 Christianis,
3107 1702 3344 1754 quonam
3366 1687 3499 1741 ado-

1921 1787 2042 1826 rare
2065 1772 2301 1844 pergatis
2344 1782 2494 1828 tanto
2537 1772 2748 1829 dierum
2792 1776 3011 1846 spatio?
3054 1786 3108 1831 et
3152 1779 3370 1831 ubinam
3427 1778 3497 1832 sit

236 1864 467 1916 τοσοῦτο
503 1866 780 1936 διάστημα
803 1885 818 1932 ς
853 1867 949 1919 καὶ
984 1865 1062 1935 πῆ
1090 1862 1185 1918 οῦν
1207 1865 1235 1917 ὁ
1261 1867 1427 1929 τόπος
1450 1868 1690 1934 ὲκεῖνοςς
1720 1867 1814 1921 καὶ

1918 1864 2007 1919 ille
2050 1864 2204 1919 locus
2231 1866 2254 1919 τ
2277 1866 2455 1921 dicitis
2501 1868 2677 1932 nobis,
2713 1868 3010 1923 illud'esse
3050 1870 3343 1940 hospitium
3376 1870 3493 1934 Dei,

239 1954 374 2024 πρὸς
411 1957 563 2025 ἡμᾶς
601 1974 739 2027 φατε
782 1958 865 2011 ὅτι
889 1958 1130 2011 δσπίτιον
1153 1953 1220 2029 ἦν
1243 1957 1337 2009 τοῦ
1363 1957 1521 2021 Θεοῦ,
1552 1958 1812 2029 κελάρην,

241 2046 275 2115 ἢ
311 2046 596 2116 μαγίριον,
645 2048 679 2118 ἢ
731 2048 1027 2119 ἀγχούρην,
1071 2048 1104 2117 ἢ
1159 2046 1420 2118 χαζήναν.
1472 2047 1814 2115 Σαφηνίσατε

241 2139 373 2209 ἡμῖν
424 2138 559 2211 περὶ
612 2138 705 2192 τοῦ
759 2140 1003 2194 τοιούτου
1053 2139 1336 2193 όσπιτίου’
1396 2138 1490 2192 καὶ
1564 2139 1683 2202 πῶς
1752 2140 1812 2192 οὐ

242 2230 545 2294 γινώσκετε
585 2230 677 2282 τὸν
710 2229 884 2299 τάφον
913 2230 1008 2284 τοῦ
1047 2230 1315 2301 ὑμετέρου
1365 2230 1669 2300 προφήτου,
1719 2230 1814 2282 καὶ

235 2323 432 2390 τιμᾶτε
498 2321 665 2375 αὐτοῦ
732 2322 961 2392 λείψανα
1022 2322 1099 2386 ὡς
1168 2323 1451 2394 προφήτου
1528 2323 1623 2375 τοῦ
1672 2321 1811 2376 Θεοῦ

1916 1956 2179 2020 etdicitis.
2208 1957 2262 2010 in
2288 1957 2380 2012 Dei
2418 1958 2715 2027 hospitium
2738 1961 2857 2028 ejus
2879 1961 3105 2026 celarin,
3131 1972 3186 2016 et
3207 1962 3494 2033 magirion.

1915 2058 1972 2105 et
2020 2049 2273 2118 achurin,
2298 2060 2353 2107 et
2398 2052 2696 2109 ehazenan.
2753 2052 3054 2123 Explanate
3122 2055 3301 2118 nobis,
3347 2069 3496 2123 qua:-

1915 2155 2121 2207 sumus,
2171 2143 2297 2212 quid
2321 2145 2393 2200 sit
2435 2144 2536 2200 hoc
2565 2144 2859 2214 hospitium
2908 2153 3007 2199 :et
3050 2146 3322 2215 quomodo
3371 2161 3497 2215 pro-

1914 2232 2092 2302 phetae
2122 2235 2284 2288 vestri
2324 2236 2633 2305 sepulcrum
2677 2237 2956 2307 ignoretis,
2979 2248 3035 2293 et
3071 2240 3191 2310 ejus
3239 2240 3499 2310 reliquias

1914 2324 2189 2380 honoretis
2218 2335 2275 2382 ut
2305 2328 2395 2381 Dei
2422 2329 2697 2398 prophetae
2717 2341 2879 2399 atque
2909 2330 3090 2400 legati.
3108 2331 3177 2386 Et
3205 2333 3483 2403 siquidem

236 2414 329 2466 καὶ
367 2414 699 2467 ἀποστόλου.
738 2413 853 2468 Καὶ
901 2415 950 2468 εἰ
996 2416 1095 2484 μὲν
1141 2416 1481 2470 ἀναπαύεται
1528 2416 1555 2467 ὀ
1586 2414 1717 2478 Θεὸς
1753 2416 1812 2470 έν

1917 2415 2121 2469 habitat
2167 2416 2312 2471 Deus
2356 2418 2411 2471 in
2463 2418 2553 2472 illo
2601 2418 2860 2488 bOSpitio,
2891 2420 3201 2475 necessario
3247 2432 3485 2475 tremen-

234 2505 309 2575 τῷ
360 2505 597 2577 ὀσπιτίῳ
634 2506 829 2578 ἐκείνῳ
865 2508 958 2561 καὶ
1010 2506 1175 2576 μόνῳ,
1219 2507 1279 2571 ἐξ
1326 2506 1573 2576 ἀνάγκης
1606 2503 1676 2580 ἦν
1718 2507 1813 2560 καὶ

237 2597 472 2667 φοῦερὸν
504 2601 808 2669 μυστήριον
864 2602 921 2653 ἐν
969 2597 1047 2669 τῷ
1088 2599 1239 2666 τόπῳ
1272 2598 1499 2670 ἐκείνῳ*
1552 2600 1582 2653 ὅ
1622 2617 1674 2652 τι
1708 2598 1811 2654 κᾶν

238 2692 393 2760 ὑμεῖς
441 2692 638 2760 εἴπητε
685 2691 747 2744 τὸ
795 2691 1163 2762 γεγενημένον
1215 2690 1344 2759 περὶ
1382 2689 1477 2743 τοῦ
1511 2690 1809 2760 μαγνήτου,

238 2783 363 2851 περὶ
389 2781 830 2851 πεπλανημένων
858 2783 1175 2852 θαυμάτων,
1208 2780 1243 2835 ἀ
1284 2780 1484 2844 πάντες
1510 2782 1812 2851 κηρύττου-

240 2888 341 2925 σιν.
386 2872 553 2925 Ἄ).λά
584 2875 675 2925 καὶ
705 2872 869 2936 αὐτὸς
903 2875 929 2925 ὀ
954 2872 1121 2935 κύων,
1153 2872 1182 2924 ό
1210 2874 1272 2924 ὲκ
1300 2873 1398 2941 τῆς
1428 2871 1624 2941 λίμνης
1661 2870 1812 2943 ἐξερ-

237 2965 457 3033 χόμενοέ
490 2965 591 3017 καὶ
626 2966 763 3033 πρὸς
795 2964 940 3034 ὑμᾶς
970 2963 1297 3033 ἐπιφοιτῶν,
1321 2962 1380 3015 ὃν
1412 2963 1567 3033 ὑμεῖς
1594 2962 1809 3016 καλεῖτε

236 3057 392 3125 χάριν
433 3055 593 3109 9606'
646 3056 815 3127 βαϐαὶ
847 3057 947 3129 τῆς
989 3056 1247 3129 τοιαύτης
1287 3054 1685 3125 ἀπανθρωπίας
1716 3056 1810 3109 καὶ

237 3148 551 3216 άγνωσίαςί
603 3148 842 3201 Τοιαῦτά
909 3150 1015 3202 εἱσι
1069 3147 1163 3203 τοῦ
1222 3150 1502 3219 προφήτου
1548 3147 1704 3217 ὑμῶν
1742 3148 1810 3201 τά

233 3239 556 3310 ληρήματα,
589 3239 624 3294 ἀ
648 3240 733 3302 τίς
773 3238 880 3292 τῶν
913 3239 973 3293 εὖ
1001 3238 1345 3310 φρονούντων
1386 3239 1673 3309 δυνήσεται
1728 3241 1806 3291 εἰ·

1913 2508 2043 2562 dum
2070 2508 2388 2577 mysterium
2414 2510 2576 2563 estin
2603 2509 2721 2564 loco
2738 2510 2829 2563 illo
2854 2527 2868 2563 :
2895 2512 3157 2581 quidquid
3181 2527 3280 2566 vos
3305 2512 3498 2567 dicatis

1912 2601 1980 2655 de
2006 2602 2070 2655 iis
2094 2617 2213 2671 qua:
2251 2602 2358 2656 illic
2398 2601 2533 2656 ﬁunt
2558 2618 2654 2672 per
2691 2613 2999 2672 magnetem
3046 2604 3325 2675 prodigiis,
3368 2621 3489 2675 quat

1920 2707 2111 2747 omnes
2130 2693 2439 2748 buccinant.
2475 2692 2580 2748 Sed
2613 2702 2668 2748 et
2700 2696 2814 2765 ipse
2830 2696 2992 2751 canis
3009 2696 3077 2750 de
3104 2706 3296 2767 stagno
3319 2713 3497 2751 emer-

1913 2799 2046 2851 gens
2087 2794 2141 2837 et
2169 2786 2239 2838 ad
2272 2794 2367 2839 vos
2416 2784 2717 2854 profectus,
2768 2803 2931 2857 quem
2983 2802 3081 2842 vos
3116 2785 3215 2841 Dei
3261 2788 3491 2859 gratiam

1912 2875 2209 2943 appellatis.
2238 2873 2393 2944 Papm
2418 2885 2619 2931 tantam
2636 2877 3088 2933 inhumanitatem
3112 2888 3167 2933 et
3192 2879 3488 2933 inscitiam!

1912 2957 2005 3013 Hae
2062 2971 2189 3015 sunt
2220 2964 2497 3032 propheta:
2530 2966 2695 3019 vestri
2728 2982 2904 3037 nugae,
2937 2983 3071 3037 quas
3119 2983 3345 3022 narrare
3370 2968 3493 3037 quis

1916 3054 2176 3108 cordatus
2205 3056 2408 3124 queat?
2466 3057 2886 3113 abominabilem
2918 3076 3115 3130 nempe
3152 3076 3341 3115 canem
3368 3075 3490 3114 esse

1911 3145 2133 3216 gratiam
2156 3146 2248 3201 Dei
2282 3151 2296 3201 l
2330 3147 2463 3203 Item
2493 3150 2842 3207 Mohamedes
2866 3168 2964 3207 vos
2984 3152 3162 3217 docet,
3203 3152 3345 3206 intra
3391 3166 3491 3221 pa-

1912 3238 2151 3292 radisum
2198 3247 2325 3293 ante
2350 3254 2700 3312 conspectum
2752 3244 2842 3298 Dei
2875 3243 3068 3298 stolide
3095 3252 3150 3297 et
3201 3243 3490 3297 insatiabi-

235 3334 387 3401 πεῖνξ;
421 3331 516 3384 τὸν
550 3330 932 3400 μεμισημένον
961 3330 1098 3384 κύνα
1127 3330 1288 3401 χάριν
1312 3329 1469 3383 Θεοῦ.
1500 3330 1611 3383 Καὶ
1647 3330 1809 3384 πάλιν

1917 3328 2031 3384 liter
2071 3328 2428 3385 fornicariam
2488 3335 2736 3403 copulam
2798 3332 3151 3402 frequentari.
3222 3332 3493 3386 Destituet

232 3427 258 3477 ό
282 3425 447 3486 αὐτὸς
480 3422 727 3493 Μωάμεδ
753 3423 992 3476 διδάσκει
1023 3423 1197 3489 λέγων
1219 3422 1301 3475 ὅτι
1328 3421 1478 3484 ἐντὸς
1509 3420 1603 3473 τοῦ
1636 3438 1811 3491 παρα·

232 3514 410 3567 δεξσου
465 3512 808 3566 κατενώπιον
856 3513 991 3565 Θεοῦ
1042 3514 1318 3575 ἀσυνέτως
1364 3513 1460 3566 καὶ
1499 3512 1812 3581 ἀκορέστως

234 3605 467 3674 περνικὴ
501 3604 649 3673 μίξις
674 3604 886 3672 γίνεται
919 3606 1027 3675 (8)*
1068 3602 1323 3675 ὲπιλήψει
1358 3604 1469 3675 γάρ
1500 3622 1567 3674 με
1594 3604 1814 3675 διηγού-

235 3712 393 3764 μενον
426 3698 457 3747 ὁ
500 3696 727 3767 χρόνος,
762 3696 848 3749 ἵνα
882 3694 953 3765 μὴ
987 3696 1082 3749 καὶ
1115 3696 1278 3749 αὑτὸν
1309 3697 1401 3749 τὸν
1426 3697 1566 3766 ἀέρα
1601 3696 1812 3765 μολύνω

230 3788 598 3857 ἐξηγούμενος
629 3788 753 3850 τοὺς
786 3786 1237 3856 πεπλανημένους
1261 3785 1462 3857 λήρους
1485 3788 1581 3840 καὶ
1647 3806 1815 3857 μεμι-

234 3880 506 3947 σημένους
522 3879 716 3946 λόγους
745 3878 840 3931 τοῦ
878 3879 1145 3948 Μωάμεδ.
1183 3878 1345 3946 Λέγει
1386 3880 1414 3931 ό
1461 3878 1810 3949 Σαρακηνός*

235 3970 561 4038 Νενίκημαι,
597 3971 909 4040 νενίκημαι.
936 3965 1006 4021 Ὦ
1039 3969 1152 4031 πῶς
1187 3969 1456 4040 μεγάληή
1485 3971 1670 4033 πίστις
1700 3970 1810 4023 τῶν

231 4063 579 4133 Χριστιανῶν
600 4066 612 4117 ι
635 4064 810 4133 Χάριν
836 4060 926 4118 οὖν
951 4062 1059 4133 ἔχω
1088 4076 1170 4115 σοι
1202 4061 1330 4132 περὶ
1358 4060 1455 4132 τῆς
1477 4062 1809 4132 θεογνωσίας

1910 3436 1997 3475 me
2025 3431 2238 3492 tempus
2267 3422 2389 3478 talia
2444 3434 2777 3485 narrantem.
2819 3424 3108 3495 ipsumque
3164 3440 3347 3478 aerem
3403 3424 3494 3477 in-

1909 3512 2273 3582 qtrinaverim,
2301 3512 2346 3566 si
2371 3513 2556 3582 plenas
2585 3513 2818 3567 falsitate
2840 3527 3031 3583 nugas,
3056 3524 3111 3567 et
3134 3511 3496 3567 detestabiles

1915 3603 2250 3661 Mohamedis
2264 3620 2542 3660 sermones
2565 3605 2766 3660 referre
2784 3605 2965 3659 velim.
2999 3606 3134 3659 Dicit
3160 3604 3495 3658 Saracenus:

1918 3696 2108 3752 Victus
2141 3715 2284 3761 sum,
2320 3713 2516 3753 manus
2548 3699 2635 3751 do.
2670 3696 2842 3762 Quam
2893 3712 3087 3766 magna
3119 3704 3204 3749 est
3232 3692 3492 3747 Christia-

1918 3806 2112 3845 norum
2150 3792 2280 3844 tides
2305 3791 2317 3843 l
2344 3790 2458 3860 Ago
2498 3790 2657 3860 igitur
2705 3789 2798 3844 tibi
2825 3790 3026 3859 gratias
3055 3788 3121 3842 de
3159 3788 3259 3840 hac
3291 3785 3490 3839 tradita

1918 3882 2053 3935 mihi
2086 3881 2179 3935 Dei
2210 3880 2425 3945 notitia,
2450 3895 2483 3933 ο
2513 3880 2674 3933 homo
2698 3879 2815 3932 Dei.
2842 3878 2974 3931 Nam
3005 3892 3123 3945 quae
3162 3891 3257 3929 vos
3287 3874 3492 3936 dicitis,

1918 3988 1949 4027 ο
1980 3970 2294 4037 Christiani,
2321 3986 2444 4025 vera
2476 3978 2622 4024 sunt.
2659 3969 2799 4023 Deus
2825 3969 2943 4039 ipse
2986 3967 3161 4021 testis.
3198 3962 3480 4018 Adesdum

1914 4080 1948 4122 0
1977 4063 2073 4121 Dei
2110 4063 2329 4129 famule,
2367 4060 2691 4132 baptismum
2725 4060 2857 4114 mihi
2890 4058 3218 4127 impertitor.

231 4159 465 4231 ταύτης,
498 4155 546 4215 ὣ
601 4160 698 4213 τοῦ
749 4160 885 4214 Θεοῦ
932 4162 1210 4232 ἄνθρωπε*
1243 4160 1314 4213 τά
1358 4162 1464 4232 γὰρ
1509 4160 1642 4232 παρ’
1692 4163 1848 4234 ὑμῶν
1900 4164 2173 4236 λεγόμενα
2227 4163 2338 4218 τῶν
2386 4160 2725 4232 Χριστιανῶν
2776 4158 2952 4229 άληθῆ
3006 4158 3179 4208 εἰσιν·
3223 4151 3425 4223 Κύριος
3459 4147 3490 4200 δ

230 4252 358 4317 Θεὸς
388 4257 671 4324 μαρτυρεῖ
689 4268 708 4286 ⁸
727 4258 822 4309 καὶ
842 4254 1019 4328 δεῦρο,
1052 4255 1205 4309 δοῦλε
1233 4254 1391 4322 Θεοῦ,
1430 4255 1694 4326 βάπτισόν
1722 4273 1812 4328 με.

298 4456 427 4510 ι)ίεί
465 4456 709 4524 superius
742 4472 824 4511 me
856 4454 1175 4526 Panopliam
1205 4458 1492 4527 quamdam
1530 4458 1781 4511 adversus
1812 4454 2140 4511 Hohamedis
2188 4462 2389 4508 sectam
2429 4456 2523 4505 hoc
2564 4450 2827 4506 volumine
2855 4449 3189 4513 instruxisse,
3245 4446 3489 4519 Attamen

233 4552 467 4620 reliquus
519 4559 598 4602 est
651 4549 710 4601 in
744 4548 851 4601 alio
880 4549 1054 4603 codice
1090 4547 1348 4604 Vaticano
1400 4547 1655 4623 Dialogus
1705 4546 1994 4605 Christiani
2026 4545 2250 4601 hominis
2300 4560 2419 4599 cum
2453 4543 2754 4609 lsmaelita,
2789 4541 2939 4609 cujus
2974 4550 3149 4594 tamen
3183 4554 3274 4607 ego
3303 4538 3491 4607 scripti

226 4646 435 4699 nanuisi
483 4645 637 4697 breue
673 4643 935 4710 specimen
976 4644 1259 4715 proferam,
1292 4660 1355 4698 ne
1383 4642 1539 4714 plura
1570 4644 1748 4712 capita
1777 4643 2059 4705 cumulem.
2087 4656 2204 4711 qua
2244 4641 2454 4695 easdem
2494 4640 2601 4712 fere
2638 4638 2952 4708 objectioncs
2983 4635 3341 4705 responsiones
3359 4650 3481 4704 que,

230 4739 446 4791 mutatis
472 4735 672 4801 verbis,
703 4736 988 4790 continent.

262 4920 610 4976 ΔΙΑΛΕΞΙΣ
638 4920 1102 4975 ΧΡΙΣΤΙΑΝΟΥ
1134 4916 1265 4974 ΚΑΙ
1307 4919 1783 4973 ΙΣΜΑΗΛΙΤΟΥ
1815 4915 1898 4972 ΔΓ
1935 4912 2590 4971 ΕΡΩΤΔΠΟΚΡΙΣΕΩΝ
2638 4911 2823 4967 ΠΕΡΙ
2889 4914 3024 4969 ΊἨΣ
3058 4912 3455 4968 ΑΜΩΜΒΤΟΥ

1362 5011 1682 5066 ΠΙΣΤΕΩΣ
1722 5011 1859 5067 ῚὩΝ
1889 5010 2173 5064 ΧΡΙΣῚῚΔ
2186 5007 2356 5104 ΙΥΩΝ.

232 5142 589 5205 οιΑιοσυε
626 5139 1044 5203 CHRISTIANI
1093 5146 1241 5203 CUM
1286 5144 1679 5203 ISMAELITA
1735 5142 1879 5199 PER
1918 5138 2589 5198 INTERROGATIONES
2638 5138 2733 5195 ET
2784 5136 3349 5195 RESPONSIONES
3388 5138 3487 5193 DE

1072 5235 1776 5293 IRREPREHENSIBILI
1812 5232 2386 5290 CHRISTIAZVORUM
2428 5232 2635 5287 FIDE.

308 5446 367 5499 Ὅ
397 5444 633 5500 ΧΡΙΣΤ.
688 5443 999 5515 Ὀμολογετς
1038 5441 1130 5496 τδν
1176 5441 1415 5514 Χριστὸν
1443 5437 1585 5495 εἶναι
1630 5440 1802 5509 Λόγον

220 5543 320 5599 καὶ
346 5541 578 5611 Πνεῦμα
604 5537 769 5604 Θεοῦ,
794 5538 869 5603 ὡς
899 5539 1098 5608 λέγεις,
1128 5535 1376 5602 κτιστόν;

1980 5437 2257 5495 CllRlST.
2279 5436 2489 5493 Fateris
2526 5438 2760 5495 Verbum
2786 5438 3158 5508 Spiritumque
3198 5436 3292 5493 Dei
3324 5438 3482 5494 Chri-

1909 5541 2055 5587 stum
2088 5546 2229 5598 esse,
2258 5546 2416 5602 quem
2457 5538 2638 5586 tamen
2669 5540 2908 5586 creatum
2938 5530 3073 5587 dicis
3101 5531 3125 5585 t

296 5766 371 5836 (8)
404 5767 521 5821 hoc
554 5776 855 5836 perperam
892 5761 1155 5836 imputari
1200 5776 1404 5836 Corano
1430 5760 1500 5816 ab
1547 5758 1816 5836 imperitis
1923 5759 2369 5836 adnotationibus
2416 5757 2483 5814 ad
2512 5757 2757 5816 Nicetam
2817 5761 3195 5833 Byzantinttm,
3264 5779 3317 5833 p.
3364 5761 3491 5832 519,

226 5830 437 5909 legendi
480 5830 760 5892 Arabiéos
790 5833 957 5891 libros
974 5830 1201 5901 Grecis,
1222 5834 1333 5903 jam
1373 5830 1717 5889 ostendimus
1748 5831 1801 5884 in

1912 5830 2039 5884 adn.
2072 5832 2127 5885 ‘2.
