  <div class='ocr_page' id='page_1' title='image "/cluster/home/n/w/nwhite01/storage/ocr_20150623/131/hvd.32044019208263/031.png"; bbox 0 0 4018 6572; ppageno 0'>
   <div class='ocr_carea' id='block_1_1' title="bbox 496 378 3764 456">
    <p class='ocr_par' dir='ltr' id='par_1_1' title="bbox 496 378 3764 456">
     <span class='ocr_line' id='line_1_1' title="bbox 496 378 3764 456; baseline 0.008 -28"><span class='ocrx_word' id='word_1_1' title='bbox 496 380 575 445; x_wconf 79' lang='lat'><strong>39</strong></span> <span class='ocrx_word' id='word_1_2' title='bbox 1753 378 2141 441; x_wconf 72' lang='lat' dir='ltr'><strong>summu</strong></span> <span class='ocrx_word' id='word_1_3' title='bbox 2174 380 2536 444; x_wconf 85' lang='lat' dir='ltr'><strong>ZIGABENI</strong></span> <span class='ocrx_word' id='word_1_4' title='bbox 3691 388 3764 456; x_wconf 79' lang='lat' dir='ltr'><strong>to</strong></span> 
     </span>
    </p>
   </div>
   <div class='ocr_carea' id='block_1_2' title="bbox 568 490 2155 569">
    <p class='ocr_par' dir='ltr' id='par_1_2' title="bbox 568 490 2155 563">
     <span class='ocr_line' id='line_1_2' title="bbox 568 490 2155 563; baseline 0 -14"><span class='ocrx_word' id='word_1_5' title='bbox 568 492 955 549; x_wconf 74' lang='lat' dir='ltr'><strong>ISMAELITA.</strong></span> <span class='ocrx_word' id='word_1_6' title='bbox 988 491 1185 563; x_wconf 88' lang='lat' dir='ltr'><strong>Utique</strong></span> <span class='ocrx_word' id='word_1_7' title='bbox 1218 492 1297 549; x_wconf 84' lang='lat' dir='ltr'><strong>sic</strong></span> <span class='ocrx_word' id='word_1_8' title='bbox 1336 506 1460 548; x_wconf 88' lang='lat' dir='ltr'><strong>eum</strong></span> <span class='ocrx_word' id='word_1_9' title='bbox 1487 490 1611 547; x_wconf 85' lang='lat' dir='ltr'><strong>dico</strong></span> <span class='ocrx_word' id='word_1_10' title='bbox 1632 490 1699 547; x_wconf 83' lang='lat'><strong>&quot;.</strong></span> <span class='ocrx_word' id='word_1_11' title='bbox 1886 545 1891 549; x_wconf 86' lang='lat'><strong>.</strong></span> <span class='ocrx_word' id='word_1_12' title='bbox 2113 504 2155 560; x_wconf 71' lang='grc' dir='ltr'>Α</span> 
     </span>
    </p>
   </div>
   <div class='ocr_carea' id='block_1_3' title="bbox 1963 490 3550 569">
    <p class='ocr_par' dir='ltr' id='par_1_3' title="bbox 2113 495 3550 569">
     <span class='ocr_line' id='line_1_3' title="bbox 2113 495 3550 569; baseline 0.006 -20"><span class='ocrx_word' id='word_1_13' title='bbox 2113 504 2159 560; x_wconf 70' lang='grc' dir='ltr'>Α</span> <span class='ocrx_word' id='word_1_14' title='bbox 2279 495 2338 550; x_wconf 87' lang='lat'><strong>&#39;0</strong></span> <span class='ocrx_word' id='word_1_15' title='bbox 2374 496 2824 556; x_wconf 79' lang='grc' dir='ltr'><strong>ΙΣΜΑΗΛΙΤΗΣ.</strong></span> <span class='ocrx_word' id='word_1_16' title='bbox 2872 500 2982 555; x_wconf 72' lang='grc' dir='ltr'><strong>Ναὶ</strong></span> <span class='ocrx_word' id='word_1_17' title='bbox 3004 500 3175 562; x_wconf 80' lang='grc' dir='ltr'>οὕτως</span> <span class='ocrx_word' id='word_1_18' title='bbox 3197 498 3341 569; x_wconf 87' lang='grc' dir='ltr'>λέγω</span> <span class='ocrx_word' id='word_1_19' title='bbox 3368 500 3550 558; x_wconf 80' lang='grc' dir='ltr'>αὐτόν.</span> 
     </span>
    </p>
   </div>
   <div class='ocr_carea' id='block_1_4' title="bbox 567 582 2154 660">
    <p class='ocr_par' dir='ltr' id='par_1_4' title="bbox 567 582 2083 654">
     <span class='ocr_line' id='line_1_4' title="bbox 567 582 2083 654; baseline -0.003 -13"><span class='ocrx_word' id='word_1_20' title='bbox 567 584 677 641; x_wconf 79' lang='lat' dir='ltr'><strong>C‘H.</strong></span> <span class='ocrx_word' id='word_1_21' title='bbox 739 585 920 654; x_wconf 86' lang='lat' dir='ltr'><strong>Ipsum</strong></span> <span class='ocrx_word' id='word_1_22' title='bbox 954 600 1083 639; x_wconf 84' lang='lat' dir='ltr'><strong>vero</strong></span> <span class='ocrx_word' id='word_1_23' title='bbox 1115 584 1306 649; x_wconf 89' lang='lat' dir='ltr'><strong>Deum,</strong></span> <span class='ocrx_word' id='word_1_24' title='bbox 1342 592 1661 641; x_wconf 85' lang='lat' dir='ltr'><strong>creatumne</strong></span> <span class='ocrx_word' id='word_1_25' title='bbox 1696 582 1832 639; x_wconf 87' lang='lat' dir='ltr'><strong>dicis</strong></span> <span class='ocrx_word' id='word_1_26' title='bbox 1881 597 1947 637; x_wconf 88' lang='lat' dir='ltr'><strong>an</strong></span> <span class='ocrx_word' id='word_1_27' title='bbox 1997 583 2083 637; x_wconf 90' lang='lat' dir='ltr'><strong>in-</strong></span> 
     </span>
    </p>
   </div>
   <div class='ocr_carea' id='block_1_5' title="bbox 2032 582 3619 660">
    <p class='ocr_par' dir='ltr' id='par_1_5' title="bbox 2032 588 3619 660">
     <span class='ocr_line' id='line_1_5' title="bbox 2032 588 3619 660; baseline 0.006 -24"><span class='ocrx_word' id='word_1_28' title='bbox 2032 598 2083 636; x_wconf 71' lang='lat' dir='ltr'><strong>t-</strong></span> <span class='ocrx_word' id='word_1_29' title='bbox 2260 591 2328 644; x_wconf 88' lang='grc' dir='ltr'><strong>Χ.</strong></span> <span class='ocrx_word' id='word_1_30' title='bbox 2372 588 2482 643; x_wconf 73' lang='grc' dir='ltr'><strong>Καὶ</strong></span> <span class='ocrx_word' id='word_1_31' title='bbox 2511 590 2602 643; x_wconf 82' lang='grc' dir='ltr'>τὸν</span> <span class='ocrx_word' id='word_1_32' title='bbox 2628 588 2760 643; x_wconf 79' lang='grc' dir='ltr'>Θεὸν</span> <span class='ocrx_word' id='word_1_33' title='bbox 2792 590 3007 645; x_wconf 72' lang='grc' dir='ltr'>κτιστδν</span> <span class='ocrx_word' id='word_1_34' title='bbox 3035 590 3236 659; x_wconf 86' lang='grc' dir='ltr'>λέγεις,</span> <span class='ocrx_word' id='word_1_35' title='bbox 3266 590 3298 660; x_wconf 83' lang='grc' dir='ltr'>ἢ</span> <span class='ocrx_word' id='word_1_36' title='bbox 3330 589 3619 657; x_wconf 74' lang='grc' dir='ltr'>ἄκτιοτονς</span> 
     </span>
    </p>
   </div>
   <div class='ocr_carea' id='block_1_6' title="bbox 500 676 793 731">
    <p class='ocr_par' dir='ltr' id='par_1_6' title="bbox 500 676 793 731">
     <span class='ocr_line' id='line_1_6' title="bbox 500 676 793 731; baseline -0.003 -1"><span class='ocrx_word' id='word_1_37' title='bbox 500 684 746 731; x_wconf 88' lang='lat' dir='ltr'><strong>creatum</strong></span> <span class='ocrx_word' id='word_1_38' title='bbox 770 676 793 729; x_wconf 71' lang='grc' dir='ltr'>ἲ</span> 
     </span>
    </p>
   </div>
   <div class='ocr_carea' id='block_1_7' title="bbox 571 767 2158 839">
    <p class='ocr_par' dir='ltr' id='par_1_7' title="bbox 571 767 1268 822">
     <span class='ocr_line' id='line_1_7' title="bbox 571 767 1268 822; baseline -0.001 -1"><span class='ocrx_word' id='word_1_39' title='bbox 571 768 589 821; x_wconf 90' lang='grc' dir='ltr'><strong>Ι</strong></span> <span class='ocrx_word' id='word_1_40' title='bbox 611 768 799 822; x_wconf 91' lang='lat' dir='ltr'><strong>.Deum</strong></span> <span class='ocrx_word' id='word_1_41' title='bbox 836 768 1135 822; x_wconf 82' lang='lat' dir='ltr'><strong>incrcatum</strong></span> <span class='ocrx_word' id='word_1_42' title='bbox 1163 767 1268 821; x_wconf 87' lang='lat' dir='ltr'><strong>aio.</strong></span> 
     </span>
    </p>
   </div>
   <div class='ocr_carea' id='block_1_8' title="bbox 1533 767 3120 839">
    <p class='ocr_par' dir='ltr' id='par_1_8' title="bbox 2263 770 3120 839">
     <span class='ocr_line' id='line_1_8' title="bbox 2263 770 3120 839; baseline 0.002 -16"><span class='ocrx_word' id='word_1_43' title='bbox 2263 772 2305 823; x_wconf 89' lang='grc'><strong>1.</strong></span> <span class='ocrx_word' id='word_1_44' title='bbox 2344 771 2632 823; x_wconf 78' lang='grc' dir='ltr'>’Δκτιστον</span> <span class='ocrx_word' id='word_1_45' title='bbox 2665 770 2807 839; x_wconf 85' lang='grc' dir='ltr'>λέγω</span> <span class='ocrx_word' id='word_1_46' title='bbox 2839 771 2928 824; x_wconf 77' lang='grc' dir='ltr'>τὸν</span> <span class='ocrx_word' id='word_1_47' title='bbox 2965 770 3120 825; x_wconf 87' lang='grc' dir='ltr'>Θεόν.</span> 
     </span>
    </p>
   </div>
   <div class='ocr_carea' id='block_1_9' title="bbox 571 854 2158 932">
    <p class='ocr_par' dir='ltr' id='par_1_9' title="bbox 571 854 2084 928">
     <span class='ocr_line' id='line_1_9' title="bbox 571 854 2084 928; baseline -0.002 -17"><span class='ocrx_word' id='word_1_48' title='bbox 571 858 681 912; x_wconf 90' lang='lat' dir='ltr'><strong>Cll.</strong></span> <span class='ocrx_word' id='word_1_49' title='bbox 730 859 1036 927; x_wconf 88' lang='lat' dir='ltr'><strong>Spiritalem</strong></span> <span class='ocrx_word' id='word_1_50' title='bbox 1082 858 1520 928; x_wconf 80' lang='lat' dir='ltr'><strong>.rationaleinque</strong></span> <span class='ocrx_word' id='word_1_51' title='bbox 1582 855 1723 913; x_wconf 85' lang='lat' dir='ltr'><strong>dicis</strong></span> <span class='ocrx_word' id='word_1_52' title='bbox 1781 854 1976 920; x_wconf 88' lang='lat' dir='ltr'><strong>Deum,</strong></span> <span class='ocrx_word' id='word_1_53' title='bbox 2014 870 2084 910; x_wconf 88' lang='lat' dir='ltr'><strong>an</strong></span> 
     </span>
    </p>
   </div>
   <div class='ocr_carea' id='block_1_10' title="bbox 2170 854 3757 932">
    <p class='ocr_par' dir='ltr' id='par_1_10' title="bbox 2258 860 3757 932">
     <span class='ocr_line' id='line_1_10' title="bbox 2258 860 3757 932; baseline 0.001 -17"><span class='ocrx_word' id='word_1_54' title='bbox 2258 862 2325 915; x_wconf 84' lang='lat' dir='ltr'><strong>X.</strong></span> <span class='ocrx_word' id='word_1_55' title='bbox 2362 861 2648 932; x_wconf 86' lang='grc' dir='ltr'>Ἔμπνουν</span> <span class='ocrx_word' id='word_1_56' title='bbox 2677 862 2772 916; x_wconf 81' lang='grc' dir='ltr'>καὶ</span> <span class='ocrx_word' id='word_1_57' title='bbox 2811 860 3029 930; x_wconf 74' lang='grc' dir='ltr'>λογικὸν</span> <span class='ocrx_word' id='word_1_58' title='bbox 3054 861 3244 916; x_wconf 84' lang='grc' dir='ltr'>τοῦτον</span> <span class='ocrx_word' id='word_1_59' title='bbox 3268 862 3361 918; x_wconf 82' lang='grc' dir='ltr'>τὸν</span> <span class='ocrx_word' id='word_1_60' title='bbox 3384 860 3514 917; x_wconf 78' lang='grc' dir='ltr'>Θεὸν</span> <span class='ocrx_word' id='word_1_61' title='bbox 3548 862 3725 932; x_wconf 87' lang='grc' dir='ltr'>λέγεις</span> <span class='ocrx_word' id='word_1_62' title='bbox 3744 904 3757 929; x_wconf 90' lang='grc'><strong>,</strong></span> 
     </span>
    </p>
   </div>
   <div class='ocr_carea' id='block_1_11' title="bbox 501 951 2356 1024">
    <p class='ocr_par' dir='ltr' id='par_1_11' title="bbox 501 951 2356 1024">
     <span class='ocr_line' id='line_1_11' title="bbox 501 951 2356 1024; baseline 0.001 -21"><span class='ocrx_word' id='word_1_63' title='bbox 501 951 854 1024; x_wconf 32' lang='lat' dir='ltr'><strong>secus?_‘_</strong></span> <span class='ocrx_word' id='word_1_64' title='bbox 1164 1022 1172 1024; x_wconf 20' lang='grc' dir='ltr'><em>Α</em></span> <span class='ocrx_word' id='word_1_65' title='bbox 1514 1019 1525 1024; x_wconf 28' lang='grc' dir='ltr'><strong>Α</strong></span> <span class='ocrx_word' id='word_1_66' title='bbox 2188 951 2356 1024; x_wconf 58' lang='lat' dir='ltr'><strong>iob;</strong></span> 
     </span>
    </p>
   </div>
   <div class='ocr_carea' id='block_1_12' title="bbox 570 1018 1585 1089">
    <p class='ocr_par' dir='ltr' id='par_1_12' title="bbox 570 1018 1585 1089">
     <span class='ocr_line' id='line_1_12' title="bbox 570 1018 1585 1089; baseline 0.003 -18"><span class='ocrx_word' id='word_1_67' title='bbox 570 1018 609 1072; x_wconf 91' lang='grc' dir='ltr'>ι.</span> <span class='ocrx_word' id='word_1_68' title='bbox 640 1020 948 1089; x_wconf 83' lang='lat' dir='ltr'><strong>Spiritalem</strong></span> <span class='ocrx_word' id='word_1_69' title='bbox 973 1036 1037 1076; x_wconf 87' lang='lat' dir='ltr'><strong>ac</strong></span> <span class='ocrx_word' id='word_1_70' title='bbox 1073 1020 1448 1077; x_wconf 77' lang='lat' dir='ltr'><strong>rationabilem</strong></span> <span class='ocrx_word' id='word_1_71' title='bbox 1477 1019 1585 1074; x_wconf 85' lang='lat' dir='ltr'><strong>aio.</strong></span> 
     </span>
    </p>
   </div>
   <div class='ocr_carea' id='block_1_13' title="bbox 2260 1043 3397 1116">
    <p class='ocr_par' dir='ltr' id='par_1_13' title="bbox 2260 1043 3397 1116">
     <span class='ocr_line' id='line_1_13' title="bbox 2260 1043 3397 1116; baseline -0.001 -16"><span class='ocrx_word' id='word_1_72' title='bbox 2260 1049 2305 1101; x_wconf 87' lang='grc' dir='ltr'><strong>Ι.</strong></span> <span class='ocrx_word' id='word_1_73' title='bbox 2342 1046 2623 1116; x_wconf 82' lang='grc' dir='ltr'>Ἐμπνουν</span> <span class='ocrx_word' id='word_1_74' title='bbox 2652 1044 2748 1098; x_wconf 82' lang='grc' dir='ltr'>καὶ</span> <span class='ocrx_word' id='word_1_75' title='bbox 2773 1043 2991 1112; x_wconf 79' lang='grc' dir='ltr'>λογικὸν</span> <span class='ocrx_word' id='word_1_76' title='bbox 3018 1043 3207 1098; x_wconf 87' lang='grc' dir='ltr'>τοῦτον</span> <span class='ocrx_word' id='word_1_77' title='bbox 3234 1045 3397 1115; x_wconf 89' lang='grc' dir='ltr'>λέγω.</span> 
     </span>
    </p>
   </div>
   <div class='ocr_carea' id='block_1_14' title="bbox 572 1109 2089 1191">
    <p class='ocr_par' dir='ltr' id='par_1_14' title="bbox 572 1109 2089 1191">
     <span class='ocr_line' id='line_1_14' title="bbox 572 1109 2089 1191; baseline 0.001 -26"><span class='ocrx_word' id='word_1_78' title='bbox 572 1109 680 1165; x_wconf 82' lang='lat' dir='ltr'><strong>Cll.</strong></span> <span class='ocrx_word' id='word_1_79' title='bbox 733 1112 845 1181; x_wconf 85' lang='lat' dir='ltr'><strong>Age</strong></span> <span class='ocrx_word' id='word_1_80' title='bbox 922 1128 1049 1167; x_wconf 88' lang='lat' dir='ltr'><strong>vero</strong></span> <span class='ocrx_word' id='word_1_81' title='bbox 1106 1113 1354 1167; x_wconf 89' lang='lat' dir='ltr'><strong>Chistum</strong></span> <span class='ocrx_word' id='word_1_82' title='bbox 1424 1112 1663 1167; x_wconf 80' lang='lat' dir='ltr'><strong>Verbum</strong></span> <span class='ocrx_word' id='word_1_83' title='bbox 1698 1109 2089 1191; x_wconf 30' lang='lat' dir='ltr'><strong>‘Spiritumque</strong></span> 
     </span>
    </p>
   </div>
   <div class='ocr_carea' id='block_1_15' title="bbox 2260 1134 3759 1206">
    <p class='ocr_par' dir='ltr' id='par_1_15' title="bbox 2260 1134 3759 1206">
     <span class='ocr_line' id='line_1_15' title="bbox 2260 1134 3759 1206; baseline -0.001 -15"><span class='ocrx_word' id='word_1_84' title='bbox 2260 1139 2329 1191; x_wconf 83' lang='lat' dir='ltr'><strong>X.</strong></span> <span class='ocrx_word' id='word_1_85' title='bbox 2364 1139 2473 1191; x_wconf 79' lang='grc' dir='ltr'><strong>Καὶ</strong></span> <span class='ocrx_word' id='word_1_86' title='bbox 2501 1138 2591 1189; x_wconf 82' lang='grc' dir='ltr'>τὸν</span> <span class='ocrx_word' id='word_1_87' title='bbox 2614 1135 2850 1206; x_wconf 79' lang='grc' dir='ltr'>Χριστὸν</span> <span class='ocrx_word' id='word_1_88' title='bbox 2892 1134 3064 1202; x_wconf 86' lang='grc' dir='ltr'>Λόγον</span> <span class='ocrx_word' id='word_1_89' title='bbox 3097 1137 3190 1189; x_wconf 85' lang='grc' dir='ltr'><strong>καί</strong></span> <span class='ocrx_word' id='word_1_90' title='bbox 3219 1135 3445 1206; x_wconf 80' lang='grc' dir='ltr'>Πνεῦμα</span> <span class='ocrx_word' id='word_1_91' title='bbox 3474 1134 3569 1189; x_wconf 91' lang='grc' dir='ltr'><strong>τοῦ</strong></span> <span class='ocrx_word' id='word_1_92' title='bbox 3595 1135 3759 1190; x_wconf 82' lang='grc' dir='ltr'>αὐτοῦ</span> 
     </span>
    </p>
   </div>
   <div class='ocr_carea' id='block_1_16' title="bbox 505 1199 2092 1299">
    <p class='ocr_par' dir='ltr' id='par_1_16' title="bbox 505 1199 2081 1274">
     <span class='ocr_line' id='line_1_16' title="bbox 505 1199 2081 1274; baseline 0.001 -21"><span class='ocrx_word' id='word_1_93' title='bbox 505 1199 667 1270; x_wconf 82' lang='lat' dir='ltr'><strong>hujus</strong></span> <span class='ocrx_word' id='word_1_94' title='bbox 692 1202 781 1255; x_wconf 85' lang='lat' dir='ltr'><strong>Dei</strong></span> <span class='ocrx_word' id='word_1_95' title='bbox 813 1203 1059 1269; x_wconf 88' lang='lat' dir='ltr'><strong>increati,</strong></span> <span class='ocrx_word' id='word_1_96' title='bbox 1096 1203 1357 1274; x_wconf 74' lang='lat' dir='ltr'><strong>spiritalis</strong></span> <span class='ocrx_word' id='word_1_97' title='bbox 1388 1218 1452 1257; x_wconf 90' lang='lat' dir='ltr'><strong>ac</strong></span> <span class='ocrx_word' id='word_1_98' title='bbox 1481 1201 1761 1256; x_wconf 72' lang='lat' dir='ltr'><strong>rationalis</strong></span> <span class='ocrx_word' id='word_1_99' title='bbox 1816 1200 1978 1265; x_wconf 86' lang='lat' dir='ltr'><strong>dicis.</strong></span> <span class='ocrx_word' id='word_1_100' title='bbox 2011 1216 2081 1255; x_wconf 91' lang='lat' dir='ltr'><strong>an</strong></span> 
     </span>
    </p>
   </div>
   <div class='ocr_carea' id='block_1_17' title="bbox 2173 1199 3760 1299">
    <p class='ocr_par' dir='ltr' id='par_1_17' title="bbox 2188 1199 3760 1299">
     <span class='ocr_line' id='line_1_17' title="bbox 2188 1199 3760 1299; baseline -0.001 -15"><span class='ocrx_word' id='word_1_101' title='bbox 2188 1229 2322 1284; x_wconf 87' lang='grc' dir='ltr'>Θεοῦ</span> <span class='ocrx_word' id='word_1_102' title='bbox 2350 1229 2528 1297; x_wconf 85' lang='grc' dir='ltr'>λέγεις</span> <span class='ocrx_word' id='word_1_103' title='bbox 2555 1228 2650 1282; x_wconf 86' lang='grc' dir='ltr'><strong>τοῦ</strong></span> <span class='ocrx_word' id='word_1_104' title='bbox 2666 1199 2938 1282; x_wconf 39' lang='grc' dir='ltr'>,ἀκτίστου</span> <span class='ocrx_word' id='word_1_105' title='bbox 2968 1199 3061 1280; x_wconf 80' lang='grc' dir='ltr'>καὶ</span> <span class='ocrx_word' id='word_1_106' title='bbox 3089 1227 3294 1299; x_wconf 79' lang='grc' dir='ltr'>ἐμπνου</span> <span class='ocrx_word' id='word_1_107' title='bbox 3335 1199 3431 1283; x_wconf 74' lang='grc' dir='ltr'>καὶ</span> <span class='ocrx_word' id='word_1_108' title='bbox 3459 1230 3701 1299; x_wconf 82' lang='grc' dir='ltr'>λογικοῦ,</span> <span class='ocrx_word' id='word_1_109' title='bbox 3726 1228 3760 1298; x_wconf 74' lang='grc' dir='ltr'>ἢ</span> 
     </span>
    </p>
   </div>
   <div class='ocr_carea' id='block_1_18' title="bbox 501 1293 2088 1385">
    <p class='ocr_par' dir='ltr' id='par_1_18' title="bbox 501 1293 901 1348">
     <span class='ocr_line' id='line_1_18' title="bbox 501 1293 901 1348; baseline 0.005 -2"><span class='ocrx_word' id='word_1_110' title='bbox 501 1293 730 1348; x_wconf 73' lang='lat' dir='ltr'><strong>alterius</strong></span> <span class='ocrx_word' id='word_1_111' title='bbox 765 1293 901 1348; x_wconf 80' lang='lat' dir='ltr'><strong>Dei?</strong></span> 
     </span>
    </p>
   </div>
   <div class='ocr_carea' id='block_1_19' title="bbox 961 1293 2548 1385">
    <p class='ocr_par' dir='ltr' id='par_1_19' title="bbox 1004 1293 2548 1385">
     <span class='ocr_line' id='line_1_19' title="bbox 1004 1293 2548 1385; baseline -0.003 -8"><span class='ocrx_word' id='word_1_112' title='bbox 1004 1382 1013 1385; x_wconf 82' lang='lat'><strong><em>_</em></strong></span> <span class='ocrx_word' id='word_1_113' title='bbox 1208 1380 1234 1385; x_wconf 65' lang='grc'><em>,</em></span> <span class='ocrx_word' id='word_1_114' title='bbox 1285 1379 1295 1385; x_wconf 74' lang='grc'><em>,</em></span> <span class='ocrx_word' id='word_1_115' title='bbox 1334 1380 1347 1385; x_wconf 93' lang='lat'><em>_</em></span> <span class='ocrx_word' id='word_1_116' title='bbox 1678 1377 1713 1385; x_wconf 88' lang='lat'><strong>__</strong></span> <span class='ocrx_word' id='word_1_117' title='bbox 2189 1321 2348 1377; x_wconf 77' lang='grc' dir='ltr'>ἄλλου</span> <span class='ocrx_word' id='word_1_118' title='bbox 2377 1293 2548 1385; x_wconf 68' lang='lat' dir='ltr'><strong>esas;</strong></span> 
     </span>
    </p>
   </div>
   <div class='ocr_carea' id='block_1_20' title="bbox 572 1377 2083 1452">
    <p class='ocr_par' dir='ltr' id='par_1_20' title="bbox 572 1377 2083 1452">
     <span class='ocr_line' id='line_1_20' title="bbox 572 1377 2083 1452; baseline -0.003 -18"><span class='ocrx_word' id='word_1_119' title='bbox 572 1380 613 1435; x_wconf 89' lang='grc' dir='ltr'><strong>Ι.</strong></span> <span class='ocrx_word' id='word_1_120' title='bbox 650 1382 895 1437; x_wconf 78' lang='lat' dir='ltr'><strong>Profecto</strong></span> <span class='ocrx_word' id='word_1_121' title='bbox 924 1382 1153 1452; x_wconf 86' lang='lat' dir='ltr'><strong>hujusce</strong></span> <span class='ocrx_word' id='word_1_122' title='bbox 1204 1379 1298 1435; x_wconf 89' lang='lat' dir='ltr'><strong>Dei</strong></span> <span class='ocrx_word' id='word_1_123' title='bbox 1334 1380 1480 1434; x_wconf 90' lang='lat' dir='ltr'><strong>hunc</strong></span> <span class='ocrx_word' id='word_1_124' title='bbox 1507 1393 1630 1435; x_wconf 86' lang='lat' dir='ltr'><strong>esse</strong></span> <span class='ocrx_word' id='word_1_125' title='bbox 1662 1377 1785 1433; x_wconf 86' lang='lat' dir='ltr'><strong>dico</strong></span> <span class='ocrx_word' id='word_1_126' title='bbox 1838 1385 1894 1432; x_wconf 90' lang='lat' dir='ltr'><strong>et</strong></span> <span class='ocrx_word' id='word_1_127' title='bbox 1948 1391 2083 1432; x_wconf 85' lang='lat' dir='ltr'><strong>con-</strong></span> 
     </span>
    </p>
   </div>
   <div class='ocr_carea' id='block_1_21' title="bbox 503 1475 680 1531">
    <p class='ocr_par' dir='ltr' id='par_1_21' title="bbox 503 1475 680 1531">
     <span class='ocr_line' id='line_1_21' title="bbox 503 1475 680 1531; baseline 0.011 -3"><span class='ocrx_word' id='word_1_128' title='bbox 503 1475 680 1531; x_wconf 90' lang='lat' dir='ltr'><strong>fiteor.</strong></span> 
     </span>
    </p>
   </div>
   <div class='ocr_carea' id='block_1_22' title="bbox 569 1567 2156 1642">
    <p class='ocr_par' dir='ltr' id='par_1_22' title="bbox 569 1570 2089 1642">
     <span class='ocr_line' id='line_1_22' title="bbox 569 1570 2089 1642; baseline 0.001 -18"><span class='ocrx_word' id='word_1_129' title='bbox 569 1570 682 1625; x_wconf 90' lang='lat' dir='ltr'><strong>CH.</strong></span> <span class='ocrx_word' id='word_1_130' title='bbox 711 1571 991 1642; x_wconf 87' lang='lat' dir='ltr'><strong>Contingit</strong></span> <span class='ocrx_word' id='word_1_131' title='bbox 1012 1573 1215 1642; x_wconf 84' lang='lat' dir='ltr'><strong>itaque,</strong></span> <span class='ocrx_word' id='word_1_132' title='bbox 1262 1572 1480 1627; x_wconf 84' lang='lat' dir='ltr'><strong>utDeus</strong></span> <span class='ocrx_word' id='word_1_133' title='bbox 1507 1570 1805 1638; x_wconf 88' lang='lat' dir='ltr'><strong>increatus,</strong></span> <span class='ocrx_word' id='word_1_134' title='bbox 1838 1571 2089 1641; x_wconf 83' lang='lat' dir='ltr'><strong>spiritua-</strong></span> 
     </span>
    </p>
   </div>
   <div class='ocr_carea' id='block_1_23' title="bbox 2175 1567 3762 1642">
    <p class='ocr_par' dir='ltr' id='par_1_23' title="bbox 2260 1567 3762 1639">
     <span class='ocr_line' id='line_1_23' title="bbox 2260 1567 3762 1639; baseline -0.003 -16"><span class='ocrx_word' id='word_1_135' title='bbox 2260 1571 2330 1624; x_wconf 83' lang='grc' dir='ltr'><strong>Χ.</strong></span> <span class='ocrx_word' id='word_1_136' title='bbox 2362 1570 2471 1623; x_wconf 76' lang='grc' dir='ltr'><strong>Καὶ</strong></span> <span class='ocrx_word' id='word_1_137' title='bbox 2495 1569 2703 1637; x_wconf 89' lang='grc' dir='ltr'>γίνεται</span> <span class='ocrx_word' id='word_1_138' title='bbox 2750 1569 3007 1633; x_wconf 82' lang='grc' dir='ltr'>ἄκτιστος</span> <span class='ocrx_word' id='word_1_139' title='bbox 3049 1570 3181 1633; x_wconf 84' lang='grc' dir='ltr'>Θεδς</span> <span class='ocrx_word' id='word_1_140' title='bbox 3215 1567 3457 1639; x_wconf 76' lang='grc' dir='ltr'><strong>ἔμπνους</strong></span> <span class='ocrx_word' id='word_1_141' title='bbox 3496 1568 3589 1621; x_wconf 74' lang='grc' dir='ltr'><strong>καὶ</strong></span> <span class='ocrx_word' id='word_1_142' title='bbox 3617 1583 3762 1634; x_wconf 67' lang='grc' dir='ltr'>λογι-</span> 
     </span>
    </p>
   </div>
   <div class='ocr_carea' id='block_1_24' title="bbox 502 1657 2089 1735">
    <p class='ocr_par' dir='ltr' id='par_1_24' title="bbox 502 1662 2088 1735">
     <span class='ocr_line' id='line_1_24' title="bbox 502 1662 2088 1735; baseline 0.001 -20"><span class='ocrx_word' id='word_1_143' title='bbox 502 1662 571 1715; x_wconf 90' lang='lat' dir='ltr'><strong>lis</strong></span> <span class='ocrx_word' id='word_1_144' title='bbox 628 1679 691 1717; x_wconf 93' lang='lat' dir='ltr'><strong>ac</strong></span> <span class='ocrx_word' id='word_1_145' title='bbox 740 1666 1062 1730; x_wconf 86' lang='lat' dir='ltr'><strong>rationalis,</strong></span> <span class='ocrx_word' id='word_1_146' title='bbox 1116 1676 1176 1719; x_wconf 92' lang='lat' dir='ltr'><strong>ut</strong></span> <span class='ocrx_word' id='word_1_147' title='bbox 1220 1665 1419 1735; x_wconf 85' lang='lat' dir='ltr'><strong>inquis,</strong></span> <span class='ocrx_word' id='word_1_148' title='bbox 1452 1674 1619 1735; x_wconf 91' lang='lat' dir='ltr'><strong>utque</strong></span> <span class='ocrx_word' id='word_1_149' title='bbox 1685 1664 1791 1718; x_wconf 92' lang='lat' dir='ltr'><strong>dici</strong></span> <span class='ocrx_word' id='word_1_150' title='bbox 1835 1678 1933 1733; x_wconf 89' lang='lat' dir='ltr'><strong>par</strong></span> <span class='ocrx_word' id='word_1_151' title='bbox 1983 1670 2088 1728; x_wconf 84' lang='lat' dir='ltr'><strong>est,</strong></span> 
     </span>
    </p>
   </div>
   <div class='ocr_carea' id='block_1_25' title="bbox 2172 1657 3759 1735">
    <p class='ocr_par' dir='ltr' id='par_1_25' title="bbox 2190 1657 3759 1732">
     <span class='ocr_line' id='line_1_25' title="bbox 2190 1657 3759 1732; baseline -0.002 -18"><span class='ocrx_word' id='word_1_152' title='bbox 2190 1661 2304 1727; x_wconf 71' lang='grc' dir='ltr'>κδς,</span> <span class='ocrx_word' id='word_1_153' title='bbox 2343 1662 2417 1722; x_wconf 81' lang='grc' dir='ltr'>ὡς</span> <span class='ocrx_word' id='word_1_154' title='bbox 2458 1660 2660 1729; x_wconf 87' lang='grc' dir='ltr'>λέγεις,</span> <span class='ocrx_word' id='word_1_155' title='bbox 2696 1662 2839 1713; x_wconf 75' lang='grc' dir='ltr'>καθὰ</span> <span class='ocrx_word' id='word_1_156' title='bbox 2868 1661 2969 1726; x_wconf 75' lang='grc' dir='ltr'>ἔνι,</span> <span class='ocrx_word' id='word_1_157' title='bbox 3022 1661 3166 1732; x_wconf 65' lang='grc' dir='ltr'>ἔχειν</span> <span class='ocrx_word' id='word_1_158' title='bbox 3197 1660 3368 1728; x_wconf 83' lang='grc' dir='ltr'><strong>Λόγον</strong></span> <span class='ocrx_word' id='word_1_159' title='bbox 3400 1661 3494 1713; x_wconf 75' lang='grc' dir='ltr'><strong>καὶ</strong></span> <span class='ocrx_word' id='word_1_160' title='bbox 3538 1657 3759 1728; x_wconf 78' lang='grc' dir='ltr'><strong>Πνεῦμα</strong></span> 
     </span>
    </p>
   </div>
   <div class='ocr_carea' id='block_1_26' title="bbox 504 1751 2091 1828">
    <p class='ocr_par' dir='ltr' id='par_1_26' title="bbox 504 1755 2082 1828">
     <span class='ocr_line' id='line_1_26' title="bbox 504 1755 2082 1828; baseline 0.001 -19"><span class='ocrx_word' id='word_1_161' title='bbox 504 1755 738 1810; x_wconf 84' lang='lat' dir='ltr'><strong>Verbum</strong></span> <span class='ocrx_word' id='word_1_162' title='bbox 769 1758 963 1812; x_wconf 81' lang='lat' dir='ltr'><strong>habeat</strong></span> <span class='ocrx_word' id='word_1_163' title='bbox 993 1764 1050 1812; x_wconf 88' lang='lat' dir='ltr'><strong>et</strong></span> <span class='ocrx_word' id='word_1_164' title='bbox 1099 1758 1358 1828; x_wconf 77' lang='lat' dir='ltr'><strong>Spiritum</strong></span> <span class='ocrx_word' id='word_1_165' title='bbox 1397 1758 1725 1812; x_wconf 86' lang='lat' dir='ltr'><strong>increatum.</strong></span> <span class='ocrx_word' id='word_1_166' title='bbox 1758 1756 1900 1812; x_wconf 86' lang='lat' dir='ltr'><strong>Ecce</strong></span> <span class='ocrx_word' id='word_1_167' title='bbox 1936 1755 2082 1811; x_wconf 91' lang='lat' dir='ltr'><strong>enim</strong></span> 
     </span>
    </p>
   </div>
   <div class='ocr_carea' id='block_1_27' title="bbox 2175 1751 3762 1828">
    <p class='ocr_par' dir='ltr' id='par_1_27' title="bbox 2189 1751 3762 1823">
     <span class='ocr_line' id='line_1_27' title="bbox 2189 1751 3762 1823; baseline -0.004 -15"><span class='ocrx_word' id='word_1_168' title='bbox 2189 1754 2404 1808; x_wconf 79' lang='grc' dir='ltr'>κτιστόν</span> <span class='ocrx_word' id='word_1_169' title='bbox 2427 1771 2440 1784; x_wconf 83' lang='grc'><em>’</em></span> <span class='ocrx_word' id='word_1_170' title='bbox 2472 1753 2579 1807; x_wconf 80' lang='grc' dir='ltr'>ίδοῦ</span> <span class='ocrx_word' id='word_1_171' title='bbox 2608 1753 2891 1823; x_wconf 82' lang='grc' dir='ltr'><strong>ὁμολογεῖς</strong></span> <span class='ocrx_word' id='word_1_172' title='bbox 2916 1752 3048 1805; x_wconf 82' lang='grc' dir='ltr'><strong>Θεὸν</strong></span> <span class='ocrx_word' id='word_1_173' title='bbox 3078 1754 3355 1817; x_wconf 76' lang='grc' dir='ltr'>ᾶκτιστον,</span> <span class='ocrx_word' id='word_1_174' title='bbox 3399 1751 3643 1822; x_wconf 73' lang='grc' dir='ltr'>ἔμπνουν</span> <span class='ocrx_word' id='word_1_175' title='bbox 3671 1752 3762 1803; x_wconf 78' lang='grc' dir='ltr'>καὶ</span> 
     </span>
    </p>
   </div>
   <div class='ocr_carea' id='block_1_28' title="bbox 505 1841 2092 1918">
    <p class='ocr_par' dir='ltr' id='par_1_28' title="bbox 505 1849 2083 1918">
     <span class='ocr_line' id='line_1_28' title="bbox 505 1849 2083 1918; baseline 0 -16"><span class='ocrx_word' id='word_1_176' title='bbox 505 1862 628 1902; x_wconf 85' lang='lat' dir='ltr'><strong>cum</strong></span> <span class='ocrx_word' id='word_1_177' title='bbox 678 1849 897 1904; x_wconf 80' lang='lat' dir='ltr'><strong>fatearis</strong></span> <span class='ocrx_word' id='word_1_178' title='bbox 953 1851 1118 1904; x_wconf 90' lang='lat' dir='ltr'><strong>Deum</strong></span> <span class='ocrx_word' id='word_1_179' title='bbox 1173 1853 1473 1903; x_wconf 84' lang='lat' dir='ltr'><strong>increatum</strong></span> <span class='ocrx_word' id='word_1_180' title='bbox 1527 1849 1617 1912; x_wconf 79' lang='lat'><strong>“,</strong></span> <span class='ocrx_word' id='word_1_181' title='bbox 1665 1849 1960 1918; x_wconf 88' lang='lat' dir='ltr'><strong>spiritalem</strong></span> <span class='ocrx_word' id='word_1_182' title='bbox 2018 1864 2083 1902; x_wconf 88' lang='lat' dir='ltr'><strong>ac</strong></span> 
     </span>
    </p>
   </div>
   <div class='ocr_carea' id='block_1_29' title="bbox 2172 1841 3759 1918">
    <p class='ocr_par' dir='ltr' id='par_1_29' title="bbox 2192 1841 3759 1913">
     <span class='ocr_line' id='line_1_29' title="bbox 2192 1841 3759 1913; baseline -0.002 -16"><span class='ocrx_word' id='word_1_183' title='bbox 2192 1845 2438 1913; x_wconf 77' lang='grc' dir='ltr'>λογικόνο</span> <span class='ocrx_word' id='word_1_184' title='bbox 2491 1846 2614 1897; x_wconf 73' lang='grc' dir='ltr'>ἐπεὶ</span> <span class='ocrx_word' id='word_1_185' title='bbox 2661 1844 2717 1897; x_wconf 75' lang='grc' dir='ltr'>δὲ</span> <span class='ocrx_word' id='word_1_186' title='bbox 2760 1844 2850 1898; x_wconf 83' lang='grc' dir='ltr'>τὸν</span> <span class='ocrx_word' id='word_1_187' title='bbox 2881 1845 3053 1911; x_wconf 86' lang='grc' dir='ltr'>Λόγον</span> <span class='ocrx_word' id='word_1_188' title='bbox 3082 1844 3267 1896; x_wconf 80' lang='grc' dir='ltr'>καὶτὸ</span> <span class='ocrx_word' id='word_1_189' title='bbox 3322 1841 3548 1913; x_wconf 82' lang='grc' dir='ltr'>Πνεῦμα</span> <span class='ocrx_word' id='word_1_190' title='bbox 3598 1841 3759 1895; x_wconf 78' lang='grc' dir='ltr'>αὐτοῦ</span> 
     </span>
    </p>
   </div>
   <div class='ocr_carea' id='block_1_30' title="bbox 506 1928 2093 2011">
    <p class='ocr_par' dir='ltr' id='par_1_30' title="bbox 506 1940 2081 2011">
     <span class='ocr_line' id='line_1_30' title="bbox 506 1940 2081 2011; baseline 0.001 -19"><span class='ocrx_word' id='word_1_191' title='bbox 506 1940 863 2006; x_wconf 86' lang='lat' dir='ltr'><strong>rationalem;</strong></span> <span class='ocrx_word' id='word_1_192' title='bbox 898 1950 1081 2009; x_wconf 86' lang='lat' dir='ltr'><strong>postea</strong></span> <span class='ocrx_word' id='word_1_193' title='bbox 1130 1956 1260 1995; x_wconf 74' lang='lat' dir='ltr'><strong>vero</strong></span> <span class='ocrx_word' id='word_1_194' title='bbox 1293 1940 1527 1995; x_wconf 82' lang='lat' dir='ltr'><strong>Verhum</strong></span> <span class='ocrx_word' id='word_1_195' title='bbox 1559 1942 1677 2011; x_wconf 87' lang='lat' dir='ltr'><strong>ejus</strong></span> <span class='ocrx_word' id='word_1_196' title='bbox 1702 1955 1765 1994; x_wconf 90' lang='lat' dir='ltr'><strong>ac</strong></span> <span class='ocrx_word' id='word_1_197' title='bbox 1816 1940 2081 2008; x_wconf 88' lang='lat' dir='ltr'><strong>Spiritum</strong></span> 
     </span>
    </p>
   </div>
   <div class='ocr_carea' id='block_1_31' title="bbox 2174 1928 3761 2011">
    <p class='ocr_par' dir='ltr' id='par_1_31' title="bbox 2190 1928 3761 2007">
     <span class='ocr_line' id='line_1_31' title="bbox 2190 1928 3761 2007; baseline -0.005 -15"><span class='ocrx_word' id='word_1_198' title='bbox 2190 1938 2408 1993; x_wconf 77' lang='grc' dir='ltr'>κτιστὸν</span> <span class='ocrx_word' id='word_1_199' title='bbox 2469 1935 2671 2005; x_wconf 86' lang='grc' dir='ltr'>λέγεις,</span> <span class='ocrx_word' id='word_1_200' title='bbox 2726 1936 2835 2007; x_wconf 79' lang='grc' dir='ltr'>ἄρα</span> <span class='ocrx_word' id='word_1_201' title='bbox 2886 1934 2981 1987; x_wconf 82' lang='grc' dir='ltr'>καὶ</span> <span class='ocrx_word' id='word_1_202' title='bbox 3031 1928 3185 1999; x_wconf 72' lang='grc' dir='ltr'>οὗτος</span> <span class='ocrx_word' id='word_1_203' title='bbox 3244 1934 3438 2003; x_wconf 78' lang='grc' dir='ltr'>ἄλογός</span> <span class='ocrx_word' id='word_1_204' title='bbox 3494 1934 3611 1985; x_wconf 76' lang='grc' dir='ltr'>ἐστι</span> <span class='ocrx_word' id='word_1_205' title='bbox 3667 1932 3761 1985; x_wconf 68' lang='grc' dir='ltr'>καὶ</span> 
     </span>
    </p>
   </div>
   <div class='ocr_carea' id='block_1_32' title="bbox 2258 1410 3757 1482">
    <p class='ocr_par' dir='ltr' id='par_1_32' title="bbox 2258 1410 3757 1482">
     <span class='ocr_line' id='line_1_32' title="bbox 2258 1410 3757 1482; baseline -0.001 -18"><span class='ocrx_word' id='word_1_206' title='bbox 2258 1413 2301 1466; x_wconf 88' lang='lat' dir='ltr'><strong>I.</strong></span> <span class='ocrx_word' id='word_1_207' title='bbox 2345 1411 2451 1466; x_wconf 71' lang='grc' dir='ltr'><strong>Ναὶ</strong></span> <span class='ocrx_word' id='word_1_208' title='bbox 2482 1411 2575 1464; x_wconf 85' lang='grc' dir='ltr'><strong>τοῦ</strong></span> <span class='ocrx_word' id='word_1_209' title='bbox 2604 1411 2769 1466; x_wconf 80' lang='grc' dir='ltr'>αὑτοῦ</span> <span class='ocrx_word' id='word_1_210' title='bbox 2805 1412 2939 1466; x_wconf 82' lang='grc' dir='ltr'>Θεοῦ</span> <span class='ocrx_word' id='word_1_211' title='bbox 2971 1411 3159 1467; x_wconf 86' lang='grc' dir='ltr'>τοῦτον</span> <span class='ocrx_word' id='word_1_212' title='bbox 3195 1411 3338 1481; x_wconf 85' lang='grc' dir='ltr'>λέγω</span> <span class='ocrx_word' id='word_1_213' title='bbox 3362 1411 3458 1465; x_wconf 81' lang='grc' dir='ltr'>καὶ</span> <span class='ocrx_word' id='word_1_214' title='bbox 3486 1410 3757 1482; x_wconf 81' lang='grc' dir='ltr'>ὁμολογῶ.</span> 
     </span>
    </p>
   </div>
   <div class='ocr_carea' id='block_1_33' title="bbox 506 2027 2093 2103">
    <p class='ocr_par' dir='ltr' id='par_1_33' title="bbox 506 2031 2087 2103">
     <span class='ocr_line' id='line_1_33' title="bbox 506 2031 2087 2103; baseline 0.003 -20"><span class='ocrx_word' id='word_1_215' title='bbox 506 2040 747 2083; x_wconf 88' lang='lat' dir='ltr'><strong>creatum</strong></span> <span class='ocrx_word' id='word_1_216' title='bbox 788 2033 959 2096; x_wconf 88' lang='lat' dir='ltr'><strong>dicas,</strong></span> <span class='ocrx_word' id='word_1_217' title='bbox 1005 2033 1251 2102; x_wconf 85' lang='lat' dir='ltr'><strong>sequitur</strong></span> <span class='ocrx_word' id='word_1_218' title='bbox 1283 2042 1343 2087; x_wconf 89' lang='lat' dir='ltr'><strong>ut</strong></span> <span class='ocrx_word' id='word_1_219' title='bbox 1376 2033 1516 2087; x_wconf 86' lang='lat' dir='ltr'><strong>Dens</strong></span> <span class='ocrx_word' id='word_1_220' title='bbox 1546 2045 1761 2103; x_wconf 89' lang='lat' dir='ltr'><strong>quoque</strong></span> <span class='ocrx_word' id='word_1_221' title='bbox 1797 2031 2087 2087; x_wconf 81' lang='lat' dir='ltr'><strong>irrationa-</strong></span> 
     </span>
    </p>
   </div>
   <div class='ocr_carea' id='block_1_34' title="bbox 1083 2027 2670 2103">
    <p class='ocr_par' dir='ltr' id='par_1_34' title="bbox 1083 2027 2670 2103">
     <span class='ocr_line' id='line_1_34' title="bbox 1083 2027 2670 2103; baseline -0.004 -17"><span class='ocrx_word' id='word_1_222' title='bbox 1083 2033 1251 2102; x_wconf 75' lang='lat' dir='ltr'><strong>juitur</strong></span> <span class='ocrx_word' id='word_1_223' title='bbox 1283 2042 1343 2087; x_wconf 89' lang='lat' dir='ltr'><strong>ut</strong></span> <span class='ocrx_word' id='word_1_224' title='bbox 1376 2033 1516 2087; x_wconf 86' lang='lat' dir='ltr'><strong>Dens</strong></span> <span class='ocrx_word' id='word_1_225' title='bbox 1546 2045 1761 2103; x_wconf 89' lang='lat' dir='ltr'><strong>quoque</strong></span> <span class='ocrx_word' id='word_1_226' title='bbox 1797 2031 2087 2087; x_wconf 81' lang='lat' dir='ltr'><strong>irrationa-</strong></span> <span class='ocrx_word' id='word_1_227' title='bbox 2191 2030 2415 2093; x_wconf 76' lang='grc' dir='ltr'>ἄπνους,</span> <span class='ocrx_word' id='word_1_228' title='bbox 2450 2044 2504 2082; x_wconf 89' lang='grc' dir='ltr'>κ.</span> <span class='ocrx_word' id='word_1_229' title='bbox 2538 2045 2587 2081; x_wconf 79' lang='grc' dir='ltr'>τ.</span> <span class='ocrx_word' id='word_1_230' title='bbox 2621 2027 2670 2080; x_wconf 90' lang='grc' dir='ltr'><strong>λ.</strong></span> 
     </span>
    </p>
   </div>
   <div class='ocr_carea' id='block_1_35' title="bbox 505 2119 1284 2191">
    <p class='ocr_par' dir='ltr' id='par_1_35' title="bbox 505 2119 1284 2191">
     <span class='ocr_line' id='line_1_35' title="bbox 505 2119 1284 2191; baseline 0.001 -16"><span class='ocrx_word' id='word_1_231' title='bbox 505 2119 575 2175; x_wconf 92' lang='lat' dir='ltr'><strong>lis</strong></span> <span class='ocrx_word' id='word_1_232' title='bbox 601 2135 654 2174; x_wconf 85' lang='lat' dir='ltr'><strong>et</strong></span> <span class='ocrx_word' id='word_1_233' title='bbox 684 2122 801 2176; x_wconf 90' lang='lat' dir='ltr'><strong>sine</strong></span> <span class='ocrx_word' id='word_1_234' title='bbox 825 2122 1016 2191; x_wconf 87' lang='lat' dir='ltr'><strong>spiritu</strong></span> <span class='ocrx_word' id='word_1_235' title='bbox 1053 2124 1144 2189; x_wconf 90' lang='lat' dir='ltr'><strong>sit,</strong></span> <span class='ocrx_word' id='word_1_236' title='bbox 1178 2134 1284 2178; x_wconf 85' lang='lat' dir='ltr'><strong>etc.</strong></span> 
     </span>
    </p>
   </div>
   <div class='ocr_carea' id='block_1_36' title="bbox 581 2204 2168 2287">
    <p class='ocr_par' dir='ltr' id='par_1_36' title="bbox 581 2213 2092 2287">
     <span class='ocr_line' id='line_1_36' title="bbox 581 2213 2092 2287; baseline 0.006 -25"><span class='ocrx_word' id='word_1_237' title='bbox 581 2214 619 2269; x_wconf 91' lang='lat' dir='ltr'><strong>I.</strong></span> <span class='ocrx_word' id='word_1_238' title='bbox 650 2213 869 2268; x_wconf 77' lang='lat' dir='ltr'><strong>Mariam</strong></span> <span class='ocrx_word' id='word_1_239' title='bbox 914 2215 1122 2271; x_wconf 78' lang='lat' dir='ltr'><strong>dicisne</strong></span> <span class='ocrx_word' id='word_1_240' title='bbox 1175 2217 1457 2287; x_wconf 75' lang='lat' dir='ltr'><strong>virginem,</strong></span> <span class='ocrx_word' id='word_1_241' title='bbox 1503 2224 1558 2271; x_wconf 85' lang='lat' dir='ltr'><strong>et</strong></span> <span class='ocrx_word' id='word_1_242' title='bbox 1610 2216 1814 2287; x_wconf 88' lang='lat' dir='ltr'><strong>absque</strong></span> <span class='ocrx_word' id='word_1_243' title='bbox 1883 2218 2092 2273; x_wconf 91' lang='lat' dir='ltr'><strong>semine</strong></span> 
     </span>
    </p>
   </div>
   <div class='ocr_carea' id='block_1_37' title="bbox 2174 2204 3761 2287">
    <p class='ocr_par' dir='ltr' id='par_1_37' title="bbox 2267 2204 3761 2284">
     <span class='ocr_line' id='line_1_37' title="bbox 2267 2204 3761 2284; baseline -0.009 -16"><span class='ocrx_word' id='word_1_244' title='bbox 2267 2217 2310 2268; x_wconf 86' lang='grc'><strong>1.</strong></span> <span class='ocrx_word' id='word_1_245' title='bbox 2373 2214 2485 2284; x_wconf 77' lang='grc' dir='ltr'><strong>Τὴν</strong></span> <span class='ocrx_word' id='word_1_246' title='bbox 2517 2213 2753 2284; x_wconf 68' lang='grc' dir='ltr'>Μαριὰμ</span> <span class='ocrx_word' id='word_1_247' title='bbox 2797 2211 3064 2283; x_wconf 80' lang='grc' dir='ltr'>παρθένον</span> <span class='ocrx_word' id='word_1_248' title='bbox 3104 2209 3306 2275; x_wconf 80' lang='grc' dir='ltr'>λέγεις,</span> <span class='ocrx_word' id='word_1_249' title='bbox 3340 2206 3433 2259; x_wconf 70' lang='grc' dir='ltr'>καὶ</span> <span class='ocrx_word' id='word_1_250' title='bbox 3470 2204 3598 2259; x_wconf 80' lang='grc' dir='ltr'>ἄνευ</span> <span class='ocrx_word' id='word_1_251' title='bbox 3631 2220 3761 2256; x_wconf 88' lang='grc' dir='ltr'>σπο-</span> 
     </span>
    </p>
   </div>
   <div class='ocr_carea' id='block_1_38' title="bbox 508 2293 2095 2380">
    <p class='ocr_par' dir='ltr' id='par_1_38' title="bbox 508 2307 2095 2380">
     <span class='ocr_line' id='line_1_38' title="bbox 508 2307 2095 2380; baseline 0.003 -21"><span class='ocrx_word' id='word_1_252' title='bbox 508 2307 780 2361; x_wconf 87' lang='lat' dir='ltr'><strong>Christum</strong></span> <span class='ocrx_word' id='word_1_253' title='bbox 814 2309 1083 2376; x_wconf 74' lang='lat' dir='ltr'><strong>genuisse,</strong></span> <span class='ocrx_word' id='word_1_254' title='bbox 1126 2318 1181 2364; x_wconf 89' lang='lat' dir='ltr'><strong>et</strong></span> <span class='ocrx_word' id='word_1_255' title='bbox 1223 2320 1506 2380; x_wconf 84' lang='lat' dir='ltr'><strong>postquam</strong></span> <span class='ocrx_word' id='word_1_256' title='bbox 1538 2310 1684 2365; x_wconf 87' lang='lat' dir='ltr'><strong>hunc</strong></span> <span class='ocrx_word' id='word_1_257' title='bbox 1729 2310 1960 2380; x_wconf 89' lang='lat' dir='ltr'><strong>peperit,</strong></span> <span class='ocrx_word' id='word_1_258' title='bbox 1990 2310 2095 2366; x_wconf 80' lang='lat' dir='ltr'><strong>vir-</strong></span> 
     </span>
    </p>
   </div>
   <div class='ocr_carea' id='block_1_39' title="bbox 2175 2293 3762 2380">
    <p class='ocr_par' dir='ltr' id='par_1_39' title="bbox 2201 2293 3762 2373">
     <span class='ocr_line' id='line_1_39' title="bbox 2201 2293 3762 2373; baseline -0.007 -17"><span class='ocrx_word' id='word_1_259' title='bbox 2201 2302 2298 2373; x_wconf 79' lang='grc' dir='ltr'>ρᾶς</span> <span class='ocrx_word' id='word_1_260' title='bbox 2326 2302 2583 2370; x_wconf 76' lang='grc' dir='ltr'>γεννῆσαι</span> <span class='ocrx_word' id='word_1_261' title='bbox 2613 2301 2703 2354; x_wconf 82' lang='grc' dir='ltr'>τὸν</span> <span class='ocrx_word' id='word_1_262' title='bbox 2746 2300 2998 2365; x_wconf 84' lang='grc' dir='ltr'>Χριστὸν,</span> <span class='ocrx_word' id='word_1_263' title='bbox 3030 2299 3125 2353; x_wconf 80' lang='grc' dir='ltr'>καὶ</span> <span class='ocrx_word' id='word_1_264' title='bbox 3153 2297 3334 2361; x_wconf 80' lang='grc' dir='ltr'>πάλιν,</span> <span class='ocrx_word' id='word_1_265' title='bbox 3380 2293 3517 2365; x_wconf 84' lang='grc' dir='ltr'>μετὰ</span> <span class='ocrx_word' id='word_1_266' title='bbox 3549 2293 3610 2345; x_wconf 80' lang='grc' dir='ltr'>τὸ</span> <span class='ocrx_word' id='word_1_267' title='bbox 3638 2309 3762 2359; x_wconf 72' lang='grc' dir='ltr'>γενο</span> 
     </span>
    </p>
   </div>
   <div class='ocr_carea' id='block_1_40' title="bbox 509 2384 2096 2469">
    <p class='ocr_par' dir='ltr' id='par_1_40' title="bbox 509 2398 1360 2469">
     <span class='ocr_line' id='line_1_40' title="bbox 509 2398 1360 2469; baseline 0.004 -18"><span class='ocrx_word' id='word_1_268' title='bbox 509 2398 690 2469; x_wconf 86' lang='lat' dir='ltr'><strong>ginem</strong></span> <span class='ocrx_word' id='word_1_269' title='bbox 723 2403 1108 2469; x_wconf 80' lang='lat' dir='ltr'><strong>permansisse,</strong></span> <span class='ocrx_word' id='word_1_270' title='bbox 1137 2417 1309 2456; x_wconf 87' lang='lat' dir='ltr'><strong>necne</strong></span> <span class='ocrx_word' id='word_1_271' title='bbox 1337 2401 1360 2454; x_wconf 82' lang='lat'><strong>?</strong></span> 
     </span>
    </p>
   </div>
   <div class='ocr_carea' id='block_1_41' title="bbox 1815 2384 3402 2469">
    <p class='ocr_par' dir='ltr' id='par_1_41' title="bbox 2194 2384 3402 2463">
     <span class='ocr_line' id='line_1_41' title="bbox 2194 2384 3402 2463; baseline -0.007 -16"><span class='ocrx_word' id='word_1_272' title='bbox 2194 2395 2351 2463; x_wconf 84' lang='grc' dir='ltr'>νῆσαι</span> <span class='ocrx_word' id='word_1_273' title='bbox 2381 2392 2587 2457; x_wconf 87' lang='grc' dir='ltr'>τοῦτον,</span> <span class='ocrx_word' id='word_1_274' title='bbox 2623 2393 2894 2462; x_wconf 82' lang='grc' dir='ltr'>παρθένον</span> <span class='ocrx_word' id='word_1_275' title='bbox 2936 2391 3218 2461; x_wconf 76' lang='grc' dir='ltr'>μείνασαν,</span> <span class='ocrx_word' id='word_1_276' title='bbox 3244 2387 3275 2458; x_wconf 84' lang='grc' dir='ltr'>ἢ</span> <span class='ocrx_word' id='word_1_277' title='bbox 3306 2384 3402 2449; x_wconf 81' lang='lat'><strong>06;</strong></span> 
     </span>
    </p>
   </div>
   <div class='ocr_carea' id='block_1_42' title="bbox 578 2474 2165 2560">
    <p class='ocr_par' dir='ltr' id='par_1_42' title="bbox 578 2486 2095 2560">
     <span class='ocr_line' id='line_1_42' title="bbox 578 2486 2095 2560; baseline 0 -18"><span class='ocrx_word' id='word_1_278' title='bbox 578 2486 690 2542; x_wconf 82' lang='lat' dir='ltr'><strong>CH.</strong></span> <span class='ocrx_word' id='word_1_279' title='bbox 719 2488 861 2544; x_wconf 90' lang='lat' dir='ltr'><strong>Sane</strong></span> <span class='ocrx_word' id='word_1_280' title='bbox 901 2492 1041 2544; x_wconf 88' lang='lat' dir='ltr'><strong>hanc</strong></span> <span class='ocrx_word' id='word_1_281' title='bbox 1072 2490 1333 2560; x_wconf 79' lang='lat' dir='ltr'><strong>virginem</strong></span> <span class='ocrx_word' id='word_1_282' title='bbox 1364 2490 1507 2557; x_wconf 88' lang='lat' dir='ltr'><strong>dico,</strong></span> <span class='ocrx_word' id='word_1_283' title='bbox 1557 2498 1611 2545; x_wconf 91' lang='lat' dir='ltr'><strong>et</strong></span> <span class='ocrx_word' id='word_1_284' title='bbox 1658 2491 1861 2560; x_wconf 82' lang='lat' dir='ltr'><strong>absque</strong></span> <span class='ocrx_word' id='word_1_285' title='bbox 1887 2489 2095 2544; x_wconf 89' lang='lat' dir='ltr'><strong>semine</strong></span> 
     </span>
    </p>
   </div>
   <div class='ocr_carea' id='block_1_43' title="bbox 2174 2474 3761 2560">
    <p class='ocr_par' dir='ltr' id='par_1_43' title="bbox 2263 2474 3761 2553">
     <span class='ocr_line' id='line_1_43' title="bbox 2263 2474 3761 2553; baseline -0.007 -16"><span class='ocrx_word' id='word_1_286' title='bbox 2263 2485 2333 2537; x_wconf 87' lang='grc' dir='ltr'><strong>Χ.</strong></span> <span class='ocrx_word' id='word_1_287' title='bbox 2374 2483 2485 2537; x_wconf 78' lang='grc' dir='ltr'><strong>Ναὶ</strong></span> <span class='ocrx_word' id='word_1_288' title='bbox 2532 2482 2802 2553; x_wconf 78' lang='grc' dir='ltr'>παρθένον</span> <span class='ocrx_word' id='word_1_289' title='bbox 2840 2484 2983 2550; x_wconf 88' lang='grc' dir='ltr'>λέγω</span> <span class='ocrx_word' id='word_1_290' title='bbox 3010 2479 3233 2548; x_wconf 80' lang='grc' dir='ltr'>ταύτην,</span> <span class='ocrx_word' id='word_1_291' title='bbox 3265 2478 3357 2529; x_wconf 77' lang='grc' dir='ltr'>καὶ</span> <span class='ocrx_word' id='word_1_292' title='bbox 3386 2476 3515 2529; x_wconf 84' lang='grc' dir='ltr'>ἄνευ</span> <span class='ocrx_word' id='word_1_293' title='bbox 3556 2474 3761 2545; x_wconf 79' lang='grc' dir='ltr'>σπορᾶς</span> 
     </span>
    </p>
   </div>
   <div class='ocr_carea' id='block_1_44' title="bbox 507 2566 2094 2652">
    <p class='ocr_par' dir='ltr' id='par_1_44' title="bbox 507 2576 2093 2652">
     <span class='ocr_line' id='line_1_44' title="bbox 507 2576 2093 2652; baseline 0 -20"><span class='ocrx_word' id='word_1_294' title='bbox 507 2576 786 2633; x_wconf 85' lang='lat' dir='ltr'><strong>Christum</strong></span> <span class='ocrx_word' id='word_1_295' title='bbox 815 2582 1067 2649; x_wconf 78' lang='lat' dir='ltr'><strong>genuisse</strong></span> <span class='ocrx_word' id='word_1_296' title='bbox 1102 2597 1118 2648; x_wconf 91' lang='lat'><strong>;</strong></span> <span class='ocrx_word' id='word_1_297' title='bbox 1156 2590 1210 2635; x_wconf 88' lang='lat' dir='ltr'><strong>et</strong></span> <span class='ocrx_word' id='word_1_298' title='bbox 1237 2590 1361 2652; x_wconf 89' lang='lat' dir='ltr'><strong>post</strong></span> <span class='ocrx_word' id='word_1_299' title='bbox 1394 2590 1607 2652; x_wconf 89' lang='lat' dir='ltr'><strong>partum</strong></span> <span class='ocrx_word' id='word_1_300' title='bbox 1670 2582 1931 2652; x_wconf 86' lang='lat' dir='ltr'><strong>virginem</strong></span> <span class='ocrx_word' id='word_1_301' title='bbox 1967 2595 2093 2649; x_wconf 87' lang='lat' dir='ltr'><strong>per-</strong></span> 
     </span>
    </p>
   </div>
   <div class='ocr_carea' id='block_1_45' title="bbox 2172 2566 3759 2652">
    <p class='ocr_par' dir='ltr' id='par_1_45' title="bbox 2190 2566 3759 2646">
     <span class='ocr_line' id='line_1_45' title="bbox 2190 2566 3759 2646; baseline -0.007 -18"><span class='ocrx_word' id='word_1_302' title='bbox 2190 2576 2451 2644; x_wconf 84' lang='grc' dir='ltr'>γεννῆσαι</span> <span class='ocrx_word' id='word_1_303' title='bbox 2474 2577 2565 2627; x_wconf 69' lang='grc' dir='ltr'>τὸν</span> <span class='ocrx_word' id='word_1_304' title='bbox 2594 2573 2852 2646; x_wconf 75' lang='grc' dir='ltr'>Χριστὸν,</span> <span class='ocrx_word' id='word_1_305' title='bbox 2885 2576 2980 2626; x_wconf 72' lang='grc' dir='ltr'>καὶ</span> <span class='ocrx_word' id='word_1_306' title='bbox 3011 2572 3149 2643; x_wconf 72' lang='grc' dir='ltr'>μετὰ</span> <span class='ocrx_word' id='word_1_307' title='bbox 3178 2570 3275 2640; x_wconf 81' lang='grc' dir='ltr'>τὴν</span> <span class='ocrx_word' id='word_1_308' title='bbox 3313 2568 3568 2636; x_wconf 84' lang='grc' dir='ltr'>γέννησιν</span> <span class='ocrx_word' id='word_1_309' title='bbox 3594 2566 3759 2618; x_wconf 76' lang='grc' dir='ltr'>πάλιν</span> 
     </span>
    </p>
   </div>
   <div class='ocr_carea' id='block_1_46' title="bbox 512 2665 2099 2740">
    <p class='ocr_par' dir='ltr' id='par_1_46' title="bbox 512 2673 1036 2739">
     <span class='ocr_line' id='line_1_46' title="bbox 512 2673 1036 2739; baseline 0.008 -16"><span class='ocrx_word' id='word_1_310' title='bbox 512 2684 801 2726; x_wconf 83' lang='lat' dir='ltr'><strong>severasse</strong></span> <span class='ocrx_word' id='word_1_311' title='bbox 836 2673 897 2739; x_wconf 81' lang='lat'><strong>&quot;,</strong></span> <span class='ocrx_word' id='word_1_312' title='bbox 928 2682 1036 2728; x_wconf 90' lang='lat' dir='ltr'><strong>etc.</strong></span> 
     </span>
    </p>
   </div>
   <div class='ocr_carea' id='block_1_47' title="bbox 1418 2665 3005 2740">
    <p class='ocr_par' dir='ltr' id='par_1_47' title="bbox 2193 2665 3005 2740">
     <span class='ocr_line' id='line_1_47' title="bbox 2193 2665 3005 2740; baseline -0.005 -19"><span class='ocrx_word' id='word_1_313' title='bbox 2193 2668 2459 2740; x_wconf 81' lang='grc' dir='ltr'>παρθένον</span> <span class='ocrx_word' id='word_1_314' title='bbox 2487 2668 2773 2739; x_wconf 81' lang='grc' dir='ltr'>μείνασαν,</span> <span class='ocrx_word' id='word_1_315' title='bbox 2795 2683 2851 2721; x_wconf 94' lang='grc' dir='ltr'>κ.</span> <span class='ocrx_word' id='word_1_316' title='bbox 2877 2684 2931 2722; x_wconf 87' lang='grc' dir='ltr'>τ.</span> <span class='ocrx_word' id='word_1_317' title='bbox 2957 2665 3005 2718; x_wconf 88' lang='grc' dir='ltr'>λ.</span> 
     </span>
    </p>
   </div>
   <div class='ocr_carea' id='block_1_48' title="bbox 584 2784 2281 2855">
    <p class='ocr_par' dir='ltr' id='par_1_48' title="bbox 584 2784 2281 2855">
     <span class='ocr_line' id='line_1_48' title="bbox 584 2784 2281 2855; baseline -0.002 -12"><span class='ocrx_word' id='word_1_318' title='bbox 584 2786 627 2817; x_wconf 81' lang='grc'><strong>⁸⁷</strong></span> <span class='ocrx_word' id='word_1_319' title='bbox 664 2787 793 2843; x_wconf 91' lang='lat' dir='ltr'><strong>Sur.</strong></span> <span class='ocrx_word' id='word_1_320' title='bbox 826 2786 917 2852; x_wconf 85' lang='grc' dir='ltr'>ΠΙ,</span> <span class='ocrx_word' id='word_1_321' title='bbox 952 2788 1045 2844; x_wconf 76' lang='grc'><strong>45.</strong></span> <span class='ocrx_word' id='word_1_322' title='bbox 1127 2786 1170 2819; x_wconf 79' lang='grc'>³⁸</span> <span class='ocrx_word' id='word_1_323' title='bbox 1199 2788 1325 2843; x_wconf 85' lang='lat' dir='ltr'><strong>Sur.</strong></span> <span class='ocrx_word' id='word_1_324' title='bbox 1358 2805 1411 2855; x_wconf 84' lang='lat' dir='ltr'><strong>v,</strong></span> <span class='ocrx_word' id='word_1_325' title='bbox 1440 2788 1531 2853; x_wconf 78' lang='grc'><strong>84,</strong></span> <span class='ocrx_word' id='word_1_326' title='bbox 1570 2789 1695 2844; x_wconf 74' lang='grc'><strong>125.</strong></span> <span class='ocrx_word' id='word_1_327' title='bbox 1798 2788 1842 2821; x_wconf 76' lang='grc'><strong>⁸⁵</strong></span> <span class='ocrx_word' id='word_1_328' title='bbox 1874 2786 2001 2841; x_wconf 89' lang='lat' dir='ltr'><strong>Sur.</strong></span> <span class='ocrx_word' id='word_1_329' title='bbox 2042 2800 2151 2851; x_wconf 71' lang='grc' dir='ltr'>ιιι,</span> <span class='ocrx_word' id='word_1_330' title='bbox 2190 2784 2281 2841; x_wconf 78' lang='grc'><strong>91.</strong></span> 
     </span>
    </p>
   </div>
   <div class='ocr_carea' id='block_1_49' title="bbox 526 2956 883 2969">
    <p class='ocr_par' dir='ltr' id='par_1_49' title="bbox 526 2956 883 2969">
     <span class='ocr_line' id='line_1_49' title="bbox 526 2956 883 2969; baseline -0.008 0"><span class='ocrx_word' id='word_1_331' title='bbox 526 2956 883 2969; x_wconf 63' lang='lat'><strong>—_———-</strong></span> 
     </span>
    </p>
   </div>
   <div class='ocr_carea' id='block_1_50' title="bbox 897 2941 3747 2970">
    <p class='ocr_par' dir='ltr' id='par_1_50' title="bbox 897 2941 3747 2970">
     <span class='ocr_line' id='line_1_50' title="bbox 1070 2941 3747 2967; baseline 0 -15"><span class='ocrx_word' id='word_1_332' title='bbox 1070 2941 3747 2967; x_wconf 42' lang='lat' dir='ltr'><strong>Ww—ﬁ</strong></span> 
     </span>
     <span class='ocr_line' id='line_1_51' title="bbox 897 2955 3747 2970; baseline 0.002 -4"><span class='ocrx_word' id='word_1_333' title='bbox 897 2959 1059 2967; x_wconf 43' lang='grc' dir='ltr'><strong>ᾗ..</strong></span> <span class='ocrx_word' id='word_1_334' title='bbox 2391 2955 3747 2970; x_wconf 38' lang='lat' dir='ltr'><strong>,ii———_——.————__</strong></span> 
     </span>
    </p>
   </div>
   <div class='ocr_carea' id='block_1_51' title="bbox 1242 3134 3023 3261">
    <p class='ocr_par' dir='ltr' id='par_1_51' title="bbox 1242 3134 3023 3261">
     <span class='ocr_line' id='line_1_52' title="bbox 1242 3134 3023 3261; baseline -0.006 -3"><span class='ocrx_word' id='word_1_335' title='bbox 1242 3138 2012 3261; x_wconf 86' lang='grc' dir='ltr'><strong>ΕΥΘΥΜΙΟΥ</strong></span> <span class='ocrx_word' id='word_1_336' title='bbox 2144 3134 3023 3252; x_wconf 87' lang='grc' dir='ltr'><strong>ΖΙΓΑΒΗΝΟΥ</strong></span> 
     </span>
    </p>
   </div>
   <div class='ocr_carea' id='block_1_52' title="bbox 1732 3350 2546 3403">
    <p class='ocr_par' dir='ltr' id='par_1_52' title="bbox 1732 3350 2546 3403">
     <span class='ocr_line' id='line_1_53' title="bbox 1732 3350 2546 3403; baseline -0.006 0"><span class='ocrx_word' id='word_1_337' title='bbox 1732 3352 2025 3403; x_wconf 85' lang='grc' dir='ltr'><strong>ΕΛΕΓΧΟΣ</strong></span> <span class='ocrx_word' id='word_1_338' title='bbox 2074 3350 2188 3400; x_wconf 77' lang='grc' dir='ltr'><strong>ΚΑΙ</strong></span> <span class='ocrx_word' id='word_1_339' title='bbox 2220 3351 2546 3401; x_wconf 80' lang='grc' dir='ltr'><strong>ΘΡΙΛΜΒΟΣ</strong></span> 
     </span>
    </p>
   </div>
   <div class='ocr_carea' id='block_1_53' title="bbox 514 3483 3764 3547">
    <p class='ocr_par' dir='ltr' id='par_1_53' title="bbox 514 3483 3764 3547">
     <span class='ocr_line' id='line_1_54' title="bbox 514 3483 3764 3547; baseline 0.001 -8"><span class='ocrx_word' id='word_1_340' title='bbox 514 3486 653 3540; x_wconf 81' lang='grc' dir='ltr'><strong>ΤΗΣ</strong></span> <span class='ocrx_word' id='word_1_341' title='bbox 679 3487 1101 3544; x_wconf 77' lang='grc' dir='ltr'><strong>ΒΔΑΣΦΗΜΟΥ</strong></span> <span class='ocrx_word' id='word_1_342' title='bbox 1130 3488 1248 3544; x_wconf 74' lang='grc' dir='ltr'><strong>ΚΑΙ</strong></span> <span class='ocrx_word' id='word_1_343' title='bbox 1280 3489 1714 3544; x_wconf 82' lang='grc' dir='ltr'><strong>ΠΟΛΥΕΙΔΟΥΣ</strong></span> <span class='ocrx_word' id='word_1_344' title='bbox 1743 3487 2071 3541; x_wconf 83' lang='grc' dir='ltr'><strong>ΔΙΡΕΣΕΩΣ</strong></span> <span class='ocrx_word' id='word_1_345' title='bbox 2106 3486 2242 3539; x_wconf 86' lang='grc' dir='ltr'><strong>ΤΩΝ</strong></span> <span class='ocrx_word' id='word_1_346' title='bbox 2272 3486 2499 3540; x_wconf 79' lang='grc' dir='ltr'><strong>ΛΘΕΩΝ</strong></span> <span class='ocrx_word' id='word_1_347' title='bbox 2539 3485 3059 3547; x_wconf 80' lang='grc' dir='ltr'><strong>ΜΑΣΣΑΛΙΛΝΩΝ,</strong></span> <span class='ocrx_word' id='word_1_348' title='bbox 3108 3486 3225 3541; x_wconf 77' lang='grc' dir='ltr'>κΑι</span> <span class='ocrx_word' id='word_1_349' title='bbox 3266 3486 3401 3539; x_wconf 82' lang='grc' dir='ltr'><strong>ΤΩΝ</strong></span> <span class='ocrx_word' id='word_1_350' title='bbox 3433 3483 3764 3542; x_wconf 77' lang='grc' dir='ltr'><strong>ΦΟΥΝΔΑΙ..</strong></span> 
     </span>
    </p>
   </div>
   <div class='ocr_carea' id='block_1_54' title="bbox 776 3576 3503 3650">
    <p class='ocr_par' dir='ltr' id='par_1_54' title="bbox 776 3576 3503 3650">
     <span class='ocr_line' id='line_1_55' title="bbox 776 3576 3503 3650; baseline -0.002 -14"><span class='ocrx_word' id='word_1_351' title='bbox 776 3583 939 3650; x_wconf 85' lang='grc' dir='ltr'><strong>ΤΩΝ,</strong></span> <span class='ocrx_word' id='word_1_352' title='bbox 972 3584 1090 3637; x_wconf 80' lang='grc' dir='ltr'><strong>ΚΑΙ</strong></span> <span class='ocrx_word' id='word_1_353' title='bbox 1126 3583 1521 3639; x_wconf 80' lang='grc' dir='ltr'><strong>ΒΟΓΟΜΙΛΩΝ</strong></span> <span class='ocrx_word' id='word_1_354' title='bbox 1554 3581 2060 3647; x_wconf 79' lang='grc' dir='ltr'><strong>ΚΔΔΟΥΜΕΝΩΝ,</strong></span> <span class='ocrx_word' id='word_1_355' title='bbox 2094 3581 2217 3634; x_wconf 80' lang='grc' dir='ltr'><strong>ΚΑΙ</strong></span> <span class='ocrx_word' id='word_1_356' title='bbox 2271 3578 2596 3644; x_wconf 79' lang='grc' dir='ltr'><strong>ΕΥΧΙΤΩΝ,</strong></span> <span class='ocrx_word' id='word_1_357' title='bbox 2646 3581 2767 3633; x_wconf 81' lang='grc' dir='ltr'><strong>ΚΑΙ</strong></span> <span class='ocrx_word' id='word_1_358' title='bbox 2814 3576 3355 3645; x_wconf 78' lang='grc' dir='ltr'><strong>ΕΝΘυΥΣΙΛΣΤΩΝ,</strong></span> <span class='ocrx_word' id='word_1_359' title='bbox 3383 3578 3503 3631; x_wconf 75' lang='grc' dir='ltr'><strong>ΚΑΙ</strong></span> 
     </span>
    </p>
   </div>
   <div class='ocr_carea' id='block_1_55' title="bbox 1501 3676 2757 3745">
    <p class='ocr_par' dir='ltr' id='par_1_55' title="bbox 1501 3676 2757 3745">
     <span class='ocr_line' id='line_1_56' title="bbox 1501 3676 2757 3745; baseline 0.002 -14"><span class='ocrx_word' id='word_1_360' title='bbox 1501 3678 1990 3745; x_wconf 76' lang='grc' dir='ltr'><strong>ΕΓΚΡΔΤΗΤΩΝ,</strong></span> <span class='ocrx_word' id='word_1_361' title='bbox 2032 3678 2158 3735; x_wconf 75' lang='grc' dir='ltr'><strong>ΚΑΙ</strong></span> <span class='ocrx_word' id='word_1_362' title='bbox 2208 3676 2757 3733; x_wconf 69' lang='grc' dir='ltr'><strong>ΜΔΡΚΙΩΝΙΣΤΩΝ.</strong></span> 
     </span>
    </p>
   </div>
   <div class='ocr_carea' id='block_1_56' title="bbox 1365 4031 2897 4148">
    <p class='ocr_par' dir='ltr' id='par_1_56' title="bbox 1365 4031 2897 4148">
     <span class='ocr_line' id='line_1_57' title="bbox 1365 4031 2897 4148; baseline -0.001 -3"><span class='ocrx_word' id='word_1_363' title='bbox 1365 4031 2089 4148; x_wconf 85' lang='lat' dir='ltr'><strong>EUTHYMII</strong></span> <span class='ocrx_word' id='word_1_364' title='bbox 2225 4031 2897 4146; x_wconf 86' lang='lat' dir='ltr'><strong>ZlGABENI</strong></span> 
     </span>
    </p>
   </div>
   <div class='ocr_carea' id='block_1_57' title="bbox 1665 4253 2574 4313">
    <p class='ocr_par' dir='ltr' id='par_1_57' title="bbox 1665 4253 2574 4313">
     <span class='ocr_line' id='line_1_58' title="bbox 1665 4253 2574 4313; baseline 0 -1"><span class='ocrx_word' id='word_1_365' title='bbox 1665 4253 2113 4313; x_wconf 80' lang='lat' dir='ltr'><strong>CONFUTATIO</strong></span> <span class='ocrx_word' id='word_1_366' title='bbox 2151 4254 2240 4310; x_wconf 86' lang='lat' dir='ltr'><strong>ET</strong></span> <span class='ocrx_word' id='word_1_367' title='bbox 2276 4257 2574 4313; x_wconf 78' lang='lat' dir='ltr'><strong>EVERSIO</strong></span> 
     </span>
    </p>
   </div>
   <div class='ocr_carea' id='block_1_58' title="bbox 514 4398 3761 4477">
    <p class='ocr_par' dir='ltr' id='par_1_58' title="bbox 514 4398 3761 4477">
     <span class='ocr_line' id='line_1_59' title="bbox 514 4398 3761 4477; baseline -0 -16"><span class='ocrx_word' id='word_1_368' title='bbox 514 4400 755 4462; x_wconf 77' lang='lat' dir='ltr'><strong>1MPle</strong></span> <span class='ocrx_word' id='word_1_369' title='bbox 829 4401 928 4460; x_wconf 86' lang='lat' dir='ltr'><strong>ET</strong></span> <span class='ocrx_word' id='word_1_370' title='bbox 1009 4398 1503 4459; x_wconf 80' lang='lat' dir='ltr'><strong>MULTIPLICIS</strong></span> <span class='ocrx_word' id='word_1_371' title='bbox 1588 4399 2230 4460; x_wconf 81' lang='lat' dir='ltr'><strong>EXSECRABILIUM</strong></span> <span class='ocrx_word' id='word_1_372' title='bbox 2324 4402 3009 4467; x_wconf 81' lang='lat' dir='ltr'><strong>MASSALIANORUM</strong></span> <span class='ocrx_word' id='word_1_373' title='bbox 3104 4405 3401 4473; x_wconf 72' lang='lat' dir='ltr'><strong>SECTIE,</strong></span> <span class='ocrx_word' id='word_1_374' title='bbox 3458 4401 3594 4477; x_wconf 86' lang='lat' dir='ltr'><strong>QUI</strong></span> <span class='ocrx_word' id='word_1_375' title='bbox 3658 4401 3761 4461; x_wconf 88' lang='lat' dir='ltr'><strong>ET</strong></span> 
     </span>
    </p>
   </div>
   <div class='ocr_carea' id='block_1_59' title="bbox 836 4478 3436 4557">
    <p class='ocr_par' dir='ltr' id='par_1_59' title="bbox 836 4478 3436 4557">
     <span class='ocr_line' id='line_1_60' title="bbox 836 4478 3436 4557; baseline 0.003 -19"><span class='ocrx_word' id='word_1_376' title='bbox 836 4478 1317 4539; x_wconf 67' lang='lat' dir='ltr'><strong>PHUNDAITIE</strong></span> <span class='ocrx_word' id='word_1_377' title='bbox 1360 4480 1458 4537; x_wconf 82' lang='grc' dir='ltr'><strong>ΕΤ</strong></span> <span class='ocrx_word' id='word_1_378' title='bbox 1520 4478 1925 4550; x_wconf 78' lang='lat' dir='ltr'><strong>BOGOMILI,</strong></span> <span class='ocrx_word' id='word_1_379' title='bbox 1975 4480 2126 4539; x_wconf 81' lang='lat' dir='ltr'><strong>NEC</strong></span> <span class='ocrx_word' id='word_1_380' title='bbox 2166 4479 2328 4540; x_wconf 84' lang='lat' dir='ltr'><strong>NON</strong></span> <span class='ocrx_word' id='word_1_381' title='bbox 2390 4481 2771 4553; x_wconf 62' lang='lat' dir='ltr'><strong>EUCHITE,</strong></span> <span class='ocrx_word' id='word_1_382' title='bbox 2836 4483 3436 4557; x_wconf 61' lang='lat' dir='ltr'><strong>ENTHUSIASTfE,</strong></span> 
     </span>
    </p>
   </div>
   <div class='ocr_carea' id='block_1_60' title="bbox 1190 4557 2777 4633">
    <p class='ocr_par' dir='ltr' id='par_1_60' title="bbox 1190 4557 2777 4633">
     <span class='ocr_line' id='line_1_61' title="bbox 1190 4557 2777 4633; baseline 0.001 -14"><span class='ocrx_word' id='word_1_383' title='bbox 1190 4557 1697 4633; x_wconf 63' lang='lat' dir='ltr'><strong>ENCRATITIE,</strong></span> <span class='ocrx_word' id='word_1_384' title='bbox 1746 4558 1851 4619; x_wconf 79' lang='grc' dir='ltr'><strong>ΕΤ</strong></span> <span class='ocrx_word' id='word_1_385' title='bbox 1896 4557 2421 4618; x_wconf 66' lang='grc' dir='ltr'><strong>ΜΑΒΕΙΟΝΙΤᾸΞ</strong></span> <span class='ocrx_word' id='word_1_386' title='bbox 2465 4560 2777 4621; x_wconf 80' lang='lat' dir='ltr'><strong>APPELL</strong></span> 
     </span>
    </p>
   </div>
   <div class='ocr_carea' id='block_1_61' title="bbox 1481 4557 3068 4633">
    <p class='ocr_par' dir='ltr' id='par_1_61' title="bbox 1481 4557 3068 4633">
     <span class='ocr_line' id='line_1_62' title="bbox 1481 4557 3068 4633; baseline 0.004 -18"><span class='ocrx_word' id='word_1_387' title='bbox 1481 4557 1697 4633; x_wconf 70' lang='grc' dir='ltr'><strong>ΓΙΤᾹΞ,</strong></span> <span class='ocrx_word' id='word_1_388' title='bbox 1746 4558 1851 4619; x_wconf 79' lang='grc' dir='ltr'><strong>ΕΤ</strong></span> <span class='ocrx_word' id='word_1_389' title='bbox 1896 4557 2421 4618; x_wconf 71' lang='grc' dir='ltr'><strong>ΜΑΒΕΙΟΝΙΤιΕ</strong></span> <span class='ocrx_word' id='word_1_390' title='bbox 2465 4560 3068 4623; x_wconf 73' lang='lat' dir='ltr'><strong>APPELLANTUR.</strong></span> 
     </span>
    </p>
   </div>
   <div class='ocr_carea' id='block_1_62' title="bbox 579 4889 2166 4973">
    <p class='ocr_par' dir='ltr' id='par_1_62' title="bbox 579 4889 2151 4969">
     <span class='ocr_line' id='line_1_63' title="bbox 579 4889 2151 4969; baseline -0.005 -18"><span class='ocrx_word' id='word_1_391' title='bbox 579 4896 826 4951; x_wconf 81' lang='lat' dir='ltr'><strong>Tradidit</strong></span> <span class='ocrx_word' id='word_1_392' title='bbox 842 4895 1021 4969; x_wconf 69' lang='lat' dir='ltr'><strong>nobis,</strong></span> <span class='ocrx_word' id='word_1_393' title='bbox 1040 4894 1237 4947; x_wconf 78' lang='lat' dir='ltr'><strong>fratres</strong></span> <span class='ocrx_word' id='word_1_394' title='bbox 1250 4889 1613 4955; x_wconf 88' lang='lat' dir='ltr'><strong>dilectissimi,</strong></span> <span class='ocrx_word' id='word_1_395' title='bbox 1637 4891 1901 4947; x_wconf 86' lang='lat' dir='ltr'><strong>Dominus</strong></span> <span class='ocrx_word' id='word_1_396' title='bbox 1932 4891 2151 4955; x_wconf 83' lang='lat' dir='ltr'><strong>Deusc</strong></span> 
     </span>
    </p>
   </div>
   <div class='ocr_carea' id='block_1_63' title="bbox 2171 4889 3758 4973">
    <p class='ocr_par' dir='ltr' id='par_1_63' title="bbox 2257 4894 3758 4973">
     <span class='ocr_line' id='line_1_64' title="bbox 2257 4894 3758 4973; baseline 0.006 -26"><span class='ocrx_word' id='word_1_397' title='bbox 2257 4894 2363 4948; x_wconf 92' lang='grc' dir='ltr'>Τοῦ</span> <span class='ocrx_word' id='word_1_398' title='bbox 2410 4894 2615 4964; x_wconf 80' lang='grc' dir='ltr'>Κυρίου</span> <span class='ocrx_word' id='word_1_399' title='bbox 2657 4899 2751 4947; x_wconf 79' lang='grc' dir='ltr'>καὶ</span> <span class='ocrx_word' id='word_1_400' title='bbox 2799 4895 2936 4949; x_wconf 87' lang='grc' dir='ltr'>Θεοῦ</span> <span class='ocrx_word' id='word_1_401' title='bbox 2970 4899 3064 4950; x_wconf 81' lang='grc' dir='ltr'>καὶ</span> <span class='ocrx_word' id='word_1_402' title='bbox 3096 4897 3349 4968; x_wconf 76' lang='grc' dir='ltr'><strong>Σωτῆρος</strong></span> <span class='ocrx_word' id='word_1_403' title='bbox 3387 4900 3545 4969; x_wconf 82' lang='grc' dir='ltr'>ήμῶν</span> <span class='ocrx_word' id='word_1_404' title='bbox 3579 4902 3758 4973; x_wconf 61' lang='grc' dir='ltr'>Ἰησοῦ</span> 
     </span>
    </p>
   </div>
   <div class='ocr_carea' id='block_1_64' title="bbox 505 4984 2092 5061">
    <p class='ocr_par' dir='ltr' id='par_1_64' title="bbox 505 4984 2082 5053">
     <span class='ocr_line' id='line_1_65' title="bbox 505 4984 2082 5053; baseline -0.004 -9"><span class='ocrx_word' id='word_1_405' title='bbox 505 5007 568 5044; x_wconf 88' lang='lat' dir='ltr'><strong>ac</strong></span> <span class='ocrx_word' id='word_1_406' title='bbox 595 4990 857 5044; x_wconf 85' lang='lat' dir='ltr'><strong>Servator</strong></span> <span class='ocrx_word' id='word_1_407' title='bbox 877 4997 1063 5042; x_wconf 89' lang='lat' dir='ltr'><strong>noster</strong></span> <span class='ocrx_word' id='word_1_408' title='bbox 1131 4985 1292 5040; x_wconf 83' lang='lat' dir='ltr'><strong>Jesus</strong></span> <span class='ocrx_word' id='word_1_409' title='bbox 1332 4984 1585 5038; x_wconf 88' lang='lat' dir='ltr'><strong>Christus</strong></span> <span class='ocrx_word' id='word_1_410' title='bbox 1618 4998 1714 5053; x_wconf 86' lang='lat' dir='ltr'><strong>per</strong></span> <span class='ocrx_word' id='word_1_411' title='bbox 1753 4994 1970 5039; x_wconf 89' lang='lat' dir='ltr'><strong>sanctos</strong></span> <span class='ocrx_word' id='word_1_412' title='bbox 2000 4985 2082 5038; x_wconf 81' lang='lat' dir='ltr'><strong>di-</strong></span> 
     </span>
    </p>
   </div>
   <div class='ocr_carea' id='block_1_65' title="bbox 2161 4984 3748 5061">
    <p class='ocr_par' dir='ltr' id='par_1_65' title="bbox 2185 4988 3748 5061">
     <span class='ocr_line' id='line_1_66' title="bbox 2185 4988 3748 5061; baseline 0.001 -16"><span class='ocrx_word' id='word_1_413' title='bbox 2185 4988 2423 5061; x_wconf 86' lang='grc' dir='ltr'>Χριστοῦ</span> <span class='ocrx_word' id='word_1_414' title='bbox 2470 4990 2559 5042; x_wconf 80' lang='grc' dir='ltr'><strong>διὰ</strong></span> <span class='ocrx_word' id='word_1_415' title='bbox 2605 4991 2714 5042; x_wconf 80' lang='grc' dir='ltr'>τῶν</span> <span class='ocrx_word' id='word_1_416' title='bbox 2764 4991 2935 5058; x_wconf 86' lang='grc' dir='ltr'>ἁγίων</span> <span class='ocrx_word' id='word_1_417' title='bbox 2984 4990 3150 5043; x_wconf 82' lang='grc' dir='ltr'>αὐτοῦ</span> <span class='ocrx_word' id='word_1_418' title='bbox 3192 4991 3453 5059; x_wconf 84' lang='grc' dir='ltr'>μαθητῶν</span> <span class='ocrx_word' id='word_1_419' title='bbox 3492 4995 3587 5045; x_wconf 77' lang='grc' dir='ltr'>καὶ</span> <span class='ocrx_word' id='word_1_420' title='bbox 3620 4997 3748 5046; x_wconf 81' lang='grc' dir='ltr'>ἁπο-</span> 
     </span>
    </p>
   </div>
   <div class='ocr_carea' id='block_1_66' title="bbox 505 5078 2092 5153">
    <p class='ocr_par' dir='ltr' id='par_1_66' title="bbox 505 5078 2083 5153">
     <span class='ocr_line' id='line_1_67' title="bbox 505 5078 2083 5153; baseline -0.003 -17"><span class='ocrx_word' id='word_1_421' title='bbox 505 5084 742 5150; x_wconf 89' lang='lat' dir='ltr'><strong>scipulos</strong></span> <span class='ocrx_word' id='word_1_422' title='bbox 799 5094 927 5133; x_wconf 91' lang='lat' dir='ltr'><strong>suos</strong></span> <span class='ocrx_word' id='word_1_423' title='bbox 980 5086 1035 5133; x_wconf 84' lang='lat' dir='ltr'><strong>et</strong></span> <span class='ocrx_word' id='word_1_424' title='bbox 1092 5078 1401 5153; x_wconf 68' lang='lat' dir='ltr'><strong>apostolos,</strong></span> <span class='ocrx_word' id='word_1_425' title='bbox 1442 5093 1639 5147; x_wconf 90' lang='lat' dir='ltr'><strong>purum</strong></span> <span class='ocrx_word' id='word_1_426' title='bbox 1695 5079 2083 5146; x_wconf 80' lang='lat' dir='ltr'><strong>sincerumque</strong></span> 
     </span>
    </p>
   </div>
   <div class='ocr_carea' id='block_1_67' title="bbox 2214 5078 3801 5153">
    <p class='ocr_par' dir='ltr' id='par_1_67' title="bbox 2214 5079 3801 5153">
     <span class='ocr_line' id='line_1_68' title="bbox 2214 5079 3801 5153; baseline 0.002 -19"><span class='ocrx_word' id='word_1_427' title='bbox 2214 5083 2398 5135; x_wconf 75' lang='grc' dir='ltr'>ςτόλων</span> <span class='ocrx_word' id='word_1_428' title='bbox 2445 5081 2685 5151; x_wconf 84' lang='grc' dir='ltr'>καθαρὸν</span> <span class='ocrx_word' id='word_1_429' title='bbox 2727 5084 2858 5153; x_wconf 74' lang='grc' dir='ltr'>ἡμῖν</span> <span class='ocrx_word' id='word_1_430' title='bbox 2904 5083 2965 5135; x_wconf 81' lang='grc' dir='ltr'>τὸ</span> <span class='ocrx_word' id='word_1_431' title='bbox 2996 5086 3095 5153; x_wconf 74' lang='grc' dir='ltr'>τῆς</span> <span class='ocrx_word' id='word_1_432' title='bbox 3148 5083 3381 5145; x_wconf 86' lang='grc' dir='ltr'>πίστεως</span> <span class='ocrx_word' id='word_1_433' title='bbox 3426 5079 3801 5153; x_wconf 62' lang='grc' dir='ltr'><strong>’παραδόντος⁴</strong></span> 
     </span>
    </p>
   </div>
   <div class='ocr_carea' id='block_1_68' title="bbox 507 5168 2094 5245">
    <p class='ocr_par' dir='ltr' id='par_1_68' title="bbox 507 5168 2083 5243">
     <span class='ocr_line' id='line_1_69' title="bbox 507 5168 2083 5243; baseline -0.001 -18"><span class='ocrx_word' id='word_1_434' title='bbox 507 5175 629 5226; x_wconf 83' lang='lat' dir='ltr'><strong>fidei</strong></span> <span class='ocrx_word' id='word_1_435' title='bbox 660 5172 998 5243; x_wconf 83' lang='lat' dir='ltr'><strong>mysterium,</strong></span> <span class='ocrx_word' id='word_1_436' title='bbox 1065 5184 1129 5223; x_wconf 85' lang='lat' dir='ltr'><strong>ac</strong></span> <span class='ocrx_word' id='word_1_437' title='bbox 1177 5168 1342 5223; x_wconf 87' lang='lat' dir='ltr'><strong>simul</strong></span> <span class='ocrx_word' id='word_1_438' title='bbox 1376 5169 1705 5238; x_wconf 65' lang='lat' dir='ltr'><strong>praemonuit</strong></span> <span class='ocrx_word' id='word_1_439' title='bbox 1764 5168 1881 5223; x_wconf 85' lang='lat' dir='ltr'><strong>fore</strong></span> <span class='ocrx_word' id='word_1_440' title='bbox 1946 5171 2083 5224; x_wconf 92' lang='lat' dir='ltr'><strong>utin</strong></span> 
     </span>
    </p>
   </div>
   <div class='ocr_carea' id='block_1_69' title="bbox 2167 5168 3754 5245">
    <p class='ocr_par' dir='ltr' id='par_1_69' title="bbox 2188 5173 3754 5245">
     <span class='ocr_line' id='line_1_70' title="bbox 2188 5173 3754 5245; baseline 0.003 -22"><span class='ocrx_word' id='word_1_441' title='bbox 2188 5174 2504 5242; x_wconf 77' lang='grc' dir='ltr'>μυστήριον,</span> <span class='ocrx_word' id='word_1_442' title='bbox 2548 5173 2830 5243; x_wconf 77' lang='grc' dir='ltr'>εἰρηκότος</span> <span class='ocrx_word' id='word_1_443' title='bbox 2863 5173 2919 5225; x_wconf 81' lang='grc' dir='ltr'><strong>δὲ</strong></span> <span class='ocrx_word' id='word_1_444' title='bbox 2959 5174 3054 5225; x_wconf 68' lang='grc' dir='ltr'>καὶ</span> <span class='ocrx_word' id='word_1_445' title='bbox 3087 5175 3145 5224; x_wconf 85' lang='grc' dir='ltr'><strong>έν</strong></span> <span class='ocrx_word' id='word_1_446' title='bbox 3177 5176 3295 5235; x_wconf 81' lang='grc' dir='ltr'>ταῖς</span> <span class='ocrx_word' id='word_1_447' title='bbox 3326 5175 3584 5244; x_wconf 72' lang='grc' dir='ltr'>ἐσχάταις</span> <span class='ocrx_word' id='word_1_448' title='bbox 3620 5178 3754 5245; x_wconf 64' lang='grc' dir='ltr'><strong>ἡμέ.</strong></span> 
     </span>
    </p>
   </div>
   <div class='ocr_carea' id='block_1_70' title="bbox 506 5261 2093 5335">
    <p class='ocr_par' dir='ltr' id='par_1_70' title="bbox 506 5261 2083 5331">
     <span class='ocr_line' id='line_1_71' title="bbox 506 5261 2083 5331; baseline -0.001 -12"><span class='ocrx_word' id='word_1_449' title='bbox 506 5267 695 5320; x_wconf 85' lang='lat' dir='ltr'><strong>diebus</strong></span> <span class='ocrx_word' id='word_1_450' title='bbox 727 5265 934 5318; x_wconf 85' lang='lat' dir='ltr'><strong>ultimis</strong></span> <span class='ocrx_word' id='word_1_451' title='bbox 956 5264 1110 5316; x_wconf 88' lang='lat' dir='ltr'><strong>multi</strong></span> <span class='ocrx_word' id='word_1_452' title='bbox 1136 5263 1254 5316; x_wconf 80' lang='lat' dir='ltr'><strong>falsi</strong></span> <span class='ocrx_word' id='word_1_453' title='bbox 1286 5262 1565 5331; x_wconf 66' lang='lat' dir='ltr'><strong>prophetae</strong></span> <span class='ocrx_word' id='word_1_454' title='bbox 1624 5270 1678 5315; x_wconf 84' lang='lat' dir='ltr'><strong>et</strong></span> <span class='ocrx_word' id='word_1_455' title='bbox 1709 5261 1830 5317; x_wconf 81' lang='lat' dir='ltr'><strong>falsi</strong></span> <span class='ocrx_word' id='word_1_456' title='bbox 1880 5262 2083 5317; x_wconf 83' lang='lat' dir='ltr'><strong>Christi</strong></span> 
     </span>
    </p>
   </div>
   <div class='ocr_carea' id='block_1_71' title="bbox 2159 5261 3746 5335">
    <p class='ocr_par' dir='ltr' id='par_1_71' title="bbox 2188 5262 3746 5335">
     <span class='ocr_line' id='line_1_72' title="bbox 2188 5262 3746 5335; baseline 0.003 -19"><span class='ocrx_word' id='word_1_457' title='bbox 2188 5281 2307 5334; x_wconf 86' lang='grc' dir='ltr'>ραις</span> <span class='ocrx_word' id='word_1_458' title='bbox 2336 5265 2561 5326; x_wconf 81' lang='grc' dir='ltr'>πολλοὺς</span> <span class='ocrx_word' id='word_1_459' title='bbox 2591 5262 2904 5317; x_wconf 79' lang='grc' dir='ltr'>ἐλεύσεσθαι</span> <span class='ocrx_word' id='word_1_460' title='bbox 2943 5264 3396 5334; x_wconf 77' lang='grc' dir='ltr'>ψευδοπροφήτας</span> <span class='ocrx_word' id='word_1_461' title='bbox 3426 5268 3520 5319; x_wconf 74' lang='grc' dir='ltr'>καὶ</span> <span class='ocrx_word' id='word_1_462' title='bbox 3550 5267 3746 5335; x_wconf 79' lang='grc' dir='ltr'>ψευδο·</span> 
     </span>
    </p>
   </div>
   <div class='ocr_carea' id='block_1_72' title="bbox 506 5355 2093 5427">
    <p class='ocr_par' dir='ltr' id='par_1_72' title="bbox 506 5355 2073 5427">
     <span class='ocr_line' id='line_1_73' title="bbox 506 5355 2073 5427; baseline 0 -16"><span class='ocrx_word' id='word_1_463' title='bbox 506 5366 932 5427; x_wconf 74' lang='lat' dir='ltr'><strong>exsurgerent,a</strong></span> <span class='ocrx_word' id='word_1_464' title='bbox 966 5355 1161 5423; x_wconf 86' lang='lat' dir='ltr'><strong>quibus</strong></span> <span class='ocrx_word' id='word_1_465' title='bbox 1197 5355 1359 5409; x_wconf 90' lang='lat' dir='ltr'><strong>nobis</strong></span> <span class='ocrx_word' id='word_1_466' title='bbox 1389 5370 1736 5424; x_wconf 88' lang='lat' dir='ltr'><strong>summopere</strong></span> <span class='ocrx_word' id='word_1_467' title='bbox 1770 5358 2073 5411; x_wconf 83' lang='lat' dir='ltr'><strong>cavendum</strong></span> 
     </span>
    </p>
   </div>
   <div class='ocr_carea' id='block_1_73' title="bbox 2160 5355 3747 5427">
    <p class='ocr_par' dir='ltr' id='par_1_73' title="bbox 2184 5355 3747 5426">
     <span class='ocr_line' id='line_1_74' title="bbox 2184 5355 3747 5426; baseline 0.003 -20"><span class='ocrx_word' id='word_1_468' title='bbox 2184 5358 2459 5426; x_wconf 82' lang='grc' dir='ltr'>χρίστους,</span> <span class='ocrx_word' id='word_1_469' title='bbox 2503 5355 2595 5407; x_wconf 67' lang='grc' dir='ltr'>καὶ</span> <span class='ocrx_word' id='word_1_470' title='bbox 2645 5355 3112 5424; x_wconf 74' lang='grc' dir='ltr'>παραγγείλαντος</span> <span class='ocrx_word' id='word_1_471' title='bbox 3144 5357 3431 5426; x_wconf 84' lang='grc' dir='ltr'>προσέχειν</span> <span class='ocrx_word' id='word_1_472' title='bbox 3480 5357 3588 5410; x_wconf 83' lang='grc' dir='ltr'><strong>ἀπὸ</strong></span> <span class='ocrx_word' id='word_1_473' title='bbox 3635 5358 3747 5411; x_wconf 79' lang='grc' dir='ltr'>τῶν</span> 
     </span>
    </p>
   </div>
   <div class='ocr_carea' id='block_1_74' title="bbox 504 5445 2091 5518">
    <p class='ocr_par' dir='ltr' id='par_1_74' title="bbox 504 5446 2074 5517">
     <span class='ocr_line' id='line_1_75' title="bbox 504 5446 2074 5517; baseline 0 -14"><span class='ocrx_word' id='word_1_474' title='bbox 504 5449 665 5503; x_wconf 80' lang='lat' dir='ltr'><strong>foret.</strong></span> <span class='ocrx_word' id='word_1_475' title='bbox 696 5447 881 5517; x_wconf 86' lang='lat' dir='ltr'><strong>Neque</strong></span> <span class='ocrx_word' id='word_1_476' title='bbox 916 5462 1075 5501; x_wconf 77' lang='lat' dir='ltr'><strong>secus</strong></span> <span class='ocrx_word' id='word_1_477' title='bbox 1103 5448 1383 5517; x_wconf 87' lang='lat' dir='ltr'><strong>apostolus</strong></span> <span class='ocrx_word' id='word_1_478' title='bbox 1408 5446 1608 5500; x_wconf 90' lang='lat' dir='ltr'><strong>Paulus</strong></span> <span class='ocrx_word' id='word_1_479' title='bbox 1644 5448 1696 5500; x_wconf 91' lang='lat' dir='ltr'><strong>in</strong></span> <span class='ocrx_word' id='word_1_480' title='bbox 1716 5449 1951 5517; x_wconf 78' lang='lat' dir='ltr'><strong>Epistula</strong></span> <span class='ocrx_word' id='word_1_481' title='bbox 2006 5450 2074 5504; x_wconf 91' lang='lat' dir='ltr'><strong>ad</strong></span> 
     </span>
    </p>
   </div>
   <div class='ocr_carea' id='block_1_75' title="bbox 2159 5445 3746 5518">
    <p class='ocr_par' dir='ltr' id='par_1_75' title="bbox 2181 5445 3746 5518">
     <span class='ocr_line' id='line_1_76' title="bbox 2181 5445 3746 5518; baseline 0.003 -21"><span class='ocrx_word' id='word_1_482' title='bbox 2181 5449 2461 5511; x_wconf 75' lang='grc' dir='ltr'>τοιούτων,</span> <span class='ocrx_word' id='word_1_483' title='bbox 2490 5445 2798 5508; x_wconf 73' lang='grc' dir='ltr'>ἀκολούθως</span> <span class='ocrx_word' id='word_1_484' title='bbox 2822 5446 2877 5497; x_wconf 86' lang='grc' dir='ltr'><strong>δὲ</strong></span> <span class='ocrx_word' id='word_1_485' title='bbox 2908 5446 3000 5498; x_wconf 79' lang='grc' dir='ltr'>καὶ</span> <span class='ocrx_word' id='word_1_486' title='bbox 3036 5446 3131 5499; x_wconf 80' lang='grc' dir='ltr'><strong>τοῦ</strong></span> <span class='ocrx_word' id='word_1_487' title='bbox 3164 5447 3499 5518; x_wconf 83' lang='grc' dir='ltr'>θεοκήρυκος</span> <span class='ocrx_word' id='word_1_488' title='bbox 3529 5448 3746 5503; x_wconf 78' lang='grc' dir='ltr'>Παύλου</span> 
     </span>
    </p>
   </div>
   <div class='ocr_carea' id='block_1_76' title="bbox 506 5537 2093 5610">
    <p class='ocr_par' dir='ltr' id='par_1_76' title="bbox 506 5538 2078 5610">
     <span class='ocr_line' id='line_1_77' title="bbox 506 5538 2078 5610; baseline -0.001 -14"><span class='ocrx_word' id='word_1_489' title='bbox 506 5541 853 5596; x_wconf 84' lang='lat' dir='ltr'><strong>Timotheum</strong></span> <span class='ocrx_word' id='word_1_490' title='bbox 885 5540 1133 5610; x_wconf 62' lang='lat' dir='ltr'><strong>praedixit</strong></span> <span class='ocrx_word' id='word_1_491' title='bbox 1160 5556 1173 5592; x_wconf 86' lang='lat'><strong>:</strong></span> <span class='ocrx_word' id='word_1_492' title='bbox 1232 5538 1430 5592; x_wconf 82' lang='lat' dir='ltr'><strong>Multos</strong></span> <span class='ocrx_word' id='word_1_493' title='bbox 1457 5540 1703 5593; x_wconf 75' lang='lat' dir='ltr'><strong>extremis</strong></span> <span class='ocrx_word' id='word_1_494' title='bbox 1762 5542 2078 5607; x_wconf 77' lang='lat' dir='ltr'><strong>temporibus</strong></span> 
     </span>
    </p>
   </div>
   <div class='ocr_carea' id='block_1_77' title="bbox 2162 5537 3749 5610">
    <p class='ocr_par' dir='ltr' id='par_1_77' title="bbox 2184 5537 3749 5609">
     <span class='ocr_line' id='line_1_78' title="bbox 2184 5537 3749 5609; baseline 0.002 -19"><span class='ocrx_word' id='word_1_495' title='bbox 2184 5539 2319 5606; x_wconf 78' lang='grc' dir='ltr'>πρὸς</span> <span class='ocrx_word' id='word_1_496' title='bbox 2349 5540 2436 5589; x_wconf 67' lang='grc' dir='ltr'><strong>τὸν</strong></span> <span class='ocrx_word' id='word_1_497' title='bbox 2462 5537 2723 5606; x_wconf 84' lang='grc' dir='ltr'>Τιμόθεον</span> <span class='ocrx_word' id='word_1_498' title='bbox 2756 5539 3195 5602; x_wconf 79' lang='grc' dir='ltr'>ἀποστείλαντος,</span> <span class='ocrx_word' id='word_1_499' title='bbox 3216 5541 3296 5592; x_wconf 86' lang='grc' dir='ltr'>ὅτι</span> <span class='ocrx_word' id='word_1_500' title='bbox 3342 5539 3443 5592; x_wconf 81' lang='grc' dir='ltr'><em>Ἐν</em></span> <span class='ocrx_word' id='word_1_501' title='bbox 3469 5542 3749 5609; x_wconf 77' lang='grc' dir='ltr'>ἐσχάτοις</span> 
     </span>
    </p>
   </div>
   <div class='ocr_carea' id='block_1_78' title="bbox 505 5625 2092 5703">
    <p class='ocr_par' dir='ltr' id='par_1_78' title="bbox 505 5630 2078 5703">
     <span class='ocr_line' id='line_1_79' title="bbox 505 5630 2078 5703; baseline -0.001 -16"><span class='ocrx_word' id='word_1_502' title='bbox 505 5634 657 5703; x_wconf 79' lang='lat' dir='ltr'><strong>aﬁde</strong></span> <span class='ocrx_word' id='word_1_503' title='bbox 692 5635 999 5693; x_wconf 77' lang='lat' dir='ltr'><strong>descituras,</strong></span> <span class='ocrx_word' id='word_1_504' title='bbox 1031 5631 1299 5699; x_wconf 78' lang='lat' dir='ltr'><strong>spiritibus</strong></span> <span class='ocrx_word' id='word_1_505' title='bbox 1317 5630 1681 5685; x_wconf 83' lang='lat' dir='ltr'><strong>auscultantes</strong></span> <span class='ocrx_word' id='word_1_506' title='bbox 1722 5633 2078 5685; x_wconf 83' lang='lat' dir='ltr'><strong>seductoribus</strong></span> 
     </span>
    </p>
   </div>
   <div class='ocr_carea' id='block_1_79' title="bbox 2165 5625 3752 5703">
    <p class='ocr_par' dir='ltr' id='par_1_79' title="bbox 2184 5625 3752 5695">
     <span class='ocr_line' id='line_1_80' title="bbox 2184 5625 3752 5695; baseline 0.002 -16"><span class='ocrx_word' id='word_1_507' title='bbox 2184 5626 2404 5692; x_wconf 83' lang='grc' dir='ltr'>καιροῖς</span> <span class='ocrx_word' id='word_1_508' title='bbox 2436 5625 2890 5692; x_wconf 73' lang='grc' dir='ltr'>ἀποστήσονταί</span> <span class='ocrx_word' id='word_1_509' title='bbox 2935 5642 3095 5692; x_wconf 81' lang='grc' dir='ltr'>τινες</span> <span class='ocrx_word' id='word_1_510' title='bbox 3127 5626 3236 5694; x_wconf 83' lang='grc' dir='ltr'>τῆς</span> <span class='ocrx_word' id='word_1_511' title='bbox 3274 5629 3530 5691; x_wconf 78' lang='grc' dir='ltr'>πίστεως</span> <span class='ocrx_word' id='word_1_512' title='bbox 3568 5645 3752 5695; x_wconf 84' lang='grc' dir='ltr'>προσ-</span> 
     </span>
    </p>
   </div>
   <div class='ocr_carea' id='block_1_80' title="bbox 506 5722 2093 5793">
    <p class='ocr_par' dir='ltr' id='par_1_80' title="bbox 506 5724 2078 5793">
     <span class='ocr_line' id='line_1_81' title="bbox 506 5724 2078 5793; baseline -0.002 -12"><span class='ocrx_word' id='word_1_513' title='bbox 506 5739 554 5781; x_wconf 81' lang='lat' dir='ltr'><strong>et</strong></span> <span class='ocrx_word' id='word_1_514' title='bbox 575 5728 825 5780; x_wconf 83' lang='lat' dir='ltr'><strong>doctrinis</strong></span> <span class='ocrx_word' id='word_1_515' title='bbox 854 5727 1171 5790; x_wconf 61' lang='lat' dir='ltr'><strong>daemonum,</strong></span> <span class='ocrx_word' id='word_1_516' title='bbox 1204 5727 1297 5778; x_wconf 85' lang='lat' dir='ltr'><strong>sub</strong></span> <span class='ocrx_word' id='word_1_517' title='bbox 1322 5726 1557 5793; x_wconf 82' lang='lat' dir='ltr'><strong>personis</strong></span> <span class='ocrx_word' id='word_1_518' title='bbox 1608 5725 1948 5793; x_wconf 82' lang='lat' dir='ltr'><strong>impostorum</strong></span> <span class='ocrx_word' id='word_1_519' title='bbox 1997 5724 2078 5778; x_wconf 67' lang='grc' dir='ltr'>ια.</span> 
     </span>
    </p>
   </div>
   <div class='ocr_carea' id='block_1_81' title="bbox 2166 5722 3753 5793">
    <p class='ocr_par' dir='ltr' id='par_1_81' title="bbox 2182 5722 3753 5791">
     <span class='ocr_line' id='line_1_82' title="bbox 2182 5722 3753 5791; baseline 0.001 -16"><span class='ocrx_word' id='word_1_520' title='bbox 2182 5722 2429 5791; x_wconf 76' lang='grc' dir='ltr'>έχοντες</span> <span class='ocrx_word' id='word_1_521' title='bbox 2488 5722 2785 5790; x_wconf 77' lang='grc' dir='ltr'>πνεύμασι</span> <span class='ocrx_word' id='word_1_522' title='bbox 2837 5722 3114 5789; x_wconf 75' lang='grc' dir='ltr'>πλάνοις,</span> <span class='ocrx_word' id='word_1_523' title='bbox 3172 5723 3272 5778; x_wconf 78' lang='grc' dir='ltr'>καὶ</span> <span class='ocrx_word' id='word_1_524' title='bbox 3325 5724 3753 5790; x_wconf 69' lang='grc' dir='ltr'>διδασκαλίαις</span> 
     </span>
    </p>
   </div>
   <div class='ocr_carea' id='block_1_82' title="bbox 506 5812 2093 5886">
    <p class='ocr_par' dir='ltr' id='par_1_82' title="bbox 506 5816 2077 5885">
     <span class='ocr_line' id='line_1_83' title="bbox 506 5816 2077 5885; baseline -0.003 -13"><span class='ocrx_word' id='word_1_525' title='bbox 506 5819 749 5885; x_wconf 81' lang='lat' dir='ltr'><strong>tentiam,</strong></span> <span class='ocrx_word' id='word_1_526' title='bbox 775 5819 863 5870; x_wconf 88' lang='lat' dir='ltr'><strong>oui</strong></span> <span class='ocrx_word' id='word_1_527' title='bbox 890 5817 1265 5871; x_wconf 82' lang='lat' dir='ltr'><strong>conscientiam</strong></span> <span class='ocrx_word' id='word_1_528' title='bbox 1296 5833 1451 5869; x_wconf 85' lang='lat' dir='ltr'><strong>suam</strong></span> <span class='ocrx_word' id='word_1_529' title='bbox 1474 5816 1709 5869; x_wconf 80' lang='lat' dir='ltr'><strong>cauterio</strong></span> <span class='ocrx_word' id='word_1_530' title='bbox 1762 5816 1927 5869; x_wconf 75' lang='lat' dir='ltr'><strong>exusti</strong></span> <span class='ocrx_word' id='word_1_531' title='bbox 1954 5831 2077 5868; x_wconf 83' lang='lat' dir='ltr'><strong>con-</strong></span> 
     </span>
    </p>
   </div>
   <div class='ocr_carea' id='block_1_83' title="bbox 2161 5812 3748 5886">
    <p class='ocr_par' dir='ltr' id='par_1_83' title="bbox 2182 5812 3748 5886">
     <span class='ocr_line' id='line_1_84' title="bbox 2182 5812 3748 5886; baseline -0.001 -18"><span class='ocrx_word' id='word_1_532' title='bbox 2182 5812 2527 5883; x_wconf 80' lang='grc' dir='ltr'>δαιμονίων,</span> <span class='ocrx_word' id='word_1_533' title='bbox 2565 5813 2634 5870; x_wconf 82' lang='grc' dir='ltr'><strong>ἐν</strong></span> <span class='ocrx_word' id='word_1_534' title='bbox 2660 5816 2969 5883; x_wconf 78' lang='grc' dir='ltr'>ὑποκρίσει</span> <span class='ocrx_word' id='word_1_535' title='bbox 3022 5815 3408 5886; x_wconf 70' lang='grc' dir='ltr'>ψευδολόγων</span> <span class='ocrx_word' id='word_1_536' title='bbox 3458 5831 3748 5883; x_wconf 76' lang='grc' dir='ltr'>κεκαυτηο</span> 
     </span>
    </p>
   </div>
  </div>
