4018 6572
532 366 605 431 43
1760 360 2141 423 EUTllYMlI
2203 363 2561 425 ZlGABENl
3724 361 3792 425 Μ

525 485 912 545 eniovucrunt,
973 476 1357 548 simplicesque
1439 472 1692 527 homines
1761 489 1886 528 cum
1944 475 2107 541 viros,

2220 480 2489 548 αἱρέσεως
2522 480 2902 548 ἐξεμέσαντες,
2941 483 3034 535 καὶ
3068 483 3195 548 τοὺς
3228 480 3650 553 ἀγροικοτέρους
3682 484 3792 535 τῶν

528 586 643 628 tum
676 572 937 627 mulieres
995 570 1352 636 deceperunl,
1415 574 1577 635 atque
1642 564 1711 619 ita
1761 565 1816 619 in
1841 566 2105 636 perniciei

530 664 851 722 barathrum
875 659 1370 733 pi'tccipitavcrnnt,
1405 660 1714 713 anathema.

1117 838 1154 892 A
1167 839 1371 891 multum
1385 879 1396 890 .
1453 837 1506 889 4.

596 938 683 1000 lis,
737 935 825 1005 qui
886 933 1098 993 dicunt,
1162 940 1358 1001 praeter
1392 940 1636 984 sanctam
1689 937 1743 984 et
1769 931 2103 985 salutiferam

529 1029 880 1090 Trinitatem,
937 1025 1028 1080 Dei
1055 1024 1267 1079 scilicet
1320 1024 1497 1076 Patris
1556 1021 1737 1088 Verbi,
1776 1024 1919 1092 quod
1978 1038 2104 1077 caro

529 1122 727 1174 factum
788 1128 892 1183 est,
962 1116 1193 1185 Filiique
1255 1114 1349 1168 Dei
1404 1123 1459 1168 et
1527 1114 1740 1168 Domini
1775 1115 1946 1168 nostri
1973 1115 2101 1169 Jesu

523 1213 750 1279 Christi,
788 1219 844 1266 et
883 1209 1126 1280 Spiritus
1177 1207 1374 1272 sancti,
1435 1207 1594 1260 aliam
1647 1209 1936 1275 quamdam
1984 1223 2105 1262 esse

526 1306 872 1367 Trinitatem,
930 1302 1014 1357 vel
1072 1301 1237 1355 etiam
1294 1299 1632 1369 superiorem
1686 1299 2009 1368 potentiam,
2049 1301 2103 1354 in

526 1410 781 1465 supremo
808 1402 1014 1462 septem
1045 1393 1305 1446 caelorum
1338 1390 1479 1445 uelo
1508 1390 1695 1444 sedem
1727 1406 1879 1445 suam
1903 1391 2107 1445 haben-

527 1498 656 1550 tem,
718 1486 1022 1541 secundum
1085 1485 1496 1547 exsecrandam,
1571 1492 1627 1536 et
1680 1482 1818 1537 falso
1872 1484 1940 1537 ab
1973 1483 2104 1554 ipsis

524 1578 674 1634 lsaiae
701 1577 982 1643 tributam,
1014 1592 1077 1631 ac
1113 1576 1426 1643 inscriptam
1467 1574 1755 1641 visionem,
1785 1577 2100 1631 anathema.

1115 1668 1397 1719 Attat/tem.
1458 1666 1512 1719 ὅ.

596 1764 684 1828 lis,
720 1762 813 1833 qui
850 1760 985 1815 alias
1020 1759 1377 1813 introducunt
1406 1757 1739 1829 Scripturas,
1812 1775 1907 1815 seu
1934 1760 2104 1815 libros

2214 571 2539 641 ἀνθρώπων,
2578 574 2778 643 ἄνδρας
2809 592 2866 627 τε
2899 576 2992 627 καὶ
3021 578 3291 642 γυναῖκας
3323 574 3791 645 ἐξαπατήσαντες,

2216 664 2352 733 πρὸς
2385 664 2444 718 τὸ
2473 667 2571 733 τῆς
2616 667 2897 732 ἀπωλείας
2927 669 3283 721 κατέσπασαν
3316 667 3615 739 βάραθρον,
3662 670 3766 722 ἀνά

2212 755 2374 825 θεμα.

2810 852 2860 905 Ἀ
2870 856 3079 922 ναθεμ.
3114 853 3182 905 δ’.

2283 943 2409 1006 Τοῖς
2462 944 2704 1011 λέγουσι,
2752 945 2893 1013 πλὴν
2952 949 3051 1017 τῆς
3108 950 3270 1016 ἁγίας
3326 950 3421 1003 καὶ
3475 950 3789 1019 ζωαρχικῆς

2210 1036 2461 1105 Τριάδος,
2508 1036 2676 1106 ἤγουν
2726 1037 2819 1088 τοῦ
2853 1038 2989 1091 Θεοῦ
3040 1040 3133 1091 καὶ
3188 1040 3402 1109 Πατρδς
3431 1041 3523 1093 τοῦ
3565 1058 3754 1111 σαρκω

2211 1129 2395 1191 θέντος
2430 1129 2633 1196 Λόγου,
2671 1130 2767 1182 καὶ
2814 1131 2942 1183 Υίοῦ
2975 1132 3068 1183 τοῦ
3094 1131 3229 1184 Θεοῦ
3259 1132 3351 1185 τοῦ
3393 1134 3599 1203 Κυρίου
3632 1133 3790 1203 ἡμῶν

2223 1218 2398 1290 Ἰησοῦ
2462 1219 2739 1291 Χριστοῦ,
2805 1223 2900 1274 καὶ
2952 1222 3048 1274 τοῦ
3108 1224 3375 1291 παναιτίου
3436 1224 3786 1293 Πνεύματος,

2208 1311 2403 1382 ἑτέραν
2457 1313 2577 1366 τινὰ
2629 1309 2767 1367 εἶναι
2833 1316 3073 1385 Τριάδα,
3143 1316 3175 1386 ἦ
3237 1317 3331 1369 καὶ
3381 1317 3789 1387 ὑπερκειμένην

2209 1404 2480 1471 ἐξουσίαν,
2513 1406 2612 1476 τὴν
2644 1407 2718 1477 τῷ
2750 1408 2851 1460 ὑπε
2866 1408 3045 1480 ρτάτῳ
3084 1411 3194 1462 τῶν
3229 1410 3369 1461 ἑπτα
3396 1408 3640 1477 οὐρανῶν
3670 1410 3791 1459 ἐπι-

2209 1496 2554 1567 καθημένην,
2587 1498 2728 1550 κατὰ
2757 1499 2856 1568 τὴν
2887 1498 3152 1569 βδελυρὰν
3177 1498 3619 1569 ψευδεπίγραφον
3654 1495 3789 1567 παρ’

2208 1586 2391 1650 αὐτοῖς
2418 1585 2511 1639 τοῦ
2550 1586 2774 1641 Ἦσαῖου
2801 1591 2990 1654 ὅρασιν
3020 1591 3287 1660 ἀνάθεμα.

2808 1682 2872 1737 Ἀ
2882 1687 3087 1752 ναϐεμ.
3130 1690 3195 1738 ε’.

2280 1769 2405 1832 Τοῖς
2440 1772 2874 1842 παρεισάγουσιν
2926 1774 3119 1844 ἑτέρας
3152 1774 3396 1846 Γραφὰς,
3450 1774 3481 1845 ἢ
3537 1774 3634 1835 τὰς
3684 1772 3790 1826 ὑπὸ

523 1872 729 1922 sacros,
812 1869 974 1927 quam
1050 1868 1189 1922 quos
1281 1850 1517 1922 Spiritus
1597 1861 1821 1908 sanctus
1862 1871 2106 1923 pronun-

2217 1865 2302 1917 τοῦ
2334 1866 2489 1933 ἁγίου
2521 1838 2858 1935 Πνεῦματος,
2893 1866 2987 1918 καὶ
3013 1838 3162 1936 παρά
3322 1838 3495 1937 ἁγίων
3529 1869 3788 1939 Πατέρων

526 1951 697 2015 tiavit,
730 1959 784 2001 et
816 1946 991 2001 sancti
1021 1947 1179 1999 nobis
1212 1945 1401 1999 Patres
1443 1946 1736 2013 tradidere,
1788 1947 2101 2001 anathema.

1130 2039 1412 2097 Anni/tem.
1441 2039 1495 2094 6.

601 2134 693 2197 lis,
725 2137 815 2203 qui
861 2133 1051 2187 dicunt
1083 2133 1320 2200 nuptias,
1378 2148 1497 2201 qum
1529 2132 1583 2186 in
1640 2133 1861 2187 nomine
1894 2131 2104 2186 Domini

510 2226 944 2290 contrahuntur,
978 2225 1337 2293 earniumque
1364 2241 1517 2279 esum
1550 2242 1579 2279 a
1649 2227 1759 2280 ilco
1810 2226 2104 2295 permissa-

524 2336 666 2377 rum,
709 2320 816 2375 Deo
854 2318 1239 2373 abominabilia
1266 2332 1405 2382 esse,
1445 2318 1642 2387 illaque
1672 2329 1958 2388 propterea
1982 2320 2108 2389 reji-

524 2410 677 2465 ciunt
703 2417 755 2462 et
792 2407 1183 2470 condemnant,
1213 2408 1529 2461 anathema.

628 2572 633 2573 ν
1114 2500 1393 2553 Anni/teni.
1455 2500 1503 2551 7.

595 2592 688 2654 lis,
725 2592 816 2661 qui
856 2588 1083 2645 traditas
1113 2589 1273 2644 nobis
1326 2604 1538 2659 preces,
1591 2599 1645 2643 et
1703 2590 1989 2645 cautiones
2017 2606 2106 2644 sa—

524 2701 665 2749 cras,
707 2701 769 2738 ac
798 2683 1032 2755 primum
1052 2682 1272 2755 quidem
1302 2682 1369 2736 ab
1391 2682 1595 2736 sanctis
1620 2681 1895 2750 Apostolis
1931 2681 2105 2750 impe-

526 2789 670 2833 ratas
703 2782 804 2845 (ut,
834 2793 957 2832 cum
1020 2777 1176 2831 divus
1228 2775 1427 2829 l’aulus
1487 2775 1602 2828 ait:
1663 2774 1962 2843 Implemini
1998 2775 2105 2843 spi-

522 2875 650 2935 ritu,
687 2872 953 2942 loquen'es
976 2869 1193 2924 invicem
1212 2870 1265 2921 in
1293 2867 1528 2938 psalmis,
1558 2869 1783 2936 hymnis,
1813 2876 1861 2922 ει
1897 2869 2104 2921 cantio-

523 2964 672 3017 nibus
714 2962 1081 3034 spiritualibns
1113 2962 1153 3015 ³.
1190 2959 1582 3031 )Tumelqua:
1648 2960 1907 3030 deinceps
1937 2977 1965 3015 a
2023 2961 2107 3015 di-

526 3058 669 3111 vinis
747 3056 1031 3125 beatisque
1082 3054 1342 3113 Ecclesiae
1392 3052 1644 3111 Pati-ibus
1704 3063 1760 3108 et
1788 3054 2105 3110 doctoribus

521 3151 725 3207 lelictae
779 3156 950 3203 sunt:
1018 3140 1125 3213 his,
1184 3147 1429 3217 inquam,
1486 3144 1579 3214 qui
1644 3160 1737 3199 eas
1784 3159 2003 3208 omnes,
2046 3154 2106 3200 ut

523 3243 736 3299 ratilem
756 3241 1046 3298 acinaneni
1071 3239 1319 3309 repetitae
1335 3239 1702 3293 invocationis
1718 3238 2104 3307 loquacitatem

527 3334 801 3405 rejicinnl,
852 3340 907 3386 et
959 3331 1238 3401 enlpant:
1301 3331 1354 3383 in
1417 3330 1690 3400 principio
1722 3340 1907 3385 autem
1937 3346 2104 3385 sutea

528 3428 638 3481 Deo
667 3425 1021 3483 discessionis
1050 3423 1444 3478 solummodo:
1483 3422 1647 3477 Pater
1685 3433 1880 3491 noster,
1928 3426 2018 3495 qui
2054 3442 2106 3479 es

522 3521 579 3573 in
626 3520 790 3579 cretis,
863 3534 987 3573 cum
1051 3517 1375 3571 adoratione
1426 3520 1584 3571 Orare
1610 3518 1834 3581 docent,
1899 3518 2107 3586 absque

524 3614 798 3668 dominico
827 3612 1222 3685 ﬁgurazcrncis
1272 3612 1327 3664 in
1363 3611 1503 3666 facie
1551 3612 1832 3681 signaculo
1863 3626 1882 3676 ;
1922 3610 2105 3664 Domi-

525 3723 654 3761 num
690 3689 937 3758 nostrum
994 3702 1184 3758 Jesnm
1250 3703 1530 3758 Christum
1590 3702 1896 3758 orationem
1945 3704 2106 3757 istam

526 3794 999 3857 .iobistradidisse
1060 3804 1466 3864 prmtexentes;
1540 3809 1733 3849 revera
1798 3802 2003 3857 autem,
2051 3803 2110 3847 ut

523 3887 915 3942 exsecrandum
981 3895 1187 3957 patrem
1279 3901 1439 3940 suum
1517 3886 1774 3943 Satanam
1856 3886 2111 3939 invocent

524 3988 540 4047 ζ
553 3981 714 4051 hujus
747 3979 890 4034 enim
913 3978 1082 4051 gratia
1108 3995 1136 4031 a
1164 3987 1366 4033 sancta:
1399 3977 1577 4033 crucis
1600 3977 1879 4047 signaculo
1914 3977 2112 4032 abhor-

530 4085 674 4139 rent,
713 4084 766 4128 et
792 4073 925 4127 illud
949 4088 978 4127 a
1003 4070 1206 4141 divinis
1246 4069 1502 4127 Ecclesia:
1528 4070 1828 4125 luminibus
1865 4086 1929 4125 ac
1958 4070 2111 4125 duci-

438 4222 442 4226 ,
525 4169 626 4220 bus
663 4166 909 4223 additum
944 4173 1270 4230 extremum,
1297 4162 1442 4233 quod
1470 4163 1710 4216 orationi
1736 4161 2023 4219 dominicae
2055 4162 2111 4216 in

524 4259 749 4330 gloriam
769 4255 1277 4321 consubstantialis,
1312 4264 1367 4309 et
1394 4253 1696 4310 individua:
1751 4255 2036 4311 Trinitatis
2055 4255 2109 4310 in

524 4349 799 4422 precando
858 4350 1147 4419 subjicitur
1191 4347 1593 4402 corollarium:
1654 4344 1791 4411 Quia
1849 4354 1997 4400 tuum
2037 4356 2110 4400 est

525 4461 763 4517 regnum,
816 4454 864 4499 et
912 4444 1165 4513 potentia,
1207 4452 1255 4495 et
1295 4441 1490 4513 gloria,
1546 4439 1752 4502 Patris,
1783 4449 1827 4493 et
1863 4439 2015 4507 Filii,
2064 4450 2133 4495 ειη

2209 1960 2344 2029 ἡμῖν
2376 1959 2797 2030 παραδοθείσας,
2838 1961 3000 2013 άνάθε
3013 1979 3110 2029 μα.

2802 2054 2860 2106 Ἀ
2870 2056 3075 2123 νιιθεμ.
3122 2060 3195 2118 ς’.

2278 2143 2407 2206 Τοῖς
2439 2143 2690 2211 λέγουσιν
2719 2143 2792 2206 ὡς
2826 2146 2853 2197 ὁ
2889 2146 2946 2196 ἐν
2980 2146 3169 2215 Κυρίῳ
3201 2144 3400 2213 γάμος,
3446 2147 3537 2200 καὶ
3577 2149 3602 2218 ί]
3645 2148 3789 2202 κατὰ

2208 2233 2342 2286 Θεὸν
2408 2236 2753 2303 κρεωοεαγία,
2785 2236 3050 2305 βδελυκτά
3101 2237 3208 2291 είσι
3256 2239 3334 2306 τῷ
3393 2239 3530 2309 Θεῷ,
3575 2239 3668 2293 καὶ
3701 2241 3790 2295 διὰ

2206 2327 2366 2380 τοῦτο
2389 2329 2677 2400 ἀμφότερα
2709 2329 3126 2401 ἀνατρέπουσιν,
3156 2331 3428 2401 ἀνάθεμα.

2811 2510 2869 2564 Ἀ
2880 2514 3082 2580 ναθεμ.
3125 2510 3163 2572 ζ

2279 2604 2405 2666 Τοῖς
2434 2604 2502 2657 τά
2542 2603 2945 2666 παραδοθείσας
2978 2607 3113 2674 ἡμῖν
3161 2604 3327 2674 εὐχάς
3363 2622 3418 2657 τε
3471 2608 3561 2658 καὶ
3601 2606 3789 2676 ὑμνῳ⁴

2206 2694 2341 2753 δίας,
2377 2694 2591 2763 πρῶτον
2623 2697 2720 2765 μὲν
2751 2697 2903 2765 παρὰ
2929 2696 3037 2747 τῶν
3064 2696 3221 2748 θείων
3256 2696 3590 2759 ἀποστόλων,
3631 2702 3794 2765 Πλη-

2199 2787 2426 2857 ροῦσθε
2443 2788 2567 2859 γὰρ,
2591 2790 2851 2857 manner
2872 2791 3162 2857 πνεύματι
3179 2791 3537 2857 ,λαλοῦντες
3555 2792 3794 2855 ἑαυτοῖς

2207 2880 2510 2949 ψαλμοὺς,
2560 2882 2657 2934 καὶ
2711 2882 2965 2951 ὕμνους,
3020 2881 3119 2934 καὶ
3164 2882 3322 2947 ᾠδὰς
3352 2882 3786 2952 πνευματικὰς.

2210 2972 2441 3023 Ἔπειτα
2472 2972 2528 3025 δὲ
2578 2971 2671 3025 καὶ
2704 2972 2942 3043 καθεξῆς
2991 2973 3144 3043 παρὰ
3175 2973 3283 3026 τῶν
3341 2974 3501 3027 θείων
3539 2976 3635 3028 καὶ
3682 2993 3791 3044 μαι

2209 3064 2450 3135 καριτῶν
2490 3061 2819 3135 Ἐκειλησίας
2852 3066 3111 3135 Πατέρων
3142 3068 3237 3120 καὶ
3271 3067 3629 3121 διδασκάλων.
3662 3069 3790 3130 Τοῖς

2208 3152 2300 3209 οὗν
2358 3157 2561 3219 ταύτας
2619 3158 2800 3221 πάσας
2852 3159 2926 3222 ὡς
2986 3159 3343 3228 βαττολογίας
3397 3163 3789 3231 ἀνατρέπουσι.

2207 3244 2300 3297 καὶ
2343 3245 2718 3299 διαϐάλλουσιο
2751 3247 2808 3298 ἐν
2837 3247 2976 3317 ἀρχῇ
3007 3247 3062 3298 δὲ
3095 3248 3194 3317 τῆς
3222 3247 3330 3300 ἀπὸ
3361 3248 3455 3301 τοῦ
3489 3249 3623 3301 Θεοῦ
3672 3250 3762 3302 δια

2208 3338 2471 3403 στάσεως,
2518 3338 2678 3406 μόνον
2720 3338 2781 3391 τὸ
2823 3336 3017 3406 Πάτερ
3061 3338 3230 3408 ἡμῶν
3281 3342 3313 3393 ό
3350 3341 3417 3393 ἐν
3446 3339 3571 3404 τοῖς
3618 3343 3794 3407 οὐρα-

2207 3427 2355 3493 νοῖς,
2394 3426 2531 3497 μετὰ
2568 3428 2670 3496 τῆς
2701 3429 2777 3489 είς
2805 3427 2909 3497 γῆν
2958 3428 3335 3491 κατακλίσεως
3369 3429 3793 3481 ἐκπαιδεύουσιν

2211 3518 2521 3582 ποιεῖσθαι,
2584 3520 2714 3571 ἄνευ
2761 3519 2862 3589 τῆς
2918 3520 3011 3572 τοῦ
3067 3520 3390 3572 δεσποτικοῦ
3429 3521 3659 3589 σημείου
3712 3521 3795 3589 τῷ

2209 3612 2490 3681 προσώπῳ
2537 3612 2842 3682 σταυρικῆς
2894 3609 3283 3675 ἐκτυπώσεως,
3344 3613 3620 3682 προφάσει
3671 3611 3793 3680 μὲν,

2208 3701 2283 3763 ὡς
2313 3701 2407 3756 τοῦ
2439 3702 2712 3755 Δεσπότου
2739 3702 2896 3772 ἡμῶν
2928 3702 3105 3771 Ἰησοῦ
3134 3701 3374 3771 Χριστοῦ
3408 3702 3506 3770 τὴν
3530 3701 3793 3769 τοιαύτην

2209 3793 2374 3864 εὐχὴν
2406 3793 2761 3864 παραδόντος,
2779 3796 2844 3862 τῇ
2885 3792 2928 3845 δ’
2960 3792 3213 3863 ἀληθείᾳ,
3235 3791 3519 3860 ἐπικλήσει
3549 3790 3641 3845 τοῦ
3677 3791 3797 3860 βδεο

2210 3886 2375 3957 λυροῦ
2403 3886 2586 3939 αὐτῶν
2622 3887 2826 3957 πατρὸς
2852 3885 2946 3938 τοῦ
2994 3886 3241 3938 Σατανᾶ*
3271 3884 3466 3937 τούτου
3494 3884 3600 3953 γὰρ
3631 3884 3795 3954 χάριν

2212 3979 2307 4032 καὶ
2336 3978 2434 4049 τὴν
2470 3980 2774 4049 σταυρικὴν
2807 3979 3110 4048 σημείωσιν
3150 3975 3550 4039 ἀποὸάλλοντα,
3587 3976 3681 4028 καὶ
3731 3977 3794 4028 ra

2216 4071 2367 4140 παρὰ
2392 4071 2502 4123 τῶν
2530 4070 2691 4122 θείων
2721 4070 3028 4138 φωστήρων
3062 4069 3154 4122 καὶ
3182 4070 3283 4137 τῆς
3326 4066 3656 4135 Ἑκκλησίας
3687 4084 3793 4119 κα-

2214 4163 2473 4234 θηγητῶν
2510 4162 2813 4233 προστεθὲν
2856 4161 3271 4232 ἀκροτελεύτιον
3324 4158 3679 4228 ἐπιφώνημα,
3710 4161 3794 4219 είς

2212 4255 2371 4320 δόξαν
2428 4258 2528 4325 τῆς
2572 4253 2860 4325 ὁμοουσίου
2891 4254 2984 4306 καὶ
3032 4252 3341 4321 ἀδιαιρέτου
3401 4252 3651 4321 Τριάδος,
3699 4252 3792 4303 τό·

2216 4350 2346 4411 Ὀτι
2371 4347 2490 4402 σοῦ
2519 4348 2692 4401 ἔστιν
2720 4349 2757 4414 ἡ
2785 4348 3095 4411 βασιλεία,
3128 4346 3226 4401 καὶ
3259 4347 3295 4414 ἡ
3339 4345 3489 4409 δόξα
3527 4343 3633 4397 τοῦ
3680 4347 3800 4396 Ila-

2214 4442 2353 4511 τρὸς
2396 4440 2494 4494 καί
2539 4440 2646 4494 τοῦ
2687 4440 2853 4501 Tim),
2902 4442 2997 4492 καὶ
3043 4440 3149 4493 τοῦ
3200 4441 3372 4508 ἁγίου
3426 4438 3794 4505 ﬁred/tame.

525 4537 755 4606 Spiritus
785 4537 975 4602 sancti,
1004 4550 1069 4588 ne
1090 4533 1277 4587 audire
1306 4533 1524 4603 quidem
1554 4530 1868 4596 sustinent).
1897 4530 1967 4586 lis
2014 4532 2107 4602 igi-

2220 4534 2340 4588 ούδὲ
2387 4535 2618 4587 ἀκοῦσαι
2662 4533 2966 4603 ἀνέχονται.
3011 4533 3135 4595 Τοῖς
3191 4532 3285 4584 οὖν
3336 4532 3479 4585 οὕτω
3536 4529 3799 4600 φρονοῦσι

526 4644 636 4694 tur,
667 4630 758 4699 qui
784 4630 854 4683 ita
885 4629 1150 4690 sentiunt,
1188 4642 1250 4680 ac
1279 4627 1497 4690 docent,
1556 4634 1610 4679 et
1648 4625 1714 4678 ad
1749 4624 1911 4677 tinem
1945 4638 2115 4692 usque

529 4726 583 4777 in
609 4719 918 4776 istiusmodi
944 4734 1113 4791 prava
1170 4718 1498 4773 infitiatione
1553 4728 1926 4787 perseverant,
1984 4730 2117 4771 ana-

530 4815 732 4871 thema.

1124 4903 1402 4957 Anatliem.
1447 4900 1499 4956 8.

597 4998 688 5061 lis,
717 4996 805 5067 qui
829 5002 1129 5051 conventus
1190 4996 1246 5048 in
1280 4994 1521 5051 ecclesiis
1570 5001 1913 5060 aversantur,
1969 4992 2108 5047 etin

530 5090 751 5157 privatis
769 5088 901 5143 locis
923 5086 1235 5159 pmsident,
1288 5086 1616 5157 doceatque,
1659 5086 1841 5157 specie
1886 5085 2107 5156 quidem

534 5184 752 5254 majoris
782 5181 986 5252 quietis
1026 5194 1212 5244 causa,
1274 5194 1470 5249 reapse
1528 5188 1737 5247 autem,
1793 5187 1851 5233 ut
1885 5176 2105 5248 profani

531 5291 720 5331 eorum
763 5272 971 5329 erroris
1018 5272 1266 5343 dogmata
1332 5270 1589 5342 redargui
1654 5277 1952 5340 nequeant,
2004 5267 2101 5323 sed

534 5368 786 5440 ignobilia
808 5366 1159 5429 delitescant,
1213 5364 1461 5432 adeoque
1508 5373 1568 5418 ut
1624 5363 1678 5417 in
1729 5362 1914 5417 abdito
1943 5373 2110 5414 omne

529 5468 692 5515 secta:
723 5474 834 5512 suae
864 5471 1138 5511 venenum
1174 5457 1369 5510 animis
1396 5472 1425 5509 a
1460 5470 1520 5509 se
1578 5455 1631 5508 in
1657 5468 1898 5509 errorem
1938 5452 2110 5507 dedu—

530 5563 745 5609 ctorum
773 5564 840 5607 eo
868 5546 1082 5607 facilius
1123 5549 1468 5613 infundant;
1531 5548 1706 5612 hisce,
1781 5546 1824 5599 si
1875 5548 1943 5600 ad
1992 5544 2116 5599 vita:

532 5656 836 5701 extremum
862 5643 1154 5699 terminum
1183 5643 1238 5699 in
1258 5658 1445 5699 errore
1463 5638 1957 5713 perseveraverint,
1982 5654 2116 5694 ana-

528 5747 732 5794 thema.

601 5853 620 5884 ³
648 5852 825 5923 Ephes
878 5867 927 5908 τ.
964 5848 1162 5917 18,19.

2214 4629 2306 4680 καὶ
2332 4626 2669 4691 διδάσκουσι,
2704 4625 2799 4678 καὶ
2832 4626 2960 4694 ἄχρι
2990 4626 3175 4687 τέλους
3199 4626 3268 4697 τῇ
3313 4623 3536 4695 τοιαύτῃ
3580 4623 3799 4691 πονηρᾷ

2213 4719 2470 4773 ὲνστάσει
2500 4720 2856 4790 ἐμμένουσιν,
2885 4717 3160 4787 ἀνάθεμα.

2802 4900 3068 4967 Ἀναθεμ.
3150 4894 3226 4961 η’.

2284 4997 2407 5059 Τοῖς
2437 4994 2537 5058 τὰς
2566 4996 2623 5048 ὲν
2661 4992 2982 5063 ἐκκλησίαις
3029 4989 3279 5055 συνάξεις
3330 4986 3798 5057 βδελυττομένοις,

2213 5089 2307 5142 καὶ
2332 5088 2391 5139 ἐν
2429 5084 2689 5152 ίδιάζουσι
2721 5085 2908 5146 τόποις
2964 5080 3469 5152 προσκαθημένοις,
3516 5080 3610 5133 καὶ
3652 5078 3805 5131 διδά-

2216 5197 2429 5245 σκουσι,
2465 5179 2740 5251 προφάσει
2773 5179 2870 5246 μὲν
2909 5174 3139 5245 ἡσυχίας
3171 5175 3353 5243 χάριν,
3395 5174 3461 5242 τῇ
3497 5170 3542 5223 δ’
3567 5170 3803 5240 ἀληθείᾳ.

2210 5270 2309 5324 ἐπὶ
2331 5270 2409 5339 τῷ
2440 5270 2540 5339 τῆς
2574 5267 2807 5339 βεϐήλου
2840 5265 3021 5320 αὐτῶν
3056 5264 3267 5331 πλάνης
3296 5261 3659 5329 ἀνεξέλεγκτα
3694 5260 3797 5330 pi—

2212 5383 2347 5432 νειν,
2374 5365 2469 5420 καὶ
2499 5365 2865 5432 άδιάγνωστα,
2901 5361 2965 5414 ἵν’
2990 5357 3163 5420 οὕτως
3209 5358 3266 5408 ὲν
3317 5353 3655 5424 παραϐύστῳ
3704 5352 3806 5404 τὸν

2214 5459 2335 5511 ὅλον
2369 5456 2443 5509 ἰὸν
2472 5457 2573 5526 τῆς
2603 5454 2785 5509 αὐτῶν
2816 5452 3085 5523 αἱρέσεως
3116 5450 3227 5510 τοῖς
3257 5446 3348 5499 ὑπ’
3379 5445 3558 5498 αὐτῶν
3589 5445 3808 5511 πλανη-

2215 5550 2385 5603 θεῖσιν
2413 5549 2668 5617 ἐκχέωσι,
2690 5545 2898 5606 τούτοις
2929 5543 3099 5595 πᾶσιν
3117 5540 3243 5610 ἄχρι
3258 5537 3444 5601 τέλους
3473 5539 3547 5608 τῇ»
3569 5533 3809 5609 τοιαύτῃ

2220 5639 2396 5710 πλάνῃ
2424 5638 2773 5709 ἐμμένουσιν,
2805 5635 3076 5704 ἀνάθεμα.
