4018 6572
263 431 322 493 δι
1384 440 1611 504 PETRI
1645 443 1939 507 POSSINI
1973 442 2402 507 Dantcmo.
3445 445 3517 508 cz

261 551 516 612 dustriaa
553 553 617 612 in
653 554 1134 616 elucubratione
1173 554 1385 634 operis
1413 555 1712 634 ingentis,
1761 557 1828 619 in
1886 575 2013 638 quo
2046 559 2346 620 decorum
2381 559 2639 620 istorum
2675 559 2954 621 omnium
3002 558 3267 636 insignia
3311 561 3518 636 Specie

263 650 426 708 mina
468 656 794 711 exstat-em
827 673 840 711 :
873 651 1163 711 Historia)
1188 650 1488 712 videlicet
1521 670 1727 713 rerum
1786 655 1975 732 longo
2030 657 2222 734 patris
2260 655 2358 716 sui
2411 655 2758 734 principatu
2809 657 3219 717 maximarum
3258 673 3327 716 ac
3361 656 3516 715 mire

264 744 571 804 variarum
609 753 767 804 terra
806 745 1092 825 marique
1116 753 1243 807 tota
1279 745 1414 813 fere
1447 747 1588 806 Asia
1620 749 1999 827 Europaque
2035 759 2349 830 gestarum
2387 769 2400 812 :
2434 769 2590 830 quas
2626 754 3088 814 accuratissima
3121 753 3516 813 collectionis

261 838 612 914 diligentia,
650 858 770 902 nec
807 842 1016 903 minus
1045 843 1195 904 scita
1228 843 1656 922 descriptione
1685 844 1948 907 ordinis.
1983 853 2170 920 atque
2203 844 2645 922 esplicationis
2674 854 2898 907 ornatu
2933 845 3288 924 complexa.
3330 844 3512 906 simul

263 937 569 1015 praeclare
603 957 634 998 a
678 957 746 1000 se
771 939 1129 1001 consultum
1169 940 1422 1001 rebatur
1448 938 1798 1000 rationibus
1838 939 2108 1019 publicis
2133 948 2320 1002 tantae
2352 939 2631 1001 utilitatis
2700 941 2859 1001 libro
2915 943 3276 1018 vulgando;
3328 941 3510 1002 simul

262 1036 545 1112 privatas
579 1054 729 1115 spes
759 1036 945 1098 famte
978 1054 1050 1099 ac
1093 1037 1413 1098 memoriae
1445 1038 1769 1116 perennis,
1804 1053 1960 1114 quas
2009 1035 2128 1096 isto
2164 1036 2411 1116 pietatis
2444 1037 2666 1097 eodem
2725 1036 3160 1116 facultatisque
3197 1055 3325 1099 suae
3358 1056 3515 1100 con-

263 1132 580 1208 signasset
615 1143 1060 1206 monumento,
1099 1151 1227 1196 non
1265 1135 1428 1196 male
1459 1136 1833 1196 constitutas
1876 1133 2326 1209 gratulabatur.
2378 1135 2679 1194 Caeterum
2731 1151 2920 1213 quam
2963 1154 3106 1196 vere
3165 1138 3313 1198 illud
3367 1139 3515 1199 olim

261 1229 570 1306 scriptum
608 1249 642 1291 a
679 1233 958 1309 quodam
996 1233 1074 1293 sit
1109 1253 1122 1291 :
1169 1233 1584 1308 Quantumvis
1619 1233 1801 1293 docta
1834 1231 2192 1308 disertaque
2223 1248 2435 1306 opera,
2489 1229 2701 1290 blattis
2726 1230 2922 1293 nihilo
2965 1233 3163 1293 secius
3212 1253 3280 1291 ac
3331 1234 3517 1295 tineis

263 1326 482 1402 epulas
527 1328 786 1396 datura,
820 1327 950 1388 nisi
979 1330 1253 1406 potentis
1287 1339 1343 1389 et
1377 1329 1631 1408 benigni
1676 1329 1847 1408 genii
1881 1327 2119 1405 efﬁcaci
2153 1327 2550 1404 proridenliu
2585 1338 2886 1387 curentur
2923 1349 2943 1386 :
2977 1344 3102 1388 non
3136 1328 3260 1388 alio
3297 1328 3518 1388 melius

262 1425 586 1500 exemplo,
631 1445 821 1508 quam
858 1424 1040 1505 hujus
1066 1427 1202 1488 libri
1236 1427 1461 1489 misera
1496 1434 1554 1488 et
1589 1423 1970 1488 lamentabili
2013 1421 2261 1484 fortuna
2311 1424 2786 1502 comprobatum
2831 1431 2944 1484 est.
2982 1423 3129 1485 Tam
3165 1434 3426 1484 venusto
3468 1425 3518 1484 is

261 1519 522 1595 quidem
553 1521 940 1585 elocutionis
971 1523 1122 1585 ﬂore
1152 1531 1447 1602 comptus
1491 1532 1631 1585 ortu
1665 1522 1804 1600 ipso
1847 1520 2048 1600 primo
2079 1519 2336 1599 prodiit,
2370 1526 2436 1580 ut
2474 1519 2523 1579 si
2559 1518 2815 1580 fabellas
2849 1527 2908 1579 et
2942 1539 3134 1598 nugas
3169 1539 3370 1581 meras
3405 1521 3515 1581 ista

259 1614 579 1690 e'eganlia
612 1619 878 1692 garriret
902 1620 1175 1692 aniliter,
1212 1627 1438 1682 ornatu
1462 1619 1598 1682 solo
1642 1619 1942 1680 dictionis
1992 1614 2372 1678 honoratum
2413 1617 2578 1677 inter
2640 1617 2980 1695 scriptores
3038 1618 3279 1679 Atticos
3335 1617 3516 1696 primi

257 1711 546 1771 subsellii
588 1713 1025 1776 eb’anditurus
1058 1716 1173 1776 sibi
1211 1716 1392 1778 facile
1426 1716 1632 1777 locum
1659 1715 1869 1775 fuerit.
1904 1717 2144 1775 Rursus
2175 1720 2298 1774 tam
2336 1732 2519 1791 grave
2544 1720 2795 1790 tamque
2851 1715 3010 1774 scitu
3069 1716 3518 1782 necessarium.

261 1805 366 1864 tali
391 1808 842 1885 dispositionis
871 1818 1027 1883 arte,
1067 1820 1367 1890 tantaque
1403 1812 1758 1873 maturitate
1783 1811 2009 1890 judicii
2047 1821 2486 1887 argumentum
2524 1810 2796 1889 exillicat
2841 1830 2917 1886 ac
2945 1811 3197 1888 digerit,
3237 1820 3300 1873 ut
3335 1813 3382 1873 si
3419 1812 3516 1872 lo-

257 1907 1119 1983 quereturinquinatissime.
1159 1916 1366 1969 tamen
1393 1908 1734 1987 splendore
1765 1925 2061 1969 sensuum
2097 1907 2379 1968 illuviem
2417 1908 2777 1978 verborum,
2807 1916 2867 1968 et
2900 1907 3183 1968 historiae
3215 1925 3338 1968 non
3372 1908 3515 1969 alibi

259 2008 530 2060 narratze
576 2003 964 2080 praestantia,
997 2004 1198 2066 labem
1249 2005 1528 2068 barbarae
1559 2023 1630 2067 ac
1674 2005 2083 2066 balbutientis
2143 2005 2446 2066 orationis
2515 2015 2728 2084 posset
2787 2005 3124 2067 redimere.
3190 2008 3516 2066 Postremo

258 2103 434 2182 quod
481 2106 814 2166 mulierem
850 2109 1266 2188 eamdemque
1299 2111 1361 2171 in
1393 2125 1590 2185 regno
1625 2118 1828 2170 natam
1873 2125 1946 2169 ac
1980 2110 2274 2170 nutritam
2313 2109 2534 2188 Operis
2563 2109 2746 2186 spissi
2785 2108 3144 2186 prolixique
3177 2107 3371 2169 fuisse
3400 2125 3516 2168 au-

259 2208 500 2260 ctorem
537 2210 806 2273 constat,
835 2220 934 2263 res
953 2212 1044 2266 est
1069 2205 1351 2283 profecto
1390 2205 1699 2284 ejusmodi
1725 2221 1867 2284 qute
1898 2207 2226 2284 scriptioni
2264 2224 2379 2267 nec
2409 2207 2549 2284 styli
2576 2207 2808 2284 alioqui
2846 2225 2960 2266 nec
2989 2205 3262 2266 malerim
3287 2221 3516 2280 genere

261 2296 600 2370 tolerabili,
647 2301 898 2362 raritate
932 2303 1066 2381 ipsa
1100 2310 1160 2364 et
1190 2304 1673 2366 admirabilitate
1703 2304 2046 2382 scriptricis
2080 2304 2309 2380 regium
2349 2306 2614 2382 pretium
2649 2304 2813 2381 apud
2853 2320 3074 2382 aequos
3104 2303 3515 2364 (estin-latores

262 2410 477 2453 rerum
514 2396 772 2457 abunde
807 2415 1103 2475 magnum
1135 2401 1542 2463 conciliatura
1591 2402 1947 2474 videretur;
2007 2408 2073 2462 ut
2126 2419 2252 2462 non
2310 2402 2454 2462 ferri
2496 2401 2697 2462 solum
2732 2410 2792 2461 et
2835 2400 2986 2477 legi,
3048 2400 3157 2460 sed
3213 2400 3515 2462 celebrari

261 2489 448 2549 etiam
480 2500 673 2570 atque
715 2497 926 2572 expeti
961 2495 1103 2573 jure
1141 2496 1423 2558 deberet.
1458 2499 1528 2558 Et
1553 2509 1758 2558 tamen
1797 2516 1810 2557 :
1844 2515 1881 2558 o
1915 2515 2043 2558 rem
2068 2499 2371 2558 miramne
2403 2498 2600 2574 magis
2623 2499 2821 2557 dicam
2845 2515 2920 2558 an
2948 2497 3235 2556 miseram
3267 2494 3278 2556 l
3311 2504 3515 2556 tamen

263 2584 368 2644 ille
401 2591 495 2646 tot
530 2588 901 2650 nominibus
928 2591 1002 2651 ad
1046 2592 1266 2653 famam
1297 2599 1485 2672 atque
1521 2594 1595 2654 ad
1635 2593 2061 2654 celebritatem
2113 2595 2590 2656 commendatus
2647 2595 2826 2665 liber,
2875 2599 3163 2672 spretus,
3216 2592 3514 2669 abjectus.

269 2681 561 2756 neglectu
595 2685 881 2745 omnium
907 2687 1168 2748 obrutus
1197 2689 1385 2749 annis
1415 2690 1776 2768 quingentis
1807 2689 1867 2749 in
1899 2690 2021 2750 situ
2053 2708 2123 2751 ac
2160 2693 2438 2751 tenebris
2461 2692 2660 2769 jacuit
2695 2709 2707 2752 :
2744 2708 2814 2752 ac
2847 2707 2990 2752 cum
3033 2689 3182 2750 olim
3236 2697 3326 2749 tot
3381 2687 3512 2748 alia?

271 2779 438 2838 nulla
468 2779 617 2840 huic
643 2798 719 2841 ex
753 2791 927 2860 parte
961 2786 1402 2863 comparanda)
1433 2788 1816 2853 Graecorum,
1853 2786 2111 2855 ultimae,
2162 2789 2408 2859 mediae,
2463 2789 2693 2849 eitiuue
2760 2787 3084 2848 vetustatis
3127 2785 3512 2846 lucubratio-

267 2892 398 2947 nes,
435 2878 530 2937 vel
568 2895 600 2938 a
634 2878 1120 2942 Venetiensibus
1170 2882 1303 2943 Aldi
1356 2883 1547 2962 typis,
1591 2883 1683 2943 vel
1736 2901 1766 2943 a
1809 2883 2272 2944 Basileensibus
2322 2885 2636 2955 Frobenii,
2675 2884 2764 2944 vel
2812 2885 2890 2944 ab
2926 2883 3062 2944 aliis
3111 2883 3253 2942 alibi
3315 2882 3512 2942 lucem

265 2975 632 3050 acceperint
665 2992 680 3046 ;
725 2982 784 3035 et
817 2995 956 3037 cum
991 2977 1162 3038 multi
1198 2979 1546 3039 exstiterint
1575 2987 1840 3056 utraque
1865 2979 2032 3040 docti
2067 2979 2272 3054 lingua
2304 2979 2592 3040 homines
2625 2981 2728 3059 qui
2769 2982 2979 3040 Latine
3004 2979 3511 3058 interpretandos

267 3084 300 3126 e
332 3069 556 3131 Graeco
599 3070 792 3131 libros
824 3073 1154 3134 ambitiose
1199 3075 1668 3152 conquirerent,
1703 3092 1823 3135 una
1874 3074 2071 3138 ferme
2118 3078 2398 3138 onmium
2449 3081 2642 3137 Annae
2695 3078 2942 3138 Alexias
2989 3076 3107 3136 fuit
3157 3093 3342 3154 quam
3403 3093 3512 3136 sua

266 3166 558 3243 quredam
603 3166 996 3231 incredibilis
1023 3170 1356 3233 infelicitas
1399 3170 1817 3250 prohibuerit,
1850 3188 1927 3234 ne
1966 3174 2030 3234 in
2062 3174 2256 3234 ullum
2291 3191 2565 3252 unquam
2596 3178 2881 3236 Graicum
2913 3172 3411 3252 typographum.
3447 3173 3510 3231 in

269 3263 556 3325 Latinum
611 3267 1023 3346 interpretem
1079 3270 1276 3331 ullum
1335 3271 1664 3334 incideret.
1725 3271 1876 3333 Nam
1949 3269 2528 3332 Ilaeschelianorum
2597 3279 3036 3349 excerptorum
3096 3275 3512 3346 Augustanam

267 3360 682 3423 emissionem
723 3364 890 3424 illam
925 3383 1111 3426 nemo
1140 3384 1363 3445 aequus
1390 3368 1623 3446 Opinor
1655 3370 1850 3444 magis
1898 3367 2326 3446 gratulandam
2359 3367 2712 3428 Cassarissm
2763 3367 3070 3445 putaverit
3104 3385 3292 3444 quam
3330 3384 3509 3444 puer-

266 3471 432 3532 perte
469 3459 769 3520 aborsum
805 3479 1000 3540 passae
1033 3461 1345 3524 infelicem
1373 3463 1744 3542 ejectionem
1773 3464 1935 3526 fetus
1964 3474 2319 3526 monstrose
2355 3465 2553 3525 mutili
2583 3471 2641 3525 et
2675 3465 2925 3525 mortui.
2955 3465 3089 3524 Fuit
3117 3472 3327 3524 tamen
3369 3481 3512 3524 cum

267 3553 622 3630 respexisse
656 3559 895 3617 Annam
935 3559 1160 3619 melior
1180 3557 1430 3620 fortuna
1463 3560 1584 3620 visa
1616 3568 1730 3621 est.
1759 3561 2030 3623 Jacobus
2057 3562 2476 3640 Cujacius,vir
2504 3564 2691 3636 longe
2721 3561 3003 3622 omnium
3040 3561 3324 3637 ingenio.
3350 3559 3512 3637 juris

265 3650 552 3722 scientia,
594 3651 946 3729 linguarum
983 3657 1200 3717 notitia
1229 3656 1632 3730 clarissimus,
1667 3658 1975 3720 Alex-iadis
1996 3658 2279 3719 codicem
2319 3666 2561 3722 nactus.
2599 3658 2770 3735 legit,
2797 3657 3102 3734 suspexit,
3130 3655 3510 3735 pl'mdiCliViL

267 3744 576 3823 Denique,
621 3765 753 3826 quo
790 3752 942 3811 nihil
974 3756 1187 3824 Annte,
1215 3753 1369 3814 nihil
1407 3753 1494 3814 rei
1534 3753 1848 3815 litterariae
1883 3754 2215 3816 consulere
2255 3755 2676 3832 Opportunius
2720 3754 2943 3833 potuit.
2973 3753 3290 3814 viroillam
3322 3769 3509 3814 orna-

268 3841 510 3903 tissimo
547 3848 1110 3928 eruditissimoque
1147 3851 1614 3912 commendavit
1643 3852 1824 3912 Petro
1871 3851 2089 3923 Fabro,
2132 3869 2163 3912 a
2199 3868 2327 3930 quo
2381 3851 2723 3911 editionem
2785 3868 2924 3911 cum
2987 3850 3510 3928 interpretatione

271 3942 488 4003 Latina
515 3945 921 4024 eonjunctam
954 3966 1206 4026 sperare
1239 3949 1440 4028 ipsam
1481 3957 1822 4027 Oporteret.
1861 3952 1958 4021 At,
2010 3965 2048 4008 0
2098 3947 2382 4010 fallacem
2417 3946 2834 4008 reconciliata;
2864 3963 3006 4006 eum
3035 3953 3208 4006 sorte
3249 3949 3507 4006 adversa

269 4039 478 4112 gratiae
515 4040 701 4101 fidem
733 4040 745 4103 l
790 4044 1107 4104 recruduit
1140 4045 1310 4106 brevi
1366 4046 1641 4107 atrocior
1668 4063 1854 4125 quam
1886 4053 2067 4106 antea
2111 4046 2376 4107 fatorum
2415 4044 2479 4104 in
2511 4048 2748 4104 Annam
2806 4043 2974 4119 rigor
3008 4060 3020 4102 :
3055 4059 3509 4121 nunquamque

269 4135 741 4211 desperavimus
773 4139 852 4198 de
882 4139 1226 4217 illajustius
1258 4158 1446 4220 quam
1476 4142 1580 4215 ubi
1608 4141 1892 4220 proxime
1923 4160 2103 4221 spem
2132 4159 2527 4204 veneramus.
2553 4139 2954 4201 Subtrahitur
2991 4139 3180 4201 rebus
3215 4140 3508 4200 humanis

271 4248 332 4290 re
369 4230 602 4292 infecta
639 4233 864 4295 Faber.
901 4235 1232 4315 Exemplar
1262 4237 1516 4298 unicum
1550 4237 1868 4298 Alexiadis
1917 4256 1992 4297 ex
2025 4240 2161 4317 ejus
2186 4238 2432 4300 scriniis
2463 4237 2620 4298 clam
2657 4253 2943 4297 aversum
2978 4235 3036 4294 in
3070 4235 3284 4296 nescio
3330 4234 3502 4313 quod

272 4326 630 4388 barathrum
656 4348 888 4408 quasve
921 4331 1207 4392 latumias
1232 4334 2052 4396 contruditurinexorabilis
2078 4335 2379 4395 CllSlOdltB
2413 4351 2426 4394 :
2459 4334 2576 4393 nisi
2609 4334 2818 4413 potius
2852 4332 3044 4410 (quod
3076 4332 3502 4393 verisimiliter

269 4425 369 4483 alii
411 4431 648 4500 rentur)
685 4444 834 4488 casu
865 4430 1139 4507 quodam
1171 4429 1402 4491 infesto
1435 4432 1834 4508 absumptum
1873 4441 1967 4492 est
1997 4431 2302 4493 funditus.
2333 4433 2445 4492 Hic
2473 4441 2579 4493 tua
2621 4439 2930 4508 quaedam.
2971 4433 3061 4490 vir
3089 4429 3496 4508 amplissime,

272 4539 477 4581 rerum
525 4522 656 4583 fato
699 4525 1031 4601 prudentia
1066 4526 1265 4604 major
1293 4528 1446 4588 etin
1489 4545 1618 4588 rem
1683 4528 2042 4589 litterariam
2103 4529 2290 4588 nullis
2351 4528 2722 4588 deterrenda
2779 4525 3264 4597 dillicullatibus,
3324 4526 3510 4588 nullis

273 4621 622 4678 coercenda
654 4619 883 4680 ﬁnibus
930 4621 1306 4698 benignitas,
1339 4625 1506 4683 velut
1541 4641 1574 4684 e
1614 4623 1902 4684 machina
1936 4626 2122 4696 Deus,
2164 4625 2387 4686 adfuit.
2426 4624 2710 4702 Capessis
2764 4621 2925 4684 hanc
2975 4639 3214 4694 curam,
3247 4622 3510 4684 adhibes

271 4714 576 4784 animum,
614 4714 863 4775 lustrari
891 4714 1304 4778 bibliothecas
1326 4717 1536 4796 jubes,
1577 4734 1808 4789 versas,
1848 4721 2135 4798 inquiris,
2172 4739 2296 4800 qua
2326 4720 2490 4781 vales
2539 4729 2796 4798 prepter
2827 4736 3134 4780 summam
3165 4719 3509 4780 auctorita-

275 4820 392 4871 tem
436 4819 750 4890 potestate
788 4812 1001 4890 longe,
1064 4831 1288 4892 prope,
1318 4815 1383 4875 in
1416 4821 1717 4886 nostrate,
1752 4815 1816 4874 in
1852 4823 2070 4879 extero
2099 4819 2260 4890 solo,
2304 4819 2570 4889 moliris,
2628 4818 2913 4893 indagas.
2955 4817 3210 4895 retegis.
3273 4817 3508 4892 satagis

275 4912 561 4988 plurima.
604 4912 945 4989 Postquam
969 4912 1117 4973 satis
1152 4913 1432 4974 constitit
1461 4912 1616 4973 nihil
1652 4913 1716 4973 in
1753 4911 1973 4983 Gallia,
2010 4911 2163 4972 nihil
2191 4914 2250 4972 in
2283 4912 2641 4983 Germania,
2685 4911 2834 4972 nihil
2888 4911 3129 4989 uspiam
3162 4910 3510 4988 Cisalpina-

275 5027 404 5068 rum
444 5008 721 5085 gentium
748 5008 885 5087 spei
917 5017 1024 5070 aut
1056 5009 1326 5088 praesidii
1361 5009 1440 5071 ad
1473 5015 1718 5070 Annam
1752 5027 1917 5082 esse,
1949 5009 2013 5070 in
2055 5009 2292 5070 Italiam
2329 5009 2698 5077 transvolas,
2734 5011 2951 5069 Romen
3002 5025 3131 5067 rem
3172 5024 3375 5078 curas,
3413 5024 3508 5068 ac-

273 5106 572 5166 cersitum
605 5105 758 5166 inde
820 5105 1106 5167 codicem
1144 5106 1544 5168 bibliothecae
1579 5107 1934 5168 Barberinai
1967 5122 2094 5166 non
2127 5107 2432 5185 Optimum
2465 5113 2570 5166 aut
2606 5104 3081 5180 integerrimum
3144 5103 3318 5162 illum
3363 5104 3509 5180 qui~

275 5203 438 5269 dem.
474 5210 686 5262 tamen
715 5202 1024 5280 ejusmodi
1061 5220 1187 5281 quo
1221 5203 1533 5282 interpres
1563 5221 1693 5265 non
1727 5203 1946 5274 hebes,
2003 5219 2119 5264 nec
2154 5203 2339 5281 plane
2382 5202 2714 5280 imperitus
2751 5198 3066 5261 consolari
3125 5197 3508 5259 desiderium

274 5300 551 5359 melioris
586 5309 827 5377 posset,
861 5316 1001 5359 cum
1038 5300 1339 5360 nonnulla
1370 5301 1598 5360 fiducia
1633 5317 1846 5378 Opera;
1875 5297 2213 5370 navandze;
2262 5298 2538 5364 allatum,
2570 5297 2849 5374 inquam.
2884 5293 2958 5353 ad
2994 5301 3050 5352 te
3083 5293 3282 5352 Roma
3320 5295 3509 5352 Lute-

273 5397 417 5456 tiam
451 5395 766 5475 ejusmodi
797 5397 1082 5456 codicem
1113 5397 1188 5456 ad
1223 5413 1321 5457 me
1348 5397 1639 5456 Tolosam
1673 5395 1884 5456 mittis.
1921 5393 2138 5454 Allixis
2173 5393 2641 5472 implicitusque
2682 5398 2812 5451 tum
2846 5407 3016 5450 eram
3048 5390 3215 5450 curis
3246 5396 3403 5461 toto,
3444 5393 3508 5448 ut

271 5492 353 5552 ita
381 5493 606 5554 dicam.
642 5490 808 5552 caelo
839 5491 1138 5563 diversis;
1172 5509 1380 5570 neque
1414 5491 1488 5552 iis
1519 5499 1911 5552 autnutnero
1952 5490 2194 5567 paucis,
2247 5498 2354 5550 aut
2400 5505 2632 5564 genere
2694 5487 2958 5548 levibus.
3021 5487 3182 5546 Hinc
3239 5487 3510 5554 Marcus,

274 5589 621 5667 Lucasque,
655 5585 954 5648 Matthaao
983 5587 1108 5664 jam
1145 5586 1423 5665 perfecto
1455 5586 1831 5666 promissam
1876 5587 2294 5665 reposcebant
2325 5602 2605 5662 cperam.
2657 5584 2926 5645 Aliunde
2980 5583 3205 5643 divina:
3264 5581 3508 5640 Litteras

279 5685 702 5766 professorem
728 5701 915 5744 suum
942 5683 1078 5762 jure
1111 5701 1300 5744 manu
1323 5689 1682 5744 consertum
1713 5684 2016 5744 tenebant
2053 5702 2131 5744 ne
2177 5685 2253 5743 ad
2289 5683 2580 5742 humanae
2608 5680 2889 5742 historiae
2921 5675 3508 5758 interpretationem

277 5782 758 5844 descenderem.
790 5780 1076 5858 Denique
1108 5789 1292 5860 cepta
1323 5780 1478 5839 varii
1514 5778 1763 5856 generis
1794 5781 2119 5857 complura
2148 5777 2494 5840 clausulam
2525 5777 3083 5856 colaphonemque
3122 5775 3506 5851 ﬂagitabant.

280 5881 423 5952 Quid
454 5895 716 5954 agerem
741 5880 772 5939 τ
828 5886 932 5940 tua
964 5880 1270 5940 Mecaznas
1300 5875 1465 5940 haud
1501 5875 1709 5938 mollia
1731 5876 1930 5954 jursa.
1968 5876 2243 5938 lnduciis
2281 5882 2603 5957 utcunque
2647 5873 3031 5954 impetratis;
3094 5877 3155 5932 et
3203 5866 3381 5948 quasi
3428 5868 3506 5969 ab
