4018 6576
514 457 584 516 δῖς
1630 453 1856 513 PE't'ltI
1901 455 2099 512 t‘USSI
2119 452 2191 512 .\'l
2258 454 2670 517 PREFATIO.
3685 455 3755 516 64

511 567 982 646 urgenlioribus
1012 568 1391 631 creditorum
1417 583 1590 628 mora
1620 567 1954 629 solutionis
1989 574 2262 638 exorata,
2289 572 2486 626 totmn
2511 571 2702 627 Annae
2739 583 2836 627 me
2858 566 3071 640 tribui,
3104 572 3303 628 totum
3329 563 3610 644 impendi
3650 581 3663 626 :
3695 577 3756 631 ct

510 673 710 723 totum
743 667 822 722 ita
857 681 952 722 res
985 664 1280 738 poscebat
1312 671 1376 722 ut
1410 680 1525 723 nec
1561 670 1725 722 totus
1747 662 2122 722 sufficerent.
2155 664 2223 722 In
2255 663 2594 740 scriptione
2627 663 2848 740 passim
2873 663 3108 724 incerta
3132 662 3757 741 ex'emplaristumul-

511 760 706 819 tuaria
728 759 1059 819 collatione
1079 759 1433 819 concinnati
1452 759 1812 835 conjectura
1835 765 1894 815 et
1917 758 2273 834 suspicione
2291 760 2588 820 utendum
2617 759 2975 837 plurimum.
2998 760 3757 821 Lacunmdivinationibus

514 853 908 929 supplcudm.
941 855 1294 914 Cavendum
1330 873 1404 914 ne.
1441 855 1624 930 longe
1657 852 2050 912 ornatissima
2084 853 2416 914 Comnenze
2449 855 2646 914 oratio
2681 856 2866 914 nimis
2891 855 3188 932 inaequali
3222 855 3491 916 versioni
3529 855 3756 914 Latium

511 958 1013 1027 comparaetur;
1052 969 1176 1012 non
1214 952 1440 1010 minori
1469 951 1716 1009 fastidio
1740 949 2141 1025 convitioque
2175 949 2524 1021 oculorum,
2561 969 2748 1029 quam
2792 951 2842 1011 si
2882 949 3275 1011 holosericus
3306 953 3434 1010 viva
3471 969 3751 1029 purpura

513 1045 725 1106 lucens
761 1065 1002 1121 pannus
1043 1067 1228 1109 sacco
1259 1044 1511 1108 cilieino
1543 1055 1647 1108 aut
1694 1046 1866 1126 pullo
1902 1046 2158 1106 centoni
2203 1053 2585 1108 assueretur.
2628 1047 2986 1107 Veiendum
3022 1065 3098 1107 ne
3141 1045 3331 1123 (quod
3387 1064 3601 1124 parum
3666 1049 3750 1105 vi-

514 1151 670 1202 tasse
704 1143 951 1221 aliquos
1006 1143 1260 1220 querela
1318 1144 1655 1203 uultorum
1715 1140 1839 1217 est)
1899 1141 2483 1217 interpretationem
2552 1145 2829 1203 Latinam
2879 1143 3148 1202 facerem
3210 1144 3472 1202 similem
3525 1144 3750 1204 si-tacei

507 1240 774 1305 cribclli.
817 1242 982 1318 quod
1021 1242 1400 1302 immissaain
1436 1241 1762 1302 corniculo
1795 1240 2014 1301 farinze
2061 1240 2281 1300 ﬂorem
2327 1238 2533 1316 ipsum
2591 1256 2662 1298 ac
2713 1255 2936 1315 purum
3008 1239 3306 1315 pollinem
3369 1241 3750 1308 transmittit,

505 1334 782 1396 furfures
813 1354 882 1396 ac
913 1338 1130 1397 sordes
1165 1356 1365 1398 meras
1399 1338 1622 1398 retinet
1648 1343 1708 1398 et
1743 1336 2035 1396 exhibet.
2072 1335 2159 1394 Ad
2201 1333 2334 1393 hmo
2373 1334 2667 1411 (proruunt
2705 1335 2763 1392 in
2790 1334 3129 1393 Cil‘Sﬂl'i$S&3
3160 1335 3454 1393 familiam
3496 1339 3748 1393 nomine

505 1439 693 1508 atque
729 1441 1207 1493 a'rctoratnento
1266 1433 1623 1511 interpretis
1661 1431 2168 1500 transcribebar;
2215 1429 2487 1490 tenenda
2523 1429 2610 1488 vis
2644 1428 2828 1507 hujus
2864 1428 3073 1496 omcii,
3110 1430 3278 1504 quod
3312 1449 3396 1507 qu
3448 1431 3502 1489 le
3537 1431 3636 1499 sit,
3674 1450 3748 1489 ex

504 1527 735 1587 muniis
789 1527 1066 1604 ejusdem
1097 1530 1369 1603 generis,
1406 1527 1850 1607 principalium
1886 1526 2230 1587 scribarum
2267 1531 2319 1584 et
2363 1523 2780 1602 palatinorum
2815 1527 3480 1585 commentariensiun'i
3544 1534 3746 1604 potest

505 1619 792 1697 intelligi.
833 1622 914 1681 lis
950 1641 1130 1699 reges
1171 1624 1536 1701 reginaeque
1569 1624 1652 1684 uti
1689 1625 1895 1684 solent
1942 1621 2017 1682 ad
2053 1619 2418 1681 scribendas
2460 1637 2618 1698 quas
2668 1638 3180 1699 quoquoversmn
3220 1623 3531 1681 missitant
3581 1623 3748 1681 lilte~

505 1729 626 1781 ras,
662 1731 925 1792 quarum
967 1716 1342 1775 sententiam
1383 1717 1488 1777 ubi
1523 1717 1714 1776 verbo
1747 1721 1852 1774 aut
1884 1722 2035 1775 nutu
2069 1714 2455 1787 indicarunt,
2493 1716 2755 1776 istorum
2805 1717 2934 1794 jam
2972 1717 3290 1790 negotium
3332 1725 3446 1786 est,
3493 1735 3605 1795 pro
3637 1735 3745 1776 sua

505 1809 810 1886 cujusque
842 1809 1162 1882 facultate,
1217 1820 1490 1871 mentem
1525 1810 1939 1889 subscripturi
1997 1811 2224 1870 deinde
2267 1812 2595 1890 principis,
2631 1831 2706 1872 ex
2741 1814 2872 1889 ejus
2905 1814 3208 1890 dignitate
3254 1813 3471 1889 reique
3525 1815 3746 1873 merito

502 1918 688 1980 quam
727 1904 1042 1981 aptissime
1076 1924 1390 1985 quamque
1425 1907 1827 1967 disertissime
1861 1906 2190 1968 disserere.
2217 1909 2542 1968 Postremo
2573 1911 2936 1969 conandum
2968 1917 3032 1968 ut
3074 1909 3266 1969 Grzeci
3302 1928 3489 1985 quem
3529 1911 3742 1988 expri-

500 1999 795 2061 mendum
829 2019 1229 2081 susceperant
1265 2002 1592 2081 archetypi
1631 2019 1757 2062 non
1789 2003 2277 2081 superficiariam
2312 2005 2516 2064 solum
2547 2005 2811 2065 formam
2836 2013 2935 2065 aut
2963 2006 3191 2066 extima
3224 2008 3524 2066 duntaxat
3554 2007 3748 2068 linea-

501 2111 714 2163 menta
759 2104 1002 2182 (qualia
1043 2106 1384 2166 viventium
1428 2107 1491 2166 iu
1549 2114 1799 2165 mortuo
1840 2113 2072 2164 restant
2120 2105 2463 2185 cadavere.)
2513 2106 2678 2184 stylo
2731 2115 3052 2183 utcunque
3101 2107 3460 2167 assimulata
3526 2109 3746 2167 redde-

502 2213 635 2259 rem
682 2217 945 2262 :verum
984 2203 1161 2262 illum
1216 2204 1481 2282 insuper
1538 2203 1848 2279 vigentem
1903 2219 1972 2263 ac
2028 2210 2418 2278 vegetantem
2478 2203 2668 2275 intus,
2717 2204 3114 2281 subindeque
3170 2205 3323 2263 vivis
3383 2223 3455 2264 ex
3511 2221 3742 2264 arcano

502 2298 1000 2360 evibratio:zibus
1037 2301 1369 2361 micantem
1406 2303 1635 2360 Latinte
1671 2317 1930 2374 quoque
1981 2299 2359 2377 expositioni
2394 2300 2646 2378 penitus
2706 2300 2983 2360 inderem
3043 2308 3230 2378 atque
3283 2301 3300 2359 i
3352 2299 3650 2371 halarem,
3691 2300 3740 2359 si

501 2411 779 2468 possem,
813 2396 1128 2473 Spiritum,
1176 2397 1342 2458 velut
1376 2399 1609 2474 ignem,
1651 2396 1849 2465 aiunt,
1904 2395 2175 2455 (ethcrea
2221 2395 2596 2455 subductum
2648 2397 2838 2456 domo
2896 2395 3066 2457 luteo
3105 2398 3516 2458 Prometheus
3562 2397 3737 2473 operi

503 2489 777 2562 miscuit,
810 2491 960 2551 nihil
988 2493 1220 2570 alioqui
1256 2511 1441 2554 sunra
1474 2509 1734 2553 massam
1771 2491 1954 2550 vilem
1995 2492 2329 2553 madefacti
2361 2494 2641 2572 pulveris
2666 2495 2895 2555 futuro.
2931 2497 3179 2574 Πίερες)
3208 2503 3291 2556 tot
3318 2496 3733 2561 cautionibus,

506 2589 596 2643 tot
627 2587 1327 2664 circumspectionilius,
1362 2606 1431 2648 ac
1480 2585 2012 2647 destinationibus
2051 2593 2170 2650 tam
2205 2591 2388 2651 variis
2444 2593 2904 2669 prmmunitam.
2961 2593 3087 2652 imo
3145 2594 3347 2652 defixo.
3403 2594 3730 2658 inteu'am,

499 2687 690 2758 atque
723 2685 908 2744 anxie
937 2684 1269 2745 sollicitam
1311 2693 1583 2744 mentem
1621 2683 1808 2743 habui
1838 2692 1965 2742 tota
2003 2684 2063 2742 in
2097 2684 2422 2776 fqnctione
2484 2687 2842 2747 dentandati
2889 2687 3074 2766 hujus
3105 2707 3136 2748 a
3171 2697 3227 2748 te
3263 2687 3412 2747 mihi
3457 2690 3734 2747 muneris

498 2775 1010 2845 luculentissima;
1044 2783 1319 2843 historim
1353 2783 1580 2844 Latinis
1622 2783 1885 2842 edendm
1918 2782 2162 2842 litteris.
2210 2785 2574 2858 Quanquam
2608 2800 2762 2842 mem
2794 2801 2889 2842 me
2921 2785 3364 2844 imbecillitatis
3403 2784 3732 2843 conscien-

499 2875 582 2935 tia
623 2878 878 2939 uimium
915 2879 1132 2940 timere
1163 2880 1356 2957 cogit,
1403 2897 1527 2941 non
1563 2880 1755 2939 modo
1795 2896 1873 2940 ne
1907 2879 2075 2958 quod
2109 2880 2421 2956 sequebar
2454 2896 2577 2938 non
2617 2889 2939 2938 δςδθι-υιυε
2981 2880 3122 2950 sim,
3177 2897 3388 2938 verum
3437 2878 3621 2937 etiam
3653 2897 3732 2938 ne

495 2969 560 3030 in
593 2974 744 3034 alias
774 2976 998 3035 diversi
1045 2978 1291 3053 generis
1323 2977 1855 3056 reprehensiones
1887 2975 2286 3036 incurrerim.
2335 2973 2477 3034 Scio
2527 2973 2820 3034 nimbum
2873 2975 3027 3045 scio,
3095 2974 3222 3034 haec
3275 2975 3350 3033 de
3397 2993 3515 3052 qua
3577 2975 3728 3044 dixi,

497 3085 683 3134 (luam
723 3073 1040 3147 profiteor,
1067 3073 1254 3133 libere
1291 3075 1608 3151 politeque
1639 3069 2274 3149 interpretandisecta
2296 3077 2354 3128 et
2381 3070 2557 3139 ratio,
2581 3070 2676 3129 cui
2703 3078 3140 3147 quantmquam
3174 3069 3506 3129 offensioni
3539 3086 3732 3147 expo«

496 3167 616 3225 sita
661 3168 740 3225 sit
774 3169 1042 3227 tristium
1074 3187 1504 3230 censurarum.
1545 3172 1698 3230 Sunt
1737 3169 1841 3247 qui
1886 3184 2065 3227 nares
2107 3175 2466 3240 corrugent,
2520 3165 2625 3243 qui
2673 3165 3090 3243 superciliose
3150 3174 3415 3224 renuant
3478 3166 3729 3242 quoties

500 3263 773 3323 occurrit
821 3267 1025 3324 Latina
1066 3268 1264 3327 oratio
1304 3286 1494 3345 super
1516 3268 1744 3326 Graeca)
1783 3265 2077 3335 modum;
2127 3261 2373 3340 quoties
2407 3261 2673 3322 vicissim
2711 3263 3008 3321 ﬂuentem
3046 3261 3203 3321 velut
3242 3263 3445 3321 sinum
3482 3261 3725 3321 Asiatici

495 3358 796 3433 Syr-matis
840 3363 1138 3422 Romanae
1171 3363 1488 3423 munditia)
1513 3363 1797 3423 breviore
1838 3360 2231 3420 succinctum
2270 3358 2437 3418 nodo
2480 3364 2734 3433 cogunt.
2768 3359 2915 3430 Quis
2952 3375 3173 3418 omnes
3212 3367 3536 3419 enumeret
3575 3358 3729 3418 deli-

493 3453 623 3512 cias
660 3454 1072 3525 fastidiorum.
1108 3476 1372 3534 quarum
1409 3458 1470 3517 in
1520 3474 1778 3518 censum
1817 3455 2072 3516 veniunt
2109 3453 2513 3513 oscitationes
2541 3453 2702 3512 male
2745 3452 3110 3513 feriatorum
3153 3454 3376 3531 Supina
3414 3453 3724 3513 interdum

492 3555 557 3608 et
596 3551 956 3611 semisomni
992 3553 1256 3613 lectione
1304 3553 1452 3612 nihil
1491 3553 1602 3613 nisi
1645 3569 1830 3613 ausas
1866 3547 2193 3610 vellicandi
2243 3547 2648 3624 captantium.
2689 3547 2809 3606 Hic
2870 3548 3202 3619 enimvero,
3266 3549 3461 3618 aiunt,
3523 3548 3729 3609 Graia:

497 3665 751 3705 acumen
783 3651 1046 3724 argutia:
1073 3651 1365 3727 pinguem
1399 3651 1798 3726 interpretem
1831 3646 1996 3707 haud
2025 3644 2313 3723 pupugit.
2361 3642 2524 3702 Alias
2573 3641 2956 3703 subsanuant
2989 3661 3000 3702 :
3036 3645 3166 3702 Hui
3219 3663 3398 3722 quam
3447 3644 3728 3721 patulum

495 3743 898 3803 circa'orbem
931 3755 1100 3804 errat
1131 3747 1151 3803 Ι
1187 3753 1278 3804 est
1309 3745 1410 3805 tibi
1445 3744 1760 3823 ﬂagitium
1791 3745 1810 3802 .’
1847 3743 2201 3820 increpent,
2235 3739 2398 3818 quod
2417 3739 2659 3816 judicio
2700 3740 2980 3817 ipsorum
3014 3739 3485 3816 strangulentur
3515 3751 3729 3799 aucto-

490 3838 582 3896 ris
629 3858 830 3913 sensa,
895 3841 1060 3920 quod
1114 3849 1428 3901 mutmtur
1494 3859 1684 3901 aurea
1715 3839 2041 3919 plumbeis.
2084 3837 2263 3912 Quod
2290 3836 2496 3895 stricti
2549 3835 2710 3894 sales
2754 3837 3198 3912 intemperanti
3249 3837 3480 3894 Latina:
3537 3839 3729 3913 capite

493 3937 933 4012 superfusione
965 3937 1310 4016 liqueﬁunt.
1352 3938 1636 4016 Denique
1670 3936 1919 3997 interim
1953 3935 2141 3995 bilem
2176 3937 2514 4009 erumpunt
2571 3931 2972 4008 indignantes
3008 3954 3020 3991 :
3067 3933 3398 3992 Exm‘dato
3435 3931 3725 3992 barbaric

488 4030 708 4108 palato
750 4051 874 4092 non
912 4035 1191 4111 sapuisse
1221 4033 1480 4094 salivam
1518 4035 1812 4094 Atticam.
1859 4034 2002 4092 Hac
2034 4035 2093 4090 et
2129 4029 2262 4107 ejus
2291 4028 2540 4104 generis
2574 4037 2800 4088 cmtera
2837 4036 3186 4106 prteterque
3223 4029 3501 4105 longum,
3534 4031 3723 4090 etiam

494 4144 611 4188 nec
642 4127 792 4188 mihi
835 4139 1214 4208 promptum,
1258 4137 1316 4190 et
1347 4130 1584 4208 alioqui
1614 4131 1787 4190 exitu
1817 4145 2051 4206 anceps
2073 4126 2260 4186 fuerit
2290 4125 2450 4186 velle
2498 4126 2825 4200 purgando
2859 4143 2928 4186 ac
2966 4142 3077 4202 pro
3137 4144 3235 4186 me
3300 4127 3570 4186 dicendo
3624 4146 3723 4186 re-

489 4220 730 4284 fellere.
766 4226 1094 4301 Nunquam
1128 4225 1419 4302 equidem
1449 4226 1624 4285 soleo
1660 4222 1812 4283 mihi
1843 4223 2027 4282 nimis
2050 4223 2351 4283 tribuere.
2379 4223 2534 4295 Quin
2561 4223 2720 4282 adeo
2755 4222 3124 4300 plerumque
3161 4225 3292 4300 ipse
3325 4223 3474 4282 mihi
3505 4242 3722 4302 parum

485 4333 708 4395 requus
740 4337 916 4386 sum;
960 4321 1198 4399 quippe
1246 4319 1483 4396 ingenii
1516 4338 1587 4378 ac
1626 4318 1936 4380 facultatis
1969 4327 2204 4395 quanta
2241 4318 2318 4378 sit
2349 4319 2621 4378 tenuitas
2681 4318 2972 4378 conscius
3030 4319 3300 4389 animus,
3343 4319 3580 4395 judicia
3619 4339 3722 4379 re-

487 4415 1017 4492 prehendentium
1052 4416 1140 4474 vel
1175 4415 1408 4493 excipit
1435 4430 1695 4474 assensu
1725 4413 1916 4482 facili.
1951 4413 2043 4473 vel
2081 4413 2242 4474 ultro
2287 4410 2733 4474 consciscenda
2778 4429 3040 4472 censura
3094 4421 3506 4490 praeoccupat.
3546 4417 3722 4475 Nunc

486 4528 638 4572 vero
668 4513 850 4572 etiam
889 4512 1220 4591 plusquam
1255 4511 1404 4570 alias
1439 4509 1598 4570 male
1635 4517 1872 4582 metuo,
1915 4527 1994 4570 ne
2028 4509 2176 4569 alibi
2213 4508 2325 4580 vis,
2369 4508 2512 4568 alibi
2548 4525 2670 4578 ars,
2717 4508 2860 4566 alibi
2891 4507 3155 4569 felicitas
3210 4511 3508 4586 satagenti
3581 4512 3725 4572 licet

486 4606 640 4666 mihi
682 4607 1034 4684 frustraque
1063 4605 1344 4666 molienti
1376 4605 1665 4664 defuerit.
1699 4605 2114 4676 Quamobrem
2145 4604 2386 4680 singula
2418 4603 2657 4681 objecta
2703 4605 2750 4663 si
2815 4621 3180 4682 persequar,
3225 4606 3507 4680 quaedam
3559 4608 3721 4667 forte

485 4704 609 4763 sint
638 4704 867 4781 quibus
897 4703 1211 4763 diluendis
1242 4719 1358 4763 nec
1389 4717 1662 4772 coronae,
1701 4719 1814 4762 nec
1838 4701 2162 4779 judicibus
2198 4700 2594 4772 satisfaciam,
2632 4700 2932 4760 nonnulla
2973 4703 3154 4760 etiam
3188 4701 3250 4760 in
3284 4702 3511 4778 quibus
3540 4722 3722 4763 arcu-

481 4806 673 4864 satori
708 4819 850 4862 reus
883 4811 1106 4878 sponte
1134 4799 1444 4859 confitens
1476 4799 1675 4876 palam
1709 4798 1850 4858 dem
1884 4815 2128 4858 manus.
2163 4799 2553 4859 Innocentius
2581 4817 2733 4860 mete
2760 4808 2963 4860 tamen
3002 4807 3060 4860 et
3093 4800 3232 4861 ﬁdei
3265 4799 3386 4862 hoc
3423 4801 3485 4862 in
3520 4821 3718 4882 nego-

481 4901 574 4963 tio
609 4900 860 4978 eptimze
883 4913 1010 4957 non
1043 4913 1074 4956 a
1114 4893 1658 4955 criminationibus
1687 4895 1884 4972 magis
1915 4895 2136 4955 alienis
2177 4910 2362 4970 quam
2401 4894 2478 4954 ab
2510 4894 2707 4972 ipsius
2737 4895 2858 4953 mei
2909 4895 3511 4973 morositatejudicii
3547 4903 3712 4976 peri-

483 4996 777 5062 clitantis,
815 5011 891 5054 ne
917 4992 1164 5071 penitus
1201 5005 1448 5051 causam
1493 4990 1797 5061 deseram,
1831 4991 2254 5068 profitendum
2300 4991 2401 5052 hic
2444 4999 2558 5062 est,
2617 5007 2718 5050 me
2770 5000 2921 5052 nutu
2953 5010 3023 5052 ac
3072 4992 3248 5069 jussu
3286 5001 3394 5052 tuo
3427 5003 3713 5071 suscepta

486 5087 810 5170 provincia
843 5100 1029 5162 quam
1063 5082 1323 5142 minime
1347 5081 1506 5142 male
1540 5080 1798 5159 defungi
1831 5083 2163 5155 studuisse,
2198 5086 2260 5146 in
2295 5103 2370 5146 eo
2405 5101 2521 5146 nec
2552 5087 2821 5163 tempori
2861 5104 2975 5146 nec
3025 5085 3242 5149 labori.
3296 5103 3412 5146 nec
3448 5097 3673 5147 conten
3699 5122 3712 5130 -

481 5185 641 5247 tioni
682 5180 1040 5260 pepercisse
1081 5194 1384 5255 unquam.
1419 5179 1759 5239 Successus
1790 5179 1931 5256 quis
1957 5181 2206 5240 tandem
2242 5183 2490 5242 conatui
2542 5181 2962 5260 responderit,
3009 5190 3076 5242 ut
3127 5183 3548 5260 producendus
3597 5204 3708 5243 ue—

481 5279 824 5360 quidquam
858 5275 1069 5335 multis
1097 5271 1446 5351 clepsydris
1477 5272 1786 5351 apologiaa
1817 5276 2260 5354 compendium
2327 5296 2453 5338 uno
2491 5278 2680 5338 verbo
2709 5277 2952 5350 faciam,
2988 5279 3095 5350 tui,
3139 5281 3230 5336 vir
3268 5279 3558 5351 maxime,
3603 5282 3703 5357 ju--

483 5377 657 5447 dicii,
691 5375 778 5436 tui
817 5371 1052 5434 arbitrii
1093 5389 1190 5431 res
1222 5376 1378 5432 esto.
1414 5372 1610 5431 Nemo
1643 5371 1758 5432 erit
1785 5372 2066 5432 omnium
2112 5373 2229 5451 (sat
2268 5374 2431 5452 scio)
2467 5383 2584 5433 tam
2635 5375 2923 5451 pervicax
2953 5375 3059 5452 qui
3104 5375 3151 5433 si
3203 5376 3408 5436 minus
3453 5386 3708 5454 prOpter

481 5471 936 5551 amplissimum
969 5468 1416 5545 magistratum,
1449 5465 1752 5544 quojuris
1795 5473 1855 5526 et
1889 5469 2049 5545 mqui
2087 5469 2490 5530 moderamen
2522 5470 2625 5530 tibi
2653 5488 2965 5530 summum
2999 5472 3358 5532 attributum
3386 5485 3502 5544 est,
3534 5485 3705 5535 certe

482 5574 744 5649 propter
792 5565 1178 5628 notissimam
1213 5561 1530 5633 omnibus,
1565 5569 1625 5621 et
1670 5561 1828 5623 ultra
1856 5563 2043 5624 etiam
2068 5581 2254 5641 quam
2288 5565 2537 5642 imperii
2575 5564 2732 5625 fines
2759 5565 2975 5626 Gallici
3012 5566 3348 5643 pertinent,
3390 5569 3708 5632 celebrem

477 5683 551 5729 ac
582 5663 1002 5727 venerabilem
1039 5663 1419 5737 mquitatem,
1453 5657 1738 5718 doctrina
1771 5659 1937 5718 varia
1971 5659 2307 5737 omnisque
2344 5661 2592 5735 generis
2615 5660 2926 5738 sapientia
2961 5662 3387 5738 conjunctam,
3419 5680 3547 5725 non
3579 5673 3706 5728 tuae

479 5767 763 5826 standum
808 5756 1164 5822 deﬁnitioni
1195 5760 1420 5833 putet:
1461 5770 1560 5814 me
1599 5752 1854 5830 quidem
1891 5755 2048 5832 ipso,
2101 5772 2488 5835 quocunque
2545 5755 2678 5816 alea
2722 5755 2992 5823 verterit.
3057 5758 3215 5818 adeo
3278 5758 3428 5818 nihil
3483 5771 3701 5823 contra

480 5867 825 5940 excepturo
854 5855 944 5920 vel
987 5854 1425 5932 provocaturo,
1467 5853 1534 5909 ut
1561 5849 2051 5928 subscriptorem
2088 5850 2687 5929 astij'iulatoremque
2738 5852 3171 5931 cujuscunque
3203 5871 3420 5917 sensus
3460 5865 3541 5919 tui
3571 5859 3699 5935 jam
