4018 6568
258 343 321 407 B5
1381 354 1608 418 PETRI
1642 356 1940 418 TOSSINI
1987 359 2395 428 PBJEFATIO.
3436 370 3510 439 66

257 446 599 558 tinctiltro
629 452 960 531 pollicear.
995 461 1080 522 Te
1122 460 1254 524 fere
1282 462 1343 524 in
1376 464 1711 525 scribendo
1741 472 2100 544 spectabam
2128 484 2336 544 unice,
2395 471 2500 534 tibi
2532 490 2632 534 me
2671 475 2980 552 ﬁngebam
3024 479 3451 558 paraliamque
3483 495 3504 543 :

257 546 350 653 tibi
371 544 423 606 si
452 547 963 653 placm,abunde
991 560 1295 621 mercedis
1328 568 1441 622 est.
1482 563 1631 623 Nam
1669 572 2073 644 praeterquam
2107 574 2274 652 quod
2301 571 2498 632 laudis
2532 572 2798 650 publica)
2821 544 3274 653 prmjudiciuin,
3331 544 3508 638 iuver

257 646 432 740 tantae
449 649 843 712 auctoritatis
866 661 1107 716 certum
1141 655 1360 719 habet:
1387 661 1480 719 vel
1506 660 1558 719 si
1587 663 1891 740 probares
1925 667 2096 728 solus
2128 646 2571 729 damnantibu‘s
2603 646 2952 731 cunctisad
2987 671 3164 732 famn-
3199 672 3508 734 rationem

255 735 650 845 trusit-imque
687 746 903 821 animi,
944 768 1107 812 unus
1137 752 1285 813 mihi
1318 761 1383 814 tu
1415 755 1912 827 instarmillium,
1946 758 2142 820 instar
2173 761 2453 823 omnium
2486 767 2707 823 merito
2738 763 2928 824 fores.
2973 767 3080 826 Sin
3113 783 3259 828 vero
3293 784 3508 845 reprc-

254 831 646 935 hendismon
678 845 983 907 continuo
1015 847 1234 910 lusisse
1267 868 1364 912 me
1394 869 1649 930 cperam
1677 862 1780 913 aut
1807 853 1988 930 plane
2025 856 2182 916 votis
2221 858 2527 919 excidiSse
2549 857 2870 935 judicabo.
2907 860 3298 922 Abii-retorta
3331 831 3507 922 men-

257 930 326 1034 tis
363 932 446 1003 vi,
483 936 566 995 ab
598 940 877 1016 aquilina
913 944 1343 1022 intelligentiae
1385 949 1490 1009 illa
1527 956 1650 1010 tum
1682 950 1840 1019 acie,
1884 950 1982 1010 cui
2017 949 2228 1010 fucum
2271 951 2480 1012 nullus
2503 951 2677 1012 color
2713 951 2944 1024 facere,
2999 955 3167 1014 nulla
3217 973 3284 1016 se
3348 971 3503 1034 pro-

255 1027 394 1127 bare
425 1034 703 1092 mendax
723 1037 939 1110 gratia,
969 1039 1135 1100 nulla
1168 1042 1411 1120 placere
1438 1044 1553 1103 nisi
1579 1044 1712 1105 viva
1737 1045 2064 1123 natiraque
2098 1047 2502 1124 pulchritudo
2538 1055 2764 1126 potest,
2790 1049 2864 1109 ad
2895 1049 3504 1127 indulgentissimum

257 1124 660 1190 clementiam
716 1133 1188 1212 benignissime
1245 1139 1840 1218 humanissimeeque
1895 1143 2234 1204 voluntatis
2286 1161 2386 1205 me
2444 1124 2779 1222 recipiam;
2840 1145 3054 1224 ibique
3112 1147 3285 1224 asylo
3335 1154 3505 1207 tutus

257 1226 608 1288 certissimo
646 1249 825 1308 spem
858 1236 919 1293 in
953 1237 1094 1296 sinu
1128 1237 1371 1298 dulcem
1405 1239 1590 1310 alam,
1618 1239 1753 1300 fore
1777 1246 1842 1300 ut
1877 1241 2054 1300 venia
2085 1241 2432 1302 consoleris
2461 1242 2633 1319 quod
2669 1243 3053 1302 remunerari
3086 1244 3266 1305 laude
3295 1245 3506 1305 minus

261 1327 472 1393 potes;
516 1334 576 1383 et
606 1331 771 1388 trans
805 1329 945 1390 vitia
982 1331 1306 1392 ineruditce
1340 1352 1585 1406 manus,
1618 1335 1905 1397 benevoli
1952 1338 2226 1414 pectoris
2253 1337 2460 1399 ofﬁcio
2494 1338 2706 1414 agnito
2743 1355 2859 1400 nec
2893 1349 3128 1415 Spreto,
3164 1340 3501 1418 quodcun-

258 1434 373 1488 que
411 1417 532 1479 hoc
567 1432 658 1481 est
702 1432 990 1500 quamvis
1015 1428 1250 1507 illepidi
1291 1433 1669 1504 munusculi,
1697 1442 2178 1494 monumentum
2205 1443 2512 1496 aeternum
2547 1452 2686 1496 esse
2710 1435 2967 1515 patiaris
2989 1435 3122 1516 ejus
3157 1417 3500 1499 observan-

260 1521 276 1570 t
303 1531 352 1572 ac
384 1533 458 1575 ac
490 1520 916 1582 veneratioiis
942 1541 1062 1602 qua
1097 1532 1154 1585 te
1184 1543 1427 1589 summa
1458 1530 1909 1610 verissimatu
1935 1532 2368 1611 prosequitur,

1365 1714 1714 1760 ILLUSTRISS
1724 1744 1736 1756 .
1788 1717 2190 1761 AIII’LITUDINI
2223 1719 2360 1762 TUE

1494 1838 1926 1900 Deditissirnus
1961 1842 2206 1900 PETRUS
2243 1841 2570 1914 Possmvs,
2615 1859 2649 1903 e
2685 1843 2991 1904 Societate
3013 1844 3182 1904 Jesu.

527 1962 891 2025 Scribebam
945 1966 1176 2027 Tolosae
1205 1987 1272 2028 ιιι
1335 1968 1602 2030 Kalend.
1636 1971 1942 2046 Quintiles
1988 1989 2151 2029 anno
2224 1971 2730 2036 CIJIJL'XLIX.

281 2171 3438 2206 Μ

1614 2342 2168 2434 LECTORI.

337 2682 457 2742 Nec
498 2683 700 2743 miror
728 2703 839 2744 nec
875 2685 1123 2745 aemulor
1151 2695 1388 2748 mature
1417 2689 1679 2750 disertos
1716 2690 1857 2750 illos
1893 2692 2001 2771 qui
2041 2689 2234 2751 libros
2264 2692 2327 2751 in
2367 2689 2671 2751 librorum
2708 2690 3044 2768 principiis
3094 2689 3386 2767 faciunt,
3439 2694 3499 2748 et

265 2776 633 2838 inexhausta
662 2779 1036 2859 loquacitate
1073 2784 1521 2844 Prommiorum
1551 2786 1762 2845 sedulo
1797 2789 1859 2847 id
1899 2797 2112 2863 agunt,
2147 2797 2212 2845 ut
2264 2787 2428 2847 (καΙί
2484 2788 2711 2864 legenti
2762 2787 3010 2847 doleant
3046 2789 3408 2864 priusquam
3447 2785 3504 2844 is

261 2875 525 2948 primum
590 2876 813 2953 Operis
867 2896 1111 2937 versum
1157 2881 1409 2940 viderit.
1464 2883 1602 2959 Ego
1661 2881 1798 2954 tibi,
1839 2884 2076 2954 Lector,
2118 2886 2442 2962 quominus
2478 2885 2688 2944 statim
2723 2885 2966 2962 fruaris
3015 2883 3255 2943 tamdiu
3287 2890 3498 2960 optato

263 2971 622 3046 Byzantina?
661 2972 1009 3033 Caesarissa:
1044 2975 1374 3055 colloquio,
1407 2997 1642 3037 moram
1691 2998 1878 3038 unam
1915 2980 2140 3060 objicio
2192 2983 2367 3054 (nam
2409 2980 2793 3044 Glossarium
2825 2981 3121 3041 Annaum
3154 2977 3498 3039 transcolcs

259 3069 392 3128 licet
426 3090 446 3128 :
479 3087 605 3128 non
633 3071 793 3130 enim
823 3081 968 3130 ante
1001 3073 1205 3131 omnia
1233 3074 1673 3150 perlegendum
1701 3097 1717 3142 ;
1756 3076 1863 3135 sed
1902 3078 1966 3136 in
1995 3087 2266 3155 tempore
2311 3077 2752 3137 consulendum
2803 3075 3166 3155 seponitur)
3217 3092 3453 3134 moram
3481 3119 3497 3146 ,

261 3168 522 3243 inquam,
552 3168 968 3226 necessariam
1011 3169 1340 3248 interpono
1371 3173 1645 3244 unicam,
1674 3174 2175 3251 Prw/atiunculce
2202 3178 2420 3252 paucis
2457 3175 2909 3250 complexurum
2949 3192 3064 3252 quo
3103 3191 3270 3242 casu,
3307 3187 3500 3249 quove

257 3272 419 3321 statu
465 3261 722 3324 Alexias
769 3265 964 3326 Anna:
1005 3265 1327 3327 Comnence
1371 3287 1534 3329 meas
1582 3271 1648 3330 in
1694 3290 1914 3332 manus
1970 3275 2246 3342 venerit;
2307 3293 2427 3353 qua
2476 3292 2581 3352 spe
2613 3291 2805 3353 quare
2855 3271 3208 3332 conditione
3241 3271 3308 3330 in
3351 3277 3500 3329 tuas

258 3368 560 3422 transeat.

324 3457 467 3515 Jam
510 3465 643 3516 tum
672 3455 750 3516 ab
775 3455 1216 3533 adolescentia,
1255 3479 1437 3540 quam
1461 3462 1616 3523 mihi
1642 3464 1990 3542 transigere
2022 3465 2259 3528 Tolosa:
2283 3467 2575 3544 contigit,
2606 3466 2847 3544 ingenti
2876 3461 3186 3525 desiderio
3221 3457 3497 3537 μαψ·αυί

254 3550 594 3612 Alexiados
626 3553 820 3613 Annae
853 3553 1178 3615 Comnenw
1223 3556 1604 3635 explicandw
1652 3561 1893 3622 Latinis
1947 3563 2174 3625 litteris
2213 3613 2227 3638 ,
2262 3576 2316 3625 et
2339 3564 2468 3624 luce
2506 3563 2757 3642 publica
2795 3559 3125 3622 donanda.
3165 3555 3383 3617 Aiebat
3432 3553 3501 3614 id

254 3659 457 3710 catum
497 3651 891 3731 lactabatque
925 3651 1153 3714 blanda
1208 3674 1311 3733 spe
1361 3657 1533 3718 sedes
1566 3657 1672 3717 illa
1715 3659 1850 3736 ipsa
1882 3661 2234 3720 studiorum
2279 3677 2293 3719 :
2338 3660 2501 3738 quod
2552 3661 2771 3738 inqua
2823 3655 3103 3717 rirebam
3151 3652 3499 3728 litterisque

252 3747 559 3826 operabar
587 3752 811 3811 civitas
834 3754 1085 3814 unicum
1113 3756 1242 3835 ejus
1277 3759 1480 3835 operis
1530 3758 2032 3838 antiquissimum
2065 3766 2118 3816 et
2147 3757 2613 3834 integerrimum
2649 3753 2965 3831 exemplar
2996 3750 3219 3810 habere
3249 3745 3497 3808 diceba-

256 3855 372 3905 tur.
407 3848 536 3924 Egi
571 3866 745 3926 ergo,
779 3853 1002 3928 sategi,
1031 3871 1150 3930 per
1196 3873 1310 3928 me,
1341 3873 1455 3932 per
1483 3858 1713 3916 amicos
1761 3856 1926 3916 movi
1971 3852 2168 3914 multa
2195 3897 2210 3920 ,
2239 3870 2355 3931 quo
2387 3852 2570 3911 istius
2615 3850 2771 3909 mihi
2800 3848 2980 3924 copia
3022 3848 3194 3924 ﬁeret
3237 3841 3496 3906 codicis.

257 3943 297 4001 Α
331 3942 727 4003 nobilissima
770 3943 1245 4027 clarissimaque
1316 3950 1658 4012 Fabrorum
1707 3953 2230 4014 Saniorianorum
2288 3947 2538 4026 familia
2598 3948 2665 4006 in
2718 3947 3020 4005 Musaeum
3061 3948 3156 4002 τοῦ
3189 3946 3495 4016 μακαρίτου

253 4039 661 4100 eruditissimi
717 4043 892 4102 Petri
943 4044 1140 4106 Fabri
1193 4049 1632 4108 humanissime
1675 4051 1980 4120 admissus
2009 4096 2023 4122 ,
2069 4049 2335 4108 versatis
2375 4045 2508 4107 illic
2566 4044 2933 4105 otiosissime
2959 4037 3496 4111 curiosissimequc

252 4139 484 4196 cunctis
534 4136 796 4197 multum
832 4140 1077 4216 frustra
1129 4142 1258 4203 bibi
1297 4143 1633 4222 pulverem.
1677 4129 1984 4224 Indagavi
2037 4146 2223 4205 etiam
2263 4143 2663 4220 omnibusque
2706 4139 2986 4217 vestigiis
3035 4135 3330 4196 οάοναιιιε
3361 4146 3495 4188 sum

253 4253 498 4312 ecquam
530 4234 598 4294 in
621 4235 798 4296 urbis
823 4236 1013 4297 aliam
1033 4258 1187 4299 rara
1215 4251 1270 4300 et
1294 4245 1630 4321 peregrina
1662 4243 1783 4303 hac
1814 4245 1946 4303 avis
1990 4241 2284 4301 evolasset
2340 4240 2608 4302 domum.
2648 4237 2788 4298 Non
2843 4235 2983 4313 plus
3030 4229 3273 4332 profeci
3311 4243 3495 4332 quam

254 4330 515 4390 Cadmus
551 4350 691 4390 cum
726 4335 1045 4412 Europam
1065 4347 1376 4415 quareret.
1410 4339 1609 4418 Atque
1650 4339 1748 4399 hic
1783 4337 2196 4417 praedicanda:
2233 4336 2400 4398 locus
2432 4343 2518 4396 est
2558 4333 3031 4412 ofﬁciosissimw
3082 4324 3493 4404 benignitatis

252 4425 660 4489 illustrissimi
708 4431 784 4489 D.
833 4431 1051 4492 Caroli
1107 4434 1180 4494 de
1241 4435 1568 4496 Montchal
1624 4437 2077 4515 archiepiscopi
2128 4434 2464 4505 Tolosaui,
2527 4434 2634 4513 qui
2672 4449 2796 4512 pra
2838 4439 3061 4490 ca'tera
3108 4422 3493 4485 humanitate

252 4539 362 4597 qua
405 4524 620 4584 stu-dia
659 4544 898 4604 semper
931 4546 1067 4587 mea
1106 4542 1470 4607 prosecutus
1514 4543 1622 4606 est,
1672 4543 1817 4593 tunc
1862 4533 2048 4592 etiam
2089 4550 2217 4590 non
2263 4531 2590 4608 indignum
2635 4527 3001 4588 celsitudine
3057 4541 3170 4583 sua
3223 4516 3494 4578 credidit

251 4620 312 4676 in
349 4621 533 4678 istam
579 4639 814 4681 mecum
857 4641 1070 4683 curam
1115 4627 1520 4696 descendere;
1569 4640 1623 4688 et
1668 4631 2066 4690 auctoritatis
2109 4629 2589 4706 interpositione
2618 4643 2740 4686 suae
2771 4632 2958 4683 tanta:
2986 4621 3170 4700 hujus
3211 4616 3493 4695 elfectum

247 4717 372 4774 cati
410 4712 572 4776 mihi
610 4719 906 4795 conﬁcere
949 4723 1190 4782 conari.
1238 4723 1449 4783 Elusit
1493 4733 1695 4783 tamen
1738 4726 2201 4804 indagationes,
2233 4726 2592 4803 petitiones,
2630 4720 3117 4782 machinationes
3163 4731 3368 4774 omnes
3397 4706 3494 4814 vel

245 4813 443 4871 nescio
487 4814 629 4892 quis
674 4833 854 4877 casus
895 4814 1081 4888 alius,
1126 4817 1222 4878 vel
1265 4818 1757 4881 obstinatissima
1803 4822 2103 4901 iniquitas
2148 4839 2358 4880 eorum
2402 4821 2507 4899 qui
2551 4820 2861 4896 captivam
2904 4814 3206 4875 illustrem
3245 4813 3492 4901 arternis

245 4907 513 4968 detinere
559 4911 832 4973 tenebris
873 4931 1011 4972 cum
1053 4914 1438 4977 incommodo
1503 4926 1559 4977 ct
1617 4919 1850 4995 gemitu
1908 4899 2081 4978 orbis
2125 4919 2314 4978 totius
2374 4916 2962 4977 deliberat-issimum
3008 4907 3254 4968 habent.
3301 4899 3494 4963 Multi
3545 4934 3548 4938 -

246 5009 460 5069 deinde
506 5013 664 5070 anni
703 5013 858 5072 mihi
909 5013 1035 5074 alia
1089 5017 1392 5094 cogitanti
1456 5019 1663 5077 omnia
1707 5029 1764 5078 et
1805 5018 2144 5080 Alexiados
2181 5022 2312 5100 jam
2352 5019 2534 5096 plane
2581 5016 2772 5078 oblito
2816 5015 3167 5093 ﬂuxerunt,
3215 5023 3349 5067 cum
3391 5003 3493 5061 vir

243 5104 497 5167 honoris
535 5127 724 5168 causa
767 5111 1182 5172 nominandus
1231 5118 1448 5176 Petrus
1492 5117 1825 5192 Segne-rius
1867 5117 2275 5178 cancellarius
2319 5117 2624 5187 Francia,
2689 5114 2795 5193 qui
2838 5108 3232 5187 amplissima:
3279 5100 3490 5178 digni-
3579 5131 3586 5138 -

244 5205 361 5262 tati
399 5222 615 5280 parem
661 5205 1013 5284 religionis,
1047 5209 1336 5287 justitiw,
1377 5213 1749 5292 virtutisque
1795 5216 2011 5280 omnis,
2079 5223 2206 5274 tum
2249 5233 2392 5273 vero
2439 5214 2622 5272 etiam
2648 5209 3008 5290 eloquentur
3031 5215 3085 5266 et
3113 5198 3489 5305 eruditionis

245 5300 673 5360 excellentiam
718 5303 1055 5382 adjunxit,
1100 5306 1601 5370 animadvertens
1643 5330 1680 5368 a
1722 5309 2076 5370 collectione
2130 5310 2430 5370 Historia:
2489 5308 2857 5384 Byzantina!
2917 5320 3098 5382 quam
3154 5299 3318 5375 typis
3388 5295 3487 5353 edi

239 5399 431 5472 regiis
459 5399 767 5475 jusserat,
813 5399 1178 5462 Alexiadem
1221 5405 1414 5464 Anna:
1457 5405 1778 5468 Comnenae
1816 5426 1940 5466 non
1983 5405 2370 5467 tolerabilius
2413 5405 2619 5464 abesse
2654 5422 2830 5482 posse
2856 5418 3040 5481 quam
3065 5415 3172 5457 ver
3195 5394 3270 5454 ab
3295 5410 3486 5461 anno,

243 5495 362 5569 egit
415 5494 620 5552 Rome
658 5512 773 5572 per
817 5494 1062 5557 litteras
1107 5507 1164 5558 et
1206 5508 1404 5560 certos
1447 5501 1721 5563 homines
1771 5521 1908 5564 cum
1951 5505 2432 5563 eminentissimo
2474 5500 2788 5562 cardinali
2850 5497 3184 5560 Francisco
3247 5489 3484 5553 Barba-

241 5590 400 5652 rino.
433 5590 730 5666 principe
766 5592 1068 5670 jucandis
1111 5593 1342 5656 litteris
1383 5607 1555 5670 nato,
1600 5609 1668 5660 ut
1712 5601 1767 5659 si
1810 5618 1987 5678 quem
2029 5599 2512 5678 locupletissima
2554 5618 2668 5659 sua
2727 5597 3032 5658 librorum
3099 5603 3373 5653 ceterum
3425 5596 3484 5648 et

243 5687 712 5745 rarissimarum
753 5704 920 5764 penu
959 5692 1150 5750 Annae
1196 5692 1517 5753 Comnente
1557 5696 1824 5757 codicem
1869 5696 2141 5767 haberet,
2186 5697 2316 5774 ejus
2357 5697 2598 5774 copiam
2642 5695 2722 5756 ad
2767 5695 3096 5754 editionem
3143 5689 3336 5769 prelis
3379 5706 3478 5747 νον

246 5784 360 5859 giis
402 5801 476 5841 ne
521 5783 919 5844 commodare
959 5798 1352 5864 gravaretur.
1419 5791 1602 5853 Misit
1665 5793 1715 5855 is
1767 5795 1977 5855 statim
2038 5791 2269 5854 librum
2313 5793 2378 5853 in
2421 5793 2640 5856 charta
2691 5795 2990 5872 scriptum
3042 5808 3165 5851 non
3215 5789 3477 5867 antiqua
