4018 6598
491 364 561 428 07
1623 369 1846 428 I‘ETRI
1883 368 2174 431 POSSIN‘I
2214 368 2610 429 I‘REFATXO
3680 352 3751 416 68

492 495 703 549 manu,
748 495 856 537 nec
904 486 1211 554 integrum
1258 499 1274 537 :
1319 476 1427 536 sed
1471 478 1644 536 Luca:
1692 480 2005 540 Ilolstenii
2041 481 2167 539 riri
2212 480 2579 549 doctissimi,
2632 474 2988 535 Harl-crime
3034 470 3416 531 bibliotheca
3437 472 3752 529 curatoris

493 574 826 650 diligentia
868 573 1063 633 solers
1119 573 1401 649 fecerat,
1458 582 1525 633 ut
1582 577 1725 634 usui
1783 595 1906 635 esse
1954 594 2109 653 pene
2169 594 2287 653 pro
2334 577 2576 653 integro
2620 580 2849 651 posset.
2915 574 2978 630 Is
3023 570 3293 630 codicem
3341 569 3504 627 hunc
3541 566 3753 627 multis

490 671 640 729 locis
685 670 967 729 mutilum
1011 688 1146 729 cum
1190 668 1316 729 alio
1357 679 1712 748 pervetusto
1757 674 1817 729 in
1864 672 2260 741 membranis,
2310 671 2666 748 imperfecto
2715 676 2769 727 et
2812 669 2947 745 ipso
2992 666 3349 743 taczmisque
3375 664 3749 740 deformato,

489 783 666 842 quem
711 776 852 825 ante
894 767 1000 825 hos
1038 783 1274 842 paucos
1316 785 1546 824 menses
1592 768 1656 826 in
1701 766 2073 826 bibliotheca
2119 768 2401 826 Medicea
2452 766 2780 826 Florentia
2820 764 2975 835 ridi,
3023 762 3488 822 accuratissime
3521 768 3748 819 contu-

490 861 648 920 lerat
695 881 715 920 :
760 881 829 919 ac
874 862 1020 939 quia
1062 880 1189 921 non
1231 863 1363 939 fere
1410 862 1628 921 iisdem
1672 862 1817 921 locis
1864 863 2043 921 ambo
2090 861 2375 939 exempla
2419 863 2800 939 deﬁciebant,
2847 862 3033 919 unius
3077 857 3354 917 hiatibus
3417 875 3491 915 ex
3551 856 3749 915 altero

490 957 834 1033 explendis,
882 976 1008 1016 non
1054 960 1282 1035 exiguo
1327 976 1435 1017 nec
1479 976 1701 1034 parum
1744 959 1923 1017 nobis
1965 959 2367 1037 precdicando
2414 959 2625 1018 labore
2669 979 2780 1017 suo
2825 956 3109 1035 proxime
3135 956 3558 1031 integritatem
3598 971 3748 1030 per-

490 1052 754 1110 duxerat
799 1053 1211 1112 Barberinum
1255 1055 1567 1119 codicem;
1614 1075 1789 1132 quem
1835 1056 2299 1115 illustrissimus
2338 1056 2748 1115 cancellarius
2789 1055 2871 1114 ad
2914 1073 2976 1112 se
3023 1055 3217 1113 Roma
3265 1049 3575 1128 perlatum
3604 1098 3618 1121 ,
3650 1051 3753 1109 cui

488 1151 854 1209 rertendum
886 1153 1104 1210 Latine
1138 1152 1434 1222 traderet,
1471 1172 1592 1211 non
1628 1153 1735 1211 diu
1770 1155 2034 1231 queesiit.
2076 1155 2457 1226 Magnarum
2489 1161 2573 1209 est
2607 1163 2660 1210 et
2692 1150 2981 1228 regendis
3016 1151 3203 1208 terris
3236 1167 3269 1205 a
3304 1147 3449 1205 caelo
3484 1159 3749 1223 parata-

488 1263 625 1302 rum
662 1250 983 1319 mentium,
1018 1247 1182 1305 nihil
1214 1250 1491 1326 quamris
1525 1248 1850 1307 obscurum
1879 1260 2059 1327 atque
2093 1248 2321 1308 humile
2351 1248 2609 1307 nescire.
2639 1249 2847 1324 Igitur
2878 1247 2997 1305 mei
3034 1263 3271 1323 quoque
3304 1244 3571 1303 nominis
3595 1262 3749 1320 quae

488 1340 631 1397 dam
664 1361 852 1419 usque
883 1343 964 1402 ad
996 1344 1181 1401 istum
1220 1346 1452 1421 apicem
1501 1346 1668 1422 forte
1700 1345 1964 1421 appulsa
1996 1346 2303 1403 mentione
2341 1362 2353 1415 ;
2392 1363 2528 1402 cum
2556 1354 2854 1420 precterea
2896 1350 3343 1401 memoraretur
3372 1358 3464 1397 me
3497 1359 3749 1417 operam

487 1439 632 1496 olim
668 1440 940 1518 aliquam
980 1443 1042 1499 in
1086 1442 1410 1519 querendo
1448 1444 1727 1518 posuisse
1770 1441 2074 1501 Tolosano
2109 1443 2303 1503 Fabri
2350 1444 2598 1511 codice;
2648 1443 3148 1519 voluntatemque
3199 1439 3544 1499 ostendisse
3609 1438 3753 1497 Alc-

484 1538 712 1597 xiados
746 1541 1250 1617 interpretanda,
1288 1543 1601 1617 negotium
1633 1544 1843 1600 statim
1883 1542 2096 1600 datum
2119 1551 2208 1601 est
2239 1541 2491 1600 honesto
2512 1542 2578 1600 in
2601 1540 2825 1618 primis
2852 1539 2987 1597 viro
3012 1537 3386 1598 Sebastiano
3419 1536 3747 1612 Cramoisy

485 1635 757 1710 ofﬁcinis
789 1636 1217 1712 t_i/pograpltiec
1248 1638 1433 1713 regite
1466 1641 1781 1713 prec/ceto,
1811 1639 2100 1699 mittendi
2129 1640 2583 1717 quamprimum
2615 1636 2696 1695 ad
2716 1655 2805 1694 me
2835 1652 3045 1695 recens
3068 1634 3246 1693 allati
3270 1634 3458 1692 Roma
3478 1633 3747 1699 codicis;

486 1731 651 1806 quod
687 1730 787 1789 ille
818 1732 936 1805 [ide
968 1751 1225 1799 summa,
1257 1751 1431 1790 mora
1464 1732 1637 1791 nulla
1680 1736 1979 1811 prastitit
2009 1782 2022 1806 ,
2079 1736 2392 1816 adjunctis
2451 1734 2680 1794 litteris
2722 1732 2944 1811 quibus
3000 1730 3395 1809 signiﬁcabat
3426 1778 3440 1797 ,
3500 1742 3750 1807 gratum

484 1846 600 1899 me,
641 1828 1019 1905 amplissimo
1052 1828 1423 1889 cancellario
1460 1832 1803 1907 facturum,
1837 1833 1913 1902 si,
1948 1832 2110 1910 quod
2132 1834 2401 1909 primum
2432 1838 2783 1908 suppeteret
2817 1829 3010 1887 otium
3038 1876 3051 1900 ,
3108 1827 3175 1885 in
3222 1827 3564 1885 versionem
3608 1826 3752 1885 Ale-

482 1924 696 1983 xiadis
727 1926 1103 2002 conferrem.
1142 1927 1336 1985 Eram
1373 1946 1479 2004 ego
1513 1937 1638 1987 tum
1672 1928 1839 1989 haud
1864 1948 2089 2007 parum
2122 1928 2386 1988 diversis
2415 1944 2737 1986 sacrarum
2802 1926 3177 1984 Litterarum
3222 1923 3450 1981 studiis
3499 1924 3746 1981 immer-

483 2038 584 2078 sus
617 2042 636 2078 :
664 2022 1021 2099 primusque
1058 2021 1185 2081 illic
1218 2041 1287 2081 ac
1310 2023 1613 2101 jurenilis
1644 2028 1839 2084 ardor
1877 2045 2074 2103 operte
2104 2024 2404 2084 navandae
2451 2024 2515 2081 in
2555 2022 2783 2083 Grtecis
2823 2020 3307 2097 interpretandis
3334 2068 3346 2090 ,
3382 2028 3435 2077 et
3476 2027 3747 2095 tempore

485 2115 616 2185 ipso
658 2128 1085 2188 consenuerat,
1124 2127 1177 2177 et
1211 2120 1595 2196 experientia
1630 2122 1921 2183 molestiae
1948 2138 2331 2201 nequaquam
2358 2119 2507 2196 pari
2537 2120 2752 2194 fructu
2784 2125 3188 2193 compensatie
3220 2133 3349 2193 qua!
3394 2115 3745 2191 pertricosa

484 2213 589 2271 isti
617 2215 864 2289 negotio
904 2215 1082 2286 inest,
1116 2216 1461 2292 refrixerat
1491 2238 1644 2276 sane
1675 2218 2035 2296 plurimum.
2084 2221 2307 2278 Tamen
2336 2214 2686 2274 reverentia
2708 2211 3050 2271 venerandi
3080 2212 3351 2269 nominis
3384 2212 3741 2283 instinctus,

481 2306 745 2369 sublatis
783 2320 1030 2387 repente
1061 2329 1129 2369 ac
1164 2314 1452 2388 sepositis
1484 2331 1615 2391 qua:
1643 2315 1705 2373 in.
1744 2314 2030 2374 manibus
2060 2324 2237 2373 erant
2275 2314 2536 2380 cunctis,
2573 2320 2736 2371 totus
2767 2310 2849 2369 ad
2881 2309 3374 2369 exhauriendum
3405 2318 3591 2367 tanta
3621 2329 3739 2366 au-

483 2405 798 2464 ctoritatis
831 2406 1191 2466 mandatum
1228 2408 1504 2469 incubui.
1538 2409 1623 2469 Ac
1652 2412 1971 2488 principio
2024 2412 2112 2469 sic
2144 2410 2586 2469 constitueram
2628 2427 2646 2466 :
2680 2407 2798 2465 duo
2855 2425 2979 2465 esse
3023 2407 3341 2483 pra’cipua
3396 2407 3459 2462 in
3520 2404 3744 2482 quibus

485 2498 804 2559 elaborare
849 2521 939 2560 me
972 2513 1306 2579 oporteret.
1343 2506 1501 2565 Nam
1535 2516 1587 2565 et
1618 2508 1973 2583 faciendan
2010 2526 2161 2578 esse,
2190 2517 2254 2566 ut
2294 2507 2569 2565 Creecum
2615 2502 2928 2580 exemplar
2957 2520 3138 2579 quam
3177 2501 3745 2561 emendatissimum

484 2596 703 2661 exiret,
741 2608 867 2656 tum
900 2600 1307 2660 adnitendum
1336 2613 1574 2679 postea,
1611 2615 1675 2663 ut
1708 2624 1835 2682 qua:
1861 2624 1935 2663 ex
1967 2623 2032 2662 eo
2070 2604 2526 2680 exprimeretur
2569 2600 2787 2657 Latina
2820 2600 3045 2669 tersio,
3068 2599 3565 2657 ceramauctoris
3598 2618 3745 2657 scn-

482 2695 738 2752 tentiam
768 2698 1107 2756 rectissime
1144 2710 1596 2775 asse/lueretur,
1630 2702 2110 2779 pinnissimequc
2145 2697 2451 2758 redderet.
2498 2695 2778 2767 Quarum
2834 2712 3039 2753 rerum
3093 2712 3227 2751 cum
3280 2695 3329 2751 is
3385 2692 3534 2752 ordo
3584 2713 3745 2753 com-

476 2802 743 2866 paratus
786 2803 1017 2852 natura
1046 2799 1149 2856 sit.
1182 2806 1249 2854 ut
1284 2796 1457 2855 illam
1503 2797 1644 2856 huic
1674 2801 1965 2875 prcrcerti
1995 2800 2075 2857 sit
2112 2814 2287 2873 opus,
2324 2792 2674 2869 appellenti
2703 2790 2858 2850 mihi
2891 2791 2971 2849 ad
2998 2791 3269 2867 priorem
3298 2792 3593 2859 animum,
3631 2811 3741 2849 cx—

478 2889 864 2965 perientique
911 2909 1183 2965 operam,
1218 2894 1431 2968 gravis
1466 2912 1597 2951 ecce
1630 2896 1834 2970 primo
1875 2893 2276 2971 difﬁcultatis
2310 2890 2527 2949 oborta
2560 2890 2810 2974 species,
2841 2886 3028 2966 paulo
3062 2888 3240 2945 etiam
3270 2898 3405 2962 post
3443 2886 3740 2963 despera-

482 2982 713 3039 tionem
758 2983 976 3060 injecit
1007 2983 1166 3060 ccpti
1192 2984 1621 3061 perpetrandi.
1662 2988 1874 3045 ('odex
1904 2989 2011 3065 qui
2040 2987 2120 3045 ad
2151 3006 2396 3047 manum
2437 2997 2567 3045 erat
2606 2988 2824 3045 unicus
2858 2982 3261 3043 tumultuarie
3292 3031 3304 3051 ,
3343 2994 3404 3041 ut
3454 2983 3628 3044 dixi.
3666 3002 3745 3041 ex

481 3074 720 3135 duobus
752 3077 989 3137 mutilis
1028 3091 1353 3155 congestus
1398 3093 1811 3161 consultisque
1846 3085 2081 3159 passim
2115 3085 2385 3153 incertis,
2434 3082 2757 3161 palamque
2809 3081 3061 3139 interim
3121 3080 3421 3139 mendoso"
3459 3079 3744 3138 lectionis

476 3171 730 3232 rocibus
766 3173 1077 3241 scatebat;
1119 3175 1361 3235 lacunis
1395 3177 1475 3235 ad
1511 3179 1632 3235 lucc
1667 3179 1879 3237 hiabat
1912 3188 2036 3238 toto
2067 3182 2306 3256 sparsis
2338 3182 2543 3257 operis
2574 3196 2864 3255 corpore,
2898 3178 3074 3253 cujus
3109 3186 3290 3253 caput
3342 3178 3537 3253 ipsum
3570 3224 3581 3246 ,
3626 3175 3740 3234 hoc

482 3278 569 3326 est
597 3268 1059 3346 elegantissima
1091 3281 1145 3330 et
1178 3272 1339 3331 libro
1368 3274 1735 3350 dignissima
1768 3278 2068 3351 Prtefatio
2101 3278 2291 3335 Anna;
2332 3275 2808 3336 desiderabatur
2842 3283 3005 3339 tota;
3034 3291 3215 3352 quam
3248 3292 3324 3331 ex
3353 3272 3742 3349 Angustanis

486 3366 843 3442 Excerptis,
874 3376 1063 3443 prout
1094 3368 1298 3441 licuit,
1335 3372 1776 3447 supplerimus.
1822 3370 2118 3432 Clausula
2145 3392 2337 3449 porro
2370 3374 2689 3441 Ilistorite,
2737 3382 3045 3449 postrema
3099 3370 3329 3429 scilicet
3374 3371 3579 3447 quinti
3624 3370 3738 3429 deo

478 3462 625 3519 rimi
651 3480 799 3538 pars
840 3464 1016 3538 libri,
1051 3466 1443 3524 creberrimis
1488 3467 1788 3544 fatiscens
1831 3469 2050 3539 rimis,
2122 3471 2362 3546 pertusi
2444 3472 2677 3547 passim
2746 3475 2988 3527 retusta
3047 3467 3210 3525 carie
3260 3466 3575 3536 centonis,
3629 3474 3739 3524 aut

478 3560 945 3623 collabascentis
976 3566 1364 3642 ruinosmque
1404 3567 1681 3623 maceria'
1716 3567 1975 3643 speciem
2011 3566 2212 3625 habet.
2254 3566 2419 3639 Quid
2456 3565 2553 3624 hic
2600 3564 2893 3623 auderem
2936 3580 3319 3639 sperarcmce
3346 3564 3372 3618 Υ
3418 3560 3735 3637 Aggrede-

478 3673 583 3714 rer
610 3656 690 3715 ad
723 3658 1206 3718 emendationem
1237 3659 1558 3735 archetypi
1594 3670 1920 3719 contextus
1945 3663 1974 3719 ?
2014 3680 2195 3739 quam
2228 3663 2503 3721 nonnisi
2558 3660 2934 3740 conjecturis
2981 3667 3036 3716 et
3067 3656 3581 3727 dicinationibus,
3612 3667 3738 3715 tam

478 3752 683 3811 multa?
712 3757 1149 3826 contentionis,
1199 3775 1379 3833 quam
1426 3756 1657 3815 nullius
1685 3760 2111 3829 auctoritatis,
2151 3760 2215 3817 in
2249 3757 2697 3835 exemplarium.
2731 3755 2977 3832 defectu
3008 3746 3356 3823 meliorum,
3399 3770 3739 3829 reprasen-

480 3857 614 3906 tare
646 3867 736 3906 me
766 3859 1052 3926 putarem
1080 3868 1259 3925 posse
1284 3852 1312 3909 ?
1339 3851 1433 3909 An
1458 3851 1899 3928 desponderent
1928 3854 2221 3912 continuo
2247 3856 2543 3921 animum,
2572 3853 2984 3924 editionisyue
3024 3848 3347 3908 consilium
3374 3847 3741 3926 abjicercm?

479 3962 550 4003 ac
584 3964 719 4003 cum
764 3945 988 4004 Doridi
1030 3946 1371 4007 Heeschelio
1407 3967 1519 4005 sua
1554 3948 1723 4006 ciros
1761 3948 1927 4025 apud
1965 3949 2176 4008 doctos
2213 3952 2423 4026 gratia
2476 3948 2827 4009 constiterit
2862 3990 2877 4016 ,
2915 3944 3078 4022 quod
3123 3946 3175 4003 is
3224 3963 3347 4003 non
3399 3944 3739 4003 dubitasset

479 4043 772 4102 mendosa
808 4044 1267 4103 incredibiliter
1297 4053 1352 4104 et
1385 4045 1589 4103 lacera
1635 4046 1935 4105 Historia:
1971 4048 2165 4125 Anna:
2195 4051 2576 4125 fragmenta,
2614 4065 2837 4123 pauca,
2886 4053 3108 4102 temere
3153 4051 3539 4112 coacervata,
3568 4061 3739 4120 pra:-

481 4139 606 4215 ﬁxo
642 4139 967 4199 Alexiadis
1009 4140 1192 4201 titulo
1240 4140 1448 4206 edere:
1494 4160 1602 4218 ego
1639 4150 1800 4202 totos
1833 4124 2183 4222 quindecim
2237 4146 2367 4223 ejus
2416 4143 2625 4220 operis
2671 4141 2865 4201 libros
2915 4149 3158 4209 nactus,
3222 4147 3481 4216 propter
3529 4139 3738 4197 nescio

480 4251 631 4309 quos
664 4253 864 4301 necvos
894 4238 1093 4313 magis
1140 4236 1645 4313 interpellaturos
1691 4239 1756 4298 in
1803 4238 2028 4300 lectore
2055 4259 2297 4300 sensum
2332 4238 2645 4317 elegantice
2680 4284 2694 4309 ,
2726 4255 2906 4314 quam
2950 4252 3161 4294 rerum
3227 4235 3571 4311 cognitioni
3625 4252 3734 4311 ge-

480 4338 740 4403 starum,
789 4342 899 4391 aut
942 4334 1243 4392 Historia:
1288 4334 1639 4412 integritati
1683 4335 2113 4397 subtracturos
2162 4336 2496 4415 quidquam
2529 4379 2543 4406 ,
2588 4332 2858 4412 publicis
2903 4330 3271 4390 invidendas
3311 4329 3637 4389 desideriis
3678 4340 3735 4390 et

480 4440 848 4491 (eternarum
898 4452 1118 4495 rursus
1163 4434 1537 4493 addicendos
1584 4435 1979 4498 tenebrarum
2037 4438 2350 4514 ergastulo
2396 4453 2697 4496 censerem
2724 4436 2752 4492 ?
2793 4434 3099 4495 Neutrum
3146 4434 3370 4510 opinor
3412 4433 3737 4511 quisquam

482 4545 688 4604 ereptus
722 4528 1074 4588 eruditusve
1105 4531 1444 4596 suasisset;
1479 4550 1553 4589 ne
1582 4531 1903 4608 probasset
1950 4535 2216 4611 quidem.
2264 4536 2383 4594 Illa
2431 4536 2627 4611 igitur
2652 4531 2805 4591 mihi
2846 4532 3153 4590 sententia
3183 4532 3529 4589 necessario
3574 4532 3733 4591 reli-

483 4639 604 4697 qua
647 4622 816 4698 facta
864 4635 973 4696 est,
1010 4642 1131 4702 qua
1159 4625 1544 4685 decernerem
1573 4638 1930 4687 contextum
1961 4630 2203 4707 quidem
2230 4632 2508 4690 Grrecum
2532 4629 2714 4706 plane
2738 4628 3043 4687 intactum
3084 4626 3455 4704 relinquere,
3486 4644 3561 4684 ne
3597 4646 3735 4685 ma-

483 4717 734 4787 nifestis
765 4720 1011 4797 quidem
1038 4720 1738 4795 sollicitandismendis,
1774 4724 2051 4801 (piandiu
2091 4745 2249 4785 vera:
2292 4726 2576 4786 lectionis
2627 4724 2893 4801 fundum
2954 4741 3080 4781 non
3142 4721 3423 4779 haberem
3477 4723 3737 4800 majoris

481 4815 879 4892 antiquitatis
908 4824 963 4875 et
993 4819 1390 4877 auctoritatis
1432 4820 1723 4879 codicem.
1779 4822 1996 4879 Totam
2028 4841 2170 4881 vero
2237 4822 2616 4882 industriam
2660 4822 2726 4881 in
2760 4819 3183 4879 elaboratione
3233 4819 3462 4878 Latina
3492 4821 3733 4878 versio-

481 4911 580 4969 nis
618 4931 994 4990 expromere,
1029 4916 1428 4993 quajudicio,
1461 4917 1516 4974 si
1546 4917 1709 4994 quod
1752 4927 1942 4989 esset,
1981 4939 2050 4977 ac
2101 4919 2433 4996 diligentia
2475 4919 2539 4977 in
2581 4917 3005 4977 subsidiorum
3058 4914 3474 4991 deﬁcientium
3532 4915 3734 4975 locum

483 5007 922 5086 subrogandis,
965 5012 1285 5090 explendis
1304 5011 1600 5082 hiatibus,
1626 5016 2016 5092 corrigendis
2039 5037 2115 5077 ex
2147 5018 2501 5095 conjectura
2534 5015 2781 5075 ritiosis
2811 5012 2987 5081 locis,
3014 5011 3212 5071 modis
3236 5009 3496 5088 denique
3528 5017 3732 5074 omni-

487 5102 597 5161 bus
629 5110 872 5185 assequi
906 5126 1187 5178 conarer,
1222 5116 1289 5166 ut
1324 5110 1495 5166 nitor
1523 5109 1934 5185 primigenius
1983 5112 2175 5189 Operi
2204 5112 2646 5191 pulcherrimo,
2684 5107 2888 5188 quoad
2916 5125 3028 5184 per
3051 5107 3319 5183 quinque
3362 5106 3730 5167 sceculorum

486 5201 856 5278 squalorem,
912 5212 969 5261 et
1011 5202 1364 5263 exitiabiles
1404 5204 1949 5276 infestissimorum
1999 5210 2196 5269 omnis
2241 5210 2484 5287 generis
2537 5225 2788 5267 casuum
2844 5203 3115 5285 injurias
3164 5202 3395 5273 liceret,
3428 5203 3733 5264 hodierna

486 5298 757 5358 editione
788 5301 1178 5361 redderetur.
1213 5301 1313 5359 En
1345 5300 1496 5377 quid
1534 5299 1857 5375 voluerim,
1911 5325 2028 5383 quo
2075 5307 2349 5368 studium
2400 5315 2455 5365 et
2504 5313 2791 5363 conatum
2849 5299 3247 5360 intenderim.
3302 5300 3459 5360 Nam
3521 5302 3733 5379 reipsa

487 5395 637 5471 quid
668 5397 1058 5472 perfecerim,
1117 5413 1242 5453 non
1280 5414 1424 5453 mete
1454 5397 1866 5475 professionis
1896 5446 1909 5472 ,
1947 5412 2064 5461 tua?
2092 5452 2105 5474 ,
2141 5402 2373 5475 lector,
2405 5402 2724 5461 sententia:
2767 5397 3049 5475 definitio
3083 5404 3191 5457 est.
3237 5396 3425 5475 Cujus
3482 5406 3548 5457 ut
3601 5416 3731 5459 non

488 5492 803 5553 eblandiri
829 5496 1039 5571 gratia
1087 5496 1394 5571 favorem,
1456 5496 1544 5551 ita
1603 5513 1713 5553 nec
1747 5495 2072 5573 deprecari
2099 5499 2341 5579 objecta
2394 5499 2757 5559 demissione
2788 5494 3175 5553 severitatem
3222 5511 3241 5550 :
3290 5492 3481 5551 multo
3523 5504 3733 5556 autem

485 5590 689 5653 minus
720 5591 1069 5648 contumaci
1110 5589 1464 5667 pervicacia
1493 5590 1815 5667 refragari
1844 5612 2115 5654 censurce
2142 5594 2342 5653 relim.
2397 5595 2574 5653 Utere
2607 5604 2670 5651 ut
2710 5591 2858 5650 libet
2877 5591 3024 5668 jure
3054 5596 3233 5665 atque
3262 5588 3529 5648 arbitrio
3559 5595 3735 5669 quod

493 5684 609 5753 tibi
639 5705 771 5763 ego,
811 5685 904 5744 cel
932 5688 984 5745 si
1016 5706 1141 5747 non
1188 5704 1302 5762 per
1326 5705 1387 5744 se
1419 5695 1791 5763 suppeteret,
1839 5690 2006 5750 ultro
2044 5691 2338 5767 largirer,
2376 5690 2689 5767 probandi
2742 5684 3355 5764 reprehendendique
3387 5688 3552 5765 quod
3619 5690 3730 5750 di-

487 5797 676 5865 gnum
713 5780 992 5851 duxeris.
1025 5786 1323 5845 Paratum
1368 5802 1499 5843 ecce
1538 5802 1627 5843 me
1666 5784 1729 5843 in
1760 5790 2064 5850 utrumvis
2097 5788 2305 5861 habes,
2360 5798 2411 5846 ct
2445 5803 2818 5861 quocumque
2863 5782 3000 5842 alea
3037 5782 3312 5855 verterit,
3341 5788 3590 5862 proviso
3626 5808 3733 5849 rc-
