4018 6576
441 331 511 398 ’11
1631 325 2089 386 LATINORUM
2125 323 2592 386 TESTIMONIA
3625 324 3701 392 τὶ

453 481 2792 510 W

1640 642 1786 728 AD
1872 640 2548 732 LECTOREM.

538 991 634 1048 Ῑίετ
665 989 1019 1067 quindecim
1050 987 1244 1049 Annce
1286 987 1607 1046 (Iomnenee
1640 983 2248 1061 Porphyrogennetee
2280 981 2606 1042 Alexiadis
2639 979 2844 1052 libris,
2887 999 3039 1060 quos
3093 979 3433 1040 illustrium
3471 981 3699 1043 biblio-

454 1100 775 1144 thecarum
802 1085 1089 1162 Catalogi
1135 1084 1369 1145 dudum
1413 1084 1687 1164 jactant,
1735 1091 1867 1140 octo
1917 1081 2012 1139 hic
2052 1079 2270 1138 damus
2306 1089 2605 1156 perpetuo
2644 1079 2775 1154 fere
2809 1077 3136 1137 lacunatos
3169 1096 3187 1134 :
3227 1089 3372 1156 quot
3403 1090 3456 1138 et
3489 1083 3701 1158 quales

450 1183 751 1240 nimirum
795 1201 870 1241 ex
904 1185 1271 1258 Augustano
1317 1177 1714 1256 autographa
1753 1186 2200 1254 reprirsentare
2236 1173 2436 1234 licuit.
2487 1175 2703 1235 Satius
2734 1175 2894 1232 enim
2925 1175 3121 1232 risum
3153 1192 3280 1232 rem
3320 1177 3704 1235 litterariam

451 1279 632 1337 nobis
665 1279 825 1338 hunc
866 1279 1175 1336 semissem
1209 1295 1372 1335 nunc
1404 1276 1646 1354 quidem
1685 1273 1926 1338 debere,
1957 1291 2139 1352 quam
2176 1279 2302 1330 toto
2333 1279 2629 1330 ceternum
2661 1287 2894 1328 carere.
2928 1270 3357 1346 Integriorum
3401 1281 3456 1330 et
3497 1273 3706 1332 melio-

452 1394 591 1434 rum
628 1374 1074 1452 exemplarium
1105 1373 1366 1443 domini,
1408 1373 1651 1431 utinam
1688 1369 1992 1428 invidiam
2030 1387 2153 1428 non
2196 1369 2430 1445 ferant,
2467 1375 2522 1426 et
2573 1368 2913 1429 luminibus
2960 1371 3194 1427 nostris
3244 1373 3706 1447 quamprimum

456 1471 808 1530 obstruunt.
852 1471 1442 1530 Prtrstantissimum
1476 1467 1744 1528 Fabrum
1769 1467 2028 1542 Regium
2067 1463 2298 1524 Tolosa?
2321 1473 2669 1523 senatorem
2696 1466 3064 1524 nominatim
3096 1464 3503 1542 appellamus,
3536 1468 3706 1544 apud

456 1587 630 1648 quem
671 1569 880 1644 magni
911 1568 1159 1645 Cujacii
1193 1565 1466 1625 codicem
1497 1573 1742 1625 exstare
1777 1565 1976 1624 aiunt.

535 1667 732 1725 Porro
767 1665 962 1751 Apule
995 1664 1141 1741 ﬁdei
1177 1661 1525 1742 periculum
1559 1662 1624 1720 in
1655 1679 1746 1718 me
1777 1678 1902 1718 non
1932 1661 2192 1737 recipio.
2227 1659 2491 1719 Memini
2516 1657 2683 1736 apud
2725 1659 3054 1737 Vopiscum
3117 1660 3342 1738 legere,
3379 1664 3705 1724 neminem

453 1760 860 1836 scriptorum,
892 1768 1194 1837 quantum
1229 1759 1302 1818 ad
1335 1757 1653 1818 historiam
1688 1758 1986 1836 pertinet,
2021 1772 2149 1815 non
2186 1756 2418 1833 aliquid
2462 1773 2595 1815 esse
2630 1756 2958 1815 mentitum
2989 1773 3004 1829 ;
3042 1776 3174 1816 cum
3202 1762 3706 1822 contentionibus

455 1856 770 1914 incaluere
824 1859 1042 1925 animi,
1090 1853 1351 1934 difﬁcile
1398 1856 1715 1914 ceritatem
1765 1863 1932 1912 recto
1979 1852 2458 1924 oculotuentur,
2507 1860 2562 1910 ct
2607 1853 2719 1911 ria:
2760 1860 2846 1910 est
2884 1853 3037 1930 quin
3082 1854 3324 1932 aliquid
3364 1858 3588 1932 patria:
3646 1865 3706 1917 et

446 1953 850 2028 propinquis,
898 1955 1065 2012 inter
1096 1972 1248 2031 quos
1278 1960 1460 2030 pater
1496 1953 1704 2028 primo
1744 1948 1902 2018 loco,
1946 1949 2308 2020 concedant,
2349 1953 2404 2008 si
2439 1950 2788 2028 priest-nim
2841 1949 3089 2026 femina?
3133 1969 3352 2010 manus
3401 1952 3706 2014 calamum

453 2047 660 2107 ducat.
689 2051 807 2108 llic
841 2060 928 2109 est
959 2050 1443 2127 [cedissimoru-m
1472 2047 1893 2109 conrieiorum
1923 2048 2092 2125 fons,
2114 2044 2335 2124 quibus
2364 2045 2545 2104 Anna
2573 2045 2885 2104 interdum
2910 2045 3299 2106 muliebriter
3327 2051 3391 2107 in
3426 2051 3701 2123 Latinos,

447 2147 805 2222 pontiﬁcem
837 2145 1115 2225 aliosque
1147 2145 1466 2223 principes
1502 2142 1808 2221 indulget.
1853 2141 2162 2204 Ccrdatus
2198 2139 2392 2199 lector
2420 2139 2749 2198 historiam
2779 2141 2908 2199 suis
2948 2146 3292 2213 momentis,
3325 2163 3449 2202 non
3482 2156 3701 2205 aucto-

452 2259 591 2299 rum
627 2242 954 2320 a/fectibus
996 2242 1299 2320 ponderet
1327 2261 1344 2296 :
1390 2243 1670 2300 Tacitum
1709 2251 1762 2299 et
1794 2239 2158 2299 Suetonium
2203 2237 2502 2296 adversus
2533 2234 2852 2298 Christum
2892 2247 2947 2296 et
3004 2239 3397 2300 Christianos
3433 2243 3701 2322 injurios

453 2336 740 2397 manibus
790 2347 995 2397 tamen
1056 2337 1266 2396 excuti
1317 2355 1444 2394 non
1485 2339 1786 2412 patimur.
1824 2337 1958 2410 Quo
1991 2334 2209 2393 ordine
2239 2333 2408 2411 apud
2445 2334 2822 2410 posteriores
2870 2335 3112 2394 Grmos
3153 2338 3418 2396 Romani
3468 2357 3696 2410 omnes,

453 2432 712 2498 scimus;
743 2434 922 2492 Anna
951 2444 1253 2509 preetcrea
1285 2433 1581 2509 proprias
1602 2451 1662 2491 se
1697 2433 1828 2490 odii
1872 2450 2092 2491 causas
2111 2431 2335 2492 habere
2366 2430 2793 2501 existimabat,
2827 2433 2994 2511 quod
3026 2433 3366 2511 Gregorius
3403 2437 3702 2513 pontifex

454 2533 825 2587 acerrimum
867 2529 1075 2588 Alexii
1109 2529 1338 2587 hostem
1373 2527 1702 2587 Robertum
1747 2527 2184 2594 Guiscardum,
2209 2537 2450 2603 patrem
2477 2527 2841 2598 Boemundi,
2889 2546 3060 2606 quem
3089 2527 3196 2587 illa
3225 2531 3404 2588 etiam
3438 2534 3698 2612 miriﬁce

454 2626 802 2686 insectatur
853 2637 908 2687 et
963 2629 1270 2704 exagitat,
1307 2630 1373 2688 in
1422 2629 1765 2686 amicitiam
1801 2635 2141 2703 receperat.
2189 2624 2519 2683 Bertoldus
2555 2624 3077 2695 Constantiensis,
3128 2646 3291 2687 anno
3334 2627 3508 2704 1083s,
3575 2633 3700 2693 hwc

455 2719 636 2781 habet
668 2736 684 2779 :
718 2724 830 2783 llis
876 2725 1270 2801 temporibus
1313 2725 2041 2797 ConstantinOpolitanus
2073 2723 2402 2782 maximam
2464 2724 2798 2801 pecuniam
2854 2726 3149 2785 Heiurico
3183 2729 3501 2805 quondam
3565 2733 3696 2809 regi

455 2820 820 2891 transmisit,
866 2829 932 2879 ut
969 2821 1407 2880 Ruodbertnm
1468 2822 1878 2889 Wiscardum,
1916 2819 2140 2878 ducem
2189 2819 2486 2879 Calabrim
2541 2829 2597 2880 et
2656 2821 2919 2899 Apuliae,
2978 2825 3371 2900 conjnratum
3431 2827 3696 2891 miiitem

453 2912 689 2974 domini
745 2933 942 2993 papm,
990 2917 1050 2975 in
1109 2917 1411 2976 ultionem
1461 2916 1739 2992 ejusdem
1791 2917 1953 2992 regis
2004 2915 2172 2976 bello
2219 2923 2567 2995 appeteret.
2633 2919 2786 2978 Nam
2861 2919 3262 2982 Ruodbertus
3323 2923 3697 3000 jamdudum

455 3009 611 3069 ﬁnes
647 3013 1484 3090 ConstantinOpotilanorum
1546 3013 1793 3073 invasit.
1829 3012 2187 3089 iterumque
2220 3013 2368 3072 illul
2399 3013 2870 3091 expeditionem
2905 3034 3156 3077 movere
3191 3018 3500 3094 diSposuit
3536 3042 3547 3082 :
3583 3022 3695 3083 sed

457 3104 794 3166 Heinricus
821 3116 1146 3185 acceptam
1210 3109 1562 3182 pecuniam,
1608 3126 1734 3167 non
1782 3108 1841 3168 in
1896 3108 2296 3186 procinctum
2351 3119 2570 3170 contra
2621 3111 3076 3184 Ruodbertum,
3132 3117 3300 3192 quod
3336 3127 3699 3188 jlll‘e'llllCHlO

453 3202 765 3277 promisit,
799 3204 909 3263 sed
949 3205 1024 3264 ad
1057 3205 1522 3264 ccmeiliandum
1550 3205 1666 3263 sibi
1707 3205 1929 3280 vulgus
1963 3207 2390 3265 Romanorum
2437 3207 2767 3284 impendit.
2810 3207 2963 3267 Cum
3007 3207 3255 3269 Urbano
3292 3210 3514 3272 deinde
3537 3231 3700 3292 pon-

451 3297 612 3372 tiﬁce
659 3298 916 3359 Alexius
972 3302 1036 3360 in
1065 3302 1335 3376 gratiam
1364 3302 1551 3360 rediit
1597 3321 1760 3360 anno
1807 3301 1980 3373 108'),
2017 3310 2084 3361 ut
2125 3301 2284 3360 idem
2332 3301 2665 3361 Bertoldus
2712 3302 2917 3362 habet.
2956 3304 3255 3366 Dominus
3315 3325 3475 3386 papa
3526 3312 3690 3372 Con-

453 3391 1088 3470 stantinoiiolitanum
1129 3395 1206 3454 ab
1260 3397 1913 3457 excommunicatione
1971 3415 2083 3476 per
2135 3397 2374 3474 legatos
2421 3416 2575 3459 suos
2617 3399 2882 3460 absolvit
2931 3420 2945 3461 :
3013 3402 3181 3477 Quin
3239 3421 3316 3462 ex
3371 3403 3700 3470 Casinensi

454 3485 687 3547 Chron.
723 3505 808 3559 ιν,
853 3508 903 3547 c.
941 3488 1036 3559 48,
1072 3490 1444 3568 colligimus,
1482 3510 1616 3550 eum
1649 3492 2041 3570 postmodum
2075 3493 2430 3555 Occidentis
2464 3497 2790 3574 imperium
2822 3517 2858 3556 a
2894 3499 3188 3558 Pascha/2'
3233 3512 3405 3577 pont.
3443 3522 3699 3578 sperare

451 3599 690 3643 ausum.
729 3585 979 3645 Alexius
1016 3587 1360 3664 imperator
1389 3589 1858 3649 strenuiSsimos
1890 3608 1965 3649 ex
1987 3606 2102 3648 suo
2134 3590 2401 3667 imperio
2439 3593 2603 3652 viros
2632 3595 2892 3654 Romam
2921 3613 3062 3655 cum
3097 3597 3224 3657 suis
3258 3599 3475 3660 litteris
3510 3602 3696 3676 misit,

452 3680 690 3754 quibus
730 3699 796 3740 se
829 3683 1124 3760 injuriam
1159 3685 1236 3744 ab
1289 3686 1674 3763 imperatore
1708 3686 1937 3746 illatam
1983 3687 2260 3763 pontiﬁci
2311 3697 2500 3765 atque
2538 3691 2859 3760 Romanis,
2897 3691 3184 3753 dolenter
3218 3694 3471 3756 audisse
3507 3699 3701 3774 signi-

453 3776 672 3844 ticans,
706 3780 927 3853 agebat
958 3782 1362 3856 postmodum
1417 3783 1667 3858 gratias,
1695 3800 1935 3860 eosque
1969 3782 2255 3843 laudabat
2304 3787 2474 3862 quod
2511 3788 2770 3848 viriliter
2801 3789 2889 3847 illi
2924 3790 3335 3852 obstitissent.
3377 3797 3576 3870 Atque
3615 3796 3700 3856 ob

448 3869 537 3939 id,
564 3871 613 3929 si
649 3872 900 3941 illorum
939 3875 1187 3937 animos
1224 3886 1474 3955 paratos
1507 3887 1966 3958 promptosque
2012 3881 2310 3940 sensisset
2353 3884 2440 3958 (ut
2485 3883 2601 3942 sibi
2645 3885 3018 3960 jamdudum
3085 3888 3433 3949 nuntiatum
3470 3889 3698 3967 fuerat)

459 3967 614 4025 velle
665 3969 756 4026 vel
793 3988 882 4036 se,
928 3972 1021 4030 vel
1055 3974 1361 4032 Joannem
1397 3991 1602 4037 suum.
1641 3974 1816 4054 juxta
1857 3990 2093 4034 morem
2129 3975 2482 4054 priscorum
2537 3979 2812 4039 tidelium
2868 3982 3346 4060 in'iperatornm,
3379 4002 3411 4045 a
3448 4003 3700 4047 summo

453 4062 754 4138 pontifice
798 4066 1013 4124 Romen
1044 4084 1343 4126 coronam
1393 4067 1638 4150 imperii
1685 4087 1962 4128 sinuare.
2010 4070 2229 4130 Verum
2281 4091 2346 4133 eo
2376 4073 2733 4141 redeamus;
2782 4085 2851 4134 ut
2908 4081 3101 4137 Anna:
3129 4080 3307 4157 ﬁdem
3361 4083 3426 4140 in
3459 4083 3535 4144 iis
3568 4102 3703 4160 qua:

451 4168 672 4216 contra
728 4169 978 4219 nostros
1033 4163 1275 4238 scripta
1328 4162 1607 4241 reliquit,
1648 4174 1944 4242 prcestare
1995 4184 2118 4226 non
2160 4165 2348 4236 lubet,
2406 4171 2492 4229 ita
2557 4184 2611 4230 et
2664 4191 2873 4230 eorum
2947 4193 3078 4253 quce
3139 4179 3342 4235 nostri
3396 4179 3697 4242 adversus

448 4251 741 4312 Alexium
777 4254 961 4331 pleno
994 4254 1215 4316 horreo
1245 4261 1510 4320 remensi
1540 4271 1707 4327 sunt,
1749 4263 2184 4324 auctoritatem
2237 4265 2592 4344 (le/tegimus
2629 4289 2648 4327 :
2696 4289 2835 4327 nam
2869 4270 3128 4348 largiter
3163 4273 3320 4334 lianc
3373 4276 3700 4345 ('onmena:

451 4355 718 4408 retulere
747 4352 1042 4433 gratiam,
1082 4353 1248 4435 quod
1270 4357 1592 4436 sequentia
1624 4357 1864 4436 aliquot
1886 4356 2022 4418 loca
2054 4358 2358 4421 docebunt
2387 4383 2405 4428 ;
2441 4361 2692 4442 longum
2733 4367 2930 4425 risum
2964 4370 3170 4427 omnia
3202 4372 3572 4436 exscribere.

497 4590 502 4597 -
529 4588 3482 4628 -------------.-.-....-...-...-.,--,,-,ῃ,,,,,,
3515 4615 3651 4628 Nm

1402 4783 1669 4872 LATI
1697 4783 2116 4875 NORUM
2192 4788 2374 4874 ALI
2404 4791 2734 4897 QUOT

1194 4983 1306 5048 DE
1392 4982 1746 5044 ALEXIO
1835 4986 2282 5051 COMNENO
2381 4992 2988 5058 TESTIMONIA.

1359 5168 1388 5204 ,
2023 5175 2092 5188 ...

529 5299 899 5362 Guilielmus
940 5306 1164 5383 Tyrius
1199 5307 1279 5364 De
1323 5304 1475 5365 bello
1503 5325 1679 5367 sacro
1735 5306 1843 5367 lib.
1882 5325 1951 5381 ιι,
1985 5295 2128 5385 cap.
2164 5304 2196 5364 5
2255 5308 2523 5370 Praeerat
2559 5316 2765 5372 autem
2804 5331 2916 5392 per
2947 5313 3002 5374 id
3039 5324 3293 5388 tempus
3329 5320 3696 5386 Graecorum

445 5393 714 5476 imperio
747 5399 837 5460 vir
873 5418 1137 5480 nequam
1190 5410 1250 5462 et
1281 5403 1606 5474 subdolus,
1648 5405 1898 5465 Alexius
1937 5406 2216 5474 nomine,
2268 5409 2652 5483 cognomine
2694 5413 2983 5473 Commio
3019 5415 3417 5498 (Comnenus)
3460 5423 3696 5490 dictus.

446 5495 558 5565 Qui
586 5513 728 5590 (ium
767 5506 930 5559 esset
968 5499 1029 5559 in
1065 5500 1372 5579 imperiali
1413 5501 1642 5580 palatio
1668 5519 1699 5563 a
1728 5501 1988 5564 domino
2031 5503 2412 5578 Nicephoro,
2447 5519 2870 5585 cognomento
2904 5513 3277 5596 Bothomath
3315 5495 3698 5604 (Bolaniate)

447 5595 552 5670 qui
590 5605 738 5657 tunc
771 5596 832 5656 in
869 5600 1135 5678 sceptris
1177 5616 1372 5677 agens
1405 5600 1902 5678 principabatur,
1943 5599 2277 5678 plurimum
2317 5601 2686 5675 honoratus,
2729 5615 2804 5667 et.
2835 5595 3351 5686 megadomestiei
3388 5595 3697 5695 dignitate

447 5691 467 5770 (
497 5708 663 5769 guem
696 5710 811 5756 nos
850 5696 1149 5774 majorem
1183 5695 1602 5757 senescallum
1643 5697 1964 5776 appellare
2012 5703 2480 5782 consuevimus)
2512 5703 2884 5783 fungeretur
2919 5711 3149 5784 ofﬁcio,
3185 5716 3262 5776 ab
3313 5691 3698 5791 iumen-atere
