4018 6580
260 399 326 459 73
1473 390 1568 451 DE
1611 384 1897 450 ALEXIO
1924 381 2322 451 ICOMNENO.
3446 387 3520 450 η

260 510 610 585 secundus,
642 516 864 573 contra
892 508 1221 571 dominum
1274 513 1335 570 et
1366 506 1835 569 benefactorem
1869 519 2053 566 suum
2104 499 2420 563 malitiose
2454 499 2882 573 recalcitrans,
2932 498 3154 579 quinto
3193 497 3285 560 vel
3342 506 3520 562 sexto

259 629 429 677 anno
463 620 809 689 antequam
848 606 1128 688 pOpulus
1160 610 1375 667 noster
1406 605 1764 676 accederet,
1798 597 2067 681 depulso
2102 595 2364 659 domino
2401 596 2736 677 imperium
2786 596 3122 671 invaserat,
3157 600 3218 656 et
3250 597 3523 659 retinere

261 710 692 792 praesumebat
720 706 896 785 quod
942 703 1248 766 violenter
1278 706 1717 781 occupaverat.
1751 732 1824 744 —-
1856 702 2000 762 Car.
2040 697 2136 758 10.
2172 697 2331 758 Dum
2362 714 2509 759 Vero
2539 696 2676 760 haec
2707 696 2770 758 in
2801 696 3023 760 castris
3053 704 3348 775 aguntur,
3373 715 3523 761 ecce

258 808 525 875 domino
563 801 910 866 Boamundi
938 800 1195 861 nuntius
1224 814 1508 878 prtesens
1543 804 1689 859 ante
1719 797 1951 861 ducem
1978 798 2191 870 astitit,
2227 797 2511 877 praedicti
2578 798 2887 877 principis
2936 798 3175 861 litteras
3222 798 3524 862 deferens

256 907 321 967 in
354 905 495 966 haec
528 904 722 964 verba
758 919 773 962 :
804 898 1091 971 Noveris,
1123 897 1398 957 virorum
1429 894 1695 975 Optime,
1730 898 1902 973 quod
1944 895 2055 957 tibi
2089 904 2308 957 contra
2345 894 2547 957 feram
2596 896 2935 975 pessimam
2976 903 3036 958 et
3085 913 3230 958 cum
3261 895 3523 960 homine

255 1019 536 1081 nequam
574 996 846 1078 (Alexio)
882 992 1187 1057 incumbit
1220 991 1543 1070 negotium
1586 1008 1599 1051 :
1646 991 1827 1070 cujus
1858 992 2260 1071 propositum
2302 998 2399 1054 est
2435 1009 2692 1072 semper
2724 992 2972 1066 fallere,
3010 1000 3072 1054 et
3118 1010 3373 1056 omnem
3412 996 3525 1055 La-

254 1107 537 1166 tinorum
578 1101 903 1162 nationem
942 1111 1146 1175 usque
1184 1094 1262 1155 ad
1312 1100 1582 1153 mortem
1615 1092 1822 1154 modis
1856 1091 2158 1155 omnibus
2199 1093 2499 1172 persequi
2535 1115 2549 1155 :
2601 1100 2662 1154 et
2712 1094 2884 1172 quod
2934 1093 3013 1155 de
3050 1111 3125 1155 eo
3154 1102 3335 1163 recte
3384 1114 3527 1158 sen-

255 1202 435 1267 tiam,
470 1205 586 1256 tuo
621 1190 971 1273 aliquando
1000 1186 1455 1270 approbabitur
1485 1185 1753 1264 judicio,
1788 1186 1929 1248 novi
1976 1189 2147 1251 enim
2176 1191 2542 1253 Graecorum
2572 1190 2900 1259 malitiam,
2939 1197 3002 1250 et
3038 1190 3253 1251 odium
3285 1192 3512 1253 adver-

255 1313 362 1357 sus
425 1294 799 1354 Latinorum
864 1303 1101 1349 nomen
1164 1284 1455 1364 pertinax
1504 1294 1565 1345 et
1595 1282 2001 1347 obstinatum.
2057 1319 2123 1331 -
2180 1288 2324 1347 CAP.
2389 1285 2484 1347 13.
2531 1288 2978 1349 Verumtamen
3033 1286 3196 1349 sicut
3240 1288 3333 1347 vir
3389 1298 3525 1352 erat

256 1392 574 1474 (Διετίας)
606 1388 937 1457 subdolus,
974 1391 1200 1464 potens
1228 1381 1527 1444 simulare
1553 1390 1614 1443 et
1646 1379 2046 1443 dissimulare
2086 1383 2509 1461 propositum,
2550 1382 2759 1444 missis
2791 1382 3172 1462 quibusdam
3205 1383 3523 1447 nobilibus

255 1510 333 1554 ex
363 1491 505 1552 suis
536 1484 907 1549 domesticis
936 1482 1014 1544 ad
1045 1479 1342 1542 eumdem
1394 1479 1593 1539 virum
1627 1477 1977 1555 egregium,
2024 1479 2233 1539 verbis
2262 1479 2542 1557 paciﬁcis
2562 1478 2620 1541 ei
2660 1478 2911 1541 locutus
2946 1486 3039 1541 est
3067 1479 3133 1541 in
3176 1478 3347 1553 dolo,
3379 1487 3521 1541 ten-

254 1598 397 1651 tans
426 1586 479 1648 si
507 1598 781 1666 quoquo
812 1578 1005 1642 modo
1043 1594 1191 1640 eum
1232 1582 1449 1656 posset
1480 1574 1802 1653 decipere.
1835 1608 1911 1620 -—
1943 1576 2089 1637 CAP.
2136 1575 2229 1636 14.
2267 1577 2381 1639 Hic
2420 1565 2674 1638 demum
2718 1576 2973 1655 plenius
3008 1577 3310 1651 innotuit,
3350 1579 3522 1658 quod

257 1685 579 1768 quidquid
615 1681 709 1742 eis
739 1680 1088 1757 imperator
1128 1672 1437 1753 (Alexim)
1470 1672 1876 1746 loquebatur,
1908 1672 2081 1734 fraus
2116 1680 2249 1734 erat
2284 1681 2345 1735 et
2378 1674 2858 1737 circumventio.
2887 1709 2962 1718 —
2995 1675 3137 1736 CAP.
3176 1674 3272 1737 19.
3306 1676 3522 1748 Quod-

258 1800 385 1861 que
419 1779 827 1860 principibus
864 1773 1209 1839 liberaliter
1237 1770 1593 1838 contulerat
1627 1767 1934 1846 (Alexim)
1959 1786 2077 1831 nec
2116 1768 2509 1832 liberalitatis
2538 1779 2674 1833 erat
2700 1788 2819 1833 nec
2851 1772 3088 1849 gratias,
3136 1774 3245 1834 sed
3278 1773 3527 1861 timoris

257 1858 613 1958 desperati,
640 1858 1191 1936 iet'fraudulentm
1231 1866 1548 1929 versutia).
1585 1865 1824 1927 Nostris
1876 1871 2088 1928 autem
2125 1865 2190 1925 in
2243 1865 2649 1947 simplicitate
2691 1868 2951 1945 spiritus
3000 1878 3056 1930 ct
3106 1870 3354 1933 sincera
3388 1858 3524 1932 [ﬁde

255 1970 749 2043 incedentibus,
791 1970 897 2031 vix
926 1965 1294 2049 persuaderi
1331 1969 1580 2044 poterat
1609 1964 1971 2025 Graecorum
2004 1962 2264 2035 malitia,
2291 1970 2345 2031 et
2382 1981 2658 2045 nequam
2706 1965 2962 2028 illorum
3010 1967 3321 2048 principis
3350 1969 3524 2031 fraus

258 2084 320 2136 et
352 2068 823 2139 circumventio
858 2065 1174 2146 pertinax,
1206 2062 1480 2126 maxime
1514 2079 1660 2125 cum
1691 2077 1840 2139 erga
1872 2076 1984 2123 eos
2012 2066 2184 2121 tanta
2226 2060 2599 2123 liberalitate
2640 2069 2704 2123 et
2732 2062 3024 2126 simulata
3066 2065 3261 2142 gratia
3290 2065 3522 2127 redun-

258 2173 463 2234 daret.
492 2171 644 2229 Car.
679 2164 780 2228 20.
810 2164 1040 2244 Sicque
1068 2158 1354 2242 quotidie
1370 2157 1574 2237 magis
1599 2164 1660 2219 et
1688 2157 1884 2234 magis
1915 2158 2278 2223 Graecorum
2306 2156 2513 2231 dolus,
2545 2164 2607 2220 et
2635 2157 2807 2220 fraus
2834 2159 3238 2238 imperatoris
3260 2161 3517 2240 (Alexii)

260 2266 704 2345 detegebatur,
740 2261 824 2323 ita
864 2268 933 2321 ut
954 2260 1081 2339 jam
1117 2272 1304 2318 nemo
1338 2264 1504 2320 esset
1536 2254 1617 2317 de
1654 2254 2056 2335 principibus
2094 2253 2195 2316 cui
2225 2270 2356 2317 non
2387 2262 2555 2317 esset
2596 2249 3030 2330 manifestum,
3063 2263 3125 2318 et
3155 2256 3295 2319 luce
3332 2259 3522 2319 meri-

257 2364 454 2426 diana
504 2360 765 2434 clarius,
816 2363 1053 2436 quanto
1085 2353 1232 2417 odio
1284 2353 1793 2432 prosequebatur
1838 2354 2147 2433 papulam
2194 2362 2504 2430 nostrum,
2551 2362 2614 2418 et
2663 2372 2855 2419 omne
2904 2372 3105 2436 genus
3159 2358 3521 2420 Latinorum

258 2459 524 2521 haberet
546 2456 932 2519 invisum.——
960 2453 1105 2512 Cn.
1128 2448 1229 2511 21.
1260 2448 1573 2528 Quidquid
1605 2456 1814 2512 autem
1848 2448 2231 2529 loquebatur
2257 2451 2565 2531 (Alexim)
2591 2453 2778 2516 dolus
2798 2461 2930 2517 erat
2959 2459 3017 2516 et
3040 2454 3517 2517 circumventio.

262 2590 340 2600 —
370 2558 507 2617 Lm.
544 2570 654 2626 vn,
687 2548 936 2613 “p.20.
970 2547 1245 2610 Fraudes
1275 2546 1445 2608 enim
1482 2545 1887 2625 imperatoris
1923 2546 2184 2627 (Almii)
2221 2556 2283 2610 et
2314 2550 2451 2629 ejus
2483 2551 2777 2621 versutia,
2818 2567 2975 2629 quas
3003 2551 3237 2631 sapius
3279 2558 3524 2631 experti

259 2655 543 2722 fuerunt,
569 2650 892 2714 declinare
930 2644 1297 2726 judicabant
1327 2643 1747 2713 commodius,
1784 2659 1862 2705 ne
1899 2643 2035 2723 ejus
2077 2645 2452 2724 labyrinthis
2506 2654 2568 2709 et
2624 2646 2994 2725 ambagibus
3050 2651 3279 2709 iterum
3309 2664 3379 2709 se
3410 2648 3527 2713 .in-

265 2753 591 2814 volverent
620 2765 657 2810 a
679 2745 909 2826 quibus
944 2759 1071 2805 non
1104 2742 1252 2804 satis
1279 2740 1465 2803 facile
1500 2739 1901 2816 postmodum
1934 2750 2197 2820 possent
2225 2742 2537 2819 expediri.
2573 2776 2647 2789 —-
2686 2745 2819 2804 Lm.
2852 2760 2922 2815 x,
2960 2760 3101 2804 car.
3139 2741 3233 2805 12.
3272 2747 3345 2804 At
3375 2761 3523 2805 vero

263 2848 435 2911 idem
474 2844 782 2926 (Alexim)
818 2842 1184 2921 imperator,
1220 2845 1462 2900 vetusto
1506 2838 1870 2899 Grascorum
1900 2855 2078 2900 more
2112 2846 2472 2902 nostrorum
2507 2840 2911 2903 successibus
2942 2839 3260 2913 invidens,
3293 2857 3521 2919 quam-

269 2947 357 3007 vis
394 2961 534 3017 eos,
576 2950 643 3004 ut
672 2940 1105 3022 prmdiximus,
1158 2937 1323 3018 apud
1354 2953 1423 2998 se
1460 2936 1610 2998 satis
1662 2935 1938 3013 benigne
1997 2934 2346 3010 habuisset,
2414 2937 2661 3001 occulte
2715 2937 2865 2999 inde
2924 2954 3040 3016 per
3099 2937 3526 3001 internuntios

270 3046 641 3123 frequentes
669 3042 733 3102 in
766 3055 989 3102 eorum
1024 3037 1373 3117 perniciem
1405 3035 1622 3099 hostes
1651 3035 2056 3108 sollicitabat,
2090 3041 2151 3103 et
2179 3036 2259 3098 ab
2290 3052 2517 3097 eorum
2547 3035 2824 3098 adventu
2862 3034 3101 3098 crebris
3148 3036 3430 3115 epistolis
3458 3048 3525 3100 et

268 3140 639 3203 nuntiorum
711 3135 1103 3198 discursibus
1154 3133 1455 3195 reddebat
1494 3132 1954 3207 instructiores,
2001 3150 2113 3195 eos
2167 3149 2596 3213 praemonens,
2640 3151 2721 3195 ne
2774 3140 3013 3195 tantum
3057 3135 3369 3213 papulum
3405 3154 3523 3198 suo

272 3236 556 3317 periculo
589 3236 792 3296 libere
829 3231 1096 3295 transire
1150 3229 1488 3310 patiantur.
1523 3230 1745 3293 Vicem
1802 3230 2160 3310 scorpionis
2202 3246 2421 3307 agens,
2458 3230 2737 3310 quicum
2770 3246 2900 3293 non
2938 3230 3017 3291 sit
3050 3231 3117 3291 in
3160 3230 3321 3292 facie
3351 3234 3523 3311 quod

267 3333 593 3405 formides,
631 3330 982 3411 prudenter
1014 3326 1253 3389 feceris
1282 3326 1331 3387 si
1365 3326 1583 3389 caudae
1630 3326 1998 3406 posterioris
2027 3327 2345 3389 declinare
2391 3327 2624 3406 poteris
2674 3326 3078 3390 maleﬁcium.
3115 3361 3193 3371 —
3229 3331 3356 3388 Lm.
3391 3345 3508 3401 xu,

268 3449 403 3492 car.
442 3429 499 3490 5.
564 3430 685 3491 Per
729 3425 899 3488 idem
932 3433 1180 3503 tempus
1231 3423 1425 3504 (anno
1477 3420 1650 3502 1118)
1703 3421 2449 3502 Constantinopolitanus
2486 3422 2836 3503 imperator
2868 3421 3124 3485 Alexius
3158 3425 3521 3487 Latinorum

270 3527 581 3589 maximus
610 3528 1005 3605 persecutor,
1045 3521 1230 3589 rebus
1264 3518 1556 3579 humanis
1591 3524 1921 3598 exemptus
1954 3526 2070 3582 cst.

346 3622 663 3684 Robcrtus
690 3618 1052 3689 monachus,
1086 3619 1174 3678 De
1204 3616 1710 3679 Christianorum
1746 3616 2109 3695 principum
2134 3617 2528 3696 profectione
2554 3618 2622 3679 in
2649 3619 2925 3695 Syriam,
2956 3617 3068 3683 lib.
3103 3637 3173 3681 It.
3204 3619 3524 3681 Subdolus

267 3723 479 3800 itaque
518 3720 869 3799 imperator
901 3714 1206 3794 (Alexim)
1243 3713 1463 3776 videns
1487 3729 1775 3776 crescere
1807 3720 2009 3775 castra
2040 3713 2173 3783 Dei,
2219 3720 2283 3775 et
2311 3713 2390 3775 de
2423 3714 2527 3775 die
2558 3714 2622 3775 in
2680 3714 2846 3776 diem
2876 3716 3296 3793 augmentari,
3332 3716 3529 3795 in0ps-

270 3818 483 3886 animi,
518 3832 751 3896 expers
820 3829 1069 3886 sensus,
1121 3827 1362 3890 pauper
1409 3810 1682 3883 consilii,
1714 3810 1808 3871 ira
1867 3808 2228 3871 vehementi
2285 3810 2478 3888 coepit
2524 3812 2791 3871 anxtari.
2842 3812 3016 3871 Mens
3069 3811 3237 3873 enim
3300 3813 3523 3875 fraude

274 3913 459 3992 plena
497 3928 761 3991 semper
797 3909 1086 3970 anxiatur
1120 3915 1182 3969 et
1213 3913 1309 3969 est
1337 3905 1632 3982 sollicita,
1682 3913 1744 3968 et
1794 3906 1968 3986 quod
2020 3904 2416 3967 machinatur
2452 3904 2631 3967 alteri
2664 3907 3049 3986 pertimescit
3092 3908 3215 3969 sibi
3269 3925 3525 3988 semper

275 4009 644 4071 machinari.
681 4009 759 4068 In
789 4014 999 4068 mente
1030 4004 1431 4084 imperatoris
1460 4021 1712 4083 semper
1760 4002 1989 4066 mansit
2016 4002 2421 4071 fraudulenta
2473 4004 2666 4064 fictio.
2715 4004 3023 4081 Quidquid
3064 4004 3286 4083 iuravit
3319 4012 3519 4068 totum

278 4106 641 4177 exinanivit,
673 4104 818 4183 quia
854 4102 1363 4183 perjuriinoxam
1394 4101 1718 4164 incurrere
1769 4101 2011 4175 maluit,
2044 4118 2231 4180 quam
2292 4108 2545 4179 gentem
2594 4104 2971 4164 Francorum
3016 4120 3051 4164 a
3107 4102 3239 4164 suis
3290 4102 3521 4165 ﬁnibus

276 4220 396 4264 non
428 4202 738 4279 elongari.

348 4300 686 4361 Conradus
722 4295 914 4359 abbas
952 4295 1392 4374 Urapcrgemt's
1423 4294 1659 4357 Chron.
1697 4312 1863 4355 anno
1906 4293 2080 4357 1101.
2129 4297 2290 4359 Ecce
2318 4297 2526 4361 subito
2576 4312 2863 4359 murmur
2896 4299 3197 4370 exoritur,
3252 4298 3521 4361 invisum

275 4397 724 4476 imperatorem
757 4394 1090 4473 (Alexium)
1120 4395 1470 4457 Turcorum
1526 4389 1736 4472 potius
1779 4409 1968 4470 quam
1999 4392 2492 4455 Christianorum
2545 4394 2703 4474 parti
2749 4393 2994 4470 favere,
3051 4396 3523 4477 exploratisque

276 4512 412 4573 qua;
447 4496 611 4556 circa
646 4507 762 4554 nos
792 4499 994 4565 erant,
1025 4490 1465 4569 frequentibus
1499 4489 1643 4551 illos
1681 4497 1899 4552 contra
1937 4506 2056 4551 nos
2094 4489 2336 4552 nuntiis
2371 4489 2674 4552 animare.
2716 4491 2831 4553 Hic
2862 4498 2979 4565 est,
3018 4492 3337 4571 inquiunt,
3372 4511 3520 4573 per-

276 4594 433 4654 fidus
460 4591 571 4653 ille
598 4589 876 4659 Alexios,
904 4588 1011 4668 qui
1042 4588 1303 4650 domino
1332 4603 1449 4649 suo
1472 4586 1856 4667 Nicephoro,
1885 4604 2001 4667 per
2030 4588 2448 4666 quorumdam
2472 4586 2957 4651 Alamannorum
2989 4590 3520 4653 conductitiorum

275 4688 576 4750 auxilium
631 4685 937 4764 depulso,
990 4683 1323 4763 imperium
1362 4684 1496 4763 ejus
1547 4682 1891 4761 usurpavit,
1944 4686 2248 4764 ipsosque
2293 4684 2392 4746 sui
2446 4684 2705 4747 sceleris
2755 4694 3242 4766 cooperatores,
3300 4689 3522 4750 exsilio

277 4784 602 4845 damnatos
632 4780 843 4842 necari
876 4779 1023 4841 fecit
1059 4797 1072 4839 :
1112 4794 1408 4858 nuncque
1442 4794 1511 4840 se
1538 4778 1691 4840 tanti
1723 4778 1877 4839 dixit
1910 4779 2116 4841 facere
2154 4780 2425 4842 Francos
2455 4797 2601 4841 cum
2629 4782 2847 4843 Turcis
2887 4781 3272 4862 prteliantes,
3304 4784 3525 4862 quanti

278 4898 460 4941 canes
497 4897 566 4940 se
600 4878 868 4938 invicem
900 4875 1291 4937 mordentes.
1326 4876 1475 4936 Cum
1505 4882 1713 4937 autem
1750 4875 1992 4954 navigia
2024 4875 2358 4955 quisquam
2390 4876 2751 4938 conducere
2799 4884 3089 4949 tentaret,
3120 4879 3356 4940 audivit
3385 4880 3523 4939 Cm-

273 4994 472 5038 sarem
506 4974 767 5035 insidias
801 4970 1150 5051 peregrinis
1180 4970 1365 5032 etiam
1399 4971 1461 5032 in
1505 4971 1657 5033 mari
1688 4971 1979 5052 posuisse
2004 5020 2019 5045 ,
2060 4972 2413 5052 multasque
2455 4974 2692 5036 dudum
2749 4974 2973 5038 eodem
3025 4974 3304 5039 facinore
3337 4993 3526 5038 naves

277 5090 415 5133 eum
465 5069 911 5132 submersisse.
944 5070 1341 5148 QuaprOpter
1359 5083 1581 5128 omnes
1610 5085 1754 5129 eum
1794 5068 2252 5132 maledicebant
2302 5080 2367 5131 et
2418 5070 3052 5144 anathematizabant,
3094 5089 3318 5135 omnes
3346 5073 3524 5135 illum

276 5169 499 5245 linguai
531 5182 659 5227 non
695 5165 1164 5244 imperatorem,
1193 5162 1302 5226 sed
1329 5162 1689 5225 traditorem
1718 5165 2146 5244 appellabant.
2178 5170 2360 5228 ANNO
2392 5163 2565 5242 1106,
2595 5167 2843 5230 invidus
2868 5176 2929 5230 et
2958 5170 3242 5232 occultus
3264 5176 3528 5234 eatenus

275 5264 564 5325 Ecclesia)
608 5268 979 5346 persecutor
1008 5260 1259 5322 Alexius
1282 5303 1299 5332 ,
1332 5259 1440 5319 diu
1473 5266 1699 5323 tectam
1749 5279 1878 5323 sum
1921 5262 2201 5344 perﬁdia;
2235 5263 2571 5326 toxicatam
2619 5265 2857 5326 rabiem
2901 5266 3186 5345 evaginat
3218 5285 3231 5328 :
3265 5270 3486 5331 Turcis
3508 5319 3523 5340 ,

275 5360 497 5439 quibus
524 5364 652 5441 jam
688 5361 858 5422 nulla
906 5358 999 5421 vel
1034 5375 1168 5420 rara
1196 5357 1262 5418 in
1291 5356 1543 5419 Oriente
1598 5357 1904 5436 regnandi
1949 5377 2095 5439 spes
2128 5364 2553 5434 remanserat,
2586 5377 2653 5422 se
2689 5360 2993 5423 tutissime
3044 5363 3355 5439 conciliat,
3396 5372 3455 5427 et
3489 5385 3527 5425 o

277 5460 703 5541 turpissimum
741 5454 1025 5520 facinus!
1058 5456 1357 5527 Nicaeam,
1394 5471 1581 5534 quam
1633 5454 1784 5517 olim
1824 5456 1968 5518 ﬁdei
2020 5464 2254 5518 nostras
2291 5456 2535 5526 turrim,
2587 5454 2957 5537 dudumque
2992 5460 3189 5522 multo
3223 5460 3521 5525 Christia-

277 5572 491 5617 norum
523 5556 836 5632 sanguine
867 5560 1289 5632 comparatam
1320 5551 1858 5632 praeseripsimus,
1888 5552 2238 5614 Solimanni
2270 5552 2517 5630 tyranni
2568 5551 2710 5613 filiis
2752 5554 3023 5619 reddidit
3058 5573 3073 5617 :
3105 5558 3419 5620 custodias
3447 5560 3524 5621 ad

278 5652 738 5719 prohibendum
771 5648 1095 5712 transitum
1128 5648 1479 5730 peregrinis
1512 5653 1675 5709 terra
1706 5650 1988 5729 marique
2015 5650 2358 5712 constituit.
2381 5651 2567 5730 Cujus
2591 5650 2824 5714 classes
2848 5661 3065 5717 contra
3091 5654 3524 5719 Antio‘chenos

279 5748 559 5823 directas,
610 5749 740 5828 ipsi
780 5748 948 5811 bello
998 5756 1342 5827 ceperunt,
1391 5753 1453 5809 et
1504 5747 1569 5807 in
1601 5744 2043 5811 confusionem
2094 5748 2335 5820 Alexii,
2388 5749 2555 5811 nasis
2600 5755 2790 5829 atque
2846 5749 3178 5813 pollicibus
3233 5752 3525 5815 omnibus

583 5853 867 5912 PATROL.
904 5850 1017 5910 Gn.
1056 5848 1318 5910 CXXXI.
1728 5868 1737 5876 ·
3179 5853 3211 5913 3
3525 5868 3532 5877 '
