4018 6586
481 396 552 459 τῖ)
1556 392 1911 457 ἘιΟῦΙῦΜ
1952 395 2176 457 ΛΝΝΔΕ
2210 394 2617 456 (ἶΟΜΝΕΝᾸὲ.
3646 399 3717 459 Ίῦ

481 506 806 579 ahscissis,
842 522 1028 567 unam
1079 504 1153 565 de
1186 500 1436 584 scaphis
1490 503 1639 567 inde
1687 513 2049 580 onerantes,
2102 502 2463 584 hujusmodi
2517 503 2911 584 pulmentum
2962 500 3167 564 eidem
3206 518 3323 564 reo
3376 502 3715 567 multorum

477 604 753 666 millium
776 601 1136 675 homicidae,
1161 600 1662 664 transmiserunt.
1690 638 1762 646 —
1786 600 2078 663 Albertus
2105 601 2429 665 Stadcnsis
2460 600 2666 660 eadem
2693 600 2823 676 fere
2845 598 2927 659 ad
2948 597 3199 658 rerbum
3225 597 3431 659 habet.
3470 634 3544 643 —-
3569 600 3715 661 Otto

479 699 934 778 Frisingensis,
972 697 1264 760 Chronic.
1304 696 1411 757 lib.
1448 714 1558 771 vn,
1593 716 1730 778 cap.
1770 697 1863 759 10.
1903 699 2154 760 Alexius‘
2184 698 2526 777 imperator
2557 694 3029 775 perﬁdissimus,
3062 694 3303 773 jamdiu
3343 706 3712 775 conceptam

479 798 670 859 corde
702 795 994 856 malitiam
1036 794 1241 856 celare
1270 794 1543 873 amplius
1567 811 1691 856 non
1725 794 1955 864 valens,
1990 810 2131 855 cum
2153 792 2396 866 Turcis,
2427 792 2533 872 qui
2550 792 2679 871 jam
2711 807 2879 871 pene
2900 790 3216 870 desperati
3245 798 3445 865 erant,
3473 795 3710 872 turpis-

474 895 630 954 sime
661 890 1034 964 faederatur,
1066 892 1289 970 eisque
1324 892 1620 963 Nicwam,
1660 889 1858 951 multo
1897 896 2252 951 nostrorum
2276 889 2581 966 sanguine
2616 888 3011 966 acquisitam,
3035 888 3403 967 impiissime
3435 890 3710 957 tradidit.

554 989 891 1066 Golfridus
928 988 1354 1063 l'itirbiensis,
1391 988 1683 1053 Chronic.
1715 998 1897 1066 parte
1934 988 2149 1051 XVIII.
2188 985 2801 1064 Constantinopolim
2831 994 3278 1065 pervenerunt,
3310 986 3416 1050 ubi
3447 986 3727 1053 multum.

469 1084 685 1147 dolum
738 1093 799 1147 et
842 1086 1368 1167 impedimentum
1400 1104 1434 1148 a
1469 1102 1617 1163 rege
1665 1085 1885 1149 Alexio
1934 1083 2242 1165 perpessi.
2283 1085 2458 1145 Tunc
2503 1084 2763 1145 Alexius
2811 1101 2921 1145 rex
2956 1082 3712 1162 ConstantinOpolitanus,

440 1182 828 1245 christiante
873 1184 1306 1263 prosiieritatis
1352 1182 1777 1253 adversarius,
1828 1185 2027 1244 Turco

2124 1182 2184 1243 in
2237 1180 2746 1259 desperationem
2776 1179 2904 1259 jam
2936 1180 3179 1259 positos
3206 1226 3220 1252 ,
3260 1179 3323 1240 in
3374 1181 3711 1242 amicitiam

467 1300 643 1344 suam
673 1286 1143 1359 cont'mderavit,
1175 1287 1392 1362 eisque
1424 1285 1643 1348 turrim
1677 1286 1975 1357 Niczeam,
2028 1283 2521 1345 Christianorum
2554 1283 2857 1360 sanguine
2897 1282 3338 1362 conquisitam.
3372 1283 3708 1344 concessit.

468 1412 544 1423 α-
576 1381 913 1442 Meliboeus
945 1382 1129 1444 Paris
1162 1383 1225 1444 in
1262 1384 1548 1445 Historia
1579 1385 1825 1459 majori,
1862 1400 2027 1442 anno
2074 1380 2248 1443 1096.
2282 1382 2531 1443 Alexius
2577 1390 2786 1443 autem
2824 1382 3168 1460 imperator
3196 1383 3581 1453 Graecorum,
3623 1382 3715 1445 vir

468 1494 738 1556 nequam
773 1484 834 1539 et
861 1479 1192 1550 subdolus,
1223 1496 1369 1541 cum
1424 1485 1590 1540 esset
1632 1479 1697 1539 in
1737 1479 1969 1558 palatio
2031 1475 2373 1553 Nicephori
2417 1477 2775 1539 decessoris
2822 1478 2916 1538 sui
2947 1493 3255 1550 summus,
3310 1483 3372 1538 et
3412 1478 3713 1556 princeps

467 1574 729 1647 militiae,
780 1582 1001 1637 contra
1049 1575 1374 1637 dominum
1405 1591 1589 1636 suum
1638 1574 1945 1636 malitiose
1989 1576 2425 1649 recalcitrans,
2461 1576 2685 1656 quinto
2730 1575 2823 1637 vel
2871 1587 3050 1637 sexto
3076 1584 3221 1637 ante
3252 1575 3415 1639 hanc
3446 1578 3707 1655 expedi-

464 1676 702 1732 tionem
754 1687 947 1745 anno,
1007 1672 1267 1733 domino
1298 1672 1568 1752 depulso
1622 1672 1965 1752 imperium
2015 1673 2360 1744 invaserat,
2407 1679 2469 1733 et
2517 1671 2804 1733 invasam
2858 1672 3153 1749 nequiter
3201 1671 3541 1733 detinebat.
3594 1674 3711 1735 llic

464 1782 719 1846 semper
750 1766 1147 1846 prepositum
1179 1765 1420 1828 habens
1451 1766 1730 1841 fallendi,
1767 1785 1940 1849 saepe
1972 1784 2113 1831 cum
2144 1767 2492 1847 peregrinis
2518 1768 2707 1830 verba
2737 1767 2995 1848 paciﬁca
3029 1768 3409 1847 loquebatur
3437 1768 3501 1830 in
3530 1769 3707 1841 dolo.

466 1869 820 1941 suspectam
840 1862 1081 1941 jugiter
1122 1860 1365 1924 habens
1394 1862 1867 1926 multitudinem
1908 1880 2097 1928 cruce
2145 1866 2559 1943 signatorum,
2594 1872 2657 1927 et
2691 1865 2932 1926 militia;
2979 1864 3380 1943 probitatem.
3429 1864 3608 1927 Unde
3655 1864 3709 1927 si

465 1960 848 2038 quandoque
903 1974 1135 2021 nocere
1188 1961 1482 2032 cessavit,
1540 1978 1668 2022 non
1721 1959 1844 2023 hoc
1901 1961 2146 2024 virtutis
2203 1962 2470 2035 exstitit,
2525 1961 2633 2022 sed
2686 1959 2951 2021 timoris.
2984 1993 3058 2004 ——
3095 1964 3282 2023 ANNO
3326 1957 3497 2022 1108.
3530 1961 3708 2028 Tunc

463 2055 807 2133 imperator
846 2054 1119 2127 Alexius,
1158 2062 1218 2117 et
1254 2056 1544 2136 proditor
1582 2056 2030 2136 nequissimus,
2068 2066 2424 2121 nostrorum
2463 2059 2750 2119 invidens
2790 2058 3208 2129 successibus,
3239 2058 3457 2119 Turcis
3487 2056 3710 2123 inlide—

465 2152 649 2224 libus,
686 2168 803 2231 per
833 2167 1105 2229 quorum
1140 2158 1338 2213 terras
1372 2154 1691 2232 peregrini
1723 2155 2039 2215 transituri
2071 2162 2270 2226 erant,
2310 2154 2566 2216 crebras
2618 2153 2959 2215 transmisit
2988 2152 3326 2232 epistolas,
3366 2152 3707 2215 exhortans

463 2247 781 2319 attentius,
824 2262 906 2309 ne
933 2254 1175 2309 tantum
1210 2248 1703 2311 Christianorum
1737 2250 2047 2330 populum
2083 2250 2278 2314 libere
2319 2251 2583 2315 transire
2613 2250 2679 2313 in
2711 2267 2889 2311 suam
2930 2250 3279 2330 perniciem
3313 2257 3701 2328 paterentur.

542 2341 836 2403 Matthazi
899 2343 1611 2419 Westmonastericnsis,
1663 2344 1878 2406 Floras
1930 2347 2155 2409 histor.
2204 2366 2368 2408 anno
2420 2346 2593 2407 1095.
2650 2347 2906 2417 Alexius
2951 2354 3102 2408 tunc
3140 2346 3442 2425 temporis
3472 2348 3707 2411 Grtecis

462 2438 835 2519 imperabat,
868 2438 959 2500 vir
998 2440 1256 2519 quidem
1286 2440 1616 2515 subdolus,
1649 2448 1712 2503 et
1739 2443 2120 2506 nostratibus
2149 2460 2399 2523 semper
2433 2461 2662 2523 parans
2688 2459 2835 2509 cum
2862 2442 3113 2504 insidiis
3142 2452 3620 2507 nocumentum.

540 2537 737 2617 Atque
770 2536 895 2597 haec
924 2536 997 2598 de
1029 2536 1245 2599 Alexii
1268 2537 1549 2599 moribus
1582 2538 1761 2617 vulgo
1790 2540 1960 2617 apud
1995 2540 2252 2601 Latinos
2284 2540 2496 2617 opinio
2530 2538 2803 2600 obtinuit
2834 2560 2854 2600 :
2884 2557 3047 2599 unus
3080 2556 3257 2618 quem
3302 2557 3417 2617 ego
3448 2538 3705 2616 legerim

462 2630 756 2694 Albertua
794 2634 1136 2695 canonicus
1186 2634 1518 2714 Aqucnsis,
1563 2655 1600 2694 α
1656 2636 1983 2697 Reincccio
2032 2635 2218 2698 titulo
2269 2636 2553 2698 chronici
2588 2636 3187 2714 Hierosolymitani,
3234 2637 3367 2699 sine
3420 2637 3701 2705 auctoris

461 2730 709 2790 nomine
755 2730 983 2799 editus,
1018 2731 1399 2792 commodius
1438 2732 1510 2793 de
1561 2732 1669 2793 illo
1700 2750 1827 2793 non
1860 2751 1990 2793 uno
2031 2732 2165 2793 loco
2200 2734 2414 2795 sensit.
2448 2734 2552 2795 Sic
2592 2744 2659 2794 ut
2688 2733 2924 2794 alicubi
2969 2734 3109 2812 ejus
3142 2731 3520 2811 apolegctcm
3564 2732 3701 2810 fere

463 2843 543 2885 ενι·
567 2829 845 2907 professo
896 2830 1129 2905 egerit,
1167 2845 1292 2890 Lm.
1336 2844 1472 2903 vm,
1504 2847 1639 2891 cn.
1683 2829 1777 2890 46.
1820 2831 1989 2892 Fecit
2042 2828 2212 2891 enim
2258 2828 2422 2891 fama
2468 2829 2532 2891 in
2576 2830 2818 2909 populo
2870 2828 3224 2901 catholico,
3275 2829 3447 2908 quod
3504 2828 3701 2906 ipsius

460 2922 860 3000 imperatoris
898 2922 1143 3003 (Alexii)
1167 2923 1432 2987 Occultis
1455 2932 1518 2988 et
1546 2926 1806 3005 perﬁdis
1828 2925 2131 3000 consiliis,
2156 2944 2194 2991 a
2216 2928 2449 2989 comite
2478 2927 2857 3007 Reymundo
2887 2934 2948 2991 et
2976 2926 3279 2989 militibus
3304 2926 3699 3004 TurcOpolis,

461 3020 629 3080 dedu
654 3027 767 3081 rtus
795 3020 876 3081 sit
906 3021 1219 3082 exercitus
1252 3022 1811 3100 Langobardorum
1846 3040 1961 3102 per
1991 3022 2237 3085 deserta
2274 3031 2340 3085 et
2369 3024 2535 3085 invia
2577 3032 2639 3086 et
2672 3024 3052 3087 solitudines
3102 3023 3438 3101 Flaganite,
3475 3033 3543 3084 ut
3571 3024 3701 3086 illic

460 3133 495 3177 a
523 3118 739 3179 Turcis
769 3116 953 3180 facile
1008 3134 1139 3197 praa
1169 3118 1335 3181 fame
1368 3128 1432 3181 et
1460 3119 1561 3180 siti
1592 3119 1969 3194 exhaustus,
2013 3128 2347 3199 superatus
2390 3121 2808 3183 occideretur.
2854 3122 3088 3183 Verum
3125 3131 3194 3183 ut
3237 3138 3273 3184 a
3302 3120 3594 3187 veridicis
3639 3128 3698 3182 et

456 3213 782 3277 nobilibus
812 3214 961 3276 viris
1009 3215 1271 3279 relatum
1306 3222 1424 3290 est,
1458 3232 1863 3295 nequaquam
1913 3215 2035 3278 hoc
2064 3214 2340 3278 nefando
2386 3216 2630 3279 scelere
2678 3216 3029 3297 culpandus
3064 3228 3217 3280 erat.
3269 3218 3422 3281 Nam
3467 3216 3705 3295 saepius

464 3310 808 3372 exercitum
848 3312 1251 3391 pi'aamonuit,
1289 3320 1349 3374 et
1377 3312 1633 3374 edocuit
1674 3310 2051 3373 solitudines
2082 3320 2142 3374 et
2170 3312 2583 3385 defectiones,
2635 3320 2696 3375 et
2729 3316 3075 3376 'I‘urcorum
3122 3313 3381 3377 insidias
3422 3313 3484 3375 in
3518 3311 3701 3373 inviis

462 3407 794 3485 Flaganim,
838 3416 898 3469 et
930 3408 1075 3470 ideo
1110 3425 1220 3470 eos
1248 3426 1377 3471 non
1404 3426 1628 3471 secure
1658 3415 1724 3470 et
1750 3415 1921 3471 tutos
1962 3425 2075 3487 per
2102 3407 2261 3470 hanc
2294 3408 2452 3470 viam
2487 3424 2672 3487 posse
2718 3408 3037 3470 incedere.
3070 3442 3147 3454 —
3185 3410 3326 3471 Car.
3363 3408 3458 3471 l7.
3496 3410 3705 3488 Ιωρθτ

462 3511 631 3567 rstor
662 3505 957 3585 (Alexius)
1011 3506 1370 3568 universam
1407 3506 1777 3587 petitionem
1813 3506 2001 3583 regis,
2051 3521 2193 3566 cum
2225 3504 2599 3566 muneribus
2639 3503 2759 3566 sibi
2804 3504 3220 3583 praesentalis,
3274 3504 3336 3566 in
3384 3504 3552 3565 bono
3588 3522 3699 3566 ac-

463 3599 656 3678 cepit,
684 3606 745 3661 et
775 3599 855 3662 de
885 3601 1056 3662 omni
1079 3602 1446 3681 suspicione
1478 3600 1653 3662 necis
1678 3599 2261 3678 Longobardorum,
2298 3618 2487 3680 quam
2511 3599 2811 3662 adversus
2841 3616 2986 3663 eum
3004 3599 3335 3663 Christiani
3358 3598 3695 3670 habebant,

452 3696 890 3775 jusjurandum
916 3697 981 3758 in
1022 3697 1128 3759 Dei
1166 3697 1422 3759 nomine
1456 3696 1719 3769 faciens,
1747 3714 1815 3757 se
1848 3696 2186 3769 exeusavit,
2222 3696 2597 3775 promittens
2628 3713 2695 3757 se
2730 3695 2960 3759 deinde
2995 3696 3291 3757 omnibus
3338 3694 3699 3757 misericor-

439 3794 608 3855 dem
640 3793 793 3866 ﬁeri,
823 3810 1039 3871 regem
1062 3793 1491 3854 Baldewinum
1522 3809 1595 3853 se
1626 3792 1784 3854 velle
1817 3791 2131 3854 honorare
2161 3800 2220 3854 et
2250 3808 2487 3857 amare.
2522 3796 2590 3855 In
2614 3792 2833 3857 eadem
2858 3791 3171 3870 legatione
3204 3791 3282 3852 ab
3319 3791 3700 3869 imperatore

464 3888 789 3951 decretum
818 3898 934 3964 est,
971 3896 1036 3951 ut
1071 3889 1413 3968 episcopus
1452 3888 1533 3950 de
1571 3887 1929 3950 Barcinona
1963 3904 2110 3950 eum
2140 3889 2307 3967 apud
2351 3891 2705 3953 Romanum
2740 3896 2919 3968 pont.
2982 3886 3343 3950 Paschalem
3389 3886 3467 3949 de
3506 3886 3700 3959 tradi-

464 3986 638 4046 tione
686 3984 804 4047 sibi
848 3985 1145 4065 imposita
1199 3989 1549 4046 excusaret.
1610 3982 1737 4045 Sed
1784 3982 2188 4061 pravaluissc
2241 3986 2663 4064 suspiciones,
2724 4004 2802 4044 ea:
2846 3985 3576 4067 sequentibus‘apparcl.
3621 4016 3698 4029 ~—

465 4086 610 4146 CAP.
645 4084 741 4145 48.
797 4084 1186 4163 Engelradus
1234 4090 1446 4145 autem
1498 4081 1683 4144 miles
1737 4081 1994 4161 quidam
2058 4082 2125 4144 in
2174 4085 2520 4146 Jerusalem
2576 4091 2886 4161 repertus,
2940 4083 3305 4145 muneribus
3351 4079 3697 4157 magnisab

462 4182 845 4262 imperatore
876 4183 1244 4255 honoratus,
1281 4182 1449 4243 bona
1481 4180 1705 4242 nuntia
1736 4179 2100 4259 reportavit,
2138 4187 2198 4241 et
2230 4180 2568 4242 amicitiam
2600 4188 2662 4239 et
2696 4179 2881 4240 ﬁdem
2931 4180 3062 4257 regi
3104 4179 3456 4241 Baldewino
3491 4181 3697 4255 impe-

463 4285 733 4341 ratorem
767 4276 926 4338 velle
972 4278 1338 4348 observare,
1382 4283 1450 4339 et
1481 4275 1852 4356 peregrinos
1879 4278 2029 4351 ;non
2068 4275 2227 4340 ultra
2277 4276 2623 4341 oii'endere.
2669 4275 2791 4337 Sed
2850 4276 3191 4356 episcOpus
3235 4274 3694 4353 aliquantulum

464 4374 709 4436 renisus
738 4382 832 4435 est
873 4373 1262 4454 imperatori,
1301 4382 1565 4455 propter
1592 4373 2032 4438 inﬁdelitatem
2066 4390 2215 4451 erga
2244 4372 2491 4447 Gallos,
2523 4388 2711 4452 quam
2746 4371 2824 4435 ab
2872 4387 2949 4433 eo
2980 4370 3263 4433 extorsit.
3302 4374 3698 4447 Quapropter

461 4470 527 4529 in
556 4470 973 4549 amaritudine
1016 4470 1209 4532 animi
1241 4473 1507 4533 Romam
1537 4472 1831 4541 tendens,
1876 4471 2090 4551 ipsum
2114 4472 2563 4551 imperatorem
2599 4466 2964 4531 criminatus
2997 4472 3090 4526 est
3118 4465 3180 4526 in
3214 4464 3474 4528 ecclesia
3499 4466 3696 4526 Bene-

460 4574 751 4638 ventana,
777 4573 839 4629 et
865 4566 1011 4629 ideo
1033 4566 1372 4644 assumptis
1400 4566 1628 4629 litteris
1656 4566 1860 4646 ipsius
1881 4567 2243 4649 apostolici,
2278 4564 2679 4647 querimonia
2702 4563 2904 4641 gravis
2936 4560 3105 4641 apud
3127 4577 3349 4624 omnes
3372 4558 3695 4642 principes

442 4663 673 4725 :(taltiae
714 4680 907 4741 super
936 4662 1078 4741 ipso
1109 4662 1491 4741 imperatore
1532 4661 1697 4726 facta
1726 4669 1842 4725 est.

3478 4837 3667 4851 W

488 4847 535 4855 ο-
553 4847 855 4855 ει--ηρδς--ν

1208 4998 1753 5092 ELOGIUM
1828 4997 2186 5091 ANNIE
2287 4997 2944 5109 COMNEN/E,

1324 5193 1623 5237 BEIOINE
1693 5188 2215 5237 INCOIIPARABIIJS
2255 5190 2331 5234 AC
2391 5190 2872 5248 Ειιυωτιεειωε,

461 5321 657 5387 E112.
690 5320 764 5380 A.
806 5321 880 5381 Ρ.
922 5319 1217 5382 Ludovici
1241 5320 1489 5403 Jacobla
1512 5321 1580 5382 S.
1603 5319 1854 5385 Carolo.
1882 5319 2334 5393 Cabilonensis,
2368 5321 2737 5401 Carmelita’,
2770 5321 3120 5385 consiliarii
3149 5328 3204 5381 et
3225 5319 3693 5399 eleemosynarii

536 5412 853 5478 ordinarii
891 5418 1049 5497 regii
1091 5436 1109 5476 :
1153 5435 1391 5477 necnon
1450 5416 1861 5478 illustrissimi
1906 5435 1979 5475 ac
2026 5416 2531 5479 rccsrcndissimi
2575 5418 2765 5487 1).,11.
2813 5418 3079 5478 Joannis
3125 5415 3311 5479 Pauli
3363 5418 3694 5481 Francisri

536 5510 1282 5586 Gondii,Corinthiorum
1314 5514 1770 5592 archiepiscopi
1802 5523 1856 5573 ct
1889 5513 2275 5593 coadjutoris
2312 5513 2717 5589 Parisiensis,
2753 5511 3248 5581 Bibliothecarii.
3300 5512 3691 5578 Bibliotheca

537 5607 877 5669 illustrium
906 5608 1279 5687 feminarum
1320 5629 1452 5690 quia
1484 5612 1737 5689 scriptis
1767 5610 2124 5670 claruerunt
2164 5610 2575 5687 desumplum.
2654 5610 2655 5613 “

535 5708 710 5764 Anna
744 5708 1084 5776 Comnena,
1118 5707 1358 5780 Grmca,
1417 5707 1616 5767 Alc-xii
1651 5708 2014 5768 Graecorum
2045 5706 2441 5786 imperatoris
2477 5714 2537 5767 et
2574 5708 2787 5768 lrenes
2830 5705 2991 5780 ﬁlia,
3042 5723 3115 5767 ac
3166 5701 3503 5787 Nicephori
3551 5709 3684 5768 Me-

450 5798 668 5861 Iisscni
701 5800 932 5879 conjux
965 5801 1433 5878 augustissima.
1470 5800 1794 5880 Multiplici
1835 5818 1984 5863 sane
2023 5802 2203 5865 laude
2246 5820 2476 5865 nomen
2518 5820 2705 5867 suum
2750 5810 2930 5867 Anna
2978 5799 3329 5868 immortale
3380 5814 3679 5869 reddidit.
