4018 6566
272 400 337 462 ’Π
1394 404 1585 465 ELOG
1598 406 1744 466 IUM
1784 407 1859 467 AP

1949 406 2006 465 ιΕ
2036 406 2346 467 COMNEN
2358 406 2443 465 Ε.
3446 406 3536 466 78'

268 518 421 578 Nam
456 519 630 580 varia
664 518 1020 582 eruditione
1069 523 1130 579 et
1172 518 1397 597 judicii
1430 519 1722 584 acumine
1763 518 2162 582 doctissimas
2189 520 2353 581 inter
2401 518 2495 580 sui
2531 518 2645 582 aevi
2676 517 2943 581 feminas
2992 516 3309 581 inclaruit.
3366 519 3517 583 11th

268 615 531 675 heroina
568 616 1081 695 incomparablis
1118 632 1244 677 non
1277 616 1479 677 solum
1512 617 1577 678 in
1608 617 1837 694 linguis
1865 614 2099 678 Grtecis
2130 614 2547 675 eruditissima
2580 614 2838 690 exstitit,
2861 616 2969 675 sed
3001 614 3185 674 etiam
3221 631 3285 674 1n
3327 615 3515 677 rebus

266 709 587 771 historicis
630 711 1002 772 domesticis
1034 712 1477 785 versatisslma,
1509 719 1571 783 et
1602 728 1744 793 quae
1785 712 2013 774 studiis
2048 714 2233 791 (teste
2260 715 2503 776 Joanne
2544 711 2801 791 Zonara)
2843 721 2975 772 erat
3000 712 3280 786 addicta,
3316 723 3371 772 et
3405 730 3515 773 ex:

265 808 494 885 quisite
556 806 955 867 atticissabat
995 816 1049 867 et
1107 809 1464 869 acutissimo
1514 820 1649 868 erat
1702 809 1953 885 ingenio
2005 811 2086 871 ad
2134 808 2631 870 abstrusissimas
2655 829 2924 889 quasque
2947 810 3516 887 Contemplationcs.

264 906 533 983 Scripsit
572 906 790 967 Gt'&?Cb
826 905 949 968 hoc
992 906 1217 985 ingens
1264 906 1577 969 Musarum
1620 907 2071 985 Chalitumque
2118 906 2443 968 delicium.
2492 907 2578 965 De
2618 906 2797 965 rebus
2842 905 3056 966 Λίβα-ἔξ
3088 906 3374 984 parentis
3422 906 3521 966 sui

263 1004 453 1079 gestis
485 1002 687 1065 libros
719 1003 853 1077 XV,
892 1021 1043 1082 quos
1094 1002 1405 1066 Alexiada
1460 1005 1730 1067 vocavit.
1770 1005 1904 1066 Hoc
1961 1012 2055 1066 est
2100 1004 2451 1067 Historiam
2483 1001 2777 1069 Ecclesia:
2810 1001 3523 1081 Constantinopolitano:

265 1110 320 1158 et
368 1102 957 1159 controversiarum
1000 1098 1332 1178 religionis
1388 1099 1454 1162 in
1508 1097 1935 1169 Orientalibus
1993 1100 2267 1162 ccclesiis
2318 1109 2622 1160 ortarum.
2674 1100 2934 1162 Exstant
2978 1101 3124 1161 M53.
3186 1100 3406 1163 Romae
3454 1099 3520 1159 in

267 1196 686 1256 celeberrima
732 1194 1117 1257 bibliotheca
1150 1196 1631 1257 eminentissimi
1666 1194 1969 1275 principis
1995 1197 2305 1258 Francisci
2346 1196 2664 1257 Barberini
2696 1198 2759 1257 S.
2791 1198 2864 1255 R.
2898 1196 2967 1255 Ε.
3002 1195 3356 1269 cardinalis,
3392 1200 3518 1255 Au-

268 1299 460 1368 gustae
488 1291 963 1352 Vindelicorum
987 1291 1049 1351 in
1074 1292 1454 1355 bibliotheca
1482 1293 1754 1369 publica,
1790 1294 2126 1354 Florentim
2154 1293 2218 1355 in
2247 1292 2860 1366 San-Laurcntiana;
2891 1299 2951 1355 et
2991 1293 3177 1354 etiam
3218 1293 3282 1353 in
3334 1293 3521 1353 variis

274 1386 459 1446 ltaliae
506 1386 940 1448 bibliothecis.
974 1387 1153 1448 Libri
1172 1390 1369 1467 primi
1400 1398 1534 1448 octo
1566 1389 1962 1469 prodierunt,
1998 1390 2286 1465 Augustin
2316 1389 2811 1461 Vindelicowm,
2857 1386 3033 1460 1618,
3064 1388 3125 1449 in
3158 1388 3388 1463 4°,cum
3412 1405 3523 1448 no-

267 1483 339 1541 tis
368 1482 627 1542 Davidis
666 1480 1051 1556 Hoeschelii.
1088 1484 1320 1544 Omnes
1382 1501 1527 1544 vero
1575 1501 1741 1545 nunc
1779 1484 2157 1561 prodeunte
2196 1483 2577 1544 bibliotheca
2626 1484 2979 1557 Barberina,
3042 1484 3297 1544 Lutetiae
3348 1484 3519 1543 Pari-

268 1578 533 1647 siorum,
571 1578 742 1651 typis
776 1578 991 1654 regiis,
1019 1578 1193 1650 1651,
1234 1580 1302 1642 in
1330 1579 1509 1653 folio,
1542 1598 1684 1643 cum
1715 1580 1984 1656 eleganti
2020 1580 2305 1640 versione
2347 1579 2584 1650 Latina,
2621 1578 2965 1646 Glossario.
3018 1596 3089 1640 ac
3148 1579 3521 1640 Prmfatiune

272 1675 338 1733 Il.
378 1675 443 1732 P.
482 1675 651 1735 Petri
686 1676 959 1749 Possini,
1012 1677 1326 1739 societatis
1352 1679 1524 1747 Jesu,
1573 1677 1853 1753 theologi
1921 1675 2127 1750 magni
2167 1674 2462 1735 nominis.
2510 1676 2720 1741 Multa
2753 1693 2898 1735 vero
2936 1673 3164 1755 (inquit
3208 1675 3521 1737 Gerardus

268 1770 547 1829 Joannes
599 1771 883 1843 Vossius,
946 1771 1106 1831 libro
1156 1772 1439 1833 secundo
1497 1772 1583 1830 De
1628 1772 1945 1831 historicis
1978 1771 2231 1843 Grcecis,
2267 1786 2406 1848 cap.
2443 1768 2538 1847 27)
2576 1770 2647 1830 de
2676 1780 2938 1849 parente
2968 1790 3079 1830 suo
3116 1769 3296 1849 longe
3334 1770 3523 1831 aliter

271 1875 514 1936 narrat,
584 1884 773 1944 quam
835 1867 1048 1926 Latini
1102 1865 1302 1927 solent
1354 1868 1539 1946 :aqui
1598 1884 1805 1925 omnes
1864 1884 2082 1945 prope,
2144 1868 2200 1925 si
2245 1884 2438 1925 unum
2511 1868 2794 1944 excipias
2857 1866 3203 1939 Albertum,
3257 1868 3518 1926 canoni-

274 1979 400 2019 cum
450 1964 829 2040 Aquensem,
874 1963 1177 2023 Ctesarem
1219 1981 1356 2023 cum
1400 1961 1785 2035 describunt,
1837 1969 2133 2041 tanquam
2175 1961 2481 2023 hominem
2527 1962 2999 2039 fraudulentum
3079 1982 3151 2023 ac
3185 1964 3515 2043 perﬁdum.

274 2060 390 2119 Sed
416 2061 579 2119 satis
608 2058 951 2121 verisimile
984 2070 1097 2135 est,
1125 2069 1256 2120 tum
1301 2060 1560 2125 Latinos
1585 2080 1697 2122 suo
1738 2076 1886 2140 erga
1932 2061 2210 2123 ercum
2254 2061 2692 2138 imperatorem
2734 2060 2904 2132 odio,
2953 2067 3079 2118 tum
3118 2059 3313 2136 ﬁliam
3343 2062 3520 2120 Con.-

275 2174 490 2215 nenam
522 2158 733 2217 amori
760 2173 908 2234 erga
925 2166 1167 2235 patrem
1196 2176 1332 2230 suo,
1366 2155 1686 2235 aliquanto
1726 2156 1993 2235 amplius
2024 2159 2378 2232 indulsisse,
2424 2178 2604 2238 quam
2635 2177 2749 2237 per
2773 2159 2932 2238 leges
2962 2159 3239 2221 historia:
3278 2160 3515 2220 liceret.

273 2253 441 2313 Hanc
504 2251 878 2313 Alexiadem
940 2252 1322 2315 cominuavit
1398 2255 1678 2315 Joannes
1708 2253 2067 2328 Sinnamus,
2120 2255 2331 2332 regius
2379 2256 2841 2331 grammaticus,
2898 2271 3039 2333 quae
3097 2272 3263 2317 nunc
3316 2255 3517 2317 lucem

274 2348 516 2427 aSpexit
561 2365 597 2410 e
629 2349 852 2409 codice
885 2348 1185 2410 Vaticano
1218 2347 1355 2424 319,
1398 2366 1543 2411 cum
1575 2349 1869 2411 versione
1904 2358 1966 2411 et
2012 2353 2179 2411 notis
2212 2353 2274 2410 P.
2339 2350 2610 2411 Possini.

349 2449 591 2511 Claruit
618 2449 784 2511 circa
824 2456 1073 2513 annum
1096 2450 1555 2515 Incarnationis
1588 2449 1931 2515 Dominicaa
1979 2446 2153 2510 1130.

356 2547 441 2607 De
475 2552 676 2606 Annae
704 2548 1043 2606 Comnenai
1080 2546 1372 2607 laudibus
1412 2555 1473 2607 et
1504 2544 1757 2625 scriptis
1808 2544 2107 2624 praeclara
2145 2542 2418 2604 reddunt
2469 2541 2856 2615 testimonia,
2899 2544 3176 2604 Joannes
3224 2544 3518 2615 Zonaras,

278 2642 626 2704 monachus
673 2644 948 2717 Graecus,
1014 2650 1187 2723 tomp
1226 2644 1313 2715 IlI
1374 2644 1675 2705 Historia:
1706 2636 2059 2719 Catholica},
2092 2656 2238 2719 pag.
2273 2638 2426 2699 mihi
2472 2638 2628 2723 242;
2679 2673 2752 2683 --
2798 2638 3123 2700 Conradus
3176 2640 3515 2710 Gesncrus,

278 2741 615 2817 Tigurinus
677 2740 982 2813 medicus,
1014 2740 1081 2800 in
1110 2738 1505 2801 Bibliotheca
1525 2736 1911 2807 universali;
1942 2770 2016 2787 -ν
2052 2738 2363 2798 Antonius
2410 2737 2816 2808 Possevinus,
2851 2738 3251 2811 Mantuanus,
3292 2752 3424 2797 soc.
3458 2738 3519 2799 J.

278 2836 338 2897 in
373 2837 710 2914 Apparatu
739 2854 952 2905 sacro;
996 2870 1069 2881 —
1118 2837 1389 2898 Jacobus
1419 2840 1768 2908 Gretserus,
1802 2850 1933 2895 soc.
1967 2836 2113 2895 Jesu
2146 2833 2209 2892 in
2264 2833 2669 2912 Refutatione
2704 2832 3073 2911 Alogiarum
3106 2832 3302 2892 Anna:
3333 2833 3515 2895 Com-

275 2953 445 2995 nenc
495 2936 565 2995 in
619 2933 925 2995 Alexiade
971 2944 1187 2995 contra
1230 2935 1602 3013 Gregorium
1662 2933 1778 2995 VII
1833 2932 2011 2993 Rom.
2056 2932 2217 2990 Pont
2244 2951 2261 2998 ;
2304 2920 2378 2972 -ὲ
2424 2931 2737 2991 Gerardus
2782 2934 3059 2992 Joannes
3104 2931 3376 3003 Vossius,
3427 2933 3515 2991 De

278 3042 543 3111 quatuor
574 3029 861 3106 artibus,
901 3037 962 3115 et
1009 3031 1117 3097 lib.
1165 3032 1251 3093 De
1305 3030 1625 3092 historicis
1678 3030 1950 3103 ercis‘;
1980 3060 2059 3075 -—
2096 3031 2217 3103 Lup
2270 3027 2557 3103 Allatius,
2609 3028 2822 3102 Chius,
2870 3028 2978 3090 lib.
3032 3030 3117 3088 De
3180 3028 3404 3088 Psellis
3459 3037 3517 3088 et

278 3147 488 3189 eorum
554 3130 845 3208 scriptis;
889 3138 943 3190 et
1005 3128 1166 3190 libro
1216 3129 1290 3190 de
1343 3128 1635 3189 Ecclesia:
1702 3126 2019 3190 Occident.
2071 3134 2124 3184 et
2170 3124 2413 3186 Orient.
2455 3134 2755 3203 perpetua
2798 3127 3231 3192 consensione;
3264 3158 3337 3168 —
3381 3125 3513 3185 Gil-

276 3224 489 3285 bertus
522 3226 894 3299 Gauminus,
926 3225 1316 3298 Moliuensis,
1346 3225 1700 3287 libellorum
1740 3222 2097 3303 supplicum
2129 3222 2444 3299 magister,
2472 3222 2533 3283 in
2569 3223 2729 3283 notis
2748 3223 2823 3283 ad
2863 3222 3184 3285 Michaelis
3216 3222 3398 3284 Pselli
3432 3225 3517 3283 De

278 3322 640 3398 operatione
664 3320 1008 3383 daemonum
1035 3320 1406 3401 Dialogum;
1450 3355 1525 3366 —-
1564 3320 1930 3383 Franciscus
1962 3319 2305 3382 Balduinus
2323 3321 2379 3381 J.
2418 3323 2482 3381 C.
2511 3322 2597 3381 De
2642 3322 3037 3383 institutione
3072 3320 3347 3381 historia:
3371 3324 3513 3383 uni-

276 3414 568 3483 versalis;
602 3451 673 3459 —
698 3417 971 3479 Iacobus
992 3417 1384 3489 Gail‘arellus.
1413 3417 1838 3497 provincialis,
1876 3417 2035 3481 libro
2051 3418 2418 3496 pererudito
2448 3419 2535 3493 De
2563 3417 3035 3480 curiositatibus
3071 3419 3416 3487 inauditis;
3444 3452 3516 3481 -—-.

277 3512 438 3573 Elias
478 3512 864 3590 Ehingerus,
914 3518 1333 3591 Augustanus,
1376 3514 1440 3574 in
1490 3514 1879 3578 Bibliotheca
1913 3515 2319 3593 Augustam;
2355 3549 2426 3561 -
2461 3516 2849 3593 Augustinus
2900 3515 3275 3587 hiascardus,
3323 3518 3514 3577 Trac-

275 3618 398 3672 tatu
428 3626 475 3671 ιι
496 3610 586 3669 De
620 3618 758 3669 arte
794 3611 1075 3687 poetica;
1106 3646 1177 3655 —
1208 3611 1438 3677 Paulus
1468 3610 1851 3683 Bolduauus,
1878 3610 1944 3670 in
1972 3610 2683 3690 Bibliothecayiietorica
2701 3634 2720 3680 ;
2754 3645 2822 3656 -—
2852 3612 3069 3674 Simon
3101 3612 3421 3685 Scardius,
3453 3616 3513 3686 J,

274 3708 338 3765 C.
374 3708 752 3776 Germanus,
789 3706 856 3767 in
895 3706 1273 3782 Prae/titione
1300 3707 1387 3769 ad
1416 3708 1491 3769 IV
1528 3708 1869 3785 scriptores
1897 3708 2274 3777 Germanos;
2304 3742 2376 3753 --
2404 3710 2743 3772 Remaclus
2784 3710 2965 3781 Mosi,
3022 3712 3087 3772 in
3140 3712 3373 3771 Mauro
3410 3711 3515 3771 hi-

277 3799 552 3875 storiali,
588 3801 806 3863 Leodii
842 3801 991 3863 1610
1020 3802 1087 3864 in
1119 3802 1176 3867 4³
1204 3804 1410 3878 edito;
1441 3836 1518 3849 --
1554 3804 1865 3866 Aubertus
1890 3805 2159 3880 Miratus,
2187 3807 2252 3867 in
2284 3806 2688 3867 Bibliotheca:
2722 3808 3152 3869 ecclesiastica?
3175 3809 3517 3876 Auctario;

280 3930 353 3941 --
388 3897 761 3959 Franciscus
791 3898 1181 3976 AugUStinus
1203 3898 1283 3961 ab
1317 3899 1616 3971 Ecclesia,
1652 3900 2026 3962 Salutiarum
2050 3902 2413 3982 episcopus,
2457 3904 2520 3963 in
2564 3905 2823 3963 Theatra
2865 3903 3205 3964 illustrium
3228 3905 3517 3966 doctrina

278 3993 604 4053 mulierum
618 4015 639 4067 ,-
671 4027 746 4038 —
774 3996 1052 4059 Joannes
1085 3996 1414 4070 Meursius,
1447 3998 1514 4058 in
1551 3996 1875 4060 Glossario
1912 3998 2442 4060 Gnaeo-Barbara
2465 4043 2481 4070 ,
2529 4007 2593 4060 et
2644 4000 2711 4060 in
2746 4000 2919 4061 Notis
2954 4000 3033 4061 ad
3066 4003 3516 4079 Expositione:

281 4092 347 4151 in
406 4092 743 4153 Canticum
800 4096 1191 4156 canticorum
1254 4095 1467 4168 Pselli,
1535 4111 1679 4175 pag.
1756 4094 1901 4167 l'M;
1979 4126 2053 4137 —-
2115 4093 2445 4174 Philippus
2502 4098 2847 4170 Glasserus,
2906 4099 3400 4177 Argentinensis,
3448 4097 3513 4157 in

280 4190 753 4266 Syngrammate
787 4187 1127 4260 historico:
1163 4225 1235 4235 -
1282 4193 1581 4253 Martinus
1620 4192 1895 4266 Crusius,
1933 4191 1997 4250 in
2055 4191 2518 4269 Prolegomenis
2548 4192 2631 4253 ad
2675 4197 3231 4257 Commentationes
3274 4198 3341 4256 in
3369 4200 3511 4274 pri-

281 4302 438 4343 mum
469 4284 702 4345 librum
732 4285 973 4347 Iliados
995 4288 1292 4356 Homeri:
1339 4323 1405 4331 -—-
1452 4290 1731 4349 Joannes
1774 4287 2106 4359 Seldenus,
2162 4288 2418 4365 Anglus.
2481 4291 2542 4351 in
2602 4291 3060 4353 Commentario
3116 4293 3181 4355 in
3217 4292 3515 4369 Eutychii

282 4378 605 4457 Origines;
652 4415 728 4425 —
775 4382 1089 4460 Iosephus
1137 4384 1322 4444 Maria
1372 4385 1722 4457 Suaresius,
1780 4384 2260 4459 Avenionensis,
2315 4387 2541 4465 prmsul
2605 4387 3037 4463 Vasionensis,
3098 4389 3163 4451 in
3222 4388 3514 4450 Diatriba

278 4480 475 4553 prima
508 4478 581 4536 de
625 4479 1007 4539 universalis
1040 4480 1316 4559 historice
1346 4482 1641 4558 syntaxi;
1682 4515 1752 4524 ——
1788 4481 2035 4542 Gabriel
2080 4483 2412 4555 Naudaaus,
2447 4484 2789 4557 Parisinus,
2825 4486 2888 4546 in
2926 4486 3186 4564 Dialogo
3212 4484 3509 4564 politico;

284 4606 353 4619 -
380 4574 449 4634 P.
490 4572 826 4655 Philippus
855 4576 1088 4652 Labbe,
1120 4578 1553 4651 Bituricencis,
1588 4594 1719 4639 soc.
1757 4580 1927 4651 Jesu,
1958 4578 2020 4638 in
2046 4580 2438 4659 Protreptico
2468 4588 2525 4642 et
2547 4580 2973 4643 Delineationc
3001 4583 3359 4662 Apparatus
3382 4582 3508 4657 By-

280 4672 539 4731 zantina:
562 4672 904 4741 Historiis;
937 4706 1008 4717 -—-
1044 4675 1318 4736 Jacobus
1352 4676 1661 4755 Cujacius,
1694 4675 1974 4749 Tolosae,
2006 4676 2070 4736 in
2119 4677 2427 4755 Operibus
2462 4679 2673 4759 juris;
2706 4712 2780 4724 ——
2813 4680 3060 4741 Nicetas
3105 4680 3513 4741 Acomiuatus

284 4766 611 4830 (thoniates
658 4769 724 4830 in
757 4771 1046 4831 Historia
1080 4772 1326 4839 Graec:
1370 4806 1439 4815 -—
1470 4780 1689 4833 auctor
1737 4789 2092 4851 anonymus
2141 4775 2442 4854 Synopsis
2488 4777 2630 4836 ritw
2671 4776 2865 4837 Anna:
2918 4778 3263 4848 Comnemr,
3322 4788 3509 4853 quam

286 4861 444 4925 brevi
473 4875 941 4945 exspectamus,
975 4885 1121 4929 cura
1157 4876 1217 4929 et
1252 4868 1461 4931 studio
1504 4870 1577 4928 lt.
1612 4870 1679 4929 Ρ.
1717 4869 1885 4929 Petri
1920 4871 2184 4932 Possini.
