  <div class='ocr_page' id='page_1' title='image "/cluster/home/n/w/nwhite01/storage/ocr_20150623/131/hvd.32044019208263/055.png"; bbox 0 0 4018 6578; ppageno 0'>
   <div class='ocr_carea' id='block_1_1' title="bbox 504 366 3737 445">
    <p class='ocr_par' dir='ltr' id='par_1_1' title="bbox 504 366 3737 445">
     <span class='ocr_line' id='line_1_1' title="bbox 504 366 3737 445; baseline 0.003 -16"><span class='ocrx_word' id='word_1_1' title='bbox 504 380 577 445; x_wconf 77' lang='lat'><strong>37</strong></span> <span class='ocrx_word' id='word_1_2' title='bbox 764 366 771 371; x_wconf 78' lang='lat'><strong>&#39;</strong></span> <span class='ocrx_word' id='word_1_3' title='bbox 1774 372 1997 437; x_wconf 58' lang='lat' dir='ltr'><strong>arma:</strong></span> <span class='ocrx_word' id='word_1_4' title='bbox 2039 372 2416 434; x_wconf 65' lang='lat' dir='ltr'><strong>comem</strong></span> <span class='ocrx_word' id='word_1_5' title='bbox 3666 377 3737 440; x_wconf 79' lang='lat' dir='ltr'><strong>ss</strong></span> 
     </span>
    </p>
   </div>
   <div class='ocr_carea' id='block_1_2' title="bbox 505 474 2042 561">
    <p class='ocr_par' dir='ltr' id='par_1_2' title="bbox 505 474 2042 557">
     <span class='ocr_line' id='line_1_2' title="bbox 505 474 2042 557; baseline -0.005 -11"><span class='ocrx_word' id='word_1_6' title='bbox 505 491 857 548; x_wconf 68' lang='lat' dir='ltr'><strong>meditatione</strong></span> <span class='ocrx_word' id='word_1_7' title='bbox 887 474 1244 547; x_wconf 76' lang='lat' dir='ltr'><strong>scientiarum</strong></span> <span class='ocrx_word' id='word_1_8' title='bbox 1280 487 1629 557; x_wconf 84' lang='lat' dir='ltr'><strong>lectioneque</strong></span> <span class='ocrx_word' id='word_1_9' title='bbox 1663 502 1725 542; x_wconf 90' lang='lat' dir='ltr'><strong>ac</strong></span> <span class='ocrx_word' id='word_1_10' title='bbox 1756 476 2042 541; x_wconf 73' lang='lat' dir='ltr'><strong>eruditiotn</strong></span> 
     </span>
    </p>
   </div>
   <div class='ocr_carea' id='block_1_3' title="bbox 2145 474 3737 561">
    <p class='ocr_par' dir='ltr' id='par_1_3' title="bbox 2172 487 3737 561">
     <span class='ocr_line' id='line_1_3' title="bbox 2172 487 3737 561; baseline 0.005 -21"><span class='ocrx_word' id='word_1_11' title='bbox 2172 488 2269 542; x_wconf 82' lang='grc' dir='ltr'><strong>καὶ</strong></span> <span class='ocrx_word' id='word_1_12' title='bbox 2303 488 2523 559; x_wconf 83' lang='grc' dir='ltr'><strong>χάριτος</strong></span> <span class='ocrx_word' id='word_1_13' title='bbox 2573 487 2969 561; x_wconf 77' lang='grc' dir='ltr'><strong>ὲπιτρεχούσης</strong></span> <span class='ocrx_word' id='word_1_14' title='bbox 3012 488 3129 555; x_wconf 74' lang='grc' dir='ltr'><strong>τοτς</strong></span> <span class='ocrx_word' id='word_1_15' title='bbox 3161 490 3371 561; x_wconf 83' lang='grc' dir='ltr'><strong>μέλεσι,</strong></span> <span class='ocrx_word' id='word_1_16' title='bbox 3411 490 3508 545; x_wconf 74' lang='grc' dir='ltr'><strong>καὶ</strong></span> <span class='ocrx_word' id='word_1_17' title='bbox 3559 492 3737 557; x_wconf 73' lang='grc' dir='ltr'><strong>εἴδους</strong></span> 
     </span>
    </p>
   </div>
   <div class='ocr_carea' id='block_1_4' title="bbox 496 578 2059 651">
    <p class='ocr_par' dir='ltr' id='par_1_4' title="bbox 496 578 2059 651">
     <span class='ocr_line' id='line_1_4' title="bbox 496 578 2059 651; baseline -0.005 -13"><span class='ocrx_word' id='word_1_18' title='bbox 496 586 670 651; x_wconf 85' lang='lat' dir='ltr'><strong>varia,</strong></span> <span class='ocrx_word' id='word_1_19' title='bbox 712 585 831 640; x_wconf 88' lang='lat' dir='ltr'><strong>sive</strong></span> <span class='ocrx_word' id='word_1_20' title='bbox 862 592 1141 638; x_wconf 77' lang='lat' dir='ltr'><strong>externam</strong></span> <span class='ocrx_word' id='word_1_21' title='bbox 1168 582 1282 635; x_wconf 82' lang='lat' dir='ltr'><strong>sive</strong></span> <span class='ocrx_word' id='word_1_22' title='bbox 1310 587 1613 633; x_wconf 74' lang='lat' dir='ltr'><strong>nostratem</strong></span> <span class='ocrx_word' id='word_1_23' title='bbox 1660 578 1844 640; x_wconf 88' lang='lat' dir='ltr'><strong>malis,</strong></span> <span class='ocrx_word' id='word_1_24' title='bbox 1870 578 2059 633; x_wconf 76' lang='lat' dir='ltr'><strong>eodem</strong></span> 
     </span>
    </p>
   </div>
   <div class='ocr_carea' id='block_1_5' title="bbox 496 670 2064 744">
    <p class='ocr_par' dir='ltr' id='par_1_5' title="bbox 496 670 2064 744">
     <span class='ocr_line' id='line_1_5' title="bbox 496 670 2064 744; baseline -0.003 -13"><span class='ocrx_word' id='word_1_25' title='bbox 496 677 599 732; x_wconf 89' lang='lat' dir='ltr'><strong>hoc</strong></span> <span class='ocrx_word' id='word_1_26' title='bbox 628 677 987 733; x_wconf 79' lang='lat' dir='ltr'><strong>instructior?</strong></span> <span class='ocrx_word' id='word_1_27' title='bbox 1010 672 1128 728; x_wconf 73' lang='lat' dir='ltr'><strong>1am</strong></span> <span class='ocrx_word' id='word_1_28' title='bbox 1148 673 1271 744; x_wconf 85' lang='lat' dir='ltr'><strong>quis</strong></span> <span class='ocrx_word' id='word_1_29' title='bbox 1288 671 1477 743; x_wconf 68' lang='lat' dir='ltr'><strong>gratim</strong></span> <span class='ocrx_word' id='word_1_30' title='bbox 1507 672 1656 743; x_wconf 86' lang='lat' dir='ltr'><strong>lepos</strong></span> <span class='ocrx_word' id='word_1_31' title='bbox 1681 687 1747 725; x_wconf 82' lang='lat' dir='ltr'><strong>ex</strong></span> <span class='ocrx_word' id='word_1_32' title='bbox 1768 679 1882 725; x_wconf 89' lang='lat' dir='ltr'><strong>tota</strong></span> <span class='ocrx_word' id='word_1_33' title='bbox 1916 670 2064 727; x_wconf 74' lang='lat' dir='ltr'><strong>enio-</strong></span> 
     </span>
    </p>
   </div>
   <div class='ocr_carea' id='block_1_6' title="bbox 494 766 2063 838">
    <p class='ocr_par' dir='ltr' id='par_1_6' title="bbox 494 766 2063 838">
     <span class='ocr_line' id='line_1_6' title="bbox 494 766 2063 838; baseline -0.003 -16"><span class='ocrx_word' id='word_1_34' title='bbox 494 782 720 824; x_wconf 88' lang='lat' dir='ltr'><strong>rescens</strong></span> <span class='ocrx_word' id='word_1_35' title='bbox 776 782 977 838; x_wconf 86' lang='lat' dir='ltr'><strong>perque</strong></span> <span class='ocrx_word' id='word_1_36' title='bbox 1024 775 1193 822; x_wconf 85' lang='lat' dir='ltr'><strong>totam</strong></span> <span class='ocrx_word' id='word_1_37' title='bbox 1264 766 1469 822; x_wconf 80' lang='lat' dir='ltr'><strong>eﬂ&#39;usus</strong></span> <span class='ocrx_word' id='word_1_38' title='bbox 1526 779 1839 837; x_wconf 77' lang='lat' dir='ltr'><strong>compagem</strong></span> <span class='ocrx_word' id='word_1_39' title='bbox 1892 779 2063 818; x_wconf 81' lang='lat' dir='ltr'><strong>ment-</strong></span> 
     </span>
    </p>
   </div>
   <div class='ocr_carea' id='block_1_7' title="bbox 492 844 2060 930">
    <p class='ocr_par' dir='ltr' id='par_1_7' title="bbox 492 844 2060 930">
     <span class='ocr_line' id='line_1_7' title="bbox 492 844 2060 930; baseline -0.001 -19"><span class='ocrx_word' id='word_1_40' title='bbox 492 858 742 924; x_wconf 83' lang='lat' dir='ltr'><strong>brorum,</strong></span> <span class='ocrx_word' id='word_1_41' title='bbox 790 858 973 930; x_wconf 81' lang='lat' dir='ltr'><strong>specie</strong></span> <span class='ocrx_word' id='word_1_42' title='bbox 1017 873 1081 913; x_wconf 88' lang='lat' dir='ltr'><strong>ac</strong></span> <span class='ocrx_word' id='word_1_43' title='bbox 1132 857 1307 914; x_wconf 81' lang='lat' dir='ltr'><strong>forma</strong></span> <span class='ocrx_word' id='word_1_44' title='bbox 1360 874 1470 914; x_wconf 91' lang='lat' dir='ltr'><strong>non</strong></span> <span class='ocrx_word' id='word_1_45' title='bbox 1523 844 1721 921; x_wconf 88' lang='lat' dir='ltr'><strong>solum,</strong></span> <span class='ocrx_word' id='word_1_46' title='bbox 1760 858 1907 928; x_wconf 90' lang='lat' dir='ltr'><strong>quod</strong></span> <span class='ocrx_word' id='word_1_47' title='bbox 1952 856 2060 911; x_wconf 89' lang='lat' dir='ltr'><strong>dici</strong></span> 
     </span>
    </p>
   </div>
   <div class='ocr_carea' id='block_1_8' title="bbox 490 949 2060 1022">
    <p class='ocr_par' dir='ltr' id='par_1_8' title="bbox 490 949 2060 1022">
     <span class='ocr_line' id='line_1_8' title="bbox 490 949 2060 1022; baseline -0.003 -16"><span class='ocrx_word' id='word_1_48' title='bbox 490 950 650 1018; x_wconf 85' lang='lat' dir='ltr'><strong>solet,</strong></span> <span class='ocrx_word' id='word_1_49' title='bbox 684 950 847 1022; x_wconf 87' lang='lat' dir='ltr'><strong>digna</strong></span> <span class='ocrx_word' id='word_1_50' title='bbox 882 951 1135 1022; x_wconf 89' lang='lat' dir='ltr'><strong>imperio,</strong></span> <span class='ocrx_word' id='word_1_51' title='bbox 1183 952 1278 1007; x_wconf 92' lang='lat' dir='ltr'><strong>sed</strong></span> <span class='ocrx_word' id='word_1_52' title='bbox 1324 951 1564 1007; x_wconf 82' lang='lat' dir='ltr'><strong>divinam</strong></span> <span class='ocrx_word' id='word_1_53' title='bbox 1602 950 1913 1022; x_wconf 82' lang='lat' dir='ltr'><strong>quampiam</strong></span> <span class='ocrx_word' id='word_1_54' title='bbox 1943 949 2060 1020; x_wconf 82' lang='lat' dir='ltr'><strong>spi-</strong></span> 
     </span>
    </p>
   </div>
   <div class='ocr_carea' id='block_1_9' title="bbox 488 1042 2057 1115">
    <p class='ocr_par' dir='ltr' id='par_1_9' title="bbox 488 1042 2057 1115">
     <span class='ocr_line' id='line_1_9' title="bbox 488 1042 2057 1115; baseline 0.002 -19"><span class='ocrx_word' id='word_1_55' title='bbox 488 1052 642 1098; x_wconf 84' lang='lat' dir='ltr'><strong>rante</strong></span> <span class='ocrx_word' id='word_1_56' title='bbox 672 1043 1064 1111; x_wconf 79' lang='lat' dir='ltr'><strong>majestatem?</strong></span> <span class='ocrx_word' id='word_1_57' title='bbox 1099 1042 1362 1115; x_wconf 85' lang='lat' dir='ltr'><strong>Equidem</strong></span> <span class='ocrx_word' id='word_1_58' title='bbox 1410 1044 1597 1113; x_wconf 89' lang='lat' dir='ltr'><strong>ignara</strong></span> <span class='ocrx_word' id='word_1_59' title='bbox 1639 1043 1902 1097; x_wconf 86' lang='lat' dir='ltr'><strong>malorum</strong></span> <span class='ocrx_word' id='word_1_60' title='bbox 1949 1059 2057 1099; x_wconf 89' lang='lat' dir='ltr'><strong>non</strong></span> 
     </span>
    </p>
   </div>
   <div class='ocr_carea' id='block_1_10' title="bbox 487 1124 2056 1208">
    <p class='ocr_par' dir='ltr' id='par_1_10' title="bbox 487 1124 2056 1208">
     <span class='ocr_line' id='line_1_10' title="bbox 487 1124 2056 1208; baseline 0.004 -21"><span class='ocrx_word' id='word_1_61' title='bbox 487 1149 633 1199; x_wconf 89' lang='lat' dir='ltr'><strong>sum,</strong></span> <span class='ocrx_word' id='word_1_62' title='bbox 688 1134 809 1191; x_wconf 89' lang='lat' dir='ltr'><strong>aliis</strong></span> <span class='ocrx_word' id='word_1_63' title='bbox 857 1138 1059 1206; x_wconf 89' lang='lat' dir='ltr'><strong>passim</strong></span> <span class='ocrx_word' id='word_1_64' title='bbox 1115 1153 1143 1191; x_wconf 87' lang='lat' dir='ltr'><strong>a</strong></span> <span class='ocrx_word' id='word_1_65' title='bbox 1174 1137 1408 1207; x_wconf 84' lang='lat' dir='ltr'><strong>pueritia</strong></span> <span class='ocrx_word' id='word_1_66' title='bbox 1459 1124 1733 1208; x_wconf 83' lang='lat' dir='ltr'><strong>gravibus</strong></span> <span class='ocrx_word' id='word_1_67' title='bbox 1765 1144 1820 1192; x_wconf 91' lang='lat' dir='ltr'><strong>et</strong></span> <span class='ocrx_word' id='word_1_68' title='bbox 1868 1137 2056 1194; x_wconf 85' lang='lat' dir='ltr'><strong>multis</strong></span> 
     </span>
    </p>
   </div>
   <div class='ocr_carea' id='block_1_11' title="bbox 486 1225 2053 1303">
    <p class='ocr_par' dir='ltr' id='par_1_11' title="bbox 486 1225 2053 1303">
     <span class='ocr_line' id='line_1_11' title="bbox 486 1225 2053 1303; baseline 0.003 -23"><span class='ocrx_word' id='word_1_69' title='bbox 486 1225 723 1281; x_wconf 70' lang='lat' dir='ltr'><strong>exercita</strong></span> <span class='ocrx_word' id='word_1_70' title='bbox 757 1227 999 1283; x_wconf 85' lang='lat' dir='ltr'><strong>casibus.</strong></span> <span class='ocrx_word' id='word_1_71' title='bbox 1023 1226 1124 1283; x_wconf 84' lang='lat' dir='ltr'><strong>Ubi</strong></span> <span class='ocrx_word' id='word_1_72' title='bbox 1150 1230 1296 1285; x_wconf 89' lang='lat' dir='ltr'><strong>enim</strong></span> <span class='ocrx_word' id='word_1_73' title='bbox 1324 1230 1451 1303; x_wconf 89' lang='lat' dir='ltr'><strong>quis</strong></span> <span class='ocrx_word' id='word_1_74' title='bbox 1479 1231 1764 1301; x_wconf 79' lang='lat' dir='ltr'><strong>exceperit</strong></span> <span class='ocrx_word' id='word_1_75' title='bbox 1795 1231 2053 1286; x_wconf 87' lang='lat' dir='ltr'><strong>nascendi</strong></span> 
     </span>
    </p>
   </div>
   <div class='ocr_carea' id='block_1_12' title="bbox 487 1317 2052 1393">
    <p class='ocr_par' dir='ltr' id='par_1_12' title="bbox 487 1317 2052 1393">
     <span class='ocr_line' id='line_1_12' title="bbox 487 1317 2052 1393; baseline 0.003 -21"><span class='ocrx_word' id='word_1_76' title='bbox 487 1317 833 1385; x_wconf 79' lang='lat' dir='ltr'><strong>felicitatem,</strong></span> <span class='ocrx_word' id='word_1_77' title='bbox 890 1331 1154 1389; x_wconf 73' lang='lat' dir='ltr'><strong>angUstos</strong></span> <span class='ocrx_word' id='word_1_78' title='bbox 1204 1332 1480 1391; x_wconf 86' lang='lat' dir='ltr'><strong>parentes,</strong></span> <span class='ocrx_word' id='word_1_79' title='bbox 1539 1333 1591 1377; x_wconf 87' lang='lat' dir='ltr'><strong>et</strong></span> <span class='ocrx_word' id='word_1_80' title='bbox 1643 1338 1940 1393; x_wconf 86' lang='lat' dir='ltr'><strong>purpuram</strong></span> <span class='ocrx_word' id='word_1_81' title='bbox 1997 1323 2052 1377; x_wconf 88' lang='lat' dir='ltr'><strong>in</strong></span> 
     </span>
    </p>
   </div>
   <div class='ocr_carea' id='block_1_13' title="bbox 485 1413 2052 1485">
    <p class='ocr_par' dir='ltr' id='par_1_13' title="bbox 485 1413 2052 1485">
     <span class='ocr_line' id='line_1_13' title="bbox 485 1413 2052 1485; baseline 0.005 -22"><span class='ocrx_word' id='word_1_82' title='bbox 485 1426 593 1481; x_wconf 88' lang='lat' dir='ltr'><strong>qua</strong></span> <span class='ocrx_word' id='word_1_83' title='bbox 643 1420 857 1480; x_wconf 90' lang='lat' dir='ltr'><strong>reptare</strong></span> <span class='ocrx_word' id='word_1_84' title='bbox 908 1413 1039 1467; x_wconf 89' lang='lat' dir='ltr'><strong>mihi</strong></span> <span class='ocrx_word' id='word_1_85' title='bbox 1073 1415 1322 1485; x_wconf 79' lang='lat' dir='ltr'><strong>contigit,</strong></span> <span class='ocrx_word' id='word_1_86' title='bbox 1355 1425 1550 1470; x_wconf 67' lang='lat' dir='ltr'><strong>cmtcra</strong></span> <span class='ocrx_word' id='word_1_87' title='bbox 1595 1415 1811 1485; x_wconf 84' lang='lat' dir='ltr'><strong>quidem</strong></span> <span class='ocrx_word' id='word_1_88' title='bbox 1863 1425 2052 1473; x_wconf 85' lang='lat' dir='ltr'><strong>nostra</strong></span> 
     </span>
    </p>
   </div>
   <div class='ocr_carea' id='block_1_14' title="bbox 484 1505 2052 1576">
    <p class='ocr_par' dir='ltr' id='par_1_14' title="bbox 484 1505 2052 1576">
     <span class='ocr_line' id='line_1_14' title="bbox 484 1505 2052 1576; baseline 0.004 -17"><span class='ocrx_word' id='word_1_89' title='bbox 484 1505 532 1559; x_wconf 88' lang='lat' dir='ltr'><strong>si</strong></span> <span class='ocrx_word' id='word_1_90' title='bbox 565 1505 860 1560; x_wconf 86' lang='lat' dir='ltr'><strong>attenderit</strong></span> <span class='ocrx_word' id='word_1_91' title='bbox 916 1507 1076 1562; x_wconf 75' lang='lat' dir='ltr'><strong>facile</strong></span> <span class='ocrx_word' id='word_1_92' title='bbox 1107 1518 1419 1576; x_wconf 76' lang='lat' dir='ltr'><strong>agnoscet:</strong></span> <span class='ocrx_word' id='word_1_93' title='bbox 1463 1509 1736 1564; x_wconf 82' lang='lat' dir='ltr'><strong>fortunam</strong></span> <span class='ocrx_word' id='word_1_94' title='bbox 1786 1510 1967 1566; x_wconf 89' lang='lat' dir='ltr'><strong>statim</strong></span> <span class='ocrx_word' id='word_1_95' title='bbox 2022 1527 2052 1566; x_wconf 75' lang='grc' dir='ltr'><strong>α</strong></span> 
     </span>
    </p>
   </div>
   <div class='ocr_carea' id='block_1_15' title="bbox 483 1598 2053 1675">
    <p class='ocr_par' dir='ltr' id='par_1_15' title="bbox 483 1598 2053 1675">
     <span class='ocr_line' id='line_1_15' title="bbox 483 1598 2053 1675; baseline 0.004 -23"><span class='ocrx_word' id='word_1_96' title='bbox 483 1598 649 1668; x_wconf 86' lang='lat' dir='ltr'><strong>regiis</strong></span> <span class='ocrx_word' id='word_1_97' title='bbox 685 1600 820 1666; x_wconf 89' lang='lat' dir='ltr'><strong>illis,</strong></span> <span class='ocrx_word' id='word_1_98' title='bbox 850 1615 990 1670; x_wconf 85' lang='lat' dir='ltr'><strong>quas</strong></span> <span class='ocrx_word' id='word_1_99' title='bbox 1018 1602 1151 1666; x_wconf 80' lang='lat' dir='ltr'><strong>dixi,</strong></span> <span class='ocrx_word' id='word_1_100' title='bbox 1182 1602 1341 1658; x_wconf 89' lang='lat' dir='ltr'><strong>cunis</strong></span> <span class='ocrx_word' id='word_1_101' title='bbox 1371 1618 1434 1659; x_wconf 91' lang='lat' dir='ltr'><strong>ac</strong></span> <span class='ocrx_word' id='word_1_102' title='bbox 1482 1602 1689 1668; x_wconf 80' lang='lat' dir='ltr'><strong>fasciis,</strong></span> <span class='ocrx_word' id='word_1_103' title='bbox 1726 1605 1883 1675; x_wconf 86' lang='lat' dir='ltr'><strong>quasi</strong></span> <span class='ocrx_word' id='word_1_104' title='bbox 1932 1611 2053 1675; x_wconf 72' lang='lat' dir='ltr'><strong>pOsi.</strong></span> 
     </span>
    </p>
   </div>
   <div class='ocr_carea' id='block_1_16' title="bbox 484 1691 2051 1764">
    <p class='ocr_par' dir='ltr' id='par_1_16' title="bbox 484 1691 2051 1764">
     <span class='ocr_line' id='line_1_16' title="bbox 484 1691 2051 1764; baseline 0.005 -21"><span class='ocrx_word' id='word_1_105' title='bbox 484 1691 759 1746; x_wconf 86' lang='lat' dir='ltr'><strong>modicum</strong></span> <span class='ocrx_word' id='word_1_106' title='bbox 794 1701 849 1746; x_wconf 91' lang='lat' dir='ltr'><strong>et</strong></span> <span class='ocrx_word' id='word_1_107' title='bbox 880 1692 1147 1761; x_wconf 81' lang='lat' dir='ltr'><strong>perﬁdum</strong></span> <span class='ocrx_word' id='word_1_108' title='bbox 1183 1695 1443 1760; x_wconf 83' lang='lat' dir='ltr'><strong>arrisum,</strong></span> <span class='ocrx_word' id='word_1_109' title='bbox 1476 1707 1699 1764; x_wconf 83' lang='lat' dir='ltr'><strong>repente</strong></span> <span class='ocrx_word' id='word_1_110' title='bbox 1730 1695 2051 1751; x_wconf 89' lang='lat' dir='ltr'><strong>obnnbilato</strong></span> 
     </span>
    </p>
   </div>
   <div class='ocr_carea' id='block_1_17' title="bbox 486 1785 2047 1859">
    <p class='ocr_par' dir='ltr' id='par_1_17' title="bbox 486 1785 2047 1859">
     <span class='ocr_line' id='line_1_17' title="bbox 486 1785 2047 1859; baseline 0.003 -20"><span class='ocrx_word' id='word_1_111' title='bbox 486 1785 635 1839; x_wconf 77' lang='lat' dir='ltr'><strong>vultu</strong></span> <span class='ocrx_word' id='word_1_112' title='bbox 670 1786 724 1840; x_wconf 91' lang='lat' dir='ltr'><strong>in</strong></span> <span class='ocrx_word' id='word_1_113' title='bbox 754 1786 920 1840; x_wconf 84' lang='lat' dir='ltr'><strong>vitam</strong></span> <span class='ocrx_word' id='word_1_114' title='bbox 972 1786 1174 1842; x_wconf 86' lang='lat' dir='ltr'><strong>deinde</strong></span> <span class='ocrx_word' id='word_1_115' title='bbox 1206 1803 1380 1843; x_wconf 89' lang='lat' dir='ltr'><strong>meam</strong></span> <span class='ocrx_word' id='word_1_116' title='bbox 1446 1789 1713 1859; x_wconf 87' lang='lat' dir='ltr'><strong>reliquam</strong></span> <span class='ocrx_word' id='word_1_117' title='bbox 1753 1789 1889 1844; x_wconf 85' lang='lat' dir='ltr'><strong>nihil</strong></span> <span class='ocrx_word' id='word_1_118' title='bbox 1942 1789 2047 1844; x_wconf 87' lang='lat' dir='ltr'><strong>nisi</strong></span> 
     </span>
    </p>
   </div>
   <div class='ocr_carea' id='block_1_18' title="bbox 481 1875 2047 1947">
    <p class='ocr_par' dir='ltr' id='par_1_18' title="bbox 481 1875 2047 1947">
     <span class='ocr_line' id='line_1_18' title="bbox 481 1875 2047 1947; baseline 0.003 -18"><span class='ocrx_word' id='word_1_119' title='bbox 481 1875 703 1934; x_wconf 86' lang='lat' dir='ltr'><strong>nimbos</strong></span> <span class='ocrx_word' id='word_1_120' title='bbox 734 1888 788 1934; x_wconf 91' lang='lat' dir='ltr'><strong>et</strong></span> <span class='ocrx_word' id='word_1_121' title='bbox 812 1879 1081 1947; x_wconf 80' lang='lat' dir='ltr'><strong>procellas</strong></span> <span class='ocrx_word' id='word_1_122' title='bbox 1114 1881 1433 1936; x_wconf 87' lang='lat' dir='ltr'><strong>immisisse.</strong></span> <span class='ocrx_word' id='word_1_123' title='bbox 1466 1880 1680 1947; x_wconf 87' lang='lat' dir='ltr'><strong>Quibus</strong></span> <span class='ocrx_word' id='word_1_124' title='bbox 1722 1880 1892 1946; x_wconf 88' lang='lat' dir='ltr'><strong>enim,</strong></span> <span class='ocrx_word' id='word_1_125' title='bbox 1944 1882 2047 1936; x_wconf 91' lang='lat' dir='ltr'><strong>heu</strong></span> 
     </span>
    </p>
   </div>
   <div class='ocr_carea' id='block_1_19' title="bbox 482 1971 2052 2044">
    <p class='ocr_par' dir='ltr' id='par_1_19' title="bbox 482 1971 2052 2044">
     <span class='ocr_line' id='line_1_19' title="bbox 482 1971 2052 2044; baseline 0.004 -24"><span class='ocrx_word' id='word_1_126' title='bbox 482 1971 602 2023; x_wconf 89' lang='lat' dir='ltr'><strong>mel</strong></span> <span class='ocrx_word' id='word_1_127' title='bbox 638 1971 975 2041; x_wconf 83' lang='lat' dir='ltr'><strong>quantisque</strong></span> <span class='ocrx_word' id='word_1_128' title='bbox 1019 1971 1226 2044; x_wconf 83' lang='lat' dir='ltr'><strong>jactata</strong></span> <span class='ocrx_word' id='word_1_129' title='bbox 1278 1971 1557 2038; x_wconf 82' lang='lat' dir='ltr'><strong>ﬂuctibus,</strong></span> <span class='ocrx_word' id='word_1_130' title='bbox 1592 1988 1755 2042; x_wconf 85' lang='lat' dir='ltr'><strong>quam</strong></span> <span class='ocrx_word' id='word_1_131' title='bbox 1793 1973 1953 2028; x_wconf 69' lang='lat' dir='ltr'><strong>smvis</strong></span> <span class='ocrx_word' id='word_1_132' title='bbox 1990 1986 2052 2026; x_wconf 84' lang='lat' dir='ltr'><strong>ac</strong></span> 
     </span>
    </p>
   </div>
   <div class='ocr_carea' id='block_1_20' title="bbox 480 2062 2048 2134">
    <p class='ocr_par' dir='ltr' id='par_1_20' title="bbox 480 2062 2048 2134">
     <span class='ocr_line' id='line_1_20' title="bbox 480 2062 2048 2134; baseline 0.005 -24"><span class='ocrx_word' id='word_1_133' title='bbox 480 2062 898 2125; x_wconf 66' lang='lat' dir='ltr'><strong>vehementibus</strong></span> <span class='ocrx_word' id='word_1_134' title='bbox 946 2065 1262 2119; x_wconf 89' lang='lat' dir='ltr'><strong>incursibus</strong></span> <span class='ocrx_word' id='word_1_135' title='bbox 1302 2065 1749 2134; x_wconf 86' lang='lat' dir='ltr'><strong>impulsibusque</strong></span> <span class='ocrx_word' id='word_1_136' title='bbox 1778 2079 2048 2120; x_wconf 78' lang='lat' dir='ltr'><strong>concussa</strong></span> 
     </span>
    </p>
   </div>
   <div class='ocr_carea' id='block_1_21' title="bbox 478 2154 2049 2226">
    <p class='ocr_par' dir='ltr' id='par_1_21' title="bbox 478 2154 2049 2226">
     <span class='ocr_line' id='line_1_21' title="bbox 478 2154 2049 2226; baseline 0.004 -20"><span class='ocrx_word' id='word_1_137' title='bbox 478 2156 635 2209; x_wconf 80' lang='lat' dir='ltr'><strong>sum!</strong></span> <span class='ocrx_word' id='word_1_138' title='bbox 669 2154 943 2226; x_wconf 89' lang='lat' dir='ltr'><strong>Orpheum</strong></span> <span class='ocrx_word' id='word_1_139' title='bbox 994 2160 1177 2213; x_wconf 88' lang='lat' dir='ltr'><strong>l‘erunt</strong></span> <span class='ocrx_word' id='word_1_140' title='bbox 1234 2159 1363 2213; x_wconf 88' lang='lat' dir='ltr'><strong>dum</strong></span> <span class='ocrx_word' id='word_1_141' title='bbox 1398 2168 1622 2213; x_wconf 86' lang='lat' dir='ltr'><strong>caneret</strong></span> <span class='ocrx_word' id='word_1_142' title='bbox 1658 2158 1972 2215; x_wconf 85' lang='lat' dir='ltr'><strong>concitasse</strong></span> <span class='ocrx_word' id='word_1_143' title='bbox 1994 2158 2049 2213; x_wconf 91' lang='lat' dir='ltr'><strong>in</strong></span> 
     </span>
    </p>
   </div>
   <div class='ocr_carea' id='block_1_22' title="bbox 480 2252 2046 2322">
    <p class='ocr_par' dir='ltr' id='par_1_22' title="bbox 480 2252 2046 2322">
     <span class='ocr_line' id='line_1_22' title="bbox 480 2252 2046 2322; baseline 0.004 -21"><span class='ocrx_word' id='word_1_144' title='bbox 480 2260 689 2304; x_wconf 90' lang='lat' dir='ltr'><strong>motum</strong></span> <span class='ocrx_word' id='word_1_145' title='bbox 742 2266 908 2321; x_wconf 86' lang='lat' dir='ltr'><strong>rupes</strong></span> <span class='ocrx_word' id='word_1_146' title='bbox 953 2268 1017 2307; x_wconf 88' lang='lat' dir='ltr'><strong>ac</strong></span> <span class='ocrx_word' id='word_1_147' title='bbox 1092 2252 1280 2319; x_wconf 85' lang='lat' dir='ltr'><strong>silvas,</strong></span> <span class='ocrx_word' id='word_1_148' title='bbox 1334 2264 1702 2322; x_wconf 70' lang='lat' dir='ltr'><strong>cmteramque</strong></span> <span class='ocrx_word' id='word_1_149' title='bbox 1790 2263 2046 2308; x_wconf 92' lang='lat' dir='ltr'><strong>naturam</strong></span> 
     </span>
    </p>
   </div>
   <div class='ocr_carea' id='block_1_23' title="bbox 476 2345 2045 2416">
    <p class='ocr_par' dir='ltr' id='par_1_23' title="bbox 476 2345 2045 2416">
     <span class='ocr_line' id='line_1_23' title="bbox 476 2345 2045 2416; baseline 0.004 -21"><span class='ocrx_word' id='word_1_150' title='bbox 476 2358 677 2398; x_wconf 83' lang='lat' dir='ltr'><strong>sensus</strong></span> <span class='ocrx_word' id='word_1_151' title='bbox 727 2356 1032 2413; x_wconf 77' lang='lat' dir='ltr'><strong>expertem.</strong></span> <span class='ocrx_word' id='word_1_152' title='bbox 1088 2345 1437 2400; x_wconf 85' lang='lat' dir='ltr'><strong>Timotheum</strong></span> <span class='ocrx_word' id='word_1_153' title='bbox 1496 2361 1716 2416; x_wconf 90' lang='lat' dir='ltr'><strong>quoque</strong></span> <span class='ocrx_word' id='word_1_154' title='bbox 1767 2346 2045 2402; x_wconf 82' lang='lat' dir='ltr'><strong>tibicinem</strong></span> 
     </span>
    </p>
   </div>
   <div class='ocr_carea' id='block_1_24' title="bbox 475 2434 2049 2506">
    <p class='ocr_par' dir='ltr' id='par_1_24' title="bbox 475 2434 2049 2506">
     <span class='ocr_line' id='line_1_24' title="bbox 475 2434 2049 2506; baseline 0.007 -22"><span class='ocrx_word' id='word_1_155' title='bbox 475 2434 566 2487; x_wconf 85' lang='lat' dir='ltr'><strong>ubi</strong></span> <span class='ocrx_word' id='word_1_156' title='bbox 598 2448 839 2502; x_wconf 83' lang='lat' dir='ltr'><strong>carmen,</strong></span> <span class='ocrx_word' id='word_1_157' title='bbox 900 2438 1045 2506; x_wconf 87' lang='lat' dir='ltr'><strong>quod</strong></span> <span class='ocrx_word' id='word_1_158' title='bbox 1083 2436 1335 2492; x_wconf 90' lang='lat' dir='ltr'><strong>Orthium</strong></span> <span class='ocrx_word' id='word_1_159' title='bbox 1395 2448 1613 2501; x_wconf 73' lang='lat' dir='ltr'><strong>vocant,</strong></span> <span class='ocrx_word' id='word_1_160' title='bbox 1668 2454 1854 2494; x_wconf 83' lang='lat' dir='ltr'><strong>coram</strong></span> <span class='ocrx_word' id='word_1_161' title='bbox 1899 2450 2049 2496; x_wconf 82' lang='lat' dir='ltr'><strong>esset</strong></span> 
     </span>
    </p>
   </div>
   <div class='ocr_carea' id='block_1_25' title="bbox 474 2527 2048 2600">
    <p class='ocr_par' dir='ltr' id='par_1_25' title="bbox 474 2527 2048 2600">
     <span class='ocr_line' id='line_1_25' title="bbox 474 2527 2048 2600; baseline 0.006 -21"><span class='ocrx_word' id='word_1_162' title='bbox 474 2527 785 2582; x_wconf 81' lang='lat' dir='ltr'><strong>Alexandro</strong></span> <span class='ocrx_word' id='word_1_163' title='bbox 811 2527 1150 2595; x_wconf 88' lang='lat' dir='ltr'><strong>modulatus,</strong></span> <span class='ocrx_word' id='word_1_164' title='bbox 1179 2530 1249 2584; x_wconf 90' lang='lat' dir='ltr'><strong>ita</strong></span> <span class='ocrx_word' id='word_1_165' title='bbox 1271 2530 1396 2585; x_wconf 91' lang='lat' dir='ltr'><strong>imis</strong></span> <span class='ocrx_word' id='word_1_166' title='bbox 1422 2530 1683 2587; x_wconf 87' lang='lat' dir='ltr'><strong>sensibus</strong></span> <span class='ocrx_word' id='word_1_167' title='bbox 1711 2534 2048 2600; x_wconf 79' lang='lat' dir='ltr'><strong>permovisse</strong></span> 
     </span>
    </p>
   </div>
   <div class='ocr_carea' id='block_1_26' title="bbox 454 2612 2041 2694">
    <p class='ocr_par' dir='ltr' id='par_1_26' title="bbox 454 2612 2041 2694">
     <span class='ocr_line' id='line_1_26' title="bbox 454 2612 2041 2694; baseline 0.007 -25"><span class='ocrx_word' id='word_1_168' title='bbox 454 2612 848 2685; x_wconf 73' lang='lat' dir='ltr'><strong>&#39;Macetloncm,</strong></span> <span class='ocrx_word' id='word_1_169' title='bbox 900 2632 957 2675; x_wconf 94' lang='lat' dir='ltr'><strong>ut</strong></span> <span class='ocrx_word' id='word_1_170' title='bbox 1015 2622 1062 2677; x_wconf 91' lang='lat' dir='ltr'><strong>is</strong></span> <span class='ocrx_word' id='word_1_171' title='bbox 1097 2623 1162 2676; x_wconf 90' lang='lat' dir='ltr'><strong>ad</strong></span> <span class='ocrx_word' id='word_1_172' title='bbox 1220 2636 1374 2677; x_wconf 86' lang='lat' dir='ltr'><strong>arma</strong></span> <span class='ocrx_word' id='word_1_173' title='bbox 1412 2634 1634 2693; x_wconf 86' lang='lat' dir='ltr'><strong>repente</strong></span> <span class='ocrx_word' id='word_1_174' title='bbox 1668 2616 1769 2679; x_wconf 33' lang='lat' dir='ltr'><strong>ac.</strong></span> <span class='ocrx_word' id='word_1_175' title='bbox 1805 2625 2041 2694; x_wconf 80' lang='lat' dir='ltr'><strong>gladium</strong></span> 
     </span>
    </p>
   </div>
   <div class='ocr_carea' id='block_1_27' title="bbox 472 2711 2040 2788">
    <p class='ocr_par' dir='ltr' id='par_1_27' title="bbox 472 2711 2040 2788">
     <span class='ocr_line' id='line_1_27' title="bbox 472 2711 2040 2788; baseline 0.006 -26"><span class='ocrx_word' id='word_1_176' title='bbox 472 2720 676 2765; x_wconf 86' lang='lat' dir='ltr'><strong>rueret.</strong></span> <span class='ocrx_word' id='word_1_177' title='bbox 702 2711 813 2781; x_wconf 81' lang='lat' dir='ltr'><strong>Ego</strong></span> <span class='ocrx_word' id='word_1_178' title='bbox 841 2711 888 2768; x_wconf 87' lang='lat' dir='ltr'><strong>si</strong></span> <span class='ocrx_word' id='word_1_179' title='bbox 917 2728 1063 2768; x_wconf 89' lang='lat' dir='ltr'><strong>meas</strong></span> <span class='ocrx_word' id='word_1_180' title='bbox 1086 2714 1430 2770; x_wconf 78' lang='lat' dir='ltr'><strong>calamitates</strong></span> <span class='ocrx_word' id='word_1_181' title='bbox 1458 2718 1735 2786; x_wconf 80' lang='lat' dir='ltr'><strong>explicare</strong></span> <span class='ocrx_word' id='word_1_182' title='bbox 1759 2733 2040 2788; x_wconf 80' lang='lat' dir='ltr'><strong>pergerem</strong></span> 
     </span>
    </p>
   </div>
   <div class='ocr_carea' id='block_1_28' title="bbox 472 2804 2044 2879">
    <p class='ocr_par' dir='ltr' id='par_1_28' title="bbox 472 2804 2044 2879">
     <span class='ocr_line' id='line_1_28' title="bbox 472 2804 2044 2879; baseline 0.005 -22"><span class='ocrx_word' id='word_1_183' title='bbox 472 2804 771 2871; x_wconf 83' lang='lat' dir='ltr'><strong>narrando,</strong></span> <span class='ocrx_word' id='word_1_184' title='bbox 806 2821 915 2860; x_wconf 91' lang='lat' dir='ltr'><strong>non</strong></span> <span class='ocrx_word' id='word_1_185' title='bbox 942 2807 1194 2877; x_wconf 89' lang='lat' dir='ltr'><strong>equidem</strong></span> <span class='ocrx_word' id='word_1_186' title='bbox 1230 2809 1296 2861; x_wconf 89' lang='lat' dir='ltr'><strong>ad</strong></span> <span class='ocrx_word' id='word_1_187' title='bbox 1319 2809 1761 2879; x_wconf 81' lang='lat' dir='ltr'><strong>progressionem</strong></span> <span class='ocrx_word' id='word_1_188' title='bbox 1799 2819 1891 2864; x_wconf 90' lang='lat' dir='ltr'><strong>ant</strong></span> <span class='ocrx_word' id='word_1_189' title='bbox 1918 2826 2044 2865; x_wconf 83' lang='lat' dir='ltr'><strong>cur-</strong></span> 
     </span>
    </p>
   </div>
   <div class='ocr_carea' id='block_1_29' title="bbox 470 2903 2040 2975">
    <p class='ocr_par' dir='ltr' id='par_1_29' title="bbox 470 2903 2040 2975">
     <span class='ocr_line' id='line_1_29' title="bbox 470 2903 2040 2975; baseline 0.004 -21"><span class='ocrx_word' id='word_1_190' title='bbox 470 2916 615 2965; x_wconf 89' lang='lat' dir='ltr'><strong>sum,</strong></span> <span class='ocrx_word' id='word_1_191' title='bbox 650 2915 833 2970; x_wconf 81' lang='lat' dir='ltr'><strong>neqtte</strong></span> <span class='ocrx_word' id='word_1_192' title='bbox 861 2903 926 2956; x_wconf 86' lang='lat' dir='ltr'><strong>ad</strong></span> <span class='ocrx_word' id='word_1_193' title='bbox 973 2920 1123 2959; x_wconf 85' lang='lat' dir='ltr'><strong>arma</strong></span> <span class='ocrx_word' id='word_1_194' title='bbox 1158 2920 1486 2975; x_wconf 86' lang='lat' dir='ltr'><strong>pugnamve,</strong></span> <span class='ocrx_word' id='word_1_195' title='bbox 1535 2905 1629 2960; x_wconf 90' lang='lat' dir='ltr'><strong>sed</strong></span> <span class='ocrx_word' id='word_1_196' title='bbox 1662 2917 1812 2962; x_wconf 87' lang='lat' dir='ltr'><strong>certe</strong></span> <span class='ocrx_word' id='word_1_197' title='bbox 1862 2909 1928 2961; x_wconf 90' lang='lat' dir='ltr'><strong>ad</strong></span> <span class='ocrx_word' id='word_1_198' title='bbox 1962 2909 2040 2961; x_wconf 88' lang='lat' dir='ltr'><strong>la-</strong></span> 
     </span>
    </p>
   </div>
   <div class='ocr_carea' id='block_1_30' title="bbox 466 2998 2037 3064">
    <p class='ocr_par' dir='ltr' id='par_1_30' title="bbox 466 2998 2037 3064">
     <span class='ocr_line' id='line_1_30' title="bbox 466 2998 2037 3064; baseline 0.006 -19"><span class='ocrx_word' id='word_1_199' title='bbox 466 3009 685 3064; x_wconf 82' lang='lat' dir='ltr'><strong>crymas</strong></span> <span class='ocrx_word' id='word_1_200' title='bbox 720 2998 1060 3064; x_wconf 83' lang='lat' dir='ltr'><strong>speraverint</strong></span> <span class='ocrx_word' id='word_1_201' title='bbox 1119 3012 1205 3052; x_wconf 89' lang='lat' dir='ltr'><strong>me</strong></span> <span class='ocrx_word' id='word_1_202' title='bbox 1258 3007 1658 3054; x_wconf 87' lang='lat' dir='ltr'><strong>commotnram</strong></span> <span class='ocrx_word' id='word_1_203' title='bbox 1715 3001 2037 3056; x_wconf 86' lang='lat' dir='ltr'><strong>auditorem.</strong></span> 
     </span>
    </p>
   </div>
   <div class='ocr_carea' id='block_1_31' title="bbox 466 3086 2039 3161">
    <p class='ocr_par' dir='ltr' id='par_1_31' title="bbox 466 3086 2039 3161">
     <span class='ocr_line' id='line_1_31' title="bbox 466 3086 2039 3161; baseline 0.007 -21"><span class='ocrx_word' id='word_1_204' title='bbox 466 3086 786 3142; x_wconf 78' lang='lat' dir='ltr'><strong>Autlitorem</strong></span> <span class='ocrx_word' id='word_1_205' title='bbox 817 3088 981 3143; x_wconf 86' lang='lat' dir='ltr'><strong>dico?</strong></span> <span class='ocrx_word' id='word_1_206' title='bbox 1013 3089 1177 3144; x_wconf 89' lang='lat' dir='ltr'><strong>etiam</strong></span> <span class='ocrx_word' id='word_1_207' title='bbox 1212 3092 1415 3145; x_wconf 87' lang='lat' dir='ltr'><strong>animal</strong></span> <span class='ocrx_word' id='word_1_208' title='bbox 1458 3092 1714 3161; x_wconf 87' lang='lat' dir='ltr'><strong>quodvis.</strong></span> <span class='ocrx_word' id='word_1_209' title='bbox 1752 3095 1916 3148; x_wconf 85' lang='lat' dir='ltr'><strong>etiam</strong></span> <span class='ocrx_word' id='word_1_210' title='bbox 1952 3110 2039 3152; x_wconf 75' lang='lat' dir='ltr'><strong>res</strong></span> 
     </span>
    </p>
   </div>
   <div class='ocr_carea' id='block_1_32' title="bbox 2164 580 3733 654">
    <p class='ocr_par' dir='ltr' id='par_1_32' title="bbox 2164 580 3733 654">
     <span class='ocr_line' id='line_1_32' title="bbox 2164 580 3733 654; baseline 0.002 -19"><span class='ocrx_word' id='word_1_211' title='bbox 2164 580 2267 635; x_wconf 80' lang='grc' dir='ltr'><strong>οὐκ</strong></span> <span class='ocrx_word' id='word_1_212' title='bbox 2300 580 2453 646; x_wconf 81' lang='grc' dir='ltr'><strong>ἀξίου</strong></span> <span class='ocrx_word' id='word_1_213' title='bbox 2487 581 2801 654; x_wconf 75' lang='grc' dir='ltr'><strong>τυραννίδος</strong></span> <span class='ocrx_word' id='word_1_214' title='bbox 2829 581 2927 651; x_wconf 82' lang='grc' dir='ltr'><strong>(ὥς</strong></span> <span class='ocrx_word' id='word_1_215' title='bbox 2966 598 3114 645; x_wconf 85' lang='grc' dir='ltr'><strong>τινες</strong></span> <span class='ocrx_word' id='word_1_216' title='bbox 3143 581 3397 649; x_wconf 75' lang='grc' dir='ltr'><strong>λέγουσιν</strong></span> <span class='ocrx_word' id='word_1_217' title='bbox 3428 583 3539 652; x_wconf 82' lang='grc'><strong>(8))</strong></span> <span class='ocrx_word' id='word_1_218' title='bbox 3596 582 3733 638; x_wconf 70' lang='grc' dir='ltr'><strong>ἀλλὰ</strong></span> 
     </span>
    </p>
   </div>
   <div class='ocr_carea' id='block_1_33' title="bbox 2166 666 3735 747">
    <p class='ocr_par' dir='ltr' id='par_1_33' title="bbox 2166 666 3735 747">
     <span class='ocr_line' id='line_1_33' title="bbox 2166 666 3735 747; baseline 0.001 -19"><span class='ocrx_word' id='word_1_219' title='bbox 2166 675 2265 729; x_wconf 74' lang='grc' dir='ltr'><strong>καὶ</strong></span> <span class='ocrx_word' id='word_1_220' title='bbox 2322 675 2602 747; x_wconf 79' lang='grc' dir='ltr'><strong>θειοτέρας</strong></span> <span class='ocrx_word' id='word_1_221' title='bbox 2656 666 2752 729; x_wconf 71' lang='grc' dir='ltr'><strong>καὶ</strong></span> <span class='ocrx_word' id='word_1_222' title='bbox 2811 675 3153 747; x_wconf 81' lang='grc' dir='ltr'><strong>κρείττονοςί</strong></span> <span class='ocrx_word' id='word_1_223' title='bbox 3215 676 3429 745; x_wconf 84' lang='grc' dir='ltr'><strong>Ἔγωγ’</strong></span> <span class='ocrx_word' id='word_1_224' title='bbox 3490 678 3588 730; x_wconf 77' lang='grc' dir='ltr'><strong>οὖν</strong></span> <span class='ocrx_word' id='word_1_225' title='bbox 3639 680 3735 730; x_wconf 68' lang='grc' dir='ltr'><strong>καὶ</strong></span> 
     </span>
    </p>
   </div>
   <div class='ocr_carea' id='block_1_34' title="bbox 2166 767 3731 840">
    <p class='ocr_par' dir='ltr' id='par_1_34' title="bbox 2166 767 3731 840">
     <span class='ocr_line' id='line_1_34' title="bbox 2166 767 3731 840; baseline 0 -20"><span class='ocrx_word' id='word_1_226' title='bbox 2166 767 2379 832; x_wconf 81' lang='grc' dir='ltr'><strong>πολλοῖς</strong></span> <span class='ocrx_word' id='word_1_227' title='bbox 2420 768 2602 833; x_wconf 73' lang='grc' dir='ltr'><strong>ἄλλοις</strong></span> <span class='ocrx_word' id='word_1_228' title='bbox 2639 768 3087 840; x_wconf 76' lang='grc' dir='ltr'><strong>προσωμιλήκειν</strong></span> <span class='ocrx_word' id='word_1_229' title='bbox 3114 767 3307 830; x_wconf 75' lang='grc' dir='ltr'><strong>δεινοῖς</strong></span> <span class='ocrx_word' id='word_1_230' title='bbox 3337 767 3517 839; x_wconf 81' lang='grc' dir='ltr'><strong>(9),ὲκ</strong></span> <span class='ocrx_word' id='word_1_231' title='bbox 3551 769 3731 837; x_wconf 86' lang='grc' dir='ltr'><strong>μέσων</strong></span> 
     </span>
    </p>
   </div>
   <div class='ocr_carea' id='block_1_35' title="bbox 2158 858 3733 932">
    <p class='ocr_par' dir='ltr' id='par_1_35' title="bbox 2158 858 3733 932">
     <span class='ocr_line' id='line_1_35' title="bbox 2158 858 3733 932; baseline -0.001 -18"><span class='ocrx_word' id='word_1_232' title='bbox 2158 859 2273 914; x_wconf 85' lang='grc' dir='ltr'><strong>τῶν</strong></span> <span class='ocrx_word' id='word_1_233' title='bbox 2307 860 2652 932; x_wconf 82' lang='grc' dir='ltr'><strong>πορφυρόθεν</strong></span> <span class='ocrx_word' id='word_1_234' title='bbox 2700 861 3057 932; x_wconf 85' lang='grc' dir='ltr'><strong>σπαργάνων,</strong></span> <span class='ocrx_word' id='word_1_235' title='bbox 3082 858 3157 923; x_wconf 81' lang='grc' dir='ltr'><strong>ὡς</strong></span> <span class='ocrx_word' id='word_1_236' title='bbox 3203 859 3376 923; x_wconf 74' lang='grc' dir='ltr'><strong>οὕτως</strong></span> <span class='ocrx_word' id='word_1_237' title='bbox 3409 862 3604 923; x_wconf 80' lang='grc' dir='ltr'><strong>εἰπεῖν,</strong></span> <span class='ocrx_word' id='word_1_238' title='bbox 3634 860 3733 914; x_wconf 70' lang='grc' dir='ltr'><strong>καὶ</strong></span> 
     </span>
    </p>
   </div>
   <div class='ocr_carea' id='block_1_36' title="bbox 2158 946 3731 1027">
    <p class='ocr_par' dir='ltr' id='par_1_36' title="bbox 2158 946 3731 1027">
     <span class='ocr_line' id='line_1_36' title="bbox 2158 946 3731 1027; baseline -0.001 -19"><span class='ocrx_word' id='word_1_239' title='bbox 2158 955 2360 1027; x_wconf 87' lang='grc' dir='ltr'><strong>τύχαις</strong></span> <span class='ocrx_word' id='word_1_240' title='bbox 2409 954 2733 1027; x_wconf 75' lang='grc' dir='ltr'><strong>ἐχρησάμην</strong></span> <span class='ocrx_word' id='word_1_241' title='bbox 2762 957 2879 1008; x_wconf 84' lang='grc' dir='ltr'><strong>οὐκ</strong></span> <span class='ocrx_word' id='word_1_242' title='bbox 2912 946 3182 1022; x_wconf 69' lang='grc' dir='ltr'><strong>ἀγαθαῖς·</strong></span> <span class='ocrx_word' id='word_1_243' title='bbox 3230 954 3280 1006; x_wconf 83' lang='grc' dir='ltr'><strong>εί</strong></span> <span class='ocrx_word' id='word_1_244' title='bbox 3338 955 3410 1023; x_wconf 86' lang='grc' dir='ltr'><strong>μή</strong></span> <span class='ocrx_word' id='word_1_245' title='bbox 3458 970 3542 1017; x_wconf 76' lang='grc' dir='ltr'><strong>τις</strong></span> <span class='ocrx_word' id='word_1_246' title='bbox 3582 952 3731 1006; x_wconf 70' lang='grc' dir='ltr'><strong>θεῖτο</strong></span> 
     </span>
    </p>
   </div>
   <div class='ocr_carea' id='block_1_37' title="bbox 2161 1046 3727 1120">
    <p class='ocr_par' dir='ltr' id='par_1_37' title="bbox 2161 1046 3727 1120">
     <span class='ocr_line' id='line_1_37' title="bbox 2161 1046 3727 1120; baseline -0.003 -18"><span class='ocrx_word' id='word_1_247' title='bbox 2161 1049 2333 1119; x_wconf 81' lang='grc' dir='ltr'><strong>τύχην</strong></span> <span class='ocrx_word' id='word_1_248' title='bbox 2395 1049 2499 1104; x_wconf 77' lang='grc' dir='ltr'><strong>οὐκ</strong></span> <span class='ocrx_word' id='word_1_249' title='bbox 2550 1046 2763 1120; x_wconf 77' lang='grc' dir='ltr'><strong>ἀγαθὴν</strong></span> <span class='ocrx_word' id='word_1_250' title='bbox 2799 1049 2892 1102; x_wconf 76' lang='grc' dir='ltr'><strong>καὶ</strong></span> <span class='ocrx_word' id='word_1_251' title='bbox 2925 1046 3364 1117; x_wconf 60' lang='grc' dir='ltr'><strong>πῳσμειδιῶαάν</strong></span> <span class='ocrx_word' id='word_1_252' title='bbox 3394 1063 3485 1116; x_wconf 88' lang='grc' dir='ltr'><strong>μοι</strong></span> <span class='ocrx_word' id='word_1_253' title='bbox 3523 1046 3626 1117; x_wconf 84' lang='grc' dir='ltr'><strong>τήν</strong></span> <span class='ocrx_word' id='word_1_254' title='bbox 3665 1062 3727 1098; x_wconf 82' lang='grc' dir='ltr'><strong>τε</strong></span> 
     </span>
    </p>
   </div>
   <div class='ocr_carea' id='block_1_38' title="bbox 2157 1132 3730 1213">
    <p class='ocr_par' dir='ltr' id='par_1_38' title="bbox 2157 1132 3730 1213">
     <span class='ocr_line' id='line_1_38' title="bbox 2157 1132 3730 1213; baseline -0.002 -17"><span class='ocrx_word' id='word_1_255' title='bbox 2157 1140 2491 1213; x_wconf 76' lang='grc' dir='ltr'><strong>γειναμένην</strong></span> <span class='ocrx_word' id='word_1_256' title='bbox 2554 1132 2737 1211; x_wconf 73' lang='grc' dir='ltr'><strong>αὐτὴν</strong></span> <span class='ocrx_word' id='word_1_257' title='bbox 2802 1141 2894 1195; x_wconf 71' lang='grc' dir='ltr'><strong>καὶ</strong></span> <span class='ocrx_word' id='word_1_258' title='bbox 2942 1140 3033 1195; x_wconf 77' lang='grc' dir='ltr'><strong>τὸν</strong></span> <span class='ocrx_word' id='word_1_259' title='bbox 3079 1140 3311 1195; x_wconf 78' lang='grc' dir='ltr'><strong>τεκόντα</strong></span> <span class='ocrx_word' id='word_1_260' title='bbox 3338 1156 3339 1159; x_wconf 72' lang='lat'>‘</span> <span class='ocrx_word' id='word_1_261' title='bbox 3370 1139 3498 1203; x_wconf 75' lang='grc' dir='ltr'><strong>τοὺς</strong></span> <span class='ocrx_word' id='word_1_262' title='bbox 3563 1141 3730 1194; x_wconf 77' lang='grc' dir='ltr'><strong>αὖτο-</strong></span> 
     </span>
    </p>
   </div>
   <div class='ocr_carea' id='block_1_39' title="bbox 2158 1226 3727 1306">
    <p class='ocr_par' dir='ltr' id='par_1_39' title="bbox 2158 1226 3727 1306">
     <span class='ocr_line' id='line_1_39' title="bbox 2158 1226 3727 1306; baseline -0.001 -19"><span class='ocrx_word' id='word_1_263' title='bbox 2158 1226 2457 1306; x_wconf 84' lang='grc' dir='ltr'><strong>κράτορας,</strong></span> <span class='ocrx_word' id='word_1_264' title='bbox 2513 1235 2607 1287; x_wconf 72' lang='grc' dir='ltr'><strong>καὶ</strong></span> <span class='ocrx_word' id='word_1_265' title='bbox 2656 1233 2755 1305; x_wconf 77' lang='grc' dir='ltr'><strong>τὴν</strong></span> <span class='ocrx_word' id='word_1_266' title='bbox 2802 1233 3089 1305; x_wconf 81' lang='grc' dir='ltr'><strong>πορφύραν</strong></span> <span class='ocrx_word' id='word_1_267' title='bbox 3150 1234 3236 1303; x_wconf 68' lang='grc' dir='ltr'><strong>ἐφ’</strong></span> <span class='ocrx_word' id='word_1_268' title='bbox 3263 1230 3332 1305; x_wconf 74' lang='grc' dir='ltr'><strong>ἧς</strong></span> <span class='ocrx_word' id='word_1_269' title='bbox 3368 1232 3727 1303; x_wconf 69' lang='grc' dir='ltr'><strong>ἐϐλάστησαυ</strong></span> 
     </span>
    </p>
   </div>
   <div class='ocr_carea' id='block_1_40' title="bbox 2155 1316 3729 1400">
    <p class='ocr_par' dir='ltr' id='par_1_40' title="bbox 2155 1316 3729 1400">
     <span class='ocr_line' id='line_1_40' title="bbox 2155 1316 3729 1400; baseline -0.002 -18"><span class='ocrx_word' id='word_1_270' title='bbox 2155 1328 2223 1382; x_wconf 69' lang='grc' dir='ltr'><strong>τά</strong></span> <span class='ocrx_word' id='word_1_271' title='bbox 2260 1329 2369 1400; x_wconf 73' lang='grc' dir='ltr'><strong>γὰρ</strong></span> <span class='ocrx_word' id='word_1_272' title='bbox 2408 1327 2564 1391; x_wconf 76' lang='grc' dir='ltr'><strong>ἄλλα,</strong></span> <span class='ocrx_word' id='word_1_273' title='bbox 2598 1327 2701 1397; x_wconf 82' lang='grc' dir='ltr'><strong>φεύ</strong></span> <span class='ocrx_word' id='word_1_274' title='bbox 2727 1318 2839 1382; x_wconf 81' lang='grc' dir='ltr'><strong>τῶν</strong></span> <span class='ocrx_word' id='word_1_275' title='bbox 2871 1328 3165 1398; x_wconf 79' lang='grc' dir='ltr'><strong>κυμάτωνί</strong></span> <span class='ocrx_word' id='word_1_276' title='bbox 3219 1327 3318 1396; x_wconf 77' lang='grc' dir='ltr'><strong>φεῦ</strong></span> <span class='ocrx_word' id='word_1_277' title='bbox 3363 1316 3473 1378; x_wconf 71' lang='grc' dir='ltr'><strong>τῶν</strong></span> <span class='ocrx_word' id='word_1_278' title='bbox 3523 1328 3729 1380; x_wconf 75' lang='grc' dir='ltr'><strong>ἐπανα-</strong></span> 
     </span>
    </p>
   </div>
   <div class='ocr_carea' id='block_1_41' title="bbox 2156 1419 3726 1494">
    <p class='ocr_par' dir='ltr' id='par_1_41' title="bbox 2156 1419 3726 1494">
     <span class='ocr_line' id='line_1_41' title="bbox 2156 1419 3726 1494; baseline -0.003 -17"><span class='ocrx_word' id='word_1_279' title='bbox 2156 1423 2435 1478; x_wconf 78' lang='grc' dir='ltr'><strong>στάσεωνί</strong></span> <span class='ocrx_word' id='word_1_280' title='bbox 2488 1422 2720 1494; x_wconf 79' lang='grc' dir='ltr'><strong>Ὀρφεὺς</strong></span> <span class='ocrx_word' id='word_1_281' title='bbox 2756 1422 2858 1491; x_wconf 74' lang='grc' dir='ltr'><strong>μὲν</strong></span> <span class='ocrx_word' id='word_1_282' title='bbox 2886 1419 2981 1476; x_wconf 83' lang='grc' dir='ltr'><strong>οὖν</strong></span> <span class='ocrx_word' id='word_1_283' title='bbox 3013 1422 3155 1493; x_wconf 84' lang='grc' dir='ltr'><strong>ᾄδων</strong></span> <span class='ocrx_word' id='word_1_284' title='bbox 3200 1422 3294 1475; x_wconf 74' lang='grc' dir='ltr'><strong>καὶ</strong></span> <span class='ocrx_word' id='word_1_285' title='bbox 3343 1420 3525 1483; x_wconf 78' lang='grc' dir='ltr'><strong>λίθους</strong></span> <span class='ocrx_word' id='word_1_286' title='bbox 3555 1419 3726 1472; x_wconf 70' lang='grc' dir='ltr'><strong>ἐκίνει</strong></span> 
     </span>
    </p>
   </div>
   <div class='ocr_carea' id='block_1_42' title="bbox 2155 1500 3725 1587">
    <p class='ocr_par' dir='ltr' id='par_1_42' title="bbox 2155 1500 3725 1587">
     <span class='ocr_line' id='line_1_42' title="bbox 2155 1500 3725 1587; baseline -0.004 -18"><span class='ocrx_word' id='word_1_287' title='bbox 2155 1515 2253 1570; x_wconf 73' lang='grc' dir='ltr'><strong>καὶ</strong></span> <span class='ocrx_word' id='word_1_288' title='bbox 2300 1514 2457 1581; x_wconf 79' lang='grc' dir='ltr'><strong>ξύλα.</strong></span> <span class='ocrx_word' id='word_1_289' title='bbox 2505 1516 2601 1569; x_wconf 76' lang='grc' dir='ltr'><strong>καὶ</strong></span> <span class='ocrx_word' id='word_1_290' title='bbox 2659 1514 2759 1587; x_wconf 68' lang='grc' dir='ltr'><strong>τὴν</strong></span> <span class='ocrx_word' id='word_1_291' title='bbox 2798 1515 3002 1585; x_wconf 74' lang='grc' dir='ltr'><strong>ἄψυχον</strong></span> <span class='ocrx_word' id='word_1_292' title='bbox 3056 1514 3241 1577; x_wconf 85' lang='grc' dir='ltr'><strong>ἁπλῶς</strong></span> <span class='ocrx_word' id='word_1_293' title='bbox 3298 1500 3465 1582; x_wconf 73' lang='grc' dir='ltr'><strong>φύσιν</strong></span> <span class='ocrx_word' id='word_1_294' title='bbox 3501 1527 3516 1546; x_wconf 71' lang='grc' dir='ltr'><strong><em>υ</em></strong></span> <span class='ocrx_word' id='word_1_295' title='bbox 3550 1512 3725 1581; x_wconf 70' lang='grc' dir='ltr'><strong>Τιμό-</strong></span> 
     </span>
    </p>
   </div>
   <div class='ocr_carea' id='block_1_43' title="bbox 2155 1605 3727 1681">
    <p class='ocr_par' dir='ltr' id='par_1_43' title="bbox 2155 1605 3727 1681">
     <span class='ocr_line' id='line_1_43' title="bbox 2155 1605 3727 1681; baseline -0.006 -17"><span class='ocrx_word' id='word_1_296' title='bbox 2155 1610 2278 1674; x_wconf 84' lang='grc' dir='ltr'><strong>θεος</strong></span> <span class='ocrx_word' id='word_1_297' title='bbox 2317 1609 2429 1681; x_wconf 79' lang='grc'><strong>(10)</strong></span> <span class='ocrx_word' id='word_1_298' title='bbox 2465 1610 2522 1664; x_wconf 71' lang='grc' dir='ltr'><strong>δὲ</strong></span> <span class='ocrx_word' id='word_1_299' title='bbox 2546 1611 2574 1663; x_wconf 84' lang='grc' dir='ltr'><strong>ό</strong></span> <span class='ocrx_word' id='word_1_300' title='bbox 2603 1608 2843 1680; x_wconf 77' lang='grc' dir='ltr'><strong>αὑλητὴς</strong></span> <span class='ocrx_word' id='word_1_301' title='bbox 2865 1609 2957 1661; x_wconf 80' lang='grc' dir='ltr'><strong>τὸν</strong></span> <span class='ocrx_word' id='word_1_302' title='bbox 2993 1607 3175 1678; x_wconf 79' lang='grc' dir='ltr'><strong>δρθιόν</strong></span> <span class='ocrx_word' id='word_1_303' title='bbox 3200 1623 3330 1660; x_wconf 85' lang='grc' dir='ltr'><strong>ποτε</strong></span> <span class='ocrx_word' id='word_1_304' title='bbox 3389 1605 3727 1673; x_wconf 75' lang='grc' dir='ltr'><strong>Ἀλεξάνδρῳ</strong></span> 
     </span>
    </p>
   </div>
   <div class='ocr_carea' id='block_1_44' title="bbox 2154 1696 3728 1775">
    <p class='ocr_par' dir='ltr' id='par_1_44' title="bbox 2154 1696 3728 1775">
     <span class='ocr_line' id='line_1_44' title="bbox 2154 1696 3728 1775; baseline -0.006 -18"><span class='ocrx_word' id='word_1_305' title='bbox 2154 1703 2421 1775; x_wconf 77' lang='grc' dir='ltr'><strong>αὐλήσας,</strong></span> <span class='ocrx_word' id='word_1_306' title='bbox 2480 1704 2564 1766; x_wconf 86' lang='grc' dir='ltr'><strong>είς</strong></span> <span class='ocrx_word' id='word_1_307' title='bbox 2618 1702 2687 1755; x_wconf 78' lang='grc' dir='ltr'><strong>τὰ</strong></span> <span class='ocrx_word' id='word_1_308' title='bbox 2725 1700 2866 1755; x_wconf 84' lang='grc' dir='ltr'><strong>ὅπλα</strong></span> <span class='ocrx_word' id='word_1_309' title='bbox 2918 1698 3265 1771; x_wconf 79' lang='grc' dir='ltr'><strong>παραχρῆμα</strong></span> <span class='ocrx_word' id='word_1_310' title='bbox 3318 1697 3414 1752; x_wconf 68' lang='grc' dir='ltr'><strong>καὶ</strong></span> <span class='ocrx_word' id='word_1_311' title='bbox 3470 1698 3537 1749; x_wconf 74' lang='grc' dir='ltr'><strong>τὸ</strong></span> <span class='ocrx_word' id='word_1_312' title='bbox 3572 1696 3728 1764; x_wconf 81' lang='grc' dir='ltr'><strong>ξίφος</strong></span> 
     </span>
    </p>
   </div>
   <div class='ocr_carea' id='block_1_45' title="bbox 2083 1778 3725 1895">
    <p class='ocr_par' dir='ltr' id='par_1_45' title="bbox 2083 1778 3725 1895">
     <span class='ocr_line' id='line_1_45' title="bbox 2083 1778 3725 1895; baseline -0.005 -46"><span class='ocrx_word' id='word_1_313' title='bbox 2083 1841 2123 1895; x_wconf 74' lang='grc' dir='ltr'><strong><em>Β</em></strong></span> <span class='ocrx_word' id='word_1_314' title='bbox 2154 1796 2322 1849; x_wconf 82' lang='grc' dir='ltr'><strong>ἐκίνει</strong></span> <span class='ocrx_word' id='word_1_315' title='bbox 2345 1794 2438 1849; x_wconf 85' lang='grc' dir='ltr'><strong>τδν</strong></span> <span class='ocrx_word' id='word_1_316' title='bbox 2461 1780 2766 1849; x_wconf 73' lang='grc' dir='ltr'><strong>Μακεδόνα.</strong></span> <span class='ocrx_word' id='word_1_317' title='bbox 2792 1780 2952 1848; x_wconf 63' lang='lat' dir='ltr'><strong>Tus</strong></span> <span class='ocrx_word' id='word_1_318' title='bbox 2986 1809 3057 1873; x_wconf 85' lang='grc' dir='ltr'><strong>γε¹</strong></span> <span class='ocrx_word' id='word_1_319' title='bbox 3084 1791 3209 1846; x_wconf 78' lang='grc' dir='ltr'><strong>κατ’</strong></span> <span class='ocrx_word' id='word_1_320' title='bbox 3244 1791 3344 1860; x_wconf 78' lang='grc' dir='ltr'><strong>ἐμὲ</strong></span> <span class='ocrx_word' id='word_1_321' title='bbox 3404 1778 3725 1858; x_wconf 74' lang='grc' dir='ltr'><strong>διηγήματα</strong></span> 
     </span>
    </p>
   </div>
   <div class='ocr_carea' id='block_1_46' title="bbox 2155 1870 3724 1957">
    <p class='ocr_par' dir='ltr' id='par_1_46' title="bbox 2155 1870 3724 1957">
     <span class='ocr_line' id='line_1_46' title="bbox 2155 1870 3724 1957; baseline -0.005 -16"><span class='ocrx_word' id='word_1_322' title='bbox 2155 1888 2215 1941; x_wconf 83' lang='grc' dir='ltr'><strong>οὐ</strong></span> <span class='ocrx_word' id='word_1_323' title='bbox 2247 1888 2485 1957; x_wconf 80' lang='grc' dir='ltr'><strong>τοπικήν</strong></span> <span class='ocrx_word' id='word_1_324' title='bbox 2512 1904 2634 1939; x_wconf 86' lang='grc' dir='ltr'><strong>τινα</strong></span> <span class='ocrx_word' id='word_1_325' title='bbox 2666 1886 2903 1956; x_wconf 85' lang='grc' dir='ltr'><strong>κίνησιν,</strong></span> <span class='ocrx_word' id='word_1_326' title='bbox 2925 1870 3205 1955; x_wconf 68' lang='grc' dir='ltr'><strong>ούδὲπρδς</strong></span> <span class='ocrx_word' id='word_1_327' title='bbox 3230 1883 3370 1936; x_wconf 82' lang='grc' dir='ltr'><strong>ὅπλα</strong></span> <span class='ocrx_word' id='word_1_328' title='bbox 3400 1883 3495 1935; x_wconf 70' lang='grc' dir='ltr'><strong>καὶ</strong></span> <span class='ocrx_word' id='word_1_329' title='bbox 3521 1883 3724 1952; x_wconf 88' lang='grc' dir='ltr'><strong>μάχην,</strong></span> 
     </span>
    </p>
   </div>
   <div class='ocr_carea' id='block_1_47' title="bbox 2155 1960 3727 2049">
    <p class='ocr_par' dir='ltr' id='par_1_47' title="bbox 2155 1960 3727 2049">
     <span class='ocr_line' id='line_1_47' title="bbox 2155 1960 3727 2049; baseline -0.004 -15"><span class='ocrx_word' id='word_1_330' title='bbox 2155 1980 2272 2034; x_wconf 82' lang='grc' dir='ltr'><strong>ἀλλ’</strong></span> <span class='ocrx_word' id='word_1_331' title='bbox 2303 1982 2360 2043; x_wconf 79' lang='grc' dir='ltr'><strong>ές</strong></span> <span class='ocrx_word' id='word_1_332' title='bbox 2388 1978 2601 2049; x_wconf 87' lang='grc' dir='ltr'><strong>δάκρυα</strong></span> <span class='ocrx_word' id='word_1_333' title='bbox 2644 1978 2738 2031; x_wconf 79' lang='grc' dir='ltr'><strong>τὸν</strong></span> <span class='ocrx_word' id='word_1_334' title='bbox 2777 1964 3055 2049; x_wconf 81' lang='grc' dir='ltr'><strong>ἀκροατὴν</strong></span> <span class='ocrx_word' id='word_1_335' title='bbox 3087 1960 3438 2046; x_wconf 80' lang='grc' dir='ltr'><strong>συγκινήσειε</strong></span> <span class='ocrx_word' id='word_1_336' title='bbox 3462 1992 3477 2007; x_wconf 75' lang='grc' dir='ltr'><strong>ο</strong></span> <span class='ocrx_word' id='word_1_337' title='bbox 3502 1975 3596 2028; x_wconf 69' lang='grc' dir='ltr'><strong>καὶ</strong></span> <span class='ocrx_word' id='word_1_338' title='bbox 3627 1975 3727 2027; x_wconf 70' lang='grc' dir='ltr'><strong>οὐκ</strong></span> 
     </span>
    </p>
   </div>
   <div class='ocr_carea' id='block_1_48' title="bbox 2155 2056 3728 2142">
    <p class='ocr_par' dir='ltr' id='par_1_48' title="bbox 2155 2056 3728 2142">
     <span class='ocr_line' id='line_1_48' title="bbox 2155 2056 3728 2142; baseline -0.004 -18"><span class='ocrx_word' id='word_1_339' title='bbox 2155 2070 2491 2142; x_wconf 72' lang='grc' dir='ltr'><strong>αἰσθητικὴν</strong></span> <span class='ocrx_word' id='word_1_340' title='bbox 2517 2070 2700 2140; x_wconf 83' lang='grc' dir='ltr'><strong>μόνον,</strong></span> <span class='ocrx_word' id='word_1_341' title='bbox 2728 2070 2864 2123; x_wconf 72' lang='grc' dir='ltr'><strong>ἀλλὰ</strong></span> <span class='ocrx_word' id='word_1_342' title='bbox 2884 2056 2985 2122; x_wconf 54' lang='grc' dir='ltr'><strong>καὶ⁵</strong></span> <span class='ocrx_word' id='word_1_343' title='bbox 3010 2068 3219 2139; x_wconf 75' lang='grc' dir='ltr'><strong>ἄψυχον</strong></span> <span class='ocrx_word' id='word_1_344' title='bbox 3253 2067 3418 2136; x_wconf 82' lang='grc' dir='ltr'><strong>φύσιν</strong></span> <span class='ocrx_word' id='word_1_345' title='bbox 3450 2068 3530 2126; x_wconf 84' lang='grc' dir='ltr'><strong>είς</strong></span> <span class='ocrx_word' id='word_1_346' title='bbox 3555 2066 3728 2128; x_wconf 82' lang='grc' dir='ltr'><strong>πάθος</strong></span> 
     </span>
    </p>
   </div>
   <div class='ocr_carea' id='block_1_49' title="bbox 2151 2158 3725 2237">
    <p class='ocr_par' dir='ltr' id='par_1_49' title="bbox 2151 2158 3725 2237">
     <span class='ocr_line' id='line_1_49' title="bbox 2151 2158 3725 2237; baseline -0.006 -18"><span class='ocrx_word' id='word_1_347' title='bbox 2151 2166 2562 2237; x_wconf 77' lang='grc' dir='ltr'><strong>καταναγκάτῃ.</strong></span> <span class='ocrx_word' id='word_1_348' title='bbox 2597 2164 2672 2217; x_wconf 79' lang='grc' dir='ltr'>Τὸ</span> <span class='ocrx_word' id='word_1_349' title='bbox 2712 2164 2895 2233; x_wconf 86' lang='grc' dir='ltr'><strong>μέντοι</strong></span> <span class='ocrx_word' id='word_1_350' title='bbox 2940 2161 3203 2223; x_wconf 77' lang='grc' dir='ltr'><strong>πάθοςτὸ</strong></span> <span class='ocrx_word' id='word_1_351' title='bbox 3256 2161 3387 2231; x_wconf 78' lang='grc' dir='ltr'><strong>περὶ</strong></span> <span class='ocrx_word' id='word_1_352' title='bbox 3439 2159 3531 2213; x_wconf 83' lang='grc' dir='ltr'><strong>τδν</strong></span> <span class='ocrx_word' id='word_1_353' title='bbox 3582 2158 3725 2212; x_wconf 82' lang='grc' dir='ltr'><strong>Καί-</strong></span> 
     </span>
    </p>
   </div>
   <div class='ocr_carea' id='block_1_50' title="bbox 2152 2238 3724 2328">
    <p class='ocr_par' dir='ltr' id='par_1_50' title="bbox 2152 2242 3724 2328">
     <span class='ocr_line' id='line_1_50' title="bbox 2152 2242 3724 2328; baseline -0.004 -18"><span class='ocrx_word' id='word_1_354' title='bbox 2152 2273 2317 2328; x_wconf 83' lang='grc' dir='ltr'><strong>σαρα,</strong></span> <span class='ocrx_word' id='word_1_355' title='bbox 2352 2256 2445 2309; x_wconf 68' lang='grc' dir='ltr'><strong>καὶ</strong></span> <span class='ocrx_word' id='word_1_356' title='bbox 2476 2256 2504 2308; x_wconf 84' lang='grc' dir='ltr'><strong>ὁ</strong></span> <span class='ocrx_word' id='word_1_357' title='bbox 2534 2253 2654 2309; x_wconf 85' lang='grc' dir='ltr'><strong>κατ’</strong></span> <span class='ocrx_word' id='word_1_358' title='bbox 2685 2254 2848 2307; x_wconf 79' lang='grc' dir='ltr'><strong>αὑτὸν</strong></span> <span class='ocrx_word' id='word_1_359' title='bbox 2883 2242 3209 2315; x_wconf 83' lang='grc' dir='ltr'><strong>ἀνέλπιστος</strong></span> <span class='ocrx_word' id='word_1_360' title='bbox 3261 2251 3515 2315; x_wconf 81' lang='grc' dir='ltr'><strong>θάνατος,</strong></span> <span class='ocrx_word' id='word_1_361' title='bbox 3552 2252 3724 2320; x_wconf 74' lang='grc' dir='ltr'><strong>αὐτῆς</strong></span> 
     </span>
    </p>
   </div>
   <div class='ocr_carea' id='block_1_51' title="bbox 2152 2334 3721 2427">
    <p class='ocr_par' dir='ltr' id='par_1_51' title="bbox 2152 2334 3721 2427">
     <span class='ocr_line' id='line_1_51' title="bbox 2152 2334 3721 2427; baseline -0.004 -24"><span class='ocrx_word' id='word_1_362' title='bbox 2152 2366 2257 2418; x_wconf 89' lang='grc' dir='ltr'><strong>μου</strong></span> <span class='ocrx_word' id='word_1_363' title='bbox 2284 2334 2545 2402; x_wconf 84' lang='grc' dir='ltr'><strong>καθίκετο</strong></span> <span class='ocrx_word' id='word_1_364' title='bbox 2571 2334 2673 2418; x_wconf 84' lang='grc' dir='ltr'><strong>τῆς</strong></span> <span class='ocrx_word' id='word_1_365' title='bbox 2718 2346 2920 2417; x_wconf 77' lang='grc' dir='ltr'><strong>ψυχῆς,</strong></span> <span class='ocrx_word' id='word_1_366' title='bbox 2950 2350 3048 2400; x_wconf 78' lang='grc' dir='ltr'><strong>καὶ</strong></span> <span class='ocrx_word' id='word_1_367' title='bbox 3102 2348 3157 2410; x_wconf 73' lang='grc' dir='ltr'><strong>ές</strong></span> <span class='ocrx_word' id='word_1_368' title='bbox 3190 2346 3354 2417; x_wconf 74' lang='grc' dir='ltr'><strong>βάθος</strong></span> <span class='ocrx_word' id='word_1_369' title='bbox 3399 2346 3458 2398; x_wconf 70' lang='grc' dir='ltr'><strong>τὸ</strong></span> <span class='ocrx_word' id='word_1_370' title='bbox 3495 2345 3721 2427; x_wconf 79' lang='grc' dir='ltr'><strong>τραῦμα</strong></span> 
     </span>
    </p>
   </div>
   <div class='ocr_carea' id='block_1_52' title="bbox 2146 2430 3720 2521">
    <p class='ocr_par' dir='ltr' id='par_1_52' title="bbox 2146 2430 3720 2521">
     <span class='ocr_line' id='line_1_52' title="bbox 2146 2430 3720 2521; baseline -0.004 -25"><span class='ocrx_word' id='word_1_371' title='bbox 2146 2442 2470 2513; x_wconf 71' lang='grc' dir='ltr'><strong>εἰργάσατο.</strong></span> <span class='ocrx_word' id='word_1_372' title='bbox 2529 2442 2641 2495; x_wconf 75' lang='grc' dir='ltr'><strong>Καὶ</strong></span> <span class='ocrx_word' id='word_1_373' title='bbox 2672 2441 2914 2512; x_wconf 77' lang='grc' dir='ltr'><strong>ἠγοῦμαι</strong></span> <span class='ocrx_word' id='word_1_374' title='bbox 2941 2442 3041 2504; x_wconf 75' lang='grc' dir='ltr'><strong>τὰς</strong></span> <span class='ocrx_word' id='word_1_375' title='bbox 3078 2430 3476 2521; x_wconf 78' lang='grc' dir='ltr'><strong>προειληφυίας</strong></span> <span class='ocrx_word' id='word_1_376' title='bbox 3510 2456 3720 2509; x_wconf 76' lang='grc' dir='ltr'><strong>συμφο-</strong></span> 
     </span>
    </p>
   </div>
   <div class='ocr_carea' id='block_1_53' title="bbox 2149 2530 3719 2605">
    <p class='ocr_par' dir='ltr' id='par_1_53' title="bbox 2149 2530 3719 2605">
     <span class='ocr_line' id='line_1_53' title="bbox 2149 2530 3719 2605; baseline -0.002 -18"><span class='ocrx_word' id='word_1_377' title='bbox 2149 2535 2249 2605; x_wconf 74' lang='grc' dir='ltr'><strong>ρὰς</strong></span> <span class='ocrx_word' id='word_1_378' title='bbox 2308 2534 2445 2605; x_wconf 69' lang='grc' dir='ltr'><strong>πρὸς</strong></span> <span class='ocrx_word' id='word_1_379' title='bbox 2484 2532 2690 2605; x_wconf 85' lang='grc' dir='ltr'><strong>ταύτην</strong></span> <span class='ocrx_word' id='word_1_380' title='bbox 2718 2533 2818 2605; x_wconf 76' lang='grc' dir='ltr'><strong>τὴν</strong></span> <span class='ocrx_word' id='word_1_381' title='bbox 2848 2533 3127 2602; x_wconf 72' lang='grc' dir='ltr'><strong>ἄπληστον</strong></span> <span class='ocrx_word' id='word_1_382' title='bbox 3176 2531 3463 2602; x_wconf 76' lang='grc' dir='ltr'><strong>συμφορὰν</strong></span> <span class='ocrx_word' id='word_1_383' title='bbox 3503 2530 3719 2601; x_wconf 74' lang='grc' dir='ltr'><strong>ψεκάδα</strong></span> 
     </span>
    </p>
   </div>
   <div class='ocr_carea' id='block_1_54' title="bbox 2145 2608 3714 2705">
    <p class='ocr_par' dir='ltr' id='par_1_54' title="bbox 2145 2608 3714 2705">
     <span class='ocr_line' id='line_1_54' title="bbox 2145 2608 3714 2705; baseline 0 -27"><span class='ocrx_word' id='word_1_384' title='bbox 2145 2629 2220 2692; x_wconf 79' lang='grc' dir='ltr'><strong>ὡς</strong></span> <span class='ocrx_word' id='word_1_385' title='bbox 2246 2626 2405 2690; x_wconf 73' lang='grc' dir='ltr'><strong>ὄντας</strong></span> <span class='ocrx_word' id='word_1_386' title='bbox 2441 2628 2601 2699; x_wconf 73' lang='grc' dir='ltr'><strong>(δντω</strong></span> <span class='ocrx_word' id='word_1_387' title='bbox 2634 2628 2655 2698; x_wconf 91' lang='grc'>)</span> <span class='ocrx_word' id='word_1_388' title='bbox 2690 2608 2851 2696; x_wconf 77' lang='grc' dir='ltr'><strong>πρὸς</strong></span> <span class='ocrx_word' id='word_1_389' title='bbox 2877 2626 2998 2681; x_wconf 85' lang='grc' dir='ltr'><strong>ὅλον</strong></span> <span class='ocrx_word' id='word_1_390' title='bbox 3041 2625 3393 2705; x_wconf 76' lang='grc' dir='ltr'><strong>Ἀτλαντικὸν</strong></span> <span class='ocrx_word' id='word_1_391' title='bbox 3454 2626 3714 2692; x_wconf 81' lang='grc' dir='ltr'><strong>πέλαγος,</strong></span> 
     </span>
    </p>
   </div>
   <div class='ocr_carea' id='block_1_55' title="bbox 2144 2716 3712 2797">
    <p class='ocr_par' dir='ltr' id='par_1_55' title="bbox 2144 2716 3712 2797">
     <span class='ocr_line' id='line_1_55' title="bbox 2144 2716 3712 2797; baseline -0.003 -23"><span class='ocrx_word' id='word_1_392' title='bbox 2144 2722 2176 2791; x_wconf 83' lang='grc' dir='ltr'>ἦ</span> <span class='ocrx_word' id='word_1_393' title='bbox 2213 2720 2307 2774; x_wconf 81' lang='grc' dir='ltr'><strong>τοῦ</strong></span> <span class='ocrx_word' id='word_1_394' title='bbox 2347 2719 2692 2793; x_wconf 81' lang='grc' dir='ltr'><strong>Ἀδριατικοῦ</strong></span> <span class='ocrx_word' id='word_1_395' title='bbox 2721 2720 2995 2789; x_wconf 79' lang='grc' dir='ltr'><strong>πελάγους</strong></span> <span class='ocrx_word' id='word_1_396' title='bbox 3022 2719 3091 2773; x_wconf 77' lang='grc' dir='ltr'><strong>τὰ</strong></span> <span class='ocrx_word' id='word_1_397' title='bbox 3118 2718 3367 2797; x_wconf 76' lang='grc' dir='ltr'><strong>κύματα.</strong></span> <span class='ocrx_word' id='word_1_398' title='bbox 3394 2719 3609 2797; x_wconf 78' lang='grc' dir='ltr'><strong>Μᾶλλον</strong></span> <span class='ocrx_word' id='word_1_399' title='bbox 3632 2716 3712 2779; x_wconf 76' lang='grc' dir='ltr'><strong>δὲ,</strong></span> 
     </span>
    </p>
   </div>
   <div class='ocr_carea' id='block_1_56' title="bbox 2144 2808 3714 2884">
    <p class='ocr_par' dir='ltr' id='par_1_56' title="bbox 2144 2808 3714 2884">
     <span class='ocr_line' id='line_1_56' title="bbox 2144 2808 3714 2884; baseline -0.003 -18"><span class='ocrx_word' id='word_1_400' title='bbox 2144 2813 2222 2877; x_wconf 84' lang='grc' dir='ltr'><strong>ὡς</strong></span> <span class='ocrx_word' id='word_1_401' title='bbox 2263 2813 2476 2878; x_wconf 75' lang='grc' dir='ltr'><strong>ἔοικεν,</strong></span> <span class='ocrx_word' id='word_1_402' title='bbox 2515 2808 2657 2884; x_wconf 76' lang='grc' dir='ltr'><strong>ἦσαν</strong></span> <span class='ocrx_word' id='word_1_403' title='bbox 2690 2814 2901 2867; x_wconf 77' lang='grc' dir='ltr'><strong>ἐκεῖναι</strong></span> <span class='ocrx_word' id='word_1_404' title='bbox 2932 2811 3137 2865; x_wconf 84' lang='grc' dir='ltr'><strong>τούτων</strong></span> <span class='ocrx_word' id='word_1_405' title='bbox 3173 2811 3437 2881; x_wconf 80' lang='grc' dir='ltr'><strong>προοίμια</strong></span> <span class='ocrx_word' id='word_1_406' title='bbox 3458 2826 3473 2842; x_wconf 75' lang='grc'><strong><em>⁸</em></strong></span> <span class='ocrx_word' id='word_1_407' title='bbox 3507 2808 3603 2863; x_wconf 83' lang='grc' dir='ltr'><strong>και</strong></span> <span class='ocrx_word' id='word_1_408' title='bbox 3646 2826 3714 2879; x_wconf 83' lang='grc' dir='ltr'><strong>με</strong></span> 
     </span>
    </p>
   </div>
   <div class='ocr_carea' id='block_1_57' title="bbox 2148 2901 3714 2981">
    <p class='ocr_par' dir='ltr' id='par_1_57' title="bbox 2148 2901 3714 2981">
     <span class='ocr_line' id='line_1_57' title="bbox 2148 2901 3714 2981; baseline -0.003 -22"><span class='ocrx_word' id='word_1_409' title='bbox 2148 2905 2676 2976; x_wconf 78' lang='grc' dir='ltr'><strong>προκατελάμϐανεν</strong></span> <span class='ocrx_word' id='word_1_410' title='bbox 2718 2907 2746 2959; x_wconf 81' lang='grc' dir='ltr'><strong>ὁ</strong></span> <span class='ocrx_word' id='word_1_411' title='bbox 2782 2902 2991 2969; x_wconf 76' lang='grc' dir='ltr'><strong>καπνὸς</strong></span> <span class='ocrx_word' id='word_1_412' title='bbox 3026 2903 3123 2958; x_wconf 78' lang='grc' dir='ltr'><strong>τοῦ</strong></span> <span class='ocrx_word' id='word_1_413' title='bbox 3155 2902 3477 2981; x_wconf 85' lang='grc' dir='ltr'><strong>καμινιαίου</strong></span> <span class='ocrx_word' id='word_1_414' title='bbox 3516 2901 3714 2955; x_wconf 83' lang='grc' dir='ltr'><strong>τούτου</strong></span> 
     </span>
    </p>
   </div>
   <div class='ocr_carea' id='block_1_58' title="bbox 2144 2994 3716 3070">
    <p class='ocr_par' dir='ltr' id='par_1_58' title="bbox 2144 2994 3716 3070">
     <span class='ocr_line' id='line_1_58' title="bbox 2144 2994 3716 3070; baseline -0.003 -17"><span class='ocrx_word' id='word_1_415' title='bbox 2144 3000 2318 3070; x_wconf 75' lang='grc' dir='ltr'><strong>πυρὸς</strong></span> <span class='ocrx_word' id='word_1_416' title='bbox 2342 3040 2358 3061; x_wconf 86' lang='grc'><strong>.</strong></span> <span class='ocrx_word' id='word_1_417' title='bbox 2392 3000 2486 3053; x_wconf 74' lang='grc' dir='ltr'><strong>καὶ</strong></span> <span class='ocrx_word' id='word_1_418' title='bbox 2519 3002 2546 3053; x_wconf 82' lang='grc' dir='ltr'><strong>ὁ</strong></span> <span class='ocrx_word' id='word_1_419' title='bbox 2582 2998 2804 3053; x_wconf 80' lang='grc' dir='ltr'><strong>καύσων</strong></span> <span class='ocrx_word' id='word_1_420' title='bbox 2849 3001 3058 3061; x_wconf 77' lang='grc' dir='ltr'><strong>ἐκεῖνος</strong></span> <span class='ocrx_word' id='word_1_421' title='bbox 3087 2998 3187 3067; x_wconf 82' lang='grc' dir='ltr'><strong>τῆς</strong></span> <span class='ocrx_word' id='word_1_422' title='bbox 3219 2997 3459 3069; x_wconf 76' lang='grc' dir='ltr'><strong>ὰρῤήτου</strong></span> <span class='ocrx_word' id='word_1_423' title='bbox 3506 2994 3716 3063; x_wconf 82' lang='grc' dir='ltr'><strong>ταύτης</strong></span> 
     </span>
    </p>
   </div>
   <div class='ocr_carea' id='block_1_59' title="bbox 2144 3089 3711 3167">
    <p class='ocr_par' dir='ltr' id='par_1_59' title="bbox 2144 3089 3711 3167">
     <span class='ocr_line' id='line_1_59' title="bbox 2144 3089 3711 3167; baseline -0.004 -20"><span class='ocrx_word' id='word_1_424' title='bbox 2144 3092 2492 3167; x_wconf 79' lang='grc' dir='ltr'><strong>φλογὼσεως,</strong></span> <span class='ocrx_word' id='word_1_425' title='bbox 2544 3093 2641 3146; x_wconf 77' lang='grc' dir='ltr'><strong>καὶ</strong></span> <span class='ocrx_word' id='word_1_426' title='bbox 2666 3094 2734 3147; x_wconf 76' lang='grc' dir='ltr'><strong>τά</strong></span> <span class='ocrx_word' id='word_1_427' title='bbox 2762 3091 2887 3145; x_wconf 74' lang='grc' dir='ltr'><strong>καθ⁹</strong></span> <span class='ocrx_word' id='word_1_428' title='bbox 2927 3092 3142 3162; x_wconf 78' lang='grc' dir='ltr'><strong>ἡμέραν</strong></span> <span class='ocrx_word' id='word_1_429' title='bbox 3171 3091 3343 3160; x_wconf 68' lang='grc' dir='ltr'><strong>πυρδς</strong></span> <span class='ocrx_word' id='word_1_430' title='bbox 3367 3089 3467 3158; x_wconf 72' lang='grc' dir='ltr'><strong>τῆς</strong></span> <span class='ocrx_word' id='word_1_431' title='bbox 3501 3090 3711 3156; x_wconf 81' lang='grc' dir='ltr'><strong>ἀφάτου</strong></span> 
     </span>
    </p>
   </div>
   <div class='ocr_carea' id='block_1_60' title="bbox 466 3180 2042 3258">
    <p class='ocr_par' dir='ltr' id='par_1_60' title="bbox 466 3180 2038 3251">
     <span class='ocr_line' id='line_1_60' title="bbox 466 3180 2038 3251; baseline 0.006 -20"><span class='ocrx_word' id='word_1_432' title='bbox 466 3180 665 3234; x_wconf 70' lang='lat' dir='ltr'><strong>anima:</strong></span> <span class='ocrx_word' id='word_1_433' title='bbox 701 3196 765 3235; x_wconf 89' lang='lat' dir='ltr'><strong>ac</strong></span> <span class='ocrx_word' id='word_1_434' title='bbox 804 3196 1002 3236; x_wconf 89' lang='lat' dir='ltr'><strong>sensus</strong></span> <span class='ocrx_word' id='word_1_435' title='bbox 1030 3191 1284 3251; x_wconf 79' lang='lat' dir='ltr'><strong>expertes</strong></span> <span class='ocrx_word' id='word_1_436' title='bbox 1312 3199 1396 3239; x_wconf 90' lang='lat' dir='ltr'><strong>me</strong></span> <span class='ocrx_word' id='word_1_437' title='bbox 1452 3185 1506 3238; x_wconf 93' lang='lat' dir='ltr'><strong>in</strong></span> <span class='ocrx_word' id='word_1_438' title='bbox 1540 3186 2038 3241; x_wconf 88' lang='lat' dir='ltr'><strong>commiserationis</strong></span> 
     </span>
    </p>
   </div>
   <div class='ocr_carea' id='block_1_61' title="bbox 2145 3180 3712 3258">
    <p class='ocr_par' dir='ltr' id='par_1_61' title="bbox 2145 3180 3712 3258">
     <span class='ocr_line' id='line_1_61' title="bbox 2145 3180 3712 3258; baseline -0.004 -17"><span class='ocrx_word' id='word_1_439' title='bbox 2145 3188 2443 3257; x_wconf 78' lang='grc' dir='ltr'><strong>πυρκαϊᾶς.</strong></span> <span class='ocrx_word' id='word_1_440' title='bbox 2497 3185 2562 3238; x_wconf 82' lang='grc' dir='ltr'><strong>Ὦ</strong></span> <span class='ocrx_word' id='word_1_441' title='bbox 2629 3186 2798 3258; x_wconf 68' lang='grc' dir='ltr'><strong>πυρὸς</strong></span> <span class='ocrx_word' id='word_1_442' title='bbox 2854 3186 2985 3241; x_wconf 78' lang='grc' dir='ltr'><strong>ἄνευ</strong></span> <span class='ocrx_word' id='word_1_443' title='bbox 3041 3185 3172 3257; x_wconf 70' lang='grc' dir='ltr'><strong>ὕλης</strong></span> <span class='ocrx_word' id='word_1_444' title='bbox 3235 3180 3712 3253; x_wconf 73' lang='grc' dir='ltr'><strong>άποτεφροῦντοςῗ</strong></span> 
     </span>
    </p>
   </div>
   <div class='ocr_carea' id='block_1_62' title="bbox 467 3269 2035 3333">
    <p class='ocr_par' dir='ltr' id='par_1_62' title="bbox 467 3269 2035 3333">
     <span class='ocr_line' id='line_1_62' title="bbox 467 3269 2035 3333; baseline 0.007 -11"><span class='ocrx_word' id='word_1_445' title='bbox 467 3284 692 3325; x_wconf 86' lang='lat' dir='ltr'><strong>sensum</strong></span> <span class='ocrx_word' id='word_1_446' title='bbox 730 3269 822 3324; x_wconf 90' lang='lat' dir='ltr'><strong>tali</strong></span> <span class='ocrx_word' id='word_1_447' title='bbox 856 3272 1107 3327; x_wconf 82' lang='lat' dir='ltr'><strong>oratione</strong></span> <span class='ocrx_word' id='word_1_448' title='bbox 1138 3272 1452 3328; x_wconf 87' lang='lat' dir='ltr'><strong>adacturam</strong></span> <span class='ocrx_word' id='word_1_449' title='bbox 1485 3276 1789 3333; x_wconf 84' lang='lat' dir='ltr'><strong>crederem.</strong></span> <span class='ocrx_word' id='word_1_450' title='bbox 1811 3276 2035 3333; x_wconf 55' lang='lat' dir='ltr'><strong>Verum.</strong></span> 
     </span>
    </p>
   </div>
   <div class='ocr_carea' id='block_1_63' title="bbox 467 3362 2033 3440">
    <p class='ocr_par' dir='ltr' id='par_1_63' title="bbox 467 3362 2033 3440">
     <span class='ocr_line' id='line_1_63' title="bbox 467 3362 2033 3440; baseline 0.006 -26"><span class='ocrx_word' id='word_1_451' title='bbox 467 3371 649 3416; x_wconf 89' lang='lat' dir='ltr'><strong>tamen</strong></span> <span class='ocrx_word' id='word_1_452' title='bbox 688 3376 814 3416; x_wconf 87' lang='lat' dir='ltr'><strong>cum</strong></span> <span class='ocrx_word' id='word_1_453' title='bbox 849 3362 939 3417; x_wconf 89' lang='lat' dir='ltr'><strong>illa</strong></span> <span class='ocrx_word' id='word_1_454' title='bbox 982 3372 1134 3419; x_wconf 88' lang='lat' dir='ltr'><strong>tanta</strong></span> <span class='ocrx_word' id='word_1_455' title='bbox 1169 3371 1389 3436; x_wconf 90' lang='lat' dir='ltr'><strong>tamque</strong></span> <span class='ocrx_word' id='word_1_456' title='bbox 1422 3368 1573 3421; x_wconf 78' lang='lat' dir='ltr'><strong>varia</strong></span> <span class='ocrx_word' id='word_1_457' title='bbox 1607 3369 1719 3423; x_wconf 90' lang='lat' dir='ltr'><strong>sint</strong></span> <span class='ocrx_word' id='word_1_458' title='bbox 1747 3386 1868 3440; x_wconf 67' lang='lat' dir='ltr'><strong>qua:</strong></span> <span class='ocrx_word' id='word_1_459' title='bbox 1914 3387 2033 3426; x_wconf 88' lang='lat' dir='ltr'><strong>sum</strong></span> 
     </span>
    </p>
   </div>
   <div class='ocr_carea' id='block_1_64' title="bbox 466 3453 2035 3524">
    <p class='ocr_par' dir='ltr' id='par_1_64' title="bbox 466 3453 2035 3524">
     <span class='ocr_line' id='line_1_64' title="bbox 466 3453 2035 3524; baseline 0.008 -18"><span class='ocrx_word' id='word_1_460' title='bbox 466 3453 524 3506; x_wconf 91' lang='lat' dir='ltr'><strong>in</strong></span> <span class='ocrx_word' id='word_1_461' title='bbox 573 3453 685 3508; x_wconf 80' lang='lat' dir='ltr'><strong>vita</strong></span> <span class='ocrx_word' id='word_1_462' title='bbox 720 3469 1002 3524; x_wconf 83' lang='lat' dir='ltr'><strong>perpessa,</strong></span> <span class='ocrx_word' id='word_1_463' title='bbox 1065 3464 1179 3511; x_wconf 91' lang='lat' dir='ltr'><strong>tum</strong></span> <span class='ocrx_word' id='word_1_464' title='bbox 1234 3457 1380 3512; x_wconf 91' lang='lat' dir='ltr'><strong>inter</strong></span> <span class='ocrx_word' id='word_1_465' title='bbox 1440 3458 1530 3514; x_wconf 89' lang='lat' dir='ltr'><strong>illa</strong></span> <span class='ocrx_word' id='word_1_466' title='bbox 1595 3470 1779 3516; x_wconf 89' lang='lat' dir='ltr'><strong>tamen</strong></span> <span class='ocrx_word' id='word_1_467' title='bbox 1825 3471 2035 3518; x_wconf 89' lang='lat' dir='ltr'><strong>tantum</strong></span> 
     </span>
    </p>
   </div>
   <div class='ocr_carea' id='block_1_65' title="bbox 463 3540 2039 3624">
    <p class='ocr_par' dir='ltr' id='par_1_65' title="bbox 463 3540 2039 3624">
     <span class='ocr_line' id='line_1_65' title="bbox 463 3540 2039 3624; baseline 0.008 -28"><span class='ocrx_word' id='word_1_468' title='bbox 463 3540 673 3597; x_wconf 85' lang='lat' dir='ltr'><strong>eminet</strong></span> <span class='ocrx_word' id='word_1_469' title='bbox 724 3542 1166 3613; x_wconf 87' lang='lat' dir='ltr'><strong>in0pinatissima</strong></span> <span class='ocrx_word' id='word_1_470' title='bbox 1222 3563 1371 3603; x_wconf 88' lang='lat' dir='ltr'><strong>tnors</strong></span> <span class='ocrx_word' id='word_1_471' title='bbox 1408 3550 1508 3604; x_wconf 90' lang='lat' dir='ltr'><strong>mei</strong></span> <span class='ocrx_word' id='word_1_472' title='bbox 1554 3550 1810 3613; x_wconf 64' lang='lat' dir='ltr'><strong>Cmsaris,</strong></span> <span class='ocrx_word' id='word_1_473' title='bbox 1854 3553 2039 3624; x_wconf 89' lang='lat' dir='ltr'><strong>itaque</strong></span> 
     </span>
    </p>
   </div>
   <div class='ocr_carea' id='block_1_66' title="bbox 466 3633 2038 3716">
    <p class='ocr_par' dir='ltr' id='par_1_66' title="bbox 466 3633 2038 3716">
     <span class='ocr_line' id='line_1_66' title="bbox 466 3633 2038 3716; baseline 0.011 -30"><span class='ocrx_word' id='word_1_474' title='bbox 466 3633 602 3689; x_wconf 76' lang='lat' dir='ltr'><strong>mihi</strong></span> <span class='ocrx_word' id='word_1_475' title='bbox 640 3636 861 3706; x_wconf 90' lang='lat' dir='ltr'><strong>pcnitus</strong></span> <span class='ocrx_word' id='word_1_476' title='bbox 913 3636 967 3693; x_wconf 93' lang='lat' dir='ltr'><strong>in</strong></span> <span class='ocrx_word' id='word_1_477' title='bbox 1005 3639 1271 3696; x_wconf 86' lang='lat' dir='ltr'><strong>medullas</strong></span> <span class='ocrx_word' id='word_1_478' title='bbox 1333 3642 1500 3696; x_wconf 90' lang='lat' dir='ltr'><strong>animi</strong></span> <span class='ocrx_word' id='word_1_479' title='bbox 1531 3646 1773 3716; x_wconf 88' lang='lat' dir='ltr'><strong>pervasit</strong></span> <span class='ocrx_word' id='word_1_480' title='bbox 1811 3646 1863 3701; x_wconf 91' lang='lat' dir='ltr'><strong>id</strong></span> <span class='ocrx_word' id='word_1_481' title='bbox 1920 3647 2038 3702; x_wconf 83' lang='lat' dir='ltr'><strong>vul-</strong></span> 
     </span>
    </p>
   </div>
   <div class='ocr_carea' id='block_1_67' title="bbox 468 3729 2035 3800">
    <p class='ocr_par' dir='ltr' id='par_1_67' title="bbox 468 3729 2035 3800">
     <span class='ocr_line' id='line_1_67' title="bbox 468 3729 2035 3800; baseline 0.009 -19"><span class='ocrx_word' id='word_1_482' title='bbox 468 3743 596 3794; x_wconf 90' lang='lat' dir='ltr'><strong>nus,</strong></span> <span class='ocrx_word' id='word_1_483' title='bbox 636 3736 697 3783; x_wconf 90' lang='lat' dir='ltr'><strong>ut</strong></span> <span class='ocrx_word' id='word_1_484' title='bbox 744 3729 884 3783; x_wconf 90' lang='lat' dir='ltr'><strong>mala</strong></span> <span class='ocrx_word' id='word_1_485' title='bbox 919 3731 1102 3800; x_wconf 86' lang='lat' dir='ltr'><strong>priora</strong></span> <span class='ocrx_word' id='word_1_486' title='bbox 1131 3733 1314 3788; x_wconf 90' lang='lat' dir='ltr'><strong>omnia</strong></span> <span class='ocrx_word' id='word_1_487' title='bbox 1339 3732 1407 3790; x_wconf 86' lang='lat' dir='ltr'><strong>ad</strong></span> <span class='ocrx_word' id='word_1_488' title='bbox 1441 3750 1566 3791; x_wconf 88' lang='lat' dir='ltr'><strong>eum</strong></span> <span class='ocrx_word' id='word_1_489' title='bbox 1605 3736 1803 3793; x_wconf 91' lang='lat' dir='ltr'><strong>collata</strong></span> <span class='ocrx_word' id='word_1_490' title='bbox 1846 3755 2035 3795; x_wconf 89' lang='lat' dir='ltr'><strong>casum</strong></span> 
     </span>
    </p>
   </div>
   <div class='ocr_carea' id='block_1_68' title="bbox 464 3822 2037 3902">
    <p class='ocr_par' dir='ltr' id='par_1_68' title="bbox 464 3822 2037 3902">
     <span class='ocr_line' id='line_1_68' title="bbox 464 3822 2037 3902; baseline 0.009 -29"><span class='ocrx_word' id='word_1_491' title='bbox 464 3828 632 3887; x_wconf 62' lang='lat' dir='ltr'><strong>guttae</strong></span> <span class='ocrx_word' id='word_1_492' title='bbox 689 3822 864 3878; x_wconf 87' lang='lat' dir='ltr'><strong>instar</strong></span> <span class='ocrx_word' id='word_1_493' title='bbox 891 3839 954 3878; x_wconf 85' lang='lat' dir='ltr'><strong>ac</strong></span> <span class='ocrx_word' id='word_1_494' title='bbox 993 3824 1151 3879; x_wconf 67' lang='lat' dir='ltr'><strong>stillae</strong></span> <span class='ocrx_word' id='word_1_495' title='bbox 1200 3825 1401 3882; x_wconf 87' lang='lat' dir='ltr'><strong>habere</strong></span> <span class='ocrx_word' id='word_1_496' title='bbox 1441 3827 1647 3883; x_wconf 89' lang='lat' dir='ltr'><strong>soleam</strong></span> <span class='ocrx_word' id='word_1_497' title='bbox 1693 3831 1759 3883; x_wconf 86' lang='lat' dir='ltr'><strong>ad</strong></span> <span class='ocrx_word' id='word_1_498' title='bbox 1812 3832 2037 3902; x_wconf 84' lang='lat' dir='ltr'><strong>pelagus</strong></span> 
     </span>
    </p>
   </div>
   <div class='ocr_carea' id='block_1_69' title="bbox 464 3914 2037 3992">
    <p class='ocr_par' dir='ltr' id='par_1_69' title="bbox 464 3914 2037 3992">
     <span class='ocr_line' id='line_1_69' title="bbox 464 3914 2037 3992; baseline 0.007 -26"><span class='ocrx_word' id='word_1_499' title='bbox 464 3914 799 3970; x_wconf 82' lang='lat' dir='ltr'><strong>Atlanticum</strong></span> <span class='ocrx_word' id='word_1_500' title='bbox 828 3914 1098 3973; x_wconf 85' lang='lat' dir='ltr'><strong>ﬂuctusve</strong></span> <span class='ocrx_word' id='word_1_501' title='bbox 1130 3918 1441 3975; x_wconf 83' lang='lat' dir='ltr'><strong>Adriaticos</strong></span> <span class='ocrx_word' id='word_1_502' title='bbox 1487 3931 1833 3992; x_wconf 64' lang='lat' dir='ltr'><strong>comparatas.</strong></span> <span class='ocrx_word' id='word_1_503' title='bbox 1866 3922 2037 3978; x_wconf 58' lang='lat' dir='ltr'><strong>Nimi.</strong></span> 
     </span>
    </p>
   </div>
   <div class='ocr_carea' id='block_1_70' title="bbox 467 4007 2038 4083">
    <p class='ocr_par' dir='ltr' id='par_1_70' title="bbox 467 4007 2038 4083">
     <span class='ocr_line' id='line_1_70' title="bbox 467 4007 2038 4083; baseline 0.008 -25"><span class='ocrx_word' id='word_1_504' title='bbox 467 4022 587 4059; x_wconf 87' lang='lat' dir='ltr'><strong>rum</strong></span> <span class='ocrx_word' id='word_1_505' title='bbox 645 4007 738 4063; x_wconf 89' lang='lat' dir='ltr'><strong>illa</strong></span> <span class='ocrx_word' id='word_1_506' title='bbox 811 4011 1189 4079; x_wconf 68' lang='lat' dir='ltr'><strong>prmludebant</strong></span> <span class='ocrx_word' id='word_1_507' title='bbox 1256 4019 1408 4066; x_wconf 90' lang='lat' dir='ltr'><strong>tanto</strong></span> <span class='ocrx_word' id='word_1_508' title='bbox 1478 4015 1671 4083; x_wconf 88' lang='lat' dir='ltr'><strong>majori</strong></span> <span class='ocrx_word' id='word_1_509' title='bbox 1738 4030 1801 4070; x_wconf 88' lang='lat' dir='ltr'><strong>ac</strong></span> <span class='ocrx_word' id='word_1_510' title='bbox 1864 4016 2038 4071; x_wconf 86' lang='lat' dir='ltr'><strong>multo</strong></span> 
     </span>
    </p>
   </div>
   <div class='ocr_carea' id='block_1_71' title="bbox 464 4100 2034 4177">
    <p class='ocr_par' dir='ltr' id='par_1_71' title="bbox 464 4100 2034 4177">
     <span class='ocr_line' id='line_1_71' title="bbox 464 4100 2034 4177; baseline 0.006 -22"><span class='ocrx_word' id='word_1_511' title='bbox 464 4100 716 4156; x_wconf 66' lang='lat' dir='ltr'><strong>maximae</strong></span> <span class='ocrx_word' id='word_1_512' title='bbox 746 4102 884 4157; x_wconf 86' lang='lat' dir='ltr'><strong>cladi</strong></span> <span class='ocrx_word' id='word_1_513' title='bbox 910 4104 1175 4173; x_wconf 75' lang='lat' dir='ltr'><strong>prommia</strong></span> <span class='ocrx_word' id='word_1_514' title='bbox 1212 4106 1634 4177; x_wconf 84' lang='lat' dir='ltr'><strong>rudimentaque</strong></span> <span class='ocrx_word' id='word_1_515' title='bbox 1663 4109 2034 4177; x_wconf 84' lang='lat' dir='ltr'><strong>miseriarum,</strong></span> 
     </span>
    </p>
   </div>
   <div class='ocr_carea' id='block_1_72' title="bbox 462 4191 2035 4268">
    <p class='ocr_par' dir='ltr' id='par_1_72' title="bbox 462 4191 2035 4268">
     <span class='ocr_line' id='line_1_72' title="bbox 462 4191 2035 4268; baseline 0.006 -24"><span class='ocrx_word' id='word_1_516' title='bbox 462 4191 650 4247; x_wconf 76' lang='lat' dir='ltr'><strong>fumus</strong></span> <span class='ocrx_word' id='word_1_517' title='bbox 687 4192 778 4247; x_wconf 90' lang='lat' dir='ltr'><strong>illa</strong></span> <span class='ocrx_word' id='word_1_518' title='bbox 812 4192 978 4263; x_wconf 88' lang='lat' dir='ltr'><strong>hujus</strong></span> <span class='ocrx_word' id='word_1_519' title='bbox 1026 4194 1168 4266; x_wconf 80' lang='lat' dir='ltr'><strong>ignis</strong></span> <span class='ocrx_word' id='word_1_520' title='bbox 1222 4194 1463 4261; x_wconf 79' lang='lat' dir='ltr'><strong>fuerant,</strong></span> <span class='ocrx_word' id='word_1_521' title='bbox 1509 4212 1704 4268; x_wconf 87' lang='lat' dir='ltr'><strong>meque</strong></span> <span class='ocrx_word' id='word_1_522' title='bbox 1746 4206 1859 4253; x_wconf 91' lang='lat' dir='ltr'><strong>tum</strong></span> <span class='ocrx_word' id='word_1_523' title='bbox 1911 4214 2035 4255; x_wconf 88' lang='lat' dir='ltr'><strong>cum</strong></span> 
     </span>
    </p>
   </div>
   <div class='ocr_carea' id='block_1_73' title="bbox 465 4284 2037 4356">
    <p class='ocr_par' dir='ltr' id='par_1_73' title="bbox 465 4284 2037 4356">
     <span class='ocr_line' id='line_1_73' title="bbox 465 4284 2037 4356; baseline 0.005 -18"><span class='ocrx_word' id='word_1_524' title='bbox 465 4284 556 4338; x_wconf 87' lang='lat' dir='ltr'><strong>illa</strong></span> <span class='ocrx_word' id='word_1_525' title='bbox 590 4295 805 4354; x_wconf 91' lang='lat' dir='ltr'><strong>paterer</strong></span> <span class='ocrx_word' id='word_1_526' title='bbox 836 4286 1075 4356; x_wconf 70' lang='lat' dir='ltr'><strong>prmvius</strong></span> <span class='ocrx_word' id='word_1_527' title='bbox 1105 4286 1374 4342; x_wconf 81' lang='lat' dir='ltr'><strong>duntaxat</strong></span> <span class='ocrx_word' id='word_1_528' title='bbox 1400 4296 1454 4343; x_wconf 91' lang='lat' dir='ltr'><strong>et</strong></span> <span class='ocrx_word' id='word_1_529' title='bbox 1481 4289 1788 4344; x_wconf 79' lang='lat' dir='ltr'><strong>tolerabilis</strong></span> <span class='ocrx_word' id='word_1_530' title='bbox 1819 4288 2037 4346; x_wconf 83' lang='lat' dir='ltr'><strong>amabat</strong></span> 
     </span>
    </p>
   </div>
   <div class='ocr_carea' id='block_1_74' title="bbox 464 4377 2034 4453">
    <p class='ocr_par' dir='ltr' id='par_1_74' title="bbox 464 4377 2034 4453">
     <span class='ocr_line' id='line_1_74' title="bbox 464 4377 2034 4453; baseline 0.006 -25"><span class='ocrx_word' id='word_1_531' title='bbox 464 4392 638 4445; x_wconf 78' lang='lat' dir='ltr'><strong>vapor</strong></span> <span class='ocrx_word' id='word_1_532' title='bbox 693 4377 948 4433; x_wconf 87' lang='lat' dir='ltr'><strong>immensi</strong></span> <span class='ocrx_word' id='word_1_533' title='bbox 1005 4378 1184 4433; x_wconf 89' lang='lat' dir='ltr'><strong>adhuc</strong></span> <span class='ocrx_word' id='word_1_534' title='bbox 1235 4380 1494 4435; x_wconf 87' lang='lat' dir='ltr'><strong>distantis</strong></span> <span class='ocrx_word' id='word_1_535' title='bbox 1545 4381 1831 4446; x_wconf 84' lang='lat' dir='ltr'><strong>incendii,</strong></span> <span class='ocrx_word' id='word_1_536' title='bbox 1876 4383 2034 4453; x_wconf 85' lang='lat' dir='ltr'><strong>cujus</strong></span> 
     </span>
    </p>
   </div>
   <div class='ocr_carea' id='block_1_75' title="bbox 463 4470 2033 4542">
    <p class='ocr_par' dir='ltr' id='par_1_75' title="bbox 463 4470 2033 4542">
     <span class='ocr_line' id='line_1_75' title="bbox 463 4470 2033 4542; baseline 0.006 -21"><span class='ocrx_word' id='word_1_537' title='bbox 463 4484 612 4523; x_wconf 86' lang='lat' dir='ltr'><strong>nunc</strong></span> <span class='ocrx_word' id='word_1_538' title='bbox 665 4485 751 4525; x_wconf 88' lang='lat' dir='ltr'><strong>tne</strong></span> <span class='ocrx_word' id='word_1_539' title='bbox 805 4470 1020 4525; x_wconf 88' lang='lat' dir='ltr'><strong>demum</strong></span> <span class='ocrx_word' id='word_1_540' title='bbox 1073 4487 1313 4542; x_wconf 70' lang='lat' dir='ltr'><strong>praesens</strong></span> <span class='ocrx_word' id='word_1_541' title='bbox 1364 4472 1577 4527; x_wconf 84' lang='lat' dir='ltr'><strong>ﬂamma</strong></span> <span class='ocrx_word' id='word_1_542' title='bbox 1637 4475 1935 4529; x_wconf 90' lang='lat' dir='ltr'><strong>consumit.</strong></span> <span class='ocrx_word' id='word_1_543' title='bbox 1988 4474 2033 4531; x_wconf 92' lang='grc' dir='ltr'>Ο</span> 
     </span>
    </p>
   </div>
   <div class='ocr_carea' id='block_1_76' title="bbox 463 4557 2036 4633">
    <p class='ocr_par' dir='ltr' id='par_1_76' title="bbox 463 4557 2036 4633">
     <span class='ocr_line' id='line_1_76' title="bbox 463 4557 2036 4633; baseline 0.004 -22"><span class='ocrx_word' id='word_1_544' title='bbox 463 4557 643 4625; x_wconf 80' lang='lat' dir='ltr'><strong>ignem</strong></span> <span class='ocrx_word' id='word_1_545' title='bbox 680 4558 798 4614; x_wconf 84' lang='lat' dir='ltr'><strong>sine</strong></span> <span class='ocrx_word' id='word_1_546' title='bbox 847 4561 1074 4616; x_wconf 88' lang='lat' dir='ltr'><strong>materia</strong></span> <span class='ocrx_word' id='word_1_547' title='bbox 1106 4561 1460 4631; x_wconf 84' lang='lat' dir='ltr'><strong>ﬂagrantem!</strong></span> <span class='ocrx_word' id='word_1_548' title='bbox 1512 4565 1689 4632; x_wconf 86' lang='lat' dir='ltr'><strong>ignem</strong></span> <span class='ocrx_word' id='word_1_549' title='bbox 1743 4565 2036 4633; x_wconf 86' lang='lat' dir='ltr'><strong>penetrali-</strong></span> 
     </span>
    </p>
   </div>
   <div class='ocr_carea' id='block_1_77' title="bbox 464 4647 2039 4709">
    <p class='ocr_par' dir='ltr' id='par_1_77' title="bbox 464 4647 2039 4709">
     <span class='ocr_line' id='line_1_77' title="bbox 464 4647 2039 4709; baseline 0.004 -8"><span class='ocrx_word' id='word_1_550' title='bbox 464 4647 569 4702; x_wconf 85' lang='lat' dir='ltr'><strong>bus</strong></span> <span class='ocrx_word' id='word_1_551' title='bbox 597 4647 765 4703; x_wconf 88' lang='lat' dir='ltr'><strong>animi</strong></span> <span class='ocrx_word' id='word_1_552' title='bbox 807 4650 1199 4708; x_wconf 87' lang='lat' dir='ltr'><strong>secretissintis</strong></span> <span class='ocrx_word' id='word_1_553' title='bbox 1228 4668 1425 4708; x_wconf 83' lang='lat' dir='ltr'><strong>arcana</strong></span> <span class='ocrx_word' id='word_1_554' title='bbox 1476 4652 1593 4707; x_wconf 81' lang='lat' dir='ltr'><strong>lace</strong></span> <span class='ocrx_word' id='word_1_555' title='bbox 1631 4653 1941 4708; x_wconf 82' lang='lat' dir='ltr'><strong>subditum!</strong></span> <span class='ocrx_word' id='word_1_556' title='bbox 1982 4662 2039 4709; x_wconf 92' lang='lat' dir='ltr'><strong>et</strong></span> 
     </span>
    </p>
   </div>
   <div class='ocr_carea' id='block_1_78' title="bbox 462 4743 2035 4815">
    <p class='ocr_par' dir='ltr' id='par_1_78' title="bbox 462 4743 2035 4815">
     <span class='ocr_line' id='line_1_78' title="bbox 462 4743 2035 4815; baseline 0.006 -23"><span class='ocrx_word' id='word_1_557' title='bbox 462 4749 709 4797; x_wconf 88' lang='lat' dir='ltr'><strong>urentem</strong></span> <span class='ocrx_word' id='word_1_558' title='bbox 744 4743 990 4811; x_wconf 85' lang='lat' dir='ltr'><strong>quidem,</strong></span> <span class='ocrx_word' id='word_1_559' title='bbox 1022 4759 1133 4799; x_wconf 88' lang='lat' dir='ltr'><strong>non</strong></span> <span class='ocrx_word' id='word_1_560' title='bbox 1161 4753 1577 4805; x_wconf 88' lang='lat' dir='ltr'><strong>consumentem</strong></span> <span class='ocrx_word' id='word_1_561' title='bbox 1600 4748 1813 4800; x_wconf 89' lang='lat' dir='ltr'><strong>tamen!</strong></span> <span class='ocrx_word' id='word_1_562' title='bbox 1853 4747 2035 4815; x_wconf 83' lang='lat' dir='ltr'><strong>ignem</strong></span> 
     </span>
    </p>
   </div>
   <div class='ocr_carea' id='block_1_79' title="bbox 458 4832 2033 4909">
    <p class='ocr_par' dir='ltr' id='par_1_79' title="bbox 458 4832 2033 4909">
     <span class='ocr_line' id='line_1_79' title="bbox 458 4832 2033 4909; baseline 0.003 -22"><span class='ocrx_word' id='word_1_563' title='bbox 458 4832 553 4900; x_wconf 87' lang='lat' dir='ltr'><strong>qui</strong></span> <span class='ocrx_word' id='word_1_564' title='bbox 586 4847 685 4888; x_wconf 91' lang='lat' dir='ltr'><strong>cor</strong></span> <span class='ocrx_word' id='word_1_565' title='bbox 725 4834 800 4889; x_wconf 89' lang='lat' dir='ltr'><strong>ita</strong></span> <span class='ocrx_word' id='word_1_566' title='bbox 833 4846 1175 4903; x_wconf 75' lang='lat' dir='ltr'><strong>concremet,</strong></span> <span class='ocrx_word' id='word_1_567' title='bbox 1229 4846 1289 4891; x_wconf 91' lang='lat' dir='ltr'><strong>ut</strong></span> <span class='ocrx_word' id='word_1_568' title='bbox 1337 4836 1576 4906; x_wconf 91' lang='lat' dir='ltr'><strong>speciem</strong></span> <span class='ocrx_word' id='word_1_569' title='bbox 1632 4839 1907 4909; x_wconf 82' lang='lat' dir='ltr'><strong>relinquat</strong></span> <span class='ocrx_word' id='word_1_570' title='bbox 1951 4840 2033 4894; x_wconf 83' lang='lat' dir='ltr'><strong>vi-</strong></span> 
     </span>
    </p>
   </div>
   <div class='ocr_carea' id='block_1_80' title="bbox 459 4926 2028 4997">
    <p class='ocr_par' dir='ltr' id='par_1_80' title="bbox 459 4926 2028 4997">
     <span class='ocr_line' id='line_1_80' title="bbox 459 4926 2028 4997; baseline 0.005 -20"><span class='ocrx_word' id='word_1_571' title='bbox 459 4926 642 4981; x_wconf 71' lang='lat' dir='ltr'><strong>ventis</strong></span> <span class='ocrx_word' id='word_1_572' title='bbox 676 4927 799 4997; x_wconf 83' lang='lat' dir='ltr'><strong>ejus</strong></span> <span class='ocrx_word' id='word_1_573' title='bbox 847 4928 1026 4984; x_wconf 90' lang='lat' dir='ltr'><strong>adhuc</strong></span> <span class='ocrx_word' id='word_1_574' title='bbox 1074 4939 1129 4984; x_wconf 88' lang='lat' dir='ltr'><strong>et</strong></span> <span class='ocrx_word' id='word_1_575' title='bbox 1165 4929 1418 4997; x_wconf 75' lang='lat' dir='ltr'><strong>vigentis,</strong></span> <span class='ocrx_word' id='word_1_576' title='bbox 1463 4939 1575 4983; x_wconf 89' lang='lat' dir='ltr'><strong>tum</strong></span> <span class='ocrx_word' id='word_1_577' title='bbox 1628 4931 1862 4984; x_wconf 81' lang='lat' dir='ltr'><strong>maxime</strong></span> <span class='ocrx_word' id='word_1_578' title='bbox 1904 4945 2028 4985; x_wconf 90' lang='lat' dir='ltr'><strong>cum</strong></span> 
     </span>
    </p>
   </div>
   <div class='ocr_carea' id='block_1_81' title="bbox 462 5020 2029 5092">
    <p class='ocr_par' dir='ltr' id='par_1_81' title="bbox 462 5020 2029 5092">
     <span class='ocr_line' id='line_1_81' title="bbox 462 5020 2029 5092; baseline 0.002 -19"><span class='ocrx_word' id='word_1_579' title='bbox 462 5034 639 5090; x_wconf 86' lang='lat' dir='ltr'><strong>usque</strong></span> <span class='ocrx_word' id='word_1_580' title='bbox 667 5020 736 5075; x_wconf 79' lang='lat' dir='ltr'><strong>ad</strong></span> <span class='ocrx_word' id='word_1_581' title='bbox 778 5036 904 5076; x_wconf 90' lang='lat' dir='ltr'><strong>ossa</strong></span> <span class='ocrx_word' id='word_1_582' title='bbox 939 5020 1340 5092; x_wconf 85' lang='lat' dir='ltr'><strong>medullasque,</strong></span> <span class='ocrx_word' id='word_1_583' title='bbox 1372 5036 1495 5076; x_wconf 82' lang='lat' dir='ltr'><strong>cum</strong></span> <span class='ocrx_word' id='word_1_584' title='bbox 1541 5036 1715 5089; x_wconf 88' lang='lat' dir='ltr'><strong>usque</strong></span> <span class='ocrx_word' id='word_1_585' title='bbox 1775 5020 1843 5077; x_wconf 92' lang='lat' dir='ltr'><strong>ad</strong></span> <span class='ocrx_word' id='word_1_586' title='bbox 1890 5021 2029 5078; x_wconf 78' lang='lat' dir='ltr'><strong>divi-</strong></span> 
     </span>
    </p>
   </div>
   <div class='ocr_carea' id='block_1_82' title="bbox 461 5112 2030 5184">
    <p class='ocr_par' dir='ltr' id='par_1_82' title="bbox 461 5112 2030 5184">
     <span class='ocr_line' id='line_1_82' title="bbox 461 5112 2030 5184; baseline 0.003 -19"><span class='ocrx_word' id='word_1_587' title='bbox 461 5112 674 5166; x_wconf 89' lang='lat' dir='ltr'><strong>sionem</strong></span> <span class='ocrx_word' id='word_1_588' title='bbox 707 5113 903 5168; x_wconf 64' lang='lat' dir='ltr'><strong>anima:</strong></span> <span class='ocrx_word' id='word_1_589' title='bbox 928 5126 995 5167; x_wconf 86' lang='lat' dir='ltr'><strong>ac</strong></span> <span class='ocrx_word' id='word_1_590' title='bbox 1033 5112 1265 5183; x_wconf 88' lang='lat' dir='ltr'><strong>spiritus</strong></span> <span class='ocrx_word' id='word_1_591' title='bbox 1304 5114 1388 5168; x_wconf 78' lang='lat' dir='ltr'><strong>vis</strong></span> <span class='ocrx_word' id='word_1_592' title='bbox 1421 5112 1543 5182; x_wconf 85' lang='lat' dir='ltr'><strong>ejus</strong></span> <span class='ocrx_word' id='word_1_593' title='bbox 1590 5113 1822 5168; x_wconf 67' lang='lat' dir='ltr'><strong>[laturum</strong></span> <span class='ocrx_word' id='word_1_594' title='bbox 1866 5129 2030 5184; x_wconf 88' lang='lat' dir='ltr'><strong>pene-</strong></span> 
     </span>
    </p>
   </div>
   <div class='ocr_carea' id='block_1_83' title="bbox 460 5203 2024 5273">
    <p class='ocr_par' dir='ltr' id='par_1_83' title="bbox 460 5203 2024 5273">
     <span class='ocr_line' id='line_1_83' title="bbox 460 5203 2024 5273; baseline 0.003 -17"><span class='ocrx_word' id='word_1_595' title='bbox 460 5203 721 5257; x_wconf 81' lang='lat' dir='ltr'><strong>traverit!</strong></span> <span class='ocrx_word' id='word_1_596' title='bbox 757 5204 864 5260; x_wconf 86' lang='lat' dir='ltr'><strong>Sed</strong></span> <span class='ocrx_word' id='word_1_597' title='bbox 895 5206 1005 5273; x_wconf 83' lang='lat' dir='ltr'><strong>jam</strong></span> <span class='ocrx_word' id='word_1_598' title='bbox 1057 5218 1147 5259; x_wconf 90' lang='lat' dir='ltr'><strong>me</strong></span> <span class='ocrx_word' id='word_1_599' title='bbox 1191 5204 1371 5258; x_wconf 89' lang='lat' dir='ltr'><strong>sentio</strong></span> <span class='ocrx_word' id='word_1_600' title='bbox 1408 5205 1819 5273; x_wconf 88' lang='lat' dir='ltr'><strong>perturbatione</strong></span> <span class='ocrx_word' id='word_1_601' title='bbox 1865 5206 2024 5261; x_wconf 78' lang='lat' dir='ltr'><strong>fami-</strong></span> 
     </span>
    </p>
   </div>
   <div class='ocr_carea' id='block_1_84' title="bbox 462 5296 2029 5371">
    <p class='ocr_par' dir='ltr' id='par_1_84' title="bbox 462 5296 2029 5371">
     <span class='ocr_line' id='line_1_84' title="bbox 462 5296 2029 5371; baseline 0.003 -20"><span class='ocrx_word' id='word_1_602' title='bbox 462 5296 584 5351; x_wconf 83' lang='lat' dir='ltr'><strong>liari</strong></span> <span class='ocrx_word' id='word_1_603' title='bbox 609 5297 805 5354; x_wconf 82' lang='lat' dir='ltr'><strong>elatam</strong></span> <span class='ocrx_word' id='word_1_604' title='bbox 832 5300 887 5354; x_wconf 89' lang='lat' dir='ltr'><strong>in</strong></span> <span class='ocrx_word' id='word_1_605' title='bbox 938 5305 1167 5371; x_wconf 89' lang='lat' dir='ltr'><strong>questus</strong></span> <span class='ocrx_word' id='word_1_606' title='bbox 1192 5297 1403 5354; x_wconf 87' lang='lat' dir='ltr'><strong>alienos</strong></span> <span class='ocrx_word' id='word_1_607' title='bbox 1447 5313 1477 5352; x_wconf 90' lang='lat' dir='ltr'><strong>a</strong></span> <span class='ocrx_word' id='word_1_608' title='bbox 1523 5300 1820 5370; x_wconf 86' lang='lat' dir='ltr'><strong>proposito.</strong></span> <span class='ocrx_word' id='word_1_609' title='bbox 1877 5300 2029 5356; x_wconf 88' lang='lat' dir='ltr'><strong>Fecit</strong></span> 
     </span>
    </p>
   </div>
   <div class='ocr_carea' id='block_1_85' title="bbox 2142 3276 3718 3353">
    <p class='ocr_par' dir='ltr' id='par_1_85' title="bbox 2142 3276 3718 3353">
     <span class='ocr_line' id='line_1_85' title="bbox 2142 3276 3718 3353; baseline -0.004 -20"><span class='ocrx_word' id='word_1_610' title='bbox 2142 3280 2316 3351; x_wconf 80' lang='grc' dir='ltr'><strong>πυρδς</strong></span> <span class='ocrx_word' id='word_1_611' title='bbox 2342 3281 2400 3333; x_wconf 81' lang='grc' dir='ltr'><strong>ὲν</strong></span> <span class='ocrx_word' id='word_1_612' title='bbox 2436 3280 2776 3353; x_wconf 73' lang='grc' dir='ltr'><strong>ἀπορρήτοις</strong></span> <span class='ocrx_word' id='word_1_613' title='bbox 2822 3276 3294 3350; x_wconf 78' lang='grc' dir='ltr'><strong>δᾳδουχουμένουί</strong></span> <span class='ocrx_word' id='word_1_614' title='bbox 3326 3278 3419 3332; x_wconf 75' lang='grc' dir='ltr'><strong>καὶ</strong></span> <span class='ocrx_word' id='word_1_615' title='bbox 3460 3276 3718 3340; x_wconf 81' lang='grc' dir='ltr'><strong>καίοντος</strong></span> 
     </span>
    </p>
   </div>
   <div class='ocr_carea' id='block_1_86' title="bbox 2145 3365 3714 3444">
    <p class='ocr_par' dir='ltr' id='par_1_86' title="bbox 2145 3365 3714 3444">
     <span class='ocr_line' id='line_1_86' title="bbox 2145 3365 3714 3444; baseline -0.004 -19"><span class='ocrx_word' id='word_1_616' title='bbox 2145 3372 2263 3443; x_wconf 77' lang='grc' dir='ltr'><strong>μὲν,</strong></span> <span class='ocrx_word' id='word_1_617' title='bbox 2305 3372 2379 3444; x_wconf 80' lang='grc' dir='ltr'><strong>μὴ</strong></span> <span class='ocrx_word' id='word_1_618' title='bbox 2405 3370 2848 3442; x_wconf 75' lang='grc' dir='ltr'><strong>καταφλέγοντος</strong></span> <span class='ocrx_word' id='word_1_619' title='bbox 2877 3371 2934 3424; x_wconf 86' lang='grc' dir='ltr'><strong>δέ</strong></span> <span class='ocrx_word' id='word_1_620' title='bbox 2960 3386 2975 3401; x_wconf 77' lang='grc' dir='ltr'><strong>ο</strong></span> <span class='ocrx_word' id='word_1_621' title='bbox 3012 3372 3105 3425; x_wconf 74' lang='grc' dir='ltr'><strong>καὶ</strong></span> <span class='ocrx_word' id='word_1_622' title='bbox 3134 3370 3234 3442; x_wconf 78' lang='grc' dir='ltr'><strong>τὴν</strong></span> <span class='ocrx_word' id='word_1_623' title='bbox 3296 3370 3522 3439; x_wconf 82' lang='grc' dir='ltr'><strong>καρδίαν</strong></span> <span class='ocrx_word' id='word_1_624' title='bbox 3562 3365 3714 3441; x_wconf 72' lang='grc' dir='ltr'><strong>[μὲν]</strong></span> 
     </span>
    </p>
   </div>
   <div class='ocr_carea' id='block_1_87' title="bbox 2146 3461 3716 3535">
    <p class='ocr_par' dir='ltr' id='par_1_87' title="bbox 2146 3461 3716 3535">
     <span class='ocr_line' id='line_1_87' title="bbox 2146 3461 3716 3535; baseline -0.004 -17"><span class='ocrx_word' id='word_1_625' title='bbox 2146 3463 2615 3535; x_wconf 82' lang='grc' dir='ltr'><strong>περιφρύγοντος,</strong></span> <span class='ocrx_word' id='word_1_626' title='bbox 2658 3461 2814 3525; x_wconf 78' lang='grc' dir='ltr'><strong>δόξαν</strong></span> <span class='ocrx_word' id='word_1_627' title='bbox 2870 3462 2925 3516; x_wconf 73' lang='grc' dir='ltr'><strong>δὲ</strong></span> <span class='ocrx_word' id='word_1_628' title='bbox 2959 3461 3314 3534; x_wconf 76' lang='grc' dir='ltr'><strong>παρέχοντος,</strong></span> <span class='ocrx_word' id='word_1_629' title='bbox 3371 3462 3453 3515; x_wconf 77' lang='grc' dir='ltr'><strong>ὅτι</strong></span> <span class='ocrx_word' id='word_1_630' title='bbox 3486 3462 3545 3514; x_wconf 83' lang='grc' dir='ltr'><strong>οὐ</strong></span> <span class='ocrx_word' id='word_1_631' title='bbox 3589 3476 3716 3513; x_wconf 77' lang='grc' dir='ltr'><strong>συνο</strong></span> 
     </span>
    </p>
   </div>
   <div class='ocr_carea' id='block_1_88' title="bbox 2140 3546 3714 3627">
    <p class='ocr_par' dir='ltr' id='par_1_88' title="bbox 2140 3546 3714 3627">
     <span class='ocr_line' id='line_1_88' title="bbox 2140 3546 3714 3627; baseline -0.004 -18"><span class='ocrx_word' id='word_1_632' title='bbox 2140 3557 2463 3627; x_wconf 80' lang='grc' dir='ltr'><strong>εφρύγημεν</strong></span> <span class='ocrx_word' id='word_1_633' title='bbox 2516 3571 2532 3585; x_wconf 74' lang='grc' dir='ltr'><strong>ο</strong></span> <span class='ocrx_word' id='word_1_634' title='bbox 2564 3546 2748 3610; x_wconf 89' lang='grc' dir='ltr'><strong>καίτοι</strong></span> <span class='ocrx_word' id='word_1_635' title='bbox 2789 3553 2983 3625; x_wconf 82' lang='grc' dir='ltr'><strong>μέχρις</strong></span> <span class='ocrx_word' id='word_1_636' title='bbox 3035 3553 3267 3618; x_wconf 83' lang='grc' dir='ltr'><strong>ὀστέων,</strong></span> <span class='ocrx_word' id='word_1_637' title='bbox 3322 3555 3416 3606; x_wconf 70' lang='grc' dir='ltr'><strong>καὶ</strong></span> <span class='ocrx_word' id='word_1_638' title='bbox 3476 3552 3714 3622; x_wconf 79' lang='grc' dir='ltr'><strong>μυελῶν,</strong></span> 
     </span>
    </p>
   </div>
   <div class='ocr_carea' id='block_1_89' title="bbox 2141 3647 3714 3722">
    <p class='ocr_par' dir='ltr' id='par_1_89' title="bbox 2141 3647 3714 3722">
     <span class='ocr_line' id='line_1_89' title="bbox 2141 3647 3714 3722; baseline -0.003 -18"><span class='ocrx_word' id='word_1_639' title='bbox 2141 3651 2237 3706; x_wconf 72' lang='grc' dir='ltr'><strong>καὶ</strong></span> <span class='ocrx_word' id='word_1_640' title='bbox 2273 3649 2545 3722; x_wconf 82' lang='grc' dir='ltr'><strong>μερισμοῦ</strong></span> <span class='ocrx_word' id='word_1_641' title='bbox 2578 3649 2762 3721; x_wconf 78' lang='grc' dir='ltr'><strong>ψυχῆς</strong></span> <span class='ocrx_word' id='word_1_642' title='bbox 2813 3648 2916 3713; x_wconf 84' lang='grc' dir='ltr'><strong>τὰς</strong></span> <span class='ocrx_word' id='word_1_643' title='bbox 2968 3648 3356 3720; x_wconf 84' lang='grc' dir='ltr'><strong>πυρακτὼσεις</strong></span> <span class='ocrx_word' id='word_1_644' title='bbox 3406 3647 3714 3717; x_wconf 80' lang='grc' dir='ltr'><strong>δεξάμενοι.</strong></span> 
     </span>
    </p>
   </div>
   <div class='ocr_carea' id='block_1_90' title="bbox 2152 3740 3717 3814">
    <p class='ocr_par' dir='ltr' id='par_1_90' title="bbox 2152 3740 3717 3814">
     <span class='ocr_line' id='line_1_90' title="bbox 2152 3740 3717 3814; baseline -0.004 -15"><span class='ocrx_word' id='word_1_645' title='bbox 2152 3742 2316 3799; x_wconf 79' lang='grc' dir='ltr'><strong>Ἀλλὰ</strong></span> <span class='ocrx_word' id='word_1_646' title='bbox 2367 3743 2477 3814; x_wconf 84' lang='grc' dir='ltr'><strong>γὰρ</strong></span> <span class='ocrx_word' id='word_1_647' title='bbox 2516 3742 2764 3812; x_wconf 72' lang='grc' dir='ltr'><strong>ἐμαυτῆς</strong></span> <span class='ocrx_word' id='word_1_648' title='bbox 2816 3742 3168 3811; x_wconf 74' lang='grc' dir='ltr'><strong>αἰσθάνομαι,</strong></span> <span class='ocrx_word' id='word_1_649' title='bbox 3204 3740 3296 3794; x_wconf 83' lang='grc' dir='ltr'><strong>διὰ</strong></span> <span class='ocrx_word' id='word_1_650' title='bbox 3345 3740 3518 3794; x_wconf 79' lang='grc' dir='ltr'><strong>ταῦτα</strong></span> <span class='ocrx_word' id='word_1_651' title='bbox 3568 3757 3717 3810; x_wconf 86' lang='grc' dir='ltr'><strong>παρ-</strong></span> 
     </span>
    </p>
   </div>
   <div class='ocr_carea' id='block_1_91' title="bbox 2140 3834 3715 3907">
    <p class='ocr_par' dir='ltr' id='par_1_91' title="bbox 2140 3834 3715 3907">
     <span class='ocr_line' id='line_1_91' title="bbox 2140 3834 3715 3907; baseline -0.003 -17"><span class='ocrx_word' id='word_1_652' title='bbox 2140 3836 2508 3907; x_wconf 75' lang='grc' dir='ltr'><strong>ενηνεγμένης</strong></span> <span class='ocrx_word' id='word_1_653' title='bbox 2549 3835 2643 3889; x_wconf 83' lang='grc' dir='ltr'><strong>τοῦ</strong></span> <span class='ocrx_word' id='word_1_654' title='bbox 2698 3835 3081 3904; x_wconf 81' lang='grc' dir='ltr'><strong>προκειμένου.</strong></span> <span class='ocrx_word' id='word_1_655' title='bbox 3123 3835 3232 3888; x_wconf 74' lang='grc' dir='ltr'><strong>Καὶ</strong></span> <span class='ocrx_word' id='word_1_656' title='bbox 3277 3834 3305 3886; x_wconf 86' lang='grc' dir='ltr'><strong>δ</strong></span> <span class='ocrx_word' id='word_1_657' title='bbox 3346 3834 3563 3903; x_wconf 82' lang='grc' dir='ltr'><strong>Καῖσάρ</strong></span> <span class='ocrx_word' id='word_1_658' title='bbox 3620 3850 3715 3902; x_wconf 85' lang='grc' dir='ltr'><strong>μοι</strong></span> 
     </span>
    </p>
   </div>
   <div class='ocr_carea' id='block_1_92' title="bbox 2140 3926 3711 3999">
    <p class='ocr_par' dir='ltr' id='par_1_92' title="bbox 2140 3926 3711 3999">
     <span class='ocr_line' id='line_1_92' title="bbox 2140 3926 3711 3999; baseline -0.002 -16"><span class='ocrx_word' id='word_1_659' title='bbox 2140 3929 2391 3993; x_wconf 66' lang='grc' dir='ltr'><strong>ἐπιστὰς,</strong></span> <span class='ocrx_word' id='word_1_660' title='bbox 2451 3930 2547 3983; x_wconf 73' lang='grc' dir='ltr'><strong>καὶ</strong></span> <span class='ocrx_word' id='word_1_661' title='bbox 2600 3930 2669 3999; x_wconf 79' lang='grc' dir='ltr'><strong>τῇ</strong></span> <span class='ocrx_word' id='word_1_662' title='bbox 2713 3927 2807 3981; x_wconf 79' lang='grc' dir='ltr'><strong>τοῦ</strong></span> <span class='ocrx_word' id='word_1_663' title='bbox 2855 3926 2940 3999; x_wconf 74' lang='grc' dir='ltr'><strong>[τὸ</strong></span> <span class='ocrx_word' id='word_1_664' title='bbox 2991 3926 3109 3999; x_wconf 80' lang='grc' dir='ltr'><strong>τοῦ]</strong></span> <span class='ocrx_word' id='word_1_665' title='bbox 3162 3928 3442 3997; x_wconf 76' lang='grc' dir='ltr'><strong>Καίσαρος</strong></span> <span class='ocrx_word' id='word_1_666' title='bbox 3491 3927 3711 3993; x_wconf 79' lang='grc' dir='ltr'><strong>πένθος,</strong></span> 
     </span>
    </p>
   </div>
   <div class='ocr_carea' id='block_1_93' title="bbox 2140 4018 3717 4090">
    <p class='ocr_par' dir='ltr' id='par_1_93' title="bbox 2140 4018 3717 4090">
     <span class='ocr_line' id='line_1_93' title="bbox 2140 4018 3717 4090; baseline -0.002 -17"><span class='ocrx_word' id='word_1_667' title='bbox 2140 4020 2337 4083; x_wconf 81' lang='grc' dir='ltr'><strong>πένθος</strong></span> <span class='ocrx_word' id='word_1_668' title='bbox 2371 4038 2460 4090; x_wconf 87' lang='grc' dir='ltr'><strong>μοι</strong></span> <span class='ocrx_word' id='word_1_669' title='bbox 2492 4018 2761 4083; x_wconf 72' lang='grc' dir='ltr'><strong>ἔτιέσταξε</strong></span> <span class='ocrx_word' id='word_1_670' title='bbox 2798 4019 3105 4087; x_wconf 87' lang='grc' dir='ltr'><strong>διωλύγιον.</strong></span> <span class='ocrx_word' id='word_1_671' title='bbox 3137 4018 3498 4089; x_wconf 74' lang='grc' dir='ltr'><strong>Ἀποψήσασα</strong></span> <span class='ocrx_word' id='word_1_672' title='bbox 3530 4019 3625 4072; x_wconf 76' lang='grc' dir='ltr'><strong>οὖν</strong></span> <span class='ocrx_word' id='word_1_673' title='bbox 3653 4019 3717 4071; x_wconf 73' lang='grc' dir='ltr'><strong>τὸ</strong></span> 
     </span>
    </p>
   </div>
   <div class='ocr_carea' id='block_1_94' title="bbox 2138 4109 3711 4181">
    <p class='ocr_par' dir='ltr' id='par_1_94' title="bbox 2138 4109 3711 4181">
     <span class='ocr_line' id='line_1_94' title="bbox 2138 4109 3711 4181; baseline -0.002 -18"><span class='ocrx_word' id='word_1_674' title='bbox 2138 4110 2374 4181; x_wconf 83' lang='grc' dir='ltr'><strong>δάκρυον</strong></span> <span class='ocrx_word' id='word_1_675' title='bbox 2402 4109 2513 4163; x_wconf 87' lang='grc' dir='ltr'><strong>τῶν</strong></span> <span class='ocrx_word' id='word_1_676' title='bbox 2561 4110 2852 4180; x_wconf 80' lang='grc' dir='ltr'><strong>ὀμμάτων,</strong></span> <span class='ocrx_word' id='word_1_677' title='bbox 2895 4112 2987 4163; x_wconf 77' lang='grc' dir='ltr'><strong>καὶ</strong></span> <span class='ocrx_word' id='word_1_678' title='bbox 3036 4110 3283 4181; x_wconf 74' lang='grc' dir='ltr'><strong>ἐμαυτὴν</strong></span> <span class='ocrx_word' id='word_1_679' title='bbox 3331 4110 3711 4179; x_wconf 79' lang='grc' dir='ltr'><strong>ἀναλεξαμένη</strong></span> 
     </span>
    </p>
   </div>
   <div class='ocr_carea' id='block_1_95' title="bbox 2144 4200 3715 4275">
    <p class='ocr_par' dir='ltr' id='par_1_95' title="bbox 2144 4200 3715 4275">
     <span class='ocr_line' id='line_1_95' title="bbox 2144 4200 3715 4275; baseline -0.001 -20"><span class='ocrx_word' id='word_1_680' title='bbox 2144 4201 2240 4256; x_wconf 81' lang='grc' dir='ltr'><strong>τοῦ</strong></span> <span class='ocrx_word' id='word_1_681' title='bbox 2275 4202 2521 4269; x_wconf 78' lang='grc' dir='ltr'><strong>πάθους,</strong></span> <span class='ocrx_word' id='word_1_682' title='bbox 2569 4201 2679 4257; x_wconf 81' lang='grc' dir='ltr'><strong>τῶν</strong></span> <span class='ocrx_word' id='word_1_683' title='bbox 2738 4202 2865 4271; x_wconf 79' lang='grc' dir='ltr'><strong>ἑξῆς</strong></span> <span class='ocrx_word' id='word_1_684' title='bbox 2911 4200 3132 4273; x_wconf 70' lang='grc' dir='ltr'><strong>ἕξομαι,</strong></span> <span class='ocrx_word' id='word_1_685' title='bbox 3192 4201 3357 4258; x_wconf 81' lang='grc' dir='ltr'><strong>διπλᾶ</strong></span> <span class='ocrx_word' id='word_1_686' title='bbox 3392 4203 3557 4275; x_wconf 80' lang='grc' dir='ltr'><strong>(κατὰ</strong></span> <span class='ocrx_word' id='word_1_687' title='bbox 3612 4204 3715 4272; x_wconf 63' lang='grc' dir='ltr'><strong>τὴν</strong></span> 
     </span>
    </p>
   </div>
   <div class='ocr_carea' id='block_1_96' title="bbox 2138 4287 3713 4367">
    <p class='ocr_par' dir='ltr' id='par_1_96' title="bbox 2138 4287 3713 4367">
     <span class='ocr_line' id='line_1_96' title="bbox 2138 4287 3713 4367; baseline -0.002 -20"><span class='ocrx_word' id='word_1_688' title='bbox 2138 4295 2447 4365; x_wconf 76' lang='grc' dir='ltr'><strong>τραγῳδίαν</strong></span> <span class='ocrx_word' id='word_1_689' title='bbox 2516 4290 2663 4367; x_wconf 77' lang='grc'><strong>[11])</strong></span> <span class='ocrx_word' id='word_1_690' title='bbox 2711 4294 3075 4365; x_wconf 88' lang='grc' dir='ltr'><strong>κερδαίνουσα</strong></span> <span class='ocrx_word' id='word_1_691' title='bbox 3140 4294 3375 4365; x_wconf 85' lang='grc' dir='ltr'><strong>δάκρυα,</strong></span> <span class='ocrx_word' id='word_1_692' title='bbox 3444 4287 3559 4346; x_wconf 72' lang='grc' dir='ltr'><strong>οἷον</strong></span> <span class='ocrx_word' id='word_1_693' title='bbox 3619 4294 3713 4345; x_wconf 71' lang='grc' dir='ltr'><strong>ἐπὶ</strong></span> 
     </span>
    </p>
   </div>
   <div class='ocr_carea' id='block_1_97' title="bbox 2140 4384 3713 4457">
    <p class='ocr_par' dir='ltr' id='par_1_97' title="bbox 2140 4384 3713 4457">
     <span class='ocr_line' id='line_1_97' title="bbox 2140 4384 3713 4457; baseline -0.002 -18"><span class='ocrx_word' id='word_1_694' title='bbox 2140 4387 2398 4457; x_wconf 76' lang='grc' dir='ltr'><strong>συμφορᾷ</strong></span> <span class='ocrx_word' id='word_1_695' title='bbox 2431 4386 2714 4456; x_wconf 78' lang='grc' dir='ltr'><strong>συμφορᾶς</strong></span> <span class='ocrx_word' id='word_1_696' title='bbox 2743 4387 3069 4456; x_wconf 82' lang='grc' dir='ltr'><strong>μεμνημένη</strong></span> <span class='ocrx_word' id='word_1_697' title='bbox 3093 4403 3107 4419; x_wconf 81' lang='grc' dir='ltr'><strong>ο</strong></span> <span class='ocrx_word' id='word_1_698' title='bbox 3164 4386 3226 4438; x_wconf 86' lang='grc' dir='ltr'><strong>τὸ</strong></span> <span class='ocrx_word' id='word_1_699' title='bbox 3281 4385 3391 4454; x_wconf 81' lang='grc' dir='ltr'><strong>γὰρ</strong></span> <span class='ocrx_word' id='word_1_700' title='bbox 3421 4386 3501 4447; x_wconf 89' lang='grc' dir='ltr'><strong>είς</strong></span> <span class='ocrx_word' id='word_1_701' title='bbox 3542 4384 3713 4454; x_wconf 80' lang='grc' dir='ltr'><strong>μέσον</strong></span> 
     </span>
    </p>
   </div>
   <div class='ocr_carea' id='block_1_98' title="bbox 2137 4476 3711 4549">
    <p class='ocr_par' dir='ltr' id='par_1_98' title="bbox 2137 4476 3711 4549">
     <span class='ocr_line' id='line_1_98' title="bbox 2137 4476 3711 4549; baseline -0.001 -18"><span class='ocrx_word' id='word_1_702' title='bbox 2137 4477 2420 4549; x_wconf 81' lang='grc' dir='ltr'><strong>προθεῖναι</strong></span> <span class='ocrx_word' id='word_1_703' title='bbox 2444 4477 2688 4532; x_wconf 86' lang='grc' dir='ltr'><strong>τοιούτου</strong></span> <span class='ocrx_word' id='word_1_704' title='bbox 2716 4477 2985 4547; x_wconf 87' lang='grc' dir='ltr'><strong>βασιλέως</strong></span> <span class='ocrx_word' id='word_1_705' title='bbox 3005 4477 3285 4541; x_wconf 78' lang='grc' dir='ltr'><strong>ὑπόθεσιν,</strong></span> <span class='ocrx_word' id='word_1_706' title='bbox 3319 4477 3413 4530; x_wconf 73' lang='grc' dir='ltr'><strong>καὶ</strong></span> <span class='ocrx_word' id='word_1_707' title='bbox 3447 4476 3711 4530; x_wconf 86' lang='grc' dir='ltr'><strong>τοσούτου</strong></span> 
     </span>
    </p>
   </div>
   <div class='ocr_carea' id='block_1_99' title="bbox 2138 4569 3714 4643">
    <p class='ocr_par' dir='ltr' id='par_1_99' title="bbox 2138 4569 3714 4643">
     <span class='ocr_line' id='line_1_99' title="bbox 2138 4569 3714 4643; baseline -0.001 -19"><span class='ocrx_word' id='word_1_708' title='bbox 2138 4570 2274 4643; x_wconf 76' lang='grc' dir='ltr'><strong>πρὸς</strong></span> <span class='ocrx_word' id='word_1_709' title='bbox 2309 4571 2545 4641; x_wconf 75' lang='grc' dir='ltr'><strong>ἀρετὴν,</strong></span> <span class='ocrx_word' id='word_1_710' title='bbox 2596 4569 2907 4641; x_wconf 80' lang='grc' dir='ltr'><strong>ἀνάμνησίς</strong></span> <span class='ocrx_word' id='word_1_711' title='bbox 2943 4571 3058 4622; x_wconf 74' lang='grc' dir='ltr'><strong>ἔστι</strong></span> <span class='ocrx_word' id='word_1_712' title='bbox 3095 4572 3187 4623; x_wconf 78' lang='grc' dir='ltr'><strong>καὶ</strong></span> <span class='ocrx_word' id='word_1_713' title='bbox 3216 4570 3325 4622; x_wconf 81' lang='grc' dir='ltr'><strong>τῶν</strong></span> <span class='ocrx_word' id='word_1_714' title='bbox 3352 4570 3475 4623; x_wconf 75' lang='grc' dir='ltr'><strong>κατ’</strong></span> <span class='ocrx_word' id='word_1_715' title='bbox 3502 4571 3714 4623; x_wconf 75' lang='grc' dir='ltr'><strong>ἐκεῖνον</strong></span> 
     </span>
    </p>
   </div>
   <div class='ocr_carea' id='block_1_100' title="bbox 2134 4660 3712 4732">
    <p class='ocr_par' dir='ltr' id='par_1_100' title="bbox 2134 4660 3712 4732">
     <span class='ocr_line' id='line_1_100' title="bbox 2134 4660 3712 4732; baseline -0.001 -17"><span class='ocrx_word' id='word_1_716' title='bbox 2134 4662 2468 4731; x_wconf 58' lang='grc' dir='ltr'><strong>θαυμάτων</strong></span> <span class='ocrx_word' id='word_1_717' title='bbox 2530 4660 2675 4732; x_wconf 75' lang='grc' dir='ltr'><strong>άπερ</strong></span> <span class='ocrx_word' id='word_1_718' title='bbox 2725 4662 2875 4732; x_wconf 72' lang='grc' dir='ltr'><strong>κάμὲ</strong></span> <span class='ocrx_word' id='word_1_719' title='bbox 2927 4662 3067 4731; x_wconf 72' lang='grc' dir='ltr'><strong>πρὸς</strong></span> <span class='ocrx_word' id='word_1_720' title='bbox 3127 4662 3342 4731; x_wconf 85' lang='grc' dir='ltr'><strong>δάκρυα</strong></span> <span class='ocrx_word' id='word_1_721' title='bbox 3393 4662 3712 4730; x_wconf 81' lang='grc' dir='ltr'><strong>θερμότατα</strong></span> 
     </span>
    </p>
   </div>
   <div class='ocr_carea' id='block_1_101' title="bbox 2133 4752 3712 4824">
    <p class='ocr_par' dir='ltr' id='par_1_101' title="bbox 2133 4752 3712 4824">
     <span class='ocr_line' id='line_1_101' title="bbox 2133 4752 3712 4824; baseline 0 -18"><span class='ocrx_word' id='word_1_722' title='bbox 2133 4753 2476 4822; x_wconf 80' lang='grc' dir='ltr'><strong>καταφέρει,</strong></span> <span class='ocrx_word' id='word_1_723' title='bbox 2516 4752 2657 4824; x_wconf 85' lang='grc' dir='ltr'><strong>μετὰ</strong></span> <span class='ocrx_word' id='word_1_724' title='bbox 2690 4753 2872 4821; x_wconf 76' lang='grc' dir='ltr'><strong>πάσης</strong></span> <span class='ocrx_word' id='word_1_725' title='bbox 2925 4754 3023 4822; x_wconf 82' lang='grc' dir='ltr'><strong>τῆς</strong></span> <span class='ocrx_word' id='word_1_726' title='bbox 3059 4753 3392 4823; x_wconf 84' lang='grc' dir='ltr'><strong>οίκουμένης</strong></span> <span class='ocrx_word' id='word_1_727' title='bbox 3431 4753 3712 4822; x_wconf 83' lang='grc' dir='ltr'><strong>δακρύου-</strong></span> 
     </span>
    </p>
   </div>
   <div class='ocr_carea' id='block_1_102' title="bbox 2133 4842 3713 4914">
    <p class='ocr_par' dir='ltr' id='par_1_102' title="bbox 2133 4842 3713 4914">
     <span class='ocr_line' id='line_1_102' title="bbox 2133 4842 3713 4914; baseline 0.001 -18"><span class='ocrx_word' id='word_1_728' title='bbox 2133 4860 2255 4898; x_wconf 91' lang='grc' dir='ltr'><strong>σαν.</strong></span> <span class='ocrx_word' id='word_1_729' title='bbox 2283 4844 2357 4897; x_wconf 75' lang='grc' dir='ltr'><strong>Τὸ</strong></span> <span class='ocrx_word' id='word_1_730' title='bbox 2382 4842 2494 4913; x_wconf 83' lang='grc' dir='ltr'><strong>γὰρ</strong></span> <span class='ocrx_word' id='word_1_731' title='bbox 2521 4843 2729 4897; x_wconf 76' lang='grc' dir='ltr'><strong>ἐκείνου</strong></span> <span class='ocrx_word' id='word_1_732' title='bbox 2758 4842 3097 4913; x_wconf 81' lang='grc' dir='ltr'><strong>μεμνῆσθαι,</strong></span> <span class='ocrx_word' id='word_1_733' title='bbox 3143 4845 3239 4898; x_wconf 78' lang='grc' dir='ltr'><strong>καὶ</strong></span> <span class='ocrx_word' id='word_1_734' title='bbox 3271 4843 3368 4914; x_wconf 82' lang='grc' dir='ltr'><strong>τὴν</strong></span> <span class='ocrx_word' id='word_1_735' title='bbox 3401 4844 3567 4897; x_wconf 80' lang='grc' dir='ltr'><strong>αὑτοῦ</strong></span> <span class='ocrx_word' id='word_1_736' title='bbox 3610 4845 3713 4914; x_wconf 83' lang='grc' dir='ltr'><strong>βα-</strong></span> 
     </span>
    </p>
   </div>
   <div class='ocr_carea' id='block_1_103' title="bbox 2135 4935 3708 5006">
    <p class='ocr_par' dir='ltr' id='par_1_103' title="bbox 2135 4935 3708 5006">
     <span class='ocr_line' id='line_1_103' title="bbox 2135 4935 3708 5006; baseline 0.001 -17"><span class='ocrx_word' id='word_1_737' title='bbox 2135 4935 2344 4991; x_wconf 86' lang='grc' dir='ltr'><strong>σιλείαν</strong></span> <span class='ocrx_word' id='word_1_738' title='bbox 2377 4937 2459 4998; x_wconf 89' lang='grc' dir='ltr'><strong>είς</strong></span> <span class='ocrx_word' id='word_1_739' title='bbox 2496 4936 2661 5004; x_wconf 82' lang='grc' dir='ltr'><strong>μέσον</strong></span> <span class='ocrx_word' id='word_1_740' title='bbox 2694 4936 2872 5003; x_wconf 76' lang='grc' dir='ltr'><strong>ἄγειν,</strong></span> <span class='ocrx_word' id='word_1_741' title='bbox 2906 4936 3031 5004; x_wconf 74' lang='grc' dir='ltr'><strong>ἐμοὶ</strong></span> <span class='ocrx_word' id='word_1_742' title='bbox 3058 4936 3155 5006; x_wconf 82' lang='grc' dir='ltr'><strong>μὲν</strong></span> <span class='ocrx_word' id='word_1_743' title='bbox 3187 4936 3400 5006; x_wconf 84' lang='grc' dir='ltr'><strong>θρήνων</strong></span> <span class='ocrx_word' id='word_1_744' title='bbox 3427 4937 3708 5001; x_wconf 82' lang='grc' dir='ltr'><strong>ὑπόθεσις,</strong></span> 
     </span>
    </p>
   </div>
   <div class='ocr_carea' id='block_1_104' title="bbox 2132 5025 3709 5098">
    <p class='ocr_par' dir='ltr' id='par_1_104' title="bbox 2132 5025 3709 5098">
     <span class='ocr_line' id='line_1_104' title="bbox 2132 5025 3709 5098; baseline 0.001 -17"><span class='ocrx_word' id='word_1_745' title='bbox 2132 5029 2245 5089; x_wconf 82' lang='grc' dir='ltr'><strong>τοῖς</strong></span> <span class='ocrx_word' id='word_1_746' title='bbox 2280 5027 2464 5091; x_wconf 82' lang='grc' dir='ltr'><strong>ἄλλοις</strong></span> <span class='ocrx_word' id='word_1_747' title='bbox 2495 5027 2554 5081; x_wconf 80' lang='grc' dir='ltr'><strong>δὲ</strong></span> <span class='ocrx_word' id='word_1_748' title='bbox 2605 5025 2813 5098; x_wconf 75' lang='grc' dir='ltr'><strong>ζημίας</strong></span> <span class='ocrx_word' id='word_1_749' title='bbox 2840 5027 3171 5098; x_wconf 83' lang='grc' dir='ltr'><strong>ἀνάμνησις.</strong></span> <span class='ocrx_word' id='word_1_750' title='bbox 3220 5030 3484 5098; x_wconf 77' lang='grc' dir='ltr'><strong>Ἀρκτέον</strong></span> <span class='ocrx_word' id='word_1_751' title='bbox 3522 5031 3709 5083; x_wconf 82' lang='grc' dir='ltr'><strong>τοίνυν</strong></span> 
     </span>
    </p>
   </div>
   <div class='ocr_carea' id='block_1_105' title="bbox 2136 5119 3709 5192">
    <p class='ocr_par' dir='ltr' id='par_1_105' title="bbox 2136 5119 3709 5192">
     <span class='ocr_line' id='line_1_105' title="bbox 2136 5119 3709 5192; baseline 0.001 -17"><span class='ocrx_word' id='word_1_752' title='bbox 2136 5120 2346 5175; x_wconf 75' lang='grc' dir='ltr'><strong>ἐνθένδε</strong></span> <span class='ocrx_word' id='word_1_753' title='bbox 2364 5121 2465 5188; x_wconf 87' lang='grc' dir='ltr'><strong>τῆς</strong></span> <span class='ocrx_word' id='word_1_754' title='bbox 2490 5121 2730 5191; x_wconf 75' lang='grc' dir='ltr'><strong>ἱστορίας</strong></span> <span class='ocrx_word' id='word_1_755' title='bbox 2748 5119 2842 5176; x_wconf 83' lang='grc' dir='ltr'><strong>τοῦ</strong></span> <span class='ocrx_word' id='word_1_756' title='bbox 2866 5119 2993 5191; x_wconf 78' lang='grc' dir='ltr'><strong>’μού</strong></span> <span class='ocrx_word' id='word_1_757' title='bbox 3024 5120 3251 5192; x_wconf 82' lang='grc' dir='ltr'><strong>πατρὸς,</strong></span> <span class='ocrx_word' id='word_1_758' title='bbox 3272 5122 3396 5175; x_wconf 79' lang='grc' dir='ltr'><strong>ὅθεν</strong></span> <span class='ocrx_word' id='word_1_759' title='bbox 3423 5123 3517 5176; x_wconf 76' lang='grc' dir='ltr'><strong>καὶ</strong></span> <span class='ocrx_word' id='word_1_760' title='bbox 3536 5121 3709 5192; x_wconf 77' lang='grc' dir='ltr'><strong>ἄρχε-</strong></span> 
     </span>
    </p>
   </div>
   <div class='ocr_carea' id='block_1_106' title="bbox 2134 5209 3710 5283">
    <p class='ocr_par' dir='ltr' id='par_1_106' title="bbox 2134 5209 3710 5283">
     <span class='ocr_line' id='line_1_106' title="bbox 2134 5209 3710 5283; baseline 0 -19"><span class='ocrx_word' id='word_1_761' title='bbox 2134 5211 2258 5266; x_wconf 83' lang='grc' dir='ltr'><strong>σθαι</strong></span> <span class='ocrx_word' id='word_1_762' title='bbox 2303 5212 2560 5281; x_wconf 78' lang='grc' dir='ltr'><strong>ἄμεινον’</strong></span> <span class='ocrx_word' id='word_1_763' title='bbox 2597 5213 2821 5281; x_wconf 77' lang='grc' dir='ltr'><strong>ἄμεινον</strong></span> <span class='ocrx_word' id='word_1_764' title='bbox 2862 5209 2921 5263; x_wconf 73' lang='grc' dir='ltr'><strong>δὲ</strong></span> <span class='ocrx_word' id='word_1_765' title='bbox 2971 5211 3097 5265; x_wconf 74' lang='grc' dir='ltr'><strong>ὅθεν</strong></span> <span class='ocrx_word' id='word_1_766' title='bbox 3134 5212 3466 5283; x_wconf 82' lang='grc' dir='ltr'><strong>σαφέστερός</strong></span> <span class='ocrx_word' id='word_1_767' title='bbox 3506 5228 3565 5265; x_wconf 87' lang='grc' dir='ltr'><strong>τε</strong></span> <span class='ocrx_word' id='word_1_768' title='bbox 3610 5212 3710 5266; x_wconf 69' lang='grc' dir='ltr'><strong>καὶ</strong></span> 
     </span>
    </p>
   </div>
   <div class='ocr_carea' id='block_1_107' title="bbox 2138 5302 3139 5375">
    <p class='ocr_par' dir='ltr' id='par_1_107' title="bbox 2138 5302 3139 5375">
     <span class='ocr_line' id='line_1_107' title="bbox 2138 5302 3139 5375; baseline 0.002 -19"><span class='ocrx_word' id='word_1_769' title='bbox 2138 5302 2554 5375; x_wconf 78' lang='grc' dir='ltr'><strong>ίστορικώτερος</strong></span> <span class='ocrx_word' id='word_1_770' title='bbox 2582 5305 2611 5358; x_wconf 81' lang='grc' dir='ltr'><strong>ὁ</strong></span> <span class='ocrx_word' id='word_1_771' title='bbox 2642 5302 2798 5372; x_wconf 72' lang='grc' dir='ltr'><strong>λόγος</strong></span> <span class='ocrx_word' id='word_1_772' title='bbox 2826 5303 3139 5374; x_wconf 82' lang='grc' dir='ltr'><strong>γενήσεται.</strong></span> 
     </span>
    </p>
   </div>
   <div class='ocr_carea' id='block_1_108' title="bbox 1555 5470 2611 5571">
    <p class='ocr_par' dir='ltr' id='par_1_108' title="bbox 1555 5470 2611 5571">
     <span class='ocr_line' id='line_1_108' title="bbox 1555 5470 2611 5571; baseline 0.007 -24"><span class='ocrx_word' id='word_1_773' title='bbox 1555 5488 1686 5550; x_wconf 84' lang='lat' dir='ltr'><strong>Car.</strong></span> <span class='ocrx_word' id='word_1_774' title='bbox 1719 5488 2032 5552; x_wconf 84' lang='lat' dir='ltr'><strong>Dutresnn</strong></span> <span class='ocrx_word' id='word_1_775' title='bbox 2062 5470 2157 5554; x_wconf 89' lang='lat' dir='ltr'><strong>Du</strong></span> <span class='ocrx_word' id='word_1_776' title='bbox 2177 5491 2387 5571; x_wconf 81' lang='lat' dir='ltr'><strong>Cangii</strong></span> <span class='ocrx_word' id='word_1_777' title='bbox 2419 5497 2611 5554; x_wconf 74' lang='lat' dir='ltr'><strong>notte.</strong></span> 
     </span>
    </p>
   </div>
   <div class='ocr_carea' id='block_1_109' title="bbox 539 5626 2018 5699">
    <p class='ocr_par' dir='ltr' id='par_1_109' title="bbox 539 5626 2018 5699">
     <span class='ocr_line' id='line_1_109' title="bbox 539 5626 2018 5699; baseline -0.001 -15"><span class='ocrx_word' id='word_1_778' title='bbox 539 5630 618 5697; x_wconf 85' lang='lat'><strong>(8)</strong></span> <span class='ocrx_word' id='word_1_779' title='bbox 667 5627 933 5699; x_wconf 83' lang='lat' dir='ltr'><strong>Porphyr.</strong></span> <span class='ocrx_word' id='word_1_780' title='bbox 996 5628 1133 5699; x_wconf 62' lang='grc' dir='ltr'><strong>[ἱερὶ</strong></span> <span class='ocrx_word' id='word_1_781' title='bbox 1172 5626 1356 5699; x_wconf 30' lang='grc' dir='ltr'><strong>,εἴδους</strong></span> <span class='ocrx_word' id='word_1_782' title='bbox 1405 5626 1652 5684; x_wconf 65' lang='lat' dir='ltr'><strong>Stolmus</strong></span> <span class='ocrx_word' id='word_1_783' title='bbox 1719 5628 1864 5699; x_wconf 78' lang='grc' dir='ltr'><strong>λόγῳ</strong></span> <span class='ocrx_word' id='word_1_784' title='bbox 1918 5626 2018 5698; x_wconf 82' lang='grc' dir='ltr'><strong>ξγ⁹.</strong></span> 
     </span>
    </p>
   </div>
   <div class='ocr_carea' id='block_1_110' title="bbox 464 5695 1277 5766">
    <p class='ocr_par' dir='ltr' id='par_1_110' title="bbox 464 5695 1277 5766">
     <span class='ocr_line' id='line_1_110' title="bbox 464 5695 1277 5766; baseline -0.004 -12"><span class='ocrx_word' id='word_1_785' title='bbox 464 5695 666 5755; x_wconf 81' lang='lat' dir='ltr'><strong>Athen.</strong></span> <span class='ocrx_word' id='word_1_786' title='bbox 706 5698 742 5751; x_wconf 94' lang='lat' dir='ltr'><strong>I.</strong></span> <span class='ocrx_word' id='word_1_787' title='bbox 777 5695 873 5752; x_wconf 61' lang='lat' dir='ltr'><strong>ini</strong></span> <span class='ocrx_word' id='word_1_788' title='bbox 902 5714 970 5753; x_wconf 78' lang='lat' dir='ltr'><strong>ex</strong></span> <span class='ocrx_word' id='word_1_789' title='bbox 998 5695 1277 5766; x_wconf 79' lang='lat' dir='ltr'><strong>Euripide.</strong></span> 
     </span>
    </p>
   </div>
   <div class='ocr_carea' id='block_1_111' title="bbox 537 5767 2016 5837">
    <p class='ocr_par' dir='ltr' id='par_1_111' title="bbox 537 5767 2016 5837">
     <span class='ocr_line' id='line_1_111' title="bbox 537 5767 2016 5837; baseline 0.002 -15"><span class='ocrx_word' id='word_1_790' title='bbox 537 5769 614 5837; x_wconf 84' lang='lat'><strong>(9)</strong></span> <span class='ocrx_word' id='word_1_791' title='bbox 650 5770 887 5833; x_wconf 72' lang='grc' dir='ltr'><strong>Ἄλλως</strong></span> <span class='ocrx_word' id='word_1_792' title='bbox 903 5767 1385 5836; x_wconf 72' lang='grc' dir='ltr'><strong>προσωμιλήκειν</strong></span> <span class='ocrx_word' id='word_1_793' title='bbox 1410 5767 1652 5835; x_wconf 74' lang='grc' dir='ltr'><strong>δεινοῖς.</strong></span> <span class='ocrx_word' id='word_1_794' title='bbox 1678 5768 1848 5825; x_wconf 71' lang='lat' dir='ltr'><strong>Anna:</strong></span> <span class='ocrx_word' id='word_1_795' title='bbox 1869 5770 2016 5826; x_wconf 82' lang='lat' dir='ltr'><strong>cala-</strong></span> 
     </span>
    </p>
   </div>
   <div class='ocr_carea' id='block_1_112' title="bbox 469 5836 1696 5908">
    <p class='ocr_par' dir='ltr' id='par_1_112' title="bbox 469 5836 1696 5908">
     <span class='ocr_line' id='line_1_112' title="bbox 469 5836 1696 5908; baseline 0 -16"><span class='ocrx_word' id='word_1_796' title='bbox 469 5836 687 5894; x_wconf 85' lang='lat' dir='ltr'><strong>mitates</strong></span> <span class='ocrx_word' id='word_1_797' title='bbox 717 5854 779 5893; x_wconf 78' lang='lat' dir='ltr'><strong>cx</strong></span> <span class='ocrx_word' id='word_1_798' title='bbox 808 5849 956 5908; x_wconf 81' lang='lat' dir='ltr'><strong>parte</strong></span> <span class='ocrx_word' id='word_1_799' title='bbox 988 5847 1170 5895; x_wconf 89' lang='lat' dir='ltr'><strong>narrat</strong></span> <span class='ocrx_word' id='word_1_800' title='bbox 1199 5838 1412 5894; x_wconf 87' lang='lat' dir='ltr'><strong>Nicetas</strong></span> <span class='ocrx_word' id='word_1_801' title='bbox 1458 5838 1508 5893; x_wconf 90' lang='lat' dir='ltr'><strong>in</strong></span> <span class='ocrx_word' id='word_1_802' title='bbox 1539 5836 1696 5893; x_wconf 81' lang='lat' dir='ltr'><strong>Joan.</strong></span> 
     </span>
    </p>
   </div>
   <div class='ocr_carea' id='block_1_113' title="bbox 2200 5631 3699 5703">
    <p class='ocr_par' dir='ltr' id='par_1_113' title="bbox 2200 5631 3699 5703">
     <span class='ocr_line' id='line_1_113' title="bbox 2200 5631 3699 5703; baseline 0.002 -17"><span class='ocrx_word' id='word_1_803' title='bbox 2200 5632 2316 5702; x_wconf 88' lang='lat' dir='ltr'><strong>(l0)</strong></span> <span class='ocrx_word' id='word_1_804' title='bbox 2352 5634 2648 5701; x_wconf 81' lang='grc' dir='ltr'><strong>Τιμόθεος.</strong></span> <span class='ocrx_word' id='word_1_805' title='bbox 2696 5631 2969 5703; x_wconf 70' lang='lat' dir='ltr'><strong>Timothei</strong></span> <span class='ocrx_word' id='word_1_806' title='bbox 3015 5631 3321 5688; x_wconf 81' lang='lat' dir='ltr'><strong>Citharmdi</strong></span> <span class='ocrx_word' id='word_1_807' title='bbox 3376 5632 3699 5703; x_wconf 70' lang='lat' dir='ltr'><strong>praeclarum</strong></span> 
     </span>
    </p>
   </div>
   <div class='ocr_carea' id='block_1_114' title="bbox 2139 5701 3446 5774">
    <p class='ocr_par' dir='ltr' id='par_1_114' title="bbox 2139 5701 3446 5774">
     <span class='ocr_line' id='line_1_114' title="bbox 2139 5701 3446 5774; baseline 0.002 -17"><span class='ocrx_word' id='word_1_808' title='bbox 2139 5701 2320 5774; x_wconf 80' lang='lat' dir='ltr'><strong>exstat</strong></span> <span class='ocrx_word' id='word_1_809' title='bbox 2343 5704 2742 5774; x_wconf 56' lang='lat' dir='ltr'><strong>elogiumapud</strong></span> <span class='ocrx_word' id='word_1_810' title='bbox 2775 5701 3077 5774; x_wconf 80' lang='lat' dir='ltr'><strong>Himeriutn</strong></span> <span class='ocrx_word' id='word_1_811' title='bbox 3107 5701 3446 5774; x_wconf 82' lang='lat' dir='ltr'><strong>Sophistam.</strong></span> 
     </span>
    </p>
   </div>
   <div class='ocr_carea' id='block_1_115' title="bbox 2199 5770 2995 5844">
    <p class='ocr_par' dir='ltr' id='par_1_115' title="bbox 2199 5770 2995 5844">
     <span class='ocr_line' id='line_1_115' title="bbox 2199 5770 2995 5844; baseline 0.004 -20"><span class='ocrx_word' id='word_1_812' title='bbox 2199 5773 2313 5844; x_wconf 83' lang='lat' dir='ltr'><strong>(ll)</strong></span> <span class='ocrx_word' id='word_1_813' title='bbox 2349 5771 2534 5843; x_wconf 86' lang='lat' dir='ltr'><strong>Eurip.</strong></span> <span class='ocrx_word' id='word_1_814' title='bbox 2575 5770 2775 5827; x_wconf 73' lang='lat' dir='ltr'><strong>Hecub.</strong></span> <span class='ocrx_word' id='word_1_815' title='bbox 2801 5788 2857 5831; x_wconf 75' lang='grc' dir='ltr'><strong>ν.</strong></span> <span class='ocrx_word' id='word_1_816' title='bbox 2891 5772 2995 5828; x_wconf 77' lang='grc'><strong>518</strong></span> 
     </span>
    </p>
   </div>
  </div>
