4018 6608
431 5811 442 5895 l

465 384 566 452 1'27
1702 394 1933 457 ANNE
1976 395 2357 456 COMNENtE
3604 395 3710 459 l23

465 497 954 568 generosissimus,
1011 517 1074 558 ac
1115 517 1183 556 ne
1237 503 1357 572 ipso
1389 500 1608 572 quidem
1659 502 1932 559 Basilacio
1982 507 2034 559 in

2161 509 2308 570 ιαῖος,
2335 508 2426 562 τὸν
2460 507 2627 577 θυμὸν
2660 508 2717 558 ὲν
2761 507 3022 572 πολέμεις
3048 509 3372 572 ἀκάθεκτος,
3421 511 3511 561 τὸν
3558 511 3728 562 Βασι-

465 594 630 648 laude
685 593 1030 649 fortitudinis
1093 593 1344 650 inferior.
1403 594 1535 649 lnde
1589 596 1644 649 in
1697 597 1867 651 semel
1918 613 2046 650 eon-

465 700 665 740 cussos
692 685 1183 739 vehementissimo
1215 685 1547 739 incumbens
1595 685 1828 754 impetu,
1868 700 1962 740 eos
1993 693 2046 738 ct

465 777 683 846 sagittis
729 777 944 831 eminus
991 775 1153 846 petit,
1209 785 1263 831 et
1299 778 1456 832 hasta
1503 779 1759 832 coruinus
1810 776 1952 838 fcl'il,
1993 783 2048 830 et

468 869 809 922 clamoribus
846 876 1048 934 terret,
1086 879 1141 923 et
1179 879 1338 923 nocte
1370 870 1706 931 conturbat,
1743 877 1794 921 ct
1845 870 2044 934 locum,

465 971 705 1031 tempus,
755 962 1284 1032 circumstantiaque
1318 963 1501 1016 omnia
1563 963 1616 1014 in
1667 963 1909 1014 vietor-ias
1965 963 2048 1014 in-

469 1063 784 1111 atrumenta
817 1056 998 1120 vertit,
1047 1070 1485 1127 unamquamque
1553 1071 1665 1110 rem
1724 1057 1789 1109 ad
1845 1057 1916 1119 id,
1980 1054 2046 1108 ad

468 1148 613 1215 quod
659 1157 858 1202 natura
908 1151 1074 1215 valet,
1120 1160 1248 1220 apte
1303 1149 1593 1216 adhibens,
1649 1152 1718 1202 ita
1748 1165 1933 1204 errore
1987 1163 2052 1203 ac

471 1243 842 1313 trepidatione
877 1244 1068 1299 hostes
1112 1246 1367 1314 impleas,
1404 1256 1462 1298 ut
1493 1245 1612 1312 ipse
1647 1254 1759 1298 tum
1815 1243 2051 1299 maxime

473 1337 811 1406 tranquillus
847 1339 1260 1406 imperturbata:
1293 1341 1494 1393 mentis
1544 1337 1663 1393 acie
1699 1346 1864 1407 atque
1902 1339 2050 1390 arbi-

473 1429 581 1483 trio
616 1438 812 1484 cuncta
856 1439 1133 1497 cerneret,
1167 1440 1369 1485 cuneta
1400 1431 1768 1497 discerneret,
1802 1431 2049 1483 omnium

475 1521 640 1575 simul
688 1538 918 1584 memor,
961 1530 1014 1576 ct
1065 1539 1237 1590 usque
1279 1524 1330 1576 in
1376 1523 1722 1586 singulorum
1767 1523 2048 1576 hominum

474 1628 660 1666 curam
693 1615 998 1669 attentione
1030 1617 1397 1680 redundante,
1428 1615 1725 1685 fugientem
1751 1630 2049 1684 quemque,
2090 1603 2106 1611 ’

474 1704 519 1756 si
578 1704 754 1760 hostis
801 1715 941 1771 erat,
995 1707 1311 1776 insequens,
1365 1708 1406 1760 si
1478 1725 1506 1761 e
1570 1710 1710 1774 suis,
1762 1723 2048 1771 revocans,

474 1811 744 1865 nusquam
781 1797 834 1851 in
869 1797 1198 1852 confusione
1229 1809 1376 1852 tanta
1415 1801 1583 1854 restis
1621 1801 1772 1853 illum
1812 1810 1904 1853 aut
1934 1801 2050 1856 oris

475 1897 570 1941 aut
609 1889 758 1944 vocis
788 1889 948 1958 signo
978 1889 1224 1953 fallente,
1259 1901 1316 1944 ut
1357 1907 1516 1945 suum
1546 1909 1642 1960 pro
1678 1887 1879 1956 alieno,
1912 1892 2050 1945 alie-

481 1995 607 2032 num
647 1995 744 2048 pro
772 1995 873 2036 suo
901 1980 1149 2036 duerret.
1195 1981 1366 2051 Cujus
1409 1984 1744 2039 abundantis
1783 1985 1946 2038 etiam
1981 1984 2047 2038 ad

476 2072 685 2126 minuta
746 2088 977 2143 quaeque
1033 2075 1272 2128 nctanda
1342 2076 1689 2145 regendaque
1750 2075 2052 2145 praesentia:

475 2163 986 2236 ronsilii,equidem
1013 2179 1068 2220 et
1094 2167 1195 2221 hoc
1219 2167 1612 2221 documentum
1640 2167 1728 2221 hic.
1758 2182 2051 2236 apponam.

477 2256 647 2310 (inles
683 2267 801 2310 erat
846 2258 1069 2327 quidam
1107 2257 1398 2328 Cappadox
1447 2260 1582 2312 fidus
1625 2260 1796 2325 pullis
1831 2260 1934 2314 mei
1967 2259 2052 2314 fa-

483 2349 690 2409 mulus.
722 2365 883 2404 manu
921 2364 1234 2422 promptus,
1270 2354 1641 2422 proiectisque
1695 2354 1746 2406 in
1787 2353 2052 2421 periculis

483 2439 696 2495 bellicis
736 2442 1008 2498 audacizc.
1055 2443 1106 2498 Is
1135 2446 1491 2514 conspicatus
1527 2444 1880 2510 Basilacium,
1935 2447 2052 2516 pla-

478 2545 654 2598 neugue
680 2547 1003 2601 agnoscens,
1029 2535 1206 2590 valido
1230 2553 1391 2606 supra
1428 2538 1634 2606 galeam
1671 2539 1780 2593 ictu
1816 2538 2050 2608 impr-tit.

479 2626 549 2676 At
581 2625 682 2688 illi,
719 2627 864 2695 quod
899 2627 1145 2682 Menelao
1170 2645 1392 2698 quoque
1426 2634 1478 2684 in
1509 2629 1760 2686 Paridem
1788 2631 2052 2702 pugnanti

483 2731 585 2770 usu
617 2719 789 2784 venit,
834 2719 886 2773 in
921 2730 1072 2775 terna
1107 2733 1488 2792 quatcrnaque
1533 2725 1804 2794 fragmina
1851 2725 2054 2780 dissilit

480 2812 655 2877 rnsis,
686 2813 880 2882 capulo
911 2816 1032 2868 solo
1077 2817 1261 2870 manui
1293 2817 1553 2871 hatrente.
1601 2819 1735 2872 Eum
1780 2817 1871 2872 tali
1903 2827 2052 2873 statu

478 2918 601 2958 cum
631 2904 859 2960 vidisset
888 2907 1116 2961 Alexius
1147 2907 1290 2962 haud
1328 2908 1520 2962 leviter
1555 2909 1854 2977 increpuit,
1892 2908 2055 2977 igna-

478 2997 688 3066 vimque
738 2999 1044 3060 damnavit,
1106 3001 1263 3068 quasi
1311 3001 1622 3071 extorqueri
1665 3001 1766 3055 sibi
1817 3001 2053 3070 gladium

481 3089 756 3144 sivisset:
796 3093 944 3161 quod
1000 3093 1088 3146 ille
1146 3096 1423 3163 purgavit,
1478 3095 1826 3164 placavitque
1875 3093 2056 3147 domi-

483 3196 637 3242 num,
688 3184 909 3252 capulo,
964 3201 1126 3254 quem
1179 3186 1358 3241 adhuc
1407 3189 1648 3249 tenebat,
1692 3185 2126 3280 ostendendo.C

482 3271 705 3327 Interim
762 3275 904 3329 alius
951 3277 1170 3345 quidam
1242 3277 1499 3345 Macedo,
1559 3278 1756 3334 Petrus
1813 3278 2055 3342 nomine,

481 3365 818 3432 cognomine
859 3365 1178 3435 Tornicius,
1213 3369 1422 3426 medios
1449 3371 1500 3423 in
1534 3370 1722 3423 hostes
1759 3383 1883 3424 cum
1914 3369 2060 3421 inci-

481 3454 676 3522 disset,
732 3460 933 3515 multos
986 3462 1160 3516 exiis
1216 3463 1553 3517 occidebat:
1611 3462 1850 3531 phalanx
1914 3462 2060 3515 cuitu

487 3549 734 3617 ipsorum
759 3553 1096 3621 sequebatur
1122 3555 1310 3624 ignara
1342 3556 1503 3610 modo
1527 3567 1830 3626 gestorum,
1861 3557 2064 3621 qttime

489 3649 651 3694 nocte
700 3641 977 3698 adimente
1019 3657 1375 3714 conspectum
1431 3662 1637 3700 rerum.
1677 3646 1734 3699 ln
1774 3661 1898 3699 eum
1950 3647 2068 3714 g’o-

486 3727 611 3780 bum
669 3731 908 3786 nondum
970 3734 1298 3804 dissipatum
1347 3746 1493 3789 recta
1541 3734 1856 3790 Comnenus
1908 3733 2068 3789 irruit

2147 597 2336 651 λάκιον
2393 599 2728 668 θεασάμενος
2785 600 2881 652 καὶ
2939 601 3186 671 ἀκριϐῶς
3244 599 3503 668 ἐγνωκὼς
3567 604 3722 656 παίει

2147 690 2291 741 κατὰ
2320 689 2418 757 τῆς
2464 690 2712 760 κόρυθος.
2756 690 2917 744 Ἀλλὰ
2947 691 3004 742 τὸ
3052 690 3143 743 τοῦ
3178 691 3432 744 Μενέλεω
3466 693 3602 761 πρὸς
3631 693 3727 744 τὸν

2161 782 2506 852 Ἀλέξανδρον
2541 783 2800 838 πέπονθε.
2835 784 2905 835 Τὸ
2932 783 3036 854 γὰρ
3058 785 3206 850 ξίφος
3233 784 3397 838 etho-5
3430 785 3628 854 τριχθά
3659 801 3722 836 τε

2149 876 2244 928 καὶ
2277 875 2552 945 τετραχθὰ
2581 876 2893 947 διατριφϐὲν
2923 877 3145 942 ἐξέπεσε
3176 877 3269 944 τῆς
3295 876 3476 945 χειρὸς
3501 876 3600 945 τῆς
3632 876 3727 928 λα·

2151 970 2252 1032 ϐῆς
2306 969 2764 1037 καταλειφθείσης
2794 971 2852 1022 ὲν
2883 973 2947 1040 τῇ
3001 970 3166 1040 χειρί.
3201 972 3295 1022 “Ov
3340 972 3367 1021 ὀ
3415 969 3732 1037 στρατηγὸς

2151 1063 2513 1133 Θεασάμενος,
2549 1063 2715 1126 εὐθὺς
2743 1063 3119 1133 διελοιδορεῖτο
3153 1065 3235 1117 ὅτι
3272 1063 3345 1134 μὴ
3378 1066 3644 1134 κατάσχοι
3669 1065 3730 1118 τὸ

2151 1153 2324 1221 ξίφος,
2357 1155 2448 1206 καὶ
2479 1154 2740 1224 ἄνανδρον
2783 1152 3047 1206 ἀπεκάλει
3077 1151 3286 1205 τοῦτον.
3333 1151 3471 1203 Ἀλλ’
3500 1155 3525 1204 ὁ
3557 1169 3728 1219 στρα-

2151 1243 2352 1313 τιώτης
2407 1248 2504 1312 τὴν
2555 1245 3013 1312 καταλειφθεῖσαν
3060 1242 3155 1295 τοῦ
3199 1243 3388 1311 ξίφους
3419 1242 3589 1312 λαϐὴν
3619 1259 3728 1293 πα-

2155 1337 2439 1406 ραδεικνὺς
2477 1337 2784 1407 πραότερον
2820 1337 2994 1390 ἐποίει
3027 1336 3119 1389 τὸν
3169 1339 3344 1406 μέγαν
3375 1337 3728 1403 δομέστικον.

2155 1429 2261 1482 Καί
2290 1447 2374 1492 τις
2405 1413 2629 1492 δ’ά).λος
2661 1428 2947 1493 Μακεδὼν,
2979 1430 3186 1499 Πέτρος
3222 1428 3320 1498 τὴν
3358 1429 3570 1498 κλῆσιν,
3589 1429 3731 1498 Τορ⁹

2155 1523 2325 1584 vitato;
2370 1522 2481 1592 (43)
2537 1523 2636 1590 τὴν
2685 1520 3022 1591 ἐπωνυμίαν,
3067 1521 3233 1591 μέσον
3292 1520 3400 1574 τῶν
3453 1519 3731 1588 πολεμίων

2154 1612 2434 1682 ἐμπεσὼν,
2476 1614 2707 1675 πολλοὺς
2749 1613 2956 1667 τούτων
3003 1613 3214 1685 ἀνῄρει.
3260 1613 3324 1666 Ἠ
3361 1613 3469 1682 γὰρ
3511 1612 3736 1680 φάλαγξ

2153 1710 2337 1761 εἵπετο
2387 1705 2658 1774 ἀγνοοῦσα
2708 1705 2777 1760 τὰ
2819 1705 3105 1775 δρώμεναο
3153 1707 3210 1758 ἐν
3245 1707 3428 1759 σκότει
3483 1706 3593 1774 γὰρ
3629 1706 3732 1772 τῆς

2158 1802 2335 1871 μάχης
2371 1798 2798 1871 καθισταμένης,
2834 1799 2930 1868 οὐχ
2961 1792 3062 1851 οἷοί
3112 1814 3170 1850 τε
3204 1793 3344 1867 ἦσαν
3392 1799 3632 1859 ἅπαντες
3661 1799 3730 1850 τα

2159 1892 2420 1962 γινόμενα
2470 1892 2622 1962 όρᾷν.
2665 1890 2724 1944 '0
2756 1891 2812 1943 δὲ
2861 1891 3146 1959 Κομνηνὺς
3177 1890 3271 1944 ἐπὶ
3309 1889 3367 1941 τὸ
3413 1890 3580 1960 μήπω
3611 1889 3734 1942 δια-

2156 1985 2397 2040 σπασθὲν
2422 1985 2520 2052 τῆς
2566 1983 2846 2051 φάλαγγος
2895 1983 3006 2035 ἵετο
3052 1982 3229 2035 παίων
3273 1985 3397 2046 τοῦς
3445 1981 3727 2035 ἁντικαῦιο

2155 2078 2479 2144 σταμένους,
2504 2077 2597 2129 καὶ
2619 2074 3081 2144 ἀνθυποστρὲφων
3101 2069 3256 2136 αὖθις
3281 2077 3361 2136 εἰς
3386 2073 3512 2135 τοὺς
3540 2073 3732 2135 ἰδίους,

2155 2169 2402 2222 σπεύδων
2433 2169 2530 2222 καλ⁹
2564 2169 2624 2221 τὸ
2675 2168 2758 2221 ἔτι
2801 2167 3191 2236 συνιστάμενον
3224 2167 3320 2236 τῆς
3368 2165 3464 2218 τοῦ
3495 2165 3731 2217 Βατιλα·

2155 2263 2272 2316 κίου
2309 2262 2626 2332 παραλῦσαι
2679 2262 2980 2331 φάλαγγος,
3013 2263 3106 2314 καὶ
3148 2259 3598 2329 διαπεμπόμενος
3649 2259 3735 2320 εἰς

2151 2356 2278 2416 τοὺς
2338 2353 2561 2407 ὄπισθεν
2623 2354 2718 2406 καὶ
2785 2353 3308 2422 παρακελευόμενος
3372 2352 3447 2420 μὴ
3514 2350 3736 2418 μέλλειν

2153 2445 2383 2499 ἕπεσθαί
2415 2447 2463 2498 οἱ
2501 2444 2593 2498 καὶ
2641 2443 3087 2514 καταλαμϐάνειν
3126 2443 3445 2514 ταχύτερον.
3499 2445 3588 2495 Ἕν
3640 2460 3734 2495 το·

2157 2538 2334 2607 σούτῳ
2359 2537 2416 2589 δὲ
2446 2537 2584 2607 ἁνήρ
2614 2552 2698 2599 τις
2731 2534 2937 2598 Κελτὸς
2967 2535 3074 2588 τῶν
3098 2537 3241 2606 ἀμφὶ
3271 2536 3360 2588 τὸν
3384 2536 3732 2604 δομέστικον,

2156 2630 2222 2682 ἵν’
2260 2633 2316 2684 ὲν
2346 2628 2538 2700 βραχεῖ
2576 2627 2642 2681 τὰ
2671 2629 2850 2682 πάντα
2879 2627 3248 2698 διηγήσωμαι,
3288 2629 3530 2694 γενναῖος
3564 2645 3744 2696 στρα-⁵

2155 2723 2356 2794 τιώτης
2387 2722 2482 2775 καὶ
2519 2723 2715 2792 ’Ἄρεος
2755 2721 2875 2783 ὅλος
2920 2719 3170 2790 ἔμπλεως
3202 2720 3292 2772 τον
3347 2719 3479 2790 ὲμὸν
3516 2718 3735 2789 πατέρα

2159 2813 2282 2867 ἰδὼν
2320 2812 2548 2881 μεσόθεν
2576 2812 2686 2866 τῶν
2723 2812 3002 2880 πολεμίων
3039 2812 3164 2882 ἄρτι
3205 2811 3417 2876 ἐξιόντα
3456 2810 3738 2879 ἐσπασμέ-

2157 2924 2247 2959 νον
2292 2905 2352 2958 τὺ
2388 2905 2540 2975 ξίφος
2576 2905 2779 2975 θερμὸν
2831 2905 2940 2958 ἀπὸ
2973 2905 3064 2958 τοῦ
3119 2904 3353 2974 αἵματος
3407 2904 3740 2972 ἁναπὲμπον

2158 2998 2351 3067 ἀτμὸν,
2384 2997 2478 3050 καὶ
2507 2997 2614 3049 τῶν
2651 2997 2925 3066 πολεμίων
2942 2996 3173 3066 νομίσας
3197 2995 3316 3063 ἕνα,
3359 2996 3552 3065 ἀθρόον
3584 2995 3739 3066 αὐτῷ

2157 3088 2418 3156 ἐμπεσὼν
2450 3091 2602 3141 παίει
2631 3088 2704 3156 τῷ
2732 3088 2920 3156 δόρατι
2959 3089 3088 3158 περὶ
3119 3089 3177 3140 τὸ
3208 3087 3450 3158 στέρνον.
3480 3087 3571 3140 καὶ
3591 3087 3737 3156 τάχα

2159 3179 2224 3234 ἂν
2255 3181 2472 3250 ἔξεδρον
2500 3181 2590 3233 τὸν
2637 3179 2945 3251 στρατηγὸν
2987 3184 3330 3251 ἐπεποιήκει,
3362 3181 3411 3232 εί
3451 3179 3526 3252 μὴ
3575 3179 3742 3241 αὐτὸς

2160 3273 2276 3343 ἅμα
2303 3290 2360 3325 τε
2404 3273 2540 3343 πρὸς
2568 3273 2626 3326 τὸ
2661 3275 3002 3344 ὲδραιότερον
3033 3272 3223 3326 ἑαυτὸν
3246 3271 3610 3343 ὲφηδράςατο,
3641 3270 3744 3322 καὶ

2157 3365 2419 3434 ὀνομαστὶ
2449 3363 2637 3416 τοῦτον
2664 3364 2942 3428 ἐκάλεσεν,
2974 3365 3275 3433 ἀποκόψειν
3300 3363 3742 3432 άπειλησάμενος

2159 3457 2248 3510 διὰ
2296 3456 2390 3510 τοῦ
2445 3456 2629 3524 ξίφους
2690 3459 3038 3526 παραχρῆμα
3091 3456 3187 3527 τὴν
3235 3454 3498 3524 κεφαλήν.
3566 3454 3624 3507 Ὀ
3682 3454 3746 3507 δὲ

2161 3547 2346 3618 ἐπειδὴ
2402 3565 2518 3612 πως
2565 3546 2655 3600 τὸν
2708 3548 3009 3616 ἀγνοοῦντα
3063 3547 3439 3617 προῦεάλλετο
3497 3547 3588 3599 καὶ
3642 3545 3746 3615 τὴν

2163 3639 2334 3693 νύκτα
2369 3640 2468 3692 καὶ
2517 3639 2578 3693 τὸ
2616 3639 2987 3709 συγκεχῦσθαι
3042 3642 3170 3710 περὶ
3220 3640 3315 3710 τὴν
3371 3641 3550 3709 μάχην
3601 3639 3746 3707 μετὰ

2164 3733 2274 3785 τῶν
2316 3733 2536 3796 ζώντων
2563 3732 2861 3802 ὴρίΟμητο.

483 3821 763 3880 Obslantcs
801 3828 1049 3890 cae-lens;
1082 3842 1318 3896 moxque
1358 3828 1423 3880 ad
1469 3841 1601 3883 suos
1649 3841 1958 3897 regressus,
1990 3833 2050 3880 ut
2091 3823 2146 3878 in
2216 3824 2591 3893 21idipsum
2639 3839 2823 3888 secum
2877 3825 3285 3891 incumberent,
3337 3825 3535 3896 agebat
3622 3835 3743 3880 tum

485 3929 616 3968 voce
644 3929 709 3970 ac
737 3933 899 3973 manu
925 3935 1018 3987 per
1053 3920 1292 3988 seipsum
1319 3923 1385 3975 ad
1416 3937 1510 3976 eos
1536 3921 1628 3992 qui
1659 3922 1910 3985 aderant,
1940 3928 2050 3973 tum
2099 3918 2287 3972 missis
2347 3916 2558 3971 nuntiis
2599 3915 2666 3969 ad
2724 3926 2870 3970 retro
2913 3918 3206 3978 distantes,
3283 3933 3477 3972 omnes
3551 3919 3756 3974 adnto-

485 4023 643 4071 nens,
677 4017 735 4063 ut
785 4027 844 4066 se
912 4022 1162 4068 ruentem
1210 4013 1266 4068 in
1312 4015 1636 4083 phalangem
1684 4013 1926 4068 hostium
1978 4013 2098 4067 sine
2135 4014 2490 4068 cumtatione
2520 4024 2907 4083 sequerentur.
2951 4012 3064 4067 llac
3101 4014 3218 4068 vice
3251 4029 3454 4077 rerum,
3488 4023 3548 4068 ut
3619 4015 3750 4072 bre-

485 4102 620 4156 riter
653 4116 848 4161 cuncta
888 4107 1279 4177 perstringam,
1343 4088 1537 4162 Gallus
1603 4109 1827 4178 quidam
1903 4125 1967 4162 cx
2022 4110 2291 4166 militibus
2345 4113 2525 4179 magni
2578 4111 2894 4171 dnrriestici,
2983 4110 3067 4163 vir
3110 4109 3274 4178 plane
3327 4125 3629 4180 generosus
3681 4127 3751 4168 ac

483 4207 713 4251 martem
756 4199 990 4269 spirans,
1026 4209 1236 4271 patrem
1289 4217 1466 4256 meum
1510 4218 1744 4258 cernens
1789 4219 1818 4258 e
1862 4201 2042 4257 medio
2082 4203 2324 4258 hostium
2358 4219 2447 4268 eo,
2479 4204 2624 4272 quod
2653 4205 2786 4268 dixi,
2821 4203 3053 4258 consilio
3115 4203 3182 4256 ad
3232 4219 3362 4258 suos
3427 4205 3754 4276 regredien-

481 4303 619 4358 tem,
657 4296 853 4350 stricto
877 4296 1082 4368 gladio,
1126 4310 1302 4366 eoque
1348 4311 1579 4354 cruento
1624 4314 1690 4354 ac
1740 4298 1989 4353 fumante
2021 4313 2050 4350 a
2094 4299 2300 4352 recenti
2329 4297 2499 4361 caede,
2530 4297 2690 4353 facile
2724 4299 2976 4367 epinatus
3001 4310 3126 4351 esse
3196 4293 3374 4363 ipsum
3433 4311 3499 4351 ex
3569 4299 3753 4356 hosti-

484 4387 588 4444 bus
621 4393 956 4462 quempiam,
987 4414 1182 4469 magno
1215 4399 1268 4453 in
1300 4413 1422 4452 eum
1459 4410 1628 4450 ruens
1659 4394 1864 4464 impetu
1905 4393 2064 4448 hasta
2107 4393 2236 4447 ferit
2265 4394 2410 4448 circa
2448 4402 2664 4462 pectus.
2754 4395 2876 4457 Quo
2923 4391 3035 4446 ictu
3092 4409 3285 4464 parum
3338 4393 3538 4459 abfuit,
3591 4393 3736 4464 quin

484 4479 734 4538 Alexium
767 4502 832 4540 ex
864 4488 1140 4559 ephippiis
1171 4496 1458 4544 excuteret
1511 4488 1616 4542 nisi
1657 4501 1716 4541 se
1792 4486 1880 4538 ille
1935 4485 2093 4540 sedili
2172 4486 2336 4541 simul
2381 4486 2705 4548 obfirmans,
2753 4485 2920 4540 simul
2969 4486 3362 4556 compellatum
3418 4485 3750 4542 nominatim

485 4575 789 4646 hominem,
826 4596 884 4637 se
914 4582 990 4636 illi
1024 4593 1186 4651 caput
1227 4582 1606 4637 abscissurum
1660 4577 1922 4632 minitans
1962 4577 2305 4632 cohibuisset
2379 4578 2554 4631 multa
2606 4584 2996 4640 excusantem,
3046 4584 3101 4632 et
3161 4590 3325 4633 nocte
3393 4593 3457 4634 ac
3527 4591 3753 4650 pertur-

488 4674 726 4740 batione,
760 4691 882 4747 qua:
916 4688 1049 4734 tunc
1101 4686 1220 4734 erat
1266 4679 1330 4732 ad
1384 4675 1788 4746 impetrandam
1839 4673 2048 4728 erroris
2089 4672 2175 4727 sui
2211 4672 2422 4727 veniam
2453 4672 2821 4736 obtendenda,
2856 4671 3239 4729 luerifaciente
3310 4689 3524 4740 pmnam
3588 4690 3751 4746 pra!-

486 4772 659 4822 sentis
689 4772 858 4826 necis.

559 4870 685 4923 Haec
716 4869 826 4927 fere
856 4885 954 4941 per
995 4877 1206 4926 noctem
1250 4870 1396 4925 illam
1443 4881 1674 4938 magnus
1721 4867 2056 4921 domesticus

2233 4863 2316 4914 Τὰ
2369 4858 2468 4930 μὲν
2517 4858 2710 4920 νυκτὸς
2737 4859 2873 4927 ἔργα
2898 4861 2992 4912 τοῦ
3045 4857 3369 4928 δομεστίκου
3401 4858 3508 4911 τῶν
3541 4861 3755 4928 σχολῶν

485 4976 613 5031 eum
650 4962 767 5018 suis
797 4964 986 5033 gessit.
1023 4963 1116 5018 llie
1169 4979 1298 5018 vero
1331 4961 1585 5032 ‘primum
1641 4960 1923 5014 exoriente
1948 4997 1962 5021 ,
2012 4966 2066 5010 et

492 5055 839 5112 horizontem
873 5057 990 5114 sole
1024 5070 1381 5128 supergresso
1411 5053 1616 5109 tribuni
1661 5067 1722 5106 ac
1749 5052 1914 5105 (luces
1964 5050 2066 5102 Ba-

2173 4955 2271 5008 σὺν
2306 4953 2514 5020 ὀλίγοις
2549 4952 2776 5004 τοιαῦτα
2815 4967 2828 4982 °
2863 4952 3083 5021 ἡμέρας
3139 4952 3193 5004 δὲ
3229 4952 3356 5021 ἄρτι
3408 4951 3758 5024 διαγελὼσης

2181 5046 2294 5116 (44)
2325 5044 2415 5097 καὶ
2445 5041 2539 5096 τοῦ
2581 5043 2732 5113 ἡλίου
2767 5043 2860 5096 τοῦ
2911 5044 3188 5114 ὁρίζοντος
3225 5043 3664 5114 ὑπερκύψαντος,
3698 5047 3755 5099 οἱ

1573 5179 1711 5238 Car.
1748 5173 2084 5236 Dufresnii
2126 5175 2220 5234 Du
2256 5168 2478 5246 Cangii
2518 5174 2707 5229 notas.

565 5279 675 5348 (t3)
715 5279 934 5349 Πέτρος
967 5280 1295 5347 Τορνίκιος.
1345 5276 1602 5347 Ejusdem
1645 5275 1824 5349 gentis
1872 5273 1976 5328 fuit
2006 5284 2063 5349 et

496 5344 724 5419 originis
755 5344 876 5404 cuin
901 5344 1184 5413 Tornicin,
1221 5350 1310 5417 qui
1345 5344 1507 5403 Italia!
1541 5347 1913 5419 praefecturam
1968 5344 2066 5397 ob-

503 5417 668 5475 tinuit
700 5421 896 5475 llasilio
921 5430 973 5474 et
1005 5422 1365 5474 Coirstantinn
1394 5417 1825 5485 imperantibus;
1857 5417 1923 5468 de
1955 5429 2064 5481 quo

495 5490 612 5544 hth
660 5492 983 5546 Guillehnus
1008 5491 1341 5557 Apuliensis,
1365 5488 1488 5542 Iib.t
1519 5488 1704 5540 Rerum
1733 5485 2068 5538 Normann.:

645 5561 882 5614 Turnicii
913 5563 1123 5615 tandem
1154 5577 1332 5614 rumor
1354 5559 1582 5626 pervenit
1617 5561 1684 5610 ad
1721 5570 1908 5626 aures,

641 5631 746 5696 Qui
775 5632 1018 5699 Catapan
1067 5642 1238 5693 fuerat
1274 5624 1576 5683 Grtvcorum
1610 5629 1796 5679 missus
1833 5625 1896 5699 al)
1925 5624 2070 5685 urbe,

641 5695 740 5754 Cui
769 5695 1148 5756 Constantinus
1179 5717 1361 5752 nomen
1393 5702 1532 5752 dedit
1571 5699 1742 5752 editor
1766 5695 1936 5756 artis,

644 5771 709 5824 Et
749 5770 1131 5826 Constantinus
1167 5773 1465 5840 pariterque
1498 5770 1730 5823 Basilius
1775 5766 1856 5820 illi

651 5844 790 5896 'l'unc
808 5843 1236 5902 dominabantur,
1793 5843 1804 5857 ⁸

2237 5265 3028 5350 Theophylactps_Simo§catta,
3051 5263 3212 5346 epist.
3368 5277 3381 5314 :
3409 5259 3544 5314 Οὔτε
3571 5277 3759 5330 φρεω-

2170 5343 2321 5415 ρύχοι
2344 5332 2412 5392 τά
2430 5332 2525 5407 τῆς
2568 5338 2670 5405 γῆς
2688 5333 3128 5459 ὲὲεσοδιφοῦντες
3154 5332 3460 5413 ἀπόρρητα.

2241 5411 2354 5481 (Η)
2396 5409 2641 5481 ᾘμέρας
2749 5403 3104 5481 rarissimam-5‘:
3162 5401 3460 5481 ldoqit-t'nilr
3513 5399 3754 5481 forti-mla

2183 5471 2499 5550 Ἐρωτικῶν
2526 5471 2890 5546 scriptoribus
2929 5473 3238 5550 familiaris,
3277 5471 3553 5550 llelioilor:
3589 5472 3750 5550 libi;

2173 5540 2426 5606 Eitstath.
2459 5549 2532 5602 De
2577 5540 2770 5600 Isinen.
2802 5543 3028 5597 amorib.
3059 5559 3108 5606 v,
3137 5553 3188 5595 et
3220 5559 3315 5595 vrtt
3343 5559 3354 5600 :
3409 5541 3651 5609 Elogiunt
3689 5540 3753 5595 S.

2175 5619 2616 5674 Panteleemonis
2643 5657 2659 5681 ,
2701 5616 2800 5685 ἤδη
2833 5613 3336 5685 γελώσης-ἡμέρας
3366 5612 3754 5685 ’χρ-υσοχρόου.

2182 5691 2423 5746 Utuntur
2448 5677 2702 5756 prteterea
2724 5677 3044 5756 Procopius,
3065 5677 3205 5756 lihfr
3238 5677 3313 5756 De
3337 5677 3511 5746 /Edi[.
3538 5677 3750 5756 Iastia:

2181 5762 2400 5815 Nicetas
2433 5753 2485 5811 in
2517 5757 2751 5814 lsaacin,
2787 5755 2857 5808 lib
2923 5769 2978 5812 ιι,
3014 5761 3065 5803 ιιι
3100 5755 3212 5820 ipsa
3265 5753 3420 5804 Anna
3447 5791 3459 5812 ,
3495 5767 3615 5820 pag.
3645 5753 3761 5806 932

2181 5841 2234 5888 ct
2262 5831 2386 5887 594.
2422 5828 2557 5883 Vide
2585 5826 2894 5881 Βυιιιηίειυι.
2936 5824 3000 5877 ad
3031 5820 3403 5876 Heliodorum.
