4018 6572
562 391 666 454 159
1401 435 1412 448 ο
1853 404 2083 466 ΛΝΝᾸΕ
2115 411 2126 464 t

2233 409 2496 470 thENAZ
3708 413 3816 476 160

556 508 897 564 secuti-mem
951 521 1003 564 et
1058 509 1538 580 consumptionem
1599 513 1874 585 integram
1937 517 2283 587 fugientium,
2341 521 2612 576 continuit
2660 533 2841 578 tamen
2897 534 2954 580 et
2983 526 3193 582 reﬂexit
3219 526 3478 598 impetum
3568 543 3820 582 suorum.

558 614 701 668 quos
735 602 881 653 brevi
927 601 1128 654 laboris
1159 603 1638 671 iuterspiramento
1671 617 1948 662 recreatos
1975 617 2124 662 recta
2165 610 2322 664 duxit
2352 623 2726 684 oppugnatum
2762 614 3010 671 Romam.
3061 617 3136 672 Eo
3200 620 3443 688 periculo
3537 634 3673 689 papa
3710 629 3824 673 trr-

534 694 704 747 -ritus
739 694 886 745 misit
919 694 982 745 ad
1015 693 1314 747 Rohertum
1347 697 1438 760 qui
1481 713 1542 748 ex
1583 698 1784 753 ﬁndere
1825 702 2031 755 auxilia
2067 716 2389 769 poscerent;
2453 721 2714 762 venerant
2746 709 2811 762 ad
2845 711 3094 764 eumdem
3155 711 3374 765 Henrici
3410 713 3568 781 legali
3612 722 3666 766 et
3709 715 3816 782 ipsi

555 779 700 844 regis
741 781 822 832 sui
858 783 1080 835 nomine
1113 798 1140 834 a
1194 784 1332 835 dure
1364 788 1662 842 auxiliares
1709 792 1898 858 copias
1931 791 1993 843 ad
2027 789 2209 844 Romae
2252 797 2452 848 veteris
2492 801 2958 868 Oppugnationem
3003 810 3274 870 petentes.
3313 804 3582 858 Cmterum
3649 813 3813 859 utros

555 888 661 936 que
695 869 1044 928 Nor-manuus
1098 875 1358 945 irridens,
1404 879 1514 948 regi
1557 882 1774 948 quidem
1819 883 1927 934 alio
1976 887 2134 934 mmlo
2175 897 2239 936 ac
2263 885 2382 939 sine
2411 889 2607 944 litteris
2645 892 2955 960 respondit,
3000 908 3153 961 papa:
3227 909 3355 948 vero
3409 896 3549 950 hanc
3580 897 3819 966 scripsit

550 962 865 1028 epistolam.

550 1069 770 1192 Sugmo
801 1075 1037 1141 pontiﬁci
1083 1087 1132 1129 et
1181 1078 1395 1132 domino
1442 1097 1553 1134 meo
1605 1081 1860 1137 Robertus
1922 1085 2032 1136 dux
2072 1084 2126 1137 in

682 1161 759 1195 eo.

2237 1088 2320 1154 Τῷ
2371 1089 2612 1158 μεγάλῳ
2651 1092 2916 1160 ἀρχιερεῖ
2953 1092 3050 1145 καί
3090 1095 3274 1159 κυρίῳ
3295 1111 3414 1163 μου
3453 1093 3821 1160 Ῥομπέρτος

2821 1161 2967 1226 ὃοὺξ
2993 1163 3061 1216 ἐν
3089 1163 3228 1226 Θεῷ.

682 1161 759 1195 ρο.

2821 1161 2967 1226 ὃοὺξ
2993 1163 3061 1216 ἐν
3089 1163 3228 1226 Θεῷ.

622 1251 986 1306 Iacui-sionem
1016 1256 1069 1308 in
1112 1267 1160 1309 te
1188 1258 1415 1310 hostium
1440 1260 1559 1327 ﬁeri
1596 1264 1815 1316 audiens
1845 1265 1935 1314 diu
1966 1265 2126 1332 [unite

550 1344 704 1407 ﬁdem
743 1346 923 1403 aborti.
961 1349 1116 1414 plane
1161 1365 1440 1413 persuasus
1479 1357 1733 1407 nemiuem
1785 1373 2038 1409 ausurum
2071 1360 2124 1412 in

551 1448 599 1487 te
635 1439 922 1503 insurgere.
960 1439 1089 1504 Quis
1130 1443 1264 1494 enin
1299 1445 1403 1495 nisi
1438 1443 1614 1507 furore
1654 1464 1831 1501 amens
1883 1466 2033 1501 arma
2069 1453 2122 1503 in

553 1527 770 1581 Putrem
811 1543 858 1583 et
894 1531 1047 1584 talem
1079 1549 1140 1585 ac
1174 1545 1375 1587 tantum
1413 1536 1620 1590 Patren
1653 1541 1804 1590 tollat
1839 1543 1862 1594 ?
1892 1539 1978 1593 Me
2008 1558 2123 1594 vero

552 1625 697 1675 scias
741 1625 808 1675 ad
850 1627 1046 1678 bellant
1101 1630 1472 1695 gravissimum
1525 1635 1744 1696 armari,
1799 1651 1914 1685 cum
1973 1646 2124 1704 gente

547 1715 823 1780 gerendum
863 1715 1302 1772 bellicosissima:
1342 1737 1458 1772 cum
1509 1721 1766 1776 Romanis
1805 1742 2005 1793 nempe,
2034 1729 2124 1794 qui

546 1814 720 1856 terras
754 1805 860 1875 34
907 1825 968 1858 ac
1002 1811 1176 1860 maria
1232 1813 1408 1863 omnia
1461 1816 1573 1866 suis
1624 1819 1832 1883 tropteis
1875 1819 2121 1884 impleve-

549 1905 692 1945 runt.
731 1896 813 1947 Ad
844 1907 891 1949 te
921 1899 1060 1957 quod
1093 1901 1304 1963 attinet,
1341 1904 1500 1972 fidem
1541 1906 1636 1957 tibi
1676 1922 1740 1959 ex
1768 1909 1952 1960 intimo
2003 1911 2121 1962 ani-

545 1999 629 2035 mo
682 2001 759 2037 me
803 1988 989 2041 debere
1037 1992 1312 2057 proﬁteor,
1367 2011 1521 2060 quam
1577 2007 1626 2049 et
1690 1999 1955 2064 praestabo
2007 2018 2122 2053 cum

548 2086 747 2135 tentpns
804 2077 998 2134 aderit.
1061 2081 1172 2134 Hac
1210 2083 1298 2136 ille
1350 2087 1544 2152 partim
1603 2089 1856 2156 epistola,
1927 2094 2122 2159 partim

548 2165 653 2217 ala
688 2166 939 2221 elusione
975 2169 1288 2228 ludificatus
1321 2179 1876 2243 utrumqnedemisit.

546 2259 863 2326 συμμαχίαν
916 2262 1222 2316 καλούντων
1278 2269 1403 2329 τοὺς

547 2353 917 2420 κρουσάμενος
945 2359 1047 2408 ἀπε
1057 2359 1120 2409 πέ
1130 2359 1328 2428 μψατο.

620 2445 724 2497 Sed
783 2463 849 2500 ne
901 2449 1222 2504 omittamus
1275 2469 1396 2519 qua:
1432 2455 1484 2507 in
1552 2456 1926 2523 Longobardia
2000 2460 2126 2515 fecit
2159 2468 2202 2526 Β

547 2546 839 2605 antequam
891 2555 952 2592 ex
1009 2559 1068 2594 ea
1099 2559 1221 2595 cum
1271 2550 1512 2600 exrrcitu
1568 2564 1812 2604 moveret
1840 2553 1891 2606 in
1949 2555 2124 2608 Aulo—

549 2641 708 2693 nem;
745 2629 828 2680 vir
857 2631 1002 2682 enim
1059 2643 1256 2688 caetera
1311 2639 1432 2691 vita:
1486 2641 1788 2696 acerbitate
1819 2660 1884 2698 ac
1940 2657 2128 2716 tyran-

547 2721 690 2774 nieis
740 2721 989 2790 imperiis
1045 2726 1454 2795 intolerandus,
1499 2743 1630 2788 tunc
1673 2736 1833 2788 etiam
1896 2737 2126 2794 Herodis

545 2811 948 2866 immanitatem
1005 2819 1281 2874 saevientis
1337 2823 1390 2874 in
1451 2840 1652 2891 pueros
1711 2829 2017 2890 :emulatns,
2060 2831 2123 2883 ad

543 2907 818 2960 delectqu
855 2912 1008 2978 prius
1045 2913 1291 2968 habitum
1345 2934 1483 2972 nova
1525 2924 1962 2977 succenturiavit
1999 2942 2128 2995 snp-

544 2998 818 3063 plemeuta
859 3001 1125 3057 tirronnm
1171 3008 1408 3072 rndinm,
1447 3011 1575 3063 nulli
1620 3012 1778 3080 plane
1807 3015 1859 3066 in
1898 3014 1962 3067 iis
1994 3029 2128 3068 con-

544 3089 799 3145 ticiendis
849 3096 992 3148 :etati
1052 3113 1292 3164 parcens
1338 3104 1634 3169 quominus
1671 3113 1724 3158 et
1766 3105 2028 3160 emeritos
2061 3122 2126 3160 ex

547 3195 708 3246 aequo
743 3190 796 3234 et
836 3185 1074 3237 nomium
1111 3201 1356 3244 maturos
1405 3190 1456 3242 in
1495 3193 1742 3245 militiam
1792 3195 2031 3249 traheret
2063 3212 2126 3248 ex

543 3284 742 3324 cuneta
776 3270 1155 3341 Longobardia
1195 3279 1519 3349 Apuliaque.
1553 3281 1620 3336 Et
1658 3293 1774 3336 erat
1813 3287 2127 3342 miserabile

542 3366 914 3428 spectaculum
963 3367 1146 3422 videre
1187 3373 1446 3438 puerulos
1472 3373 1720 3428 imbelles
1767 3386 1819 3429 et
1847 3379 2128 3432 seniculos

542 3453 757 3514 cﬂ'etos.
811 3458 902 3524 qui
963 3475 1031 3511 ne
1085 3476 1178 3527 per
1233 3466 1506 3516 sou-nium
1560 3466 1783 3534 quidem
1826 3483 1976 3522 arma
2025 3487 2127 3524 un-

543 3559 707 3610 quam
757 3546 1157 3615 cogitaverant,
1230 3553 1394 3607 lorica
1434 3565 1658 3624 repente
1715 3571 2006 3620 anmatos.
2070 3568 2127 3615 et

545 3631 838 3701 impeditos
879 3639 1092 3707 clypeo.
1128 3640 1218 3707 qni
1251 3658 1437 3696 arcum
1474 3660 1571 3699 nec
1604 3645 1742 3699 scite
1775 3649 1995 3702 tendere
2022 3665 2123 3704 nec

544 3723 736 3778 laxare
786 3738 1033 3790 nossent,
1064 3733 1150 3783 ubi
1178 3747 1310 3785 vero
1338 3734 1546 3799 ingredi
1582 3747 1863 3804 oporteret
1891 3755 2001 3808 prae
2023 3742 2121 3796 de-

543 3815 758 3871 bilitate
808 3821 859 3872 in
897 3820 1088 3875 faciem
1149 3825 1432 3880 caderent.
1475 3826 1546 3880 Ea
1594 3844 1682 3884 res
1736 3832 2025 3897 questibus
2069 3844 2125 3889 et

545 3907 938 3966 lamentatione
969 3911 1406 3983 Longobardiam
1454 3919 1697 3988 implevit
1736 3923 1866 3978 viris
1915 3927 2123 3992 passim

543 4011 600 4055 et
651 4003 978 4058 mulieribus
1019 4022 1150 4060 suos
1184 4023 1282 4076 pro
1323 4025 1380 4063 se
1413 4009 1642 4066 affectus
1677 4014 1826 4067 varie
1859 4017 2128 4070 miseran-

545 4093 716 4157 tibus,
745 4110 870 4147 cum
906 4097 1010 4148 alia
1046 4113 1180 4150 uxor
1215 4100 1508 4154 emeritum
1553 4103 1727 4155 virum
1775 4105 1840 4158 ad
1873 4106 2125 4161 militiam

541 4186 684 4251 rogi,
740 4186 847 4238 alia
899 4195 1072 4240 Inater
1120 4190 1308 4242 rudem
1351 4206 1578 4258 puerum
1616 4194 1681 4246 ad
1757 4196 1912 4264 signa
1959 4199 2126 4258 trahi.

543 4278 647 4329 a'ia
685 4293 844 4330 soror
908 4278 1128 4332 fratrem
1163 4294 1255 4333 ant
1296 4283 1795 4350 adolescentulum,
1859 4300 1952 4342 aut
2003 4291 2126 4343 aliis

541 4369 798 4434 ()[mt'illtls
819 4383 1142 4438 occupatum
1165 4374 1428 4428 violenter
1445 4377 1638 4429 abduci
1660 4381 2127 4450 quereretiir.EFti-

541 4475 634 4512 ror
664 4462 750 4512 hic
805 4463 1018 4530 tyranni
1060 4475 1178 4524 erat
1225 4467 1388 4519 etiam
1439 4465 1748 4522 llerodiano
1795 4473 2007 4540 major;
2036 4477 2126 4528 ille

545 4551 844 4619 siquidem,
881 4563 938 4604 nt
990 4553 1232 4611 diximus
1265 4558 1510 4613 insanire
1544 4561 1596 4613 in
1637 4578 1835 4628 pueros
1861 4567 1997 4618 satis
2029 4568 2126 4617 ha-

543 4642 778 4699 buerat:
817 4644 984 4712 hujus
1032 4646 1083 4698 in
1117 4657 1328 4701 aetatem
1358 4665 1575 4703 omnem
1619 4655 1856 4706 amentia
1902 4671 2126 4724 grassa.

543 4732 729 4787 batur.
780 4733 884 4787 Per
937 4751 1057 4790 eam
1112 4746 1293 4790 tamen
1358 4739 1448 4794 ille
1505 4741 1767 4796 invidiam
1797 4757 1860 4795 ac
1915 4743 2123 4796 luctum

547 4835 626 4873 rei
651 4831 698 4874 la
724 4825 982 4892 pergebat
1018 4824 1085 4878 ad
1129 4828 1492 4896 propositum.
1527 4831 1663 4884 nihil
1715 4831 1864 4897 pensi
1919 4833 2124 4887 habens

539 4921 728 4965 Votum
767 4913 1089 4982 impotentis
1141 4919 1309 4970 animi
1366 4921 1564 4987 quavis
1622 4923 1855 4974 aliorum
1899 4923 2127 4976 calami-

545 5011 657 5056 tate
691 5020 754 5057 ac
784 5006 1003 5073 publico
1049 5008 1192 5060 man
1219 5011 1512 5074 coniicere,
1546 5012 1721 5064 nihilo
1755 5013 2002 5081 quotidie
2035 5028 2128 5067 se-

543 5092 702 5160 gnius
733 5095 998 5164 colligens
1048 5111 1424 5165 exercensque
1457 5100 1697 5153 tironmn
1745 5103 2124 5170 supplementa

544 5181 785 5245 Salerni,
833 5185 1154 5254 priusquam
1191 5186 1530 5256 Hydrnnlem
1579 5205 1637 5244 se
1671 5191 1966 5247 conferret.
2007 5192 2122 5246 Huc

543 5272 690 5324 enim
724 5275 1066 5343 praemiserat
1104 5293 1354 5346 magnam
1387 5282 1670 5348 copiarum
1705 5292 1915 5350 partem
1983 5299 2122 5352 prae-

547 5365 872 5418 stolatnram
903 5368 1194 5422 adventum
1232 5385 1418 5433 suum,
1448 5375 1624 5440 quoad
1665 5375 1777 5440 ipse
1804 5376 2124 5441 compositis

543 5460 803 5515 Omnibus
851 5462 905 5514 in
939 5459 1339 5537 Longohardia,
1383 5472 1436 5518 et
1486 5464 1851 5534 legationibus
1887 5479 2005 5534 qua).
2039 5480 2124 5518 rc~

2311 1275 2427 1339 Τὴν
2458 1273 2864 1341 γεγενημένην
2888 1272 3036 1326 κατὰ
3064 1275 3180 1328 σοῦ
3212 1272 3328 1325 τῶν
3345 1272 3572 1341 ἐχθρῶν
3593 1272 3824 1341 ἔφοδον

2233 1365 2587 1431 διακηκοὼς,
2639 1366 2711 1418 οὐ
2767 1364 2926 1417 πάνυ
2981 1383 3035 1417 τι
3085 1365 3160 1432 τῇ
3209 1365 3359 1430 ἀκοῇ
3412 1363 3819 1432 προσεθέμην,

2232 1455 2401 1521 εἰδὼς
2431 1457 2510 1520 ὡς
2535 1458 2646 1508 οὐκ
2669 1455 2744 1506 ἄν
2769 1473 2856 1519 τις
2878 1456 3238 1522 τολμήσειεν
3269 1453 3524 1521 ἀντᾶραι
3565 1470 3664 1508 σοι
3691 1453 3820 1521 χεῖ-

2215 1566 2350 1617 ρας.
2384 1546 2481 1610 Τίς
2527 1547 2635 1615 γὰρ
2687 1545 2838 1598 κατὰ
2887 1547 3183 1599 τοσούτου
3231 1545 3461 1613 Πατρός
3511 1544 3822 1613 ἐπιχειρή-

2223 1654 2390 1691 σειεν
2415 1639 2468 1690 εὶ
2491 1637 2575 1706 μὴ
2605 1639 2905 1704 adimito;
2946 1636 3082 1703 Ἐμὲ
3111 1637 3178 1688 δὲ
3209 1637 3332 1690 τσθι
3372 1639 3522 1703 πρὸς
3547 1637 3822 1702 πόλεμον

2220 1728 2562 1794 βαρύτατον
2595 1727 3095 1792 ἐξοπλισόμενον,
3126 1727 3224 1777 καὶ
3261 1728 3410 1791 πρὸς
3443 1725 3619 1789 ἔθνος
3670 1723 3821 1779 δυσο

2221 1821 2687 1886 καταγωνιστον.
2747 1819 3022 1884 Ῥωμαῖοι
3080 1814 3189 1884 γάρ
3243 1819 3363 1870 εισι
3413 1817 3561 1883 πρὸς
3617 1816 3728 1881 οὓς
3786 1818 3820 1869 ὁ

2229 1914 2516 1978 πόλεμος,
2563 1911 2618 1962 οἳ
2675 1909 2880 1962 πᾶσαν
2945 1909 3060 1976 γῆν
3115 1909 3212 1960 καὶ
3281 1909 3602 1962 θάλασσαν
3665 1924 3805 1974 τρο-

2237 2002 2430 2054 παίων
2495 2001 2875 2065 ἐνέπλησαν.
2930 2000 3030 2053 Σοὶ
3117 2001 3184 2052 δὲ
3235 2001 3375 2053 ἀλλ’
3422 1997 3541 2053 ἀπὸ
3605 1995 3821 2066 ψυχῆς

2224 2092 2477 2157 ,βαθείας
2506 2093 2714 2143 πίστιν
2745 2091 2989 2158 ὀφείλω,
3013 2090 3094 2157 ἢν
3117 2091 3213 2143 καὶ
3241 2088 3448 2157 καιροῦ
3478 2087 3818 2153 καλοῦντος

2233 2182 2624 2252 παράσχοιμι.
2649 2181 2835 2243 Οὕτως
2863 2183 3069 2244 ἐκεῖνος
3099 2182 3192 2234 καὶ¹
3230 2179 3555 2250 ἀμφοτέρων
3593 2179 3701 2232 τῶν
3735 2177 3817 2239 είς

1490 2268 1767 2338 πρέσβεις,
1806 2272 1929 2335 τοὺς
1984 2275 2084 2342 μὲν
2138 2278 2204 2346 τῇ
2231 2275 2484 2346 ἐπιστολῇ
2517 2274 2853 2346 ταύτῃ,τοὺς
2891 2275 2945 2327 δὲ
2981 2275 3221 2336 πιθανοῖς
3284 2290 3392 2326 τισι
3454 2273 3631 2340 λόγοις
3696 2272 3818 2326 δια-

2313 2460 2470 2514 ‘Am
2499 2459 2571 2530 μὴ
2609 2458 2874 2530 παρῶμεν
2905 2457 2974 2510 τὰ
3015 2459 3153 2512 κατᾶ
3205 2456 3607 2524 Λογγιϐαρδίαν
3655 2441 3812 2510 αύτῷ

2228 2554 2685 2623 διαπεπραγμένα
2715 2549 2844 2619 πρὶν
2872 2550 3027 2620 ἣκειν
3055 2550 3134 2611 εἰς
3161 2548 3254 2600 τὸν
3297 2547 3522 2600 Αὐλῶνα
3568 2545 3679 2616 (83)
3715 2545 3818 2598 σὺν

2227 2647 2304 2716 τῷ
2339 2644 2730 2715 στρατεύματι.
2771 2642 2831 2695 '0
2865 2640 2964 2711 μὲν
3000 2641 3108 2710 γὰρ
3137 2643 3230 2692 καὶ
3254 2639 3428 2700 ἄλλως
3456 2633 3526 2708 ἦν
3555 2654 3816 2708 τυραννιο

2229 2735 2323 2796 κὸς
2361 2735 2500 2803 ἀνὴρ
2547 2732 2642 2786 καὶ
2677 2732 3025 2799 πικρότατος.
3053 2730 3184 2782 Τότε
3211 2729 3268 2782 δὲ
3304 2729 3399 2781 καὶ
3438 2727 3680 2798 Ἡρώδου
3713 2745 3810 2796 μι-

2231 2828 2410 2895 μεῖται
2445 2825 2640 2894 μανίαν
2662 2840 2675 2854 ο
2709 2824 2783 2894 μὴ
2831 2824 2939 2892 γὰρ
2986 2820 3325 2892 ἀρκούμενος
3374 2821 3490 2883 τοῖς
3527 2819 3797 2872 ἀνέκαθεν

2230 2918 2679 2987 ἐστρατευμένοις
2718 2917 2943 2985 ἀνδράσι
2975 2915 3068 2968 καὶ
3107 2914 3242 2984 πρὸς
3274 2914 3453 2982 μάχην
3492 2911 3798 2981 ὲπισταμὲο

2229 3027 2340 3071 νοις
2392 3008 2727 3073 ὁπλίζεσθαι,
2777 3006 3154 3060 νεοσύλλεκτον
3207 3006 3440 3057 ποιεῖται
3486 3004 3805 3072 στράτευμα

2237 3100 2507 3168 μηδεμιᾶς
2541 3097 2854 3167 φειδόμενος
2892 3095 3124 3164 ἡλικίας.
3167 3092 3330 3145 Ἀλλὰ
3361 3092 3453 3144 καὶ
3474 3091 3573 3158 τὴν
3605 3090 3811 3160 ἔξωρον

2231 3189 2325 3242 καὶ
2348 3189 2444 3258 τὴν
2471 3190 2650 3258 ἄωρον
2678 3186 3011 3255 πανταχόθεν
3036 3185 3386 3253 συναγηοχὼς
3405 3181 3806 3252 Λογγισαρδίας

2229 3297 2288 3332 τε
2319 3279 2412 3330 καὶ
2462 3276 2790 3346 Ἀπουληῖας
2821 3277 2900 3338 είς
2944 3273 3131 3326 ἑαυτὸν
3166 3271 3552 3340 ἁφειλκύσατο.
3590 3272 3698 3324 Καὶ
3742 3267 3814 3340 ἦν

2234 3370 2363 3422 ἰδεῖν
2404 3369 2499 3422 καὶ
2545 3368 2739 3429 παῖδας
2788 3366 2884 3420 καὶ
2943 3365 3355 3436 μειρακίσκους,
3407 3365 3503 3418 καὶ
3550 3363 3811 3432 γέροντας

2229 3458 2549 3529 ἀνθρώπους
2589 3457 2840 3526 οἰκτροὺς
2885 3457 2935 3509 οἳ
2984 3455 3105 3527 μηδ’
3138 3457 3260 3508 ὅσον
3289 3458 3348 3508 ἐν
3382 3455 3610 3524 ὀνείροις
3638 3454 3804 3507 ὅπλον

2230 3546 2544 3609 ἐθεάσαντο,
2569 3547 2688 3598 τότε
2719 3546 2782 3612 δὴ
2814 3544 3191 3612 ἐνδεδυμένους
3221 3543 3448 3614 θώρακα
3475 3545 3570 3596 καὶ
3602 3542 3810 3596 ἀσπίδα

2230 3638 2586 3708 κρατοῦντας,
2623 3638 2717 3690 καὶ
2759 3635 2910 3701 τόξον
2956 3634 3139 3702 ἀφυῶς
3183 3637 3355 3704 πάντη
3399 3636 3491 3687 καὶ
3539 3633 3799 3702 πλημμε-

2229 3731 2336 3794 λῶς
2363 3731 2635 3792 τείνοντας
2665 3729 2758 3781 καὶ
2786 3727 2928 3781 κατὰ
2961 3726 3134 3796 στόμα
3155 3726 3447 3788 πίπτοντας
3481 3724 3700 3778 ἐπειδὰν
3725 3723 3825 3793 βα-

2153 3803 2198 3862 c
2233 3824 2399 3888 δίζειν
2449 3823 2601 3893 ἐξῆν.
2625 3819 2811 3874 Ταῦτα
2850 3819 2914 3888 δὴ
2938 3818 3105 3873 ταῦτα
3135 3817 3366 3886 θορύϐου
3412 3819 3512 3886 μὲν
3542 3819 3821 3888 πρόφασις

2233 3911 2374 3988 ἦσαν
2431 3917 2496 3984 τῇ
2550 3912 2704 3983 χώρᾳ
2755 3910 3150 3980 Λογγιδαρδίας
3208 3908 3655 3968 ἁκεταπαύστου,
3710 3908 3810 3960 καὶ

2236 4005 2510 4076 πανταχοῦ
2537 4003 2814 4072 κλαυθμὸς
2859 4001 3087 4071 ἀνδρῶν,
3129 4001 3224 4054 καὶ⁸
3269 3999 3562 4067 ὀλολυγμὸς
3615 4014 3817 4066 γυναι-

2233 4099 2365 4162 κῶν,
2398 4097 2494 4151 καὶ
2519 4096 2806 4166 ἐμερίζετο
2841 4094 3062 4156 ταύταις
3103 4093 3172 4146 τὰ
3221 4093 3318 4160 τῆς
3369 4091 3689 4158 συγγενείας
3730 4105 3745 4118 ο
3773 4090 3811 4159 ἡ

2237 4191 2335 4259 μὲν
2380 4191 2487 4258 γὰρ
2539 4187 2720 4240 αὐτῶν
2763 4186 3126 4255 ἀστράτευτον
3157 4182 3325 4252 ἄνδρα
3369 4181 3621 4250 ἐθρήνει,
3666 4181 3697 4246 ἡ
3751 4179 3812 4232 δὲ

2233 4278 2667 4347 ἀπειροπόλεμον
2698 4276 2882 4341 παῖδα,
2907 4275 3039 4342 ἄλλη
3068 4274 3124 4326 δὲ
3163 4271 3388 4340 ἀδελφὸν
3425 4271 3541 4323 νέον
3583 4271 3618 4340 ἢ
3667 4269 3808 4338 πρὸς

2233 4372 2368 4425 ἄλλα
2396 4370 2532 4438 ἔργα
2568 4368 2956 4436 ὴσχολημένον.
2999 4366 3183 4418 Ταῦτα
3230 4363 3328 4433 μὲν
3353 4362 3610 4430 ἄντικρυς
3642 4360 3821 4415 καθά-

2234 4476 2338 4528 περ
2367 4454 2519 4510 εἶπον
2555 4459 2748 4526 μανίας
2770 4453 2910 4526 ἦσαν
2956 4452 3193 4522 Ἡρώδου
3227 4452 3259 4521 ἢ
3293 4452 3387 4505 καὶ
3433 4451 3593 4503 πλέον
3635 4449 3820 4520 Ἠρώ-

2233 4548 2344 4603 δου.
2393 4547 2628 4607 Ἐκεῖνος
2674 4545 2906 4614 μὲνγὰρ
2943 4543 3086 4596 κατὰ
3118 4540 3227 4593 τῶν
3277 4539 3492 4611 βρεφῶν
3536 4539 3812 4608 ἐμεμήνει

2237 4639 2418 4708 μόνον,
2451 4633 2605 4698 οὗτος
2638 4635 2692 4688 δέ
2730 4637 2824 4687 καὶ
2865 4635 3005 4686 κατὰ
3035 4633 3238 4686 παίδων
3269 4633 3363 4684 καὶ
3397 4630 3816 4700 πρεσϐυτέρων.

2246 4728 2412 4782 Ἀλλὰ
2463 4727 2667 4795 καίπερ
2698 4724 2869 4786 οὕτως
2907 4723 3144 4792 ἐχόντων
3183 4719 3386 4773 τούτων
3429 4718 3813 4780 ἀνασκέπτως,

2233 4821 2309 4882 ὡς
2363 4818 2536 4880 οὕτως
2560 4834 2621 4885 γε
2649 4817 2836 4886 φάναι,
2873 4813 3146 4883 ἐγύμναζε
3182 4829 3241 4864 τε
3275 4811 3396 4864 καθ’
3435 4810 3651 4880 ἡμέραν
3673 4809 3815 4861 ἐκα-

2235 4933 2368 4985 στην
2393 4913 2488 4966 καὶ
2527 4912 2842 4978 συνεκρότει
2874 4911 2942 4961 τὰ
2981 4908 3088 4960 τῶν
3127 4903 3526 4958 νεοσυλλέκτων
3553 4902 3811 4970 σώματα.

2234 5005 2422 5059 Ταῦτα
2465 5004 2565 5073 μὲν
2604 5005 2662 5055 ἐν
2701 5000 2954 5071 Σαλέρνῳ
3013 4994 3422 5051 συνεπεπτώκει
3487 4993 3819 5063 Ῥομπέρτῳ

2235 5098 2364 5168 πρὶν
2431 5097 2513 5156 εἰς
2584 5091 2877 5161 ’Υδροῦντα
2936 5087 3363 5158 παραγενέσθαι.
3427 5086 3636 5137 Ἐκεῖσε
3691 5086 3807 5151 γὰρ

2232 5185 2616 5259 προεξέπεμψε
2650 5183 2966 5254 στράτευμα
3012 5179 3342 5232 ἱκανώτατον
3381 5173 3544 5229 αὑτὸν
3576 5175 3818 5226 ἀπεκδε-

2231 5281 2480 5350 χόμενον,
2519 5276 2738 5329 ἐπειδὰν
2779 5275 2996 5326 ἅπαντα
3029 5271 3394 5336 καταστήσειε
3429 5266 3497 5318 τὰ
3530 5267 3670 5317 κατὰ
3702 5266 3806 5335 τὴν

2234 5370 2418 5439 χώραν
2460 5366 2860 5435 Λογγιὸαρδίαν
2903 5366 2997 5417 καὶ
3043 5365 3179 5432 πρὸς
3225 5361 3349 5423 τοὺς
3398 5358 3656 5427 πρεσϐεις
3699 5358 3807 5420 τὰς

2235 5459 2616 5532 προσηκούσας
2660 5456 2978 5526 ἀποκρίσεις
3031 5457 3333 5524 ποιήσαιτο.
3377 5447 3642 5502 Τοσοῦτον
3708 5447 3817 5518 μὲν

1620 5579 1762 5640 Car.
1793 5577 2116 5639 Dufresnii
2147 5579 2238 5639 Du
2277 5576 2496 5653 Cangii
2553 5584 2743 5636 notae.

619 5677 732 5747 (83)
767 5677 1042 5731 Αὐλῶνα.
1089 5678 1282 5742 Aulon,
1329 5681 1459 5733 urbs
1508 5682 1560 5734 in
1617 5682 1944 5736 Macedonia:
1978 5679 2124 5734 The-

545 5758 694 5818 mate
747 5748 886 5818 apud
936 5749 1222 5802 Constant.
1280 5752 1375 5804 lib.
1409 5767 1442 5804 ιι
1496 5751 1568 5805 De
1614 5752 1818 5814 ΤΙιειιι.,
1861 5768 1983 5818 cap.
2047 5752 2120 5807 ‘2:

545 5817 749 5871 Aratea
811 5816 1132 5883 Malaterrm,
1189 5829 1243 5873 et
1308 5819 1594 5877 Fulcherio
1640 5824 1864 5878 Cal-not.
1919 5816 2008 5876 lib.
2064 5833 2124 5887 II,

2235 5695 2357 5748 cap.
2416 5677 2514 5743 56;
2563 5677 2793 5748 Valoua,
2828 5675 3075 5748 AAlberto
3128 5675 3242 5748 Δρ,
3277 5669 3627 5748 lib.'_tt,_'ca.|‘
3707 5663 3815 5728 18;

2237 5734 2329 5804 lih'.
2366 5734 2634 5818 γιιι,ὀ;ιρ.
2668 5747 2737 5800 23
2760 5734 2900 5811 ;ἰῑι›·
2936 5761 2991 5810 x,
3029 5759 3149 5814 cap.
3179 5734 3248 5796 39
3279 5738 3444 5794 hodie
3495 5734 3696 5789 γείσιιο
