3934 6580
249 402 337 466 185

1402 399 1810 459 ALEXHDIS
1853 402 2000 465 LIB.
2054 405 2139 464 Π.

3316 404 3423 470 186

246 514 346 566 πεῖν
376 510 468 578 τὴν
504 506 897 578 αὐτοκράτορος
932 508 1177 573 ἐξουσίαν
1220 508 1298 580 τῷ
1345 511 1441 580 τῆς
1485 512 1761 582 βασιλίδος

1879 523 2005 569 anto
2037 518 2243 572 certius
2273 524 2555 583 assereret;
2576 535 2685 574 rem
2722 521 2787 575 ad
2822 519 3044 575 salutem
3068 533 3132 572 ac
3158 519 3425 573 securita-

352 599 727 669 Κωνσταντίνῳ
750 600 1093 657 καταλιπεῖν,
1123 602 1220 654 καὶ
1247 600 1320 662 ὡς
1345 599 1455 655 οἷόν
1489 621 1611 655 τινα
1638 605 1769 672 κλῆ.

246 712 318 766 ρον
368 694 495 763 πρὸς
542 691 763 745 πάππου
819 694 911 745 καὶ
950 693 1153 760 πατρὶς
1189 693 1336 762 αὐτῷ
1385 694 1768 761 διαφέρουσαν,

244 786 319 838 καὶ
351 784 444 851 τὴν
472 782 715 850 βασιλίδα
773 784 969 851 μᾶλλον
998 785 1085 838 διὰ
1129 784 1288 838 τοῦτο
1323 785 1410 836 ἐπ’
1439 786 1587 854 αὐτῷ
1636 786 1765 856 θαρ.

242 877 356 945 ῥεῖν,
386 874 474 925 καὶ
520 873 582 925 τὸ
628 872 819 926 εὔνουν
850 874 1104 938 ὲπαύξειν
1140 875 1205 939 ⁸⁸,
1255 875 1482 943 λέληθεν
1530 876 1771 930 ἑαυτδνὸ

241 964 473 1034 γηραλέος
507 963 670 1017 ἄδικά
710 980 768 1015 τε
806 964 900 1016 καὶ
940 964 1232 1033 ἀξύμφορα
1281 965 1769 1032 διασκοπούμενος,

242 1057 318 1106 καὶ
361 1055 453 1121 τῆς
504 1053 623 1085 ⁸⁷·⁶⁹
681 1054 878 1108 ἑαυτοῦ
945 1056 1191 1122 κεφαλῆς
1245 1057 1543 1110 τεκταίνων
1603 1059 1768 1112 κακά.

241 1145 428 1197 τούτων
476 1145 1023 1214 ὑποψιθυριζομένων
1070 1146 1266 1217 ᾔσθετο
1320 1148 1353 1218 ἠ
1411 1148 1621 1217 βασιλὶς
1676 1148 1771 1201 καὶ

239 1237 500 1301 περίλυπος
532 1233 623 1307 ἦν,
660 1238 753 1289 τὸν
784 1238 879 1290 τοῦ
904 1238 1097 1300 παιδὸς
1130 1238 1372 1291 κίνδυνον
1402 1240 1726 1311 ὑφορωμένη
1749 1256 1764 1272 ’

240 1330 314 1379 καὶ
340 1322 399 1395 ἦν
426 1326 715 1394 άθυμοῦσα
747 1327 868 1395 μὲν,
896 1328 1070 1381 οὐδενὶ
1109 1327 1163 1380 δὲ
1194 1328 1291 1395 τὴν
1313 1327 1489 1397 λύπην
1516 1329 1770 1396 ὶξορχον-

240 1420 373 1487 μέν-η.
408 1418 576 1470 Τοῦτο
628 1418 755 1481 τοὺς
803 1420 1122 1488 Κομνηνοὺς
1152 1419 1213 1470 ού
1255 1419 1520 1472 διέλαθεν.
1568 1420 1771 1470 Εὑκαιο

239 1512 340 1579 ρίαν
363 1509 447 1563 οὖν
479 1511 547 1578 ἢν
568 1509 798 1572 ἐζήτουν
846 1510 1158 1579 εὑρηκότες,
1209 1514 1273 1581 τῇ
1317 1510 1547 1580 βασιλίδι
1601 1525 1767 1577 προσ-

236 1605 385 1657 ελθεῖν
444 1604 853 1658 ἐϐουλεύσαντο.
888 1605 996 1671 Τῆς
1054 1604 1111 1657 δὲ
1165 1604 1300 1672 πρὸς
1346 1602 1515 1673 αὐτὴν
1557 1586 1772 1671 όμιλίας

234 1695 316 1761 τήν
360 1692 633 1762 καταρχὴν
689 1695 721 1761 ή
778 1696 958 1762 μήτηρ
1012 1692 1087 1762 τῷ
1164 1692 1416 1762 ’Ῐσαακίῳ
1465 1692 1769 1763 ἐπέτρεψε,

235 1783 585 1852 συμπαρόντος
608 1783 757 1852 αὐτῷ
779 1782 827 1835 τ’
850 1783 1076 1850 ἀδελφοῦ
1111 1782 1373 1845 Ἀλεξίου.
1390 1783 1510 1835 Τῶν
1532 1782 1586 1834 δὲ
1606 1797 1771 1850 προσο

233 1872 461 1927 ελθὸντων
511 1874 580 1943 τῇ
629 1872 857 1941 βασιλίδι
902 1875 929 1925 ὁ
991 1871 1255 1934 Ἰσαάκιός
1307 1888 1440 1941 φησι
1478 1872 1614 1942 πρὸς
1668 1871 1768 1922 αύ-

233 1967 352 2033 τήν·
380 1964 488 2030 Οὐχ
537 1962 615 2024 ὡς
651 1964 777 2032 χθὲς
824 1964 916 2017 καί
950 1963 1217 2033 πρότριτα
1267 1964 1483 2034 ὁρῶμέν
1541 1981 1619 2027 σε,
1677 1964 1767 2015 δέ-

238 2072 426 2121 σποινα,
450 2056 707 2124 ἔχουσαν,
735 2054 851 2109 ἀλλ’
886 2054 961 2120 ὡς
992 2056 1097 2109 ὑπὸ
1136 2057 1412 2126 λογισμῶν
1450 2058 1767 2128 ἀνεκφόρων

235 2146 542 2214 δακνομένην
568 2148 668 2199 καί⁵
701 2147 1100 2215 σκεπτομένην,
1134 2147 1209 2209 ὡς
1246 2147 1321 2217 μὴ
1358 2148 1578 2219 θαρρεῖν
1617 2149 1769 2217 ἔχου-

236 2255 318 2292 σαν
340 2236 467 2307 πρὸς
498 2236 558 2290 δν
607 2236 1013 2306 ἀνακαλύψειας
1042 2237 1087 2270 ⁸⁸
1121 2237 1180 2291 τὸ
1224 2238 1557 2309 ἀπόρρητον.
1602 2240 1663 2292 'H
1711 2240 1769 2292 δὲ

234 2328 348 2390 τέως
377 2328 466 2398 μιν
491 2327 784 2397 ἐμφαίνειν
821 2328 919 2382 οὐκ
953 2328 1132 2399 nam.
1176 2327 1369 2382 Πύθιον
1402 2329 1459 2383 δέ
1493 2346 1544 2382 τι
1580 2330 1769 2382 στενά-

238 2418 375 2484 ξασα,
400 2418 471 2469 ού
496 2418 634 2488 χρὴ,
661 2417 817 2487 φησί.
854 2418 978 2479 τοὺς
1007 2416 1291 2486 ἀλλοτρίαν
1326 2416 1611 2479 οἰκοῦντας
1640 2418 1770 2470 ἑπε-

237 2510 409 2579 ρωτᾷν,
433 2508 570 2562 αὐτὸ
598 2508 706 2580 γὰρ
724 2508 881 2561 τοῦτο
912 2511 991 2571 εἰς
1015 2508 1191 2576 λύπην
1219 2509 1403 2573 αὐτοῖς
1449 2510 1767 2578 ἀξιόχρεων.

242 2600 351 2671 Ἐμὲ
384 2601 459 2668 δὲ,
497 2601 607 2671 φεύ
635 2602 649 2653 ἰ
676 2598 763 2654 οἷα
787 2602 845 2667 ἐξ
889 2600 1015 2655 οἴων
1044 2600 1314 2666 διεδέξατο
1350 2603 1442 2654 καλ⁵
1468 2602 1626 2655 ὁποῖά
1656 2620 1768 2671 μοι,

232 2692 294 2756 ὡς
318 2692 471 2757 ἔοικε,
515 2691 641 2762 μετ’
668 2693 731 2745 ού
770 2692 904 2746 πολὺ
931 2692 1249 2762 ταμιεύεται
1273 2694 1285 2747 !
1313 2694 1375 2747 Οί
1415 2694 1471 2747 δὲ
1500 2694 1774 2747 ἀποστάνο

235 2800 312 2848 τις
338 2783 498 2837 πλείω
544 2784 641 2852 μὲν
701 2784 924 2854 ῥήματα
957 2785 1016 2837 οὐ
1068 2785 1429 2855 προσέθεντο·
1475 2786 1533 2848 ἐς
1584 2788 1689 2853 γῆν
1716 2785 1771 2838 δὲ

232 2875 338 2935 τοὺς
382 2871 698 2940 ὀφθαλμοὺς
752 2872 1151 2942 ὶπερείσαντες,
1198 2873 1292 2926 καὶ
1336 2874 1773 2943 περιστείλαντες

235 2963 381 3032 ἄμφω
406 2960 481 3014 τὼ
514 2965 689 3033 χεῖρε,
734 2963 927 3026 σύνους
953 2964 999 2996 ⁵ο
1031 2963 1168 3031 πρὸς
1205 2963 1399 3034 μικρὸν
1427 2966 1771 3034 εἱστήκεσαν,

234 3050 334 3107 εἶτα
366 3057 461 3124 τὴν
518 3054 725 3125 συνήθη
781 3055 1153 3126 προσκύνησιν
1196 3057 1555 3126 ποιησάμενοι
1590 3058 1770 3110 οἴκαδε

1875 616 1979 658 tem
2015 606 2183 675 ipsius
2218 610 2401 662 utilem
2433 626 2536 663 non
2573 625 2781 677 parum.
2816 612 3004 676 itaque
3043 610 3098 662 in
3134 626 3244 663 uno
3280 607 3426 662 facto

1873 696 2032 749 simul
2066 698 2323 765 iujustus,
2357 702 2515 753 simul
2546 686 2793 755 incautus
2824 716 3011 763 senex,
3048 708 3101 752 et
3129 700 3196 752 de
3223 696 3428 767 pupillo

1874 789 2012 841 male
2065 800 2145 842 est
2199 793 2447 853 meritus,
2500 800 2553 843 ct
2583 808 2683 845 suo
2732 794 2844 859 ipse
2901 795 3064 860 capiti
3130 790 3424 860 perniciem

1873 880 2097 931 struxit.
2148 878 2317 933 Porro
2370 882 2527 933 istius
2555 882 2765 933 consilii
2803 898 3021 935 rumore
3074 880 3425 935 clanculariis

1871 970 2110 1022 susurris
2140 985 2329 1038 sparso
2353 970 2630 1023 admonita
2652 972 2892 1038 Augusta
2925 972 3426 1034 incredibiliterque

1872 1069 2140 1112 coirmota
2180 1068 2282 1122 est,
2317 1061 2608 1128 periclitari
2641 1060 2708 1112 de
2739 1076 2832 1127 spe
2863 1062 3073 1128 imperii
3114 1061 3277 1111 filium
3308 1074 3428 1111 cer~

1873 1166 2040 1213 nens;
2078 1150 2131 1204 iu
2164 1152 2307 1204 luctu
2339 1154 2516 1215 itaque
2551 1166 2611 1203 ac
2644 1151 3008 1204 sollicitudine
3041 1160 3177 1213 erat,
3225 1149 3421 1217 nemini

1873 1252 2051 1296 tamen
2092 1244 2256 1297 animi
2312 1244 2507 1297 vulnus
2554 1258 2682 1297 ansa
2730 1245 2996 1309 detegere.
3062 1240 3175 1293 Non
3238 1239 3426 1292 fefellit

1871 1334 2178 1388 Conmenos
2203 1334 2462 1401 tegritudo
2496 1333 2637 1399 ejus.
2673 1333 3041 1385 Decrevernnt
3073 1331 3235 1397 igimr
3270 1329 3418 1381 adire

1875 1425 2043 1491 ipsam
2076 1425 2449 1484 confidentius.
2484 1424 2569 1479 ubi
2604 1424 2720 1491 ejus
2752 1423 2825 1476 rei
2864 1423 3048 1474 horam
3086 1420 3422 1473 commodam

1876 1517 2357 1574 nanciscerentur;
2394 1529 2551 1583 quam
2599 1515 2652 1566 in
2702 1513 3136 1567 observationem
3191 1509 3428 1563 excuba-

1876 1608 2023 1661 hant.
2057 1608 2132 1660 Ac
2166 1609 2290 1660 talis
2323 1608 2589 1661 Sermonis
2621 1607 2851 1675 primum
2904 1607 3205 1675 ingressum
3255 1611 3427 1673 mater

1873 1700 2271 1753 Conmcnorum
2330 1698 2659 1751 moderatrix
2720 1696 2932 1751 consilii
3008 1696 3173 1749 totius
3226 1695 3431 1749 lsaacio

1876 1786 2321 1841 committendum
2349 1787 2685 1839 decreverat.
2742 1785 2791 1839 Is
2827 1786 2990 1854 igitur
3025 1785 3190 1836 fratre
3240 1783 3427 1835 Alexio

1873 1887 2133 1945 praescnte
2166 1877 2353 1930 intime
2403 1876 2673 1929 admissus
2708 1878 2770 1927 ad
2807 1876 3201 1943 impcratrieem
3242 1872 3423 1939 :Quid

1872 1978 1975 2031 est,
2008 1967 2205 2036 inquit,
2248 1982 2280 2019 o
2324 1967 2567 2028 «lamina,
2597 1966 2741 2033 quod
2783 1977 2832 2020 te
2863 1983 2966 2019 non
3007 1976 3062 2018 ut
3089 1967 3203 2019 heri
3235 1975 3288 2019 et
3328 1980 3426 2017 nu-

1873 2060 2195 2115 diustertius
2238 2060 2463 2113 hilarem
2496 2060 2815 2124 cernimus;
2858 2058 2949 2112 sed
2982 2058 3131 2110 vultu
3162 2072 3223 2111 ac
3248 2058 3431 2112 fronte

1874 2152 2015 2206 haud
2048 2151 2210 2205 dubia
2235 2150 2438 2218 judicia
2467 2150 2725 2204 ferentem
2756 2164 2964 2203 arcana:
3002 2165 3166 2211 cura}.
3198 2148 3431 2201 doloris-

1872 2260 1975 2313 que
2000 2242 2324 2312 profundum
2359 2242 2522 2295 animi
2556 2243 2875 2304 mordentis,
2907 2257 3066 2310 quem
3096 2281 3112 2301 .
3140 2240 3294 2307 quasi
3331 2254 3424 2291 ne-

1874 2339 2073 2392 minem
2103 2336 2305 2389 habeas
2340 2334 2474 2389 satis
2508 2334 2670 2386 fidum
2707 2336 2793 2386 cui
2848 2333 3247 2386 communicare
3281 2336 3427 2383 recte

1871 2426 2049 2494 possis
2078 2464 2092 2487 .
2128 2425 2180 2479 in
2209 2424 2551 2480 conscientiae
2599 2424 2781 2478 abdito
2808 2422 3113 2491 supprimas
3145 2420 3297 2491 1&3
3332 2418 3430 2472 Hie

1873 2517 1985 2582 illa,
2028 2516 2157 2585 quid
2213 2515 2289 2570 rei
2328 2514 2545 2584 quidem
2596 2515 2646 2566 id
2698 2522 2842 2568 esSc-t
2874 2528 3141 2581 exponere
3194 2514 3427 2564 nendum

1871 2609 2072 2671 voluit;
2111 2608 2221 2661 alto
2262 2615 2439 2660 autem
2477 2606 2710 2673 suspirio
2759 2613 3031 2658 attracto:
3076 2602 3301 2668 Nempe,
3334 2600 3424 2651 in-

1875 2702 2015 2769 quit,
2038 2701 2127 2767 qui
2169 2714 2391 2770 peregre
2416 2698 2579 2750 vitam
2612 2697 2807 2765 degunt
2846 2695 3030 2763 procul
3062 2709 3089 2745 a
3117 2692 3279 2747 natali
3314 2692 3431 2746 solo

1874 2793 2052 2862 rogari
2089 2807 2193 2845 non
2229 2791 2425 2845 debent
2459 2804 2560 2857 qua
2589 2804 2644 2841 re
2670 2797 2936 2853 angantur
2958 2825 2972 2847 ,
3006 2782 3220 2837 ahunde
3250 2782 3427 2849 siqui-

1879 2884 1998 2937 dem
2043 2897 2238 2950 magna
2278 2882 2535 2935 maerendi
2589 2894 2749 2931 causa
2811 2877 2938 2929 illud
2995 2877 3170 2943 ipsum
3208 2882 3310 2927 est.
3349 2872 3431 2926 Me
3514 2903 3520 2909 -

1877 2991 2028 3036 vero,
2070 2976 2171 3028 heu
2206 2974 2371 3025 mihi!
2409 2982 2466 3045 ut
2499 2971 2599 3023 alia
2651 2985 2712 3022 ex
2764 2969 2883 3019 al‘is
2917 2968 3053 3019 mala
3084 2962 3428 3018 succedentia

1877 3066 2235 3133 exceperunt!
2273 3074 2329 3117 ut
2359 3064 2461 3116 alia
2497 3076 2591 3114 nec
2622 3060 2819 3112 leviora
2854 3059 2904 3111 in
2941 3058 3202 3117 futurum,
3236 3056 3342 3107 imo
3371 3055 3426 3107 in

232 3144 450 3215 ἀπῄεσαν
480 3145 856 3211 ἀγωνιῶντες.
898 3146 975 3215 Τῇ
1008 3146 1052 3196 δ’
1086 3146 1344 3217 ὑστεραίᾳ
1386 3148 1546 3199 πάλιν
1573 3165 1769 3217 προσε-

1880 3156 2184 3226 proximum
2219 3153 2565 3223 impendent!
2596 3151 2668 3203 Ad
2701 3150 2814 3202 lirrc
2847 3148 2917 3200 illi
2951 3148 3094 3199 nullo
3122 3146 3281 3197 verbo
3308 3144 3431 3195 red-

235 3238 501 3309 ρηοόμενοι
538 3238 787 3304 ἥκουσιν.
832 3237 1178 3308 ’ῐλαρὼτερον
1207 3237 1263 3291 δὲ
1308 3239 1339 3308 ἢ
1382 3238 1572 3309 πρώην
1602 3240 1779 3292 ἀτενί-

234 3328 407 3391 ζουσαν
433 3327 671 3393 τούτοις,
698 3328 929 3397 δρῶντες
952 3330 1242 3396 προσίασιν
1267 3330 1435 3398 ἄμφω
1458 3330 1551 3383 καί
1572 3347 1735 3397 φασιν
1758 3346 1773 3361 ·

234 3420 293 3472 Σὺ
323 3420 413 3490 μὲν
445 3420 726 3482 δεσπότις,
762 3421 924 3489 ήμεῖς
966 3419 1021 3472 δὲ
1048 3418 1222 3473 δοῦλοι
1262 3420 1634 3487 εὐνούστατοι,
1668 3423 1775 3474 πᾶν

233 3510 324 3560 ὃτι
352 3508 441 3561 ιῦν
472 3510 713 3578 ἑτοίμως
774 3509 991 3577 ἔχοντες
1017 3508 1158 3578 ὑπὲρ
1206 3511 1305 3578 τῆς
1352 3512 1451 3577 σῆς
1502 3510 1781 3578 βασιλείας

156 3656 161 3667 ἐ
236 3600 425 3663 παθεῖν,
455 3601 557 3653 καὶ
587 3600 660 3669 μή
696 3618 754 3651 σε
800 3600 1056 3668 λογισμός
1106 3616 1190 3663 τις
1238 3600 1663 3671 διαταραττέτω,
1701 3602 1781 3665 είς

233 3689 460 3759 διψνχίαν
501 3691 643 3752 ὅλως
675 3691 930 3758 εἰσάγων.
977 3691 1071 3744 Ἐκ
1094 3692 1300 3745 τούτων
1327 3687 1420 3744 οὖν
1447 3691 1555 3743 τῶν
1585 3692 1777 3759 λόγων,

230 3781 290 3831 τὰ
318 3781 477 3833 πιστὰ
510 3781 805 3844 δεδωκότες
846 3784 910 3850 τῇ
958 3781 1210 3849 βασιλίδι,
1243 3783 1339 3836 καὶ
1370 3784 1783 3847 ἀπαλλάξαντες

236 3875 435 3928 ἑαυτοὺς
459 3874 697 3942 ὑποψίας
717 3874 955 3942 ἁπάσης,
976 3873 1036 3925 τὸ
1055 3874 1367 3943 άπόρρητσν
1384 3874 1481 3943 ήδη
1510 3873 1780 3929 συνίεσαν.

245 3966 394 4031 Ὀξείς
445 3967 509 4019 δὲ
565 3967 717 4026 ὄντες
749 3956 843 4017 καὶ
885 3965 1117 4032 ἀγχίνοι,
1185 3965 1279 4015 καὶ
1330 3965 1494 4017 δεινοὶ
1550 3965 1784 4035 θηράσαι

237 4057 520 4125 ἀνθρώπων
554 4056 614 4119 ὲξ
652 4056 849 4123 ὀλίγων
901 4056 1164 4123 ῥημάτων
1206 4054 1412 4124 βαθέως
1450 4056 1783 4125 ἐγκειμένην

234 4148 455 4217 γνώμην,
486 4148 583 4200 καὶ
606 4146 739 4209 τέως
765 4146 1075 4216 άπόρῤητον
1100 4144 1191 4197 καὶ
1220 4143 1419 4197 αὐτίκα
1449 4145 1593 4212 μάλα
1620 4162 1787 4216 προσ-

238 4240 455 4290 ετίθεντο
503 4239 624 4289 τότε
671 4238 733 4303 δὴ
768 4237 1024 4306 βασιλίδι,
1074 4237 1170 4289 καὶ
1224 4237 1290 4289 ἑκ
1329 4234 1545 4288 πολλῶν
1594 4236 1784 4298 εὔνους

238 4328 413 4387 αὐτοὺς
446 4326 702 4395 φανερῶς
742 4326 1203 4395 καταστήσαντες.
1240 4325 1352 4379 Καὶ
1391 4327 1501 4378 πᾶν
1536 4329 1614 4387 εἰς
1648 4325 1784 4395 ὅπερ

1878 3247 1993 3301 dilo
2032 3246 2312 3299 obtutibus
2365 3244 2480 3297 solo
2533 3241 2722 3293 defixis
2775 3238 3217 3304 entnpliratisque
3267 3232 3430 3286 ambo

1880 3336 2132 3390 manibus
2158 3336 2391 3387 tristium
2425 3334 2630 3389 habitu.
2660 3341 2940 3400 pnstquam
2962 3328 3271 3397 aliquandiu
3296 3326 3431 3378 asti-

1879 3435 2063 3483 terunt
2096 3426 2264 3486 taciti,
2302 3432 2559 3477 consueta
2594 3423 2788 3477 deinde
2816 3422 3139 3474 salutatione
3164 3418 3430 3486 perfuncti

1882 3525 2245 3572 recesserunt.
2282 3515 2550 3569 Postridie
2593 3512 2938 3565 rmlenntihus
2990 3510 3213 3561 hilarior
3260 3522 3419 3575 quam

1880 3607 2032 3675 prius
2079 3606 2305 3658 intuitus
2336 3604 2591 3670 Augustae
2626 3603 2833 3655 animos
2864 3601 2989 3653 fecit
3030 3612 3089 3653 ut
3141 3600 3253 3652 hate
3286 3599 3433 3651 dice-

1884 3703 1999 3749 rent
2035 3710 2049 3745 :
2085 3693 2187 3753 Tu.
2214 3692 2436 3745 Domina
2470 3702 2651 3745 nostra
2684 3707 2761 3753 es,
2793 3705 2890 3745 nos
2935 3698 3112 3743 autem
3162 3690 3300 3742 servi
3336 3687 3429 3741 tibi

1880 3802 1943 3838 cx
1983 3783 2163 3837 animo
2197 3782 2573 3837 addictissimi.
2608 3798 2668 3832 ac
2696 3783 2851 3849 plane
2882 3780 3050 3847 parati
3083 3779 3298 3849 Quidvis
3332 3791 3429 3843 pro

1883 3883 1972 3926 tua
2012 3872 2295 3940 majestate
2340 3870 2481 3939 pati;
2529 3886 2593 3921 ne
2643 3878 2694 3921 te
2750 3870 2911 3936 igitur
2966 3883 3093 3920 cura
3150 3868 3433 3922 conturbet

1885 3964 2012 4024 ulla.
2049 3972 2139 4015 aut
2179 3977 2377 4029 aegrum
2432 3960 2667 4012 animum
2702 3966 2843 4012 metu
2876 3957 3039 4009 tacito
3070 3958 3322 4010 emaciari
3357 3957 3435 4008 si-

1885 4071 2000 4108 nas.
2055 4052 2149 4105 His
2199 4052 2375 4105 verbis
2423 4050 2748 4103 confirmatae
2787 4051 3040 4115 Augusta“:
3067 4087 3080 4107 .
3123 4046 3435 4113 suspicione

1881 4144 2027 4197 omni
2076 4143 2143 4196 ab
2176 4158 2233 4195 se
2274 4142 2539 4198 abstersa.
2593 4138 2807 4191 demum
2852 4152 3110 4191 arcanum
3165 4152 3432 4190 en'nunxu-

1885 4244 2043 4299 runt;
2080 4233 2225 4302 quod
2248 4232 2357 4300 jam
2393 4241 2538 4290 ante,
2567 4244 2672 4298 qua
2704 4237 2860 4282 erant
2882 4231 3173 4295 sagacitate
3201 4229 3251 4281 in
3285 4227 3431 4279 aesti—

1884 4324 2098 4378 mandis
2125 4337 2190 4376 ex
2219 4322 2367 4375 vultu
2398 4321 2592 4373 animis
2628 4319 2930 4377 hominum.
2976 4318 3267 4371 solertihus
3298 4330 3432 4369 con-

239 4419 297 4470 ἂν
332 4419 528 4479 αὐτοὺς
596 4415 979 4483 προσκαλοῖτο,
1024 4416 1273 4484 ἐκθύμως
1317 4417 1617 4485 ἐπαμύνειν
1657 4434 1774 4470 κατ-

1880 4413 2108 4482 jecturis
2137 4412 2294 4479 quale
2326 4418 2470 4465 esset
2503 4415 2851 4477 agnoverant.
2883 4404 3018 4459 Tum
3053 4420 3177 4458 vero
3222 4405 3273 4457 in
3316 4417 3436 4455 ma-

241 4511 630 4577 ιπηγγείλαντο
652 4511 718 4561 ⁸¹.
749 4510 1071 4578 Συγχαίρειν
1099 4523 1157 4559 τε
1177 4506 1544 4577 συγχαιρούσῃ
1574 4508 1667 4560 καί
1695 4509 1774 4560 λυ-

1886 4503 2076 4573 gnitica
2107 4500 2342 4569 provecti
2392 4499 2653 4561 promissa
2706 4504 2851 4551 sunt.
2894 4496 3022 4549 Sese
3057 4495 3209 4548 fidem
3241 4493 3306 4547 ad
3338 4509 3435 4545 ex-

237 4600 461 4669 πουμένῃ
531 4597 929 4663 συνανιᾶσθαι,
979 4595 1136 4649 τοῦτο
1193 4596 1256 4666 δὴ
1312 4597 1374 4648 τὸ
1427 4596 1782 4650 άποστολικδν

238 4691 365 4758 μάλα
390 4692 685 4761 προθύμως
714 4689 1016 4741 συνέθεντο.
1038 4688 1147 4740 Καὶ
1168 4689 1242 4749 ὡς
1266 4686 1566 4754 αὐθιγενεῖς
1598 4687 1781 4755 ἠξίουν

236 4781 437 4843 τούτους
479 4781 792 4848 λογίζεσθαι
836 4782 928 4833 καὶ
961 4781 1212 4849 συνήθεις
1244 4779 1493 4832 κάκεῖθεν
1523 4778 1779 4848 ὁρμωμέο

236 4885 363 4931 νους,
399 4871 522 4923 ὅθεν
551 4872 646 4921 καὶ
681 4868 842 4938 αὑτὴ,
883 4868 1134 4921 τοσοῦτον
1176 4869 1514 4929 ὲπειπόντες,
1541 4868 1611 4929 ὼς
1654 4867 1707 4918 εί
1728 4883 1781 4918 τι

239 4960 371 5029 παρὰ
397 4960 506 5012 τῶν
534 4960 874 5027 φθονούντων
918 4961 1054 5028 αὐτῇ
1085 4976 1145 5011 τε
1192 4962 1257 5029 τῇ
1290 4959 1547 5029 δεσποίνῃ
1580 4957 1675 5009 καὶ
1706 4955 1782 5026 τῷ

240 5050 586 5118 αὐτοκράτορι
631 5054 751 5101 κατ’
784 5049 962 5101 αὐτῶν
991 5050 1364 5119 εἰσηγήσαιτο,
1405 5047 1561 5100 τοῦτο
1588 5047 1784 5109 αὐτοὺς

242 5139 307 5207 μὴ
338 5142 678 5193 διαλανθάνοι
726 5140 785 5192 τὸ
830 5140 1165 5210 παραυτίκα,
1194 5139 1279 5191 ἵνα
1314 5139 1387 5207 μὴ
1437 5137 1640 5189 λάθωσι
1665 5140 1783 5199 ταῖς

241 5232 425 5296 πάγαις
449 5232 556 5283 τῶν
585 5230 795 5301 ἐχθρῶν
828 5231 1247 5300 ἐμπεσούμενοι.
1283 5227 1454 5280 Τοῦτό
1489 5244 1547 5279 τε
1579 5226 1782 5294 ἠξίουν,

241 5322 323 5378 καὶ
344 5321 557 5391 Οαρῤείν
604 5322 857 5373 ἐκέλευον
885 5320 959 5381 ῶς
1000 5320 1095 5372 σὺν
1128 5319 1249 5386 Θεῷ
1277 5334 1339 5385 γε
1374 5318 1539 5384 φάναι
1570 5317 1667 5383 τὴν
1692 5316 1781 5368 δυο

242 5411 391 5480 νατήν
441 5415 573 5482 μετᾶ
622 5411 934 5481 προθυμίας
989 5411 1320 5478 εἰσενεγκεῖν
1378 5407 1652 5477 βοήθειαν,
1704 5405 1778 5467 ὡς

1882 4607 2112 4651 tremum
2146 4595 2219 4647 illi
2251 4602 2581 4651 servaturos,
2628 4590 2990 4657 quodcunque
3041 4598 3252 4654 tempus
3304 4585 3437 4638 inci-

1878 4687 2029 4740 deret
2076 4690 2309 4743 vocaret,
2347 4680 2498 4748 sequi
2549 4689 2765 4747 paratos
2817 4679 3020 4745 absque
3072 4676 3431 4743 exceptione;

1883 4774 2291 4846 propulsaturos
2350 4769 2418 4823 ab
2471 4785 2531 4822 ea
2584 4779 2817 4836 natoque
2874 4767 2993 4834 ejus
3046 4765 3174 4818 totis
3224 4764 3433 4818 viribus

1881 4866 2110 4935 quodvis
2155 4864 2352 4931 capitis
2388 4860 2731 4926 dignitatisve
2773 4858 3116 4926 periculum;
3154 4858 3429 4908 fortunam

1880 4974 1937 5013 se
1972 4972 2123 5010 suam
2154 4955 2389 5020 ipsorqu
2422 4966 2543 5005 cum
2578 4950 2793 5002 fortuna
2828 4950 3076 5017 Augustze
3110 4957 3309 4998 aeterna
3343 4960 3434 4997 sn-

1879 5048 2071 5099 (ietate
2116 5042 2414 5104 devincire,
2459 5040 2739 5109 gavisurus
2792 5052 2914 5111 cum
2967 5035 3270 5104 gaudente,
3307 5049 3427 5087 cum

1878 5139 2037 5192 ﬂente
2082 5135 2324 5197 lleturos,
2356 5134 2507 5198 juxta
2545 5129 2672 5184 illud
2720 5128 3114 5195 Apostolicum.
3152 5126 3327 5190 Quum
3366 5139 3431 5178 ne

1882 5227 2065 5297 patria:
2092 5224 2537 5292 longinquitatem
2572 5222 2969 5285 charorumqne
3003 5231 3063 5269 ac
3094 5214 3433 5268 necessario-

1885 5333 2001 5370 rum
2040 5317 2336 5369 ahscntiam
2363 5352 2377 5374 ,
2411 5327 2529 5365 sese
2562 5312 2634 5363 illi
2668 5309 3087 5377 propinquorum
3116 5321 3179 5359 ac
3202 5320 3431 5358 U'nsan-

1886 5408 2202 5477 guinoorum
2237 5404 2406 5457 ollicia
2434 5401 2610 5453 omnia
2635 5400 2991 5463 exhibituros,
3036 5396 3432 5464 etl‘ccturosquo

1230 5607 1424 5669 Variae
1450 5605 1753 5667 lectiones
1803 5620 1877 5664 ex
1910 5601 2051 5663 cod.
2081 5596 2352 5660 Coislin.

304 5776 348 5817 κ
375 5778 613 5845 indicta.
694 5780 809 5812 δ’δ’
850 5778 1107 5835 καὶκατὰ
1132 5776 1253 5846 τῆς.
1330 5776 1375 5809 ⁸⁸
1396 5774 1463 5831 ἂν
1486 5769 1871 5844 ὲκκαλύψειας.
1946 5771 1993 5804 ⁵⁸
2024 5770 2266 5832 σύννους.
2340 5766 2385 5800 ³⁸
2422 5764 2903 5835 κατεπηγγείλατο.
