3934 6584
437 397 541 463 187

1713 397 1936 460 ΑΝΝίΕ
1978 396 2365 458 (ῙΟΜΝΕΝΕ

3573 395 3681 460 183

429 525 489 568 ut
522 512 847 583 intelligeret
879 513 1189 569 Comnenos
1218 510 1445 582 perinde
1487 509 1563 565 illi
1595 510 1731 566 fidos
1761 520 1816 566 et
1840 511 2006 566 bene-

2118 508 2324 563 ἑαυτῶν
2364 524 2428 576 γε
2465 489 2629 562 ἕνεκα
2683 506 2756 577 μὴ
2795 506 3214 562 ἐκπεπτωκέναι
3261 509 3362 577 τῆς
3415 510 3696 580 βασιλεῐας

429 609 588 662 vulos
649 623 714 660 ac
766 608 811 661 si
868 608 1054 662 eadem
1099 607 1320 661 civitate
1363 605 1556 661 iisdem
1611 621 1734 660 cum
1773 606 1864 659 illa
1903 607 2006 662 orti

430 704 640 756 laribus
671 711 876 758 essent.
912 700 1091 754 Unum
1124 700 1192 755 ab
1231 699 1346 770 ipsa
1381 701 1540 756 enixe
1577 700 1910 755 contendi-re
1949 706 2008 754 ut

431 800 476 851 si
512 796 730 863 quando
762 796 930 849 invidi
963 796 1208 865 ipsorum
1259 795 1540 864 quippiam
1597 794 1861 848 adversus
1911 808 2008 847 eos

434 887 577 956 apud
613 888 995 956 imperatorem
1034 889 1280 958 ipsamve
1329 887 1660 957 proferrent,
1711 886 1779 941 de
1813 902 1877 940 eo
1913 886 2006 940 illa

431 976 808 1032 admone-udos
855 977 1005 1045 ipsos
1049 979 1326 1047 extemplo
1371 986 1624 1043 curaret;
1674 978 1811 1032 alias
1855 979 2006 1030 enim

430 1070 734 1138 imprci'iso
784 1071 834 1122 in
867 1085 1056 1125 casses
1103 1072 1451 1126 inimicorum
1507 1073 1693 1138 utique
1737 1088 2006 1137 casuros;

432 1163 536 1217 hoc
575 1163 736 1217 modo
767 1182 934 1220 unum
969 1179 1030 1220 e‘:
1065 1167 1251 1220 animo
1283 1167 1632 1233 polliceretur
1659 1166 1792 1235 ipsis
1815 1178 1868 1222 et
1889 1184 2007 1222 cum

432 1255 537 1308 iide
568 1265 870 1324 praestaret,
922 1258 1066 1312 boao
1117 1260 1301 1312 animo
1349 1268 1493 1313 esset
1524 1259 1575 1312 in
1610 1260 1842 1314 caeteris.
1878 1260 2010 1328 Spe-

432 1363 558 1401 rare
588 1363 647 1402 se
676 1348 784 1402 Deo
810 1348 1040 1416 juvante
1073 1350 1272 1402 bonam
1297 1351 1558 1416 Augusta!
1579 1365 1799 1403 causam
1833 1351 2012 1404 valido

432 1441 678 1508 ipsorum
712 1443 919 1496 auxilio
950 1445 1216 1496 munitam
1247 1443 1580 1508 superiorem
1626 1443 1841 1497 invidia:
1874 1445 2008 1500 fore:

433 1550 613 1603 neque
653 1536 760 1588 ulla
810 1551 1048 1604 unquam
1077 1537 1487 1590 machinatione
1518 1536 1893 1607 eujusc'unque
1918 1547 2014 1591 aut

431 1628 791 1682 conversione
827 1643 1006 1681 rernzn
1036 1628 1169 1682 velle
1210 1627 1382 1695 ipsam
1419 1630 1784 1696 possessione,
1821 1633 1899 1682 vel
1945 1630 2010 1683 ti-

432 1721 563 1772 lium
597 1719 717 1788 ejus
748 1720 1169 1773 Constantinum
1203 1735 1298 1788 spe
1336 1736 1396 1774 ac
1421 1719 1770 1774 successione
1798 1723 2012 1789 in'perii

432 1813 751 1882 privandos.
783 1812 905 1865 Haec
935 1815 1209 1881 utrimque
1242 1812 1428 1881 paucis
1451 1821 1724 1867 transacta
1756 1823 1807 1865 et
1832 1811 2012 1882 jusju-

2109 602 2200 655 τδν
2230 599 2438 668 ταύτης
2463 599 2578 653 υἱὸν
2606 601 3040 654 Κωνσταντῖνον.
3069 601 3180 653 Καὶ
3204 601 3268 669 δὴ
3290 601 3384 654 καὶ
3410 602 3478 655 δι’
3511 603 3695 671 ὅρκων

2110 692 2381 763 ἐμπεδοῦν
2409 693 2603 764 ἤθελον
2637 691 2707 745 τὰ
2736 691 3085 756 συνδόξαν-ια.
3115 693 3251 746 Οὐδὲ
3284 695 3394 764 γὰρ
3425 695 3552 763 ὲνῆν
3578 696 3696 748 δια-

2110 783 2317 846 τρίϐειν
2365 783 2454 835 διὰ
2489 783 2618 845 τοὺς
2669 781 3182 851 ὲποφθαλμιῶντας.
3225 785 3338 852 Τῆς
3381 801 3440 838 τε
3487 783 3698 854 πολλῆς

2112 877 2591 945 ἁνεκουφῑσθησαν
2641 875 2822 945 λύπης
2870 877 2919 930 οἱ
2950 876 3143 946 ἄνδρες
3184 879 3282 931 καὶ
3337 877 3693 946 ὲξανέφερον.

2118 970 2230 1022 Καὶ
2259 969 2320 1021 τὸ
2377 968 2485 1021 ἀπὸ
2514 968 2671 1021 τοῦδε
2723 968 2843 1038 μεθ’
2886 967 3217 1039 ἱλαρωτέρου
3271 969 3570 1041 προσώπου
3615 970 3697 1041 τῷ

2116 1062 2332 1132 βασιλεῖ
2357 1061 2682 1130 διελέγοντο,
2715 1061 2990 1123 ὁποδαπὲς
3019 1062 3064 1095 ⁵⁸
3094 1064 3144 1115 οἱ
3175 1063 3397 1125 ἐκεῖνοι,
3433 1064 3528 1118 καὶ
3559 1063 3700 1132 μᾶλα

2113 1154 2203 1207 λον
2229 1154 2424 1223 ἅτερος
2444 1155 2652 1208 τούτων
2682 1153 2938 1220 ’Λλέξιος,
2961 1154 3255 1208 συσκιάσαι
3279 1156 3594 1227 ἀπόρρητον
3617 1155 3694 1225 (7)

2114 1243 2342 1306 ἔννοιαν,
2377 1247 2468 1297 καὶ
2501 1245 3042 1316 βυσσοδομευομένην
3072 1245 3366 1318 ἐπιϐουλὴν
3407 1249 3521 1310 τοῖς
3570 1264 3700 1315 φαι-

2114 1338 2362 1406 νομένοις
2393 1339 2803 1408 προσχήμασιν.
2824 1339 2976 1391 Ἐπεὶ
3011 1340 3067 1392 δὲ
3096 1343 3123 1392 6
3157 1340 3352 1407 φθόνος
3382 1339 3584 1408 μᾶλλον
3608 1341 3693 1399 εἰς

2115 1430 2322 1500 πυρσὸν
2349 1431 2616 1500 ὰνήπτετο
2649 1433 2927 1500 μέγιστον,
2950 1433 3044 1485 καὶ
3068 1432 3221 1486 οὐδὲν
3249 1430 3344 1485 τοῦ
3366 1430 3558 1485 λοιποῦ
3586 1433 3698 1484 τιῗν

2119 1522 2255 1592 πρὸς
2271 1523 2598 1591 τὸνβασιλέα
2620 1526 2739 1576 κατ’
2757 1524 2934 1578 αὐτῶν
2954 1524 3260 1592 λεγομένων
3279 1524 3476 1586 αὐτοὺς
3489 1522 3698 1576 διελάν-

2117 1618 2265 1676 θανε,
2295 1617 2437 1670 κατὰ
2461 1617 2526 1670 τὰ
2553 1617 2744 1686 πρώην
2770 1617 3115 1683 συνδόξαντα,
3135 1617 3431 1684 ἐγίνωσκον
3455 1617 3501 1648 ⁵³
3521 1615 3581 1669 δὲ
3604 1613 3701 1668 καὶ

2119 1711 2244 1772 τοὺς
2272 1710 2365 1763 δύο
2390 1728 2462 1762 πα
2475 1711 2973 1778 ραδυναστεύοντας
3001 1710 3223 1772 δούλους
3268 1706 3702 1780 βουλευομένους

2117 1802 2364 1855 ἐκποδὼν
2399 1803 2627 1865 τούτους
2666 1803 3022 1872 ποιήσασθαι,
3057 1801 3240 1855 οὐκέτι
3271 1801 3416 1854 κατὰ
3443 1800 3504 1852 τὸ
3534 1799 3708 1867 σύνη-

433 1862 751 1882 τ------π--
1120 1862 1133 1881 1
1161 1862 1204 1868 εν
1243 1862 1304 1881 τ-ν-
1333 1862 1462 1866 νην
1540 1862 1596 1867 ~~~
1647 1862 1684 1866 -ν
1716 1862 1724 1864 ~
1765 1862 1978 1882 "4*1“

431 1904 587 1967 rantli
625 1903 887 1971 religione
922 1905 1130 1957 sani-ita
1170 1913 1321 1958 sunt.
1367 1901 1638 1969 Longiora
1679 1905 1878 1972 quippe
1904 1904 2012 1957 col-

2121 1894 2209 1958 θες
2240 1894 2375 1964 ὁμοῦ
2411 1898 2522 1958 τοῖς
2571 1862 2866 1964 βασιλεξοις
2911 1891 3164 1961 ἐφοίτων,
3207 1893 3324 1945 ἀλλ’
3361 1893 3704 1962 ἑτερήμερος

433 1995 616 2059 loquia
662 1995 808 2049 limis
873 1996 1182 2049 invidorum
1238 1995 1414 2048 oculis
1471 2003 1821 2050 notarentur.
1869 1993 2017 2049 Talis

435 2084 692 2152 pactione
740 2085 966 2140 fmderis
999 2102 1191 2156 magna
1234 2085 1628 2140 sollicitudinis
1673 2086 1811 2139 mole
1857 2086 2016 2139 levati

433 2175 716 2239 tlomneni,
753 2175 1002 2229 hilariori
1049 2177 1160 2245 jam
1211 2175 1390 2230 fronte
1441 2178 1827 2244 imperatorem
1879 2176 2019 2229 allo-

435 2268 770 2335 quebantnr.
804 2267 1128 2338 Quanquam
1168 2272 1311 2324 enim
1349 2280 1505 2325 erant
1547 2271 1749 2326 summi
1784 2280 2016 2340 uterque

435 2359 679 2412 artifices
723 2361 926 2414 doloris
963 2361 1148 2415 arcani
1183 2361 1604 2424 dissimulamla,
1633 2361 1909 2424 (vincente
1964 2361 2016 2414 iu

434 2454 539 2506 hoc
581 2451 744 2507 etiam
799 2454 1018 2509 fratrem
1048 2455 1284 2524 Alexio),
1339 2456 1426 2510 vix
1479 2463 1658 2508 tamen
1711 2465 1868 2509 antra
1912 2455 2020 2526 47

447 2542 738 2598 siiﬁecerat
778 2546 892 2598 oris
922 2548 1233 2600 Constantia
1266 2547 1586 2601 vulneribus
1631 2547 1798 2599 animi
1829 2555 2021 2614 tegen-

440 2635 550 2689 dis.
577 2634 778 2690 Verum
813 2653 875 2690 ex
913 2637 1013 2691 hac
1045 2639 1160 2707 ipsa
1191 2639 1522 2692 confidentia
1553 2638 1798 2706 ipsorum
1832 2638 2015 2692 adole-

432 2739 620 2783 scente
671 2730 982 2784 invidorum
1042 2732 1189 2795 odio,
1245 2740 1300 2785 et
1355 2747 1554 2785 arcana
1610 2731 2013 2784 obtrectatione

434 2833 542 2871 non
573 2829 846 2885 cessante,
897 2837 1018 2874 cum
1075 2823 1551 2876 admonitionibus
1592 2825 1847 2889 Auguste
1891 2836 2018 2890 pro-

2116 1983 2184 2056 ἦν
2220 1987 2506 2054 ἑκάτερος.
2543 1987 2616 2038 Τὸ
2656 1985 2713 2038 δὲ
2761 1985 2986 2056 σκέμμα
3029 1986 3192 2055 σοφόν
3220 2002 3278 2038 τε
3325 1984 3420 2041 καὶ
3448 1982 3703 2052 παλαμή-

2115 2080 2276 2145 δειον,
2304 2079 2392 2132 ἵνα
2427 2082 2474 2132 εἰ
2512 2079 2724 2146 γένοιτο
2755 2079 2847 2131 τὸν
2869 2078 3060 2148 ἕτερον
3098 2077 3308 2131 τούτων
3355 2074 3711 2145 κατασχεθῆ-

2115 2191 2201 2225 ναι
2228 2173 2314 2225 διὰ
2336 2171 2434 2235 τὰς
2451 2171 2723 2244 λαθραίας
2751 2169 3046 2234 ἐπιϐουλὰς
3073 2167 3182 2222 τῶν
3198 2166 3710 2238 παραδυναστευόν-

2117 2279 2225 2314 των
2277 2261 2503 2314 ἐκείνων
2547 2259 2792 2325 Σκυθῶν,
2847 2262 3042 2330 ἅτερος
3076 2257 3423 2327 ἀποδράσειε,
3475 2254 3570 2306 καὶ
3631 2252 3709 2322 μὴ

2120 2356 2238 2424 ἅμα
2281 2355 2373 2406 καὶ
2408 2354 2575 2422 ἄμφω
2627 2353 2747 2410 ταῖς
2798 2352 3003 2419 πάγαις
3032 2349 3140 2401 τῶν
3182 2347 3488 2418 Βαρϐάρων
3532 2346 3712 2412 ἐμπε-

2122 2447 2364 2500 σοῦνται.
2412 2444 2572 2500 Ἀλλὰ
2597 2445 2656 2497 τὸ
2700 2445 2799 2513 μὲν
2832 2444 3057 2514 σκέμμα
3086 2440 3329 2494 τοιοῦτον
3358 2435 3449 2510 ἦν.
3485 2436 3562 2489 Οὐ
3597 2435 3712 2504 μὴν

2121 2537 2262 2592 κατὰ
2309 2539 2408 2606 τὴν
2457 2535 2694 2605 ὑποψίαν
2743 2536 2970 2589 ἐκείνων
3025 2536 3335 2604 ἀπηντήκει
3385 2532 3600 2593 τούτοις
3641 2529 3712 2580 τὰ

2121 2631 2448 2702 πράγματα.
2487 2630 2774 2698 Ἔιρθασαν
2825 2629 2932 2699 γὰρ
2972 2629 3258 2698 κρείττους
3306 2622 3562 2692 γενέσθαι
3597 2620 3713 2672 τῶν

2121 2724 2585 2779 ἐπιϐουλευόντων
2635 2723 2869 2793 ἀνδρῶν,
2899 2722 2974 2785 ὡς
3021 2721 3218 2774 ἔνθενὸ
3244 2719 3400 2788 λόγος
3447 2717 3713 2786 ἀφορμη-

2133 2819 2245 2881 θεῖς
2281 2817 2367 2870 διὰ
2398 2816 2578 2884 πάσης
2611 2814 2910 2883 σαφηνείας
2943 2811 3224 2883 δηλώσειε.

434 2910 614 2963 missis
633 2913 831 2966 stantis
855 2923 1006 2966 certo
1033 2918 1452 2985 comperissent,
1519 2917 1880 2970 constitutum
1943 2927 2066 2967 esse
2109 2909 2252 2982 apud
2284 2926 2473 2966 servos
2505 2910 2640 2963 duos
2676 2909 2766 2979 qui
2840 2908 3098 2962 facilitate
3138 2907 3486 2976 imperatoris
3517 2905 3716 2959 abuteo

434 3001 652 3068 bantur,
676 3000 987 3061 Comueaos
1018 3007 1084 3060 de
1110 3007 1290 3062 medio
1320 3009 1610 3075 tollendos,
1631 2993 2008 3070 decreverunt,
2042 3019 2148 3058 non
2178 3015 2234 3057 ut
2269 3011 2426 3056 antea
2455 3001 2704 3056 solebant
2733 3001 2892 3055 ambo
2923 2999 3086 3055 simul
3113 2999 3377 3070 quotidie,
3455 2998 3551 3052 sed
3629 2997 3713 3050 al.

455 3095 608 3148 eruis
641 3104 855 3150 tantum
891 3097 1088 3153 diebus
1137 3101 1333 3170 singuli
1365 3101 1545 3154 aulam
1634 3101 1786 3154 adire
1830 3116 1845 3154 :
1919 3098 2079 3165 cujus
2121 3096 2337 3151 solet-tis
2370 3094 2584 3150 consilii
2615 3107 2675 3145 ea
2712 3095 2848 3147 ratio
2879 3102 3018 3156 erat,
3049 3100 3107 3147 ut
3135 3091 3180 3146 si
3210 3093 3332 3160 quis
3365 3091 3503 3145 forte
3543 3089 3704 3158 ipso-

373 3177 386 3186 ’
434 3202 554 3244 rum
590 3193 1005 3263 intercipere-tur
1041 3195 1258 3250 insidiis
1290 3195 1620 3265 Scytharum
1660 3196 1879 3248 illorum
1915 3195 2004 3260 qui
2051 3202 2163 3245 tum
2201 3191 2385 3243 omnia
2430 3198 2702 3258 poterant,
2735 3189 2904 3241 altero
2939 3189 3131 3242 saltem
3177 3183 3388 3241 malur'a
3448 3198 3508 3238 se
3574 3183 3710 3251 fuga

436 3282 775 3340 subducente
817 3287 1019 3342 familia
1064 3287 1320 3344 funditus
1385 3304 1494 3342 non
1559 3289 1853 3344 deleretur.
1887 3285 2087 3340 Verum
2132 3283 2346 3339 meliori
2387 3282 2506 3336 loco
2539 3296 2627 3335 res
2670 3280 2911 3350 ipsorum
2949 3286 3109 3334 erant
3152 3293 3313 3348 quam
3358 3276 3712 3345 suspiciones

434 3379 783 3434 minabantur

831 3383 1134 3452 :adeoqne
1193 3385 1354 3440 ambo
1415 3385 1557 3442 apud
1626 3385 2009 3450 imperatorem
2091 3381 2264 3452 pluris
2322 3393 2512 3436 revera
2567 3385 2727 3432 erant
2777 3392 2940 3447 quam
3015 3376 3368 3432 insidiatores
3458 3374 3710 3444 ipsorum

432 3483 921 3547 quantumcunque
961 3488 1211 3548 potentes
1248 3483 1566 3536 viderentur
1607 3497 1618 3532 :
1652 3480 1816 3534 facile
1844 3479 1896 3533 id
1922 3479 2172 3548 apparuit
2192 3493 2254 3533 ea
2283 3477 2575 3532 occasione
2606 3491 2770 3546 quam
2803 3474 2892 3529 hic
2922 3474 3235 3528 distinctius
3266 3487 3558 3544 exponam.

511 3566 804 3636 Occupatac
847 3586 875 3623 a
929 3571 1124 3628 Turcis
1173 3575 1326 3630 urbis
1361 3575 1543 3645 Cyziei
1579 3584 1804 3642 accepto
1836 3575 2006 3644 itnpe‘

2186 3574 2302 3644 Τῆς
2353 3574 2568 3636 πόλεως
2621 3573 2802 3625 τοίνυν
2860 3570 3104 3633 Κυζίκου
3139 3569 3213 3638 (8)
3266 3568 3715 3639 κατασχεθείσης

438 3659 808 3713 rator‘nuntio
843 3660 1091 3715 Alexium
1125 3664 1307 3717 subito
1361 3666 1616 3720 accersit.
1653 3665 1779 3720 Erat
1821 3666 1866 3720 is
1900 3667 2016 3722 dies

439 3762 546 3814 quo
577 3747 732 3816 juxta
757 3761 1024 3809 conventa
1061 3771 1323 3824 apparere
1355 3756 1409 3811 in
1439 3759 1641 3826 palatio
1674 3759 1824 3814 solus
1849 3759 2015 3815 debe-

441 3839 534 3894 bat
572 3843 812 3900 lsaacius
847 3860 862 3896 :
893 3847 985 3916 qui
1040 3858 1326 3918 propterea
1380 3854 1446 3903 ad
1485 3865 1776 3907 occursum
1833 3853 2018 3908 fratris

439 3946 548 3985 non
579 3948 767 4001 parum
799 3937 1122 4002 admiratus,
1165 3956 1382 3995 causam
1437 3960 1502 3997 ex
1549 3959 1614 3997 eo
1663 3956 2016 4013 percontatus

442 4023 679 4080 breviter
717 4029 952 4082 audivit.
986 4030 1192 4087 Deinde
1215 4033 1489 4089 admissos
1521 4038 1713 4090 ambos
1742 4038 2016 4107 solitaque

447 4119 768 4175 adoratione
805 4121 1024 4179 functos
1056 4125 1354 4195 imperator
1383 4137 1704 4197 exspectare
1740 4130 2017 4199 paulisper

437 4211 647 4277 jussus,
681 4215 940 4283 quoniam
974 4227 1093 4272 erat
1132 4219 1266 4273 bora
1301 4222 1546 4287 prandii,
1576 4225 1904 4278 accumbere
1929 4239 2017 4279 se-

440 4317 562 4355 cum
586 4304 776 4369 jussit.
805 4306 968 4364 Divisi
1006 4319 1135 4364 sunt
1173 4311 1373 4366 fratres
1405 4312 1459 4366 in
1493 4327 1790 4383 utrumque
1816 4329 2017 4368 mensa:

441 4391 606 4458 latus,
643 4394 730 4447 hic
762 4397 828 4450 ad
861 4398 1165 4463 dexteram,
1209 4400 1297 4455 ille
1328 4403 1394 4455 ad
1433 4404 1712 4457 sinistram
1744 4419 1811 4456 ex
1841 4419 2014 4472 oppo-

439 4481 545 4536 sito
577 4499 588 4536 :
621 4486 762 4538 unde
800 4496 1026 4543 incestas
1059 4491 1534 4546 circumstantium
1571 4492 1741 4548 facies
1769 4506 1823 4547 et
1854 4494 2013 4548 habi-

437 4584 522 4628 tus
554 4581 740 4631 nescio
780 4583 907 4648 quid
958 4583 1194 4637 invicem
1248 4585 1713 4639 insusurrantium
1763 4586 2014 4642 videntes

439 4669 557 4734 pari
585 4679 810 4740 uterque
842 4685 989 4728 metu
1016 4677 1522 4739 commovebantur,
1557 4694 1624 4732 ne
1647 4686 1763 4733 arte
1789 4678 2016 4733 insidia-

438 4769 616 4814 torum
652 4770 965 4837 congregati
999 4771 1066 4822 ad
1103 4785 1346 4838 praesens
1378 4771 1628 4826 exsiliunt
1657 4781 2011 4827 vocarentur.

437 4851 600 4922 l'lrgo-
640 4865 696 4909 ut
747 4870 1007 4928 poterant
1051 4862 1270 4918 furtivis
1330 4864 1616 4919 oculorum
1675 4864 2015 4934 conjectibus

2123 3668 2273 3737 παρὰ
2297 3667 2404 3725 τῶν
2429 3666 2711 3735 Τούρκων,
2740 3664 3042 3733 πυθόμενος
3074 3662 3171 3732 τὴν
3202 3661 3301 3731 τῆς
3328 3661 3537 3724 πόλεως
3565 3659 3718 3712 ἄλω-

2125 3777 2208 3812 σιν
2255 3762 2282 3812 6
2330 3759 2712 3828 αὐτοκράτωρ,
2745 3756 2837 3810 τὸν
2885 3755 3172 3825 Κομνηνὺν
3215 3754 3417 3806 αὐτίκα
3465 3769 3714 3822 μετεκα-

2081 3913 2084 3916 _
2120 3852 2268 3904 λεῖτο
2315 3849 2579 3913 Ἀλέξιον.
2614 3849 2808 3918 Ἔτυχε
2843 3847 2951 3916 γὰρ
2987 3846 3128 3899 κατὰ
3169 3844 3269 3916 τὴν
3307 3844 3523 3914 ἡμέραν
3558 3844 3717 3896 ὲκεί-

2120 3961 2219 4014 νην
2269 3945 2297 3996 ὁ
2364 3943 2637 4007 Ἰσαάκιος
2695 3939 2994 4010 ἐληλυθώς.
3055 3940 3142 4001 Ὦς
3199 3937 3256 3991 δὲ
3314 3929 3718 4006 εἰσερχόμενον

2121 4036 2311 4089 τοῦτον
2366 4035 2518 4106 παρὰ
2577 4033 2677 4105 τὴν
2733 4035 3009 4104 συνθήκην
3056 4035 3084 4086 6
3130 4031 3363 4100 ἀδελφὸς
3434 4029 3718 4091 Ἰσαάκιος

2120 4129 2406 4189 ἐθεάσατο,
2472 4124 2788 4195 προσελθὼν
2839 4123 3030 4194 ἠρώτα
3067 4123 3192 4176 ὅτου
3241 4123 3403 4192 χάριν
3460 4120 3711 4190 παρεγέ·

2121 4239 2264 4276 νετο.
2309 4221 2368 4274 '0
2423 4221 2479 4273 δὲ
2522 4219 2685 4282 εὐθὺς
2739 4217 2839 4287 τὴν
2895 4215 3078 4270 αἰτίαν
3136 4215 3369 4285 εἰρήκει,
3419 4213 3545 4266 Ὅτι
3615 4231 3720 4283 με,

2123 4312 2311 4382 φησιν,
2345 4316 2373 4366 6
2404 4311 2769 4381 αὐτοκράτωρ
2818 4307 3289 4380 προσεκαλέσατο.
3333 4307 3722 4361 Εἱσελθόντων

2119 4398 2213 4456 οὖν
2246 4404 2452 4472 ἀμφοῖν
2483 4401 2579 4455 καὶ
2617 4403 2717 4471 τὴν
2748 4399 2958 4470 συνήθη
2993 4397 3369 4468 προσκύνησιν
3397 4400 3725 4466 ποιησαμέ-

2121 4512 2227 4550 νων
2276 4495 2424 4567 (ὲπεὶ
2470 4496 2695 4565 ἀρίστου
2744 4494 2934 4564 καιρὸς
2963 4492 3064 4565 ἤδη
3117 4491 3321 4562 παρῆν)
3369 4495 3722 4562 προσμεῖναι

2125 4589 2320 4661 μικρὸν
2360 4587 2943 4658 παρακελευσάμενος,
2972 4586 3301 4653 προστάττει
3331 4585 3516 4653 κοινῆς
3549 4585 3722 4651 αὐτῷ

2119 4682 2406 4753 τραπέζης
2453 4681 2859 4750 μετειληχέναι,
2897 4678 2991 4730 καὶ¹
3037 4677 3100 4748 δὴ
3143 4675 3506 4746 διαιρεθέντες
3544 4676 3574 4729 6
3608 4677 3721 4746 μὲν

2124 4775 2254 4844 περὶ
2286 4774 2346 4826 τὸ
2374 4773 2548 4838 δεξιὸν
2583 4773 2748 4844 μέρος
2779 4773 2827 4804 ⁵⁸
2859 4773 2956 4840 τῆς
2991 4769 3294 4837 τραπέζης,
3325 4769 3354 4821 6
3386 4766 3443 4820 δὲ
3477 4771 3617 4838 περὶ⁸
3652 4770 3722 4821 τὸ

2121 4865 2406 4936 εὐώνυμον
2429 4866 2659 4936 ἀντικρὺ
2687 4864 2954 4934 ἀλλήλων.
2983 4863 3117 4919 Μετ’
3153 4863 3334 4930 ὀλίγον
3362 4861 3420 4914 δὲ
3447 4862 3565 4924 τοῖς
3606 4877 3719 4921 πετ

1512 4980 1710 5040 Varize
1763 4979 2066 5044 lectiones
2097 5000 2175 5043 ex
2207 4981 2341 5044 cod.
2383 4979 2651 5043 Coislin.

508 5079 553 5111 ⁵²
588 5077 872 5131 ὀποδαποί.
948 5080 995 5111 ⁸³
1031 5080 1318 5149 ἐγίνωσκε.
1396 5081 1442 5112 ⁸⁸
1475 5079 1737 5151 καθῆστο.

1490 5173 1630 5235 Car.
1665 5174 1990 5236 Dufresnii
2026 5177 2119 5240 Du
2142 5175 2366 5254 Cangii
2397 5181 2584 5236 notia.

507 5279 584 5347 (7)
619 5278 955 5333 Συσκιάσαι
994 5277 1354 5345 ἁπόρῤητον.
1390 5277 1833 5348 Tltcnpliylactus
1860 5277 2009 5345 Bitlg.

2121 5279 2410 5340 eumdem,
2442 5271 2511 5326 Ὦ
2537 5274 2674 5348 ἄνερ
2700 5314 2713 5333 ,
2742 5273 2834 5326 καὶ
2869 5272 2986 5348 Δζῶν
3017 5273 3344 5348 μεθοδείαις
3408 5277 3722 5348 παντοῖαις

438 5351 678 5418 arelticp.
734 5353 898 5419 epist.
955 5351 1044 5408 Μ,
1095 5353 1159 5399 de
1209 5349 1420 5412 Alexio,
1473 5348 1575 5400 Τὸν
1623 5347 1678 5419 δέ
1727 5365 1790 5415 γε
1855 5348 2009 5416 βασι-

434 5423 554 5482 λέα,
587 5420 678 5472 καί
718 5418 798 5471 τοι.
848 5419 1254 5487 στεγανώτατον
1289 5419 1578 5487 ἄνθρωπον
1628 5418 1756 5470 ὄντα
1779 5459 1791 5474 ,
1822 5423 1913 5470 καί
1942 5421 2002 5470 οὐ

437 5492 617 5562 ῥᾴδιον
659 5491 862 5543 διδόναι
890 5489 1285 5562 ψευδολογίας,
1334 5488 1949 5562 ὅμωςϋκατεμὸιλθαζεν
1981 5492 2007 5542 ὁ

437 5559 826 5630 παμπόνηοοτ.
889 5559 1108 5613 Nini-tas
1149 5564 1198 5611 in
1243 5559 1455 5613 Joanne
1483 5559 1674 5612 Cotnn.
1720 5559 1786 5630 de
1815 5561 2002 5611 eodem

435 5625 646 5695 Alexio,
682 5630 791 5683 τΗν
822 5631 950 5699 γὰρ,
978 5633 1024 5682 εἰ
1062 5631 1154 5682 καί
1189 5649 1270 5693 τις
1297 5630 1458 5693 ἄλλος
1486 5632 1511 5682 ὁ
1537 5630 1696 5699 ἀνὴρ,
1728 5625 1884 5690 οὗτος
1913 5630 2011 5680 καὶ

436 5703 601 5766 σορὸν
639 5701 946 5771 ἡγούμενος
974 5701 1148 5753 ἀεὶ-τὸ
1182 5702 1495 5771 περίεργον,
1539 5702 1670 5768 μηδὲ
1693 5770 1698 5771 ν
1721 5699 1788 5751 τὰ
1837 5699 2008 5771 πολλὰ

435 5770 828 5842 ὶ-Ξαγγελτικδς
859 5772 954 5822 τοῦ
991 5770 1655 5838 ποιητέουίδεικνύμενος.
1687 5770 1823 5826 llinc
1856 5770 2007 5842 0bin

439 5841 595 5896 ciunt
644 5844 712 5898 ab
779 5856 945 5896 uxore
1003 5841 1193 5898 Alexio
1253 5844 1306 5897 in
1343 5843 1603 5897 extremis
1648 5843 1825 5913 agenti
1863 5841 2006 5911 apud

2118 5350 2375 5410 ἐκέκατο,
2425 5347 2788 5413 ἀντίφθογγον
2828 5345 2928 5412 τὴν
2979 5344 3226 5411 γλῶτταν
3279 5346 3530 5398 πλουτῶν
3582 5353 3720 5411 τοῖς

2113 5422 2372 5488 νοήμασι’
2419 5419 2508 5468 κκὶ
2557 5415 2650 5488 νῦν
2679 5416 2731 5466 δὲ
2761 5413 3129 5488 ὀσαύτωςξτοῦ
3181 5416 3296 5484 βίου
3342 5417 3720 5488 ἀπαλλαττό-

2109 5481 2291 5557 μενος,
2340 5485 2754 5556 ἀμεταπτώτως
2795 5485 2941 5553 ἔχεις
2991 5481 3072 5548 οἷς
3127 5481 3222 5538 καὶ
3277 5487 3473 5557 πρώην
3525 5505 3726 5559 προσ-

2105 5559 2308 5614 ἐκεισο.

2183 5629 2260 5694 (8)
2296 5627 2573 5688 Κυζίκου.
2598 5626 2890 5697 (ἴγῑτοιιιιι,
2932 5626 3122 5679 urbem
3165 5626 3230 5680 ad
3267 5627 3720 5696 Propontidem,

2105 5701 2158 5754 in
2211 5699 2475 5752 'l‘lientate
2527 5696 2619 5748 τοῦ
2660 5695 2961 5762 "Oti/mirae,
3014 5695 3471 5766 expugnaverant
3529 5713 3725 5756 antea

2107 5771 2369 5837 Agareni,
2399 5769 2710 5841 imperante
2733 5767 3109 5836 Copi-onymo,
3136 5778 3194 5822 ut
3233 5777 3432 5824 auctor
3463 5778 3552 5826 cst
3589 5770 3725 5827 Ce—

2115 5845 2337 5898 drcnus.
