3934 6572
325 390 419 460 l‘l

1606 406 1822 471 ΔΝΝεΕ
1848 404 2230 469 (ῙΟΜΝΕΝιΕ

3385 400 3399 411 ”
3490 405 3594 471 192

320 524 464 570 rent.
506 514 644 582 Quid
678 517 824 573 enim
862 528 1014 575 certo
1068 529 1246 590 potest
1290 522 1453 578 statui
1510 522 1578 577 do
1622 526 1901 579 voluntate

2018 519 2356 593 εὐμετάφορά
2391 538 2513 585 πως
2561 521 2654 576 καὶ
2683 519 2930 593 Εὐρίπου
2971 520 3150 591 δίκην,
3178 523 3256 588 ὡς
3300 526 3358 581 ἓν
3393 528 3595 600 παλιρ-

318 608 630 665 animorum
663 612 931 679 ejusmodi
979 614 1259 669 motilium
1308 624 1361 668 ct
1397 615 1583 687 Euripi
1620 635 1769 672 more
1815 637 1895 672 re-

316 702 443 757 ﬂuis
507 706 748 761 motibus
819 706 1021 760 levium
1086 710 1395 763 studiorum
1458 713 1901 781 reciprocatione

316 808 581 865 perpetua
616 801 1009 853 :estuautium?

391 892 613 967 interim
650 896 765 948 haec
802 896 1051 951 videntes
1086 900 1226 952 servi
1273 917 1339 953 ne
1384 901 1487 968 ipsi
1536 902 1758 971 quidem
1794 903 1901 958 sibi

338 1002 383 1039 ~c
418 1004 687 1045 cuicemo
730 992 1017 1057 proposito
1070 993 1322 1049 deerant.
1380 994 1484 1049 Sed
1529 995 1902 1052 frustra'esse

347 1082 560 1131 ‘|\;tilas
601 1090 654 1134 et
687 1083 1000 1141 Contncttos
1033 1089 1279 1155 quotidie
1323 1108 1573 1145 crescere
1607 1108 1669 1146 ac
1713 1109 1905 1150 corro-

322 1172 501 1222 borari
540 1184 877 1238 reputantes
914 1188 1038 1235 post
1074 1182 1241 1233 multa
1280 1183 1518 1251 denique
1548 1186 1695 1239 ultro
1732 1188 1906 1239 citro-

319 1280 422 1319 une
454 1265 596 1317 dicta
631 1276 979 1335 statuerunt,
1016 1273 1231 1339 longam
1268 1275 1406 1326 viam
1447 1278 1771 1342 compendio
1805 1278 1906 1331 ab-

317 1356 553 1413 solvere.
615 1358 866 1423 Quonam
933 1364 1155 1417 autem?
1206 1364 1531 1422 Evocandos
1582 1381 1742 1424 nocte
1797 1387 1903 1425 una

317 1449 639 1507 Comuenns
672 1456 864 1510 ambos
899 1457 1253 1525 imperatoris
1286 1461 1506 1514 nomine
1543 1467 1905 1532 quantumvis

318 1542 476 1597 inscii
513 1563 525 1598 :
552 1544 631 1599 sic
654 1550 1069 1616 comprehensis
1097 1553 1373 1606 eruendos
1399 1551 1512 1623 49
1533 1554 1730 1608 oculos
1765 1543 1907 1608 falso

318 1637 548 1693 crimine
590 1639 866 1707 imposito.
923 1641 1045 1695 llaec
1108 1659 1320 1698 summa
1379 1647 1617 1701 consilii.
1669 1647 1789 1714 Qun
1840 1650 1905 1703 ad

319 1724 636 1785 Cnmnenos
676 1741 824 1787 certo
858 1735 1090 1801 perlato,
1149 1746 1267 1802 post
1314 1735 1769 1792 deliberationem
1802 1757 1900 1793 an-

322 1819 467 1872 xiam
492 1830 543 1871 et
574 1822 784 1887 longam
815 1823 988 1875 visum
1023 1827 1240 1893 utrique
1268 1837 1346 1880 cst
1372 1845 1533 1881 unam
1557 1831 1910 1899 expediendae

322 1912 521 1965 salutis
574 1913 718 1966 viam
773 1914 824 1965 in
858 1913 1163 1971 defectione
1207 1920 1367 1972 sitam
1420 1936 1561 1983 esse,
1604 1938 1669 1975 eo
1713 1939 1771 1977 se
1819 1940 1913 1978 ex-

322 2014 495 2058 trema
530 2011 859 2063 necessitate
879 2010 1062 2075 trudi;
1103 2012 1228 2079 quis
1256 2013 1400 2067 enim
1432 2025 1755 2083 exspectare
1784 2032 1911 2074 sus-

320 2097 491 2153 tineat
522 2099 648 2152 dum
676 2100 880 2155 ferrum
913 2104 1153 2156 candens
1202 2106 1521 2174 applicitum
1575 2108 1751 2161 oculis
1776 2110 1913 2163 lucis

325 2191 507 2247 ipsum
546 2208 607 2243 ac
643 2194 776 2247 solis
830 2210 995 2248 usura
1035 2197 1248 2263 privet?
1298 2198 1585 2251 Occultuat
1625 2208 1831 2264 autem,
1859 2215 1916 2257 ut

322 2299 424 2351 par
446 2297 587 2344 erat.
618 2286 669 2340 id
698 2287 978 2342 deero-tum
1012 2290 1305 2352 habebant,
1332 2293 1508 2359 quoad
1541 2295 1684 2347 hrevi
1720 2311 1915 2364 perpe-

322 2377 503 2430 traudi
536 2377 656 2447 ejus
678 2381 897 2433 occasio
933 2398 991 2435 se
1019 2384 1219 2437 obtulit
1254 2385 1382 2438 talis
1407 2385 1686 2455 quaedam.
1718 2386 1911 2441 Datum

319 2478 438 2521 erat
497 2470 774 2538 negotium
813 2472 1001 2527 Alexio
1028 2515 1042 2537 ,
1096 2476 1297 2545 quippe
1338 2492 1538 2548 magno
1579 2486 1691 2532 tum
1729 2480 1917 2535 dome-

321 2561 461 2613 stico
484 2560 823 2627 Occidentis,
854 2564 1163 2622 inducendi
1187 2568 1238 2621 in
1271 2569 1458 2623 urbem
1485 2581 1694 2639 partem
1723 2590 1917 2641 quam-

326 2652 453 2706 dam
504 2658 783 2712 exercitus
814 2662 1136 2713 armandam
1178 2665 1443 2716 adversus
1480 2664 1763 2731 Agarenos
1817 2669 1913 2736 qui

322 2745 514 2800 urbem
542 2746 801 2816 Cyzicum
835 2750 1203 2821 diripuerant.
1240 2753 1354 2810 Hoc
1385 2758 1474 2811 ille
1501 2769 1768 2826 praetextu
1807 2761 1909 2812 du-

322 2851 415 2892 ces
450 2842 728 2895 exercitus
783 2843 885 2897 sibi
937 2845 1176 2900 maxime
1210 2848 1346 2905 ﬁdos
1384 2852 1636 2905 evocavit
1692 2852 1913 2909 scrit‘tis

324 2927 544 2984 litteris.
585 2930 798 2996 Quibus
857 2936 1097 3005 undique
1141 2956 1339 3009 magno
1398 2944 1580 2997 studio
1619 2947 1669 2999 in
1722 2949 1909 3001 urbem

326 3019 918 3105 festinantibus,‘adiit
954 3031 1342 3099 imperatorem
1375 3036 1596 3103 quidam
1636 3039 1915 3094 sulmrnaa

324 3122 417 3169 tus
450 3114 519 3168 ab
556 3115 728 3171 altero
760 3133 1046 3174 servorum
1091 3122 1296 3189 Borilo,
1334 3128 1697 3199 qumsitilquc
1731 3147 1794 3185 ex
1848 3148 1912 3187 eo

2007 613 2131 685 ροίᾳ
2164 614 2639 685 περιπλαζόμενα.

2074 883 2263 937 Ταῦτα
2297 884 2536 953 ὁρῶντες
2570 884 2619 937 οἱ
2651 883 2827 939 δοῦλοι
2873 886 2967 939 καὶ
3002 886 3153 950 ὅπως
3183 887 3242 940 οὐ
3274 887 3416 942 κατὰ
3465 907 3593 943 axo-

2006 975 2106 1027 πδν
2140 975 2323 1035 αὐτοῖς
2360 973 2421 1025 τὸ
2456 974 2687 1044 πρᾶγμα
2718 973 2935 1045 προῄει.
2967 974 3087 1027 οὐδὲ
3121 976 3151 1042 ἡ
3184 976 3292 1026 τῶν
3331 974 3595 1029 τοιούτων
3684 992 3693 1001 ί

2007 1065 2223 1135 ἀνδρῶν
2284 1065 2534 1119 ἀπώλεια
2588 1067 2823 1135 εὐχερής
2880 1068 3029 1119 ἐστιν
3093 1068 3298 1128 αὐτοῖς,
3356 1069 3453 1137 τῆς
3497 1068 3593 1121 τοῦ

2007 1160 2416 1230 αὐτοκράτορος
2472 1161 2527 1221 ἐς
2572 1160 2772 1221 αὐτοὺς
2827 1161 3118 1229 εὐμενείας
3169 1163 3442 1232 ὁσημέραι
3495 1166 3595 1217 αὐ⁴

2007 1250 2299 1321 ξανούσης,
2356 1249 2529 1303 πολλᾶ
2562 1251 2660 1319 μὲν
2692 1252 2961 1317 εἰπόντες,
3000 1253 3171 1306 πολλά
3216 1254 3271 1306 δὲ
3304 1255 3399 1308 καὶ
3439 1258 3601 1309 ἀπει-

2008 1345 2244 1407 πόντες.
2307 1344 2394 1413 ἐφ’
2435 1345 2628 1415 ἑτέραν
2685 1346 2929 1417 ἀτραπὸν
2988 1346 3331 1415 ἐτράπησαν.
3390 1349 3485 1411 Τίς
3541 1350 3599 1402 δὲ

2008 1434 2188 1505 αὐτης
2251 1436 2368 1487 Ἵνα
2425 1436 2484 1488 ἐν
2542 1436 2639 1506 μιᾷ
2698 1435 2854 1488 νυκτὶ
2913 1436 3425 1506 μετακαλεσάμενοι
3469 1437 3600 1491 τούιο

2008 1548 2137 1592 τους
2190 1528 2390 1599 βουλῆς
2427 1529 2562 1600 ἄτερ
2618 1529 2711 1582 τοῦ
2772 1529 3107 1601 κρατοῦντος
3168 1530 3413 1585 ἐκποδὼν
3466 1532 3601 1596 τοὺς

2010 1622 2216 1692 ἄνδρας
2273 1622 2641 1691 ποιήσωνται,
2698 1622 2824 1683 τοὺς
2882 1621 3065 1674 αὐτῶν
3097 1621 3416 1691 ὀφθαλμοὺς
3472 1624 3596 1688 ἐξο-

2014 1712 2295 1783 ρύξαντες,
2328 1712 2497 1781 ψευδῆ
2544 1711 2724 1765 αίτίαν
2756 1710 3225 1781 ἀναπλασάμενοι.
3259 1712 3428 1765 Τοῦτο
3466 1716 3597 1778 τοὺς

2022 1806 2348 1875 Κομνηνούς
2369 1805 2428 1857 οὐ
2460 1804 2694 1857 διέλαθε.
2730 1803 2841 1857 Kal.
2875 1805 2998 1857 ἐπεὶ
3035 1803 3205 1858 πολλά
3235 1807 3601 1877 γνωσιμαχή-

2024 1914 2234 1959 σαντες,
2270 1896 2531 1964 ὑπόγυιον
2582 1896 2674 1949 τὸν
2724 1895 2967 1950 κίνδυνον
3017 1896 3283 1964 ἔγνωσαν,
3327 1899 3456 1969 μίαν
3488 1917 3601 1952 σω-

2017 1989 2212 2059 τηρίας
2238 1989 2427 2042 ἐλπίδα
2461 1989 2558 2059 τὴν
2591 1988 2931 2043 ἀποστασίαν
2964 1988 3202 2055 ἐδόκουν,
3230 1991 3364 2061 πρὸς
3392 1991 3602 2063 ταύτην

2018 2085 2137 2136 κατ’
2164 2083 2411 2153 ἀνάγκην
2441 2082 2641 2153 πολλὴν
2674 2081 3099 2151 συνωθούμενοι.
3140 2082 3206 2135 Τί
3240 2084 3351 2155 γὰρ
3382 2085 3465 2138 δεῖ
3495 2104 3599 2139 πε-

2027 2181 2274 2250 ριμένειν
2306 2180 2397 2233 τὸν
2437 2181 2806 2247 ἐπενεγκόντα
2838 2180 3038 2250 μύδρον
3067 2183 3182 2243 τοῖς
3229 2181 3465 2251 δμμασι,
3504 2181 3603 2236 καὶ

2016 2272 2106 2326 τὸν
2136 2274 2192 2326 ἐν
2239 2273 2424 2337 αὐτοῖς
2466 2273 2618 2344 ἥλιον
2666 2273 3070 2341 ἀποσϐέσοντας
3113 2273 3472 2345 ’Υποϐρύχιον
3506 2275 3603 2330 οὖν

2018 2369 2074 2421 ἐν
2110 2370 2230 2432 ταῖς
2259 2368 2460 2437 ψυχαῖς
2488 2369 2584 2437 τὴν
2620 2366 2852 2439 γνώμην
2882 2367 3094 2438 ταύτην
3132 2363 3299 2439 εἶχον.
3359 2369 3514 2423 Ἐπεὶ
3542 2370 3601 2423 δὲ

2021 2460 2138 2529 μετ’
2173 2460 2235 2513 οὐ
2262 2459 2397 2515 πολύ
2430 2463 2836 2531 προσετέτακτο
2883 2464 2911 2516 ό
2945 2464 3184 2529 ’Δλέξιός
3232 2483 3355 2519 τινα
3404 2466 3602 2535 μερίδα

2016 2554 2117 2623 τῆς
2164 2557 2426 2622 στρατιᾶς
2483 2556 2798 2626 εἰσαγαγεῖν
2852 2557 3156 2628 μέλλουσαν
3216 2559 3602 2626 ἐξοπλίζεσθαι

2017 2649 2157 2703 κατὰ
2186 2648 2296 2702 τῶν
2326 2648 2718 2721 πορθησάντων
2742 2650 2843 2721 τὴν
2873 2653 3028 2706 πόλιν
3053 2652 3293 2717 Κυζίκου
3333 2654 3377 2685 ⁸⁸
3427 2654 3599 2723 Ἄγα-

2019 2740 2201 2810 ρηνῶν
2254 2740 2436 2811 (ἔτυχε
2486 2743 2598 2813 γὰρ
2650 2742 2955 2812 τηνικαῦτα
3006 2743 3330 2814 δομέστικος
3382 2747 3445 2799 ἐκ
3498 2745 3603 2817 τῆς

2018 2832 2306 2903 ἑσπέρας),
2350 2834 2607 2905 ἀφορμῆς
2638 2835 2860 2905 εὐλόγου
2891 2836 3245 2907 δραξάμενος,
3273 2840 3399 2903 τοὺς
3429 2838 3605 2903 εὔνως

2022 2921 2157 2990 πρὸς
2188 2922 2353 2975 αὐτὸν
2379 2922 2601 2993 ἔχοντας
2621 2926 2730 2978 τῶν
2756 2926 2849 2978 τοῦ
2883 2928 3116 2998 στρατοῦ
3151 2930 3435 2999 ἡγεμόνων
3460 2932 3603 2999 μετὰ

2018 3015 2129 3067 τῶν
2190 3015 2283 3068 ὑπ’
2320 3017 2521 3080 αὐτοὺς
2580 3016 2669 3071 διὰ
2736 3021 3081 3088 γραμμάτων
3150 3021 3598 3088 μετεκαλέσατο⁶

2019 3110 2121 3162 καὶ
2171 3109 2235 3179 δὴ
2268 3110 2581 3180 κινηθέντες
2618 3112 2858 3176 ἅπαντες
2910 3114 3046 3185 πρὸς
3078 3113 3177 3185 τὴν
3229 3116 3599 3185 μεγαλόπολιν

323 3219 454 3258 num
495 3204 657 3273 jussu
693 3208 815 3277 ejus
847 3212 1039 3279 cupias
1075 3215 1360 3273 universas
1390 3218 1443 3272 in
1479 3220 1667 3275 urbem
1709 3226 1908 3295 regiam

2018 3199 2337 3270 ἠπείγοντο.
2382 3202 2471 3255 Ἐν
2500 3203 2744 3272 τοσούτῳ
2780 3204 2837 3257 δὲ
2886 3204 3147 3259 εἰσελθών
3182 3225 3266 3270 τις
3298 3207 3358 3271 ἐξ
3389 3209 3599 3280 ὑποθή-

330 3312 563 3363 magnus
588 3302 933 3359 domesticus
958 3305 1260 3364 induceret.
1317 3310 1616 3380 imperator
1648 3331 1904 3383 magnum

326 3391 512 3445 Statim
551 3392 917 3450 domesticum
969 3413 1260 3456 accersens
1285 3441 1301 3464 ,
1337 3415 1494 3473 rogat
1536 3408 1736 3475 ecquid
1781 3424 1910 3463 vera

325 3485 606 3539 nuntient.
650 3486 879 3542 Alexius
914 3498 1125 3558 partem
1155 3493 1374 3562 quidem
1407 3499 1685 3553 exercitus
1712 3499 1917 3555 fatetur

327 3586 358 3626 a
397 3590 456 3628 se
495 3585 657 3643 prout
686 3586 805 3633 erat
833 3580 1024 3648 jussus
1053 3593 1332 3641 evocatam
1358 3604 1373 3654 ;
1402 3589 1470 3644 de
1499 3592 1776 3649 universis
1821 3610 1917 3649 co-

328 3664 431 3733 piis
470 3677 768 3737 pernegat;
814 3672 977 3740 idque
1013 3673 1084 3728 ita
1119 3678 1507 3745 verisimiliter,
1554 3696 1614 3738 ut
1646 3684 1803 3741 fidem
1836 3688 1915 3741 l'a-

329 3766 483 3811 ceret
539 3757 743 3829 Nempe
777 3764 861 3817 hic
899 3781 1112 3833 rumor,
1164 3770 1363 3835 aiebat,
1399 3773 1526 3830 inde
1578 3786 1733 3833 ortus
1784 3790 1867 3837 eSt
1896 3822 1911 3847 ,

328 3851 502 3919 quod,
537 3868 659 3908 cum
688 3856 943 3913 cohortes
977 3858 1081 3917 illae
1113 3880 1232 3932 quae
1255 3865 1363 3921 huc
1390 3869 1539 3923 coire
1566 3873 1735 3939 jussre
1782 3883 1914 3930 sunt

331 3944 451 3997 aliae
475 3946 583 3999 alio
605 3948 868 4033 dispersze
901 3951 1102 4018 forent.
1132 3956 1260 4009 dum
1296 3974 1358 4013 ex
1397 3977 1496 4015 suo
1536 3979 1766 4033 qumque
1791 3967 1913 4022 loco

330 4036 397 4089 ad
441 4025 757 4093 condictum
793 4044 1019 4099 conﬂuit
1071 4048 1309 4117 speciem
1367 4025 1576 4121 ignaris
1623 4025 1751 4110 fecit
1792 4059 1917 4112 uni-

328 4130 470 4184 versi
498 4133 776 4189 exercitus
801 4136 992 4192 urbem
1024 4142 1286 4209 petentis.
1312 4143 1493 4199 Borilo
1520 4161 1704 4204 autem
1737 4153 1911 4207 multa

328 4230 517 4275 confra
536 4222 847 4292 disputante
879 4228 1024 4299 (nam
1045 4231 1350 4291 Germanus
1378 4236 1755 4295 insidiatorum
1776 4244 1914 4301 alter

328 4325 525 4371 natura
577 4318 881 4389 simplicior
917 4325 1098 4382 minus
1155 4340 1267 4383 tum
1322 4331 1573 4388 Alexium
1614 4338 1913 4409 lacessivit)

329 4413 618 4479 praevaluit
655 4424 836 4471 tamen
879 4418 1051 4475 Alexii
1111 4438 1226 4477 rem
1263 4430 1615 4495 pernegantis
1666 4434 1911 4486 auctori-

330 4514 435 4566 tas,
466 4512 519 4559 ct
553 4509 801 4563 omnium
841 4513 1069 4571 calculis
1104 4520 1389 4575 accusatio
1420 4522 1621 4589 rejecta
1653 4533 1759 4580 est.
1795 4520 1910 4581 Huc

328 4608 589 4650 successu
624 4603 963 4657 consternati
999 4604 1109 4659 duo
1146 4608 1358 4664 barbari
1386 4652 1398 4673 ,
1445 4613 1618 4681 quod,
1655 4614 1901 4684 inquam,

328 4696 440 4741 tam
475 4691 792 4749 verisimilis
828 4696 1029 4753 delatio
1073 4699 1420 4769 imperatoris
1472 4705 1714 4761 animum
1769 4708 1903 4762 nihil

328 4780 592 4839 adversus
617 4802 869 4856 maguum
903 4790 1265 4848 domesticum
1298 4798 1710 4864 commovisset,
1731 4806 1910 4853 actum

336 4872 408 4927 de
444 4876 606 4931 rebus
652 4887 706 4931 et
760 4881 964 4947 spebus
995 4885 1111 4938 suis
1153 4886 1255 4941 nisi
1296 4896 1710 4955 maturassent,
1763 4891 1909 4954 rati.

335 4982 455 5019 eam
485 4968 660 5037 ipsam
692 4971 744 5024 in
780 4983 993 5027 noctem
1024 4977 1183 5045 cujus
1220 4994 1342 5033 mox
1385 4990 1658 5034 secuturae
1685 4997 1911 5050 vespera

331 5057 626 5121 illuxerat,
694 5065 921 5119 exitiqu
971 5068 1379 5125 Comneuorum
1434 5072 1772 5129 indixerunt.
1814 5076 1913 5131 Est

330 5164 495 5205 onme
526 5156 722 5208 servile
745 5174 915 5225 genus
945 5160 1181 5216 dominis
1220 5161 1517 5229 infensum,
1555 5167 1698 5235 quod
1737 5168 1779 5221 si
1814 5184 1914 5224 no-

332 5255 455 5296 cere
490 5243 727 5302 dominis
760 5249 1125 5317 nequiverint,
1164 5251 1236 5303 ita
1273 5252 1324 5306 in
1359 5268 1670 5308 conservos
1708 5271 1867 5312 versa
1891 5299 1907 5323 ,

335 5332 383 5387 si
409 5350 547 5404 quos
580 5338 823 5407 ipsorum
857 5341 1075 5409 injuriis
1111 5352 1454 5411 opportunos
1488 5344 1707 5399 fortuna
1763 5347 1912 5403 lece-

2020 3309 2124 3362 κης
2146 3293 2376 3366 θατέρου
2400 3298 2509 3347 τῶν
2534 3295 2577 3327 ⁶¹
2600 3295 2803 3348 δούλων
2845 3296 2938 3350 τοῦ
2968 3297 3269 3368 λεγομένου
3293 3300 3522 3371 Βούριλα
3554 3303 3603 3333 ⁸⁸

2027 3384 2298 3460 [Βορίλου]
2336 3388 2498 3457 ἤρετο
2528 3387 2619 3441 τὸν
2659 3388 2888 3458 βασιλέα
2922 3392 2971 3444 εί
3003 3392 3146 3444 κατὰ
3170 3391 3396 3465 γνώμην
3430 3395 3602 3448 αὐτοῦ

2017 3480 2119 3543 τὰς
2175 3481 2442 3550 δυνάμεις
2493 3482 2766 3545 ἀπάσαςό
2801 3484 2974 3552 μέγας
2998 3484 3322 3554 δομέστικος
3371 3488 3451 3550 είς
3500 3488 3603 3558 τὴν

2023 3570 2420 3641 βασιλεύουσαν
2468 3572 2623 3625 πόλιν
2663 3574 2898 3641 εἰσάγει.
2942 3573 3001 3627 Ὀ
3040 3574 3084 3627 δ’
3135 3576 3298 3639 εὐθὺς
3350 3594 3600 3646 μετακα·

2018 3663 2318 3733 λεσάμενος
2344 3662 2534 3716 τοῦτον
2563 3664 2750 3735 ἠρώτα
2807 3667 2855 3717 εί
2884 3665 3083 3735 ἀληθές
3124 3668 3238 3720 ἐστι
3270 3668 3329 3721 τό
3358 3668 3596 3737 λεγόμε-

2019 3773 2130 3813 νον.
2160 3756 2269 3809 Καὶ
2294 3756 2350 3818 ὃς
2383 3758 2583 3811 αὐτίκα
2609 3756 2769 3812 τοῦτο
2799 3758 2897 3827 μὶν
2918 3760 3018 3813 οὐκ
3046 3760 3283 3830 ἠρνεῖτο,
3316 3762 3399 3814 ὅτι
3430 3780 3601 3831 στρα-

2027 3852 2121 3905 τιά
2151 3869 2237 3912 τις
2266 3851 2548 3920 εἰσάγεται
2589 3853 2654 3922 τῇ
2700 3851 2911 3905 ἐκείνου
2960 3852 3231 3916 κελεύσει,
3262 3854 3397 3924 πρὸς
3440 3854 3495 3907 δὲ
3537 3855 3602 3908 τὸ

2021 3946 2207 3998 πᾶσαν
2254 3944 2630 4014 ἁπανταχόθεν
2676 3944 2928 3997 ἐνταυθοῖ
2983 3946 3455 4015 συναθροίζεσθαι,
3506 3965 3602 4001 πι-

2021 4037 2198 4101 θανῶς
2256 4037 2654 4109 παρεκρούετο.
2727 4037 2785 4089 '0
2818 4038 2926 4108 γάρ
3002 4057 3085 4092 τοι
3142 4040 3393 4109 στρατὸς,
3445 4042 3602 4110 φησὶ,

2018 4130 2427 4201 διεσπαρμένος
2460 4128 2533 4182 ὢν
2567 4129 2967 4198 ἁπανταχόθεν,
3010 4130 3170 4195 ἄλλος
3213 4131 3438 4185 ἄλλοθεν
3470 4134 3598 4203 ἥκει

2016 4222 2197 4278 λαϐὼν
2230 4226 2291 4278 τὸ
2322 4226 2622 4296 ἐνδόσιμον.
2662 4226 2768 4280 Kal.
2791 4228 2838 4280 οί
2872 4225 3097 4289 τούτους
3125 4225 3359 4296 ὁρῶντες
3390 4228 3451 4280 ἐκ
3482 4227 3602 4279 δια.

2020 4316 2205 4386 φόρων
2232 4316 2417 4386 μερῶν
2446 4318 2544 4387 τῆς
2577 4317 2687 4370 τῶν
2721 4317 3011 4388 Ῥωμαίων
3040 4318 3342 4387 ἡγεμονίας
3370 4318 3600 4389 ἁθρόους

2020 4408 2457 4478 ἀφικνουμένους
2556 4408 2869 4477 νομίζουσιν
2932 4411 3009 4472 ὡς
3067 4408 3177 4463 ἀπὸ
3254 4410 3601 4480 συνθήματος

2021 4504 2200 4559 πάντα
2230 4506 2325 4558 τὸν
2354 4506 2585 4576 στρατὸν
2613 4505 2868 4559 ἐνταυθοῖ
2898 4503 3374 4577 συναθροίζεσθαι,
3408 4510 3471 4578 τῇ
3497 4507 3599 4577 θέᾳ

2016 4596 2108 4651 καὶ
2138 4596 2718 4669 μόνῃέξαπατώμενοι.
2752 4599 2943 4652 Καίτοι
2975 4598 3021 4631 ⁸³
3046 4598 3142 4652 τοῦ
3173 4596 3396 4669 Βορίλου
3428 4601 3601 4655 πολλά

2014 4689 2150 4760 πρὸς
2180 4688 2402 4753 τούτους
2442 4692 2565 4753 τοὺς
2604 4691 2795 4758 λόγους
2826 4691 3313 4759 ἀντεπενεγκόντος
3340 4692 3405 4758 θι,
3446 4694 3599 4763 ίσχυ-

2018 4782 2236 4852 ρότερος
2267 4785 2362 4835 καὶ
2394 4780 2564 4843 οὕτως
2590 4777 2657 4852 ἦν
2686 4784 2713 4834 ὁ
2756 4781 3015 4847 Ἀλέξιος,
3081 4783 3176 4835 καὶ
3198 4782 3348 4846 ὅλαις
3371 4784 3597 4854 ἐκράτει

2014 4876 2243 4946 ψήφοις.
2301 4876 2362 4929 '0
2412 4875 2471 4928 δὲ
2518 4874 2800 4946 Γερμανὸς
2850 4873 3220 4945 ἁπλούστερος
3248 4875 3323 4928 ὢν
3359 4878 3418 4929 οὐ
3450 4877 3594 4930 πάνυ

2014 4971 2109 5025 τοῦ
2147 4968 2384 5035 ’Δλεξίου
2417 4968 2773 5039 κατέτρεχεν.
2830 4970 2984 5022 Ἐπεὶ
3017 4969 3075 5023 δὲ
3108 4971 3229 5023 οὐδὲ
3265 4970 3331 5023 τά
3365 4974 3597 5042 εἰσηγη-

2015 5065 2180 5118 θέντα
2205 5062 2379 5117 ταῦτα
2408 5062 2549 5117 κατά
2565 5061 2657 5114 τοῦ
2685 5061 3007 5131 δομεστίκου
3026 5064 3073 5096 ⁸⁸
3097 5063 3191 5133 τὴν
3208 5064 3300 5117 τοῦ
3329 5063 3597 5134 βασιλέως

2016 5157 2309 5229 ἐξετάραξε
2361 5156 2579 5226 ψυχὴν,
2644 5156 2836 5222 καιροῦ
2888 5156 3179 5226 λαϐόμενοι
3236 5157 3331 5210 καὶ
3408 5156 3596 5221 ἀδείας

2018 5252 2249 5323 (ἑσπέρα
2304 5250 2361 5304 δὲ
2412 5245 2524 5321 ἦν),
2575 5248 2673 5321 τὴν
2698 5250 2836 5303 κατὰ
2881 5249 2990 5302 τῶν
3022 5248 3323 5319 Κομνηνῶν
3372 5250 3595 5319 ἐνέδραν

2017 5348 2300 5416 ἐξήρτυον.
2367 5344 2526 5396 Ἐστι
2560 5343 2657 5412 μὲν
2688 5342 2796 5413 γὰρ
2830 5344 2903 5412 (9)
2931 5342 3103 5404 ἄλλως
3126 5340 3285 5409 φύσει
3319 5341 3378 5394 τὸ
3406 5340 3597 5395 δοῦλον

1389 5440 1596 5500 Varia!
1629 5440 1935 5504 lectiones
1972 5460 2049 5505 ex
2080 5442 2219 5503 cod.
2254 5437 2537 5500 Coisliu.

405 5534 451 5567 ‘°
474 5533 634 5592 Deest
662 5555 761 5594 vox
792 5539 1057 5602 Κυζίκου.
1093 5540 1135 5571 ⁸⁸
1166 5539 1264 5598 ὢν.
1298 5540 1342 5574 ⁶¹
1374 5543 1597 5612 Βορίλα.
1631 5545 1676 5576 ⁸³
1707 5547 1823 5600 καί.
1854 5547 1901 5579 ⁸⁸

2018 5547 2452 5613 λυπενεγκόντος.
2489 5541 2535 5573 ⁸⁸
2565 5540 2767 5597 Desunt
2788 5554 2947 5597 voces
2964 5539 3107 5593 κατὰ
3127 5540 3222 5593 τοῦ
3245 5538 3594 5609 δομεστικοῦ.

1395 5637 1535 5699 Car.
1573 5639 1900 5701 Dufresnii
1950 5641 2045 5702 Du
2072 5637 2299 5717 Cangii
2339 5644 2529 5698 notae.

412 5733 573 5804 245
608 5734 683 5808 (9)
711 5736 886 5808 Ἔστι
911 5734 1025 5808 μέν
1046 5735 1177 5803 γάρ.
1202 5736 1542 5808 Theophilus
1564 5740 1919 5805 Antecessor,

337 5806 436 5877 lib.
462 5820 504 5877 _t.
537 5808 623 5858 tit.
650 5804 766 5877 8._§
790 5804 826 5857 2
863 5823 877 5859 :
913 5806 1078 5859 Φύσει
1100 5810 1208 5877 γὰρ
1236 5812 1261 5861 ὁ
1283 5804 1469 5871 δοῦλος
1503 5809 1599 5862 τοῦ
1637 5810 1902 5864 δεσπότου

342 5873 621 5939 πολέμιος.
685 5873 898 5933 Tritum
960 5873 1122 5948 illud;
1171 5873 1337 5934 Nulla
1393 5880 1553 5936 vestis
1617 5880 1907 5951 efﬁcacior,

2028 5756 2184 5809 quam
2249 5738 2540 5808 familiaris
2592 5734 2859 5788 inimicus.
2910 5732 3059 5787 Will.
3099 5733 3285 5801 Brito,
3322 5732 3419 5789 lib.
3468 5752 3591 5805 vm,

2018 5810 2255 5947 Μὲίὲξξέ
2287 5848 2428 5934 enim
2460 5875 2643 5948 quavis
2670 5884 2745 5931 est
2773 5886 2914 5945 peste
2943 5873 3258 5933 domesticus
3286 5878 3473 5947 hostis,
