3934 6568
458 391 566 458 210

1751 399 1978 462 ANNIE
2010 399 2388 462 COMNENA!
3611 393 3684 458 22

461 517 643 572 neque
669 503 777 558 vim
831 505 1018 562 intulit
1070 504 1363 561 reluctanti
1420 506 1601 572 fratri,
1657 509 1751 580 qui
1806 510 2028 565 tandem

2144 511 2378 580 συνῆπτο
2407 510 2484 582 τῷ
2513 511 2632 582 ἐμῷ
2664 511 2850 586 πατρί.
2879 511 3107 582 Συνάμα
3129 509 3185 565 δὲ
3215 508 3424 573 τούτοις
3451 505 3545 562 καὶ
3575 514 3626 562 οἱ
3655 511 3718 562 ἐκ

462 595 665 652 cedens
722 598 950 652 rubrum
1008 599 1160 655 indui
1217 601 1322 656 sibi
1381 603 1626 657 calceum
1685 619 1881 673 passus
1929 614 2034 660 est.

462 688 621 744 Tunc
653 691 872 744 initium
906 692 1246 747 acclamandi
1276 693 1438 749 Dura:
1469 696 1739 760 fecerunt,
1765 713 1889 750 cum
1916 697 2037 752 aliis

461 783 531 838 de
570 785 753 838 causis
798 784 850 836 in
885 785 1135 838 Alexium
1173 788 1477 855 proniores,
1530 795 1644 843 tum
1687 793 1830 858 (ιιιοιι
1881 793 2037 845 lrene

465 889 585 928 mea
619 884 794 928 mater
848 891 913 928 ex
968 877 1170 930 familia
1227 878 1472 943 ipsorum
1525 883 1572 935 ei
1606 881 1706 936 rite
1737 885 2034 952 nupsisset.

464 965 758 1022 Snbsecnti
792 984 918 1022 sunt
951 970 1154 1036 Ducas,
1196 973 1536 1027 acelamandi
1585 976 1870 1030 alacritate
1893 978 2034 1046 pari,

461 1061 765 1115 necessarii
793 1078 984 1118 omnes
1011 1066 1300 1133 agnatique
1331 1066 1596 1134 ipsorum,
1626 1068 1883 1124 universo
1911 1087 2034 1126 mox

461 1153 708 1206 exercitu
751 1170 886 1209 voce
912 1171 1157 1211 consona
1208 1167 1264 1212 et
1300 1174 1476 1227 usque
1525 1159 1589 1212 ad
1641 1161 1840 1215 cmlnm
1891 1165 2032 1219 elata

462 1244 714 1298 Alexinm
747 1248 1055 1316 Augustum
1092 1249 1509 1320 ingeminante:
1548 1268 1656 1306 non
1703 1255 1824 1309 sine
1869 1257 2036 1310 mira-

461 1337 592 1390 culo
623 1348 924 1395 contractae
956 1351 1062 1396 tam
1094 1355 1316 1412 repente
1349 1346 1676 1400 concordiae.
1707 1344 1840 1401 Nam
1877 1351 2037 1417 paulo

462 1437 589 1481 ante
616 1431 769 1484 multi
804 1431 1024 1487 fuerant
1068 1444 1174 1488 tam
1219 1436 1416 1504 cupide
1449 1435 1696 1493 faventes
1732 1439 1945 1493 Isaacio
1979 1451 2036 1495 ut

465 1522 684 1590 quidvis
716 1527 917 1593 pacisci
948 1529 1083 1582 velle
1117 1543 1213 1594 pro
1241 1545 1306 1582 eo
1335 1541 1460 1583 voto
1492 1540 1546 1584 et
1581 1547 1679 1588 nec
1709 1533 2034 1589 seditionem

464 1628 567 1668 nec
599 1631 834 1684 pugnam
867 1620 1171 1674 recusatnri
1207 1620 1538 1678 viderentur.

534 1705 669 1760 Dum
701 1709 814 1763 haec
854 1713 1254 1780 peragebantur
1285 1715 1452 1768 didita
1498 1716 1637 1769 fama
1667 1726 1751 1772 est
1790 1717 2034 1773 Melisse-

463 1811 592 1851 num
628 1814 749 1852 cum
784 1810 869 1853 sat
923 1816 1121 1868 magno
1161 1806 1406 1858 exercitu
1462 1821 1634 1873 usque
1665 1807 1730 1859 ad
1769 1807 2033 1862 Damalim

462 1901 813 1956 progressum
884 1891 953 1945 ibi
1011 1907 1134 1947 esse
1189 1896 1549 1952 acclamatum
1607 1900 2037 1970 imperatorem,

459 1993 812 2050 purpuraque
859 1983 1134 2038 indutum.
1170 1986 1568 2044 Cunctanlibus
1598 1991 1820 2047 credere
1851 2011 2043 2064 snper-

459 2082 730 2128 venerunt
763 2075 832 2129 ab
867 2076 982 2146 ipso
1023 2079 1182 2148 legali
1215 2083 1420 2149 quibus
1450 2083 1659 2139 litteras
1687 2087 2040 2142 commiserat

459 2162 517 2217 in
547 2163 694 2220 hunc
732 2169 947 2221 moduzn
968 2171 1238 2240 scriptas:
1275 2172 1408 2226 Deus
1444 2192 1523 2228 me
1549 2194 1713 2246 usque
1745 2180 1813 2231 ad
1839 2179 2040 2234 Dama-

462 2255 554 2308 lim
577 2259 890 2315 incolumem
932 2281 1048 2317 cum
1092 2270 1320 2322 exercitu
1353 2273 1594 2325 servavit.
1654 2272 1804 2329 Vobis
1841 2294 2041 2346 quoque

459 2347 586 2416 quid
613 2352 863 2407 acciderit
887 2357 1122 2425 cognovi,
1153 2375 1254 2427 quo
1295 2377 1474 2429 nempe
1513 2380 1760 2418 successu
1802 2368 2038 2421 declina-

461 2443 639 2496 veritis
672 2444 896 2500 insidias
930 2448 1073 2502 mala
1116 2450 1255 2504 vobis
1300 2455 1713 2508 machinantium
1747 2475 2035 2523 servorum,

459 2543 785 2606 vestramque
817 2540 1038 2594 salutem
1072 2542 1126 2596 in
1153 2553 1264 2596 tuto
1297 2544 1613 2602 locaveritis.
1641 2547 1904 2613 Quoniam
1939 2569 2038 2605 an-

462 2633 586 2691 tem,
624 2627 678 2681 id
706 2631 844 2696 quod
885 2635 938 2685 in
972 2634 1140 2688 divini
1177 2635 1414 2705 beneﬁcii
1445 2649 1596 2706 parte
1642 2657 1883 2704 numero,
1929 2645 2040 2712 alli-

460 2718 623 2773 nitate
647 2721 865 2790 junctus
896 2727 1036 2780 vobis
1069 2745 1221 2794 sum,
1259 2745 1415 2798 porro
1447 2732 1624 2786 animo
1659 2748 1815 2803 atque
1846 2736 2038 2804 affectu

457 2810 537 2864 ita
563 2814 702 2867 vobis
737 2818 1022 2886 vestrisque
1048 2823 1288 2888 partibus
1315 2825 1520 2893 afﬁxus,
1550 2837 1607 2878 ut
1637 2828 1692 2880 in
1727 2844 1788 2882 eo
1820 2829 2033 2898 quidem

461 2921 525 2960 ne
565 2911 1075 2979 consanguineorum
1112 2915 1321 2984 quidem
1362 2928 1656 2973 vestrorum
1693 2921 1884 2990 (Deum
1913 2939 2040 2977 con-

458 3000 627 3053 scium
662 3005 846 3062 testor)
879 3003 978 3057 ulli
1006 3008 1310 3074 concedam,
1343 3021 1528 3066 vestrae
1563 3012 1727 3080 fuerit
1763 3017 2039 3084 sapientia

458 3092 538 3145 ita
570 3092 626 3145 in
659 3109 934 3147 commune
964 3097 1092 3151 velle
1118 3100 1390 3156 consulere
1422 3113 1502 3168 ut,
1532 3105 1746 3160 collatis
1783 3106 1854 3160 ad
1874 3109 2041 3161 stabi-

2139 600 2233 655 τοῦ
2282 601 2515 670 αἵματος
2553 605 2822 672 συμφυεῖς
2864 601 3045 656 αὐτῶν
3073 598 3611 670 ἀναδλαστήσαντες,
3652 598 3716 649 τὸ

2140 693 2270 746 αὐτὸ
2299 693 2594 763 προθύμως
2624 695 2863 750 ἐποίουν.
2889 695 2961 748 Τὸ
2983 695 3039 748 δέ
3056 711 3120 763 γε
3145 693 3332 747 λοιπὸν
3353 691 3448 746 τοῦ
3475 688 3715 759 στρατοῦ

2139 787 2518 856 διαδεξάμενον
2532 788 2628 858 τὴν
2646 788 2923 858 εὐφημίαν
2953 788 3064 858 (41)
3095 788 3280 857 σχεδὸν
3311 785 3414 858 [ἐς]
3440 787 3525 839 ἐπ’
3549 785 3714 838 αὐτὸν

2139 877 2229 930 τὸν
2275 878 2502 948 οὐρανὸν
2554 879 2868 948 ἀνέπεμπον
2910 879 3008 942 τὰς
3057 878 3264 948 φωνάς.
3317 878 3426 930 Καὶ
3464 871 3532 946 ἦν
3584 875 3715 928 ἰδεῖν

2140 973 2325 1026 καινόν
2355 991 2408 1025 τι
2439 972 2742 1040 τηνικαῦτα
2778 972 3096 1043 συμϐαῖνον⁹
3133 973 3259 1034 τοὺς
3293 971 3557 1041 πρότερον
3593 969 3715 1037 διῃ-

2141 1064 2412 1134 ρημένους
2439 1065 2539 1127 τὰς
2585 1063 2808 1134 γνώμας
2839 1066 2932 1117 καὶ
2964 1063 3194 1116 Θάνατον
3236 1061 3452 1114 ἑλέσθαι
3512 1059 3716 1128 μᾶλλον

2139 1159 2170 1228 ἢ
2205 1161 2303 1231 τῆς
2332 1160 2481 1229 σφῶν
2518 1158 2811 1228 ἐπιθυμίας
2841 1159 3132 1225 ἀποτυχεῖν
3170 1153 3551 1226 βουλομένους.
3577 1153 3715 1220 ὁμο-

2139 1253 2423 1324 γνώμονας
2453 1255 2510 1305 ὲν
2542 1254 2641 1323 μιᾷ
2668 1249 2860 1322 καιροῦ
2889 1253 3026 1320 ῥοπῇ
3049 1247 3340 1317 γεγονότας
3363 1262 3378 1276 ⁸
3407 1246 3501 1299 καὶ
3521 1243 3716 1297 τοσοῦ-

2139 1361 2228 1396 τον
2248 1385 2262 1408 ,
2298 1345 2372 1407 ὡς
2403 1345 2526 1414 μηδ’
2561 1343 2746 1397 εἴποτε
2784 1343 2970 1403 στάσις
3001 1340 3205 1411 μεταξὺ
3247 1339 3450 1392 τούτων
3480 1337 3617 1399 ὅλως
3642 1332 3712 1406 ἦν

2139 1439 2622 1508 ὲπιγινὼσκεσθαι.

2227 1706 2315 1759 Ἐν
2364 1705 2474 1775 ὅσῳ
2503 1703 2674 1759 ταῦτα
2703 1703 2958 1766 ἐτελεῖτο,
3001 1706 3156 1774 φήμη
3193 1722 3275 1767 τις
3305 1705 3433 1775 περὶ
3471 1704 3565 1758 τοῦ
3599 1706 3714 1758 Με-

2137 1801 2393 1868 λιστηνοῦ
2425 1801 2538 1871 (.19.)
2562 1803 2808 1872 διέτρεχε
2835 1801 3040 1872 φθάσαι
3066 1801 3256 1855 τοῦτον
3273 1802 3558 1872 μηνύουσα
3579 1804 3715 1872 περὶ

2143 1897 2239 1966 τὴν
2262 1895 2502 1965 Δὰμαλιν
2536 1897 2646 1965 (45)
2679 1893 2796 1964 μεθ’
2824 1895 3014 1962 ἱκανῆς
3037 1897 3316 1965 στρατιᾶς,
3343 1892 3716 1964 εύφημεῖσηαί

2142 2007 2198 2042 τε
2234 1989 2308 2051 ὡς
2346 1988 2684 2059 βασιλέαῆδη
2735 1989 2828 2041 καὶ
2892 1986 3134 2057 ἁλουργᾶ
3191 1988 3608 2055 ἠμφιεσμένον·
3666 1987 3718 2038 οἱ

2141 2083 2198 2136 δὲ
2237 2082 2314 2152 τῷ
2349 2083 2624 2152 λεγομένῳ
2653 2081 2936 2134 πιστεύειν
2989 2080 3124 2142 τέως
3155 2079 3254 2133 οὐκ
3309 2075 3475 2148 εἶχον.
3547 2079 3628 2130 Τὰ
3660 2080 3719 2132 δὲ

2144 2175 2480 2238 κατάύτοὺς
2511 2176 2765 2238 κάκεῖνος
2809 2172 2998 2242 μαθὼν
3058 2171 3322 2243 πρέσσεις
3381 2173 3518 2240 ταχὺ
3577 2173 3720 2237 πρὸς

2143 2267 2339 2328 αὐτοὺς
2367 2265 2770 2330 ἐξαπέστειλεν.
2829 2264 2892 2316 Οἳ
2961 2263 3056 2315 καὶ
3099 2262 3141 2294 ³³
3183 2261 3584 2323 καταλαϐόντες
3612 2261 3716 2331 ἥδη

2142 2359 2237 2420 τὰς
2265 2358 2402 2427 πρὸς
2432 2357 2630 2416 αὐτοὺς
2665 2356 2885 2425 γραφὰς
2919 2354 3272 2426 ἐνεχείριζον,
3301 2353 3504 2406 οὑτωσί
3549 2371 3654 2405 που
3676 2353 3721 2384 ³⁸

2142 2449 2447 2517 διεξιούσας
2477 2448 2520 2480 ³⁷
2561 2465 2575 2478 ⁶
2630 2449 2684 2500 Ὀ
2719 2449 2862 2513 Θεός
2893 2465 2968 2515 με
2996 2447 3170 2514 μέχρι
3207 2444 3521 2514 Δαμὰλεως
3568 2445 3722 2512 μετά

2141 2546 2251 2614 τῆς
2295 2544 2388 2598 ἐπ’
2449 2543 2553 2612 ἐμὲ
2579 2542 2865 2612 στρατιᾶς
2892 2541 3078 2608 ἀσινῆ
3131 2538 3488 2594 διεσώσατο.
3518 2537 3722 2608 Μεμά·

2142 2638 2294 2703 θηκα
2322 2635 2390 2686 δὲ
2424 2633 2520 2687 καὶ
2557 2633 2624 2686 τὰ
2651 2632 2794 2701 ὑμῖν
2828 2632 3240 2700 ξυμπεσόντα,
3307 2629 3404 2682 καί
3454 2630 3534 2696 ὠς
3610 2627 3723 2694 τῆς

2141 2730 2460 2793 κακονοίας
2490 2725 2604 2780 τῶν
2636 2727 2873 2780 δούλων
2909 2724 3157 2778 ἐκείνων
3185 2723 3284 2778 καὶ
3318 2722 3435 2776 τῶν
3503 2721 3724 2777 δεινῶν

2140 2826 2269 2879 καθ’
2288 2822 2460 2892 ὑμῶν
2504 2818 2976 2890 ἐπιχειρημάτων
3031 2817 3180 2873 Θεοῦ
3240 2818 3567 2886 προμηθείᾳ
3611 2817 3726 2884 ῥυ-

2141 2919 2411 2983 σθέντες,
2437 2916 2548 2984 τῆς
2599 2912 2829 2970 ἑαυτῶν
2891 2913 3262 2982 πεφρόντικα
3296 2928 3362 2964 τε
3390 2911 3722 2978 σωτηρίας.

2152 3011 2314 3067 Ἐπεὶ
2341 3010 2409 3063 δὲ
2449 3011 2608 3078 κάγὼ
2642 3008 2714 3076 τῇ
2734 3008 2850 3077 μὲν
2880 3005 3094 3076 σχέσει
3162 3003 3310 3060 Θεοῦ
3364 3003 3571 3059 νεύσει
3648 3003 3723 3068 ἐξ

2139 3103 2489 3174 ἀγχιστείας
2514 3101 2655 3170 ὑμῖν
2684 3100 3157 3167 πρυσφκείωμαι,
3202 3096 3278 3166 τῇ
3302 3097 3372 3150 δὲ
3392 3097 3594 3168 γνώμῃ
3617 3098 3721 3151 καὶ

459 3181 729 3238 limentum
763 3189 1058 3243 communis
1105 3193 1411 3247 securitatis
1448 3196 1690 3250 consiliis
1725 3206 1882 3268 atque
1915 3201 2030 3270 opi-

2144 3195 2216 3267 τῇ
2253 3196 2403 3264 πρὸς
2443 3195 2600 3262 ὑμᾶς
2632 3191 2906 3261 ἀρῤήκτῳ
2954 3190 3218 3245 διαθέσει
3287 3191 3539 3257 οὐδενὸς
3600 3190 3726 3244 τῶν

459 3280 576 3342 bus,
613 3297 716 3334 non
749 3283 866 3352 jam
903 3286 1048 3339 omni
1078 3296 1224 3342 vento
1263 3289 1743 3360 circumferuntur,
1777 3295 1869 3347 sed
1903 3305 2038 3349 recte

460 3374 766 3427 constitutis
799 3378 1007 3447 imperii
1055 3382 1206 3432 rebus
1244 3391 1359 3436 tuta
1394 3385 1491 3436 via.-
1538 3385 1802 3452 crepidine
1851 3387 2034 3454 pedem

461 3465 679 3535 figentes
720 3471 1087 3534 procedamus.
1123 3470 1190 3524 Id
1218 3482 1393 3527 autem
1441 3475 1553 3530 sine
1579 3477 1738 3532 dubio
1774 3481 2038 3546 continget

459 3557 510 3610 si
547 3566 664 3625 post
708 3568 919 3626 captam
950 3579 980 3614 a
1023 3564 1170 3616 nobis
1212 3563 1320 3618 Deo
1365 3565 1589 3634 juvante
1625 3569 1911 3635 civitatem,
1947 3587 2034 3625 vos

459 3651 668 3719 quidem
703 3651 1034 3709 Occidentem
1072 3657 1344 3712 arbitratu
1378 3670 1548 3715 vestro
1581 3661 1883 3732 gubernetis
1909 3704 1923 3724 ,
1952 3681 2034 3717 me

460 3759 576 3797 vero
620 3746 811 3800 sinatis
854 3765 1030 3818 regere
1066 3753 1245 3804 Asiam
1277 3769 1472 3808 corona
1517 3764 1566 3809 et
1605 3773 1845 3824 purpura
1879 3755 2036 3810 indu-

462 3845 594 3905 tum,
630 3838 898 3910 velitisque
924 3859 1111 3897 nomen
1142 3862 1310 3900 meum
1339 3847 1393 3901 in
1420 3849 1740 3904 solemnibus
1770 3852 2034 3904 acclama-

2137 3293 2266 3344 καθ’
2317 3289 2567 3356 αἵματος
2601 3285 3042 3353 προσηκόντων
3071 3282 3217 3351 ὑμῖν
3243 3281 3501 3348 ἀποδέω,
3535 3283 3618 3348 ὡς
3685 3285 3722 3336 ὁ

2135 3382 2333 3436 πάντα
2356 3380 2400 3412 ⁸⁸
2431 3379 2652 3449 κρίνων
2681 3373 2807 3431 οἵδε
2869 3375 3036 3440 Θεὸς,
3092 3373 3236 3428 δέον
3282 3372 3442 3442 ἡμᾶς
3504 3371 3727 3438 κοινῶς

2137 3475 2576 3544 σκοπήσαντας
2609 3470 3118 3538 περιποιήσασθαι
3149 3467 3386 3532 ἑαυτοῖς
3413 3469 3480 3521 τὸ
3521 3468 3726 3536 ἀσφα-

2135 3567 2242 3636 λές
2273 3585 2337 3621 τε
2379 3567 2475 3620 καὶ
2509 3563 2972 3624 ἁκατάσειστον,
3011 3562 3173 3628 ὅπως
3197 3560 3284 3630 μὴ
3310 3557 3492 3614 παντί
3523 3558 3727 3628 ἀνέμῳ

2144 3660 2586 3731 περιφερὼμεθα
2615 3659 2682 3722 ⁸³,
2717 3656 2878 3712 ἀλλὰ
2910 3656 3112 3721 καλῶς
3143 3653 3216 3708 τὰ
3241 3654 3352 3722 τῆς
3390 3653 3728 3719 βασιλείας

2145 3755 2473 3818 ίθύνοντες,
2495 3752 2588 3804 ἐπ’
2607 3750 2927 3820 ἀσφαλοῦς
2939 3749 3247 3819 βαίνωμεν
3263 3749 3374 3815 τῆς
3401 3746 3718 3814 κρηπῖδος.

2149 3844 2330 3899 Τοῦτο
2363 3843 2431 3896 δὲ
2457 3841 2694 3908 πάντως
2724 3839 2869 3909 ἡμῖν
2893 3839 3140 3905 ἐσεῖται,
3189 3841 3243 3893 εί
3305 3838 3454 3892 Θεοῦ
3509 3839 3723 3892 νεύσει

1527 3993 1725 4052 νει-ιω
1763 3991 2066 4053 lectiones
2097 4004 2175 4050 ex
2199 3985 2348 4049 cod.
2414 3982 2674 4048 Coislin.

529 4082 574 4116 ³³
593 4081 753 4137 Deest
774 4085 963 4138 vocula
996 4086 1110 4139 καί.
1185 4087 1230 4120 ³⁸
1261 4105 1367 4143 πω.
1445 4090 1492 4121 ⁸⁷
1526 4089 1671 4144 Inter
1702 4089 1814 4144 hac
1841 4089 1950 4144 duo
1981 4105 2035 4145 ve

2173 4095 2256 4144 est
2289 4089 2342 4140 in
2372 4100 2478 4140 ms.
2525 4083 2718 4138 titulus
2765 4081 2848 4138 sie
2874 4097 2888 4134 :
2917 4081 3048 4153 περὶ
3075 4080 3187 4134 τῶν
3231 4079 3324 4134 τοῦ
3371 4081 3722 4152 Μελισσηνοῦ

460 4153 764 4224 πρεσϐέων.
843 4155 887 4186 ⁸⁸
921 4157 948 4208 ὁ
985 4157 1051 4208 τὰ
1081 4156 1277 4211 πάντα.
1355 4161 1398 4192 ³⁹
1429 4159 1894 4230 μεταφερώμεθα.

1523 4273 1659 4335 Car.
1709 4271 2022 4334 Dufresnii
2065 4272 2159 4334 Du
2192 4271 2411 4350 Cangii
2448 4276 2636 4332 noue.

531 4373 642 4442 (4|)
677 4375 1010 4446 Eitpmtlar.
1045 4374 1286 4446 Codinus
1314 4415 1328 4440 ,
1370 4376 1445 4430 De
1471 4378 1564 4446 o/f.
1596 4377 1809 4431 Γίνεται
1845 4378 2024 4430 τοίνυν

458 4445 492 4510 ἡ
555 4447 662 4498 τῶν
722 4445 1024 4517 βασιλικῶν.
1070 4445 1350 4517 ὀνομάτων
1390 4445 1660 4517 εὐφήμία.
1713 4448 2018 4507 Cedrenus,

460 4515 803 4587 Ebtgﬂunoav
847 4514 939 4568 οὖν
974 4515 1042 4568 τὰ
1094 4515 1268 4587 μέρηο
1321 4514 1678 4581 Ἀναστασίας
1711 4517 2023 4586 αύγούστης

460 4585 630 4638 πολλὰ
642 4586 721 4657 ,τὰ
747 4587 862 4657 ἐτη.

533 4656 992 4724 Imperatoribus,
1021 4657 1148 4710 dum
1179 4658 1590 4718 renuntiantur,
1627 4673 1654 4711 a
1693 4658 1961 4714 militibus
1983 4666 2039 4710 et

459 4726 953 4780 circumstantibus
1022 4727 1385 4780 acclamatum
1452 4744 1614 4782 nemo
1687 4730 1915 4782 nescit:
1972 4741 2036 4781 ea

461 4804 647 4848 autem
695 4796 1024 4850 acclamatio
1066 4807 1186 4850 erat
1237 4806 1293 4848 nt
1333 4799 1627 4864 plurimum
1661 4799 1785 4852 vitm
1814 4799 2036 4852 diutur-

460 4865 634 4922 nioris
672 4867 1006 4932 imprecatio.
1037 4866 1308 4934 Corippus
1333 4867 1429 4921 lib.
1469 4884 1541 4921 ll:

461 4935 706 5007 Intonuit
743 4947 956 5004 patrum
999 4937 1204 4990 subitus
1224 4939 1428 5007 fragor,
1460 4938 1580 4992 inde
1604 4939 1857 4992 clientum

463 5006 738 5076 Clanzores
770 5017 1034 5071 crescunt,
1052 5006 1372 5061 clamoribus
1398 5011 1624 5062 adsonat
1651 5025 1852 5076 aequor,

460 5075 734 5130 Laudibus
770 5079 1080 5138 innumeris,
1116 5088 1423 5144 regnantum
1460 5080 1675 5132 nomina
1708 5075 1928 5144 tollunt,

459 5145 675 5220 iustine
692 5150 853 5201 vitam
886 5156 1173 5201 tercentum
1206 5149 1416 5202 vocibus
1453 5158 1661 5220 optant.

465 5216 531 5270 Et
561 5217 656 5271 lib.
689 5234 746 5271 ιιι
781 5233 796 5270 :

465 5288 717 5356 Augustis
743 5289 904 5342 vitam
935 5287 1068 5341 lwtis
1101 5288 1426 5343 clamoribus
1459 5299 1660 5359 optant.

464 5378 602 5434 Hinc
638 5380 899 5451 frequeps
933 5379 1063 5434 illud
1097 5380 1446 5451 πολυχρόνιον
1479 5383 1740 5451 Augustis
1767 5383 2038 5437 acclama-

467 5451 764 5522 tmn_apnd
818 5449 1177 5522 Byzantinos.
1217 5449 1284 5505 de
1346 5468 1455 5517 «uno
1504 5449 1703 5522 passim
1770 5454 2038 5516 Codinus,

466 5519 613 5586 quod
677 5518 874 5572 Graeci
905 5520 1098 5592 nuperi
1143 5536 1247 5592 pro
1300 5518 1516 5588 quavis'
1551 5523 1798 5592 impensa
1859 5525 2039 5578 salute

468 5600 829 5655 usurparunt.
867 5589 1008 5658 quod
1054 5592 1106 5642 in
1141 5591 1206 5644 iis
1257 5589 1681 5648 salutationibus
1710 5593 1876 5647 vitam
1908 5593 2027 5646 din-

467 5660 1250 5732 tiirnioremiapprecarenIur.
1285 5661 1401 5716 Odo
1436 5663 1500 5714 de
1526 5663 1757 5732 Diogilo,
1792 5663 1888 5716 lib.
1924 5679 1980 5716 ιιι
2021 5681 2033 5717 :

476 5727 858 5800 Polyclironias
935 5745 1116 5782 eorum
1166 5735 1406 5800 suscipit,
1463 5735 1550 5786 sed
1603 5727 1926 5795 vilipendit:
1959 5735 2036 5784 sic

469 5799 604 5852 enim
645 5810 892 5872 vocantur
929 5803 1250 5865 reverentia},
1284 5799 1412 5872 quas
1454 5819 1555 5856 non
1600 5803 1769 5856 solum
1803 5801 2031 5870 regibus,

469 5872 560 5922 scd
586 5874 741 5925 etiam
767 5869 1082 5941 quibuslibet
1103 5873 1210 5927 suis
1248 5869 1540 5942 majoribus
1583 5869 2035 5942 cxhibentfraput

2131 4391 2179 4434 et
2206 4395 2392 4444 corpus
2427 4376 2739 4432 submissius
2793 4375 3132 4433 inclinantes,
3169 4373 3247 4426 vel
3280 4374 3405 4439 ﬁxis
3433 4374 3484 4426 in
3515 4383 3725 4428 terram

2131 4450 2374 4519 genibus.
2406 4451 2484 4502 vel
2513 4448 2674 4501 etiam
2708 4454 2972 4519 sese_toto_
2993 4461 3209 4519 corpore
3231 4454 3646 4519 prosternentes.

2210 4520 2324 4588 (49.)
2359 4517 2798 4588 Mexcoanoﬁ._
2825 4515 3052 4588 Laudat
3095 4517 3243 4588 hunc
3263 4585 3275 4588 _
3306 4517 3474 4588 Annre
3498 4585 3508 4588 _
3533 4517 3722 4570 locum

2071 4593 2113 4648 υ
2141 4585 2334 4644 Petrus
2379 4589 2554 4642 Faber
2587 4586 2948 4652 Sanjorianns
2988 4585 3055 4638 ad
3113 4586 3216 4648 leg.
3255 4585 3339 4651 ll,
3370 4587 3436 4637 de
3490 4585 3632 4653 just.
3667 4597 3727 4640 et

2137 4663 2281 4730 jure,
2313 4676 2434 4729 pag.
2478 4659 2600 4712 751.
2636 4657 2697 4730 ls_
2714 4667 2795 4710 est
2829 4670 2960 4730 vero
2999 4655 3340 4730 Nicepliorus
3365 4655 3720 4716 Melissenns,

2142 4725 2232 4802 qui
2281 4725 2841 4802 posl'rnorlnmﬁzesar
2861 4727 3056 4802 dictus
3076 4767 3088 4786 ,
3119 4725 3296 4802 Alexii
3330 4725 3722 4802 imp.s:1r_orem

2141 4795 2368 4858 uxorem
2411 4800 2587 4860 duxit,
2626 4798 2691 4851 de
2719 4811 2829 4865 quo
2861 4797 3129 4856 Zonaras,
3161 4795 3381 4865 Glycas,
3410 4803 3463 4847 et
3501 4796 3720 4849 Cinna-

2141 4890 2284 4928 mus.
2323 4871 2475 4923 llune
2515 4869 2704 4928 etiam,
2741 4864 2793 4919 ni
2841 4867 3022 4930 fallor,
3047 4864 3721 4935 innuitATheOphylactus

2139 4945 2295 5012 Bulg.
2332 4942 2574 5012 arehiep_.
2615 4938 2862 5012 Epistula
2897 4936 3187 5012 quam_Ad
3215 4933 3727 5012 gresarem‘in‘scri-

2142 5004 2273 5085 psit:
2313 5014 2365 5066 in
2403 5004 3036 5085 quiSebastocratoris,
3079 5004 3470 5085 l_saacii_lorte.
3497 5005 3720 5085 obitum

2137 5076 2438 5154 deplangit;
2483 5079 2719 5155 Fallitur
2771 5093 2937 5155 porro
2980 5077 3034 5155 in
3092 5076 3212 5142 ipso
3262 5077 3434 5155 Anna:
3496 5076 3718 5155 limine,

2139 5149 2465 5209 feminarum:
2519 5149 2768 5202 doctrina
2825 5149 3128 5200 illustrium
3185 5149 3582 5204 encorniastes,
3621 5149 3720 5211 qui

2137 5225 2505 5292 Nicephorum
2539 5221 2708 5292 Anna:
2755 5219 3016 5270 maritum
3054 5232 3118 5269 ex
3173 5214 3603 5270 Melissenorutn
3636 5215 3723 5268 fa-

2139 5290 2286 5351 milia
2320 5304 2501 5346 ortum
2528 5290 2683 5342 dixit.

2210 5364 2322 5435 (43)
2358 5362 2503 5435 Περὶ,
2550 5359 2664 5435 τὴν
2685 5356 2976 5435 έάμααζιν.
3020 5355 3253 5410 Damalis
3282 5365 3363 5410 est
3394 5364 3719 5435 promonto-

2139 5427 2276 5490 rium
2304 5427 2460 5502 'qnod
2493 5431 2654 5484 hodie
2674 5428 3028 5502 Δδοιιιιιιιὶειιιιι
3056 5437 3271 5502 voeant,
3307 5427 3546 5502 positum
3573 5442 3604 5478 e
3628 5441 3720 5478 re-

2139 5509 2303 5574 gione
2333 5495 2707 5574 'promontorii
2762 5495 3598 5574 Βμιιιιιίιιιι-ι-οοιιιιιιιξιιιίςι..ηι)ο⁸
3623 5513 3724 5548 ιιο-

2137 5565 2283 5629 ἦιίιιε
2317 5565 2373 5628 εὶ
2423 5573 2530 5627 situ
2582 5569 2752 5622 multa
2807 5565 3026 5636 'l'abent
3065 5565 3369 5636 Hesychius
3426 5566 3716 5636 Milesius;

2137 5645 2384 5699 Codinus
2411 5644 2462 5696 in
2498 5640 2670 5709 0rig.,
2729 5639 2929 5709 Petrus
2958 5635 3096 5707 Gyll.
3133 5635 3225 5709 lib.
3271 5653 3352 5709 ιιι,
3395 5636 3470 5709 De
3514 5635 3716 5709 Ποινή.

2141 5716 2332 5770 Tltrac.
2401 5728 2526 5782 cap.
2568 5704 2635 5775 9',
2698 5716 2754 5764 et
2821 5704 3118 5763 Leunclav.
3188 5707 3238 5759 in
3305 5707 3478 5761 Pand.
3549 5704 3715 5760 Ture.

2139 5783 2411 5858 cap.128.
