3934 6570
526 356 631 420 297

1854 375 2078 434 ANNE
2120 379 2503 440 (ῙΟΜΝΕΝΛΞ

3691 390 3794 453 228

527 485 832 538 premitus,
867 473 1113 528 eminens
1145 490 1310 546 supra
1351 477 1654 546 planitiem,
1685 493 1846 552 atque
1873 486 2065 541 inl‘criu

2174 551 2178 564 ⁵
2212 488 2316 550 νὼς
2341 489 2481 542 κατὰ
2509 490 2608 559 τὴν
2639 492 2855 564 ἡμέραν
2885 494 3034 564 ὃλην,
3072 496 3172 564 τῆς
3197 495 3390 558 νυκτὸς
3421 496 3497 568 μὴ
3527 497 3793 555 δύνασθαι

521 564 713 631 positis
741 565 896 618 collis
923 565 1154 632 speciem
1184 577 1490 636 ostentans,
1532 571 1701 628 latere
1725 577 1900 631 altero
1929 594 2100 642 mare,

529 655 703 708 altero
752 657 942 708 urbem
991 661 1433 726 prosper-tantis;
1494 666 1710 720 caeteris
1763 670 1978 726 duobus
2032 673 2096 726 ad

523 745 948 812 septentrionem
981 754 1144 814 atque
1174 749 1515 806 occidentem
1547 757 1739 814 versis:
1765 764 1911 813 omni
1941 773 2101 816 vento

519 834 848 902 perflabilis,
879 837 1114 904 limpidae
1147 855 1210 891 ac
1249 843 1498 907 potabilis
1521 859 1674 911 aquae
1710 864 1979 916 perennes
2003 851 2101 904 ha-

519 926 653 979 bens
681 929 1064 996 scaturigines,
1099 932 1405 998 plantarum
1432 944 1616 992 tamen
1643 952 1810 1010 alque
1833 947 2092 1000 arborum

514 1017 618 1086 61
666 1018 801 1072 adeo
829 1019 1016 1074 sterile
1054 1031 1111 1073 ut
1144 1023 1338 1077 sedulo
1381 1042 1407 1078 a
1440 1028 1801 1096 lignatoribus
1837 1034 2098 1089 decalva-

515 1117 628 1160 tum
655 1109 874 1164 credas.
907 1111 1010 1164 Hic
1035 1113 1163 1165 olim
1207 1115 1503 1185 imperator
1524 1119 1806 1179 Romanus
1828 1125 2095 1196 Diogenes

513 1201 892 1254 amoenitatem
935 1215 1260 1273 prospectus
1291 1217 1342 1262 et
1379 1212 1503 1265 ραιιί
1535 1215 1747 1285 solique
1798 1220 2091 1276 salubrita-

513 1301 618 1345 tem
650 1302 895 1356 secutus.
947 1298 1011 1352 ad
1053 1313 1237 1354 rarum
1289 1318 1449 1357 usum
1486 1307 1862 1367 rusticationis
1893 1314 2092 1370 subur-

513 1381 668 1436 banzn
721 1385 915 1442 domos
972 1390 1287 1459 splendidas
1357 1406 1411 1450 et
1462 1400 1806 1468 excipiendis
1863 1409 2088 1478 regibus

511 1489 670 1542 pares
737 1478 1092 1538 aedificandas
1147 1494 1451 1542 curaverat.
1508 1489 1566 1544 In
1628 1493 1692 1548 iis
1749 1497 2088 1557 diversautes

510 1562 771 1619 Conmeni
807 1583 928 1621 cutn
963 1564 1177 1627 caeteris
1213 1575 1444 1632 ducibus
1491 1582 1780 1638 mittebant
1814 1591 1906 1657 qui
1966 1601 2087 1645 teu-

513 1662 691 1708 tarent
723 1675 909 1715 muros
951 1663 1126 1730 urbis,
1159 1681 1266 1720 non
1305 1671 1575 1728 machinis
1607 1686 1700 1728 aut
1729 1677 1942 1735 balistis
1977 1693 2085 1738 tor-

512 1748 779 1803 mentisve
833 1753 952 1817 ejus
1004 1757 1245 1824 generis,
1284 1775 1512 1828 quarum
1569 1783 1745 1823 rerum
1792 1789 1890 1829 nee
1928 1777 2078 1846 copia

510 1851 608 1890 nec
642 1846 856 1909 tempus
882 1843 1093 1912 aderat,
1124 1848 1216 1902 sed
1244 1853 1652 1913 velitationibus
1684 1863 2079 1932 jaculatorum,

507 1933 982 2000 ιιδιυιιιςιιτοιοίμιο
1006 1934 1347 1994 hastatorum
1378 1954 1431 1996 et
1461 1949 1938 2017 cataphractorum
1975 1960 2079 2012 mi-

505 2018 656 2070 litum
693 2024 849 2089 quasi
887 2027 955 2080 ad
994 2029 1278 2085 terrendos
1310 2048 1738 2106 propugnantes.

2209 581 2430 650 γραφὴν
2464 581 2803 648 ξυντελέσαι,
2843 587 2972 640 ἄλλο
2998 604 3057 638 τε
3117 588 3164 640 δ’
3191 589 3272 641 ὅτι
3310 590 3378 642 τά
3414 595 3790 660 γεγραμμένα

2206 673 2401 736 νυκ;ὀς
2432 675 2672 747 σπινθὴρ
2701 679 2957 747 ἐμπεσὼν
2989 681 3374 751 ἀπετέφρωσε.
3420 683 3666 738 Τοιαῦτα
3698 686 3794 738 καὶ

2204 763 2342 816 ἄλλα
2372 781 2430 816 τε
2456 767 2484 818 ὁ
2508 768 2820 834 Μαγκάνης
2848 772 3328 840 προφασιζόμενος
3358 772 3584 828 καὶοῖον
3648 795 3794 846 μαγ-

2203 855 2565 922 γανιυόμενος
2593 858 2721 911 ἄλλο
2779 878 2838 912 τε
2873 861 3048 926 ἄλλως
3087 863 3461 932 ὑπερετίθετο.
3509 867 3792 935 Ἀπάρανα

2199 963 2296 1009 τες
2326 949 2372 1000 δ’
2401 949 2612 1002 ἐκεῖθεν
2646 953 2696 1004 οἱ
2739 953 3042 1023 Κομνηνοὶ,
3098 941 3589 1025 καταλαμϐάνουσι
3647 961 3788 1030 ταχὺ

2197 1041 2292 1095 τὰς
2327 1040 2624 1110 λεγομένας
2673 1044 2918 1113 ’Δρετάς
2946 1047 3121 1110 Τόπος
3151 1048 3208 1100 δὲ
3239 1045 3393 1110 οὗτος
3455 1052 3628 1121 ἀγχοῦ
3685 1054 3790 1123 τῆς

2199 1133 2406 1197 πόλεως
2437 1135 2786 1205 διακείμενος
2818 1139 3218 1208 ὑπερκείμενος
3255 1142 3351 1210 μὲν
3401 1145 3502 1213 τῆς
3535 1145 3789 1210 πεδιάδος

2196 1226 2291 1277 καὶ
2320 1230 2432 1288 τοῖς
2463 1229 2709 1282 κάτωθεν
2742 1231 3053 1301 ἱσταμένοις
3077 1235 3170 1286 καὶ
3211 1236 3346 1303 πρὸς
3376 1237 3566 1289 τοῦτον
3585 1240 3789 1307 ὁρῶσιν

2193 1322 2274 1382 είς
2310 1319 2501 1388 λοφιὰν
2529 1325 2968 1394 ἀνατεινόμενος,
3005 1329 3102 1380 καὶ
3129 1328 3228 1397 τὴν
3255 1331 3452 1398 ἑτέραν
3479 1330 3578 1399 μὲν
3617 1330 3788 1383 πλευ-

2195 1412 2294 1483 ρὰν
2321 1413 2457 1483 πρὶς
2493 1415 2770 1469 θάλατταν
2799 1418 3110 1482 ἀπονεύων,
3146 1420 3290 1472 κατὰ
3322 1421 3377 1472 δὲ
3432 1423 3531 1489 τὴν
3580 1422 3784 1492 ἑτέραν

2192 1503 2327 1574 πρὸς
2349 1507 2406 1558 τὸ
2434 1505 2753 1574 Βυζάντιον,
2788 1512 2909 1572 ταῖς
2949 1509 3006 1563 δέ
3058 1527 3122 1577 γε
3170 1512 3390 1573 λοιπαῖς
3460 1513 3581 1564 δυσὶ
3642 1512 3787 1581 πρὸς

2189 1595 2394 1665 ἄρκτον
2423 1601 2519 1652 καὶ
2544 1601 2604 1652 δύ
2617 1619 2723 1659 σιν.
2758 1603 2918 1655 παντὶ
2942 1603 3128 1673 ἀνέμῳ
3150 1604 3620 1673 καταπνεόμενος,
3652 1607 3785 1658 διει-

2185 1687 2273 1750 δές
2333 1689 2390 1743 δὲ
2446 1691 2590 1762 ὕδωρ
2647 1701 2742 1746 καὶ
2787 1695 3014 1764 πότιμον
3079 1696 3218 1766 ἔχων
3263 1696 3388 1768 ῥέον
3435 1699 3545 1762 ἀεὶ,
3589 1698 3784 1767 φυτῶν

2118 1783 2240 1870 Bas
2295 1784 2389 1838 καὶ
2437 1785 2674 1856 δένδρων
2724 1791 3075 1844 παντάπασιν
3133 1793 3419 1862 ἀμοιρῶνο
3489 1791 3648 1856 εἶπες
3714 1795 3783 1848 ἂν

2190 1876 2297 1928 ὑπό
2327 1895 2492 1931 τινων
2519 1880 2808 1950 δρυτόμων
2845 1883 3396 1955 ἐκπεφαλακρῶσθαι
3429 1887 3523 1940 τὸν
3578 1887 3774 1956 λόφον.

2189 1968 2287 2018 Διὰ
2319 1967 2450 2034 γοῦν
2477 1970 2539 2022 τὸ
2595 1973 2764 2024 τόπου
2817 1975 3115 2045 ἐπιτερπὲς
3162 1977 3256 2030 καὶ
3339 1977 3610 2049 εὔκρατον
3681 1981 3782 2030 καὶ

2197 2057 2479 2128 Ῥωμανὸς
2504 2063 2532 2115 ὁ
2564 2067 2822 2137 Διογένης
2847 2068 2875 2119 δ
2931 2068 3310 2141 αὐτοκράτωρ,
3341 2070 3627 2143 ῥᾳστώνης
3689 2089 3780 2141 μι-

1861 2143 2076 2213 χρῶντα
2125 2148 2440 2218 βασιλεῦσιν
2500 2160 2785 2229 ἀνέγειρεν
2838 2164 2904 2217 ⁵⁸.
2958 2161 3183 2226 ,Ἐκείσε
3253 2165 3433 2219 τοίνυν
3484 2165 3781 2234 γενόμενοι

2125 2204 2136 2218 ,
2241 2204 2432 2210 ν
2501 2204 2779 2229 _.-,-.,--.
2889 2204 2904 2217 .
2958 2204 3183 2226 ,κη-..--
3263 2204 3431 2219 nm...
3495 2204 3781 2234 ,νινε-...η-

503 2204 822 2272 πέμποντες
895 2214 1279 2287 ἀπεπειρῶντο
1347 2222 1440 2275 τοῦ
1512 2226 1732 2295 τείχους
1801 2233 1864 2284 ού
1926 2235 1995 2287 δι’
2039 2239 2399 2318 ἑλεπόλεωνῆ
2437 2253 2696 2320 μηχανῶν
2728 2254 3129 2324 ἢπετροϐόλων
3159 2258 3268 2310 τῶν
3317 2259 3594 2328 ὀργάνων,
3649 2260 3781 2314 ἐπεὶ

503 2303 625 2328 ..μὲν
659 2306 679 2328 1
717 2309 1034 2328 _-__-\,!l~'b
1154 2315 1264 2328 I\\I
1309 2315 1333 2328 Α
1368 2317 1378 2328 ι
1494 2319 1509 2328 ι
1675 2322 1701 2328 _

499 2303 625 2372 μηδ’
656 2306 682 2357 ὁ
716 2309 908 2378 καιρὸς
926 2310 1117 2376 ἐδίδου,
1143 2315 1278 2368 ἀλλὰ
1303 2315 1391 2370 διὰ
1421 2319 1769 2385 πελταστῶν,
1829 2330 1923 2380 καὶ
1985 2333 2049 2385 ἐκ

571 2395 714 2452 Sane
766 2415 874 2454 non
928 2417 1117 2470 parum
1174 2407 1406 2464 territus
1460 2409 1574 2478 ipse
1609 2411 1921 2472 Botaniates
1951 2395 2075 2488 est;

494 2489 589 2558 qui
621 2490 750 2546 hinc
787 2493 1102 2552 Comnenos
1135 2499 1200 2552 ad
1236 2509 1424 2568 portas
1463 2519 1589 2558 cum
1629 2523 1930 2565 numeroso
1956 2529 2077 2568 om-

494 2581 580 2635 nis
607 2585 824 2648 generis
847 2589 1114 2657 exercitu,
1147 2592 1298 2650 illinc
1318 2594 1675 2654 Melissenum
1700 2599 2074 2675 Nicephorum

492 2673 560 2729 ad
595 2676 860 2732 Damaiim
889 2694 1242 2749 progressum
1267 2703 1392 2742 eum
1423 2692 1598 2761 copiis
1622 2709 1730 2749 non
1765 2697 2074 2758 minoribus

491 2768 724 2837 parique
760 2773 1046 2842 proposito
1091 2778 1439 2848 principatus
1490 2785 1776 2844 invadendi
1810 2807 2070 2859 cernens,

495 2859 719 2926 ancipiti
757 2861 1170 2921 circumventus
1206 2871 1369 2940 malo,
1411 2890 1534 2929 cum
1573 2881 1703 2948 quid
1741 2885 1940 2954 cuique
1973 2903 2070 2957 op-

487 2959 718 3018 poneret
750 2967 858 3007 non
888 2957 1025 3010 satis
1052 2973 1145 3028 sui
1166 2970 1395 3030 peteret,
1429 2982 1621 3036 parum
1656 2971 1792 3030 bene
1815 2979 2073 3045 sperabat

486 3039 552 3094 de
586 3057 799 3096 summa
838 3061 1045 3115 rerum,
1080 3067 1179 3105 nec
1214 3054 1548 3112 abhorrebat
1577 3076 1605 3114 a
1638 3067 1885 3123 consiliis
1917 3070 2073 3124 abdi-

485 3132 676 3187 candae
714 3140 1007 3204 potestatis
1039 3157 1270 3199 summa:
1317 3163 1332 3200 :
1367 3149 1577 3206 scilicet
1602 3152 1714 3222 jam
1747 3158 1951 3225 senior,
2005 3177 2069 3214 ac

488 3224 720 3279 nmltum
756 3239 1000 3287 mutatus
1038 3231 1107 3285 ab
1139 3233 1232 3289 illo
1260 3238 1353 3308 qui
1398 3241 1528 3295 olim
1588 3243 1923 3304 fortissimus
1950 3267 2064 3307 τεινο
2096 3235 2138 3292 (δ

484 3311 715 3370 ﬂorente
802 3334 1081 3391 nunquam
1163 3341 1288 3394 spes
1369 3345 1498 3385 suas
1586 3333 2064 3396 circumscriberet

481 3408 658 3462 muris
697 3419 864 3479 atque
910 3415 1119 3470 ambitu
1152 3418 1415 3486 civitatis,
1470 3425 1577 3480 nisi
1619 3427 1862 3498 vigorem
1908 3434 2058 3488 illum

479 3495 654 3566 frigus
686 3503 866 3557 aetatis
920 3505 1255 3563 hebetasset.
1295 3495 1751 3590 Propagatusque
1802 3522 1858 3577 in
1914 3525 2061 3581 cives

480 3598 566 3642 est
605 3591 710 3647 iste
745 3609 858 3649 non
922 3598 1058 3654 satis
1117 3601 1502 3663 dissimulatus
1560 3612 1825 3683 principis
1872 3615 2054 3685 timor,

478 3691 630 3739 tanta
665 3687 827 3756 vulgo
869 3697 1317 3752 consternatione
1369 3711 1428 3752 ut
1479 3705 1681 3771 passim
1739 3707 1907 3764 nullis
1943 3713 2053 3778 jam

476 3775 880 3835 nurnitionibus
923 3781 1222 3852 ﬁdcrctur;
1262 3797 1320 3843 et
1359 3797 1548 3860 pervia
1579 3799 1819 3868 undique
1873 3805 2057 3858 omnia

474 3864 730 3922 hostibus
775 3868 956 3925 futura
1001 3889 1145 3929 metu
1204 3881 1463 3937 turbante
1523 3891 1770 3955 persuasi
1811 3891 2053 3960 plurimi,

471 3956 798 4014 defensandi
852 3977 1043 4018 curam
1100 3968 1399 4026 immaturo
1442 3974 1595 4029 luctu
1647 3991 1948 4037 mutarent.
1987 3986 2056 4036 At

471 4046 764 4113 Comueni,
805 4055 1108 4120 praesertim
1143 4072 1318 4115 novus
1344 4061 1649 4131 Augustus,
1676 4068 2049 4130 difﬁcultatem

471 4140 750 4208 capienda:
790 4144 1030 4199 civitatis
1067 4157 1178 4200 tum
1211 4165 1276 4204 ex
1299 4153 1374 4206 rei
1410 4157 1808 4228 magnitudine,
1844 4171 1958 4220 tum
1985 4185 2048 4223 ex

470 4245 671 4300 genere
701 4235 1048 4291 tumultuarii
1090 4243 1388 4311 exercitus,
1423 4263 1533 4314 quo
1563 4252 1873 4322 utebantur,
1918 4275 2051 4328 par-

472 4323 568 4378 tim
607 4340 671 4377 ex
709 4326 1004 4396 indigenis.
1060 4334 1257 4400 partim
1300 4351 1365 4391 ex
1409 4340 1752 4414 alienigenis,
1802 4352 2044 4407 nondum

468 4415 523 4468 in
589 4424 792 4471 tantam
859 4424 1280 4480 consensionem
1338 4431 1519 4485 coaliti
1577 4445 1633 4489 ut
1684 4455 1790 4492 non
1849 4443 2044 4500 levitas

469 4506 840 4565 multitudinis
881 4520 933 4566 et
964 4513 1162 4570 ﬂuctus
1194 4519 1472 4577 mobilium
1501 4529 1814 4586 studiorum
1851 4539 2046 4592 merito

468 4597 823 4668 timerentur,
857 4607 1160 4672 prudenter
1185 4614 1549 4686 aestimantes,
1600 4623 1866 4692 optimum
1901 4628 2044 4686 factu

467 4690 744 4746 duxerunt
798 4696 842 4749 si
899 4698 1213 4760 voluntates
1285 4690 1756 4780 pr0pugnatorum
1827 4720 2049 4778 allicere

469 4787 762 4851 promissis
796 4797 849 4843 et
878 4789 930 4844 in
971 4803 1158 4862 partes
1187 4799 1409 4857 trahere
1434 4811 1732 4864 tentarent.
1779 4809 1931 4868 Talia
1961 4830 2048 4871 se-

467 4889 593 4926 cum
632 4875 856 4935 Alexius
890 4889 1003 4937 tota
1022 4894 1182 4941 nocte
1219 4890 1538 4962 meditatus,
1575 4899 1755 4967 primo
1796 4917 1954 4959 mane
1981 4907 2036 4960 in

469 4968 881 5027 tabernaculum
912 4975 1146 5034 Casaris
1175 4996 1234 5036 se
1261 4984 1498 5054 confert,
1534 4996 2043 5054 communicaturus

465 5073 586 5112 cum
623 5061 718 5115 illo
763 5066 1060 5122 consilium
1112 5073 1260 5140 quod
1317 5090 1421 5130 nox
1466 5093 1830 5149 suggesserat,
1889 5088 2040 5156 ejus-

466 5149 702 5218 demque
736 5169 903 5222 opera
940 5159 992 5210 in
1028 5158 1201 5229 ipsius
1247 5170 1602 5226 exsecutione
1647 5189 1872 5232 usurus.
1923 5181 2040 5250 Egit

462 5239 608 5293 enim
642 5257 766 5297 cum
813 5245 908 5300 illo
937 5259 995 5301 ut
1036 5264 1222 5307 secum
1261 5258 1448 5315 venire
1491 5263 1656 5319 vellet
1703 5266 1866 5323 simul
1921 5273 2039 5325 obi-

2053 2335 2261 2404 ησόλων
2283 2348 2378 2396 καὶ
2401 2346 2719 2418 δορυφόρων
2751 2356 2844 2405 καὶ
2879 2335 3284 2424 καταφράκτων
3309 2359 3542 2428 ἀνδρῶν.

2274 2436 2329 2488 '0
2348 2438 2404 2490 δέ
2436 2457 2497 2506 γε
2521 2441 2884 2514 Βοτανειάτης
2909 2447 3008 2517 τὴν
3036 2450 3144 2501 τῶν
3179 2452 3481 2521 Κομνηνῶν
3513 2455 3780 2528 τοιαύτην

2189 2533 2536 2606 ἐπιχείρησιν
2568 2538 2711 2607 ὁρῶν
2738 2541 3056 2612 πολυπληθῆ
3113 2561 3167 2595 τε
3224 2545 3316 2598 καὶ
3362 2548 3424 2600 ἐκ
3485 2549 3777 2604 παντοίων

2189 2623 2612 2694 συνειλεγμένην
2657 2629 2886 2699 ἀνδρῶν,
2923 2637 3014 2684 καί
3064 2635 3201 2704 πρὸς
3245 2640 3363 2699 ταῖς
3418 2639 3622 2703 πύλαις
3671 2643 3777 2712 τῆς

2185 2715 2394 2778 πόλεως
2436 2720 2808 2792 ἐπειγομένην
2839 2728 2883 2757 ⁵⁸
2926 2727 3026 2796 ἤδη
3079 2729 3322 2796 ἐγγίσαι,
3357 2732 3447 2782 τον
3481 2732 3538 2784 δέ
3571 2751 3638 2800 γε
3660 2736 3777 2788 Με-

2182 2805 2437 2878 λισσηνὸν
2489 2813 2806 2884 Νικηφόρον
2858 2821 2985 2890 περὶ
3032 2823 3133 2891 τὴν
3179 2823 3425 2891 Δάμαλιν
3471 2828 3771 2893 φθάσαντα

2179 2899 2278 2968 οὐχ
2308 2900 2454 2970 ἥττω
2482 2903 2685 2957 τούτων
2726 2906 2953 2976 δύναμιν
2984 2910 3175 2980 έχοντα
3209 2915 3300 2966 καὶ
3333 2914 3433 2984 τῆς
3475 2916 3770 2985 βασιλείας

2179 2992 2439 3057 ὡσαύτως
2471 2997 2940 3068 ἀντιποιούμενον,
2966 3003 3040 3073 μὴ
3070 3004 3210 3073 ἔχων
3237 3007 3266 3058 ὃ
3301 3025 3351 3058 τι
3391 3010 3483 3060 καὶ
3516 3010 3768 3080 δράσειε,

2182 3087 2306 3154 μηδ’
2358 3090 2849 3162 ἁντιπαλαμᾶσοαι
2913 3097 3216 3168 δυνάμενος
3283 3106 3419 3173 πρὸς
3476 3107 3648 3176 ἄμφω
3698 3110 3773 3162 τὰ

2183 3179 2347 3249 μέρη.
2382 3181 2487 3235 ὑπὸ
2516 3184 2608 3236 τοῦ
2633 3186 2819 3254 γήρως
2874 3189 3188 3264 ὑπόιέιυχρός
3226 3213 3284 3248 τε
3314 3194 3390 3249 ὢν
3434 3200 3524 3250 και
3557 3202 3772 3265 μᾶλλον

2174 3274 2450 3345 περιδεὴς,
2473 3276 2574 3330 κᾶν
2604 3279 2662 3330 ἐν
2687 3281 2902 3350 νεότητι
2937 3285 3340 3355 ἀνδρικώτατος
3375 3287 3462 3361 ἦν,
3497 3295 3764 3348 τοσοῦτον

2172 3365 2292 3417 τότε
2335 3367 2499 3435 μόνον
2554 3372 2813 3436 ἀπέπνει,
2849 3377 3047 3428 ὁπόσον
3100 3381 3263 3432 αὐτὸν
3315 3384 3346 3452 ἡ
3401 3385 3496 3437 τοῦ
3537 3387 3767 3457 τείχους

2167 3459 2430 3532 περιϐολὴ
2464 3461 2771 3526 διεζὼννυε,
2823 3471 2914 3519 καὶ
2949 3469 3306 3526 ἁπενενεύκει
3357 3478 3559 3544 μᾶλλον
3616 3483 3762 3550 προς

2165 3547 2225 3603 τὸ
2250 3549 2350 3612 τῖς
2383 3549 2660 3620 βασιλείας
2692 3557 2975 3626 ἐκστῆναι.
3022 3561 3216 3612 Ἔνθεν
3242 3581 3323 3615 τοι
3353 3568 3444 3618 καὶ
3479 3567 3760 3640 ἔκπληξις

2169 3645 2391 3711 κατεὶχε
2427 3644 2520 3696 καὶ
2559 3645 2786 3716 θόρυϐος
2817 3649 3085 3715 ἅπαντας,
3123 3655 3216 3706 καὶ
3261 3657 3515 3727 ἁλώσιμα
3566 3665 3758 3718 πάντα

2163 3733 2338 3785 ἐδόκει
2361 3737 2689 3806 γενήσεσθαι
2728 3741 3013 3796 πάντοθεν.
3065 3744 3151 3807 Ὠς
3178 3748 3233 3800 δὲ
3265 3750 3538 3822 δυσχερὴς
3572 3757 3604 3825 ἡ
3646 3758 3754 3826 τῆς

2168 3825 2376 3888 πόλεως
2405 3827 2604 3891 ἅλωσις
2655 3835 2768 3894 τοῖς
2825 3835 3136 3906 Κομνηνοῑς
3170 3846 3531 3910 κατεφαίνετο
3578 3852 3656 3918 (αξ
3701 3853 3760 3905 δὲ

2163 3917 2423 3986 δυνάμεις
2480 3922 2542 3974 ἐκ
2600 3923 2872 3994 διαφόρων
2933 3929 3166 3992 ξενικῶν
3223 3952 3281 3985 τε
3333 3939 3424 3988 καὶ
3459 3942 3756 4010 ἐγχωρίων

2163 4009 2513 4078 συνελέγοντο
2534 4029 2547 4043 ο
2580 4013 2714 4066 ὅπου
2753 4017 2808 4068 δὲ
2852 4019 3059 4089 πληθὺς
3092 4023 3376 4094 διάφορος,
3408 4032 3524 4081 ἐκεῖ
3565 4035 3662 4087 καὶ
3693 4035 3758 4088 τὸ

2159 4103 2258 4169 τῆς
2287 4085 2515 4174 γνώμης
2559 4105 2817 4175 διάφορον
2854 4085 3294 4183 nauigabat-aii,
3336 4085 3551 4187 βλέπων
3603 4128 3630 4178 ὁ
3688 4129 3756 4180 τὸ

2158 4193 2276 4246 νέον
2301 4195 2598 4260 ἐνδεδυκὼς
2633 4200 2850 4254 πέδιλον
2885 4203 3122 4269 ’Λλέξιος
3170 4209 3228 4261 τὸ
3278 4212 3597 4268 δυσάλωτον
3643 4220 3750 4287 τῆς

2157 4285 2364 4350 πόλεως
2391 4287 2483 4341 καὶ
2527 4291 2586 4343 τὸ
2625 4291 2733 4344 τῶν
2782 4299 3134 4364 στρατιωτῶν
3168 4303 3506 4372 παλίμϐολον
3549 4309 3756 4362 ὑποτο-

2157 4379 2367 4445 πάζων,
2397 4383 2478 4445 είς
2528 4384 2722 4454 ἑτέραν
2757 4388 3023 4454 ἐτράπετο
3058 4393 3305 4464 γνώμην,
3348 4398 3435 4450 ἵνα
3473 4399 3754 4468 Οωπείαις

2152 4473 2265 4524 τισὶ
2326 4475 2421 4526 καὶ
2477 4476 2835 4544 ὑποσχέσεσιν
2893 4482 3373 4556 ύποποιησάμενός
3433 4511 3586 4559 τινας
3637 4499 3753 4552 τῶν

2075 4579 2127 4638 D
2155 4561 2533 4630 φυλαττόντων
2564 4565 2632 4618 τὰ
2668 4567 2824 4637 τείχη
2855 4571 2950 4621 καὶ
2983 4572 3190 4641 κλέψας
3241 4580 3428 4634 αὐτῶν
3461 4586 3561 4649 τὴν
3594 4589 3750 4654 γνώο

2153 4672 2280 4724 μην,
2311 4654 2486 4720 οὕτως
2515 4660 2719 4730 αἱρήσῃ
2745 4661 2843 4731 τὴν
2875 4661 3050 4716 πόλιν.
3089 4667 3273 4722 Ταῦτα
3307 4671 3360 4725 δὲ
3389 4675 3517 4746 ὅλης
3545 4683 3751 4745 νυκτὸς

2152 4746 2476 4816 μελετήσας,
2507 4753 2586 4813 εἰς
2620 4751 2718 4820 τὴν
2751 4753 2955 4824 σκηνὴν
2987 4757 3083 4810 τοῦ
3126 4760 3408 4831 Καίσαρος
3447 4766 3562 4837 ἆμα
3593 4771 3749 4838 πρωῒ

2149 4839 2555 4907 παραγίνεται,
2615 4844 2979 4913 ἀπαγγέλλων
3039 4850 3107 4903 τὰ
3184 4855 3575 4921 σκοπηθέντα,
3645 4865 3750 4915 καὶ

2153 4929 2322 4995 ἀξιῶν
2369 4930 2486 5000 ἅμα
2545 4935 2880 5004 συνὲψασθαί
2933 4940 2982 4992 οξ
3035 4941 3130 4993 καὶ
3189 4953 3614 5018 κατασκοπῆσαι
3675 4957 3748 5006 τὲ

2151 5021 2330 5090 τείχη,
2364 5030 2459 5076 καὶ
2515 5028 2612 5088 τὰς
2672 5029 2927 5096 ἐπάλξεις
2989 5035 3404 5107 ἁναΟεωρῆσαι,
3459 5043 3556 5094 καὶ
3613 5048 3749 5110 τοὺς

2151 5112 2525 5178 φυλάσσοντας
2559 5113 2714 5186 (ἦσαν
2767 5121 2877 5190 γὰρ
2933 5125 2996 5176 ἐκ
3036 5125 3335 5196 διαιρίρων)
3371 5137 3469 5184 καὶ
3500 5134 3746 5203 διαγνῶ-

2151 5220 2240 5256 ναι
2279 5206 2428 5271 ὅπως
2466 5211 2693 5264 δυνατόν
2742 5215 2892 5269 ἐστιν
2943 5219 3147 5273 ἁλῶναι
3195 5222 3297 5294 τὴν
3335 5226 3511 5281 πόλιν.
3570 5229 3633 5281 ⁸0
3681 5230 3739 5282 δὲ

2153 5297 2366 5368 βαρέως
2393 5303 2747 5376 τούπίταγμα
2786 5307 3000 5381 ἔφερεν,
3042 5312 3141 5366 ἆτε
3189 5315 3248 5369 τὸ
3280 5325 3584 5390 μοναχικδν
3617 5323 3735 5392 (47)

1517 5400 1712 5464 Variis
1756 5407 2061 5472 lectiones
2099 5432 2172 5475 ex
2197 5418 2338 5477 eod.
2375 5419 2611 5481 CoiSlin

537 5479 579 5511 ⁵¹
608 5483 920 5556 ἀνήγειρεν.
994 5490 1040 5522 “
1066 5492 1442 5569 ἐπαγομένην.

1541 5599 1678 5661 Car.
1719 5602 2038 5668 Dufresnii
2068 5609 2158 5672 Da
2200 5613 2417 5691 Caugii
2457 5627 2644 5679 notze.

537 5682 650 5754 (47)
695 5685 826 5771 'A't's
855 5694 1209 5771 μρνιιχικόν.
1249 5695 1438 5771 Yictus
1477 5711 1533 5755 et
1558 5712 1751 5771 captus
1776 5720 1805 5758 a
1844 5705 2038 5765 Turcis

466 5769 572 5811 una
599 5767 722 5836 cum
757 5755 970 5836 Urs'isllo
993 5755 1232 5818 Joannes
1260 5767 1448 5834 ducas,
1478 5755 1681 5836 Caesar,
1711 5790 1740 5828 a
1764 5777 2034 5834 Michacic

467 5833 682 5892 nepote,
712 5826 849 5895 lylro
882 5832 1086 5898 soluto,
1133 5826 1467 5908 redemptus,
1497 5826 2030 5918 Constaiitiiiopolini

2144 5714 2416 5769 adductus
2441 5728 2542 5780 est,
2575 5734 2813 5802 Clllli‘t'lilti
2850 5725 2914 5777 ad
2948 5727 3336 5808 Propnn'idem
3365 5743 3740 5813 pervenisset,

2149 5797 2354 5838 inuitata
2393 5800 2559 5851 veste,
2595 5793 2884 5860 positoque
2912 5799 3136 5864 capillo,
3173 5793 3500 5862 monachum
3533 5793 3736 5879 induit:

2153 5857 2247 5879 -;ι.ς
2282 5873 2327 5879 ---
2357 5867 2424 5879 Δι..
2453 5875 2527 5879 ,γ
2557 5875 2574 5879 -
2752 5873 2761 5879 .
2863 5868 2872 5879 ι
2965 5869 3004 5879 nn

2148 5857 2247 5911 sibi
2281 5867 2531 5914 nutriens
2553 5857 2892 5932 auepote’ob
2930 5857 3245 5926 atfccta'tum
3274 5889 3300 5926 a
3328 5891 3386 5932 se
3416 5857 3738 5959 imperiu‘rn:
