3934 6574
247 364 340 431 269
1415 367 1833 429 ALEXIADIS
1865 369 2012 430 LIB.
2054 369 2111 428 ll
2122 365 2172 430 Ι.
3355 371 3464 438 2Ίθ

245 475 396 529 ιλκειν
423 469 550 539 πρὸς
585 468 906 539 ἐαυτὴν,-τῷ
943 469 999 524 δὲ
1033 472 1182 544 φόϐῳ
1217 474 1377 544 μύειν
1411 477 1762 542 καταναγκά-
1795 528 1798 535 ,

1911 479 2226 546 roportione
2273 477 2364 532 ubi
2411 485 2530 533 erat
2588 489 2728 550 opus
2798 480 2961 535 modo
3017 481 3244 542 dilatata
3294 493 3459 576 mpdu

246 564 353 629 ζειν,
389 561 479 614 οὐκ
522 559 748 629 ἑχόντων
776 561 928 624 ὅπως
967 563 1410 634 ἀποϐλέψωνται,
1443 565 1474 634 ῆ
1524 568 1674 629 ὅπως
1703 567 1769 620 ἂν

1905 579 2115 631 irctata,
2148 569 2414 624 membris
2450 571 2550 624 sibi
2585 583 2782 627 exaCIe
2821 574 3302 642 respondentibus,
3341 559 3458 636 iisti

244 651 639 721 ἀποκρύψωνται.
659 651 764 703 Καὶ
797 652 846 704 εἰ
873 653 973 722 μέν
994 670 1077 718 τ;ς
1110 649 1174 724 ἧν
1201 654 1406 725 Ἀθηνᾶ
1431 661 1541 720 τοῖς
1579 661 1771 727 πρώην

1902 662 2086 713 ποτίιρι·
2115 669 2169 713 et
2201 662 2395 716 auditu
2433 663 2511 717 sic
2537 664 2789 719 amabilis
2841 673 2902 719 ut
2938 682 3037 720 nec
3077 673 3455 737 spectaculum

243 743 550 813 tasupqpév'q
611 747 865 813 ποιηταῖς
926 763 983 799 τε
1042 748 1138 801 καὶ
1197 749 1610 820 συγγραφεῦσιν
1669 752 1771 804 οὐκ

1909 752 2262 821 uavius._nec
2293 768 2546 806 acroama
2591 753 2810 812 dulcius
2858 757 2977 826 ejus
3019 760 3171 814 vultu
3216 777 3458 833 voceque

240 835 334 890 οἶδα
361 836 563 902 ἔγωγε·
600 835 770 904 μῦθον
815 839 872 890 δὲ
914 839 1120 910 ταύτην
1149 840 1336 895 άκούω
1383 843 1767 913 περιφερόμε-

1904 846 2127 900 ιοιιιίιιοε
2159 844 2445 900 haberent.
2499 845 2692 902 Facies
2739 850 2956 920 quidem
3013 853 3172 922 pleno
3216 857 3457 911 micabat

239 947 310 982 νον
351 928 434 981 καὶ
484 930 950 998 περιπρὸμενον·
999 933 1098 1003 τὴν
1151 933 1207 986 δὲ
1257 933 1510 1005 βασιλίδα
1564 935 1770 1006 ταύτην

1902 952 2018 991 una:
2045 935 2263 1006 fulgore
2283 953 2298 992 :
2320 953 2430 992 non
2463 946 2648 993 tamen
2677 939 2727 993 iu
2753 941 3056 1010 perfectura
3077 946 3344 1001 circinata
3367 965 3455 1002 or-

255 1021 471 1089 ‘Aliqvav,
502 1020 554 1072 ετ
574 1038 656 1083 τις
683 1016 844 1092 εἴπερ
875 1023 918 1055 ⁸³
945 1025 1005 1076 ὲν
1034 1027 1148 1088 τοῖς
1176 1026 1296 1079 τότε
1323 1028 1540 1097 χρόνοις
1581 1033 1769 1098 φανεί-

1901 1044 1994 1081 ιριη
2025 1044 2179 1083 more
2223 1031 2607 1102 Assyriarum,
2637 1047 2738 1087 nec
2771 1033 3064 1092 immodice
3089 1037 3248 1109 longa
3273 1043 3454 1109 qualis

237 1130 316 1166 σαν
340 1110 407 1181 τῷ
448 1111 772 1184 ἀνθρωπίνῳ
803 1114 926 1185 βίῳ,
961 1115 993 1187 ἢ
1023 1120 1478 1190 καταῤῥαγεῖσαν
1507 1120 1566 1186 ἐξ
1599 1125 1764 1194 οὐρα-

1892 1122 1978 1192 17
2033 1122 2086 1177 in
2143 1120 2360 1194 Scythis
2428 1121 2643 1180 feminis
2697 1126 2965 1190 cernitur,
3024 1130 3119 1184 sed
3179 1133 3445 1200 producta

233 1205 303 1259 νοῦ
352 1203 476 1274 μετά
531 1221 676 1267 τινος
735 1207 995 1276 οὐρανίας
1049 1209 1242 1280 αἴγλης
1307 1213 1402 1265 καὶ
1457 1215 1764 1285 ἀπροσίτου

1899 1216 2155 1271 ι-ιυὶυιιιη)
2201 1218 2341 1271 ultra
2400 1233 2566 1290 gyros
2615 1221 2795 1274 exacti
2865 1221 3082 1279 circuli.
3125 1223 3452 1283 l’ervolabat

234 1297 580 1366 μαρμαρυγῆς,
609 1297 712 1349 οὐκ
745 1296 812 1350 ἄν
848 1298 1124 1368 ἐξήμαρτε
1154 1300 1248 1354 τοῦ
1288 1303 1519 1368 είκότος.
1565 1305 1676 1359 Καὶ
1711 1306 1768 1357 τὸ

1903 1324 1996 1364 ero
2029 1311 2178 1364 illam
2239 1327 2346 1381 qua
2401 1313 2768 1368 tendebantur
2816 1330 2969 1384 gente
3025 1318 3239 1388 species
3291 1329 3455 1390 atque

233 1386 655 1456 θαυμασιώτερον,
687 1390 828 1461 ὅπερ
877 1392 979 1444 οὐκ
1033 1392 1103 1445 ἂν
1151 1394 1210 1446 ὲν
1257 1394 1394 1469 ἄλλῃ
1424 1396 1534 1450 τῶν
1580 1413 1767 1465 γυναι-

1908 1417 2006 1455 ura
2041 1401 2289 1470 quaedam
2336 1406 2621 1459 vernantis
2667 1407 2804 1477 prati
2837 1418 2890 1463 et
2920 1409 3040 1464 viva
3074 1426 3312 1482 purpura
3357 1415 3455 1468 lla-

229 1480 316 1533 κών
361 1478 618 1550 εὑρεθείη,
667 1483 794 1544 τοὺς
862 1482 963 1552 μὲν
1019 1485 1248 1556 ίθαμοὺς
1299 1487 1344 1520 ⁸⁸
1393 1487 1503 1540 τῶν
1557 1491 1767 1561 ἀνδρῶν

1907 1503 2114 1550 rautem
2149 1493 2391 1552 florentis
2421 1497 2620 1552 rosarii
2649 1498 2882 1554 colorem
2912 1498 2965 1554 iu
2994 1502 3188 1558 oculos
3217 1504 3299 1558 Vt'l
3326 1520 3454 1572 pro-

227 1571 522 1640 συνέστελλε,
558 1575 672 1635 τοῖς
711 1575 757 1638 δ’
791 1575 894 1626 ὑπὸ
927 1576 1094 1643 φόϐου
1126 1579 1584 1650 συνεσταλμένως
1621 1583 1761 1655 θαρα

1904 1584 1959 1639 ul
2012 1587 2379 1655 spectantium
2415 1589 2831 1657 ejaculabatur;
2876 1593 3144 1650 intuentis
3195 1571 3453 1665 aspectus

225 1664 316 1734 ῥεῖν
342 1663 554 1716 ἐνεδίδου
585 1667 650 1717 ἐκ
688 1666 859 1735 μόνης
886 1666 1084 1737 ὅψεως.
1119 1671 1201 1723 Τά
1256 1673 1313 1724 δὲ
1353 1674 1509 1745 χείλη
1542 1676 1760 1746 ἐμεμύο

1905 1679 2049 1735 ivide
2091 1695 2343 1747 serenus,
2394 1692 2448 1736 et
2499 1683 2705 1748 pariter
2757 1684 3061 1749 delectans.
3096 1689 3304 1758 pariter
3339 1699 3453 1744 ter-

232 1773 299 1808 κει
325 1756 413 1824 μὲν
439 1757 500 1810 τά
532 1759 703 1811 πολλὰ
734 1763 827 1813 καὶ
852 1763 1064 1817 ἐδείκνυ
1109 1765 1375 1835 σιγῶσαν,
1409 1769 1653 1839 ἔμπνουν
1681 1771 1760 1836 ὡς

1897 1787 2018 1836 ens,
2055 1784 2115 1827 ut
2142 1774 2554 1828 occurrentium
2593 1775 2781 1832 oculos
2826 1785 2883 1832 et
2933 1779 3116 1849 specie
3154 1781 3204 1834 in
3237 1795 3296 1835 se
3328 1797 3450 1836 ver-

221 1845 399 1914 ἀληθῶς
452 1846 678 1917 ἄγαλμα
739 1850 1008 1924 καλλονῆς
1073 1833 1184 1910 καὶ.
1232 1833 1454 1931 στήλην
1510 1833 1756 1934 ἔμψυχον

1892 1877 2025 1930 cret,
2063 1874 2116 1921 et
2154 1866 2441 1936 majestate
2473 1868 2764 1924 connivere
2789 1880 3026 1940 cogeret,
3061 1872 3202 1926 inter
3232 1884 3445 1927 utrum-

218 1936 499 2007 εὐρυθμίας.
542 1940 784 2012 Ἡνιόχει
813 1943 870 1996 δὲ
904 1946 970 1998 τά
1006 1947 1178 2001 πολλὰ
1233 1952 1264 2021 ἡ
1321 1955 1444 2023 χείρ
1490 1953 1568 2024 τῷ
1611 1955 1755 2027 λόγῳ

1903 1973 1969 2014 ue
2033 1959 2310 2023 incertos,
2349 1975 2414 2015 ac
2470 1977 2569 2017 nec
2626 1963 2902 2018 abstinere
2939 1981 2965 2016 a
3009 1966 3287 2021 cernemlo
3350 1984 3451 2024 nec

217 2029 294 2081 σὺν
321 2031 580 2103 εὐρυθμίᾳ
615 2035 784 2105 μέχρι
828 2037 920 2089 τοῦ
973 2039 1191 2109 καρποῦ
1243 2044 1660 2114 παραδεικνῦσα
1691 2049 1754 2101 τὸ

1897 2051 2140 2106 ustinere
2177 2061 2370 2106 contra
2420 2051 2719 2108 intuentem
2758 2055 3018 2109 valentes.
3048 2055 3219 2122 Quam
3273 2057 3449 2112 Palla.

217 2125 568 2194 μετακάρπιον,
607 2131 704 2181 καὶ
732 2126 886 2193 εἶπες
913 2130 979 2184 ἂν
1015 2132 1288 2203 ἐλέφαντα
1327 2137 1749 2208 ἐκτετορεῦσθαι

1887 2141 1982 2196 lem
2014 2150 2182 2210 poeta:
2231 2142 2580 2212 pictoresque
2612 2143 2895 2198 celebrant
2925 2187 2939 2209 ,
2986 2160 3050 2199 ea
3087 2162 3155 2200 an
3200 2163 3440 2217 unquam

215 2218 336 2285 παρὰ
364 2219 599 2286 τεχνίτου
631 2223 780 2285 τινὸς
824 2227 905 2288 είς
933 2225 1216 2281 δακτύλων
1256 2229 1350 2282 καὶ
1391 2231 1594 2302 χειρῶν
1629 2231 1748 2286 διάο

1902 2234 2141 2288 xstiterit
2193 2236 2417 2298 nescio.
2455 2236 2704 2306 plerique
2746 2237 2987 2292 fabulam
3033 2247 3359 2307 autumant;
3392 2252 3448 2295 at

211 2307 350 2360 θεσιν.
396 2309 454 2362 Ἦ
512 2312 703 2381 μέντοι
756 2309 868 2384 ἶρις
935 2316 1044 2370 τῶν
1113 2319 1414 2391 ὀφθαλμῶν
1474 2324 1750 2378 θάλατταν

1893 2341 2102 2380 ormam
2141 2326 2305 2398 hujus
2347 2336 2550 2384 nostra:
2585 2329 2850 2398 Augusta:
2885 2330 3121 2385 similem
3163 2331 3446 2389 exstitisse

211 2406 420 2472 ἐμιμεῖτο
473 2407 824 2477 γαληνιῶσαν
874 2412 932 2464 ἐν
981 2411 1320 2485 βαθυκύμονι
1381 2417 1618 2472 διαθέσει
1690 2423 1752 2473 τὸ

1888 2420 1991 2472 dim
2050 2420 2103 2473 in
2160 2419 2324 2474 terris
2359 2429 2414 2475 et
2461 2420 2828 2476 admiratione
2887 2421 2974 2476 sui
3015 2437 3078 2477 ac
3131 2422 3441 2493 fulguribus

209 2497 403 2549 κυανοῦν
455 2500 862 2568 ἐξαυγάζουσα.
923 2507 1267 2561 Ἀντέστιλσε
1326 2511 1371 2542 ⁸⁷
1420 2511 1478 2565 δὲ
1535 2513 1630 2566 καὶ
1683 2515 1747 2568 τὸ

1890 2512 2150 2567 iculorum
2189 2512 2470 2581 radiisque
2515 2513 2736 2569 acribus
2789 2514 3138 2584 percelleutis
3188 2518 3398 2586 speciei
3427 2561 3443 2582 ,

207 2587 362 2641 λευκὸν
395 2591 498 2642 τῶν
546 2593 822 2662 ὀμμάτων
867 2597 1054 2666 κύκλῳ
1091 2599 1190 2669 τῆς
1228 2601 1416 2672 ίριδος,
1453 2605 1550 2658 καὶ
1580 2605 1743 2674 χάριν

1893 2603 2098 2659 celestis
2117 2603 2348 2672 originis
2381 2601 2540 2656 facile
2571 2603 2732 2658 fidem
2765 2603 2963 2661 fecisse
2993 2605 3038 2661 si
3064 2608 3188 2676 quis
3219 2605 3443 2672 dixerit.

206 2679 486 2749 ἀπέὶαμπον
541 2683 762 2755 ἄμαχον
815 2689 908 2739 καὶ
961 2689 1154 2760 ἡδονὴν
1212 2694 1420 2761 ἄρατον
1477 2697 1744 2754 ἐνεδίδουν

1890 2711 1940 2750 az
1981 2697 2027 2750 is
2059 2709 2088 2748 a
2118 2711 2268 2758 vero,
2319 2701 2468 2750 certe
2495 2695 2776 2750 verisimili
2813 2713 2921 2751 nou
2966 2697 3342 2766 abcrraverit;
3379 2714 3443 2756 ac

206 2772 301 2831 ταῖς
335 2771 497 2837 filiam.
546 2775 802 2828 Τοιοῦτοι
866 2779 967 2847 μὲν
1031 2781 1131 2850 τὴν
1191 2782 1336 2836 ἰδέαν
1386 2785 1593 2857 Εἰρήνη
1648 2789 1745 2842 καὶ

1887 2785 2004 2852 und
2055 2785 2305 2840 mirabile
2366 2795 2421 2841 et
2462 2785 2624 2854 hujus
2675 2787 2835 2856 plane
2863 2789 3108 2844 mulieris
3145 2789 3440 2861 singulare.

214 2858 432 2926 Ἀλέξιος.
479 2864 537 2917 Ὀ
593 2868 782 2934 μέντοι
829 2867 968 2931 θεῖος
1011 2872 1146 2940 ἐμὸς
1189 2873 1460 2940 Ἰσαάκιος
1505 2879 1604 2950 τὴν
1641 2879 1745 2950 μὲν

1887 2879 2100 2934 mdaces
2161 2877 2619 2947 impatientesque
2661 2880 3028 2938 conturbabat
3079 2858 3440 2949 reprimebat-

202 2952 382 3018 ἠλικίαν
402 2954 566 3024 ἐῴκει
597 2958 870 3027 τάδελφῷ,
901 2961 1021 3016 οὐδὲ
1058 2964 1127 3018 τά
1153 2963 1288 3019 ἄλλα
1312 2967 1358 2999 ⁸⁸
1395 2969 1531 3023 πολὺ
1563 2972 1748 3044 ἀπεῴ-

1893 2987 1978 3033 ue,
2018 2970 2252 3025 humiles
2306 2983 2498 3025 contra
2535 2981 2788 3040 metuque
2835 2982 3150 3030 contractos
3192 2975 3441 3045 erigebat

201 3057 282 3095 κει.
315 3043 604 3116 ’Υπωχρος
631 3047 733 3117 μὲν
761 3045 853 3102 οὖν
888 3049 955 3122 ἦν
985 3055 1143 3119 αὐτὸς
1183 3058 1280 3127 τὴν
1330 3059 1452 3130 bal/tv
1503 3065 1599 3116 καὶ
1642 3043 1744 3137 την

1884 3083 1908 3118 n
1951 3063 2206 3119 fiduciam
2249 3063 2366 3116 solo
2406 3073 2654 3132 aspectu.
2689 3066 2758 3118 At
2806 3064 2989 3131 labia,
3039 3043 3295 3136 patebant
3345 3067 3437 3122 illa

201 3132 378 3202 ὑπήνην
409 3137 466 3187 οὐ
504 3145 655 3189 πανυ
695 3139 882 3206 δασὺς,
911 3143 1045 3196 ἀλλὰ
1088 3147 1182 3200 καὶ
1216 3152 1343 3218 περὶ
1379 3150 1477 3214 τὰς
1509 3152 1744 3220 γνάθους

201 3225 468 3254 νΙ..Ἱ,.-λ--..
508 3226 626 3254 ,ἵη-
689 3232 787 3254 -1-
843 3235 981 3254 -352
1078 3237 1101 3248 η
1159 3239 1213 3254 ιν.
1405 3243 1443 3254 ,ι
1547 3246 1596 3254 .-
1630 3245 1644 3254 .
1715 3245 1726 3254 .

1893 3155 2071 3211 nidem
2104 3155 2446 3225 plerumque,
2479 3156 2572 3209 sed
2609 3155 2676 3209 ad
2710 3170 2972 3224 speetem,
2993 3173 3096 3211 non
3123 3158 3188 3213 ad
3223 3173 3437 3220 vocem.

197 3225 468 3298 ψιλωτέραν
506 3226 628 3298 εἶχε
688 3232 787 3301 τῆς
839 3235 1127 3306 τάδελφοῦ.
1159 3239 1361 3310 ’Ἄμφω
1399 3243 1454 3296 δὲ
1500 3245 1746 3315 τάδελφὼ

1886 3257 2086 3318 otaqne
2112 3249 2442 3306 cernebatur
2481 3247 2698 3316 Spirans
2743 3248 3099 3304 siiuuiacrum
3133 3251 3439 3320 pulchritu-

197 3320 507 3384 κυνηγεσίοις
578 3321 680 3391 μὲν
741 3325 1005 3391 πολλάκις
1064 3331 1355 3398 άπένευον,
1384 3337 1629 3407 ὁπηνίκα
1687 3341 1748 3393 οὐ

1882 3340 2025 3399 linis.
2072 3347 2128 3394 et
2177 3339 2416 3394 animata
2471 3340 2861 3396 concinnitatis
2897 3343 3171 3398 columna.
3213 3344 3435 3400 Sermo-

200 3407 338 3503 πολλή
388 3427 466 3473 τις
516 3415 709 3478 αἰτοῖς
763 3419 988 3488 ἐπέρρει
1024 3421 1067 3453 ⁸⁹
1102 3427 1448 3494 πραγμάτων
1501 3433 1746 3499 φροντὶς,

1882 3447 1982 3486 rem
2039 3431 2152 3486 fere
2200 3431 2542 3500 gubernabat
2601 3447 2820 3494 manus,
2863 3448 3081 3488 summo
3131 3433 3314 3503 lepore
3371 3450 3435 3490 ac

198 3498 479 3570 πολεμικοῖς
571 3504 626 3556 δὲ
706 3508 996 3582 μᾶλλονῆ
1071 3521 1452 3584 κυνηγετικοῖς
1530 3523 1750 3592 ἔχαιρον

1880 3525 2120 3594 ιιοςοιιιὶτι
2158 3498 2337 3594 usque
2374 3524 2440 3578 ad
2468 3525 2786 3594 juncturam
2820 3528 3027 3582 brachii
3062 3529 3290 3597 nudata,
3331 3532 3433 3584 uri.

199 3593 504 3661 πράγμασιν.
558 3597 646 3649 Ἐν
696 3597 754 3650 δὲ
805 3603 926 3664 ταῖς
976 3603 1239 3672 ἐμϐολαῖς
1295 3610 1404 3662 τῶν
1461 3613 1745 3684 πολέμων,

1885 3593 2041 3668 aculo
2072 3593 2400 3667 intuentium
2443 3593 2534 3682 qui
2573 3615 3026 3670 candidissimum
3061 3616 3196 3670 ebur
3244 3593 3298 3671 in
3347 3617 3433 3672 di-

196 3685 282 3736 οὐδ’
308 3689 542 3758 ὁπηνίκα
602 3694 711 3745 τῶν
755 3698 1055 3764 ταγμάτων
1086 3702 1252 3765 αὐτὸς
1295 3705 1540 3777 κατῆρχε
1576 3711 1746 3778 προέ-

1892 3707 1996 3760 itos
2023 3715 2076 3759 et
2105 3706 2279 3758 volam
2305 3721 2367 3759 ac
2385 3717 2636 3760 caeteram
2673 3723 2893 3760 manum
2932 3724 2958 3758 a
2989 3711 3267 3777 prmstanti
3301 3725 3437 3776 qun-

192 3788 328 3854 τρεχέ
351 3804 429 3852 τις
455 3791 656 3852 αὐτοῦ.
688 3793 806 3845 ἀλλ’
843 3795 959 3863 ἅμα
1003 3813 1061 3849 τε
1089 3800 1188 3868 τὴν
1223 3802 1536 3873 παράταξιν
1563 3807 1743 3878 ἑωρά-

1873 3796 1976 3851 lam
2012 3796 2220 3850 artiﬁce
2257 3806 2527 3851 tornatum
2575 3797 2760 3852 videre
2794 3797 2894 3852 sibi
2930 3799 3274 3854 videbantur.
3327 3800 3426 3854 Iris

191 3893 261 3928 κει
284 3880 382 3933 τῶν
430 3885 716 3952 πολεμίων
757 3888 966 3952 ἐκεῖνος
1000 3893 1092 3942 καὶ
1120 3894 1341 3948 πάντων
1391 3905 1744 3974 καταφρονή·

1878 3890 2137 3944 »ςυιοι-υηι
2171 3905 2322 3945 mare
2359 3889 2709 3958 tranquillam
2743 3887 3032 3955 referebat,
3065 3891 3115 3943 in
3163 3891 3431 3958 profunda

192 3986 274 4031 σας
310 3973 410 4026 τῶν
456 3977 662 4044 ἄλλων,
698 3980 757 4042 ἐς
799 3982 999 4051 μέσους
1046 3985 1307 4040 ἐνέπιπτε
1355 3989 1608 4064 καθάπερ
1661 4012 1745 4061 τις

1868 3984 2031 4053 ιυὶειο
2058 3975 2328 4036 undarum
2360 3987 2588 4036 caerulea
2628 3983 2923 4036 serenitate
2960 3980 3234 4033 renidens.
3273 3981 3421 4033 Cart-

190 4069 445 4131 κεραοιιὸς,
499 4071 672 4134 ὀξέως
725 4073 1036 4130 διακόπτων
1094 4079 1191 4144 τάς
1256 4082 1566 4153 φάλαγγας.
1620 4091 1743 4142 Κάκ

1879 4078 1953 4131 lor
1991 4091 2154 4145 porro
2187 4074 2540 4130 circumdans
2573 4074 2838 4142 pupillum
2877 4072 3058 4126 vivum
3082 4081 3133 4125 et
3165 4073 3339 4140 ipsum
3369 4087 3432 4124 ac

190 4156 348 4208 trima
385 4163 528 4214 ἑάλω
567 4165 676 4234 (87)
715 4169 808 4220 καὶ
835 4168 984 4235 ἅπαξ
1008 4174 1095 4222 καὶ
1130 4173 1213 4235 δὶς
1243 4178 1388 4230 κατὰ
1426 4179 1525 4248 τὴν
1551 4181 1739 4236 Ἀσίαν

1851 4169 2065 4230 lucens,
2092 4169 2427 4235 mistumquc
2473 4181 2538 4222 ex
2601 4167 2683 4220 his
2734 4165 2990 4218 omnibus
3038 4167 3270 4234 gratiam
3319 4165 3399 4216 cvi

191 4250 437 4315 συμμίξας
467 4255 826 4327 Ἂγαρηνοῖς.
856 4261 962 4313 Καὶ
991 4264 1151 4316 τοῦτο
1184 4269 1347 4333 μόνον
1399 4267 1512 4340 εἶχε
1564 4273 1737 4344 ψόγου

1873 4264 2044 4315 trahat
2095 4261 2581 4330 incomparabilem
2610 4301 2626 4325 ,
2673 4269 2728 4315 et
2778 4260 3059 4328 voluptate
3118 4259 3426 4313 incredibili

188 4338 310 4400 αξιον
337 4343 391 4394 ὲν
426 4349 543 4408 τοῖς
576 4349 839 4418 πολέμοις
879 4353 1050 4423 οὑμὸς
1087 4355 1232 4420 θεῖος
1281 4360 1366 4412 ὅτι
1411 4363 1546 4432 πρὸς
1601 4383 1738 4436 συμ-

1871 4353 2099 4406 iascebat
2135 4353 2428 4406 intuentes.
2447 4350 2596 4404 Talis
2625 4349 2737 4404 fere
2760 4349 2944 4403 lrenes
2968 4355 3022 4404 et
3051 4349 3222 4402 Alexii
3253 4346 3424 4401 forma

189 4429 321 4495 Gali;
355 4437 734 4507 ἀκατάσχετος
766 4439 855 4512 ἦν.

1952 4445 2080 4499 titit.
2127 4444 2362 4498 Patruus
2397 4461 2528 4498 vero
2567 4457 2723 4496 meus
2751 4441 2993 4495 lsaacius
3027 4449 3236 4496 statura
3272 4439 3428 4492 fratri
3502 4487 3505 4493 .

189 4523 477 4591 similisntc
552 4532 604 4585 in
679 4537 886 4590 caeteris
929 4537 1147 4606 quidem
1199 4543 1353 4598 valde
1399 4545 1789 4619 discrepabat,
1863 4556 1966 4608 sub
2018 4553 2286 4622 pallidiori
2347 4563 2526 4605 tamen
2593 4550 2762 4616 facie;
2825 4566 2925 4604 nec
2983 4549 3149 4603 barba
3197 4549 3425 4602 mubum

186 4617 346 4684 densa,
417 4625 554 4691 quin
633 4637 686 4680 et
733 4629 798 4682 ad
857 4632 1028 4686 malas
1089 4636 1268 4690 minus
1328 4639 1557 4708 pilorum
1622 4645 1810 4701 habuit
1850 4664 2014 4717 quam
2051 4647 2220 4702 frater
2263 4647 2390 4700 licet
2434 4645 2640 4713 junior.
2714 4645 3014 4698 Amborum
3047 4644 3159 4711 jam
3196 4645 3423 4696 fratrum

187 4723 447 4768 cminnuue
509 4719 780 4785 studium,
817 4721 864 4776 si
907 4725 1077 4779 otium
1121 4738 1272 4782 esset
1321 4746 1350 4782 a
1402 4736 1655 4803 negotiis,
1699 4738 1980 4810 indulgere
2036 4739 2334 4801 venationi,
2401 4737 2492 4792 eui
2532 4747 2712 4792 tamen
2753 4751 2878 4798 cum
2950 4736 3170 4790 occasio
3197 4737 3385 4788 aderat
3413 4753 3426 4773 ο

190 4809 406 4860 Militiam
433 4813 818 4880 praeferebant.
851 4820 1093 4875 lsaacius
1167 4841 1330 4892 porro
1374 4831 1466 4897 qui
1537 4838 1814 4889 exercitus
1859 4853 2002 4906 saepe
2037 4837 2314 4903 tluctarat,
2349 4851 2471 4888 cum
2505 4833 2955 4886 cotutnittendum
2982 4843 3128 4885 esset
3159 4833 3425 4899 prmliura,

192 4914 444 4967 nunquam
483 4910 575 4962 alii
605 4912 809 4980 primas
847 4917 1073 4983 periculi
1107 4928 1202 4971 aut
1267 4921 1572 4980 lacessendi
1642 4933 1816 4987 hostis
1857 4931 2024 4988 dabat
2065 4950 2078 4986 :
2111 4948 2300 4986 verum
2335 4934 2455 5001 ipse
2488 4931 2744 5000 princeps
2777 4929 2939 4981 simul
2973 4928 3224 4980 hostilem
3251 4927 3423 4977 aciem

188 4999 370 5050 τωρωι
402 5004 454 5053 in
484 5021 602 5066 eam
641 5025 881 5079 praeceps
949 5015 1183 5068 mediam
1229 5032 1374 5074 caeco
1413 5034 1468 5074 at
1519 5023 1782 5082 fulmineo
1823 5029 2028 5097 impetu
2071 5029 2372 5095 ferebatur,
2418 5044 2614 5098 magna
2648 5027 2966 5096 plerumque
2997 5032 3179 5089 strage
3222 5038 3284 5073 ac
3315 5021 3399 5071 dis

183 5087 396 5151 jeuieue
462 5098 812 5168 phalangium.
875 5105 984 5174 78
1020 5106 1175 5162 Unde
1249 5122 1302 5166 et
1354 5116 1582 5184 contigit
1649 5128 1705 5171 ut
1756 5123 1924 5174 semel
1961 5132 2122 5190 atque
2187 5123 2384 5175 iterum
2423 5123 2475 5174 in
2519 5122 2646 5173 Asia
2693 5133 2940 5190 pugnans.
2978 5132 3101 5168 cum
3142 5117 3424 5184 Agarcnis,

186 5197 470 5243 raperetur.
507 5189 684 5255 Atque
719 5192 821 5245 huc
851 5196 1025 5247 solum
1062 5198 1113 5251 in
1145 5201 1355 5256 bellicis
1421 5206 1584 5262 rebus
1649 5210 1739 5262 vit

1871 5213 2020 5265 'abile
2088 5223 2314 5281 patruus
2371 5213 2557 5265 habuit
2612 5227 2789 5276 meus,
2820 5211 2964 5280 quoi
2998 5211 3050 5264 in
3083 5210 3424 5276 congressio-

188 5273 328 5328 uibus
360 5293 468 5332 non
502 5284 724 5351 regebat
758 5285 1040 5356 impetum.

1253 5432 1457 5494 Varia:
1497 5435 1809 5497 lectiones
1849 5456 1926 5500 ex
1961 5440 2103 5499 cod.
2137 5440 2408 5500 Coislin.

243 5514 285 5549 ⁸⁸
319 5515 490 5572 εἶπεν.
564 5523 612 5556 ⁸⁸
647 5526 892 5596 ἰταμούς.
968 5529 1011 5561 ⁸⁷
1051 5530 1363 5587 ἀπέστιλϐε.
1437 5534 1482 5568 ⁸⁸
1508 5531 1569 5590 οὗ
1601 5538 1742 5592 κατὰ
1769 5539 1926 5594 ἄλλα.
2004 5541 2048 5572 ⁸⁸
2081 5541 2334 5612 mappae:
2360 5543 2584 5606 τούτοις.

1235 5672 1378 5735 Car.
1419 5674 1747 5736 Dufresnii
1778 5679 1869 5738 Du
1912 5679 2128 5758 Cangii
2167 5689 2353 5741 nolm.
3189 5698 3273 5755 '”‘.‘

245 5780 350 5852 (87)
393 5783 608 5839 Ἑάλω.
647 5785 713 5841 Ut
743 5802 770 5841 a
808 5788 1096 5846 Saracenis
1145 5802 1343 5863 captus
1386 5794 1549 5851 fuerit
1599 5795 1854 5865 Isaac-ius,
1891 5802 2137 5872 pluribus
2173 5813 2358 5856 narrat
2396 5802 2673 5874 Bryeuius.
