3934 6588
469 409 539 470 79
1193 431 1202 438 ·
1675 404 1898 464 ΑΝΝΕ
1927 405 2309 467 ΕΟΜΝΕΝᾸΞ

3580 409 3694 475 ⁸280

432 524 596 575 situm
637 536 689 574 tu
725 525 838 578 toto
870 520 962 573 illo
990 518 1230 573 facinore
1263 518 1579 588 praeteriens
1602 558 1617 581 ,
1653 520 1784 586 quin
1821 521 2014 588 singu-

2126 521 2224 586 ἔξω
2261 524 2370 576 τῶν
2431 513 2724 593 ἐπιτιμίων
2780 520 3004 575 ἑστάναι
3065 520 3346 592 ἠνείχοντο
3385 539 3400 553 ·
3436 523 3555 588 πῶς
3580 527 3696 596 γάρ

435 615 586 669 latim
614 628 738 668 cum
767 627 961 682 magna
989 621 1046 667 et
1071 612 1283 668 timoris
1320 611 1414 667 Dei
1442 622 1494 666 et
1528 613 1662 668 vivae
1699 614 1818 669 fidei
1848 614 2019 682 signi-

435 686 686 758 ficatione
715 710 1011 772 exponeret
1033 705 1250 756 omnia:
1280 718 1477 772 rogans
1500 703 1567 756 ad
1604 703 1716 758 bazc
1745 713 1803 758 ut
1827 706 2016 760 morbo

433 797 654 866 cognito
684 811 784 866 pro
829 813 932 853 sua
975 798 1175 864 peritia
1212 805 1263 851 et
1305 806 1576 868 potestate
1634 799 2016 868 mederentur;

436 903 538 943 nec
564 890 742 959 poenis
778 906 842 946 ac
869 891 1154 962 supplic-iis
1191 901 1476 958 parcerent
1526 893 1728 960 quibus
1763 908 1821 948 se
1873 893 2018 947 ultro

434 979 642 1038 ferebat
673 982 994 1039 obnoxium.
1027 984 1094 1037 At
1135 984 1209 1038 illi
1245 1001 1352 1040 non
1379 985 1553 1039 solum
1579 986 2017 1053 Augustum,sed

433 1074 569 1129 alios
603 1087 826 1144 quoque
868 1074 984 1130 sive
1017 1076 1288 1144 sanguine
1351 1077 1455 1146 ipsi
1486 1077 1600 1131 sive
1634 1077 1744 1146 82
1776 1077 2017 1130 amicitia

432 1163 782 1234 conjunctos,
807 1165 899 1235 qui
923 1166 1250 1222 defectionis
1279 1184 1502 1238 quoquo
1533 1170 1692 1223 tnodo
1721 1168 2014 1238 participes

432 1254 823 1326 adjutoresque
853 1255 1095 1324 fuerant,
1134 1257 1327 1312 iisdem
1356 1273 1546 1312 omnes
1586 1259 1815 1328 piaculis
1843 1259 2014 1329 siibji-

435 1346 935 1420 eiunt,pra2scripto
969 1349 1101 1420 ipsis
1123 1349 1356 1418 jejunio,
1393 1349 1866 1413 ltumieubatioue,

433 1439 676 1510 terisque
704 1455 824 1510 quae
854 1457 977 1497 cum
1020 1443 1104 1498 bis
1140 1442 1348 1512 iujungi
1395 1444 1575 1498 solent
1621 1443 2002 1512 paenitentiam

436 1530 844 1597 profitentibus,
883 1533 951 1588 ad
1000 1533 1498 1589 reconciliationem
1537 1551 1660 1588 cum
1699 1533 1806 1589 Deo
1837 1534 2013 1604 impe-

433 1619 706 1676 trandam.
742 1621 1002 1678 Libenter
1023 1637 1280 1692 accepere
1323 1624 1650 1694 subiereque
1683 1626 2012 1680 sententiam

435 1715 640 1768 cuncti.
668 1713 779 1770 Nec
801 1715 932 1786 ipsae
948 1717 1204 1772 mulieres
1235 1732 1423 1771 eorum
1449 1718 1720 1773 immunes
1744 1718 2019 1788 squaloris

2118 615 2402 684 φίλανδροι
2454 611 2650 682 oderat;
2702 616 2993 686 αὐτόμολοι
3049 616 3106 669 δὲ
3137 618 3228 670 τὶιν
3269 617 3368 688 τῆς
3400 617 3697 686 μετανοίας

2118 704 2283 772 ζυγὸν
2331 705 2704 775 ἀναδέχονται,
2736 706 2848 758 Καὶ
2894 700 2964 777 ἦν
3014 707 3142 759 ίϐεῖν
3170 707 3240 760 τὰ
3280 707 3526 777 βασίλεια
3568 708 3712 779 τότε

2115 798 2368 870 δακρύων
2414 802 2508 851 καὶ
2555 798 2786 862 πένθους
2841 798 3149 867 ἀνάμεστα,
3185 800 3416 862 πένθους
3452 801 3551 852 οὐκ
3574 803 3702 852 ὲπι-

2114 893 2288 964 ψόγου
2333 892 2443 946 οὐδ’
2495 891 2782 946 ἀσθένειαν
2829 890 3018 962 ψυχῶν
3065 892 3528 963 κατηγοροῦντος,
3577 889 3703 945 ἀλλ’

2123 982 2406 1037 ἐπαινετοῦ
2435 983 2528 1036 καὶ⁸
2575 986 2749 1054 χαρᾶς
2801 983 3068 1054 προξένου
3107 984 3211 1053 τῆς
3244 987 3579 1054 κρείττονος,
3604 984 3704 1034 καὶ

2124 1075 2398 1146 μηδέποτε
2424 1075 2714 1144 λυομένης.
2751 1075 2809 1127 '0
2829 1075 2886 1127 δὲ
2905 1074 3264 1146 αὐτοκράτωρ
3284 1077 3465 1136 ὁποῖος
3488 1076 3705 1134 ἐκεῖνος

2118 1167 2217 1237 τὴν
2237 1167 2522 1221 εὐσέϐειαν
2545 1168 2708 1221 πλέον
2729 1168 2844 1220 tt"
2874 1167 3066 1230 ποιῶν,
3101 1166 3253 1230 ὲντδς
3282 1170 3381 1236 τῆς
3410 1165 3706 1236 βασιλικῆς

2117 1259 2436 1330 ἁλουργίδος
2495 1259 2699 1312 σάκκον
2751 1259 3148 1329 περιεϐέϐλητο
3189 1264 3246 1312 έν
3301 1257 3419 1329 χρῷ
3454 1256 3708 1326 ψαύοντα

2112 1353 2214 1418 τῆς
2272 1351 2476 1420 σαρκὸς
2543 1353 2637 1405 έπὶ
2692 1351 3102 1422 τεσσαράκοντα
3157 1351 3544 1422 νυχθημέροις.
3603 1348 3702 1400 Ἐν

2118 1443 2176 1496 δὲ
2201 1445 2322 1504 ταῖς
2355 1442 2472 1508 νυξὶ
2498 1443 2780 1514 χαμεύνης
2809 1443 2988 1497 ἔκειτο
3011 1445 3106 1496 ἐπὶ
3137 1445 3344 1514 πέτρας
3388 1443 3548 1512 μόνον
3572 1439 3710 1493 ἀνέ-

2122 1552 2233 1604 χων
2261 1535 2362 1606 τὴν
2387 1535 2631 1607 κεφαλὴν
2657 1543 2754 1595 καὶ
2785 1538 3000 1590 πενθῶν
3037 1536 3113 1600 ὡς
3165 1537 3330 1600 είκός.
3361 1532 3473 1588 Εἴθ’
3527 1532 3710 1594 οὕτως

2121 1627 2231 1680 τῶν
2261 1629 2358 1700 τῆς
2395 1628 2674 1700 βασιλείας
2708 1634 3049 1702 πραγμάτων
3072 1633 3263 1700 ἁγναῖς
3305 1630 3534 1684 ἅπτεται
3572 1641 3710 1696 χερ-

2129 1721 2236 1775 σίν.

434 1819 498 1860 ac
535 1808 713 1862 luctus
744 1808 904 1864 istius
957 1824 1083 1864 esse
1142 1810 1561 1864 sustinuerunt:
1628 1822 1902 1880 vtcunque
1959 1826 2237 1867 armorum
2305 1827 2371 1867 ae
2398 1815 2709 1871 rebellionis
2755 1815 3046 1885 participes
3082 1831 3204 1872 esse
3259 1814 3700 1891 nequivissent:

435 1903 708 1980 pertjncre
739 1904 1010 1974 siquidem
1077 1905 1144 1960 ad
1196 1906 1456 1976 nuptialis
1500 1907 1926 1964 necessitudinis
1980 1895 2042 1963 et”
2073 1907 2359 1964 charitatis
2420 1910 2656 1966 oﬁlcium
2691 1911 2956 1982 putubant
3019 1912 3179 1967 etiam
3231 1909 3707 1966 incommodorum

433 1987 489 2052 iu
525 1994 725 2066 quibus
765 1997 971 2050 versari
1002 1997 1149 2054 viros
1187 2013 1318 2053 suos
1347 2007 1659 2064 cernerent,
1696 2000 1841 2053 ultro
1884 2001 2435 2057 communicationem
2467 2013 2742 2072 appetere.
2789 2003 3122 2060 Voluntaria:
3164 2005 3326 2073 igitur
3391 2017 3450 2058 se
3507 2001 3710 2068 adjun-

432 2102 566 2156 gunt
615 2087 836 2159 conjugi
901 2105 1131 2159 quaeque
1181 2106 1304 2157 suo,
1355 2090 1424 2146 ad
1469 2089 1662 2162 juguin
1713 2091 2045 2160 ptenitentire
2083 2093 2361 2148 comnmui
2413 2095 2676 2164 patientia
2753 2095 3099 2149 trahendum.
3140 2094 3328 2164 Itaque
3360 2095 3546 2147 videre
3583 2095 3710 2147 erat

435 2201 530 2256 pt‘t’
565 2185 616 2239 id
643 2195 860 2256 tempus
895 2187 1157 2256 palatium
1210 2187 1528 2243 universum
1579 2187 1799 2258 plenum
1841 2188 2206 2259 lacrymarum
2251 2205 2315 2243 ac
2344 2191 2548 2246 luctus.
2598 2190 2809 2246 Luctus
2843 2205 2952 2245 non
3034 2190 3214 2261 ignavi
3280 2205 3346 2246 ac
3420 2190 3709 2258 vitupera-

434 2277 584 2342 bilis,
621 2278 787 2334 auimi
822 2279 1016 2350 abjecti
1071 2279 1496 2336 imbecilli-tatem
1571 2279 1856 2350 prodeatis
1905 2297 1920 2335 :
1975 2280 2074 2335 sed
2121 2281 2334 2337 honesti
2397 2298 2461 2337 ac
2518 2282 2846 2346 laudabilis,
2908 2283 3274 2353 gaudiumque
3343 2279 3704 2352 procuraturl

436 2386 717 2442 minquam
767 2371 1151 2428 auferendum.
1200 2371 1317 2439 Qua
1342 2374 1396 2427 in
1445 2387 1504 2428 re
1555 2373 1854 2443 imperator
1887 2388 1996 2426 non
2037 2374 2219 2428 minus
2243 2376 2520 2430 eminebat
2550 2391 2713 2445 quam
2757 2375 2810 2429 in
2841 2375 3087 2439 cancris;
3130 2376 3335 2445 quippe
3393 2374 3486 2443 qui
3558 2371 3713 2426 reTio

437 2466 653 2534 gionem
683 2467 842 2538 longe
872 2466 1046 2538 pluris
1077 2482 1237 2537 quam
1293 2469 1524 2524 aliorum
1558 2467 1775 2538 quidvis
1806 2467 2033 2522 faceret.
2075 2468 2263 2539 Itaque
2326 2470 2433 2526 sub
2483 2485 2721 2540 purpura
2778 2485 3000 2523 saccum
3046 2471 3325 2523 cilicinum
3380 2468 3542 2522 nuda:
3583 2467 3707 2521 cuti

439 2563 720 2616 admotum
752 2564 999 2633 gestabat
1035 2577 1127 2632 per
1148 2563 1265 2619 dies
1294 2573 1593 2635 noctesque
1621 2562 2004 2634 quadraginta,
2052 2578 2158 2618 non
2193 2564 2304 2618 alio
2376 2579 2473 2634 per
2521 2564 2573 2618 id
2637 2573 2853 2634 tempus
2898 2564 2963 2616 ad
3013 2577 3264 2617 somnum
3317 2560 3711 2631 excipiendum

439 2664 582 2716 lecto
613 2667 772 2714 utens
813 2675 974 2729 quam
1013 2660 1178 2714 Immo
1208 2673 1270 2712 ac
1307 2659 1642 2727 pavimento.
1695 2656 1871 2726 lapide
1914 2665 2098 2712 autem
2137 2673 2234 2727 pro
2261 2658 2512 2712 cervicali
2551 2657 2617 2711 ad
2693 2656 3025 2711 fulciendum
3095 2665 3280 2730 caput.
3351 2656 3531 2723 Atque
3601 2653 3714 2708 bac

443 2751 660 2806 tandem
695 2751 954 2821 religione
989 2749 1312 2821 perfunctus
1345 2748 1427 2804 sic
1458 2748 1679 2805 demum
1724 2763 1890 2819 puras
1923 2763 2120 2805 manus
2150 2749 2299 2820 regni
2325 2750 2715 2819 gubernaculis
2746 2750 3008 2803 admovit.

509 2845 646 2900 Cum
675 2855 856 2901 autem
896 2859 1200 2901 exonerare
1231 2845 1575 2913 negotiorum
1604 2859 1789 2897 curant
1818 2858 1846 2896 a
1875 2857 1936 2898 se
1969 2843 2020 2896 in

2199 2842 2609 2913 Οἰακοστρόιρον
2639 2843 2694 2896 δὲ
2719 2843 2922 2911 μᾶλλον
2949 2840 3144 2895 ἑαυτοῦ
3175 2839 3273 2911 τὴν
3303 2841 3516 2914 μητέρα
3561 2841 3715 2909 ίμειο

441 2937 838 3006 providentiam
879 2938 1071 2993 matris
1101 2952 1215 2993 sua:
1254 2945 1602 3008 percuperet,
1656 2935 1814 2990 initio
1845 2945 2023 2990 tamen

442 3044 704 3085 arcanum
753 3030 804 3086 id
837 3030 1126 3085 consilium
1162 3031 1356 3086 habuit
1383 3047 1396 3084 :
1429 3029 1634 3084 veritus
1668 3045 1737 3083 ne
1763 3031 1808 3085 si
1840 3045 1948 3099 pra:
1967 3043 2028 3085 se

442 3123 635 3185 ferret,
671 3121 963 3194 perterrita
993 3137 1056 3177 ea
1086 3131 1235 3177 metu
1275 3122 1620 3177 imminentis
1655 3121 1837 3187 molis,
1878 3120 2027 3177 festi-

443 3223 602 3271 naret
632 3215 858 3285 exsequi
901 3215 1050 3286 quod
1083 3214 1286 3270 dudum
1319 3214 1661 3285 parturiebat
1693 3215 1878 3269 animo
1904 3227 2027 3286 pro-

445 3305 687 3375 positum
712 3305 1002 3361 recedendi
1027 3321 1057 3360 a
1084 3305 1253 3377 regia,
1280 3306 1513 3377 vitaeque
1537 3305 1603 3361 ad
1622 3306 2023 3376 processionem

444 3395 655 3468 vulgari
684 3396 1022 3452 sublimioris
1053 3395 1402 3452 transeundi.
1431 3396 1475 3450 A
1503 3409 1611 3466 qua
1633 3395 1778 3450 illam
1802 3395 2027 3451 Alexius

447 3499 509 3544 ut
552 3488 756 3545 sensim
791 3488 1126 3560 cogitatione
1174 3488 1494 3552 abduceret,
1546 3488 1719 3543 itabat
1763 3488 1828 3543 ad
1879 3487 2024 3543 illam

431 3581 658 3637 consilii
685 3581 806 3651 ejus
829 3581 1148 3652 exquirendi
1177 3596 1366 3645 causa,
1390 3597 1492 3636 nec
1518 3582 1815 3652 quidquam
1838 3595 2029 3651 quam-

443 3674 530 3728 vis
581 3674 851 3729 minutum
914 3687 978 3730 ac
1009 3672 1168 3729 facile
1199 3674 1317 3743 ipsa
1352 3690 1460 3728 non
1493 3674 1748 3729 consulta
1775 3671 2030 3743 expedie-

445 3767 557 3821 bat.
599 3765 691 3821 Sic
719 3765 978 3836 paulatim
1017 3766 1396 3822 assuefaciens
1432 3767 1579 3822 illam
1622 3765 2025 3836 gubernationi,

443 3859 660 3930 sibique
686 3859 740 3913 in
760 3859 875 3914 dies
897 3859 1103 3914 arctius
1121 3859 1669 3929 indissolubiliusque
1688 3859 2026 3922 devineiens,

443 3955 712 4022 planeque
760 3952 834 4006 illi
889 3951 1222 4022 persuadere
1272 3961 1437 4023 atque
1477 3952 1601 4006 aliis
1649 3958 1926 4021 satagens,
1973 3955 2026 4004 in

447 4061 554 4101 una
605 4046 794 4102 matris
824 4046 1169 4114 providentia
1196 4061 1256 4102 se
1307 4061 1459 4115 spent
1495 4045 1695 4100 habere
1731 4043 2029 4114 repositam

443 4138 657 4208 imperii
685 4139 823 4195 bene
845 4139 1094 4209 gerendi,
1133 4139 1276 4208 quod
1303 4139 1511 4208 absque
1532 4137 1762 4194 consilio
1793 4137 1913 4207 ejus
1942 4136 2027 4192 fo-

441 4243 545 4295 ret,
574 4247 792 4301 possum
837 4233 1040 4287 iturum
1071 4233 1366 4288 videretur.
1411 4232 1505 4287 llla
1542 4247 1671 4286 vero
1709 4247 2024 4302 quanquam

443 4338 642 4393 magno
676 4322 916 4392 pondere
944 4324 996 4378 in
1031 4324 1320 4380 secedendi
1355 4326 1743 4396 cogitationem
1787 4339 2026 4394 propen-

441 4415 624 4478 dcbat,
680 4415 926 4485 nihilque
981 4417 1243 4473 libentius
1283 4433 1446 4488 quam
1500 4417 1892 4473 monasterium
1971 4417 2024 4469 in

440 4524 552 4578 quo
571 4509 694 4564 vita:
721 4509 986 4580 reliquum
1013 4511 1197 4579 quiete
1222 4496 1549 4580 transigeret
1566 4525 1687 4566 cum
1713 4522 1893 4564 mente
1917 4509 2028 4578 agi-

446 4602 618 4664 tabat,
688 4610 803 4656 tum
843 4601 1133 4658 allectabat
1181 4603 1344 4667 votis,
1385 4612 1563 4656 tamen
1596 4601 1863 4656 cbaritate
1907 4600 2022 4664 lilii,

442 4709 550 4762 quo
594 4693 790 4749 all'ectu
820 4696 956 4750 nulli
1011 4696 1301 4752 mulierum
1357 4694 1605 4759 cedebat,
1671 4693 2024 4750 vehementer

444 4787 830 4856 impellebatur
870 4789 935 4843 ad
984 4787 1372 4843 conferendam
1420 4801 1577 4842 suam
1637 4799 1858 4854 Operam
1909 4798 2026 4838 ma-

447 4893 608 4949 gnam
662 4895 779 4934 rem
831 4895 1111 4950 aggresso,
1162 4895 1466 4949 navemque
1509 4894 1609 4934 nec
1656 4877 1866 4932 firmam
1922 4891 2024 4931 nec

444 4971 769 5026 instructam
827 4973 962 5026 satis
1008 4971 1162 5028 iratis
1213 4971 1350 5025 mari
1397 4970 1666 5039 coeloque,
1730 4985 1852 5023 cum
1881 4985 2022 5037 pra:-

444 5062 584 5115 senti
648 5063 891 5131 periculo
960 5063 1172 5132 regenti
1227 5071 1398 5116 nato:
1476 5061 1777 5130 praesertim
1842 5060 2023 5114 adhuc

447 5153 558 5223 83
591 5154 898 5224 inexperto,
927 5170 1182 5224 nuncque
1208 5153 1444 5223 primum
1476 5154 1616 5208 istos
1643 5162 1856 5216 ventos,
1883 5151 2020 5206 istos

448 5246 652 5303 ﬂuctus
693 5247 978 5314 sentienti,
1016 5247 1282 5308 nondum,
1321 5245 1571 5315 inquam,
1605 5259 1710 5299 usu
1743 5258 1925 5297 rerum
1967 5251 2023 5294 et

2133 2935 2364 3006 ρόμενος
2388 2936 2435 2969 ⁸⁸
2467 2931 2628 2998 εῖναι,
2677 2935 2776 3006 τὴν
2807 2927 3004 3007 βουλὴν
3029 2935 3362 3006 ὑποϐρύχιον
3391 2935 3526 2997 τέως
3566 2932 3716 3006 εἶχε,

2127 3025 2315 3090 δεδιὼς
2367 3027 2441 3097 μὴ
2473 3027 2567 3080 τοῦ
2599 3026 2846 3080 τοιούτου
2885 3025 3223 3094 γνωσθέντος
3245 3027 3382 3096 αὐτῇ
3437 3023 3718 3095 λογισμοῦ

2130 3119 2222 3173 καὶ
2246 3119 2356 3172 τῶν
2373 3117 2662 3189 βασιλείων
2690 3117 2923 3185 ἐξέλθοι,
2951 3116 3089 3189 πρὸς
3123 3117 3462 3189 ὑψηλότερον
3482 3119 3602 3190 βίον
3631 3121 3651 3187 (
3668 3119 3719 3184 Ι)

2128 3211 2414 3281 γινώσκων
2467 3211 2636 3282 αὐτὴν
2683 3211 3124 3273 ἀποϐλέπουσαν.
3169 3214 3257 3267 Ἐν
3298 3215 3432 3266 πᾶσι
3483 3213 3587 3283 μὲν
3614 3213 3724 3267 οὖν

2129 3303 2225 3370 τῆς
2265 3299 2312 3333 ⁸’
2347 3301 2758 3376 προσπίπτουσι
2802 3301 2999 3372 βουλῆς
3036 3303 3211 3371 αὐτῆς
3279 3302 3411 3376 ἄτερ
3473 3303 3615 3374 μηδὲ
3652 3305 3723 3358 τὸ

2130 3389 2297 3460 τυχὸν
2319 3385 2386 3461 ἦν
2415 3373 2675 3460 ἐνεργῶν,
2703 3392 2840 3446 ἀλλὰ
2864 3393 3122 3446 κοινωνὸν
3149 3390 3260 3464 εἷχε
3291 3373 3400 3445 τῶν
3427 3373 3725 3464 βουλημάο

2128 3498 2236 3535 των
2270 3481 2405 3552 ὁμοῦ
2437 3485 2533 3536 καὶ
2573 3484 2923 3556 συλλήπτορα
2943 3485 3044 3556 τὴν
3082 3486 3297 3556 μητέρα
3321 3487 3366 3519 ⁸⁰
3397 3487 3493 3540 καὶ
3535 3503 3724 3540 κατα.

2134 3575 2332 3646 μικρὸν
2366 3576 2624 3646 ὑφέρπων
2649 3579 2809 3650 αὐτῇ,
2859 3580 2952 3633 καὶ
2977 3580 3451 3651 κοινοποιούμενος
3473 3580 3575 3652 τὴν
3598 3583 3725 3634 τῶν

2131 3670 2474 3740 πραγμάτων
2515 3670 2806 3741 διοίκησιν.
2852 3673 2961 3725 Καί
2996 3690 3098 3726 που
3124 3674 3219 3726 καὶ
3246 3674 3498 3743 φανερῶς
3536 3675 3726 3727 ἐνδει-

2131 3764 2400 3836 κνύμενος
2437 3765 2513 3829 ὡς
2561 3766 2693 3838 ἄτερ
2724 3771 2824 3839 τῆς
2855 3767 3072 3837 ἐκείνης
3107 3770 3304 3840 φρενὸς
3355 3771 3451 3823 καί
3478 3771 3727 3841 γνώμης

2130 3857 2414 3911 ἀπολεῖται
2459 3861 2560 3929 τῆς
2596 3859 2876 3928 βασιλείας
2905 3861 2972 3915 τά
3023 3861 3348 3931 πράγματα.
3375 3860 3565 3926 Οὕτως
3593 3859 3727 3932 εἶχε

2132 3953 2228 4004 καὶ
2262 3951 2584 4021 ξυνεδέσμει
2641 3952 2806 4006 πλέον
2853 3954 3034 4024 ἐαυτῷ
3066 3955 3110 3986 ⁸⁸
3170 3955 3269 4024 τὴν
3325 3955 3564 4026 μητέρα,
3614 3958 3728 4011 καὶ

2131 4043 2226 4096 τοῦ
2258 4043 2403 4096 κατά
2457 4043 2658 4096 σκοπὸν
2689 4044 2925 4116 ἀπεῖργε
2970 4046 3067 4098 καὶ
3111 4047 3455 4101 ἀπεκώλυεν.
3507 4047 3575 4100 Ἦ
3610 4049 3726 4118 μὲν

2132 4135 2241 4206 γὰρ
2301 4134 2435 4203 πρὸς
2478 4134 2721 4203 σταθμὸν
2777 4135 3088 4188 ἀπέϐλεπεν
3111 4136 3360 4206 ἔσχατον,
3403 4137 3498 4190 καὶ
3538 4139 3731 4207 μονὰς

2130 4225 2408 4290 διενοεῖτο,
2434 4226 2491 4278 ὲν
2520 4219 2608 4286 αἷς
2646 4224 2738 4278 τὺν
2766 4225 3046 4279 ἐπίλοιπον
3077 4229 3269 4297 χρόνον
3300 4227 3421 4297 μετ’
3445 4227 3732 4299 εὔφρονος

2131 4316 2394 4388 λογισμοῦ
2449 4316 2670 4371 ἑλκύσει
2724 4317 2819 4372 τοῦ
2866 4318 3005 4388 βίου.
3066 4319 3176 4374 Καὶ
3225 4319 3379 4373 ταῦτ’
3411 4306 3582 4375 ὲνόεί
3615 4324 3729 4377 καὶ

2135 4409 2305 4480 ἑαυτῇ
2361 4409 2452 4462 διὰ
2502 4409 2701 4474 παντὸς
2742 4410 3015 4482 έπηύχετο
3070 4412 3386 4476 τεύξασθαι.
3455 4414 3599 4468 Ἀλλ’
3673 4418 3729 4471 εί

2133 4503 2230 4556 καὶ
2277 4502 2505 4556 τοιαῦτα
2553 4503 2695 4557 κατὰ
2747 4502 2873 4556 νοῦν
2932 4504 3376 4560 συνδιεσκοπείτο
3425 4507 3520 4562 καὶ
3568 4509 3732 4574 ὅλως

2130 4593 2269 4667 πρὸς
2319 4595 2654 4665 ὑψηλότερον
2709 4595 2984 4666 ὲνητένιζε
3035 4597 3172 4668 βίον,
3221 4599 3337 4653 ἀλλ’
3375 4596 3444 4670 ἧν
3491 4618 3556 4670 γε
3615 4603 3732 4656 καὶ

2132 4689 2387 4757 φιλόπαις
2454 4686 2614 4756 εἴπερ
2675 4702 2758 4751 τις
2825 4687 2957 4759 άλλη
3027 4690 3188 4760 γυνὴ,
3227 4691 3322 4744 καί
3373 4709 3490 4756 πως
3541 4693 3732 4764 ἠϐούο

2128 4781 2251 4834 λειο
2315 4779 2710 4847 συνδιενεγκεῖν
2765 4780 2903 4848 μετὰ
2961 4781 3055 4834 τοῦ
3113 4781 3230 4836 υίοῦ
3305 4782 3367 4836 τδ
3433 4787 3535 4854 τῆς
3612 4785 3733 4855 βα-

2129 4873 2335 4936 σιλείας
2387 4871 2703 4934 κλυδώνιον,
2755 4873 2848 4925 καὶ
2903 4873 3366 4946 οὐριοδρομοῦσαν
3419 4876 3520 4946 τὴν
3574 4877 3730 4932 ναῦν

2124 4966 2158 5034 ἢ
2228 4964 2325 5018 καὶ
2406 4965 2747 5033 πανταχόθεν
2836 4963 3178 5036 βαλλομένην
3248 4969 3366 5031 τοῖς
3436 4968 3724 5037 κύμασιν,

2130 5052 2205 5116 ὡς
2287 5053 2486 5122 ἄριστα
2559 5052 2968 5122 οίακοστροφῶν
3020 5055 3066 5086 ³³
3134 5057 3230 5110 καὶ
3312 5056 3548 5126 μάλιστα
3609 5061 3727 5114 τοῦ

2131 5144 2320 5207 παιδὸς
2353 5144 2475 5214 ἄρτι
2509 5143 2604 5196 ἐπὶ
2647 5145 2746 5215 τὴν
2782 5146 3038 5216 πρύμναν
3079 5147 3419 5215 καθίσαντος,
3463 5150 3561 5202 καὶ
3595 5151 3730 5207 τῶν

2132 5235 2336 5288 οἰάκων
2365 5234 2747 5305 ἐφαψαμένου,
2776 5238 2871 5291 καὶ
2906 5239 3077 5309 μήπω
3107 5239 3300 5311 πρώην
3336 5240 3579 5313 θαλάττῃ
3613 5245 3730 5297 καὶ

1494 5380 1686 5441 ναι-ιω
1715 5378 2020 5441 lectiones
2051 5390 2127 5436 ex
2157 5373 2300 5434 cod.
2342 5373 2612 5435 Coislin.

523 5513 567 5545 ⁸⁷
610 5511 891 5564 εὐσέϐειαν
919 5503 986 5579 ἦν
1009 5508 1170 5561 πλέον
1202 5525 1274 5561 τι,
1346 5507 1391 5538 ⁸⁸
1434 5505 1776 5577 βουλόμενος.
1849 5507 1895 5538 ⁸⁸
1921 5505 2051 5565 τοῖς.

451 5587 727 5656 στροφεῖν.

2126 5497 2174 5528 ⁹⁰
2199 5497 2406 5554 Desunt
2428 5517 2591 5556 voces
2611 5503 2710 5572 τὴν
2746 5500 2983 5572 μητέρα.
3075 5500 3119 5533 ⁹¹
3156 5498 3373 5554 ἑαυτοῦ.
3449 5503 3494 5534 ’³
3523 5502 3733 5558 οἰακο-

1606 5697 1740 5757 Car.
1767 5697 2092 5759 Dufresnii
2130 5699 2225 5759 Du
2265 5694 2483 5774 Cangii
2519 5698 2703 5755 neten.

519 5829 596 5896 (Ι)
640 5825 1235 5894 ’Υψηλότερονβίοικ
1303 5823 1433 5877 Vide
1512 5823 1816 5885 Zonaram,

1896 5839 1946 5891 p.
2001 5821 2127 5875 254.
