3934 6614
391 429 492 482 28'!
1691 409 1918 470 ΛΝΝίΕ
1959 405 2260 468 GOMNEN
2273 405 2335 461 ίΕ
3527 392 3639 454 288

391 535 710 602 nullumque
743 529 963 586 illorum
996 525 1309 596 abrogahih:
1340 531 1435 578 aut
1499 521 1698 579 effectu
1767 534 2011 582 cassum,
2053 516 2256 580 omnia,
2315 523 2450 571 rata.
2490 512 2661 573 firma,
2717 509 3010 564 immobilia
3063 509 3116 562 in
3213 523 3371 562 omne
3424 519 3642 578 tempus

391 635 575 690 erunt,
610 599 750 679 nulli
781 622 1042 683 examini,
1081 618 1408 691 cognitioni,
1438 614 1821 672 relractationi
1859 611 2183 679 cujusquam
2247 605 2494 661 omnium
2573 618 2810 672 unquam
2883 599 3141 665 obnoxia,
3187 617 3286 655 nee
3372 602 3646 671 approba-

393 719 566 774 tionis
629 714 1135 772 confirmationisve
1214 711 1399 774 ullius,
1460 720 1516 763 ut
1582 709 1740 778 plane
1795 705 2009 760 valeant
2048 703 2379 772 plenumque
2428 695 2681 751 effectum
2741 696 3065 757 sortiantur,
3122 693 3352 762 egentia.
3446 692 3639 762 Neque

395 811 690 880 quisquam
745 805 840 874 qui
887 804 963 858 illi
1021 789 1424 857 mini'straverit
1480 801 1846 856 obsecutusve
1910 797 1964 849 in
2006 796 2190 864 aliquo
2219 789 2405 850 fuerit,
2442 803 2619 873 neque
2697 786 2811 856 ipse
2879 787 2972 855 qui
3025 801 3120 855 pro
3169 795 3412 854 tempore
3467 785 3638 841 fuerit

396 899 670 969 logotbeta
725 905 1085 959 secretorum,
1135 895 1488 966 quantumvis
1543 895 1683 949 bene
1727 905 1955 947 secusve
2031 895 2266 962 consuta
2327 882 2957 951 decretaqnevideantur
2979 879 3639 950 quremandalaluerint,

355 962 736 1059 "eo‘unquam
769 1007 798 1044 a
846 1005 1124 1059 quoquam
1163 991 1386 1044 nomine
1418 989 1598 1042 vocari
1659 988 1713 1040 in
1761 985 1853 1056 jus
1893 983 1959 1038 ad
2000 995 2335 1049 causamque
2363 976 2650 1032 dicendam
2687 975 3022 1028 rationemve
3101 972 3432 1027 reddendam
3519 976 3644 1044 cogi

399 1083 620 1152 poterit.
661 1081 875 1150 Quippe
941 1098 1067 1135 cum
1121 1084 1306 1148 omnia
1357 1095 1717 1149 quaecumque
1772 1077 1990 1130 tandem
2068 1089 2132 1128 ac
2162 1071 2568 1143 qualiacunque
2597 1068 2706 1122 sint
2733 1081 2852 1135 qua:
2894 1076 3065 1120 mater
3096 1074 3283 1118 nostra
3326 1064 3638 1121 decreverit

399 1188 462 1228 ac
512 1172 741 1238 fecerit,
795 1173 844 1226 vi
913 1174 1196 1242 praesentis
1252 1173 1411 1226 bulla:
1462 1186 1643 1225 aureae
1693 1168 1964 1222 vindicata
2007 1153 2530 1231 nobis,nostr:rque
2607 1159 2918 1213 auctoritati
2990 1156 3306 1226 imputanda
3360 1157 3636 1226 planeque

399 1267 454 1320 in
485 1281 650 1321 omne
679 1279 892 1336 tempus
925 1275 1065 1330 rata,
1113 1266 1294 1330 ﬁrma,
1348 1266 1526 1319 valida
1575 1265 1964 1324 decernamus,
2005 1257 2476 1324 deelaremusquc.

472 1359 750 1416 llactenus
798 1361 941 1415 bulla
990 1375 1174 1416 aurea.
1211 1360 1385 1426 Quam
1422 1359 1516 1429 qui
1561 1359 1802 1414 attendct
1845 1357 1968 1427 jure
1996 1368 2044 1426 Α

397 1454 590 1522 utique
621 1454 908 1508 mirabitur
939 1453 1235 1524 ell'eretquc
1283 1454 1534 1508 laudibus
1577 1454 1830 1520 pietatem
1871 1465 1968 1519 pa-

397 1546 503 1602 tris
539 1547 642 1601 mei
667 1546 844 1602 Alexii
898 1545 1154 1616 Augusti,
1186 1545 1278 1615 qui
1325 1543 1456 1599 nihil
1498 1543 1655 1612 plane
1695 1543 1798 1596 sibi
1841 1541 1970 1597 reli-

397 1657 568 1712 quum
598 1640 788 1694 fecerit
816 1641 1108 1709 quominus
1140 1639 1323 1693 omnia
1376 1651 1647 1708 supremae
1685 1635 1968 1706 potestatis

396 1729 522 1797 jura
582 1728 893 1796 decoraque
943 1729 1101 1782 matri
1161 1728 1304 1784 ﬁlius
1347 1744 1462 1784 sua:
1515 1727 1966 1793 communicaret,

397 1822 629 1891 ipsoque
659 1824 795 1877 adeo
823 1823 1088 1892 imperiali
1123 1824 1262 1879 solio
1290 1839 1354 1879 ac
1381 1824 1620 1894 fastigio,
1650 1833 1710 1879 ut
1742 1834 1968 1879 matrem

399 1912 522 1967 loco
548 1917 630 1968 sui
679 1914 918 1982 regendo
943 1916 1099 1985 quasi
1149 1917 1334 1970 currui
1383 1917 1698 1985 reipubliczn
1729 1916 1972 1987 pmﬂcev

401 2013 504 2067 ret,
555 2006 893 2062 descendere
952 2009 1361 2076 quodammodo
1417 2009 1489 2064 sit
1536 2009 1712 2077 visus,
1760 2010 1970 2065 circum

398 2094 694 2162 apparendi
762 2111 826 2150 ae
888 2098 1178 2162 eursamli,
1233 2100 1386 2154 velut
1437 2100 1727 2156 ministerii
1781 2116 1968 2167 causa,

400 2183 650 2251 partibus
685 2186 790 2241 sibi
825 2190 1207 2243 tantummodo
1238 2189 1556 2254 reservatis.
1605 2191 1836 2261 soloque
1871 2192 1973 2245 im-

403 2280 670 2342 peratoris
700 2277 919 2332 nomine
966 2288 1220 2334 retento:
1255 2290 1308 2336 et
1358 2281 1461 2335 hoc
1514 2297 1578 2336 ex
1622 2280 1972 2338 adolescente

399 2365 508 2432 jam
545 2364 597 2418 in
633 2367 806 2420 virum
835 2368 1096 2434 evadens,
1142 2385 1246 2438 qua
1293 2378 1452 2424 mtate
1496 2369 1767 2438 cupiditas
1799 2371 1970 2441 impe-

399 2457 560 2510 randi
614 2457 789 2527 major
842 2475 965 2515 esse
1011 2462 1150 2516 solet
1203 2462 1254 2515 in
1304 2461 1617 2518 hominibus
1675 2465 1756 2518 sic
1807 2465 1970 2529 natis,

403 2548 596 2619 sicque
629 2551 916 2616 institutis,
949 2553 1148 2623 talique
1185 2553 1402 2607 fortuna
1432 2555 1567 2610 usis.
1604 2555 1673 2608 At
1701 2571 1835 2612 sane
1862 2572 1973 2611 non

401 2654 620 2707 segnem
645 2642 907 2698 desidiam
937 2653 1199 2712 pra-textu
1231 2647 1466 2701 materni
1501 2648 1723 2703 honoris
1747 2649 1971 2720 obtegit,

2151 1350 2316 1406 Ἀλλὰ
2347 1347 2523 1404 ταῦτα
2560 1347 2659 1420 μὲν
2696 1337 2784 1401 τὰ’
2814 1345 2908 1401 τοῦ
2947 1331 3370 1416 χρυσοϐούλλου.
3413 1345 3645 1415 Θαυμά-

2073 1462 2187 1498 σειε
2217 1443 2265 1497 δ’
2294 1442 2360 1498 ἄν
2387 1459 2470 1506 τις
2499 1444 2557 1494 ὲν
2584 1439 2797 1503 τούτοις
2825 1439 2917 1492 τὸν
2940 1441 3072 1508 ἑμδν
3097 1438 3308 1508 πατέρα
3342 1439 3433 1490 καὶ
3475 1439 3641 1492 αύτο-

2070 1536 2314 1609 κράτορα
2344 1536 2443 1604 τῆς
2477 1536 2556 1598 είς
2585 1535 2686 1606 τὴν
2717 1536 2928 1604 μητέρα
2951 1534 3144 1604 τιμῆς,
3182 1533 3276 1586 καὶ⁸
3307 1534 3452 1596 ὅπως
3498 1532 3646 1602 αὐτῇ

2071 1627 2542 1698 παρακεχωρήκει
2571 1626 2678 1678 τῶν
2711 1626 2995 1689 ἁπάντων,
3028 1623 3191 1688 αύτδς
3223 1622 3320 1694 τῆς
3353 1620 3649 1692 βασιλικῆς

2069 1724 2229 1792 ἡνίας
2250 1718 2363 1774 οἷον
2393 1720 2846 1789 ὑπεξιστάμενος,
2877 1717 2973 1770 καὶ
3002 1717 3204 1788 τρόπον
3242 1714 3365 1768 τινὰ
3416 1717 3652 1785 ἐποχου-

2074 1814 2210 1883 μένῃ
2242 1812 2338 1865 τοῦ
2398 1809 2677 1882 βασιλικοῦ
2726 1808 2973 1878 ἅρματος
3005 1807 3142 1878 αὐτῇ
3191 1805 3507 1878 παραθέων,
3550 1805 3651 1858 καὶ

2069 1902 2230 1974 ψιλοῦ
2267 1904 2431 1974 μόνου
2464 1903 2557 1956 τοῦ
2594 1905 2694 1972 τῆς
2750 1899 3030 1970 βασιλείας
3070 1899 3312 1969 μετέχων
3356 1898 3648 1968 ὀνόματος.

2070 1998 2266 2053 Καίτοι
2289 1996 2429 2052 κατὰ
2464 1997 2563 2067 τὴν
2623 1995 2840 2066 ἡλικίαν
2877 1996 2969 2048 τὸν
3001 1992 3242 2062 μείρακα
3289 1993 3390 2064 ήδη
3435 1991 3654 2062 παρή).-

2070 2089 2255 2153 λαττε,
2290 2089 2415 2143 καθ’
2441 2088 2499 2141 ὃν
2531 2088 2768 2160 μάλιστα
2801 2087 2993 2156 καιρὸν
3017 2085 3310 2155 ἐπιφύεται
3337 2087 3449 2147 τοῖς
3473 2083 3656 2136 τοιού-

2069 2200 2182 2245 τοις
2211 2170 2401 2254 ἤθεσιν
2435 2182 2589 2248 ὁτῆς
2639 2178 2933 2250 φιλαρχίας
2988 2177 3152 2248 ἔρως.
3205 2177 3346 2240 Τοὺς
3396 2177 3495 2244 μὲν
3537 2176 3655 2244 γὰρ

2072 2275 2210 2346 πρὸς
2240 2273 2364 2336 τοὺς
2394 2272 2710 2344 Βαρϐάρους
2735 2272 3009 2339 πολέμους
3047 2272 3140 2326 καὶ
3193 2272 3295 2325 ὅσα
3337 2270 3443 2324 τῶν
3469 2269 3655 2324 ἄθλων

2072 2367 2300 2419 καὶτῶν
2323 2367 2554 2435 ἀγώνων
2594 2364 2764 2434 ὑπῆν,
2803 2364 2966 2427 αὐτὸς
3009 2362 3338 2429 ἀνεξώσατο,
3369 2363 3550 2414 πᾶσαν
3591 2360 3654 2412 δὲ

2026 2477 2029 2479 ‘
2071 2461 2182 2515 τῶν
2210 2460 2559 2530 πραγμάτων
2584 2459 2855 2528 διοίκησιν
2894 2457 2986 2510 καὶ
3018 2455 3301 2516 πολιτικὰς
3329 2454 3520 2524 ἀρχὰς,
3553 2454 3658 2504 καὶ

2072 2549 2199 2611 τοὺς
2231 2549 2360 2620 περὶ
2393 2547 2504 2602 τῶν
2530 2547 2802 2616 είσφορῶν
2844 2545 3063 2613 λόγους,
3105 2545 3199 2599 καὶ
3239 2543 3348 2597 τῶν
3373 2543 3511 2613 ὑπὲρ
3549 2544 3657 2612 τῆς

2078 2641 2356 2710 βασιλείας
2407 2642 2783 2712 ἀναχωμάτων
2827 2640 2847 2672 ⁷
2893 2643 2960 2710 τῇ
3019 2639 3185 2709 μητρὶ
3227 2635 3654 2692 κατεπίστευσε.

402 2741 496 2782 aut
529 2731 702 2785 otium
738 2749 992 2789 securum
1019 2743 1206 2790 astuta
1260 2737 1460 2806 pietate
1505 2739 1741 2794 redimit.
1773 2739 1973 2810 Nempe

2078 2733 2185 2786 Kal
2231 2733 2363 2798 ἴσως
2397 2734 2496 2804 μὲν
2543 2733 2610 2788 ἄν
2642 2751 2724 2798 τις
2756 2731 2991 2786 ἐνταῦθα
3030 2733 3315 2800 γινόμενος
3356 2729 3656 2800 καταμέμ-

401 2819 599 2873 bellum
637 2823 688 2876 in
724 2823 986 2881 barbaros
1027 2828 1377 2898 periculaque
1409 2830 1500 2883 illa
1535 2845 1597 2885 ac
1631 2831 1846 2886 labores
1873 2833 1977 2888 sibi

401 2912 668 2980 deposcit,
727 2917 978 2984 speciosa
1019 2925 1074 2972 et
1103 2930 1412 2988 quaestuosa
1455 2930 1677 2987 caetera,
1703 2925 1980 2995 guberna-

399 3003 599 3058 tionem
631 3008 998 3077 negotiorum,
1022 3011 1322 3067 clectiones
1348 3014 1792 3085 magistratuum,
1818 3017 1980 3072 vecti-

399 3094 600 3164 galium
649 3106 1076 3170 sumptuumque
1120 3102 1465 3171 publicormn
1508 3106 1768 3171 rationes,
1815 3111 1977 3166 matri

399 3187 716 3243 conunittit.
771 3189 1007 3243 Nimium
1057 3190 1108 3246 id
1161 3192 1381 3262 quidem
1426 3193 1724 3250 liberaliter
1761 3213 1824 3252 ac
1850 3213 1981 3264 pro-

400 3279 546 3348 dige,
575 3281 721 3337 dicat
761 3281 994 3339 fortasse
1025 3286 1317 3356 quispiam,
1353 3288 1444 3358 qui
1477 3289 1656 3344 aulam
1714 3290 1766 3344 in
1791 3308 1977 3362 gynae-

401 3390 558 3429 ceum
596 3376 909 3440 transferri,
943 3377 1238 3447 etimperii
1272 3380 1407 3434 tanti
1443 3381 1974 3438 administrationem

405 3471 718 3525 universam
754 3470 846 3525 uni
891 3471 1038 3526 credi
1090 3473 1304 3527 mulieri
1358 3475 1583 3531 minime
1634 3477 1976 3546 probandum

405 3569 574 3630 putet.
616 3560 815 3615 Verum
849 3561 897 3618 is
927 3564 972 3618 si
1006 3565 1145 3620 sciat
1178 3581 1244 3620 ac
1281 3577 1491 3636 reputet
1513 3583 1675 3638 quam
1706 3570 1978 3640 exquisita

405 3651 568 3704 fuerit
623 3649 743 3720 ejus
807 3653 1057 3710 mulieris
1121 3656 1451 3724 prudentia,
1518 3667 1720 3728 quanta
1783 3661 1976 3726 virtus,

405 3754 570 3807 quam
607 3757 727 3794 rara
759 3742 840 3798 vis
873 3745 1096 3812 ingenii,
1139 3747 1590 3816 vituperationem
1626 3751 1875 3820 proleCto
1921 3753 1975 3808 in

405 3829 850 3899 approbationem
878 3834 1060 3887 statim
1090 3835 1303 3891 consilii
1329 3836 1450 3892 talis
1479 3847 1532 3892 et
1559 3839 1975 3895 admirationem

406 3929 603 3977 vertat.
639 3919 814 3977 Tanta
857 3925 1001 3978 enim
1036 3926 1138 3980 fuit
1177 3927 1230 3980 in
1281 3929 1402 3982 avia
1444 3945 1561 3981 mea
1590 3933 1888 3986 dexteritas
1922 3933 1975 3988 in

407 4015 660 4083 gerendis
690 4017 1154 4088 expediendisque
1177 4019 1362 4083 rebus,
1399 4030 1546 4075 tanta
1577 4022 1863 4078 ordinandi
1893 4028 1976 4080 di-

406 4109 736 4178 gerendique
774 4109 954 4163 civilia
1006 4112 1226 4180 negotia
1275 4111 1503 4167 facultas
1525 4129 1588 4168 ac
1623 4116 1780 4184 quasi
1811 4131 1976 4187 capa-
2004 4089 2046 4146 ϐ

406 4201 544 4256 citas
578 4216 785 4271 magna
821 4201 1038 4267 mentis,
1072 4211 1129 4255 ut
1175 4218 1281 4256 non
1316 4213 1524 4258 tantum
1578 4205 1823 4262 Romano
1877 4210 1978 4263 im-

407 4296 562 4364 perio
623 4305 888 4364 quantum
937 4305 1076 4357 erat,
1132 4295 1226 4351 sed
1285 4298 1468 4366 regnis
1513 4315 1635 4368 qua:
1694 4303 1794 4356 sub
1862 4303 1978 4359 sole

408 4392 536 4436 sunt
565 4383 818 4439 oninihus
856 4399 962 4438 una
991 4384 1194 4452 optime
1241 4377 1491 4456 regendis
1521 4405 1618 4459 par
1645 4391 1813 4446 videri
1849 4409 1978 4463 pos-

407 4482 512 4528 set.
541 4475 648 4545 86
691 4473 883 4543 Magno
914 4475 1127 4529 scilicet
1171 4492 1237 4530 ex
1291 4477 1450 4548 longa
1498 4482 1830 4549 experientia
1872 4500 1974 4540 usu

407 4567 632 4634 praedita
686 4581 870 4621 rerum
929 4567 1317 4634 humanarmn,
1352 4570 1572 4641 ingenio
1619 4575 1843 4645 insuper
1908 4579 1976 4632 ad

409 4669 632 4713 naturas
657 4672 841 4712 rerum
877 4656 1272 4728 facultatesque
1309 4664 1656 4731 negotiorum
1693 4668 1977 4735 perviden-

407 4751 506 4805 das
540 4748 676 4804 mire
708 4747 894 4804 solerti
936 4763 952 4803 :
989 4749 1077 4803 cui
1117 4761 1462 4806 numeratum
1498 4763 1645 4810 esset
1688 4770 1752 4811 ac
1799 4773 1980 4826 prom-

409 4853 584 4914 ptum,
619 4845 761 4896 unde
819 4842 1186 4899 inchoandum
1240 4845 1548 4915 quidlibet?
1595 4865 1699 4917 qua
1755 4858 1809 4905 et
1868 4867 1978 4919 quo

408 4935 856 5006 provehendam?
890 4953 1012 5004 quas
1039 4921 1348 5007 quibusque
1378 4938 1826 5006 adversarentur,
1857 4959 1980 5011 qua:

406 5030 722 5098 quibusque
770 5030 1025 5100 juvandis
1079 5039 1207 5084 nata
1262 5040 1498 5101 aptaque
1555 5045 1740 5090 essent
1784 5052 1798 5087 :
1847 5037 1977 5106 quid

408 5136 546 5190 opus
581 5120 743 5185 facto,
767 5121 1051 5178 celerrime
1080 5122 1408 5192 pervidens;
1453 5124 1503 5177 id
1533 5123 1710 5192 ipsum
1753 5126 1818 5180 ad
1850 5145 1977 5198 pru—

409 5216 602 5268 denter
647 5215 1056 5283 exsequendum
1111 5223 1336 5269 strenua
1403 5226 1456 5269 et
1519 5227 1805 5274 constans.
1867 5219 1977 5276 Nec

408 5322 540 5362 vero
563 5321 687 5361 cum
741 5309 903 5363 tantis
934 5308 1130 5378 ingenii
1179 5307 1506 5375 consiliique
1549 5308 1795 5376 partibus
1825 5326 1976 5370 com-

2081 2823 2236 2894 ψοιτο
2263 2825 2362 2894 τὴν
2386 2824 2720 2896 οίκονομίαν,
2748 2825 2823 2888 ὡς
2853 2823 3253 2893 γυναικωνίτιδι
3278 2821 3660 2876 καταπιστεύσ-

2081 2934 2278 2980 σαντος
2317 2915 2523 2987 τούμοῦ
2562 2917 2768 2988 πατρὸς
2790 2917 2887 2987 τὴν
2919 2917 3015 2984 τῆς
3051 2914 3328 2984 βασιλείας
3357 2914 3656 2984 διοίκησιν.

2091 3008 2234 3062 Ἀλλ’
2277 3009 2326 3062 εί
2385 3010 2446 3060 τὸ
2499 3009 2755 3079 φρόνημα
2787 3009 2885 3078 τῆς
2928 3009 3188 3076 γυναικὸς
3228 3008 3516 3080 ἠπίστατο,
3552 3011 3657 3063 καὶ

2078 3103 2178 3173 ὅση
2218 3120 2302 3165 τις
2325 3098 2392 3174 ἦν
2423 3103 2624 3174 ἀρετὴν
2655 3102 2750 3155 καὶ
2783 3102 2874 3156 τὸν
2909 3102 3033 3155 νοῦν
3059 3105 3156 3156 καὶ
3193 3105 3341 3166 ὅπως
3364 3099 3478 3174 εἶχε
3514 3104 3655 3174 δρα-

2082 3195 2454 3265 στηριότητος,
2498 3195 2773 3264 ἀφέμενος
2825 3195 3090 3265 μέμψεως
3149 3196 3285 3264 πρὸς
3333 3195 3520 3264 θαῦμα
3548 3200 3658 3265 τὴν

2083 3285 2292 3355 μέμψιν
2324 3287 2608 3356 μετέϐαλε.
2642 3286 2895 3358 Τοσαύτη
2917 3287 3026 3358 γὰρ
3064 3289 3097 3356 ἡ
3131 3287 3239 3358 ἐμὴ
3278 3287 3477 3358 μάμμη
3514 3288 3655 3358 περὶ

2079 3377 2149 3430 τὰ
2173 3377 2475 3448 πράγματα
2503 3378 2799 3448 δεξιωτάτη
2837 3379 2932 3432 καὶ
2961 3379 3118 3442 τάξαι
3152 3380 3246 3431 καὶ
3293 3380 3655 3449 καταστήσα-

2081 3468 2206 3521 σθαι
2235 3469 2509 3523 πολιτείαν
2545 3471 2872 3540 εὐμήχανος,
2910 3468 3049 3522 ὥστε
3080 3470 3155 3538 μὴ
3195 3470 3353 3538 μόνον
3373 3470 3472 3539 τὴν
3511 3471 3656 3523 Ῥω-

2084 3561 2262 3628 μαίων
2289 3561 2463 3631 ἀρχὴν
2489 3562 2710 3614 διοικεῖν
2736 3561 3016 3620 δύνασθαι.
3055 3560 3192 3614 ἀλλὰ
3225 3562 3316 3615 καὶ
3342 3563 3521 3615 πᾶσαν
3551 3563 3661 3629 τὴν

2081 3647 2447 3718 ὁπουδήποτε
2480 3649 2760 3719 βασιλείαν
2803 3650 3011 3718 ὁπόσην
3058 3651 3208 3718 ἥλιος
3241 3653 3434 3722 ἐφορᾷ.
3476 3651 3659 3703 Πολυ-

2079 3741 2270 3809 πειρός
2296 3758 2354 3794 τε
2388 3741 2498 3812 γὰρ
2524 3737 2593 3811 ἦν
2622 3743 2718 3794 καὶ
2741 3742 2952 3794 πολλῶν
3006 3743 3345 3813 πραγμάτων
3381 3743 3659 3811 ἐγίνωσκε

2080 3833 2292 3901 φύσεις,
2325 3835 2422 3888 καὶ
2479 3833 2626 3899 ὅπως
2660 3835 2914 3906 ἄρχεται,
2947 3838 3041 3890 καί
3080 3837 3160 3899 είς
3202 3836 3230 3889 ὃ
3261 3838 3664 3906 καταντήσειεν

2077 3926 2308 3980 ἕκαστον
2336 3927 2690 3996 ἐξηπίστατο,
2722 3933 2816 3981 καὶ
2843 3929 2964 3980 τίνα
2985 3929 3084 3998 μὲν
3107 3927 3268 3980 τίνων
3315 3928 3454 3980 είσῖν
3494 3929 3662 3980 ἀναι-

2081 4017 2291 4087 ρετικὰ.
2325 4019 2448 4071 τίνα
2485 4019 2540 4072 δὲ
2569 4019 2770 4089 μᾶλλον
2795 4019 3195 4092 ἐπιρῤώννυσιν
3211 4019 3393 4090 ἕτερα,
3413 4019 3657 4088 ὀξυτάτη

2078 4126 2137 4161 τε
2166 4109 2224 4161 τὸ
2259 4109 2378 4163 δέον
2430 4113 2776 4180 καταμαθεῖν
2819 4113 2912 4164 καὶ
2962 4110 3100 4182 μετὰ
3153 4110 3452 4180 ἀσφαλείας
3477 4127 3660 4162 κατα-

2079 4202 2282 4272 πρᾶξαι
2309 4201 2477 4266 δεινή.
2504 4204 2612 4256 Καὶ
2642 4204 2742 4256 οὑκ
2779 4199 2848 4272 ἦν
2878 4203 2977 4274 μὲν
3005 4202 3103 4274 τὴν
3128 4203 3355 4274 γνώμην
3397 4202 3659 4272 τοιαύτη,

2077 4295 2328 4362 γλῶτταν
2374 4295 2430 4348 δὲ
2481 4292 2630 4366 εἶχεν
2673 4295 2990 4366 ἀπᾴδουσαν
3050 4297 3187 4366 πρὸς
3236 4295 3332 4366 τὴν
3379 4295 3612 4364 γνώμην
3643 4311 3655 4323 ·

2077 4387 2192 4440 ἀλλ’
2219 4383 2290 4458 ἦν
2320 4387 2648 4458 αὐτόχρημα
2686 4388 2874 4457 ῥήτωρ
2932 4387 3290 4456 πιθανότητος
3326 4387 3370 4449 ⁸,
3397 4387 3493 4440 καὶ
3523 4386 3661 4438 οὔτε

2077 4478 2237 4541 λάλος
2268 4480 2360 4531 καὶ
2398 4479 2478 4543 είς
2510 4479 2684 4550 μῆκος
2719 4478 2850 4542 τοὺς
2889 4479 3084 4547 λόγους
3132 4479 3474 4542 ἐκτείνουσα,
3525 4479 3660 4532 οὔτε

2075 4571 2287 4642 ταχέως
2345 4571 2727 4642 ἀπελίμπανεν
2777 4569 2919 4639 αὐτὴ
2967 4571 3028 4624 τὸ
3087 4569 3302 4638 πνεῦμα
3332 4569 3424 4623 τοῦ
3466 4570 3660 4638 λόγου,

2077 4664 2194 4717 ἀλλ’
2221 4664 2522 4735 ἐπικαίρως
2561 4663 2844 4734 ἀρξαμένη
2880 4666 2960 4726 είς
2998 4662 3066 4716 τὰ
3108 4662 3446 4732 καιριώτατα
3489 4664 3663 4716 πάλιν

2079 4755 2374 4825 κατέληγε.
2443 4757 2556 4810 Καὶ
2623 4758 2651 4809 δ
2727 4756 2826 4825 μὲν
2889 4755 3168 4825 βασίλειος
3235 4755 3426 4824 θρόνος
3478 4756 3664 4823 αὐτὴν

2079 4851 2514 4919 παρηκμακυῖαν
2559 4848 2911 4917 κατείληφεν,
2934 4847 3023 4900 ὅτε
3056 4847 3152 4900 καὶ
3183 4846 3386 4914 μξλλον
3433 4846 3493 4897 τὸ
3523 4864 3662 4917 cppe-

2079 4938 2202 4994 νοῦν
2258 4937 2476 5008 ἤκμαζε
2521 4939 2617 4993 καὶ¹
2661 4939 2696 5008 ή
2727 4937 2942 5002 σύνεσις
2986 4937 3216 5008 ἐπήνθει
3244 4938 3395 5007 καὶὴ
3431 4938 3562 5007 περὶ
3586 4936 3663 4990 τὰ

2079 5032 2382 5100 πράγματα
2417 5031 2696 5100 ἐπιστήμη
2759 5031 3134 5100 συνήκμαξεν,
3163 5029 3222 5095 ἐξ
3244 5022 3322 5081 ὧν
3346 5029 3660 5096 οἰκονομίαι

2079 5123 2174 5176 καὶ
2205 5123 2505 5191 διοικήσεις
2557 5121 2618 5174 τὸ
2677 5123 2880 5190 κράτος
2941 5120 3176 5191 ἔχουσιν.
3214 5121 3368 5189 Ἔχει
3410 5120 3468 5173 δὲ
3501 5120 3580 5182 ὡς
3621 5122 3659 5192 ὴ

2077 5216 2302 5286 τοιαύτη
2371 5215 2432 5268 τὸ
2477 5215 2625 5278 εἰκὸς
2677 5214 2864 5284 ἡλικία
2905 5213 2963 5266 ού
3027 5213 3190 5282 μόνον
3225 5229 3276 5266 τι
3311 5211 3483 5275 λέξαι
3535 5211 3662 5265 τῶν

2075 5311 2228 5365 νέων
2295 5310 2631 5379 σοφώτερον
2657 5347 2673 5373 ,
2725 5306 2799 5370 ὼς
2864 5307 2896 5375 ὴ
2939 5305 3218 5378 τραγῳδία
3270 5305 3434 5373 φησὶν
3459 5344 3474 5367 ,
3514 5304 3661 5358 ἀλλὰ

412 5402 785 5463 ιιιειιίίαιοιιιτ,
820 5401 1104 5456 deficiebat
1158 5400 1304 5453 illam
1343 5399 1560 5469 lingua;
1589 5402 1717 5468 quin
1744 5402 1975 5458 habebat

2081 5403 2177 5456 καὶ
2231 5403 2662 5472 συμφορώτερον
2719 5397 2948 5468 πρᾶξαι.
2992 5396 3051 5451 Ὃ
3081 5398 3138 5450 δὲ
3195 5397 3421 5449 κατόπιν
3462 5396 3660 5464 χρόνος

409 5493 726 5547 facultatem
757 5494 878 5561 ejus
905 5497 1116 5561 generis
1150 5492 1390 5546 innatam
1443 5493 1685 5561 quaesitae
1717 5495 1972 5560 similem,

413 5598 622 5640 natura:
653 5585 816 5650 bono,
851 5600 956 5639 nou
992 5585 1274 5639 industriae
1319 5585 1583 5641 beneficio
1617 5587 1807 5642 rhetor
1832 5605 1975 5659 qua:-

2081 5495 2175 5548 καὶ
2213 5495 2421 5548 ὁπόταν
2473 5493 2660 5563 ἐκείνη
2729 5493 2851 5554 ταῖς
2906 5489 3201 5558 νεωτέραις
3258 5485 3662 5553 συνεξητᾶζετο

2083 5588 2320 5656 γυναιξὶ,
2349 5587 2536 5658 Οαῦμα
2566 5587 2824 5658 ἄντικρυς
2853 5580 2943 5656 ἦν,
2964 5583 3150 5638 πολιὸν
3175 5584 3231 5636 ὲν
3261 5581 3430 5651 νεαρᾷ
3460 5577 3656 5648 ἡλικίᾳ.

1476 5763 1672 5828 Variae
1733 5767 2035 5832 lectiones
2067 5789 2140 5832 ex
2175 5771 2287 5833 cod
2349 5767 2618 5835 Coislin.

495 5869 514 5901 "
548 5863 944 5933 ἀναλωμάτων.
1023 5866 1041 5895 ⁸
1069 5867 1462 5930 πιθανώτατος.
