3934 6572
436 372 540 435 303

1700 376 1928 435 ANN/E
1968 376 2346 437 COMNEN/E

3578 387 3687 450 305

436 490 742 544 faciendum
795 490 896 544 sibi
932 489 1137 559 putavit
1171 497 1229 541 ut
1267 503 1360 542 eos
1402 488 1497 556 qui
1541 504 1635 557 per
1667 490 1975 545 Orientalcn

2106 490 2242 544 Θεοῦ
2272 494 2502 563 προνοίᾳ
2536 495 2613 556 εἰς
2658 495 2758 565 τὴν
2792 496 3199 568 αὐτοκράτορος
3233 499 3523 569 περιωπὴν
3559 500 3687 552 ἀνε-

434 583 657 635 limitem
689 582 919 635 urbibus
968 588 1061 633 aut
1089 582 1311 634 arcibus
1358 580 1601 649 prwlecti
1650 580 1847 636 fortem
1886 582 1996 636 rei-

431 674 658 743 publica:
713 688 935 741 operam
990 672 1314 727 sustinendo
1402 672 1709 727 Turcorum
1788 674 1995 742 impetu

430 768 718 827 navabant,
758 766 824 818 ad
857 779 916 819 se
960 780 1151 818 omnes
1183 777 1509 821 accerseret.
1540 764 1737 819 Statim
1768 781 1898 832 ergo
1927 765 1995 819 ad

428 857 760 911 Dabatenum
796 855 1114 908 Heracleam
1151 853 1429 910 Ponticam
1482 863 1536 909 et
1565 854 1993 925 Paphlagoniam

421 950 781 1011 obtinentem,
819 948 887 1002 ad
944 946 1179 1001 Burtzen
1230 947 1589 1018 Cappadocia:
1642 960 1695 1002 et
1744 947 1992 1003 Cbomati

420 1052 545 1089 cum
578 1036 807 1104 imperio
836 1051 899 1090 ac
931 1036 1185 1105 praesidio
1218 1031 1594 1114 praepositum,
1622 1035 1689 1089 ad
1730 1036 1870 1089 alios
1895 1050 1993 1103 per

418 1141 481 1180 ea
523 1128 639 1180 loca
693 1126 937 1193 insignes
972 1127 1186 1188 scribit,
1239 1126 1555 1194 signiﬁcans
1585 1140 1705 1179 sese
1734 1138 1799 1179 ex
1847 1138 1987 1193 prae-

417 1218 557 1270 senti
591 1217 914 1271 insidiaruat
954 1216 1199 1285 periculo
1236 1217 1290 1269 in
1324 1217 1523 1269 solium
1547 1216 1762 1284 imperii
1789 1215 1987 1269 divinae

420 1305 779 1362 Providentia:
826 1308 1091 1363 beneﬁcio
1143 1307 1471 1372 emersisse;
1512 1308 1579 1361 ad
1623 1309 1735 1362 haec
1783 1308 1984 1375 juhens

414 1416 509 1455 eos
540 1401 733 1454 idoneo
765 1399 901 1454 locis
940 1401 1139 1469 quibus
1174 1410 1442 1469 praeerant
1490 1400 1744 1469 praesidio
1792 1400 1985 1455 relicto

414 1507 539 1545 cum
573 1499 768 1545 caetera
806 1491 997 1545 militia
1030 1492 1290 1545 festinare
1321 1491 1388 1544 ad
1434 1506 1493 1545 se
1534 1492 1587 1544 in
1622 1492 1808 1543 urbem
1860 1505 1983 1544 cum

415 1585 628 1637 delectu
697 1598 961 1637 novorum
1035 1584 1263 1637 militum
1315 1600 1476 1651 quam
1531 1584 1986 1637 numerosissime

412 1683 657 1744 possent.
688 1674 800 1729 Sub
829 1677 937 1728 hate
971 1691 1150 1727 rerum
1176 1674 1539 1728 Occiduarum
1574 1690 1702 1728 cura
1743 1687 1982 1744 sumpta,

415 1768 655 1820 rationes
695 1765 864 1819 inibat
892 1766 1192 1819 obsistendi
1249 1766 1505 1830 lioberto,
1555 1776 1607 1817 et
1656 1767 1981 1834 impediendi

2112 583 2354 646 δίεασεν,
2389 585 2447 649 ἐξ
2481 584 2741 652 ὑπογυίου
2795 588 3037 641 κινδύνου
3072 590 3389 659 παραδόξως
3419 590 3683 655 σωθέντα,

2105 674 2622 743 παρακελευόμενος
2670 676 2727 730 δὲ
2774 680 2882 731 τῶν
2941 680 3218 749 σφετέρων
3280 681 3476 750 χωρῶν
3551 682 3690 750 πρό·-

2103 781 2254 819 νοιαν
2292 766 2480 836 ἱκανὴν
2528 770 2932 839 ποιησαμένους
2960 772 3475 838 κατασφαλίσασοαι
3508 771 3684 835 αὑτὰς

2102 855 2195 908 καὶ
2226 857 2583 925 ἁποχρῶντας
2608 859 2741 929 πρὸς
2768 860 2923 913 τοῦτο
2951 862 3290 930 στρατιώτας
3325 862 3680 915 καταλιπεῖν·

2103 945 2243 1014 μετὰ
2270 946 2323 999 δὲ
2352 947 2460 1000 τῶν
2503 949 2797 1002 ἐπιλοίπων
2832 952 2910 1012 είς
2930 952 3027 1019 τὴν
3058 952 3468 1004 Κωνσταντίνου
3502 968 3686 1020 παρα-

2099 1038 2373 1106 γίνεσθαι,
2412 1042 2887 1109 συνεπαγομένους
2920 1041 3013 1094 καὶ
3068 1044 3382 1104 νεολέκτους
3415 1043 3680 1112 ἀκμῆτας

2098 1125 2333 1188 ὁπόσους
2384 1126 2655 1180 δύναιντο.
2692 1123 2823 1181 Εἶτα
2857 1128 2964 1181 δεῖν
2996 1128 3138 1195 ἔγνω
3168 1131 3262 1182 καὶ
3310 1130 3380 1182 τὰ
3410 1130 3551 1181 κατὰ
3587 1129 3682 1183 τὸν

2109 1216 2443 1287 Ῥομπέρτον
2500 1218 2616 1286 (ὡς
2670 1220 2826 1289 ἐνὸν)
2888 1219 3513 1290 προκατασφαλίσασθαι
3581 1222 3684 1271 καὶ

2097 1310 2221 1369 τοὺς
2274 1310 2715 1378 προσρυομένους
2770 1309 2964 1380 ἐκείνῳ
3008 1310 3286 1381 ἀρχηγούς
3346 1327 3405 1362 τε
3440 1312 3536 1363 καὶ
3583 1313 3681 1363 κό-

2102 1422 2281 1474 μητας
2332 1405 2590 1474 ἁπεῖρξαι
2625 1404 2719 1456 τοῦ
2769 1408 3186 1475 ἐγχειρήματος.
3227 1407 3443 1475 Ἐπειδὴ
3496 1408 3524 1458 ὁ
3573 1407 3683 1475 πρὸ

2097 1496 2189 1549 τοῦ
2222 1496 2319 1567 τὴν
2369 1498 2520 1548 πόλιν
2558 1497 2719 1549 αὐτὴν
2768 1501 3063 1567 κατασχεῖν
3111 1497 3377 1571 πρὸς-τὸν
3414 1499 3679 1566 Μονομαο

2095 1588 2258 1658 κάτον
2299 1591 2649 1654 ἀποσταλεὶς,
2701 1589 2767 1642 δι’
2798 1584 2860 1642 οὗ
2892 1592 2970 1651 είς
3005 1589 3257 1659 βοήθειαν
3311 1588 3471 1640 αὑτὸν
3548 1605 3683 1656 μετ-

2098 1681 2381 1743 εκαλείτο,
2445 1682 2705 1751 χρήματά
2762 1697 2818 1732 τε
2854 1680 3105 1750 ἐπεζήτει
3160 1677 3529 1747 ὰποσταλῆναί
3594 1679 3674 1732 oi.

2097 1791 2403 1844 γραμματα
2433 1774 2593 1842 μόνον
2617 1774 2858 1842 κομίξων
2888 1769 3021 1843 ἧκεν
3055 1772 3205 1841 αὐτῷ
3241 1772 3544 1841 προφάσεις
3577 1770 3677 1836 δη-

414 1854 591 1923 quoad
622 1863 828 1922 posset,
867 1870 933 1907 ne
964 1854 1132 1908 duces
1160 1869 1222 1907 ac
1249 1854 1499 1917 comites,
1531 1864 1587 1908 ut
1611 1855 1791 1909 facere
1822 1870 1975 1925 cepe-

2086 1866 2322 1929 λοῦντα,
2358 1864 2612 1934 καθάπερ
2666 1864 2975 1932 φθάσαντες
3038 1865 3431 1933 ἱστορήσαμεν,
3483 1862 3551 1913 δι’
3603 1862 3671 1921 ἃς

416 1952 557 2009 rant,
596 1947 661 1999 ad
701 1961 824 2000 eum
859 1944 1135 1999 conﬂuere
1182 1958 1493 2015 pergerent.
1542 1948 1663 2013 Quo
1699 1948 1753 2001 in
1787 1964 1982 2016 genere

412 2037 707 2092 sollicitum
745 2038 979 2092 habebat
1008 2038 1259 2092 Alexium
1294 2037 1749 2094 Monomachatus
1779 2041 1844 2094 de
1876 2056 1983 2109 quo

409 2128 519 2195 jam
552 2130 790 2183 diximus
822 2130 915 2198 qui
956 2130 1061 2199 ipsi
1113 2130 1355 2183 nondum
1390 2130 1607 2199 imperii
1643 2134 1884 2202 compoti
1916 2135 1982 2187 de

412 2221 661 2287 pecuniis
707 2220 1083 2288 interpellatus
1124 2221 1285 2275 verba
1327 2222 1440 2275 sola
1472 2224 1780 2288 remiserat,
1813 2240 1981 2285 excu-

412 2324 541 2363 sans
571 2310 727 2364 ﬁdem
762 2310 1064 2366 Botauiata:
1103 2311 1421 2366 obstrictam
1450 2329 1465 2370 ;
1504 2312 1573 2368 de
1605 2329 1715 2382 quo
1753 2316 1982 2384 proinde

404 2402 589 2465 justus
623 2410 742 2457 erat
772 2412 948 2457 ntetus
985 2418 1050 2457 ne
1075 2404 1257 2457 audita
1283 2404 1629 2459 abdicatione
1663 2404 1977 2470 Botatu’atze,

413 2494 651 2549 lioberto
678 2494 975 2549 accederet.
1009 2495 1085 2548 Ad
1122 2496 1266 2548 hunc
1292 2496 1459 2566 igitur
1486 2501 1977 2568 praeoccupandum

408 2602 776 2656 congenerum
832 2602 989 2641 suum
1038 2585 1329 2657 Georgium
1366 2586 1731 2659 Palaeologum
1785 2592 1977 2659 Dyrra-

410 2679 595 2732 chium
634 2677 891 2741 destinat,
923 2692 1048 2731 cum
1082 2678 1375 2745 mandatis,
1412 2686 1469 2732 ut
1507 2695 1726 2734 omnem
1760 2680 1982 2733 adbibe-

409 2781 489 2824 ret
528 2770 834 2824 machinam
860 2784 969 2839 quo
994 2771 1113 2825 sine
1146 2772 1193 2823 vi
1226 2786 1289 2825 ac
1338 2772 1506 2826 armis
1542 2772 1667 2826 inde
1697 2770 1977 2825 Monoma-

405 2863 627 2917 chatum
652 2861 873 2931 ejiceret
898 2879 911 2915 :
936 2876 1060 2915 nam
1089 2862 1155 2915 ad
1192 2877 1301 2916 rem
1330 2871 1522 2932 aperto
1564 2873 1736 2917 marte
1766 2869 1978 2917 tentan-

405 2959 528 3013 dam
560 2956 705 3011 vires
742 2956 883 3010 haud
944 2956 1192 3010 aderant.
1232 2956 1496 3019 Addebat,
1533 2966 1593 3011 ut
1620 2956 1975 3025 Dyrrachium

405 3053 667 3106 adversus
722 3061 1015 3121 apparatus
1084 3049 1308 3105 Roberti
1374 3053 1742 3120 prmmuniret,
1805 3053 1977 3106 muris

405 3145 785 3213 machinisque
817 3146 901 3197 vel
936 3143 1331 3207 instaurandis,
1364 3143 1448 3197 vel
1479 3143 1547 3197 de
1575 3158 1714 3198 novo
1745 3144 1976 3197 molien-

400 3237 517 3289 dis:
576 3236 880 3289 admonens
912 3245 972 3288 ut
1006 3235 1539 3304 propugnaculorum
1598 3235 1780 3304 pinnis
1831 3236 1973 3304 ligna

400 3328 566 3382 nullis
598 3327 769 3381 clavis
801 3326 1051 3380 devincta
1090 3330 1446 3395 relinqueret,
1479 3343 1587 3395 quo
1625 3343 1684 3381 ea
1736 3330 1787 3380 in
1834 3326 1968 3380 insi-

400 3420 600 3473 lientes
631 3418 798 3473 scalis
835 3418 1073 3471 admotis
1103 3416 1327 3472 Latinos
1355 3420 1521 3472 everti
1556 3436 1584 3470 a
1618 3435 1971 3488 propugnan-

406 3515 553 3566 tibus
581 3512 742 3566 facile
767 3517 1011 3581 possent.
1048 3510 1283 3580 Scripsit
1308 3511 1473 3566 etiam
1507 3512 1775 3580 praefectis
1808 3513 1973 3565 mari-

405 3607 661 3657 timarum
706 3603 1010 3669 civitatum,
1050 3603 1295 3672 ipsisque
1320 3604 1676 3667 insularibus,
1727 3604 1973 3672 pluribus

404 3698 583 3752 verbis
611 3697 909 3751 adhortans
958 3712 1023 3751 ne
1057 3696 1317 3751 caderent
1353 3698 1571 3761 animis,
1612 3712 1747 3749 neve
1776 3695 1968 3749 indor-

403 3790 600 3844 mirent
640 3793 823 3855 rebus,
878 3804 1064 3844 verum
1110 3787 1509 3843 imRobertum
1547 3787 1655 3857 93
1679 3787 1837 3841 oculo
1891 3788 1974 3841 in-

400 3892 552 3935 tento
593 3889 904 3951 satagerent
934 3895 1003 3934 ne
1036 3880 1083 3934 is
1112 3880 1365 3934 socordia
1393 3879 1638 3950 ipsorum
1669 3879 1973 3933 maritimas

402 3976 563 4030 nrbes
625 3975 744 4044 ejus
809 3972 1002 4029 limitis
1069 3981 1123 4028 et
1177 3972 1387 4026 insulas
1437 3972 1689 4040 adeptus,
1750 3984 1978 4025 summa:

396 4068 591 4123 deinde
624 4082 810 4123 rerum
858 4077 1023 4137 atque
1057 4065 1290 4135 imperio
1338 4065 1615 4134 negotium
1654 4062 1976 4119 lacesseret.

469 4333 563 4386 llis
622 4334 675 4386 in
713 4331 908 4385 faciem
972 4340 1161 4385 contra
1219 4327 1519 4384 Robertum
1576 4327 1801 4398 paratis,
1864 4329 1968 4382 alia

2089 1958 2247 2026 δῆθεν
2301 1956 2380 2009 ἔτι
2428 1956 2520 2009 τοῦ
2574 1957 2925 2011 Βοτανειὰτου
2976 1957 3075 2026 τῆς
3139 1956 3418 2024 βασιλεῖας
3466 1957 3676 2022 ἐγκραο

2088 2050 2212 2110 τοῦς
2246 2049 2399 2111 ὄντος
2444 2048 2659 2119 βοηθεῖν
2706 2050 2805 2102 οὐκ
2851 2048 3105 2118 ἠδύνατο.
3143 2048 3331 2102 Ταῦτα
3376 2047 3673 2115 ἀναγνοὺς,

2090 2145 2180 2192 καὶ
2216 2140 2493 2209 πτοηθεὶς,
2541 2140 2617 2210 μὴ
2666 2140 2853 2210 μαθὼν
2880 2140 2977 2211 τὴν
3003 2140 3109 2193 ἀπὸ
3140 2141 3236 2209 τῆς
3269 2139 3545 2209 βασιλείας
3573 2138 3672 2191 τοῦ

2089 2233 2445 2285 Βπανειάτου
2504 2230 2804 2298 ἔκπτωσιν,
2863 2234 3118 2301 προσρυῇ
3172 2230 3252 2301 τῷ
3313 2230 3668 2300 Ῥομπέρτῳ.

2089 2320 2312 2387 ἀθύμως
2359 2315 2473 2388 εἷχε
2533 2320 2871 2373 παντάπασι.
2926 2320 3229 2391 Τοιγαροῦν
3289 2319 3672 2389 μετακαλεσά-

2091 2424 2249 2474 μενος
2299 2406 2388 2458 τὸν
2444 2406 2800 2477 σύγγαμϐρον
2834 2410 2949 2479 (27)
3016 2408 3182 2462 αὑτοῦ
3245 2410 3516 2479 Γεώργιον
3571 2408 3669 2461 τὸν

2090 2498 2451 2565 Παλαιολόγον
2489 2498 2623 2568 πρὸς
2650 2499 2710 2551 τὸ
2742 2500 3048 2569 Δυρράχιον
3083 2500 3436 2565 ἐξαπέστειλε
3470 2499 3669 2569 (πόλις

2086 2589 2139 2641 δὲ
2170 2590 2322 2640 τοῦτο
2362 2589 2665 2659 Ἰλλυρικὴ)
2700 2592 3223 2661 παρακαλεσάμενος
3254 2592 3405 2661 πάσῃ
3442 2593 3665 2663 μηχανῇ

2087 2682 2417 2747 χρησασθαι,
2451 2680 2593 2734 ὥστε
2636 2683 2879 2754 ἀμαχητὶ
2922 2685 3132 2736 ἐκεῖθεν
3182 2683 3523 2748 ἐξεῶσαιτδν
3552 2685 3672 2738 illo-

2085 2774 2416 2841 νομαχάτον,
2468 2775 2589 2826 ἐπεὶ
2637 2774 2712 2844 μὴ
2762 2775 3096 2846 ἀποχρῶσαν
3148 2772 3257 2847 εἶχε
3293 2777 3546 2846 δύναμιν,
3595 2775 3669 2828 δι’

2084 2857 2149 2933 ἧς
2201 2861 2390 2915 τοῦτον
2448 2865 2653 2917 ἄκοντα
2707 2864 2919 2918 ἐκεῖθεν
2967 2865 3266 2919 ἁπελάσει’
3306 2866 3443 2935 πρὸς
3476 2866 3532 2918 δὲ
3563 2867 3670 2928 τὰς

2084 2954 2175 3005 τοῦ
2220 2953 2558 3026 Ῥομπέρτου
2593 2957 2843 3027 μηχανὰς
2871 2956 3359 3025 ἀντιπαλαμᾶσθαι
3404 2957 3669 3028 [ἀντιμη-

2085 3044 2395 3117 χανᾶσθαι]
2460 3049 2535 3110 ὼς
2597 3047 2850 3117 δύναμις.
2904 3049 3353 3120 Παρεκε>.εύσατο
3409 3050 3506 3102 καὶ
3563 3049 3670 3109 τὰς

2084 3138 2338 3203 ἐπάλξεις
2360 3142 2871 3211 καινοπρεπέστερα
2890 3144 2933 3172 ’⁵
2955 3142 3385 3202 κατασκευάσαι,
3408 3142 3670 3211 ἀνήλωτα

2077 3230 2143 3280 τὰ
2184 3230 2354 3283 πλείω
2402 3232 2509 3284 τῶν
2549 3232 2722 3298 ξύλων
2744 3233 2977 3286 ἐάσοντα
3000 3235 3066 3299 ³⁸,
3101 3234 3189 3299 ἵν’,
3224 3235 3276 3286 εῖ
3300 3251 3401 3286 που
3423 3234 3512 3286 διὰ
3545 3234 3671 3286 κλι-

2082 3330 2278 3397 μάκων
2325 3327 2571 3397 συμϐαίη
2623 3327 2749 3390 τοὺς
2795 3327 3064 3389 Λατίνους
3111 3326 3376 3391 ἀνελθεῖν,
3422 3326 3541 3394 ἅμα
3585 3330 3668 3393 τῷ

2073 3421 2185 3472 τῶν
2222 3419 2395 3485 ξύλων
2428 3419 2685 3472 ἐπιϐῆναι
2732 3422 3169 3489 περιτρέπωνττι
3203 3418 3373 3471 ταῦτα
3422 3421 3517 3471 καὶ
3561 3419 3668 3470 σὺν

2074 3511 2286 3572 τούτοις
2320 3508 2743 3562 καταπίπτωσιν
2791 3511 2870 3573 είς
2899 3509 3187 3579 τοῦδαφος.
3243 3509 3354 3563 Ναὶ
3385 3509 3493 3578 μὴν
3522 3507 3669 3561 ἀλλὰ

2078 3604 2170 3655 καὶ
2204 3603 2314 3665 τοῖς
2344 3602 2581 3672 ἡγεμόσι
2615 3601 2722 3655 τῶν
2772 3603 3056 3672 παραλίων
3101 3603 3311 3655 πόλεων
3342 3603 3435 3655 καὶ
3472 3603 3667 3660 αὐτοῖς

2076 3692 2141 3764 δὴ
2172 3696 2281 3756 τοῖς
2338 3692 2627 3762 νησιώταις
2679 3694 2849 3748 πολλὰ
2892 3695 2979 3747 διὰ
3006 3695 3233 3765 γραφῶν
3285 3693 3662 3763 παρηγγυᾶτο

2084 3788 2157 3855 μὴ
2216 3786 2714 3849 ἀναπεπτωκέναι,
2767 3787 2901 3856 μηδὲ
2962 3784 3417 3857 καταρῤᾳθυμεῖν
3486 3784 3667 3846 ὅλως,

2081 3878 2195 3932 ἁλλ’
2241 3880 2604 3950 ἐγρηγορέναι
2660 3881 2753 3931 καὶ¹
2805 3879 2999 3947 νήφειν
3043 3878 3129 3930 διὰ
3156 3876 3361 3938 παντὸς
3414 3891 3663 3944 περιφυ-

2084 3966 2535 4039 λαττομένους³¹,
2564 3969 2659 4022 καὶ
2692 3968 2781 4020 τὸν
2820 3967 3159 4037 Ῥομπέρτον
3190 3965 3664 4037 καραδοκοῦντας,

2088 4059 2162 4130 μὴ
2187 4059 2245 4127 ἐξ
2270 4060 2461 4129 ἐφόδου
2489 4060 2597 4112 τῶν
2654 4059 2935 4129 παραλίων
2968 4059 3177 4112 πόλεων
3195 4056 3473 4126 ἐγκρατὴς
3498 4056 3633 4124 γενό
3649 4086 3669 4096 ο

2089 4165 2247 4218 μενος
2285 4149 2379 4201 καὶ
2414 4148 2596 4200 αὐτῶν
2624 4147 2688 4217 δὴ
2731 4148 2839 4200 τῶν
2863 4148 3065 4216 νήσων,
3098 4147 3406 4215 πράγματα
3431 4144 3668 4197 ἐσύστε-

2088 4255 2180 4308 ρον
2201 4240 2266 4308 τῇ
2294 4237 2543 4309 βασιλείᾳ
2585 4237 2875 4306 Ῥωμαίων
2903 4236 3139 4307 παρέξῃ.

2149 4328 2333 4383 Ταῦτα
2364 4329 2461 4399 μὲν
2486 4328 2627 4381 οῦτω
2654 4328 2805 4398 παρὰ
2830 4328 2922 4381 τοῦ
2952 4328 3217 4398 βασιλέως
3247 4328 3376 4399 περὶ
3401 4329 3461 4381 τὸ
3494 4328 3668 4380 Ἰλλυ-

396 4438 614 4494 quoque
654 4425 708 4477 in
762 4424 938 4492 ipsum
996 4421 1218 4475 molitus
1254 4436 1282 4473 a
1322 4431 1473 4489 tergo
1512 4430 1620 4475 est.
1678 4419 1971 4475 Concitare

2086 4422 2227 4491 ρικδν
2255 4422 2588 4491 ᾠκονόμητο,
2615 4422 2707 4475 καὶ
2734 4420 2913 4485 καλῶς
2937 4423 3004 4475 τὰ
3029 4424 3166 4485 τέως
3193 4420 3332 4475 κατὰ
3363 4422 3668 4491 πρόσωπον

398 4516 646 4570 videlicet
686 4518 739 4567 in
807 4528 929 4567 eum
1004 4512 1217 4566 studuit
1302 4515 1493 4567 ducem
1571 4512 1971 4583 Longobardiae

396 4607 752 4670 Germanum,
823 4619 1015 4673 papam
1092 4602 1422 4668 Reiiianum,
1497 4605 1970 4683 archiepiscopum

2082 4514 2174 4565 καὶ
2225 4515 2281 4565 ὲν
2329 4515 2453 4565 ποσὶ
2502 4514 2727 4584 κείμενα
2776 4514 2852 4584 τῷ
2893 4513 3217 4586 Ῥομπέρτῳ
3266 4511 3669 4582 κατοχυρώσας

2078 4597 2229 4656 ὧπτο
2253 4621 2266 4635 ·
2303 4604 2416 4657 ἀλλ’
2442 4604 2561 4658 οὐδὲ
2595 4605 2704 4659 τῶν
2736 4606 2879 4660 κατὰ
2911 4605 3097 4660 νώτων
3132 4606 3321 4676 ἐκείνῳ
3356 4620 3666 4674 προσισταο

1475 4742 1678 4802 Variaa
1714 4751 2027 4804 rectiones
2059 4760 2138 4804 ex
2165 4747 2304 4805 cod.
2345 4744 2609 4807 Coislin.

468 4847 512 4876 ¹⁹
541 4844 1093 4914 καινοπρεπέστερον.
1168 4844 1213 4873 ³⁰
1252 4844 1513 4897 ἐάσαντα.

1594 4844 1636 4875 ³¹
1667 4860 1733 4896 πε
1746 4846 2183 4919 ριφραττομένου
2198 4866 2236 4907 ,'.

1471 4986 1606 5045 Car.
1638 4984 1966 5047 Dufresnii
2001 4986 2095 5044 Du
2122 4983 2343 5062 Cangii
2391 4991 2581 5044 notas.

394 5091 603 5143 Choma
633 5088 891 5140 statuitur
921 5101 951 5138 a
990 5084 1301 5148 Ptolemaeo,
1353 5084 1508 5152 cujus
1555 5088 1717 5140 etiam
1756 5086 1961 5139 mentio

394 5157 560 5227 274
600 5156 655 5208 lit
688 5157 741 5209 in
776 5155 1008 5209 concilio
1057 5154 1330 5227 Ephesiae
1361 5166 1513 5223 parte
1547 5171 1606 5218 ιι,
1638 5170 1743 5227 act.
1784 5156 1957 5227 μοιιί

394 5224 676 5281 Eii—domus
713 5227 975 5293 Χώματος
1006 5228 1103 5293 τῆς
1129 5225 1332 5286 Λυκίας
1358 5227 1648 5292 episcopus
1682 5224 1953 5277 interfuit.

396 5298 535 5351 Sunt
568 5298 729 5364 igitur
765 5296 966 5347 milites
999 5295 1062 5344 ὲκ
1110 5293 1203 5345 τοῦ
1242 5296 1525 5362 Χώματος,
1563 5297 1655 5361 qui
1694 5312 1722 5345 a
1758 5294 1957 5346 Bnrtze

393 5366 677 5421 Chonntis
707 5364 972 5433 principe,
1009 5365 1201 5415 Λιυυυ
1230 5376 1487 5429 tanquam
1529 5365 1819 5427 foederato,
1872 5364 1954 5414 vel

394 5437 644 5491 fortassis
674 5436 917 5493 domino,
950 5434 1456 5500 suppeditabantur.

464 5506 575 5575 (27)
630 5505 1035 5575 Σεξιγγαμὸζοονἒ
1072 5501 1309 5557 Glossar.
1365 5500 1700 5555 erco-Lat.
1740 5502 1955 5575 Σύγγα-

397 5573 929 5647 μὸρος,νεωι9εηθιο.
1000 5573 1302 5647 Congencri
1382 5576 1659 5634 dicuntur,
1734 5573 1826 5639 qui
1890 5586 1956 5647 es

393 5644 577 5700 eadem
611 5646 832 5707 lamina,
904 5660 999 5697 seu
1064 5644 1199 5695 duas
1267 5658 1506 5707 δοτοιύε,
1586 5657 1783 5695 uxores
1848 5644 1957 5693 sibi

394 5721 688 5778 aSciscunt,
724 5716 797 5767 ita
830 5724 889 5767 ut
925 5722 1173 5779 reSpectu
1207 5714 1379 5765 soceri
1427 5714 1586 5765 ambo
1640 5712 1824 5779 generi
1876 5713 1960 5764 di-

391 5795 604 5841 cantur.
642 5786 962 5854 Hesychius,
994 5783 1157 5834 ἁὲλιοι
1195 5783 1349 5850 (alias
1384 5782 1590 5851 αἴλιοι),
1637 5781 1684 5833 οἳ
1732 5782 1965 5848 ἀδελφὰς

2071 5087 2337 5152 γυναῖκας
2415 5086 2730 5156 ἐσχηκότες,
2796 5086 2964 5156 ἡγουν
3032 5084 3400 5154 σῦγγαμόροι.
3466 5087 3667 5154 ,Αρυά

2070 5166 2345 5225 auctorem
2395 5155 2687 5219 incertum,
2752 5159 2844 5225 qui
2877 5156 3062 5209 editus
3091 5166 3175 5209 est
3202 5167 3323 5225 post
3354 5155 3665 5223 'l‘heOpha-

2068 5240 2213 5286 nem,
2235 5305 2244 5311 ἡ
2270 5224 2497 5311 Micheal
2538 5224 2819 5311 patricius
2868 5225 3199 5311 Melissenus
3226 5294 3239 5305 .
3268 5225 3664 5311 .conapﬁpo‘;

2064 5305 2316 5346 narratur
2345 5296 2512 5347 luisse
2536 5294 2884 5348 Constantini
2909 5294 3243 5363 Copronymi
3268 5295 3468 5361 imper.
3497 5298 3659 5347 κατά

2062 5364 2271 5433 τρίτην,
2320 5364 2485 5415 αὐτοῦ
2552 5368 2808 5431 γυναῖκα,
2868 5365 2938 5418 0b
2982 5364 3196 5417 tertiam
3258 5364 3379 5430 ejus
3452 5363 3666 5433 conju-

2061 5448 2205 5499 gem,
2260 5432 2557 5486 Eudociam
2612 5436 2845 5497 scilicet,
2897 5434 3054 5500 Cujus
3106 5447 3351 5486 sororem
3407 5432 3659 5486 uxorem

2067 5502 2299 5554 duxerat
2332 5502 2682 5558 Melissenus.
2740 5504 2839 5556 llic
2872 5518 3000 5556 vero
3032 5502 3259 5556 Alexius
3293 5511 3348 5553 et
3380 5502 3670 5555 Palaeolo-

2067 5587 2169 5639 gus
2202 5574 2429 5625 invicem
2463 5573 2807 5642 σῦγγαμὸροι
2834 5610 2848 5633 ,
2903 5587 3192 5640 ροιιειιιιυτι
3242 5571 3415 5642 fuisse
3468 5576 3669 5624 adno-

2071 5649 2276 5703 tantur,
2330 5644 2457 5710 quia
2513 5654 2569 5694 ut
2604 5640 2833 5711 uterque
2890 5642 3188 5711 {andrumci
3257 5640 3419 5692 Dura:
3477 5643 3665 5711 illrum

2073 5711 2327 5775 duxerat,
2350 5709 2585 5765 Alexins
2625 5709 2853 5773 ll‘Cltctlt,
2892 5709 3229 5777 Palaeologus
3268 5712 3484 5761 Annam
3546 5709 3663 5763 Du-

2073 5795 2298 5835 ozenam.
2341 5779 2403 5835 ν.
2443 5782 2928 5851 Ηηιιπιιειιιιρυιιιιιι,
2968 5781 3062 5832 lib.
3094 5795 3169 5845 tv,
3206 5782 3294 5834 tit.
3337 5780 3391 5842 6,
3426 5778 3579 5848 §1L
