3934 6600
467 417 574 485 319

467 625 588 679 lica:
619 626 844 679 ditionis
875 641 987 678 sua:
1012 639 1198 677 curam
1234 641 1296 678 ac
1327 633 1647 694 potestatem
1676 640 1893 679 omnem
1931 623 2042 680 Ro-

470 720 621 787 gcrio
657 719 767 772 lilio
817 719 956 788 apud
1011 716 1343 788 "ydt‘tllllelll
1401 721 1859 782 commendasset,
1916 718 2042 773 inde

467 812 685 864 solvens
719 809 1015 864 Brundusii
1067 819 1286 880 portum
1337 811 1666 879 occupavit:
1704 811 1796 864 ubi
1851 810 2041 865 audito

469 904 757 970 Palmologi
826 903 1185 973 Dyrrachium
1242 901 1502 966 adventu,
1545 901 1771 972 impigre
1815 900 1869 955 in
1925 917 2043 955 ma-

461 993 679 1063 joribus
711 995 940 1063 navigiis
963 993 1216 1048 aedificari
1246 1003 1422 1049 turres
1442 993 1609 1064 jussit
1640 1009 1669 1048 e
1698 993 1879 1064 lignis,
1905 1009 2042 1063 quas

468 1086 620 1142 curio
689 1086 894 1142 bubulo
963 1086 1492 1142 circumamhiemlas
1564 1087 2043 1158 contegendasque

466 1190 592 1248 apte
631 1182 888 1235 curavit:
935 1188 1048 1234 tum
1100 1180 1316 1234 exteris
1359 1195 1479 1251 qum
1525 1180 1591 1233 ad
1637 1181 1856 1235 munitm
1889 1181 2042 1237 urbis

465 1272 927 1340 oppugnationem
952 1289 1091 1343 opus
1120 1283 1275 1327 erant
1292 1273 1524 1333 cunctis,
1556 1273 1608 1326 in
1637 1288 1801 1328 naves
1829 1288 2042 1328 summa

475 1365 755 1432 diligentia
791 1367 1184 1436 comportatis;
1217 1366 1372 1437 equis
1399 1367 1464 1422 ad
1491 1366 1605 1420 haec
1643 1375 1697 1422 et
1746 1367 2040 1436 cataphra-

466 1460 571 1512 ctis
599 1459 878 1526 equitibus
900 1476 1064 1515 naves
1091 1462 1317 1527 celeres,
1341 1478 1478 1530 quas
1505 1461 1799 1515 dmutones
1830 1465 2041 1527 dicunt,

1769 417 1994 477 ANNE
2022 415 2407 477 COMNENAE

468 551 749 605 regressus
781 537 834 589 in
869 535 1046 589 aulam
1081 540 1182 588 est.
1209 535 1278 588 At
1312 533 1584 588 Rubcrtus
1624 545 1906 604 postquam
1935 534 2035 586 lta-

2138 532 2319 586 λαϐὼν
2352 531 2713 602 παλινδρομεῖ
2763 531 2897 601 πρὸς
2932 530 3000 584 τὰ
3051 529 3318 600 βασίλεια.

3605 412 3710 475 320

3400 529 3458 584 ’0
3497 528 3553 583 δὲ
3595 530 3716 583 Ῥο-

2147 624 2391 696 μπὲρτος
2423 625 2502 688 εἰς
2552 623 2848 694 ’Υδροῦντα
2875 625 2920 657 ⁸⁹
2968 622 3412 694 παραγενόμενος
3463 625 3558 677 καὶ
3615 623 3714 694 τὴν

2143 718 2363 772 ἃπασαν
2411 715 2576 772 αὐτοῦ
2628 714 2878 780 ἐξουσίαν
2924 717 3018 769 καὶ
3064 716 3234 785 αὐτῆς
3264 715 3329 783 δὴ
3356 715 3458 784 τῆς
3505 715 3718 782 Λογγο-

2143 810 2369 881 σαρδίας
2389 809 2589 882 (51)·τῷ
2617 809 2714 879 υίῷ
2738 809 2901 863 αὐτοῦ
2941 808 3170 879 Ῥογέρη
3199 809 3320 840 ⁸⁹ο⁸⁹
3357 807 3714 878 ἀναθέμενος,

2145 902 2355 955 ἐκεῖθεν
2382 902 2635 968 ἐξελθὼν,
2662 903 2753 956 τὸν
2781 902 2977 972 λιμένα
3009 901 3103 954 τοῦ
3135 901 3456 971 Βρεντεσίου
3477 901 3518 932 ⁶¹
3554 900 3718 952 κατέ-

2143 994 2298 1060 λαϐε,
2351 995 2572 1048 κάκεῖσε
2611 995 2712 1065 τὴν
2743 994 2838 1048 τοῦ
2876 995 3244 1063 ιΙαλαιολόγου
3295 995 3373 1055 εἰς
3404 992 3462 1046 τὸ
3498 991 3714 1062 Δυῤῥὰ-

2143 1105 2260 1158 χιον
2289 1086 2502 1141 ἔλευσιν
2528 1088 2887 1158 μεμαθηκὼς,
2910 1087 3256 1158 παραχρῆμα
3277 1088 3334 1138 ὲν
3361 1089 3470 1148 τοῖς
3505 1084 3716 1154 μείζοσι

2143 1181 2253 1234 τῶν
2311 1181 2513 1236 πλοίων
2568 1182 2814 1253 πύργους
2863 1181 3192 1250 δειμάμενος
3245 1180 3334 1234 διὰ
3383 1179 3574 1244 ξύλων.
3629 1179 3718 1231 διὰ

2146 1275 2356 1346 βύρσης
2401 1274 2626 1338 τούτους
2665 1275 3030 1346 περιέστειλε,
3073 1274 3170 1328 καὶ
3225 1273 3404 1327 πάντα
3454 1272 3521 1325 τὰ
3579 1272 3720 1341 πρὸς

2145 1368 2503 1439 τειχομαχίαν
2549 1370 2830 1438 ἐπιτήδεια
2882 1372 2940 1421 ὲν
2988 1370 3107 1430 ταῖς
3161 1367 3350 1420 ναυσὶν
3403 1364 3719 1431 εἰσαγαγὼν

2146 1462 2473 1524 σπουδαίως,
2534 1463 2613 1522 εἷς
2652 1479 2710 1513 τε
2761 1461 2890 1523 τοὺς
2930 1462 3212 1531 δρόμωνας
3266 1459 3463 1519 ἵππους
3504 1475 3562 1510 τε
3624 1456 3718 1509 καὶ¹

469 1550 1005 1620 ittseemlcrejussis,
1059 1554 1392 1623 reliquisque
1435 1555 1673 1624 undique
1715 1555 2035 1610 necessariis

2149 1552 2402 1614 ³ἐνόπλους
2452 1552 2652 1615 ἱππέας
2691 1550 2975 1614 εἰσελάσας
3010 1551 3103 1604 καὶ
3160 1550 3428 1604 πάντοθεν
3457 1551 3525 1602 τὰ
3582 1547 3722 1618 πρὸς

467 1657 565 1701 aut
606 1649 834 1702 utilibus
865 1649 929 1701 ad
968 1649 1170 1703 bellum
1205 1660 1430 1704 strenue
1477 1651 1810 1719 comparatis
1859 1651 2043 1718 provi-

466 1740 674 1806 sisqne,
732 1742 1024 1810 trajectum
1068 1742 1314 1810 urgebat.
1357 1740 1681 1798 Decreverat
1729 1754 1909 1798 autem
1945 1761 2042 1799 na-

2145 1643 2384 1714 πόλεμον
2411 1644 2576 1709 ὀξέως
2608 1644 2752 1714 μάλα
2783 1644 3086 1713 ἐξαρτήσας
3115 1643 3382 1714 διαπερᾷν
3431 1642 3719 1710 ἠπείγετο.

2157 1734 2411 1787 Ἐσκόπει
2469 1738 2577 1804 γὰρ
2633 1734 2870 1804 ὁπηνίκα
2934 1735 2994 1786 τὸ
3051 1733 3356 1805 Δυρράχιον
3407 1732 3720 1801 καταλάϐη,

468 1831 683 1885 valibus
713 1831 878 1886 simul
917 1831 1384 1902 terrestribusque
1434 1831 1609 1900 cupiis
1656 1847 1718 1884 ac
1770 1832 2035 1887 nrwltittis

2145 1825 2450 1893 περιζῶσαι
2492 1826 2650 1878 τοῦτο
2682 1826 2768 1879 διὰ
2815 1824 2922 1877 τῶν
2951 1824 3253 1878 ἑλεπόλεων
3284 1825 3392 1878 ἀπό
3421 1842 3478 1876 τε
3517 1823 3721 1876 θαλάτ-

469 1940 664 1992 urgcre
705 1925 947 1992 undique
1008 1922 1398 1994 Dyrrachium,
1434 1926 1518 1978 vel
1569 1925 1943 1994 perculsurum
1982 1939 2042 1977 se

467 2017 642 2084 primo
679 2017 882 2084 impetu
918 2031 982 2070 ac
1011 2014 1079 2071 de
1112 2015 1453 2086 repugnandi
1497 2019 1776 2084 proposito
1801 2017 2041 2070 ditantu-

465 2123 586 2161 rum
619 2107 741 2175 ejus
772 2107 926 2161 urbis
969 2117 1402 2178 prepngnatores
1437 2114 1630 2173 ratus;
1662 2117 1756 2161 aut
1795 2117 1942 2162 certe
1993 2109 2040 2163 si

469 2201 818 2256 obstinarent
883 2201 1121 2266 animos,
1181 2215 1410 2255 numero
1473 2215 1632 2269 posse
1679 2200 1826 2269 ipsos
1883 2201 2040 2255 obrui

467 2292 788 2361 majorequc
823 2293 873 2346 vi
907 2292 1142 2348 domari.
1175 2291 1328 2357 Quod
1385 2291 1504 2360 ejus
1553 2290 1838 2346 consilium
1895 2291 2039 2345 fama

463 2385 742 2454 vulgatum
779 2399 1032 2453 magnam
1069 2391 1122 2439 et
1168 2383 1529 2450 insularibus,
1566 2392 1621 2438 et
1662 2383 1728 2438 iis
1772 2385 1862 2453 qui
1910 2385 2040 2456 Dyr-

466 2476 677 2531 rachini
734 2477 939 2532 littoris
1009 2490 1161 2532 oram
1212 2475 1481 2541 incolunt,
1517 2476 1703 2531 auditu
1738 2479 1854 2546 ipso
1901 2493 2038 2534 cou-

465 2571 864 2626 Sternationem
925 2570 1145 2638 objccit.
1207 2569 1447 2638 Denique
1496 2571 1752 2626 omnibus
1808 2587 1928 2640 qua:
1980 2571 2036 2626 in

467 2661 762 2730 procinctu
797 2659 1041 2716 solvendi
1085 2661 1201 2716 fieri
1243 2670 1337 2714 aut
1373 2661 1514 2716 facta
1555 2677 1675 2717 esse
1721 2671 2040 2733 oportuerat

463 2767 528 2805 ex
562 2753 834 2808 sententia
870 2753 1134 2808 confertis
1181 2753 1480 2810 retinacula
1535 2754 1714 2823 rumpi
1770 2756 2038 2825 praecipit,

465 2845 788 2909 dromones,
820 2846 1097 2908 triremes,
1131 2845 1524 2915 uniremesque
1547 2859 1666 2902 arte
1692 2856 1854 2917 atque
1873 2863 2038 2918 opera

465 2945 756 2991 nautarum
793 2936 845 2989 in
903 2937 1038 3003 aciei
1095 2937 1302 2992 bellica:
1354 2936 1589 2993 formam
1637 2940 1868 3010 eleganti
1925 2940 2040 3011 98

461 3027 673 3092 ordine,
731 3029 1101 3098 pra-claraque
1149 3029 1338 3099 procul
1409 3031 1593 3100 specie
1647 3031 1941 3098 dispositas
1980 3033 2035 3086 in

461 3123 631 3175 altum
690 3121 953 3177 invehens
1017 3139 1278 3192 prospero
1359 3124 1578 3180 alllante
1634 3134 1820 3189 vento,
1881 3125 2038 3189 cujus

2144 1934 2241 1986 της
2271 1920 2364 1970 καὶ
2395 1918 2649 1989 ἠπείρου,
2676 1917 2742 1970 ἶν’
2765 1917 2882 1986 ἅμα
2910 1917 3008 1987 μὲν
3034 1915 3356 1987 καταπλήξει
3386 1916 3514 1980 τοὺς
3541 1915 3720 1982 ἐντὸς,

2142 2009 2259 2080 ἅμα
2313 2009 2371 2062 δὲ
2429 2011 2522 2063 καὶ
2605 2009 2940 2080 πανταχόθεν
3016 2009 3442 2079 περιστοιχήσας
3495 2007 3716 2072 αὐτοὺς,

2140 2100 2199 2166 ἐξ
2259 2099 2452 2168 ἐφόδου
2503 2099 2600 2170 τὴν
2652 2099 2806 2152 πόλιν
2869 2100 3178 2170 αἱρήσεται.
3237 2098 3479 2170 Θόρυϐος
3533 2097 3717 2151 τοίνυν

2141 2191 2394 2246 ἐντεῦθεν
2424 2191 2551 2256 τούς
2576 2209 2633 2246 τε
2669 2192 2966 2263 νησιώτας,
3001 2191 3095 2245 καὶ
3120 2191 3248 2255 τοὺς
3273 2191 3401 2263 περὶ
3432 2191 3531 2262 τὴν
3557 2191 3718 2260 ὴῖόνα

2139 2281 2234 2336 τοῦ
2266 2283 2570 2353 Δυρραχίου
2598 2282 2768 2337 ταῦτα
2805 2281 3198 2353 μεμαθηκότας
3240 2286 3473 2351 κατέσχε
3525 2280 3716 2344 πολύς.

2153 2374 2306 2427 Ἐπεὶ
2327 2374 2383 2427 δὲ
2410 2373 2550 2428 κατὰ
2584 2373 2808 2444 γνώμην
2847 2373 2996 2443 αὐτῷ
3026 2374 3205 2427 πάντα
3234 2373 3353 2404 ⁸³⁸⁸³
3381 2373 3720 2436 τετέλεσται,

2139 2466 2310 2529 λύσας
2358 2466 2426 2520 τὰ
2478 2467 2819 2536 πρυμνήσια,
2857 2466 2984 2528 τούς
3032 2483 3092 2518 τε
3139 2465 3442 2537 δρόμωνας,
3476 2466 3572 2518 καὶ
3621 2467 3722 2529 τὰς

2138 2559 2408 2629 τριήρεις,
2438 2559 2569 2628 νῆας
2610 2559 2703 2611 καὶ
2735 2559 3017 2628 μονήρεις,
3067 2557 3210 2611 κατὰ
3243 2557 3342 2628 τὴν
3378 2557 3488 2610 τῶν
3526 2575 3720 2610 ναυτι-

2139 2652 2252 2706 κῶν
2295 2651 2591 2722 ἐμπειρίαν
2623 2651 2702 2712 είς
2738 2649 2978 2720 πολέμου
3010 2653 3198 2720 σχῆμα
3225 2649 3574 2713 διατυπώσας
3623 2651 3722 2702 σὺν

2139 2742 2368 2814 εὐταξία
2398 2743 2444 2775 ⁸⁸
2473 2741 2566 2795 τοῦ
2599 2741 2762 2805 πλοὸς
2819 2744 3184 2814 ἀπεπειρᾶτο.
3216 2741 3416 2814 Οὐρίου
3445 2743 3501 2796 δὲ
3536 2741 3726 2813 τυχὼν

2141 2836 2477 2908 πνεύματος,
2497 2836 2594 2907 τὴν
2616 2836 2758 2890 κατὰ
2787 2835 2879 2890 τὸν
2906 2836 3132 2890 Αὐλῶνα
3161 2836 3399 2908 περαίαν
3423 2835 3722 2902 κατέλαϐε,

2141 2929 2235 2984 καὶ
2289 2929 2390 3000 τὴν
2439 2929 2600 2996 ἠϊόνα
2635 2929 2996 3000 παραπλέων,
3052 2929 3296 3000 ἀπῆλθεν
3347 2931 3405 2982 ὲν
3452 2928 3500 2960 ⁸⁵
3553 2928 3727 3000 μέχρι

2139 3021 2440 3094 Βοθρεντού
2475 3022 2610 3092 (52).
2650 3023 2892 3076 Κάκεῖσε
2925 3021 3152 3086 ἐνωθεὶς
3181 3021 3321 3092 μετὰ
3349 3021 3442 3076 τοῦ
3470 3020 3590 3075 υἱοῦ
3623 3022 3726 3074 αὐ-

2139 3117 2234 3170 τοῦ
2281 3115 2624 3185 Βαῖμούντου
2673 3117 3089 3186 προφθάσαντος
3140 3115 3378 3186 περάσαι
3429 3115 3564 3184 (53),
3624 3116 3724 3168 xui.

471 3211 737 3266 beneflcio
786 3212 943 3266 facile
1000 3215 1287 3269 adversam
1321 3215 1386 3269 ad
1422 3217 1687 3271 Aulonem
1740 3217 1915 3288 ripam
1954 3227 2034 3272 te-

2140 3205 2232 3259 τδν
2278 3190 2509 3261 Αὐλῶνα
2565 3206 2624 3272 ἐξ
2681 3206 2869 3277 ἐφόδου
2929 3209 3245 3276 κατασχεῖν,
3283 3207 3402 3277 διχῇ
3457 3207 3517 3258 τὸ
3571 3206 3726 3260 ἅπαν

461 3300 584 3354 nuit
639 3317 653 3354 :
709 3301 944 3370 indeque
998 3317 1149 3356 oram
1215 3305 1399 3371 legens
1455 3321 1631 3374 usque
1679 3303 2032 3374 Buthrotum,

464 3389 650 3458 ibique
715 3390 976 3460 adjuncto
1027 3392 1129 3447 sibi
1184 3393 1491 3448 Baimundo
1547 3395 1677 3459 lilio,
1728 3395 1819 3465 qtti
1885 3398 2036 3465 prius

465 3482 758 3551 trajecerat
793 3492 847 3537 ct
881 3484 1146 3541 Aulonem
1204 3487 1380 3557 primo
1425 3487 1629 3557 impetu
1664 3497 1902 3557 ceperat,
1939 3505 2036 3546 co-

464 3575 584 3644 pias
619 3577 902 3633 universas
946 3577 1197 3634 bifariam
1223 3579 1417 3635 dividit
1448 3598 1463 3636 :
1491 3592 1696 3651 partem
1726 3582 1842 3650 ipse
1870 3598 2032 3637 unam

463 3670 599 3721 tnari
631 3683 755 3722 cum
823 3669 998 3725 classe
1041 3671 1106 3725 ad
1165 3671 1522 3743 Dyrrachium
1556 3675 1864 3739 ducturus;
1899 3677 2035 3731 alte-

461 3759 580 3814 rius
650 3759 845 3816 itinere
894 3765 1140 3818 terrestri
1179 3763 1357 3820 eidem
1410 3767 1533 3821 urbi
1593 3767 1891 3838 Dyrrachio
1941 3767 2039 3823 ad-

462 3851 762 3916 movendae.
785 3855 1008 3909 ductum
1041 3857 1288 3925 permisit
1310 3858 1635 3916 Baimundo.
1662 3860 1778 3920 Tali
1807 3863 2038 3918 consilio

455 3950 856 4014 pratergressa
901 3946 1079 4000 classe
1113 3947 1366 4018 Corcyra:
1395 3963 1568 4013 uram,
1607 3950 1657 4002 in
1689 3949 1807 4016 ipso
1848 3964 2038 4004 versus

461 4029 814 4100 Dyrrachium
894 4033 1036 4089 lletu
1076 4073 1091 4098 ,
1149 4037 1294 4090 circa
1391 4038 1824 4105 promontorium
1894 4037 2040 4107 quod

451 4121 634 4194 lingua
690 4124 911 4191 .licitur,
979 4126 1216 4181 maxima
1279 4126 1498 4183 ineant
1551 4128 1735 4183 subito
1801 4127 2037 4197 procella

2135 3298 2327 3353 διελὼν
2355 3299 2698 3371 στράτευμα,
2726 3301 2786 3351 τὸ
2820 3298 2918 3370 μὲν
2957 3299 3120 3362 αὐτὸς
3150 3301 3369 3370 κατεῖχε
3397 3297 3486 3352 διὰ
3517 3297 3727 3352 θαλάτ-

2134 3410 2256 3463 της,
2304 3393 2396 3446 τὸν
2447 3392 2728 3447 ἀπόπλουν
2759 3393 2836 3457 ὡς
2892 3393 3026 3462 πρὸς
3057 3392 3115 3447 τὸ
3159 3394 3464 3465 Δυρράχιον
3512 3393 3724 3446 ἐθέλων

2135 3488 2492 3556 ποιήσασθαι,
2548 3486 2642 3540 τοῦ
2693 3488 2749 3540 δὲ
2793 3487 2883 3541 τὸν
2945 3487 3284 3557 Βαῖμούντον
3343 3489 3534 3557 ἄρχειν
3585 3489 3723 3541 ἐπέ-

2135 3580 2355 3651 τρεψεν,
2409 3581 2502 3633 διὰ
2553 3579 2722 3652 ξηρᾶς
2772 3578 3038 3650 μέλλοντα
3096 3580 3232 3652 πρὸς
3293 3580 3353 3634 τὸ
3408 3581 3722 3651 Δυρράχιον

2135 3669 2374 3725 ὁδεῦσαι.
2412 3671 2521 3723 Καὶ
2552 3671 2615 3741 δὴ
2651 3670 2750 3741 τὴν
2781 3670 3021 3741 Κορυφὼ
3055 3669 3297 3734 διελθὼν,
3343 3672 3435 3722 καὶ
3471 3670 3611 3738 πρὸς
3660 3670 3720 3722 τὸ

2134 3763 2438 3834 Δυρράχιον
2471 3761 2794 3825 ἀποκλίνας,
2835 3763 2975 3816 κατὰ
3017 3762 3077 3814 τὸ
3107 3763 3450 3832 ἀκρωτήριον
3500 3759 3720 3814 111(30-

2133 3869 2254 3908 σαν
2306 3853 2416 3924 (Si)
2478 3855 2832 3923 καλούμενον.
2903 3855 3147 3922 μεγῖστῳ
3220 3853 3449 3906 κλύδωνι
3511 3853 3722 3922 αἴφνης

2138 3945 2574 4016 περιπεπτώκει.
2607 3947 2842 4014 Νιφετὸς
2882 3947 2989 4016 γὰρ
3021 3945 3186 4009 πολὺς
3243 3946 3338 3999 καὶ
3369 3946 3560 4015 ἄνεμοι
3608 3946 3722 3997 τῶν

2135 4038 2278 4108 ὀρῶν
2313 4037 2624 4108 κινηθέντες
2660 4038 2758 4109 τὴν
2790 4037 3061 4091 θάλατταν
3090 4038 3335 4108 σφοδρῶς
3375 4039 3719 4107 συνετάρατσ

2137 4149 2252 4185 τον.
2284 4128 2593 4184 Κάντεύθεν
2639 4130 2893 4200 ἡγείρετό
2936 4147 2994 4182 τε
3039 4129 3108 4184 τὰ
3157 4127 3378 4201 κύματα
3429 4132 3519 4182 καί
3568 4133 3725 4181 ἐπι-ιο

1491 4316 1691 4379 νοτία)
1726 4316 2033 4378 lectiones
2067 4331 2144 4377 ex
2169 4313 2309 4377 cod.
2350 4311 2616 4375 Coislin.

524 4459 640 4491 ³⁹·⁶⁶
667 4461 1085 4531 Λογγιεαρδίας.
1162 4466 1203 4498 ⁶¹
1227 4463 1576 4534 Βροντησίου.

1658 4464 1779 4497 ⁶¹·⁹³
1804 4465 1979 4518 πάντα
2009 4465 2132 4537 ἤδη.

2212 4464 2254 4495 ιι
2282 4461 2496 4534 ἀταξίᾳ.
2573 4464 2618 4496 ⁵³
2640 4461 2820 4530 Deest,
2855 4470 2910 4517 et
2929 4470 3098 4529 recte,
3124 4462 3315 4517 vocula
3342 4463 3419 4518 ὲν.

1551 4611 1691 4672 Car.
1730 4606 2075 4670 Dufresnii-
2104 4611 2202 4671 Du
2233 4609 2457 4690 Cangii
2492 4617 2678 4671 notae.

526 4733 637 4802 (5t)
684 4735 948 4802 Ῥογέρῃ.
1002 4733 1322 4799 Ordericns,
1366 4737 1458 4791 lib.
1489 4753 1561 4790 vn
1589 4752 1602 4788 :
1637 4735 1890 4805 Rogerius
1921 4753 2020 4790 au-
2054 4740 2096 4795 D
2129 4754 2230 4791 non
2261 4737 2562 4791 excellentis
2585 4775 2599 4800 ,
2632 4735 2722 4791 sed
2750 4734 2979 4788 molliter
3011 4733 3072 4805 in
3099 4731 3313 4800 planum
3345 4734 3547 4790 devexi.
3588 4736 3714 4802 Quo

454 4815 554 4860 tem
586 4806 756 4869 frater
781 4806 895 4874 ejus
925 4805 1630 4876 (Boemundi)coguomento
1655 4807 2022 4873 Bursa,jttssu

451 4886 622 4942 patris
656 4878 708 4929 in
743 4877 933 4940 Apulia
987 4887 1335 4941 remanserat,
1406 4887 1454 4929 et
1505 4878 1756 4930 ducatum
1804 4878 1905 4931 sibi
1959 4895 2023 4929 es:

451 4947 759 5000 Im'redt'tate
795 4947 982 5000 matris
1034 4946 1264 5000 debitum
1301 4946 1650 5001 custodiebat.
1688 4946 1822 5003 Vide
1857 4946 2023 5001 Mala-

452 5025 584 5072 terr.
620 5017 692 5069 lih
745 5034 824 5078 ιιι.
851 5033 972 5084 cap.
1007 5015 1094 5070 50.

525 5087 637 5153 (5‘2)
699 5087 1054 5157 Βο¹¹ρεντοῦ.
1132 5085 1239 5140 Seu
1298 5087 1629 5153 Βουθροτοῦ.
1694 5087 2015 5143 Buthrotum

450 5159 712 5224 oppidum
745 5167 828 5213 est
870 5158 920 5210 itt
966 5157 1246 5226 Epirota
1283 5173 1392 5224 quo
1425 5157 1742 5226 Βουθρότων
1796 5159 2016 5222 κόλπος.

454 5226 866 5294 Expeditionem
917 5227 1076 5296 istam
1137 5225 1411 5281 Wiscardi
1487 5225 1733 5296 pluribus
1785 5243 2023 5283 commc-

453 5306 629 5350 morat
651 5296 733 5350 Gn
760 5297 974 5351 llelmtts
1012 5294 1172 5365 Apul.
1208 5297 1302 5350 lib.
1330 5313 1402 5360 tv,
1436 5294 1498 5350 es
1525 5313 1633 5363 quo
1664 5313 2024 5366 excerpemtts

451 5367 543 5422 illa
577 5366 958 5420 tantummodo
999 5382 1118 5426 qua:
1149 5367 1214 5419 ad
1261 5366 1643 5422 illustrandum
1685 5367 1897 5421 Annam
1944 5369 2023 5421 vi-

450 5438 650 5491 dentur
682 5435 951 5506 conferre.
985 5436 1120 5490 Vide
1138 5434 1332 5506 Notata
1367 5437 1432 5490 ad
1461 5452 1584 5506 pag.
1617 5438 1739 5493 159.

526 5507 635 5579 (53)
670 5504 1139 5579 ﬂpospﬂdqartoc
1169 5504 1613 5579 περάοζαιζνὶὶιθ
1657 5523 1823 5579 supra
1860 5523 1912 5578 p.
1933 5508 2024 5570 5.5.

450 5585 506 5632 et
543 5577 907 5645 Malaterratn,
946 5575 1038 5630 lib.
1071 5592 1152 5639 ttt,
1194 5591 1320 5645 cap.
1349 5577 1439 5632 24.

525 5647 638 5714 (δι)
680 5643 1002 5717 Γειῶσςαν.
1053 5643 1494 5717 Promontorium
1548 5647 1686 5702 forte
1742 5648 2032 5717 Dyrrachio

454 5733 620 5773 num.
653 5717 812 5768 hodie
849 5714 992 5786 Cape
1030 5717 1085 5768 di
1127 5715 1396 5786 Dur-assa,
1441 5718 1548 5772 nisi
1593 5714 1899 5786 proximum
1944 5718 2031 5769 in-

450 5788 684 5844 teltiaat.
734 5783 880 5851 quod
925 5792 1070 5853 Lupo
1106 5786 1168 5839 de
1202 5785 1404 5841 Κρείοιιὶ
1434 5787 1487 5841 in
1516 5783 1707 5842 charta
1767 5785 2030 5851 Sophiani

453 5866 825 5926 nuncupatur.
860 5855 1041 5920 Festo,
1084 5854 1292 5926 Lingua
1345 5865 1422 5913 est
1461 5857 1810 5928 promunturii
1845 5874 2030 5928 genus,

2129 4809 2346 4876 quidem
2383 4809 2646 4862 vocabulo
2698 4822 2802 4858 non
2853 4803 3021 4876 semel
3062 4802 3160 4876 hac
3213 4813 3441 4859 utuntur
3479 4809 3710 4860 notione

2131 4873 2448 4942 scriptores,
2490 4876 2759 4930 Pacuvius
2790 4874 2928 4944 apud
2957 4873 3224 4944 Agellittm
3253 4914 3268 4937 ,
3321 4876 3355 4928 Ι.
3397 4893 3468 4934 tv.
3519 4892 3567 4930 c.
3608 4878 3709 4936 l7:

2131 4941 2342 5007 Livius.
2377 4948 2472 5000 lib.
2513 4962 2697 5001 xxxv"
2740 4957 2792 4999 et
2821 4941 2926 5008 M;
2971 4941 3029 4996 et
3069 4941 3408 5008 Ammianus,
3469 4947 3562 5002 lib.
3596 4965 3715 5004 xw.

2133 5018 2224 5072 Sic
2255 5017 2500 5089 Ovidius.
2549 5019 2640 5070 lib.
2673 5033 2766 5072 xut
2814 5014 3169 5080 llletamorplt.
3209 5014 3311 5066 tria
3349 5017 3547 5071 Sicilim
3578 5034 3716 5089 pro-

2131 5089 2403 5142 tuontoria
2436 5088 2668 5158 Liuguas
2698 5096 2852 5142 vocat
2881 5103 2895 5140 :

2205 5203 2392 5258 Tribus
2425 5203 2536 5256 Ita'c
2565 5206 2796 5258 excurrit
2835 5205 2887 5258 in
2913 5220 3127 5274 (equom
3182 5204 3399 5274 linguis.

2131 5295 2240 5350 Nec
2296 5297 2399 5349 alia
2461 5294 2710 5350 fortassis
2770 5299 2983 5351 ratione
3015 5295 3196 5352 insula
3228 5312 3350 5365 qum
3395 5295 3619 5350 Catanes
3657 5299 3713 5350 in

2137 5365 2324 5420 Sicilia
2393 5367 2628 5434 adjacet,
2697 5365 2908 5435 Lingua:
2974 5383 3170 5421 nomen
3230 5367 3487 5429 obtinuit,
3558 5368 3712 5434 apud

2135 5435 2458 5490 Blaudimtm
2496 5438 2817 5506 monachum
2849 5439 2904 5491 in
2938 5436 3189 5493 Miracul.
3223 5435 3286 5491 S.
3320 5438 3538 5505 Agatho:
3573 5439 3711 5506 virg.

2131 5516 2180 5560 et
2217 5521 2440 5576 martyr.
2459 5522 2577 5572 cap.
2599 5505 2668 5566 2;
2703 5504 2919 5576 Ligulas
2957 5517 3112 5561 vocat
3149 5504 3470 5576 appellative
3498 5504 3712 5570 Caesar,

2128 5575 2223 5629 lib.
2264 5592 2319 5646 ιιι
2349 5577 2422 5629 De
2451 5577 2581 5629 bello
2625 5575 2782 5632 Gall.’
2810 5577 3126 5646 huiusmodi
3160 5575 3274 5632 luca
3308 5578 3634 5646 ittﬂlongutn
3680 5594 3710 5631 a

2128 5645 2444 5700 continente
2493 5648 2544 5698 in
2597 5661 2746 5700 mare
2796 5644 3149 5714 exporrecta;
3184 5656 3242 5702 ut
3280 5657 3331 5700 et
3357 5644 3545 5700 Victor
3590 5644 3716 5700 Uti-

2128 5716 2332 5778 censis,
2366 5715 2458 5767 ιιι).
2486 5733 2499 5768 ι
2538 5714 2609 5768 De
2631 5727 2886 5783 persecat.
2922 5716 3148 5770 Vamlal.
3177 5733 3196 5772 :
3233 5716 3362 5769 Dum
3390 5718 3456 5770 ad
3487 5715 3712 5771 Massa-

2131 5785 2359 5860 litanum
2377 5783 2539 5860 littus
2572 5787 2761 5860 egisset
2787 5787 2976 5860 ,_quod
3005 5786 3208 5860 Ligula
3235 5787 3372 5860 vulgi
3419 5803 3614 5842 consue
3643 5805 3708 5841 u-

2131 5856 2253 5908 dt'ue
2279 5855 2555 5910 vocitatur.
2593 5855 2723 5912 Vide
2750 5855 2914 5927 infra,
2955 5855 3084 5928 pag:
3114 5857 3238 5913 569.
