3934 6578
470 396 577 462 327

1768 398 1994 459 ANNIE
2030 395 2412 456 COMNEN/E

3624 398 3729 461 328

458 525 585 568 cum
637 510 985 582 equestribus
1034 509 1490 578 pedestribusque
1534 510 1705 580 copiis
1749 523 2031 563 numerum

2144 507 2313 579 μηνὸς
2347 506 2483 577 (61),
2517 505 2616 575 τῆς
2639 505 2909 577 τετάρτης
2966 508 3377 579 ἐπενεμήσεως,
3448 511 3571 575 μεθ’
3633 516 3724 564 ἱπ-

459 602 893 664 excedentibus;
932 601 1233 668 iisdemque
1294 599 1626 668 peritissime
1677 615 1742 653 ex
1787 598 2040 652 militaris

459 691 593 746 artis
631 689 915 757 disciplina
956 689 1185 741 structis
1230 684 1634 754 ordinatisque.
1692 685 1745 739 in
1796 687 2037 755 speciem

458 784 618 853 plane
641 780 956 833 terribilem.
990 776 1108 831 Jam
1133 778 1274 831 enim
1299 786 1419 845 post
1439 777 1778 846 naufragium
1798 778 1944 830 omni
1973 792 2039 831 ex

460 885 612 947 parte
628 872 799 927 coacti
819 870 1020 925 milites
1056 870 1210 939 103
1236 886 1340 922 una
1374 870 1426 922 in
1447 877 1623 923 castra
1647 876 2037 925 convmerant.

457 971 499 1019 A
529 967 663 1018 mari
714 978 842 1017 vero
873 964 1092 1016 navium
1127 964 1306 1016 omnis
1348 963 1563 1031 generis
1610 977 1673 1014 ac
1723 963 1909 1013 fortnas
1957 961 2040 1013 in-

456 1074 586 1129 gens
632 1072 918 1122 numerus,
968 1058 1130 1109 alium
1168 1057 1481 1109 habentium
1514 1054 1817 1108 exercitum
1848 1054 2037 1105 lectis-

456 1152 721 1205 simorum
750 1149 1011 1219 juvenum
1042 1148 1247 1201 navalis
1282 1149 1487 1201 militias
1521 1147 1842 1215 peritorum,
1876 1144 2037 1198 scdu-

458 1245 509 1297 lo
550 1252 836 1297 nautarum
878 1241 1361 1295 innumerabilium
1412 1240 1719 1293 ministerio
1752 1240 2031 1307 agebatur.

455 1337 531 1389 Ita
583 1341 641 1388 ut
704 1335 795 1403 qui
855 1332 1250 1402 Dyrrhachium
1302 1331 1621 1387 obtinebant
1688 1330 2032 1400 praesidiarii,

457 1444 579 1482 cum
606 1442 663 1482 se
686 1436 835 1480 tanta
872 1427 1009 1479 molc
1036 1441 1097 1478 ac
1129 1436 1323 1478 conatu
1360 1427 1464 1494 peti
1496 1424 1732 1492 undique
1767 1422 2032 1488 viderent,

458 1521 699 1575 terriﬁco
751 1518 1060 1589 spectaculo
1109 1526 1184 1570 tot
1238 1519 1479 1576 navium,
1523 1517 2032 1585 machinarumque,

2150 596 2295 649 πίων
2326 598 2421 648 καὶ
2452 596 2636 659 πεζῶν
2666 597 2953 666 δυνάμεων
2983 597 3214 667 ἀριθμὸν
3277 600 3733 669 ὑπερϐαινουσῶν

2148 689 2240 741 καὶ
2264 686 2495 757 φοϐερὸν
2526 687 2653 740 ἰδεῖν
2686 688 2791 739 ἀπό
2829 705 2888 739 τε
2939 687 3036 741 τοῦ
3073 692 3359 759 σχήματος
3404 695 3510 746 ἀπό
3539 712 3597 747 τε
3631 696 3733 765 τῆς

2148 780 2520 847 στρατηγικῆς
2551 780 2953 839 καταστάσεως·
2978 781 3076 847 ήδη
3102 783 3209 847 γὰρ
3242 783 3616 855 ἁπανταχόθεν
3642 786 3735 840 αὖα

2148 871 2228 931 θις
2246 870 2599 938 συνήθροιστο
2613 870 2949 940 στράτευμα,
2972 874 3027 922 ἐν
3046 870 3100 922 δὲ
3127 876 3190 942 τῇ
3215 871 3449 942 θαλάττῃ
3475 881 3732 928 παντοῖον

2146 958 2283 1023 εἶδος
2304 963 2504 1014 πλοίων
2544 965 2663 1029 μεθ’
2686 964 2886 1032 ἐτέρων
2908 966 3256 1032 στρατιωτῶν
3282 969 3575 1036 ἐμπειρίαν
3602 971 3733 1020 πολ-

2146 1054 2245 1125 λὴν
2261 1055 2354 1107 τοῦ
2386 1055 2472 1107 διὰ
2504 1056 2775 1125 θαλάττης
2794 1056 2837 1086 ⁷⁷
2859 1056 3094 1125 πολέμου
3120 1059 3374 1126 ἑχόντων,
3395 1064 3457 1112 τὸ
3474 1062 3731 1114 ναυτικὸν

2147 1146 2311 1200 αὐτοῦ
2344 1147 2678 1210 διεπλοῖζετο
2705 1148 2773 1200 ⁷⁸.
2819 1148 3363 1217 Περιστοιχισθέντες
3421 1154 3465 1184 ⁷³
3529 1148 3627 1204 οὖν
3679 1154 3730 1204 οἱ

2145 1237 2241 1289 τοῦ
2276 1239 2584 1308 Δυρραχίου
2615 1237 2765 1300 ἐντὸς
2802 1239 2859 1302 ἐξ
2886 1240 3148 1307 ἐκατέρου
3185 1240 3411 1309 μέρους,
3448 1238 3729 1312 θαλάττης

2145 1329 2292 1398 φημὶ
2352 1332 2445 1380 καὶ
2499 1330 2756 1397 ἠπείρων,
2809 1332 2903 1383 καὶ
2957 1331 3388 1402 ἁπειροπληθείς
3470 1338 3568 1397 τὰς
3628 1336 3727 1389 τοῦ

2158 1420 2501 1491 Ῥομπὲρτου
2554 1422 2791 1490 ὁρῶντες
2865 1422 3127 1491 δυνάμεις
3188 1424 3283 1476 καὶ
3334 1426 3508 1478 πάντα
3563 1428 3728 1495 λόγον

2142 1512 2614 1581 ὑπερόαινούσας,
2651 1513 2893 1582 μεγίστῳ
2937 1515 3044 1567 δέει
3077 1516 3388 1585 συνείχοντο
3474 1518 3530 1571 Ὀ
3562 1518 3620 1570 δέ
3664 1536 3729 1585 γε

457 1611 912 1679 multitudineque
946 1609 1250 1663 incredibili
1305 1608 1585 1661 hominum
1638 1608 1780 1660 haud
1842 1622 2031 1675 parum

2147 1604 2510 1672 Παλαιολόγος
2536 1604 2841 1674 Γεωργιος,
2867 1609 3114 1673 γενναῖος
3149 1605 3224 1659 ὢν
3258 1608 3393 1678 ἀνὴρ
3429 1611 3521 1663 καὶ
3556 1628 3731 1679 στραο

456 1702 939 1756 co.:turbarcntur.
974 1698 1117 1751 Nihil
1150 1712 1327 1752 tamen
1376 1701 1478 1752 ista
1512 1699 1803 1751 movebant
1832 1698 2033 1752 [)3le-

454 1795 633 1863 logum
690 1793 1006 1862 Georgium,
1062 1793 1237 1845 virmn
1292 1791 1678 1856 fortissimum,
1714 1802 1769 1847 et
1825 1793 2033 1847 bellicis

452 1887 578 1940 olim
629 1886 774 1939 curis
819 1898 883 1937 ac
928 1883 1189 1953 periculis
1240 1887 1536 1937 exercitum
1576 1900 1588 1935 :

454 1980 607 2044 l0nga
641 1978 694 2029 in
747 1974 966 2029 Oriente
1003 1974 1219 2040 militia,
1275 1974 1579 2044 saepissime
1620 1989 1742 2027 cum
1787 1973 2037 2027 hostibus

452 2084 671 2123 manum
698 2068 957 2135 conserit,
982 2084 1080 2121 nec
1104 2069 1283 2122 minus
1306 2082 1448 2138 saepe
1493 2068 1680 2132 vincit,
1727 2066 1894 2120 decus
1923 2082 2037 2120 me-

455 2168 636 2215 ruerat
664 2163 967 2228 palmarum
1014 2160 1393 2229 plurimarum.
1430 2158 1527 2212 llic
1559 2167 1670 2213 tum
1723 2174 1833 2213 suae
1864 2160 2036 2211 virtu-

452 2251 522 2305 tis
567 2251 793 2306 scientia
852 2265 1101 2315 securus,
1154 2262 1300 2305 totus
1332 2260 1448 2305 erat
1508 2252 1559 2303 in
1610 2248 2031 2305 communienda

449 2343 701 2397 civitate:
752 2360 849 2397 nec
906 2344 1108 2397 oblitus
1140 2344 1268 2412 quid
1300 2344 1350 2395 in
1385 2359 1449 2396 eo
1480 2357 1676 2410 genere
1730 2342 1834 2396 sibi
1884 2351 2027 2396 esset

450 2436 519 2489 ab
550 2436 875 2504 imperatore
903 2437 1313 2503 demandatum,
1346 2436 1748 2504 propugnacula
1790 2448 1895 2486 non
1927 2439 2025 2487 dco

450 2528 632 2580 vincta
665 2527 852 2591 cla\is,
883 2528 979 2580 sed
1012 2544 1129 2595 qua-
1162 2526 1392 2593 impulsu
1427 2525 1597 2578 evolvi
1634 2528 1686 2578 in
1723 2526 2026 2579 ascenden-

450 2626 532 2673 tes
555 2628 776 2685 possent
826 2620 1070 2688 erigebat
1110 2618 1386 2687 undique:
1435 2617 1679 2672 ballistas
1710 2619 1932 2686 insuper
1972 2627 2025 2672 et

452 2712 502 2765 id
530 2715 701 2779 genus
746 2711 985 2764 murales
1037 2711 1317 2763 machinas
1368 2724 1497 2762 saxa
1539 2708 1872 2775 ejaeulantes
1928 2723 2021 2777 per

2101 2709 2361 2762 mtenium
2434 2722 2694 2761 coronam
2750 2708 2914 2761 certis
2972 2707 3268 2763 intervallis

2146 1697 2381 1765 τηγικὴν
2410 1700 2590 1749 πᾶσαν
2648 1698 3047 1765 ἐξησκημένος,
3079 1699 3309 1767 μυρίους
3337 1701 3391 1752 δὲ
3446 1702 3728 1771 πολέμους

2144 1790 2555 1858 ἀγωνισάμενος
2587 1788 2792 1839 καταδθ
2823 1788 2920 1857 τὴν
2955 1788 3094 1854 "Eoi,
3131 1794 3221 1840 καὶ
3252 1792 3475 1860 νικητὴς
3508 1792 3730 1844 ἀναδει-

1640 1885 1841 1953 quique
1905 1884 2031 1937 dum
2074 1880 2307 1950 Ιὶχθεὶς,
2350 1880 2774 1948 ἀκατάπληκτος
2843 1879 2938 1944 ὢν,
2995 1883 3092 1949 τὴν
3164 1882 3316 1933 πόλιν
3368 1884 3725 1953 κατωχὺρου,

2138 1975 2236 2034 τάς
2267 1989 2325 2024 τε
2375 1972 2627 2036 ἐπάλξεις
2672 1973 3123 2038 κατασκευάζων,
3162 1975 3303 2027 κατὰ
3360 1975 3458 2037 τὰς
3512 1976 3728 2045 intoth

2142 2068 2383 2137 μοσύνας
2424 2067 2519 2117 τοῦ
2575 2066 2997 2136 αὐτοκράτορος,
3037 2070 3127 2119 καὶ
3153 2066 3447 2130 λιζοῖέόλοις
3474 2070 3540 2119 τὰ
3564 2072 3723 2138 τείχη

2138 2157 2509 2209 καταπυκνῶν
2535 2156 2919 2226 μηχανήμασι,
2963 2158 3092 2218 τούς
3123 2175 3179 2208 τε
3233 2159 3724 2220 ὰναπεπτωκότας

2134 2250 2245 2302 τῶν
2278 2250 2625 2317 στρατιωτῶν
2655 2247 3065 2321 ἀνακτώμενος,
3089 2251 3181 2300 καὶ
3225 2252 3463 2313 σκοποὺς
3496 2251 3564 2304 δι’
3589 2253 3722 2303 ὄὶου

2138 2342 2501 2409 καταστήσας
2535 2339 2631 2391 τοῦ
2661 2340 2893 2408 τείχους.
2930 2341 3039 2392 Καὶ
3076 2342 3231 2402 αὑτὲς
3250 2340 3312 2410 δὴ
3337 2341 3725 2411 περιπολεύων

2135 2434 2222 2485 διὰ,
2252 2435 2430 2503 πάσης
2456 2434 2646 2494 νυκτὸς
2679 2435 2772 2485 καὶ
2812 2434 3027 2503 ἡμέρας
3054 2436 3426 2505 ἐπαγρυπνεῖν
3455 2436 3576 2497 τοὺς
3614 2452 3723 2503 qu-

2136 2529 2438 2591 λάσσοντας
2472 2528 2897 2596 παρεκελεύετο.

3364 2711 3725 2779 disponebat-

448 2804 591 2872 Quin
638 2803 800 2857 etiam
855 2803 898 2856 si
957 2818 1096 2871 quos
1148 2816 1291 2857 metu
1332 2806 1612 2873 perculsos
1673 2822 1735 2859 ac
1816 2814 2089 2875 torpentes
2129 2816 2399 2871 cerneret,
2455 2806 2699 2875 erigebat
2744 2807 2925 2863 verbis
2975 2808 3289 2875 generosis,
3337 2819 3391 2863 et
3430 2826 3495 2863 ex
3534 2810 3725 2863 abun-

447 2906 631 2960 dantia
677 2900 904 2972 propriae
950 2899 1288 2956 fortitudinis
1333 2903 1398 2954 ad
1459 2904 1777 2971 ignavorum
1838 2905 2336 2958 corroborationem
2364 2904 2699 2957 conferebat.
2771 2903 2912 2958 Nihil
2970 2904 3191 2960 aliunde
3260 2907 3536 2961 cautionis
3620 2914 3722 2961 ant

449 2996 739 3067 diligentiae
770 2994 862 3048 tali
893 2997 1125 3064 tempori
1169 3009 1411 3065 congrue
1464 2995 1740 3049 omittens.
1790 2996 1923 3049 Nam
1977 3008 2029 3052 et
2068 2996 2441 3068 speculatores
2480 3011 2575 3067 per
2608 3013 2822 3052 murum
2860 3000 2966 3053 late
3030 3014 3247 3053 omnem
3298 2998 3533 3053 habebat
3602 3002 3730 3055 dis-

450 3094 699 3168 positos:
737 3100 791 3146 et
823 3091 938 3160 ipse
986 3106 1267 3146 murorum
1337 3092 1602 3147 ambitum
1651 3097 2026 3164 stationesque
2065 3097 2331 3151 militares
2364 3105 2528 3150 noctu
2560 3095 2906 3165 interdiuque
2949 3094 3147 3164 saepius
3211 3095 3424 3157 obiens,
3484 3093 3730 3163 vigilare

452 3198 899 3253 unumquemque
950 3194 1112 3254 atque
1147 3185 1203 3237 in
1238 3188 1696 3255 propugnationis
1738 3189 1919 3244 olliciu
1949 3190 2174 3256 Jubrbat
2201 3204 2345 3245 esse.

524 3282 600 3335 Eo
634 3280 795 3334 etiam
824 3287 1065 3347 tempore
1089 3280 1362 3349 expedivit
1386 3282 1450 3334 ad
1483 3283 1863 3348 imperatorem
1897 3301 2031 3340 nun-

2207 3284 2523 3358 Τηνικαῦτα
2549 3284 2604 3336 δὲ
2640 3282 2733 3336 καὶ
2754 3282 2841 3336 διὰ
2889 3282 3237 3351 γραμμάτων
3281 3280 3393 3351 (02)
3467 3282 3574 3350 τὴν
3626 3279 3729 3333 τοῦ

452 3375 558 3429 tios
589 3388 710 3427 cum
760 3370 962 3427 litteris
994 3372 1357 3441 irruptionem
1384 3371 1627 3441 Roberti,
1684 3378 2029 3448 consiliaque

454 3462 595 3532 ejus,
631 3470 685 3515 et
711 3463 869 3530 plane
897 3462 1174 3515 decretam
1212 3462 1312 3532 ipsi
1338 3468 1792 3533 expugnationem
1838 3468 2034 3538 Dyrra-

452 3557 559 3610 chii
598 3555 1014 3620 nuntiantibus;
1059 3554 1168 3621 jam
1203 3557 1346 3609 enim
1382 3571 1488 3610 non
1528 3562 1643 3626 ipse
1697 3560 1869 3629 magis
1899 3574 2036 3628 prte-

452 3648 576 3702 sidii
618 3647 933 3709 l'rtel'cctus,
967 3662 1129 3715 quam
1157 3646 1387 3701 militum
1415 3650 1646 3718 quisque
1682 3652 2025 3705 intellexerat

454 3746 572 3792 tum
600 3754 661 3791 ex
699 3739 789 3791 illa
815 3738 930 3806 ipsa
958 3745 1067 3791 tam
1096 3738 1447 3793 formidolosa
1473 3756 1814 3811 Operosaque
1846 3743 2033 3812 specie

458 3843 523 3882 ac
563 3828 704 3881 mole
744 3828 1142 3890 machinarum,
1190 3829 1488 3897 prtescrtim
1533 3831 1703 3884 turris
1742 3831 1937 3899 igentis
1970 3832 2037 3885 li—

458 3937 607 3991 gnea:
662 3922 795 3990 ipsis
864 3920 1144 3989 Dyrrachii
1206 3922 1378 3974 muris
1454 3920 1689 3983 altioris,
1765 3932 2034 3977 tormenta

460 4014 651 4067 bellica
682 4024 734 4065 et
781 4012 1030 4067 ballistas
1066 4012 1215 4067 saxis
1248 4012 1524 4081 iactandis
1578 4013 1633 4065 in
1687 4011 1905 4082 l‘aStigio
1944 4015 2037 4068 ha-

461 4109 674 4174 bentis;
709 4119 822 4162 tum
858 4123 924 4162 ex
960 4117 1067 4161 tam
1097 4107 1340 4162 studiose
1374 4106 1617 4175 undique
1640 4106 1895 4162 conclusa
1930 4110 2031 4162 cir-

457 4200 871 4256 cumvallatione
902 4200 1139 4254 civitatis
1174 4198 1484 4268 amuxuque
1514 4200 1775 4253 continuo
1804 4200 2034 4255 auxilia-

462 4293 601 4346 rium
633 4309 699 4347 οι
738 4294 888 4346 omni
938 4300 1092 4361 parte
1143 4291 1446 4361 copiarum,
1507 4293 1571 4345 ad
1631 4293 1779 4347 illam
1840 4294 2036 4349 indies

460 4387 777 4440 arctandam
832 4385 1344 4451 admovendamque
1380 4386 1589 4454 magis:
1646 4395 1926 4455 postremo
1968 4403 2034 4442 ex

456 4493 524 4532 eo
572 4476 719 4546 quod
754 4476 1261 4530 animadvertebant
1292 4492 1357 4531 ex
1407 4478 1632 4531 vastatis
1678 4479 1857 4531 obiter
1889 4478 2035 4532 urbi-

458 4571 559 4624 lms
593 4585 654 4624 ac
707 4570 840 4623 vicis
895 4570 1325 4639 circumpositis,
1384 4570 1716 4637 comportari
1749 4585 1809 4624 ea
1842 4570 2032 4626 sedulo

2153 3376 2493 3445 Ῥομπέρτου
2541 3372 2729 3441 ἔφοδον
2768 3371 2962 3442 ἐδήλου
2989 3372 3065 3440 τῷ
3098 3370 3488 3439 αὐτοκράτορι,
3523 3371 3621 3421 καὶ
3642 3372 3730 3421 ὅτι

2135 3469 2236 3540 τὴν
2269 3468 2424 3520 πόλιν
2448 3466 2827 3536 πολιορκήσων
2873 3466 2929 3517 τὸ
2990 3465 3293 3535 Δυρράχιον
3353 3465 3728 3531 παρεγένετο.

2136 3562 2199 3613 Οἱ
2229 3560 2285 3612 δὲ
2302 3559 2733 3628 ἐντὸς,ὀριῖ)ντες
2757 3558 2855 3619 τὰς
2906 3556 3104 3623 ἔξωθεν
3141 3556 3414 3617 ἑλεπόλεις
3465 3560 3564 3607 καὶ
3631 3556 3731 3606 τὸν

2139 3649 2670 3704 κατασκευασθέντα
2703 3647 3060 3716 ὑπερμεγέθη
3090 3648 3296 3716 μόσυνα
3320 3646 3430 3715 (65)
3468 3646 3732 3713 ὑπεραν-

2136 3726 2406 3810 εστηκότα
2447 3740 2543 3792 καὶ
2609 3739 2789 3791 αὐτῶν
2819 3738 2926 3790 τῶν
2945 3738 3040 3790 τοῦ
3088 3738 3131 3767 ⁸³
3155 3738 3459 3809 Δυρραχίου
3489 3736 3727 3803 τειχῶν,

2139 3832 2368 3902 βύρσαις
2396 3849 2456 3885 τε
2480 3831 2823 3901 πανταχόθεν
2848 3832 2893 3863 ³¹
2926 3835 3473 3901 περιπεφραγμένον,
3514 3831 3617 3882 καὶ
3652 3832 3728 3881 τὰ

2137 3926 2385 3979 λιθοϐόλα
2418 3927 2791 3996 μηχανήματα
2818 3925 2963 3977 κατὰ
2993 3924 3241 3994 κορυφὴν
3318 3924 3509 3976 τούτου
3553 3926 3692 3978 ἱστὰ
3720 3959 3728 3967 ο

2141 4033 2300 4085 μενα,
2325 4016 2424 4087 τήν
2472 4032 2530 4068 τε
2572 4017 2752 4068 πᾶσαν
2786 4014 3082 4084 περιϐολὴν
3107 4014 3214 4066 τῶν
3278 4014 3473 4084 τειχῶν
3508 4014 3730 4081 ἔξωθεν

2137 4107 2230 4161 τοῦ
2285 4107 2653 4178 στρατοπέδου
2686 4107 3140 4176 περιξωσθείσαν,
3172 4107 3266 4160 καὶ
3300 4108 3425 4169 τοὺς
3462 4109 3729 4162 ἅπαντα·

2137 4202 2294 4271 χόθεν
2358 4202 2700 4272 συρρέοντας
2764 4201 3089 4269 συμμάχους
3122 4200 3261 4269 πρὸς
3292 4200 3383 4253 τὸν
3424 4198 3727 4273 Ῥομτιέρο

2137 4310 2252 4359 τον,
2284 4294 2380 4346 καὶ
2432 4295 2532 4355 τὰς
2584 4292 3003 4361 παρακειμένας
3062 4291 3247 4354 πόλεις
3294 4292 3353 4355 ἐξ
3401 4293 3731 4365 ἐπιδρομῆς

2139 4383 2515 4453 πορθουμένας
2570 4383 2639 4449 ⁸³,
2686 4384 2795 4437 δέει
2852 4386 3184 4453 συνείχοντο,
3249 4383 3733 4449 διαγινώσκοντες

2138 4477 2238 4547 ἥδη
2271 4475 2361 4528 τὸν
2393 4475 2596 4529 σκοπὸν
2616 4474 2711 4527 τοῦ
2729 4476 2923 4537 δουκὸς
2966 4474 3333 4546 Ῥομπὲρτου,
3362 4476 3434 4539 ὡς
3487 4477 3595 4528 οὐκ
3627 4480 3730 4529 ἐπὶ

2138 4568 2214 4636 τῷ
2242 4566 2423 4632 πόλεις
2453 4568 2545 4620 καὶ
2568 4567 2753 4638 χώρας
2786 4567 3103 4639 δῃώσασθαι
3157 4570 3251 4621 καὶ
3306 4568 3452 4622 λείαν
3507 4570 3730 4641 πολλὴν

459 4678 581 4733 qua:
611 4663 676 4717 ad
725 4678 886 4718 usum
919 4662 1390 4718 tabernaculorum
1425 4666 1785 4718 castrensium
1810 4672 1862 4718 ct
1896 4663 2031 4717 mili-

2143 4662 2203 4711 ἐκ
2225 4658 2428 4711 τούτων
2462 4661 2961 4731 συγκομισάμενος,
3004 4656 3159 4723 αὖθις
3226 4663 3305 4723 εἰς
3374 4661 3729 4731 Ἀπουληῖαν

1456 4806 1655 4867 Varias
1696 4805 2004 4867 lectiones
2032 4820 2110 4865 ex
2144 4804 2287 4865 cod.
2319 4803 2589 4865 Coislin.

560 4908 603 4937 '”
626 4906 922 4974 θαλάσσης.
1018 4905 1061 4936 ⁷⁸
1092 4904 1461 4967 διεπλωῒζετο.

1565 4907 1609 4936 τ’
1640 4906 2165 4975 περιστοιχίσαντες.

2272 4905 2316 4935 ⁸ο
2350 4907 2498 4975 περί.
2595 4906 2637 4939 ⁸¹
2679 4906 2839 4962 Deest
2878 4907 3070 4962 vocula
3114 4910 3229 4961 τοῦ.
3333 4909 3727 4979 ⁸²πανταχ(.ὖ.

461 4979 507 5009 ⁸³
544 4979 935 5047 πορθουμένας,
970 4977 1063 5027 καὶ
1096 4977 1193 5038 τὰς
1219 4976 1455 5037 καλύϐας
1487 4977 1695 5027 ἐκεῖθεν
1751 4976 2393 5044 πολλαπλασιαζομένας.

1535 5093 1674 5153 Car.
1711 5092 2030 5154 Dufresnii
2066 5096 2158 5153 Du
2185 5091 2403 5170 Cangii
2445 5099 2633 5154 notua.

537 5197 647 5266 (Gl)
693 5196 949 5250 Ἰουνίου
966 5196 1177 5263 μηνός.
1212 5194 1637 5257 0rdericus,lib.
1670 5211 1745 5266 vn
1782 5214 1795 5249 :
1826 5196 2021 5248 Deinde

462 5265 726 5336 praspcris
751 5268 915 5319 ventis
946 5267 1323 5328 aspirantibus,
1356 5282 1447 5332 per
1484 5283 1628 5319 mare
1656 5265 1888 5334 091·αεὶο
1928 5282 2028 5333 ap-

466 5339 675 5406 plicuit,
708 5348 765 5406 _et
824 5337 1098 5401 oppidanis
1150 5337 1370 5389 uiriliter
1429 5337 1757 5389 obstantibus
1810 5354 1862 5387 tn
1923 5341 2026 5403 [ine

465 5404 657 5460 mensis
688 5404 837 5458 Junii
869 5411 1044 5456 urbem
1092 5408 1308 5475 obsedit.
1391 5406 1705 5475 Vnonymtts
1774 5406 2027 5461 Barensis

465 5495 556 5531 an.
597 5478 724 5529 1081
770 5475 871 5529 :In
904 5491 1072 5527 mense
1097 5474 1247 5528 λωιίὶ
1275 5480 1509 5539 pervenit
1545 5477 1673 5547 (dux
1736 5476 2027 5545 liobertus)

464 5564 554 5615 per
594 5563 739 5599 mare
768 5559 813 5597 et
842 5556 985 5597 terra
1007 5561 1158 5611 super
1184 5547 1467 5607 Durae/tiu,
1502 5560 1546 5598 et
1592 5550 1879 5615 congiravit
1909 5563 2025 5599 eam

463 5634 554 5685 per
582 5633 722 5669 mare
750 5628 798 5669 et
823 5631 913 5682 per
945 5628 1157 5678 terram,
1224 5620 1568 5685 pugnavitque
1612 5634 1672 5670 ea
1721 5634 1837 5671 cum
1892 5619 2027 5669 ntul-

467 5692 533 5740 tis
597 5688 875 5739 machinis.
932 5687 1127 5739 Intidtt
1191 5703 1318 5740 vero
1378 5688 1660 5741 ittdtctio4
1713 5689 1766 5742 in
1799 5688 2026 5743 amuli.

538 5826 649 5898 (6:!)
683 5828 784 5882 Διὰ
813 5830 1185 5897 γραμμάτων.
1230 5826 1539 5883 Gaul‘redus
1572 5828 1876 5897 Μαιλίου-υ,
1931 5829 2026 5885 lib.

2123 5212 2205 5259 ut,
2236 5211 2359 5264 cap.
2401 5196 2470 5248 25
2510 5214 2525 5250 :

2124 5263 2635 5333 Constantinopolim
2666 5263 2889 5319 Cartula
2919 5267 3169 5331 mittitur,

2128 5335 2318 5389 Hostes
2355 5338 2404 5388 in
2436 5338 2620 5403 prwtio
2647 5337 2832 5403 adfore
2852 5338 3066 5390 dicitur.

2132 5406 2380 5473 Ereptum
2408 5409 2617 5459 veniunt
2655 5423 2771 5459 cum
2820 5410 2986 5474 pretio
3015 5410 3288 5475 qutt'rt'tur.

2139 5476 2214 5529 Ne
2249 5477 2545 5528 subdantur
2570 5477 2828 5531 hostibus.

2207 5548 2316 5615 (65)
2382 5546 2777 5616 Ὑπερμεγέθη
2817 5547 3077 5613 μόσυνα.
3129 5547 3295 5601 Guill.
3345 5548 3731 5618 Apuliettsls:

2141 5622 2451 5685 Oppugnare
2485 5621 2653 5670 modis
2683 5619 2789 5670 dux
2830 5621 3019 5670 nititur
3050 5622 3290 5673 omnibus
3323 5628 3529 5682 urbem,

2137 5691 2306 5757 Atque
2334 5690 2498 5754 operis
2533 5690 2651 5739 miri
2677 5687 2972 5755 fabrictttur
3009 5690 3179 5757 lignea
3210 5694 3372 5743 turris
3404 5706 3423 5753 ,'

2139 5763 2291 5814 Hunc
2319 5774 2471 5826 super
2500 5768 2576 5810 est
2604 5758 2780 5825 ingens
2815 5770 2988 5811 erecta
3018 5763 3278 5827 petraria,
3310 5776 3532 5830 magna:

2139 5829 2435 5895 Projt’ciens
2461 5830 2665 5899 jactus,
2700 5838 2756 5880 ut
2789 5832 2978 5883 mantia
3010 5832 3189 5884 diruat
3219 5832 3384 5886 utbis.
