3934 6594
380 342 479 406 339
1674 345 1898 405 ANNJE
1930 346 2077 405 COM
2089 347 2305 410 NEN’JE

3530 362 3651 431 3'20

382 467 527 521 dttlis
584 477 871 533 tenebant,
921 476 974 522 et
1035 466 1123 521 alii
1182 465 1421 521 circum.
1489 472 1649 518 antea
1709 461 1951 518 Roberto

2059 460 2149 513 ἐπὶ
2178 465 2297 516 δυσὶ
2326 470 2459 536 μησὶ
2487 471 2621 539 πρὸς
2653 471 2741 527 τὸν
2773 472 2969 544 λιμένα
2993 476 3089 546 τῆς
3135 476 3343 549 Ἱεριχὼ
3377 480 3641 551 ηὐτρεπί-

382 558 700 629 vectigales,
736 569 919 630 aperte
945 559 1253 613 detrectare
1285 555 1475 610 tributi
1516 556 1950 625 pensitationem

383 654 501 708 ausi
536 653 651 721 jam
684 663 833 708 sunt.
870 650 1027 706 Unde
1057 649 1334 705 Robertus
1379 648 1490 702 cito
1530 649 1707 704 sensit
1764 648 1954 718 quattti

385 742 647 797 momenti
677 742 843 796 maris
874 742 1190 812 imperium,
1230 750 1324 795 aut
1354 743 1545 795 saltem
1602 732 1759 796 usus
1791 741 1952 805 liber,

380 834 483 902 ipsi
515 843 658 887 esset
678 831 742 885 ad
786 848 967 888 rerum
999 850 1221 888 suarum
1260 849 1363 889 non
1393 836 1568 889 solum
1603 833 1823 894 famam.
1859 826 1985 891 sed,

380 924 544 976 ctiam
576 924 828 986 salutem,
869 922 1301 996 successumque
1328 934 1631 996 ceptorutn.
1655 926 1955 982 Constituit

379 1029 512 1086 ergo
556 1027 819 1071 renovato
859 1017 1067 1087 impetu
1116 1020 1317 1073 bellum
1357 1020 1553 1073 iterum
1607 1028 1749 1075 terra
1791 1018 1955 1074 simul

379 1108 630 1178 marique
662 1124 899 1163 movere.
935 1108 1053 1163 Non
1082 1120 1262 1163 tamen
1293 1109 1462 1163 altum
1495 1110 1678 1165 statim
1727 1109 1903 1163 tenuit
1936 1126 1949 1161 :

379 1202 639 1270 quoniam
675 1203 764 1272 qtti
801 1211 928 1258 tunc
958 1220 1108 1258 mare
1138 1203 1558 1258 tenebantventi
1581 1204 1952 1269 vehementes,

378 1295 644 1349 memoria
682 1295 764 1355 illi
802 1295 1111 1352 refricanda
1141 1296 1412 1365 naufragii
1454 1297 1739 1364 praeteriti,
1776 1293 1951 1350 futuri

383 1385 612 1441 alterius
656 1399 857 1441 metum
894 1388 1264 1443 incusserant.
1300 1387 1515 1444 Duobus
1544 1388 1710 1462 igitur
1745 1390 1952 1447 mensi-

380 1480 481 1531 bus
503 1489 659 1548 pet-tu
686 1495 743 1534 se
774 1479 1046 1533 continuit
1078 1480 1227 1534 urbis
1248 1479 1487 1543 Jerit-ho,
1514 1495 1706 1552 magna
1736 1481 1950 1538 interim

380 1587 512 1625 cura
573 1588 636 1625 ae
696 1572 974 1642 diligentia
1024 1587 1083 1627 se
1130 1588 1455 1643 comparans
1508 1574 1573 1627 ad
1628 1576 1850 1639 bellum,
1894 1586 1953 1631 ut

380 1662 515 1723 dixi,
543 1658 812 1717 maritima
839 1664 1173 1733 conjunctim
1211 1666 1565 1735 terrestrique
1591 1668 1955 1736 impressione

379 1759 825 1812 instaurandum.
849 1758 1032 1813 Nihilo
1067 1774 1196 1811 vero
1231 1761 1453 1828 segnius
1484 1762 1835 1816 retnissittsve
1859 1777 1955 1831 per

2061 552 2204 620 ζετο,
2235 557 2555 631 βουλόμενος
2582 564 2690 617 ἀπό
2721 583 2776 618 τε
2808 568 2905 637 τῆς
2940 567 3204 640 θαλάττης
3239 573 3333 623 καὶ
3361 571 3456 640 τῆς
3480 572 3642 643 ἠπεί-

2062 664 2154 715 ρου
2203 650 2496 719 μάχεσθαι,
2539 656 2633 708 καὶ
2678 658 2745 710 τὰ
2786 659 2883 730 τῆς
2925 660 3105 731 μάχης
3140 660 3426 733 ἑξήρτυεν.
3484 663 3539 717 Ὀ
3581 664 3639 717 δὲ

2060 742 2242 805 στόλος
2265 743 2291 796 ὅ
2309 762 2366 796 τε
2395 746 2440 777 ⁹⁹
2469 746 2750 814 Βενετικδς
2779 750 2870 803 καὶ
2890 752 2917 805 ό
2951 753 3280 824 Ῥωμαϊκὸς,
3303 753 3378 818 ὡς
3404 754 3520 807 ἐνὸν
3545 754 3641 808 τέιν

2059 836 2304 904 πορθμὸν
2332 838 2536 907 ἐτήρει,
2568 842 2663 895 καὶ
2704 844 2941 913 ὁπηνίκα
2971 844 3165 916 μικρὸν
3187 847 3220 916 ἠ
3245 845 3491 901 Θάλασσα
3522 848 3641 909 τοῖς

2059 925 2403 998 βουλομένοις
2427 932 2579 985 πλεῖν
2602 933 2745 988 νῶτα
2776 935 2989 1007 ὑπεῖχε,
3016 936 3139 999 τοὺς
3159 937 3367 989 ἐκεῖθεν
3393 936 3527 1005 πρὸς
3543 937 3641 989 τὶν

2069 1019 2407 1095 Ῥομπέρτον
2439 1025 2847 1098 ἐπιχειροῦντας
2869 1028 3157 1101 διαπερᾷν.
3204 1031 3459 1102 ’Δπείργε
3500 1032 3559 1086 δὲ
3587 1034 3638 1097 ³,

2056 1112 2166 1168 οὐδ’
2201 1116 2309 1169 ἀπὸ
2359 1120 2457 1186 τῆς
2496 1120 2723 1189 ἠπείρου
2776 1121 2976 1192 ῥᾳδίως
3007 1124 3135 1193 ἐνῆν
3174 1124 3247 1177 τὰ
3283 1126 3417 1195 πρὸς
3447 1123 3644 1194 χρείαν

2057 1209 2401 1281 κομίζεσθαι,
2436 1213 2564 1283 περὶ
2592 1216 2612 1245 ⁸
2642 1214 2732 1267 τὸν
2758 1214 2973 1267 Γλυκὺν
3002 1216 3242 1285 ποταμὸν
3260 1216 3645 1287 αὐλιζομένοις

2058 1297 2261 1362 αὐτοῖς,
2292 1298 2400 1351 τῶν
2430 1301 2492 1353 ἐκ
2510 1300 2604 1355 τοῦ
2627 1304 2930 1374 Δυρραχίου
2953 1305 3328 1377 ἁπειργόντων
3350 1307 3445 1378 τῆς
3472 1323 3643 1378 χορτ-

2056 1386 2301 1457 αγωγίας
2338 1392 2530 1461 χάριν,
2592 1394 2625 1467 ἢ
2666 1394 3005 1467 συγκομιδῆς
3043 1398 3236 1467 ἑτέρας
3268 1400 3509 1464 ἐξιόντας
3543 1401 3647 1467 τῆς

2057 1478 2152 1533 τοῦ
2203 1484 2542 1554 Ῥομπέρτου
2578 1490 2869 1558 ταφρείας,
2910 1488 3202 1560 λιμώττειν
3233 1491 3486 1544 ἐντεῦθεν
3520 1491 3648 1543 τού·

2058 1591 2170 1639 τοις
2203 1577 2521 1631 συνέϐαινεν
2584 1581 2720 1635 ἀλλὰ
2751 1584 2844 1636 καὶ
2874 1583 2932 1636 τὸ
2960 1583 3126 1654 ἄηθες
3156 1582 3247 1636 τοῦ
3273 1584 3441 1636 τόπου
3469 1584 3649 1652 μεγά-

2056 1664 2164 1728 λως
2185 1668 2380 1731 αὐτοὺς
2400 1671 2737 1741 ἐλυμαίνετο.
2763 1673 2859 1726 Διὰ
2880 1675 3237 1745 παραδρομῆς
3255 1676 3433 1728 τοίνυν
3455 1674 3647 1745 μηνῶν

2059 1760 2226 1828 τριῶν
2258 1763 2352 1828 (ὡς
2379 1762 2620 1831 λέγεται)
2660 1766 2836 1837 φθορὰ
2869 1767 3089 1835 γέγονεν
3120 1767 3328 1838 ἀνδρῶν
3349 1770 3427 1829 είς
3466 1766 3650 1837 χιλιά-

378 1852 431 1903 id
496 1858 709 1919 tempus
756 1848 977 1906 Venetae
1020 1850 1389 1920 ltontanazque
1448 1854 1654 1909 classes
1712 1860 1951 1908 claustra

2059 1824 2150 1905 δα;
2195 1824 2341 1906 δέκα
2369 1824 2835 1926 συμποσουμένίυν
2868 1824 2909 1915 ί.
2947 1824 3015 1912 Ἦ
3062 1860 3118 1913 δὲ
3165 1824 3317 1923 νόσος
3363 1824 3504 1927 αθτῆ
3549 1859 3650 1912 καὶ

382 1945 552 1997 maris
587 1946 936 2007 obtinebant,
970 1946 1229 1999 transitui
1270 1946 1551 2000 hostilium
1604 1948 1821 2001 navium
1874 1950 1955 2003 in-

381 2043 547 2088 tenta:
608 2034 952 2104 prohibendo
998 2053 1010 2090 :
1068 2050 1206 2104 quae,
1255 2046 1313 2089 ιιι
1364 2036 1660 2104 primulum
1721 2039 1953 2094 remissa

380 2136 704 2196 tempestate
735 2128 952 2197 patiens
988 2127 1357 2197 navigationis
1388 2143 1577 2197 aequor
1626 2145 1748 2185 esse
1798 2146 1956 2199 cepe—

378 2231 485 2288 rat,
515 2238 581 2276 ex
612 2220 763 2275 Italia
784 2220 1146 2275 transfretare
1172 2221 1237 2273 ad
1264 2220 1561 2275 Robertum
1584 2224 1952 2278 conabantur:

378 2313 472 2368 sed
507 2329 602 2382 per
656 2312 972 2368 obsidentes
1024 2313 1207 2366 littora
1256 2323 1497 2377 nostros,
1542 2315 1766 2368 minime
1802 2326 1953 2385 pote-

377 2412 521 2459 rant.
549 2404 690 2471 Quiu
722 2402 822 2459 nec
844 2413 988 2458 terra
1016 2403 1391 2459 frumentatio.
1419 2406 1711 2476 cmteriqne
1730 2418 1953 2462 vectura

379 2505 749 2559 commeatus,
786 2496 962 2550 facilis
998 2496 1238 2551 Roberto
1267 2507 1400 2564 erat,
1439 2500 1598 2567 cujus
1629 2508 1806 2555 castra
1841 2516 1955 2555 me-

377 2596 489 2641 tata
521 2586 586 2641 ad
612 2587 833 2641 Duleem
867 2587 1113 2652 ﬂuvimn,
1146 2584 1433 2658 impositus
1465 2592 1619 2660 quasi
1648 2594 1953 2649 cervicibus

372 2668 731 2748 patiebantur
790 2681 1167 2749 prtesidiarios
1217 2679 1671 2751 Dyrraehienses,
1712 2685 1953 2742 assiduis

377 2772 761 2841 eruptionibus
790 2787 885 2826 eos
906 2773 1246 2829 incessentes
1269 2774 1361 2843 qui
1395 2774 1763 2830 frumentandi
1794 2779 1954 2848 108

377 2873 471 2917 attt
499 2880 631 2919 usus
664 2865 858 2919 similis
889 2866 1118 2920 alterius
1166 2865 1546 2934 Cujuscunque
1594 2866 1766 2936 gratia
1811 2870 1950 2921 ultra

374 2956 576 3010 vallum
612 2956 832 3026 prodire
860 2957 1146 3011 auderent.
1175 2957 1309 3012 lude
1331 2958 1503 3012 fames
1534 2959 1770 3029 primum
1801 2974 1953 3013 exer-

374 3067 501 3107 ccre
550 3053 735 3120 ipsos;
792 3050 990 3106 deinde
1053 3051 1218 3105 etiam
1288 3052 1355 3104 ab
1418 3052 1769 3105 insuetudine
1827 3053 1949 3109 εαξιί

2058 1943 2156 2005 τὰς
2189 1944 2325 2014 μετὰ
2360 1938 2453 1998 τοῦ
2487 1945 2825 2018 Ῥομπέρτου
2858 1950 3088 2014 ἱππικὰς
3119 1951 3377 2018 δυνάμεις
3405 1949 3649 2003 καταλα-

2058 2036 2249 2101 ὅοῦσα,
2276 2038 2504 2101 πολλοὺς
2526 2040 2851 2110 διέφθειρεν.
2897 2042 3030 2097 Ἀπὸ
3053 2043 3153 2110 μὲν
3174 2042 3280 2112 γὰρ
3305 2044 3410 2094 τῶν
3432 2042 3648 2095 ἱππέων

2056 2128 2298 2199 κόμητες
2338 2132 2434 2181 καὶ
2465 2130 2691 2199 λογάδες
2716 2131 3088 2202 ἀλκιμώτατοι
3115 2133 3306 2201 ἄνδρες
3345 2134 3506 2203 μέχρι
3534 2134 3647 2185 τῶν

2059 2222 2432 2275 πεντακοσίων
2461 2223 2615 2275 νόσου
2639 2225 2734 2277 καὶ
2760 2224 2919 2294 λιμοῦ
2949 2224 3329 2294 παρανάλωμα
3359 2226 3645 2293 γεγόνασι,

2058 2314 2157 2381 τῆς
2207 2314 2264 2366 δὲ
2300 2314 2737 2388 χθαμαλωτέρας
2788 2315 2963 2387 τύχης
3021 2317 3206 2379 ἱππεῖς
3251 2316 3641 2386 ἀναρίθμητοι.

2058 2406 2178 2458 Τῶν
2201 2407 2257 2458 δὲ
2287 2406 2490 2459 πλοίων
2511 2407 2676 2461 αὐτοῦ
2706 2410 2787 2471 είς
2812 2408 2902 2462 τὸν
2926 2410 3135 2462 Γλυκὺν
3166 2412 3185 2439 ⁵
3212 2409 3648 2479 ὲνορμισοέντων

2058 2498 2323 2568 ποταμὸν,
2376 2498 2451 2561 ὡς
2488 2500 2725 2570 εἴρηται,
2772 2500 2964 2554 τούτου
3001 2499 3356 2569 όλιγωθὲντος
3398 2501 3487 2554 διὰ
3543 2501 3646 2571 τὴν

2055 2589 2310 2658 ἀνυδρίαν
2344 2590 2442 2662 ἤδη
2493 2592 2631 2661 μετὰ
2672 2593 2762 2645 τὸν
2802 2594 3046 2663 χειμῶνα
3089 2594 3183 2647 καὶ
3219 2593 3279 2644 τὸ
3320 2593 3647 2660 ἑπιγεγονὸς

2058 2681 2154 2750 ἔαρ
2186 2682 2280 2735 τοῦ
2328 2684 2519 2753 θέρους
2544 2685 2876 2756 θερμότερον
2921 2685 3329 2746 ἐπιϐάλλοντος,
3378 2686 3471 2736 καὶ
3517 2682 3647 2753 μηδ’

2055 2775 2253 2829 ὁπόσον
2288 2778 2409 2839 ταῖς
2430 2778 2451 2808 ³
2500 2778 2800 2848 χαράδραις
2834 2778 2991 2831 εἴωθε
3013 2780 3308 2849 καταρρεῖν
3332 2776 3473 2845 ὓδωρ
3493 2777 3649 2845 ἕχον-

2055 2885 2169 2931 τος,
2202 2868 2259 2921 ἐν
2296 2870 2580 2941 ἀμηχανίᾳ
2611 2866 2700 2940 ἦν,
2746 2871 2819 2941 μὴ
2859 2870 3157 2940 δυνάμενος
3186 2860 3342 2933 αὖθις
3380 2870 3521 2923 αὐτὰ
3560 2870 3647 2933 εἰς

2055 2963 2156 3033 τὴν
2191 2962 2467 3016 Θάλασσαν
2498 2962 2747 3017 ἐλκῦσαι.
2791 2964 2930 3016 Ἀλλ’
2962 2959 3049 3015 οἷα
3088 2962 3537 3032 μηχανικώτατος
3566 2958 3645 3013 ὢν

2056 3058 2150 3110 καὶ
2203 3055 2463 3126 βαθύνους
2486 3057 2645 3127 ἀνὴρ,
2691 3057 3002 3119 πασσάλους
3046 3056 3383 3122 ἑκατέρωθεν
3425 3054 3645 3107 ἐκέλευε

374 3144 582 3199 morbis
614 3144 1112 3208 crebrescentibus,
1146 3145 1470 3213 pestilenti»
1498 3152 1643 3197 tanta
1676 3146 1757 3198 vis
1788 3160 1950 3199 exar-

2057 3150 2367 3219 πήγνυσθαι
2395 3150 2488 3203 τοῦ
2519 3149 2788 3220 ποταμοῦ,
2826 3149 3170 3203 συνδεδέσθαι
3206 3148 3261 3201 δὲ
3295 3147 3522 3209 τούτους
3554 3147 3645 3199 διὰ

372 3240 467 3299 sit,
503 3246 654 3293 utea
702 3237 879 3293 tribus
920 3236 1199 3292 mensibus
1238 3236 1397 3290 facile
1448 3236 1729 3290 hominum
1762 3238 1949 3293 decem

375 3330 544 3385 millia
582 3330 799 3385 dicatur
850 3331 1245 3401 absumpsisse.
1287 3330 1351 3385 Et
1387 3332 1647 3398 quoniam
1682 3330 1735 3385 in
1794 3330 1952 3401 equi-

375 3434 545 3476 tatum
611 3424 899 3493 praecipue
977 3423 1429 3480 florentissimum
1492 3424 1718 3479 Rubcrti
1780 3427 1950 3495 pestis

372 3516 693 3572 incubuisse
743 3519 857 3571 visa
909 3526 989 3572 est
1022 3519 1225 3587 impetu
1279 3518 1530 3582 saeviori,
1603 3534 1722 3573 cam
1791 3521 1948 3590 plane

371 3612 652 3680 copiarum
722 3610 841 3679 ejus
918 3618 1125 3679 partem
1192 3610 1545 3665 lectissimam
1623 3594 1949 3669 deformavit

373 3702 634 3759 miserum
692 3703 743 3756 in
803 3704 1048 3766 modum,
1094 3701 1140 3756 si
1181 3714 1289 3757 non
1338 3704 1557 3774 penitus
1604 3702 1667 3759 ad
1713 3707 1944 3760 nihilum

370 3796 601 3869 redegit.
635 3796 870 3851 Constat
910 3782 1117 3866 quippe
1146 3812 1209 3852 ex
1243 3797 1541 3853 comitibus
1573 3799 1706 3868 ipsis
1742 3815 1803 3853 ac
1830 3817 1946 3854 rre-

370 3890 504 3945 tet-is
539 3874 883 3959 magnatibus
909 3889 1191 3944 nobilitate
1215 3905 1278 3944 ac
1301 3889 1615 3945 fortitudine
1636 3893 1945 3962 insignibus

369 3980 522 4043 viris,
557 3983 649 4053 qui
690 3982 835 4037 istud
878 3983 1085 4037 militiae
1115 3996 1319 4052 corpus
1359 3976 1691 4045 conﬂabant,
1739 3986 1947 4037 exstin-

366 4066 484 4128 thos
538 4066 703 4139 esse,
746 4088 851 4143 qua
908 4074 1016 4139 lue,
1064 4088 1171 4143 qua
1233 4073 1396 4137 fame,
1447 4075 1510 4127 ad
1571 4076 1943 4145 quingentos;

365 4168 580 4233 equites
630 4177 812 4221 autem
869 4168 1104 4219 fortunae
1158 4164 1488 4225 humilioris,
1547 4168 1639 4236 qui
1694 4168 1944 4224 similiter

2059 3244 2239 3310 λύγων
2275 3243 2531 3310 πυκνῶν,
2567 3242 2685 3295 εἶτα
2718 3242 2908 3313 δένδρα
2965 3239 3299 3310 παμμεγέθη
3334 3240 3645 3299 κόπτοντας

2060 3335 2275 3407 ῥιζόθεν
2305 3335 2528 3388 ὄπισθεν
2550 3335 2730 3389 αὐτῶν
2760 3334 3232 3401 καταστρωννύειν
3260 3331 3489 3401 ψάμμον
3516 3332 3642 3383 ἑπι-

2058 3429 2356 3489 πόιττοντας
2382 3429 2609 3491 ἄνωθεν,
2638 3428 2713 3490 ὡς
2741 3414 2820 3489 είς
2852 3427 2947 3479 ἕνα
2977 3426 3037 3478 τὸ
3077 3426 3221 3494 ὕδωρ
3264 3423 3644 3477 συλλείὁεσθαι

2054 3519 2219 3572 τόπον
2237 3520 2276 3584 ⁸,
2297 3518 2483 3590 ὥσπερ
2502 3518 2579 3583 είς
2599 3519 2840 3587 διώρυχα
2864 3518 2992 3588 μίαν
3009 3516 3106 3586 τὴν
3128 3517 3189 3569 ἐκ
3210 3515 3318 3567 τῶν
3340 3513 3640 3567 πασσάλων

2053 3614 2344 3681 γεγονυῖαν
2373 3610 2875 3681 συναθροιζόμενον.
2919 3611 3028 3663 Καὶ
3060 3609 3201 3662 κατὰ
3233 3607 3428 3678 μικρὸν
3452 3608 3641 3660 ἀναλι-

2060 3706 2261 3776 μνάζον
2298 3704 2358 3758 τὺ
2392 3704 2559 3775 ὓδωρ,
2603 3703 2701 3773 τὴν
2742 3704 2984 3772 κρηπῖδα
3027 3704 3213 3755 πᾶσαν
3249 3702 3491 3772 ἐπλήρου
3538 3699 3637 3752 τοῦ

2052 3795 2323 3866 ποταμοῦ,
2354 3795 2447 3848 καὶ
2490 3797 2570 3857 είς
2602 3794 2763 3865 βάθος
2806 3793 3085 3861 ἀξιόλογον
3125 3795 3345 3864 ἤρχετο,
3376 3792 3484 3854 ἕως
3528 3792 3633 3854 τὰς

2052 3888 2183 3954 ναῦς
2213 3890 2533 3955 ἀνεκούφισε
2565 3889 2659 3941 καὶ
2688 3890 2785 3950 τὰς
2812 3887 2948 3947 τέως
2978 3887 3371 3956 ἐρηρεισμένας
3403 3885 3537 3953 νῆας
3570 3888 3638 3954 τῇ

2054 3981 2123 4054 τῇ
2170 3980 2361 4051 ἀνέσχε
2400 3997 2458 4033 τε
2498 3982 2590 4033 καὶ
2624 3980 2930 4047 ἀκρόπλους
2972 3979 3216 4048 ἐποίησε.
3270 3977 3375 4029 Καὶ
3413 3978 3471 4029 τὸ
3526 3978 3636 4028 ἀπὸ

2053 4074 2206 4129 τοῦδε
2236 4074 2489 4135 εὐπλοῖας
2517 4072 2918 4144 ἑπιδραξάμενα
2942 4071 3011 4124 τὰ
3040 4072 3221 4136 πλοῖα,
3244 4070 3477 4133 εὐκόλως
3500 4070 3639 4139 πρὸς

2053 4171 2153 4241 τὴν
2175 4170 2450 4224 θάλατταν
2476 4165 2856 4235 εἱλκύσθησαν.

368 4258 649 4326 perierint,
689 4275 978 4313 numerum
1021 4257 1145 4311 iniri
1183 4272 1292 4323 pra:
1366 4259 1723 4315 multitudine
1791 4279 1895 4318 non
1967 4268 2233 4337 potuisse.
2274 4262 2543 4327 Quoniam
2590 4274 2754 4323 vero,
2807 4267 2864 4312 ut
2907 4257 3110 4311 dictum
3161 4264 3272 4322 est,
3352 4256 3637 4311 subductas

366 4367 533 4404 naves
566 4352 780 4405 fuerant
811 4351 864 4404 in
892 4353 1104 4406 alveum
1144 4352 1326 4406 Dulcis
1358 4352 1558 4426 .ﬂuvii,
1593 4353 1825 4425 contigit
1888 4369 1945 4412 ut
2023 4375 2149 4414 cum
2222 4372 2314 4410 eas
2366 4353 2491 4406 inde
2543 4353 2776 4407 educere
2826 4352 3086 4420 oportuit,
3145 4361 3291 4405 tanta
3346 4360 3635 4420 urgeretur

364 4451 614 4505 siccitate
653 4450 700 4502 id
760 4447 982 4509 ﬂumen.
1034 4459 1093 4504 ut
1142 4452 1437 4521 squallenti
1502 4453 1751 4523 voragini
1808 4456 1947 4509 aridi
1993 4456 2277 4518 torrentis,
2350 4464 2509 4523 quam
2568 4451 2721 4505 alveo
2755 4449 3011 4519 perennis
3090 4450 3269 4503 amnis
3320 4457 3469 4501 esst:t
3520 4458 3633 4500 tum

364 4542 587 4612 quidem
616 4543 874 4609 similius,
934 4558 996 4598 ac
1029 4560 1095 4598 ne
1140 4554 1348 4598 tantum
1385 4547 1606 4616 quidem
1643 4568 1802 4622 aquae
1884 4554 2112 4608 haberet
2158 4560 2423 4621 quantum
2476 4550 2530 4601 itt
2596 4545 2876 4615 plerisque
2942 4543 3281 4597 torrentibus
3360 4543 3631 4611 cernitur.

364 4642 715 4697 Incommoda
745 4657 878 4697 sane
911 4654 998 4695 res
1026 4641 1276 4698 consiliis
1310 4643 1532 4700 ltuberti
1566 4647 1828 4713 classem,
1880 4661 1937 4703 ut
1978 4648 2242 4708 diximus,
2264 4646 2398 4699 mari
2426 4643 2650 4698 reddere
2682 4640 2957 4710 parantis;
2994 4648 3049 4693 at
3082 4654 3247 4691 naves
3312 4639 3632 4706 intercepta:

361 4737 523 4802 va-lo,
555 4736 698 4789 trttdi
737 4738 982 4790 secundo
1018 4734 1241 4790 ﬂumine
1291 4736 1346 4791 in
1399 4753 1551 4793 mare
1601 4745 1921 4811 nequibant.
1971 4742 2077 4797 Sed
2114 4740 2585 4795 ltomoimlustrite
2612 4735 3232 4803 miriﬂcteJecundique
3294 4733 3360 4788 ad
3420 4734 3623 4788 artium

362 4829 820 4901 excogitationem
872 4833 1132 4901 pectoris,
1180 4832 1321 4886 viam
1417 4832 1575 4888 inivit
1637 4834 1758 4905 ejus
1812 4836 2166 4907 expediendae
2234 4832 2576 4889 difﬁcultatis
2627 4834 2788 4887 talem
2840 4830 3158 4901 quamdam.
3243 4829 3301 4882 ln
3393 4830 3632 4883 maxime

362 4926 559 4979 declivi
591 4932 655 4979 ac
686 4925 919 4979 demissa
941 4934 1091 4993 parte
1119 4925 1257 4979 alvei
1291 4924 1397 4994 iam
1425 4928 1579 4992 sicci,
1656 4927 1747 4998 figi
1791 4930 2048 4999 utrinque
2082 4927 2309 4999 paxillus
2340 4926 2393 4981 in
2479 4940 2702 4979 arenam
2786 4923 2953 4991 jussit
3024 4922 3259 4976 invicem
3321 4920 3630 4998 oppositos,

352 5017 627 5074 continua
658 5018 713 5070 in
745 5016 972 5088 longum
1007 5018 1187 5082 serie;
1258 5027 1494 5087 tumque
1564 5032 1689 5073 cum
1752 5020 1855 5075 sibi
1895 5021 2106 5076 utrovis
2138 5036 2201 5075 ex
2236 5019 2403 5073 latere
2436 5018 2715 5087 contigue,
2748 5016 3012 5069 viminum
3069 5013 3439 5083 implicatione
3509 5011 3634 5081 plu-

364 5114 501 5167 rima
563 5129 724 5182 quam
775 5112 1087 5167 aretissime
1141 5112 1361 5170 vinciri.
1400 5111 1615 5168 Vallum
1649 5114 1729 5169 sic
1777 5117 1943 5170 fixum
1988 5117 2232 5171 roborari
2269 5115 2439 5168 voluit
2471 5132 2500 5167 a
2539 5126 2691 5183 parte
2739 5112 2996 5167 exteriori
3030 5111 3178 5181 ripas
3248 5125 3463 5172 versus,
3528 5122 3630 5176 ap-

364 5205 649 5274 plicitisiu
682 5206 908 5271 longum
964 5205 1281 5274 ingentibus
1329 5205 1644 5270 arboribus,
1697 5208 1763 5260 ad
1808 5224 1925 5263 eam
1969 5225 2084 5264 rem
2145 5207 2410 5269 radicitus
2465 5206 2694 5261 avulsis.
2734 5204 2911 5271 Supra
2987 5218 3084 5259 eas
3156 5200 3476 5272 exaggerari
3521 5215 3625 5253 su-

292 5315 304 5326 ο·
366 5298 595 5366 bigique
628 5310 691 5351 ac
726 5298 957 5366 appr-imi
994 5297 1165 5350 multa
1199 5298 1251 5350 vi
1306 5308 1538 5351 arenam
1594 5300 1865 5368 imperat,
1942 5302 2177 5357 latentes
2230 5300 2397 5354 rimas
2446 5314 2639 5354 omnes
2698 5296 3059 5365 expletttram.
3120 5292 3265 5349 Intra
3343 5294 3491 5347 hunc
3540 5291 3627 5345 sic

366 5390 718 5460 angustatum
762 5390 954 5461 sicque
984 5390 1256 5446 directum
1288 5392 1796 5458 alveolum,0'nnes
1831 5393 1941 5463 jam
1987 5394 2249 5463 reliquias
2307 5392 2611 5447 testivantis
2658 5386 2833 5454 ﬂuvii,
2875 5404 2938 5442 ae
2987 5395 3102 5442 toto
3148 5401 3373 5456 sparsas
3462 5393 3628 5439 vasto

1405 5550 1604 5615 Variae
1635 5551 1942 5616 lectiones
1973 5571 2051 5616 ex
2093 5554 2233 5617 cod.
2268 5550 2537 5614 Coislin.

431 5672 479 5710 ⁹⁹
504 5677 551 5729 δ.
680 5675 949 5747 διαπερᾷν
979 5675 1262 5747 ἀπεῖργεν.
1286 5675 1359 5738 ὡς
1382 5677 1457 5731 δέ.
1533 5678 1553 5707 ¹
1589 5677 1747 5747 πρός.
1827 5680 1847 5712 ³
1876 5678 2251 5747 ποσουμένων.
2328 5677 2350 5709 ⁸
2376 5676 2605 5746 Γλυκήν.
2681 5674 2750 5747 ξοδ
2784 5673 2989 5727 Desunt
3026 5685 3183 5747 voces
3217 5669 3354 5747 μετὰ
3379 5667 3472 5722 τὸν
3506 5685 3627 5738 χει-

366 5747 521 5819 μῶνα
556 5743 1074 5819 καὶ-τοὲπιγεγονὸς
1108 5745 1207 5819 ἔαρ
1230 5746 1546 5819 τοῦθέρους
1576 5743 1908 5819 θερμότερον
1941 5745 2341 5819 ἐπιϐάλλοντος.
2378 5750 2472 5819 καὶ
2511 5743 2634 5819 μηδ’
2663 5746 2886 5819 ῌόπόσον
2904 5747 3049 5819 τέρίςέ
3123 5814 3141 5819 Α
3161 5744 3182 5775 ⁶
3218 5743 3426 5819 Desunt
3458 5754 3625 5795 voces

366 5812 587 5869 ὄπισθεν
614 5815 793 5870 αὐτῶν
825 5812 1292 5885 καταστρωννῦειν
1314 5812 1542 5889 ψάμμον
1571 5812 1969 5883 ἐπιπάττοντας
1997 5816 2203 5872 ἄνωθεν
2220 5818 2297 5882 ὡς
2328 5819 2405 5880 εἷς
2430 5812 2527 5870 ἕνα
2560 5812 2620 5869 τὸ
2660 5816 2802 5886 ὕδωρ
2836 5813 3209 5867 συλλείϐεσθαι
3240 5812 3425 5865 τόπον.
