  <div class='ocr_page' id='page_1' title='image "/cluster/home/n/w/nwhite01/storage/ocr_20150623/131/hvd.32044019208263/193.png"; bbox 0 0 3934 6574; ppageno 0'>
   <div class='ocr_carea' id='block_1_1' title="bbox 606 357 3830 431">
    <p class='ocr_par' dir='ltr' id='par_1_1' title="bbox 606 357 3830 431">
     <span class='ocr_line' id='line_1_1' title="bbox 606 357 3830 431; baseline 0.001 -4"><span class='ocrx_word' id='word_1_1' title='bbox 606 361 715 428; x_wconf 77' lang='grc'><strong><em>355</em></strong></span> <span class='ocrx_word' id='word_1_2' title='bbox 1881 357 2107 421; x_wconf 72' lang='grc' dir='ltr'><strong><em>ΛΝΝΑΞ</em></strong></span> <span class='ocrx_word' id='word_1_3' title='bbox 2140 358 2527 422; x_wconf 71' lang='grc' dir='ltr'><strong><em>(ΣΟΜΝΕΝᾸΞ</em></strong></span> <span class='ocrx_word' id='word_1_4' title='bbox 3752 363 3830 431; x_wconf 78' lang='grc'><strong><em>356</em></strong></span> 
     </span>
    </p>
   </div>
   <div class='ocr_carea' id='block_1_2' title="bbox 608 469 3829 544">
    <p class='ocr_par' dir='ltr' id='par_1_2' title="bbox 608 469 3829 544">
     <span class='ocr_line' id='line_1_2' title="bbox 608 469 3829 544; baseline -0.002 -15"><span class='ocrx_word' id='word_1_5' title='bbox 608 489 766 530; x_wconf 76' lang='lat' dir='ltr'><strong><em>usum</em></strong></span> <span class='ocrx_word' id='word_1_6' title='bbox 796 472 1050 544; x_wconf 76' lang='lat' dir='ltr'><strong><em>opertcbit</em></strong></span> <span class='ocrx_word' id='word_1_7' title='bbox 1094 487 1543 542; x_wconf 77' lang='lat' dir='ltr'><strong><em>unumquemque,</em></strong></span> <span class='ocrx_word' id='word_1_8' title='bbox 1589 471 1714 541; x_wconf 89' lang='lat' dir='ltr'><strong><em>quid</em></strong></span> <span class='ocrx_word' id='word_1_9' title='bbox 1756 469 1856 525; x_wconf 85' lang='lat' dir='ltr'><strong><em>sibi</em></strong></span> <span class='ocrx_word' id='word_1_10' title='bbox 1905 475 2074 526; x_wconf 84' lang='lat' dir='ltr'><strong><em>reniat</em></strong></span> <span class='ocrx_word' id='word_1_11' title='bbox 2123 475 2175 527; x_wconf 93' lang='lat' dir='ltr'><strong><em>in</em></strong></span> <span class='ocrx_word' id='word_1_12' title='bbox 2218 482 2437 527; x_wconf 80' lang='lat' dir='ltr'><strong><em>mentem</em></strong></span> <span class='ocrx_word' id='word_1_13' title='bbox 2473 474 2635 527; x_wconf 84' lang='lat' dir='ltr'><strong><em>libere</em></strong></span> <span class='ocrx_word' id='word_1_14' title='bbox 2662 473 2961 542; x_wconf 84' lang='lat' dir='ltr'><strong><em>sincereque</em></strong></span> <span class='ocrx_word' id='word_1_15' title='bbox 2987 486 3296 541; x_wconf 82' lang='lat' dir='ltr'><strong><em>proponere.</em></strong></span> <span class='ocrx_word' id='word_1_16' title='bbox 3331 470 3528 529; x_wconf 85' lang='lat' dir='ltr'><strong><em>Deinde</em></strong></span> <span class='ocrx_word' id='word_1_17' title='bbox 3595 486 3704 524; x_wconf 70' lang='lat' dir='ltr'><strong><em>vero</em></strong></span> <span class='ocrx_word' id='word_1_18' title='bbox 3758 476 3829 529; x_wconf 67' lang='lat' dir='ltr'><strong><em>de.</em></strong></span> 
     </span>
    </p>
   </div>
   <div class='ocr_carea' id='block_1_3' title="bbox 611 563 3830 635">
    <p class='ocr_par' dir='ltr' id='par_1_3' title="bbox 611 563 3830 635">
     <span class='ocr_line' id='line_1_3' title="bbox 611 563 3830 635; baseline -0.002 -16"><span class='ocrx_word' id='word_1_19' title='bbox 611 565 920 620; x_wconf 75' lang='lat' dir='ltr'><strong><em>liberatione</em></strong></span> <span class='ocrx_word' id='word_1_20' title='bbox 944 565 1190 618; x_wconf 86' lang='lat' dir='ltr'><strong><em>conclusa</em></strong></span> <span class='ocrx_word' id='word_1_21' title='bbox 1224 563 1536 615; x_wconf 84' lang='lat' dir='ltr'><strong><em>sententiam</em></strong></span> <span class='ocrx_word' id='word_1_22' title='bbox 1573 577 1687 630; x_wconf 75' lang='lat' dir='ltr'><strong><em>qute</em></strong></span> <span class='ocrx_word' id='word_1_23' title='bbox 1760 563 2116 629; x_wconf 76' lang='lat' dir='ltr'><strong><em>prwvaluerit,</em></strong></span> <span class='ocrx_word' id='word_1_24' title='bbox 2180 564 2249 615; x_wconf 91' lang='lat' dir='ltr'><strong><em>ad</em></strong></span> <span class='ocrx_word' id='word_1_25' title='bbox 2289 564 2523 618; x_wconf 88' lang='lat' dir='ltr'><strong><em>ductoris</em></strong></span> <span class='ocrx_word' id='word_1_26' title='bbox 2580 564 2885 629; x_wconf 73' lang='lat' dir='ltr'><strong><em>arbitrium,</em></strong></span> <span class='ocrx_word' id='word_1_27' title='bbox 2930 566 3043 620; x_wconf 84' lang='lat' dir='ltr'><strong><em>sine</em></strong></span> <span class='ocrx_word' id='word_1_28' title='bbox 3097 565 3212 618; x_wconf 85' lang='lat' dir='ltr'><strong><em>ulla</em></strong></span> <span class='ocrx_word' id='word_1_29' title='bbox 3255 564 3589 616; x_wconf 78' lang='lat' dir='ltr'><strong><em>dubitatione</em></strong></span> <span class='ocrx_word' id='word_1_30' title='bbox 3641 572 3830 635; x_wconf 62' lang='lat' dir='ltr'><strong><em>exsequi.</em></strong></span> 
     </span>
    </p>
   </div>
   <div class='ocr_carea' id='block_1_4' title="bbox 611 652 3832 739">
    <p class='ocr_par' dir='ltr' id='par_1_4' title="bbox 611 652 3832 739">
     <span class='ocr_line' id='line_1_4' title="bbox 611 652 3832 739; baseline -0.002 -27"><span class='ocrx_word' id='word_1_31' title='bbox 611 658 761 728; x_wconf 77' lang='lat' dir='ltr'><strong><em>Agite</em></strong></span> <span class='ocrx_word' id='word_1_32' title='bbox 787 656 1103 739; x_wconf 50' lang='lat' dir='ltr'><strong><em>ergo,ite.in</em></strong></span> <span class='ocrx_word' id='word_1_33' title='bbox 1125 654 1606 725; x_wconf 69' lang='lat' dir='ltr'><strong><em>suﬁ&#39;ragia,eliqite</em></strong></span> <span class='ocrx_word' id='word_1_34' title='bbox 1629 669 1984 723; x_wconf 87' lang='lat' dir='ltr'><strong><em>quemcunque</em></strong></span> <span class='ocrx_word' id='word_1_35' title='bbox 2009 654 2294 708; x_wconf 72' lang='lat' dir='ltr'><strong><em>utilissime</em></strong></span> <span class='ocrx_word' id='word_1_36' title='bbox 2342 654 2699 722; x_wconf 70' lang='lat' dir='ltr'><strong><em>pnefuturum</em></strong></span> <span class='ocrx_word' id='word_1_37' title='bbox 2742 655 3115 709; x_wconf 79' lang='lat' dir='ltr'><strong><em>outumabitis.</em></strong></span> <span class='ocrx_word' id='word_1_38' title='bbox 3206 652 3289 707; x_wconf 84' lang='lat' dir='ltr'><strong><em>En</em></strong></span> <span class='ocrx_word' id='word_1_39' title='bbox 3346 670 3439 721; x_wconf 85' lang='lat' dir='ltr'><strong><em>ego</em></strong></span> <span class='ocrx_word' id='word_1_40' title='bbox 3500 669 3619 707; x_wconf 82' lang='lat' dir='ltr'><strong><em>cum</em></strong></span> <span class='ocrx_word' id='word_1_41' title='bbox 3688 672 3832 724; x_wconf 79' lang='lat' dir='ltr'><strong><em>agnos-</em></strong></span> 
     </span>
    </p>
   </div>
   <div class='ocr_carea' id='block_1_5' title="bbox 614 747 3831 819">
    <p class='ocr_par' dir='ltr' id='par_1_5' title="bbox 614 747 3831 819">
     <span class='ocr_line' id='line_1_5' title="bbox 614 747 3831 819; baseline 0 -15"><span class='ocrx_word' id='word_1_42' title='bbox 614 768 730 805; x_wconf 86' lang='lat' dir='ltr'><strong><em>cam</em></strong></span> <span class='ocrx_word' id='word_1_43' title='bbox 754 752 1046 819; x_wconf 84' lang='lat' dir='ltr'><strong><em>quicunque</em></strong></span> <span class='ocrx_word' id='word_1_44' title='bbox 1073 750 1198 815; x_wconf 87' lang='lat' dir='ltr'><strong><em>erit;</em></strong></span> <span class='ocrx_word' id='word_1_45' title='bbox 1218 759 1266 803; x_wconf 90' lang='lat' dir='ltr'><strong><em>et</em></strong></span> <span class='ocrx_word' id='word_1_46' title='bbox 1290 749 1546 819; x_wconf 74' lang='lat' dir='ltr'><strong><em>quidquid</em></strong></span> <span class='ocrx_word' id='word_1_47' title='bbox 1608 747 1989 817; x_wconf 74' lang='lat' dir='ltr'><strong><em>pra&#39;scripserit</em></strong></span> <span class='ocrx_word' id='word_1_48' title='bbox 2048 748 2267 817; x_wconf 77' lang='lat' dir='ltr'><strong><em>faciam.</em></strong></span> <span class='ocrx_word' id='word_1_49' title='bbox 2305 748 2538 803; x_wconf 78' lang='lat' dir='ltr'><strong><em>Probata</em></strong></span> <span class='ocrx_word' id='word_1_50' title='bbox 2568 759 2651 804; x_wconf 81' lang='lat' dir='ltr'><strong><em>est</em></strong></span> <span class='ocrx_word' id='word_1_51' title='bbox 2687 764 2881 818; x_wconf 75' lang='lat' dir='ltr'><strong><em>magno</em></strong></span> <span class='ocrx_word' id='word_1_52' title='bbox 2906 749 3241 804; x_wconf 83' lang='lat' dir='ltr'><strong><em>audientium</em></strong></span> <span class='ocrx_word' id='word_1_53' title='bbox 3276 763 3505 804; x_wconf 83' lang='lat' dir='ltr'><strong><em>assensu</em></strong></span> <span class='ocrx_word' id='word_1_54' title='bbox 3538 756 3652 801; x_wconf 89' lang='lat' dir='ltr'><strong><em>tum</em></strong></span> <span class='ocrx_word' id='word_1_55' title='bbox 3681 753 3831 806; x_wconf 58' lang='lat' dir='ltr'><strong><em>oratio.</em></strong></span> 
     </span>
    </p>
   </div>
   <div class='ocr_carea' id='block_1_6' title="bbox 616 843 3831 913">
    <p class='ocr_par' dir='ltr' id='par_1_6' title="bbox 616 843 3831 913">
     <span class='ocr_line' id='line_1_6' title="bbox 616 843 3831 913; baseline -0 -14"><span class='ocrx_word' id='word_1_56' title='bbox 616 856 733 899; x_wconf 90' lang='lat' dir='ltr'><strong><em>tum</em></strong></span> <span class='ocrx_word' id='word_1_57' title='bbox 778 844 1047 900; x_wconf 82' lang='lat' dir='ltr'><strong><em>modestia</em></strong></span> <span class='ocrx_word' id='word_1_58' title='bbox 1130 844 1380 899; x_wconf 64' lang='lat' dir='ltr'><strong><em>lioberti.</em></strong></span> <span class='ocrx_word' id='word_1_59' title='bbox 1459 843 1722 911; x_wconf 77' lang='lat' dir='ltr'><strong><em>[latisque</em></strong></span> <span class='ocrx_word' id='word_1_60' title='bbox 1771 844 2013 899; x_wconf 79' lang='lat' dir='ltr'><strong><em>sortibus</em></strong></span> <span class='ocrx_word' id='word_1_61' title='bbox 2060 859 2272 897; x_wconf 87' lang='lat' dir='ltr'><strong><em>summa</em></strong></span> <span class='ocrx_word' id='word_1_62' title='bbox 2316 846 2678 899; x_wconf 85' lang='lat' dir='ltr'><strong><em>consensione</em></strong></span> <span class='ocrx_word' id='word_1_63' title='bbox 2711 846 2954 900; x_wconf 88' lang='lat' dir='ltr'><strong><em>omnium</em></strong></span> <span class='ocrx_word' id='word_1_64' title='bbox 2986 846 3195 901; x_wconf 83' lang='lat' dir='ltr'><strong><em>electus</em></strong></span> <span class='ocrx_word' id='word_1_65' title='bbox 3225 846 3281 898; x_wconf 91' lang='lat' dir='ltr'><strong><em>in</em></strong></span> <span class='ocrx_word' id='word_1_66' title='bbox 3312 845 3507 899; x_wconf 67' lang='lat' dir='ltr'><strong><em>dueum</em></strong></span> <span class='ocrx_word' id='word_1_67' title='bbox 3541 859 3831 913; x_wconf 83' lang='lat' dir='ltr'><strong><em>supremum,</em></strong></span> 
     </span>
    </p>
   </div>
   <div class='ocr_carea' id='block_1_7' title="bbox 616 937 3830 1011">
    <p class='ocr_par' dir='ltr' id='par_1_7' title="bbox 616 937 3830 1011">
     <span class='ocr_line' id='line_1_7' title="bbox 616 937 3830 1011; baseline -0 -18"><span class='ocrx_word' id='word_1_68' title='bbox 616 942 1047 1011; x_wconf 71' lang='grc' dir='ltr'>ιπεεροείιιιεψιο</span> <span class='ocrx_word' id='word_1_69' title='bbox 1076 939 1289 994; x_wconf 87' lang='lat' dir='ltr'><strong><em>cunctis</em></strong></span> <span class='ocrx_word' id='word_1_70' title='bbox 1316 939 1457 994; x_wconf 87' lang='lat' dir='ltr'><strong><em>idem</em></strong></span> <span class='ocrx_word' id='word_1_71' title='bbox 1493 940 1580 993; x_wconf 90' lang='lat' dir='ltr'><strong><em>ille</em></strong></span> <span class='ocrx_word' id='word_1_72' title='bbox 1620 947 1722 994; x_wconf 89' lang='lat' dir='ltr'><strong><em>est.</em></strong></span> <span class='ocrx_word' id='word_1_73' title='bbox 1765 940 1832 990; x_wconf 82' lang='lat' dir='ltr'><strong><em>At</em></strong></span> <span class='ocrx_word' id='word_1_74' title='bbox 1872 940 1915 992; x_wconf 79' lang='lat' dir='ltr'><strong><em>is</em></strong></span> <span class='ocrx_word' id='word_1_75' title='bbox 1946 937 2185 992; x_wconf 83' lang='lat' dir='ltr'><strong><em>delatum</em></strong></span> <span class='ocrx_word' id='word_1_76' title='bbox 2223 938 2485 993; x_wconf 83' lang='lat' dir='ltr'><strong><em>honorem</em></strong></span> <span class='ocrx_word' id='word_1_77' title='bbox 2542 940 2738 994; x_wconf 87' lang='lat' dir='ltr'><strong><em>callida</em></strong></span> <span class='ocrx_word' id='word_1_78' title='bbox 2791 940 3141 993; x_wconf 75' lang='lat' dir='ltr'><strong><em>simulatione</em></strong></span> <span class='ocrx_word' id='word_1_79' title='bbox 3220 953 3478 993; x_wconf 85' lang='lat' dir='ltr'><strong><em>recusare</em></strong></span> <span class='ocrx_word' id='word_1_80' title='bbox 3558 940 3830 1005; x_wconf 78' lang='lat' dir='ltr'><strong><em>videbatur,</em></strong></span> 
     </span>
    </p>
   </div>
   <div class='ocr_carea' id='block_1_8' title="bbox 614 1033 3831 1106">
    <p class='ocr_par' dir='ltr' id='par_1_8' title="bbox 614 1033 3831 1106">
     <span class='ocr_line' id='line_1_8' title="bbox 614 1033 3831 1106; baseline -0.001 -15"><span class='ocrx_word' id='word_1_81' title='bbox 614 1036 694 1091; x_wconf 85' lang='lat' dir='ltr'><strong><em>sic</em></strong></span> <span class='ocrx_word' id='word_1_82' title='bbox 739 1036 919 1090; x_wconf 87' lang='lat' dir='ltr'><strong><em>studia</em></strong></span> <span class='ocrx_word' id='word_1_83' title='bbox 951 1035 1052 1089; x_wconf 85' lang='lat' dir='ltr'><strong><em>sibi</em></strong></span> <span class='ocrx_word' id='word_1_84' title='bbox 1094 1033 1387 1090; x_wconf 81' lang='lat' dir='ltr'><strong><em>faventium</em></strong></span> <span class='ocrx_word' id='word_1_85' title='bbox 1422 1035 1593 1105; x_wconf 82' lang='lat' dir='ltr'><strong><em>magis</em></strong></span> <span class='ocrx_word' id='word_1_86' title='bbox 1627 1036 1930 1089; x_wconf 78' lang='lat' dir='ltr'><strong><em>accendens</em></strong></span> <span class='ocrx_word' id='word_1_87' title='bbox 1963 1051 1977 1087; x_wconf 90' lang='lat'><strong>:</strong></span> <span class='ocrx_word' id='word_1_88' title='bbox 2023 1033 2183 1106; x_wconf 65' lang='grc'><strong><em>114</em></strong></span> <span class='ocrx_word' id='word_1_89' title='bbox 2227 1046 2281 1090; x_wconf 89' lang='lat' dir='ltr'><strong><em>et</em></strong></span> <span class='ocrx_word' id='word_1_90' title='bbox 2313 1051 2472 1106; x_wconf 84' lang='lat' dir='ltr'><strong><em>quem</em></strong></span> <span class='ocrx_word' id='word_1_91' title='bbox 2510 1046 2656 1089; x_wconf 86' lang='lat' dir='ltr'><strong><em>tanta</em></strong></span> <span class='ocrx_word' id='word_1_92' title='bbox 2688 1035 3154 1089; x_wconf 80' lang='lat' dir='ltr'><strong><em>lraudulcntarum</em></strong></span> <span class='ocrx_word' id='word_1_93' title='bbox 3194 1035 3394 1088; x_wconf 83' lang='lat' dir='ltr'><strong><em>artium</em></strong></span> <span class='ocrx_word' id='word_1_94' title='bbox 3468 1034 3613 1088; x_wconf 86' lang='lat' dir='ltr'><strong><em>serie</em></strong></span> <span class='ocrx_word' id='word_1_95' title='bbox 3673 1038 3831 1100; x_wconf 82' lang='lat' dir='ltr'><strong><em>prim-i-</em></strong></span> 
     </span>
    </p>
   </div>
   <div class='ocr_carea' id='block_1_9' title="bbox 614 1128 3832 1202">
    <p class='ocr_par' dir='ltr' id='par_1_9' title="bbox 614 1128 3832 1202">
     <span class='ocr_line' id='line_1_9' title="bbox 614 1128 3832 1202; baseline -0.001 -16"><span class='ocrx_word' id='word_1_96' title='bbox 614 1141 799 1202; x_wconf 86' lang='lat' dir='ltr'><strong><em>patum</em></strong></span> <span class='ocrx_word' id='word_1_97' title='bbox 833 1131 1124 1197; x_wconf 80' lang='lat' dir='ltr'><strong><em>ambiebat,</em></strong></span> <span class='ocrx_word' id='word_1_98' title='bbox 1166 1147 1317 1185; x_wconf 90' lang='lat' dir='ltr'><strong><em>nunc</em></strong></span> <span class='ocrx_word' id='word_1_99' title='bbox 1389 1131 1495 1185; x_wconf 87' lang='lat' dir='ltr'><strong><em>ista</em></strong></span> <span class='ocrx_word' id='word_1_100' title='bbox 1563 1130 1732 1184; x_wconf 89' lang='lat' dir='ltr'><strong><em>oblati</em></strong></span> <span class='ocrx_word' id='word_1_101' title='bbox 1804 1132 2185 1198; x_wconf 73' lang='lat' dir='ltr'><strong><em>repudiatione</em></strong></span> <span class='ocrx_word' id='word_1_102' title='bbox 2259 1131 2450 1184; x_wconf 82' lang='lat' dir='ltr'><strong><em>fucosa</em></strong></span> <span class='ocrx_word' id='word_1_103' title='bbox 2507 1130 2740 1184; x_wconf 79' lang='lat' dir='ltr'><strong><em>validius</em></strong></span> <span class='ocrx_word' id='word_1_104' title='bbox 2792 1145 3056 1199; x_wconf 82' lang='lat' dir='ltr'><strong><em>prensans</em></strong></span> <span class='ocrx_word' id='word_1_105' title='bbox 3107 1128 3421 1198; x_wconf 78' lang='lat' dir='ltr'><strong><em>certiusque</em></strong></span> <span class='ocrx_word' id='word_1_106' title='bbox 3475 1128 3578 1183; x_wconf 87' lang='lat' dir='ltr'><strong><em>sibi</em></strong></span> <span class='ocrx_word' id='word_1_107' title='bbox 3633 1128 3832 1191; x_wconf 72' lang='lat' dir='ltr'><strong><em>fumans,</em></strong></span> 
     </span>
    </p>
   </div>
   <div class='ocr_carea' id='block_1_10' title="bbox 616 1221 3831 1297">
    <p class='ocr_par' dir='ltr' id='par_1_10' title="bbox 616 1221 3831 1297">
     <span class='ocr_line' id='line_1_10' title="bbox 616 1221 3831 1297; baseline -0.002 -16"><span class='ocrx_word' id='word_1_108' title='bbox 616 1228 756 1297; x_wconf 78' lang='lat' dir='ltr'><strong><em>Ergo</em></strong></span> <span class='ocrx_word' id='word_1_109' title='bbox 789 1226 882 1280; x_wconf 84' lang='lat' dir='ltr'><strong><em>ubi</em></strong></span> <span class='ocrx_word' id='word_1_110' title='bbox 918 1226 1117 1280; x_wconf 84' lang='lat' dir='ltr'><strong><em>multas</em></strong></span> <span class='ocrx_word' id='word_1_111' title='bbox 1166 1224 1491 1280; x_wconf 82' lang='lat' dir='ltr'><strong>veteratorie</strong></span> <span class='ocrx_word' id='word_1_112' title='bbox 1546 1222 1836 1293; x_wconf 72' lang='lat' dir='ltr'><strong><em>praetexuit</em></strong></span> <span class='ocrx_word' id='word_1_113' title='bbox 1891 1221 2194 1290; x_wconf 74' lang='lat' dir='ltr'><strong><em>refugiendi</em></strong></span> <span class='ocrx_word' id='word_1_114' title='bbox 2237 1222 2438 1275; x_wconf 87' lang='lat' dir='ltr'><strong><em>summi</em></strong></span> <span class='ocrx_word' id='word_1_115' title='bbox 2476 1222 2577 1275; x_wconf 90' lang='lat' dir='ltr'><strong><em>loci</em></strong></span> <span class='ocrx_word' id='word_1_116' title='bbox 2610 1238 2833 1287; x_wconf 83' lang='lat' dir='ltr'><strong><em>causas,</em></strong></span> <span class='ocrx_word' id='word_1_117' title='bbox 2879 1238 3016 1291; x_wconf 88' lang='lat' dir='ltr'><strong><em>quas</em></strong></span> <span class='ocrx_word' id='word_1_118' title='bbox 3054 1236 3118 1275; x_wconf 92' lang='lat' dir='ltr'><strong><em>eo</em></strong></span> <span class='ocrx_word' id='word_1_119' title='bbox 3156 1222 3340 1274; x_wconf 88' lang='lat' dir='ltr'><strong><em>animo</em></strong></span> <span class='ocrx_word' id='word_1_120' title='bbox 3406 1236 3578 1286; x_wconf 86' lang='lat' dir='ltr'><strong><em>eoque</em></strong></span> <span class='ocrx_word' id='word_1_121' title='bbox 3648 1224 3831 1275; x_wconf 75' lang='lat' dir='ltr'><strong><em>artiﬁcio</em></strong></span> 
     </span>
    </p>
   </div>
   <div class='ocr_carea' id='block_1_11' title="bbox 616 1314 3832 1390">
    <p class='ocr_par' dir='ltr' id='par_1_11' title="bbox 616 1314 3832 1390">
     <span class='ocr_line' id='line_1_11' title="bbox 616 1314 3832 1390; baseline -0.001 -20"><span class='ocrx_word' id='word_1_122' title='bbox 616 1322 953 1390; x_wconf 55' lang='lat' dir='ltr'><strong><em>proponebat</em></strong></span> <span class='ocrx_word' id='word_1_123' title='bbox 993 1333 1184 1373; x_wconf 88' lang='lat' dir='ltr'><strong><em>omnes</em></strong></span> <span class='ocrx_word' id='word_1_124' title='bbox 1230 1324 1287 1369; x_wconf 92' lang='lat' dir='ltr'><strong><em>ut</em></strong></span> <span class='ocrx_word' id='word_1_125' title='bbox 1323 1317 1485 1387; x_wconf 85' lang='lat' dir='ltr'><strong>plane</strong></span> <span class='ocrx_word' id='word_1_126' title='bbox 1521 1315 1858 1369; x_wconf 86' lang='lat' dir='ltr'><strong><em>contrarium</em></strong></span> <span class='ocrx_word' id='word_1_127' title='bbox 1894 1314 2287 1380; x_wconf 79' lang='lat' dir='ltr'><strong>persuaderent</strong></span> <span class='ocrx_word' id='word_1_128' title='bbox 2314 1332 2329 1368; x_wconf 87' lang='lat'><strong>:</strong></span> <span class='ocrx_word' id='word_1_129' title='bbox 2356 1315 2574 1369; x_wconf 88' lang='lat' dir='ltr'><strong><em>tandem</em></strong></span> <span class='ocrx_word' id='word_1_130' title='bbox 2601 1323 2656 1368; x_wconf 91' lang='lat' dir='ltr'><strong><em>ut</em></strong></span> <span class='ocrx_word' id='word_1_131' title='bbox 2717 1315 2885 1369; x_wconf 84' lang='lat' dir='ltr'><strong><em>videri</em></strong></span> <span class='ocrx_word' id='word_1_132' title='bbox 2954 1316 3124 1370; x_wconf 89' lang='lat' dir='ltr'><strong><em>voluit</em></strong></span> <span class='ocrx_word' id='word_1_133' title='bbox 3184 1323 3493 1385; x_wconf 75' lang='lat' dir='ltr'><strong><em>expugnata</em></strong></span> <span class='ocrx_word' id='word_1_134' title='bbox 3550 1318 3832 1375; x_wconf 74' lang='lat' dir='ltr'><strong><em>constantis,</em></strong></span> 
     </span>
    </p>
   </div>
   <div class='ocr_carea' id='block_1_12' title="bbox 617 1406 3834 1481">
    <p class='ocr_par' dir='ltr' id='par_1_12' title="bbox 617 1406 3834 1481">
     <span class='ocr_line' id='line_1_12' title="bbox 617 1406 3834 1481; baseline -0.002 -12"><span class='ocrx_word' id='word_1_135' title='bbox 617 1422 769 1469; x_wconf 86' lang='lat' dir='ltr'><strong><em>tanto</em></strong></span> <span class='ocrx_word' id='word_1_136' title='bbox 831 1426 1115 1481; x_wconf 84' lang='lat' dir='ltr'><strong><em>proccium</em></strong></span> <span class='ocrx_word' id='word_1_137' title='bbox 1172 1410 1466 1463; x_wconf 87' lang='lat' dir='ltr'><strong>consensui</strong></span> <span class='ocrx_word' id='word_1_138' title='bbox 1517 1409 1692 1461; x_wconf 86' lang='lat' dir='ltr'><strong><em>victas</em></strong></span> <span class='ocrx_word' id='word_1_139' title='bbox 1746 1422 1940 1460; x_wconf 89' lang='lat' dir='ltr'><strong><em>manus</em></strong></span> <span class='ocrx_word' id='word_1_140' title='bbox 1991 1406 2196 1459; x_wconf 88' lang='lat' dir='ltr'><strong><em>invitus</em></strong></span> <span class='ocrx_word' id='word_1_141' title='bbox 2239 1406 2449 1461; x_wconf 76' lang='lat' dir='ltr'><strong><em>scilicet</em></strong></span> <span class='ocrx_word' id='word_1_142' title='bbox 2487 1407 2655 1461; x_wconf 83' lang='lat' dir='ltr'><strong><em>dedit.</em></strong></span> <span class='ocrx_word' id='word_1_143' title='bbox 2698 1407 2926 1473; x_wconf 81' lang='lat' dir='ltr'><strong><em>Quando</em></strong></span> <span class='ocrx_word' id='word_1_144' title='bbox 2960 1417 3013 1461; x_wconf 89' lang='lat' dir='ltr'><strong><em>ct</em></strong></span> <span class='ocrx_word' id='word_1_145' title='bbox 3084 1410 3344 1478; x_wconf 85' lang='lat' dir='ltr'><strong><em>reliquam</em></strong></span> <span class='ocrx_word' id='word_1_146' title='bbox 3426 1408 3567 1461; x_wconf 83' lang='lat' dir='ltr'><strong><em>lianc</em></strong></span> <span class='ocrx_word' id='word_1_147' title='bbox 3621 1408 3683 1461; x_wconf 85' lang='lat' dir='ltr'><strong><em>ad</em></strong></span> <span class='ocrx_word' id='word_1_148' title='bbox 3725 1410 3834 1478; x_wconf 82' lang='lat' dir='ltr'><strong><em>ipsos</em></strong></span> 
     </span>
    </p>
   </div>
   <div class='ocr_carea' id='block_1_13' title="bbox 615 1499 3832 1574">
    <p class='ocr_par' dir='ltr' id='par_1_13' title="bbox 615 1499 3832 1574">
     <span class='ocr_line' id='line_1_13' title="bbox 615 1499 3832 1574; baseline -0.002 -13"><span class='ocrx_word' id='word_1_149' title='bbox 615 1508 918 1562; x_wconf 87' lang='lat' dir='ltr'><strong><em>orationem</em></strong></span> <span class='ocrx_word' id='word_1_150' title='bbox 953 1504 1005 1557; x_wconf 91' lang='lat' dir='ltr'><strong><em>iu</em></strong></span> <span class='ocrx_word' id='word_1_151' title='bbox 1044 1502 1185 1557; x_wconf 86' lang='lat' dir='ltr'><strong><em>hunc</em></strong></span> <span class='ocrx_word' id='word_1_152' title='bbox 1215 1502 1436 1557; x_wconf 87' lang='lat' dir='ltr'><strong><em>modum</em></strong></span> <span class='ocrx_word' id='word_1_153' title='bbox 1477 1499 1750 1570; x_wconf 80' lang='lat' dir='ltr'><strong>pertexuit</strong></span> <span class='ocrx_word' id='word_1_154' title='bbox 1789 1518 1802 1554; x_wconf 91' lang='lat'><strong>:</strong></span> <span class='ocrx_word' id='word_1_155' title='bbox 1837 1499 2031 1554; x_wconf 79' lang='lat' dir='ltr'><strong><em>Audite</em></strong></span> <span class='ocrx_word' id='word_1_156' title='bbox 2060 1516 2232 1554; x_wconf 87' lang='lat' dir='ltr'><strong><em>meum</em></strong></span> <span class='ocrx_word' id='word_1_157' title='bbox 2269 1502 2570 1568; x_wconf 73' lang='lat' dir='ltr'><strong><em>consilium,</em></strong></span> <span class='ocrx_word' id='word_1_158' title='bbox 2602 1504 2813 1557; x_wconf 81' lang='lat' dir='ltr'><strong><em>comites</em></strong></span> <span class='ocrx_word' id='word_1_159' title='bbox 2845 1504 3140 1574; x_wconf 84' lang='lat' dir='ltr'><strong><em>militesque</em></strong></span> <span class='ocrx_word' id='word_1_160' title='bbox 3200 1504 3408 1573; x_wconf 83' lang='lat' dir='ltr'><strong><em>reliqui.</em></strong></span> <span class='ocrx_word' id='word_1_161' title='bbox 3441 1501 3832 1571; x_wconf 82' lang='lat' dir='ltr'><strong><em>Quandoquidem</em></strong></span> 
     </span>
    </p>
   </div>
   <div class='ocr_carea' id='block_1_14' title="bbox 518 1592 3833 1666">
    <p class='ocr_par' dir='ltr' id='par_1_14' title="bbox 518 1592 3833 1666">
     <span class='ocr_line' id='line_1_14' title="bbox 518 1592 3833 1666; baseline -0.001 -14"><span class='ocrx_word' id='word_1_162' title='bbox 518 1592 524 1600; x_wconf 83' lang='grc'><strong>’</strong></span> <span class='ocrx_word' id='word_1_163' title='bbox 616 1601 797 1653; x_wconf 83' lang='lat' dir='ltr'><strong><em>relicta</em></strong></span> <span class='ocrx_word' id='word_1_164' title='bbox 826 1614 999 1650; x_wconf 87' lang='lat' dir='ltr'><strong><em>omnes</em></strong></span> <span class='ocrx_word' id='word_1_165' title='bbox 1018 1595 1191 1666; x_wconf 84' lang='lat' dir='ltr'><strong><em>patria</em></strong></span> <span class='ocrx_word' id='word_1_166' title='bbox 1212 1594 1311 1646; x_wconf 81' lang='lat' dir='ltr'><strong><em>Ituc</em></strong></span> <span class='ocrx_word' id='word_1_167' title='bbox 1329 1593 1592 1663; x_wconf 84' lang='lat' dir='ltr'><strong><em>progressi</em></strong></span> <span class='ocrx_word' id='word_1_168' title='bbox 1618 1603 1821 1645; x_wconf 84' lang='lat' dir='ltr'><strong><em>stamus</em></strong></span> <span class='ocrx_word' id='word_1_169' title='bbox 1848 1594 1901 1645; x_wconf 89' lang='lat' dir='ltr'><strong><em>in</em></strong></span> <span class='ocrx_word' id='word_1_170' title='bbox 1957 1594 2237 1660; x_wconf 80' lang='lat' dir='ltr'><strong><em>procinctu</em></strong></span> <span class='ocrx_word' id='word_1_171' title='bbox 2314 1593 2382 1646; x_wconf 88' lang='lat' dir='ltr'><strong><em>ad</em></strong></span> <span class='ocrx_word' id='word_1_172' title='bbox 2408 1594 2791 1648; x_wconf 88' lang='lat' dir='ltr'><strong><em>decernendum</em></strong></span> <span class='ocrx_word' id='word_1_173' title='bbox 2823 1598 2933 1650; x_wconf 82' lang='lat' dir='ltr'><strong><em>acie</em></strong></span> <span class='ocrx_word' id='word_1_174' title='bbox 2960 1612 3076 1648; x_wconf 89' lang='lat' dir='ltr'><strong><em>cum</em></strong></span> <span class='ocrx_word' id='word_1_175' title='bbox 3105 1598 3421 1666; x_wconf 82' lang='lat' dir='ltr'><strong><em>imperatore</em></strong></span> <span class='ocrx_word' id='word_1_176' title='bbox 3460 1594 3833 1650; x_wconf 62' lang='lat' dir='ltr'><strong><em>bellicosissima.</em></strong></span> 
     </span>
    </p>
   </div>
   <div class='ocr_carea' id='block_1_15' title="bbox 612 1686 3835 1766">
    <p class='ocr_par' dir='ltr' id='par_1_15' title="bbox 612 1686 3835 1766">
     <span class='ocr_line' id='line_1_15' title="bbox 612 1686 3835 1766; baseline -0.001 -20"><span class='ocrx_word' id='word_1_177' title='bbox 612 1694 702 1766; x_wconf 85' lang='lat' dir='ltr'><strong><em>qui</em></strong></span> <span class='ocrx_word' id='word_1_178' title='bbox 750 1708 914 1761; x_wconf 89' lang='lat' dir='ltr'><strong><em>nuper</em></strong></span> <span class='ocrx_word' id='word_1_179' title='bbox 967 1688 1251 1743; x_wconf 83' lang='lat' dir='ltr'><strong><em>admodum</em></strong></span> <span class='ocrx_word' id='word_1_180' title='bbox 1297 1690 1515 1758; x_wconf 87' lang='lat' dir='ltr'><strong><em>adeptus</em></strong></span> <span class='ocrx_word' id='word_1_181' title='bbox 1572 1702 1789 1755; x_wconf 85' lang='lat' dir='ltr'><strong><em>regnum</em></strong></span> <span class='ocrx_word' id='word_1_182' title='bbox 1831 1686 1963 1739; x_wconf 79' lang='lat' dir='ltr'><strong><em>nihil</em></strong></span> <span class='ocrx_word' id='word_1_183' title='bbox 2002 1688 2180 1755; x_wconf 80' lang='lat' dir='ltr'><strong><em>utique</em></strong></span> <span class='ocrx_word' id='word_1_184' title='bbox 2217 1686 2319 1738; x_wconf 89' lang='lat' dir='ltr'><strong><em>sibi</em></strong></span> <span class='ocrx_word' id='word_1_185' title='bbox 2348 1687 2507 1755; x_wconf 78' lang='lat' dir='ltr'><strong><em>faciet</em></strong></span> <span class='ocrx_word' id='word_1_186' title='bbox 2543 1688 2729 1757; x_wconf 58' lang='lat' dir='ltr'><strong><em>reliqui</em></strong></span> <span class='ocrx_word' id='word_1_187' title='bbox 2758 1689 2827 1741; x_wconf 86' lang='lat' dir='ltr'><strong><em>ad</em></strong></span> <span class='ocrx_word' id='word_1_188' title='bbox 2857 1706 3060 1745; x_wconf 82' lang='lat' dir='ltr'><strong><em>ant-nent</em></strong></span> <span class='ocrx_word' id='word_1_189' title='bbox 3102 1699 3271 1742; x_wconf 85' lang='lat' dir='ltr'><strong><em>artem</em></strong></span> <span class='ocrx_word' id='word_1_190' title='bbox 3335 1697 3704 1753; x_wconf 85' lang='lat' dir='ltr'><strong><em>conatumque,</em></strong></span> <span class='ocrx_word' id='word_1_191' title='bbox 3760 1708 3835 1758; x_wconf 84' lang='lat' dir='ltr'><strong><em>quo</em></strong></span> 
     </span>
    </p>
   </div>
   <div class='ocr_carea' id='block_1_16' title="bbox 613 1778 3837 1856">
    <p class='ocr_par' dir='ltr' id='par_1_16' title="bbox 613 1778 3837 1856">
     <span class='ocr_line' id='line_1_16' title="bbox 613 1778 3837 1856; baseline -0.001 -16"><span class='ocrx_word' id='word_1_192' title='bbox 613 1790 849 1856; x_wconf 84' lang='lat' dir='ltr'><strong><em>auspicia</em></strong></span> <span class='ocrx_word' id='word_1_193' title='bbox 880 1787 1205 1854; x_wconf 83' lang='lat' dir='ltr'><strong><em>principatus</em></strong></span> <span class='ocrx_word' id='word_1_194' title='bbox 1244 1782 1325 1834; x_wconf 89' lang='lat' dir='ltr'><strong><em>sui</em></strong></span> <span class='ocrx_word' id='word_1_195' title='bbox 1364 1782 1537 1849; x_wconf 88' lang='lat' dir='ltr'><strong><em>potius</em></strong></span> <span class='ocrx_word' id='word_1_196' title='bbox 1572 1780 1807 1832; x_wconf 82' lang='lat' dir='ltr'><strong><em>honestet</em></strong></span> <span class='ocrx_word' id='word_1_197' title='bbox 1842 1780 2060 1834; x_wconf 81' lang='lat' dir='ltr'><strong><em>victoria</em></strong></span> <span class='ocrx_word' id='word_1_198' title='bbox 2101 1778 2312 1841; x_wconf 89' lang='lat' dir='ltr'><strong><em>celebri,</em></strong></span> <span class='ocrx_word' id='word_1_199' title='bbox 2345 1797 2503 1849; x_wconf 90' lang='lat' dir='ltr'><strong><em>quam</em></strong></span> <span class='ocrx_word' id='word_1_200' title='bbox 2534 1787 2791 1851; x_wconf 89' lang='lat' dir='ltr'><strong><em>probrosa</em></strong></span> <span class='ocrx_word' id='word_1_201' title='bbox 2817 1782 2965 1836; x_wconf 85' lang='lat' dir='ltr'><strong><em>clade</em></strong></span> <span class='ocrx_word' id='word_1_202' title='bbox 3027 1783 3318 1836; x_wconf 86' lang='lat' dir='ltr'><strong><em>dedecoret.</em></strong></span> <span class='ocrx_word' id='word_1_203' title='bbox 3388 1780 3487 1835; x_wconf 86' lang='lat' dir='ltr'><strong><em>Est</em></strong></span> <span class='ocrx_word' id='word_1_204' title='bbox 3563 1791 3732 1835; x_wconf 80' lang='lat' dir='ltr'><strong><em>autem</em></strong></span> <span class='ocrx_word' id='word_1_205' title='bbox 3779 1785 3837 1843; x_wconf 76' lang='lat' dir='ltr'><strong><em>illi</em></strong></span> 
     </span>
    </p>
   </div>
   <div class='ocr_carea' id='block_1_17' title="bbox 613 1875 3837 1949">
    <p class='ocr_par' dir='ltr' id='par_1_17' title="bbox 613 1875 3837 1949">
     <span class='ocr_line' id='line_1_17' title="bbox 613 1875 3837 1949; baseline -0.002 -10"><span class='ocrx_word' id='word_1_206' title='bbox 613 1902 716 1939; x_wconf 89' lang='lat' dir='ltr'><strong><em>non</em></strong></span> <span class='ocrx_word' id='word_1_207' title='bbox 758 1886 1018 1939; x_wconf 88' lang='lat' dir='ltr'><strong><em>insuetum</em></strong></span> <span class='ocrx_word' id='word_1_208' title='bbox 1072 1882 1291 1942; x_wconf 77' lang='lat' dir='ltr'><strong><em>vincere,</em></strong></span> <span class='ocrx_word' id='word_1_209' title='bbox 1338 1879 1426 1948; x_wconf 87' lang='lat' dir='ltr'><strong><em>qui</em></strong></span> <span class='ocrx_word' id='word_1_210' title='bbox 1467 1879 1561 1930; x_wconf 88' lang='lat' dir='ltr'><strong><em>sub</em></strong></span> <span class='ocrx_word' id='word_1_211' title='bbox 1610 1878 1875 1945; x_wconf 85' lang='lat' dir='ltr'><strong><em>prioribus</em></strong></span> <span class='ocrx_word' id='word_1_212' title='bbox 1935 1877 2186 1946; x_wconf 81' lang='lat' dir='ltr'><strong><em>Augustis</em></strong></span> <span class='ocrx_word' id='word_1_213' title='bbox 2231 1875 2399 1930; x_wconf 88' lang='lat' dir='ltr'><strong><em>multa</em></strong></span> <span class='ocrx_word' id='word_1_214' title='bbox 2439 1887 2486 1931; x_wconf 88' lang='lat' dir='ltr'><strong><em>et</em></strong></span> <span class='ocrx_word' id='word_1_215' title='bbox 2540 1895 2734 1947; x_wconf 86' lang='lat' dir='ltr'><strong><em>magna</em></strong></span> <span class='ocrx_word' id='word_1_216' title='bbox 2769 1878 2901 1931; x_wconf 81' lang='lat' dir='ltr'><strong><em>bella</em></strong></span> <span class='ocrx_word' id='word_1_217' title='bbox 2947 1880 3261 1948; x_wconf 78' lang='lat' dir='ltr'><strong><em>confecerit,</em></strong></span> <span class='ocrx_word' id='word_1_218' title='bbox 3344 1887 3695 1949; x_wconf 81' lang='lat' dir='ltr'><strong><em>tyrannosque</em></strong></span> <span class='ocrx_word' id='word_1_219' title='bbox 3762 1899 3837 1937; x_wconf 78' lang='lat' dir='ltr'><strong><em>ncn</em></strong></span> 
     </span>
    </p>
   </div>
   <div class='ocr_carea' id='block_1_18' title="bbox 608 1968 3834 2049">
    <p class='ocr_par' dir='ltr' id='par_1_18' title="bbox 608 1968 3834 2049">
     <span class='ocr_line' id='line_1_18' title="bbox 608 1968 3834 2049; baseline -0 -18"><span class='ocrx_word' id='word_1_220' title='bbox 608 1995 804 2049; x_wconf 77' lang='lat' dir='ltr'><strong><em>paucos</em></strong></span> <span class='ocrx_word' id='word_1_221' title='bbox 897 1979 1059 2032; x_wconf 85' lang='lat' dir='ltr'><strong><em>uictos</em></strong></span> <span class='ocrx_word' id='word_1_222' title='bbox 1146 1975 1261 2027; x_wconf 89' lang='lat' dir='ltr'><strong><em>acie</em></strong></span> <span class='ocrx_word' id='word_1_223' title='bbox 1312 1982 1598 2042; x_wconf 88' lang='lat' dir='ltr'><strong><em>captosque</em></strong></span> <span class='ocrx_word' id='word_1_224' title='bbox 1648 1968 1955 2022; x_wconf 71' lang='lat' dir='ltr'><strong><em>adduxerit.</em></strong></span> <span class='ocrx_word' id='word_1_225' title='bbox 1993 1970 2263 2034; x_wconf 79' lang='lat' dir='ltr'><strong><em>Quoniam</em></strong></span> <span class='ocrx_word' id='word_1_226' title='bbox 2301 1972 2434 2036; x_wconf 76' lang='lat' dir='ltr'><strong><em>lucc,</em></strong></span> <span class='ocrx_word' id='word_1_227' title='bbox 2469 1972 2709 2039; x_wconf 86' lang='lat' dir='ltr'><strong><em>inquam,</em></strong></span> <span class='ocrx_word' id='word_1_228' title='bbox 2754 1972 2829 2023; x_wconf 90' lang='lat' dir='ltr'><strong><em>ita</em></strong></span> <span class='ocrx_word' id='word_1_229' title='bbox 2878 1981 3000 2025; x_wconf 91' lang='lat' dir='ltr'><strong><em>sunt</em></strong></span> <span class='ocrx_word' id='word_1_230' title='bbox 3031 1982 3139 2026; x_wconf 92' lang='lat' dir='ltr'><strong><em>toto</em></strong></span> <span class='ocrx_word' id='word_1_231' title='bbox 3173 1975 3351 2029; x_wconf 87' lang='lat' dir='ltr'><strong><em>animo</em></strong></span> <span class='ocrx_word' id='word_1_232' title='bbox 3404 1981 3617 2044; x_wconf 85' lang='lat' dir='ltr'><strong><em>totoque</em></strong></span> <span class='ocrx_word' id='word_1_233' title='bbox 3650 1988 3834 2043; x_wconf 77' lang='lat' dir='ltr'><strong><em>pectore,</em></strong></span> 
     </span>
    </p>
   </div>
   <div class='ocr_carea' id='block_1_19' title="bbox 607 2065 3840 2143">
    <p class='ocr_par' dir='ltr' id='par_1_19' title="bbox 607 2065 3840 2143">
     <span class='ocr_line' id='line_1_19' title="bbox 607 2065 3840 2143; baseline 0 -15"><span class='ocrx_word' id='word_1_234' title='bbox 607 2075 757 2128; x_wconf 90' lang='lat' dir='ltr'><strong><em>nobis</em></strong></span> <span class='ocrx_word' id='word_1_235' title='bbox 794 2074 1028 2127; x_wconf 84' lang='lat' dir='ltr'><strong><em>arbitror</em></strong></span> <span class='ocrx_word' id='word_1_236' title='bbox 1058 2072 1191 2124; x_wconf 83' lang='lat' dir='ltr'><strong><em>hanc</em></strong></span> <span class='ocrx_word' id='word_1_237' title='bbox 1224 2085 1453 2140; x_wconf 79' lang='lat' dir='ltr'><strong><em>pugnant</em></strong></span> <span class='ocrx_word' id='word_1_238' title='bbox 1489 2082 1600 2119; x_wconf 85' lang='lat' dir='ltr'><strong><em>esse</em></strong></span> <span class='ocrx_word' id='word_1_239' title='bbox 1650 2065 2045 2135; x_wconf 88' lang='lat' dir='ltr'><strong><em>capessendam,</em></strong></span> <span class='ocrx_word' id='word_1_240' title='bbox 2118 2066 2353 2119; x_wconf 85' lang='lat' dir='ltr'><strong><em>omnium</em></strong></span> <span class='ocrx_word' id='word_1_241' title='bbox 2420 2069 2617 2121; x_wconf 86' lang='lat' dir='ltr'><strong><em>securis</em></strong></span> <span class='ocrx_word' id='word_1_242' title='bbox 2661 2084 2833 2122; x_wconf 88' lang='lat' dir='ltr'><strong><em>rerum</em></strong></span> <span class='ocrx_word' id='word_1_243' title='bbox 2878 2069 3109 2123; x_wconf 84' lang='lat' dir='ltr'><strong><em>aliarum</em></strong></span> <span class='ocrx_word' id='word_1_244' title='bbox 3192 2080 3545 2143; x_wconf 80' lang='lat' dir='ltr'><strong><em>praterquam</em></strong></span> <span class='ocrx_word' id='word_1_245' title='bbox 3611 2073 3840 2138; x_wconf 73' lang='lat' dir='ltr'><strong><em>uictoria;</em></strong></span> 
     </span>
    </p>
   </div>
   <div class='ocr_carea' id='block_1_20' title="bbox 608 2162 3839 2239">
    <p class='ocr_par' dir='ltr' id='par_1_20' title="bbox 608 2162 3839 2239">
     <span class='ocr_line' id='line_1_20' title="bbox 608 2162 3839 2239; baseline 0.002 -17"><span class='ocrx_word' id='word_1_246' title='bbox 608 2186 766 2239; x_wconf 91' lang='lat' dir='ltr'><strong><em>quam</em></strong></span> <span class='ocrx_word' id='word_1_247' title='bbox 812 2169 859 2223; x_wconf 90' lang='lat' dir='ltr'><strong><em>si</em></strong></span> <span class='ocrx_word' id='word_1_248' title='bbox 910 2168 1047 2222; x_wconf 87' lang='lat' dir='ltr'><strong><em>Deus</em></strong></span> <span class='ocrx_word' id='word_1_249' title='bbox 1101 2165 1372 2227; x_wconf 84' lang='lat' dir='ltr'><strong><em>annuerit,</em></strong></span> <span class='ocrx_word' id='word_1_250' title='bbox 1406 2164 1610 2216; x_wconf 87' lang='lat' dir='ltr'><strong><em>abunde</em></strong></span> <span class='ocrx_word' id='word_1_251' title='bbox 1686 2162 1869 2214; x_wconf 70' lang='lat' dir='ltr'><strong><em>diuites</em></strong></span> <span class='ocrx_word' id='word_1_252' title='bbox 1954 2166 2265 2231; x_wconf 84' lang='lat' dir='ltr'><strong><em>copioseque</em></strong></span> <span class='ocrx_word' id='word_1_253' title='bbox 2303 2164 2551 2216; x_wconf 86' lang='lat' dir='ltr'><strong><em>instructi</em></strong></span> <span class='ocrx_word' id='word_1_254' title='bbox 2596 2165 2793 2223; x_wconf 84' lang='lat' dir='ltr'><strong><em>erimus</em></strong></span> <span class='ocrx_word' id='word_1_255' title='bbox 2849 2175 2905 2219; x_wconf 91' lang='lat' dir='ltr'><strong><em>ut</em></strong></span> <span class='ocrx_word' id='word_1_256' title='bbox 2961 2176 3309 2236; x_wconf 70' lang='lat' dir='ltr'><strong><em>prazterquam</em></strong></span> <span class='ocrx_word' id='word_1_257' title='bbox 3361 2170 3671 2233; x_wconf 80' lang='lat' dir='ltr'><strong><em>inconsulti,</em></strong></span> <span class='ocrx_word' id='word_1_258' title='bbox 3715 2176 3839 2227; x_wconf 80' lang='lat' dir='ltr'><strong><em>etiam</em></strong></span> 
     </span>
    </p>
   </div>
   <div class='ocr_carea' id='block_1_21' title="bbox 607 2260 3842 2335">
    <p class='ocr_par' dir='ltr' id='par_1_21' title="bbox 607 2260 3842 2335">
     <span class='ocr_line' id='line_1_21' title="bbox 607 2260 3842 2335; baseline -0 -14"><span class='ocrx_word' id='word_1_259' title='bbox 607 2270 762 2321; x_wconf 73' lang='lat' dir='ltr'><strong><em>exilis</em></strong></span> <span class='ocrx_word' id='word_1_260' title='bbox 803 2266 1120 2335; x_wconf 87' lang='lat' dir='ltr'><strong><em>angustique</em></strong></span> <span class='ocrx_word' id='word_1_261' title='bbox 1165 2264 1233 2319; x_wconf 84' lang='lat' dir='ltr'><strong><em>sit</em></strong></span> <span class='ocrx_word' id='word_1_262' title='bbox 1275 2263 1440 2315; x_wconf 88' lang='lat' dir='ltr'><strong><em>animi</em></strong></span> <span class='ocrx_word' id='word_1_263' title='bbox 1480 2275 1546 2315; x_wconf 68' lang='lat' dir='ltr'><strong><em>ex</em></strong></span> <span class='ocrx_word' id='word_1_264' title='bbox 1595 2260 1927 2329; x_wconf 86' lang='lat' dir='ltr'><strong><em>parcimonia</em></strong></span> <span class='ocrx_word' id='word_1_265' title='bbox 1972 2261 2219 2327; x_wconf 77' lang='lat' dir='ltr'><strong><em>pra-senti</em></strong></span> <span class='ocrx_word' id='word_1_266' title='bbox 2259 2260 2361 2314; x_wconf 87' lang='lat' dir='ltr'><strong><em>sibi</em></strong></span> <span class='ocrx_word' id='word_1_267' title='bbox 2392 2261 2445 2313; x_wconf 86' lang='lat' dir='ltr'><strong><em>in</em></strong></span> <span class='ocrx_word' id='word_1_268' title='bbox 2481 2271 2682 2330; x_wconf 83' lang='lat' dir='ltr'><strong><em>tempus</em></strong></span> <span class='ocrx_word' id='word_1_269' title='bbox 2716 2264 2860 2315; x_wconf 85' lang='lat' dir='ltr'><strong><em>istud</em></strong></span> <span class='ocrx_word' id='word_1_270' title='bbox 2902 2264 3029 2319; x_wconf 82' lang='lat' dir='ltr'><strong><em>velle</em></strong></span> <span class='ocrx_word' id='word_1_271' title='bbox 3059 2267 3355 2319; x_wconf 84' lang='lat' dir='ltr'><strong><em>consulere.</em></strong></span> <span class='ocrx_word' id='word_1_272' title='bbox 3395 2263 3521 2319; x_wconf 85' lang='lat' dir='ltr'><strong><em>Non</em></strong></span> <span class='ocrx_word' id='word_1_273' title='bbox 3554 2267 3691 2319; x_wconf 83' lang='lat' dir='ltr'><strong><em>enim</em></strong></span> <span class='ocrx_word' id='word_1_274' title='bbox 3752 2274 3842 2335; x_wconf 64' lang='lat' dir='ltr'><strong><em>jarn</em></strong></span> 
     </span>
    </p>
   </div>
   <div class='ocr_carea' id='block_1_22' title="bbox 607 2354 3842 2429">
    <p class='ocr_par' dir='ltr' id='par_1_22' title="bbox 607 2354 3842 2429">
     <span class='ocr_line' id='line_1_22' title="bbox 607 2354 3842 2429; baseline -0.001 -16"><span class='ocrx_word' id='word_1_275' title='bbox 607 2363 857 2416; x_wconf 78' lang='lat' dir='ltr'><strong><em>dubitabo</em></strong></span> <span class='ocrx_word' id='word_1_276' title='bbox 881 2361 1053 2415; x_wconf 83' lang='lat' dir='ltr'><strong><em>dicere</em></strong></span> <span class='ocrx_word' id='word_1_277' title='bbox 1084 2358 1209 2428; x_wconf 87' lang='lat' dir='ltr'><strong><em>quid</em></strong></span> <span class='ocrx_word' id='word_1_278' title='bbox 1242 2357 1414 2421; x_wconf 79' lang='lat' dir='ltr'><strong><em>velim,</em></strong></span> <span class='ocrx_word' id='word_1_279' title='bbox 1446 2354 1632 2424; x_wconf 88' lang='lat' dir='ltr'><strong><em>quidve</em></strong></span> <span class='ocrx_word' id='word_1_280' title='bbox 1662 2356 2019 2412; x_wconf 79' lang='lat' dir='ltr'><strong><em>necessarium</em></strong></span> <span class='ocrx_word' id='word_1_281' title='bbox 2060 2356 2203 2425; x_wconf 83' lang='lat' dir='ltr'><strong><em>factu</em></strong></span> <span class='ocrx_word' id='word_1_282' title='bbox 2244 2356 2496 2409; x_wconf 88' lang='lat' dir='ltr'><strong><em>arbitrer.</em></strong></span> <span class='ocrx_word' id='word_1_283' title='bbox 2521 2354 2693 2409; x_wconf 89' lang='lat' dir='ltr'><strong><em>Plane</em></strong></span> <span class='ocrx_word' id='word_1_284' title='bbox 2734 2366 2960 2424; x_wconf 83' lang='lat' dir='ltr'><strong><em>oportet,</em></strong></span> <span class='ocrx_word' id='word_1_285' title='bbox 2986 2358 3161 2426; x_wconf 87' lang='lat' dir='ltr'><strong><em>itaque</em></strong></span> <span class='ocrx_word' id='word_1_286' title='bbox 3193 2357 3364 2422; x_wconf 82' lang='lat' dir='ltr'><strong><em>iubeo,</em></strong></span> <span class='ocrx_word' id='word_1_287' title='bbox 3409 2375 3535 2412; x_wconf 84' lang='lat' dir='ltr'><strong><em>uasa</em></strong></span> <span class='ocrx_word' id='word_1_288' title='bbox 3584 2360 3842 2429; x_wconf 84' lang='lat' dir='ltr'><strong><em>supellecti-</em></strong></span> 
     </span>
    </p>
   </div>
   <div class='ocr_carea' id='block_1_23' title="bbox 611 2451 2188 2526">
    <p class='ocr_par' dir='ltr' id='par_1_23' title="bbox 611 2451 2180 2526">
     <span class='ocr_line' id='line_1_23' title="bbox 611 2451 2180 2526; baseline -0.006 -15"><span class='ocrx_word' id='word_1_289' title='bbox 611 2459 785 2526; x_wconf 83' lang='lat' dir='ltr'><strong><em>liaque</em></strong></span> <span class='ocrx_word' id='word_1_290' title='bbox 850 2470 1026 2512; x_wconf 86' lang='lat' dir='ltr'><strong><em>nostra</em></strong></span> <span class='ocrx_word' id='word_1_291' title='bbox 1092 2465 1285 2509; x_wconf 87' lang='lat' dir='ltr'><strong><em>cuncta</em></strong></span> <span class='ocrx_word' id='word_1_292' title='bbox 1333 2453 1688 2511; x_wconf 81' lang='lat' dir='ltr'><strong><em>comburere:</em></strong></span> <span class='ocrx_word' id='word_1_293' title='bbox 1730 2451 2004 2505; x_wconf 84' lang='lat' dir='ltr'><strong><em>onerarias</em></strong></span> <span class='ocrx_word' id='word_1_294' title='bbox 2063 2468 2180 2511; x_wconf 79' lang='lat' dir='ltr'><strong><em>vero</em></strong></span> 
     </span>
    </p>
   </div>
   <div class='ocr_carea' id='block_1_24' title="bbox 2297 2451 3841 2526">
    <p class='ocr_par' dir='ltr' id='par_1_24' title="bbox 2297 2452 3841 2523">
     <span class='ocr_line' id='line_1_24' title="bbox 2297 2452 3841 2523; baseline 0.001 -18"><span class='ocrx_word' id='word_1_295' title='bbox 2297 2452 2517 2519; x_wconf 60' lang='lat' dir='ltr'><strong><em>rforatas</em></strong></span> <span class='ocrx_word' id='word_1_296' title='bbox 2557 2463 2607 2507; x_wconf 86' lang='lat' dir='ltr'><strong><em>et</em></strong></span> <span class='ocrx_word' id='word_1_297' title='bbox 2637 2469 2755 2505; x_wconf 89' lang='lat' dir='ltr'><strong><em>cum</em></strong></span> <span class='ocrx_word' id='word_1_298' title='bbox 2784 2469 2937 2507; x_wconf 86' lang='lat' dir='ltr'><strong><em>onere</em></strong></span> <span class='ocrx_word' id='word_1_299' title='bbox 2983 2454 3273 2523; x_wconf 84' lang='lat' dir='ltr'><strong><em>perituras,</em></strong></span> <span class='ocrx_word' id='word_1_300' title='bbox 3306 2455 3359 2506; x_wconf 91' lang='lat' dir='ltr'><strong><em>in</em></strong></span> <span class='ocrx_word' id='word_1_301' title='bbox 3427 2472 3575 2507; x_wconf 85' lang='lat' dir='ltr'><strong><em>mare</em></strong></span> <span class='ocrx_word' id='word_1_302' title='bbox 3620 2459 3799 2513; x_wconf 64' lang='lat' dir='ltr'><strong><em>trudere</em></strong></span> <span class='ocrx_word' id='word_1_303' title='bbox 3828 2475 3841 2512; x_wconf 87' lang='lat'><strong><em>:</em></strong></span> 
     </span>
    </p>
   </div>
   <div class='ocr_carea' id='block_1_25' title="bbox 608 2542 2939 2620">
    <p class='ocr_par' dir='ltr' id='par_1_25' title="bbox 608 2542 2939 2620">
     <span class='ocr_line' id='line_1_25' title="bbox 608 2542 2939 2620; baseline -0.002 -15"><span class='ocrx_word' id='word_1_304' title='bbox 608 2552 789 2620; x_wconf 80' lang='lat' dir='ltr'><strong><em>sicque</em></strong></span> <span class='ocrx_word' id='word_1_305' title='bbox 817 2566 935 2607; x_wconf 78' lang='lat' dir='ltr'><strong><em>cum</em></strong></span> <span class='ocrx_word' id='word_1_306' title='bbox 965 2548 1149 2605; x_wconf 70' lang='lat' dir='ltr'><strong><em>Alexio</em></strong></span> <span class='ocrx_word' id='word_1_307' title='bbox 1178 2562 1414 2616; x_wconf 82' lang='lat' dir='ltr'><strong><em>pugnare</em></strong></span> <span class='ocrx_word' id='word_1_308' title='bbox 1439 2556 1690 2613; x_wconf 87' lang='lat' dir='ltr'><strong><em>tanquam</em></strong></span> <span class='ocrx_word' id='word_1_309' title='bbox 1731 2542 1922 2596; x_wconf 88' lang='lat' dir='ltr'><strong><em>ibidem</em></strong></span> <span class='ocrx_word' id='word_1_310' title='bbox 1949 2543 2103 2598; x_wconf 88' lang='lat' dir='ltr'><strong><em>modo</em></strong></span> <span class='ocrx_word' id='word_1_311' title='bbox 2129 2555 2306 2613; x_wconf 84' lang='lat' dir='ltr'><strong><em>natos,</em></strong></span> <span class='ocrx_word' id='word_1_312' title='bbox 2356 2562 2576 2619; x_wconf 73' lang='lat' dir='ltr'><strong><em>moxque</em></strong></span> <span class='ocrx_word' id='word_1_313' title='bbox 2630 2548 2939 2601; x_wconf 88' lang='lat' dir='ltr'><strong><em>morituros.</em></strong></span> 
     </span>
    </p>
   </div>
   <div class='ocr_carea' id='block_1_26' title="bbox 608 2643 835 2711">
    <p class='ocr_par' dir='ltr' id='par_1_26' title="bbox 608 2643 835 2711">
     <span class='ocr_line' id='line_1_26' title="bbox 608 2643 835 2711; baseline -0.018 -13"><span class='ocrx_word' id='word_1_314' title='bbox 608 2643 835 2711; x_wconf 78' lang='lat' dir='ltr'><strong><em>singuli.</em></strong></span> 
     </span>
    </p>
   </div>
   <div class='ocr_carea' id='block_1_27' title="bbox 682 2725 2273 2798">
    <p class='ocr_par' dir='ltr' id='par_1_27' title="bbox 682 2725 2273 2798">
     <span class='ocr_line' id='line_1_27' title="bbox 682 2725 2273 2798; baseline -0.001 -13"><span class='ocrx_word' id='word_1_315' title='bbox 682 2733 834 2791; x_wconf 81' lang='lat' dir='ltr'><strong><em>Talia</em></strong></span> <span class='ocrx_word' id='word_1_316' title='bbox 891 2729 1146 2791; x_wconf 79' lang='lat' dir='ltr'><strong><em>versabat</em></strong></span> <span class='ocrx_word' id='word_1_317' title='bbox 1205 2726 1412 2789; x_wconf 86' lang='lat' dir='ltr'><strong><em>animo,</em></strong></span> <span class='ocrx_word' id='word_1_318' title='bbox 1468 2725 1827 2791; x_wconf 83' lang='lat' dir='ltr'><strong><em>consulebat,</em></strong></span> <span class='ocrx_word' id='word_1_319' title='bbox 1886 2726 2273 2798; x_wconf 74' lang='lat' dir='ltr'><strong><em>agebatqueA</em></strong></span> 
     </span>
    </p>
   </div>
   <div class='ocr_carea' id='block_1_28' title="bbox 608 2818 2189 2893">
    <p class='ocr_par' dir='ltr' id='par_1_28' title="bbox 608 2818 2189 2893">
     <span class='ocr_line' id='line_1_28' title="bbox 608 2818 2189 2893; baseline -0.003 -14"><span class='ocrx_word' id='word_1_320' title='bbox 608 2825 882 2883; x_wconf 64' lang='lat' dir='ltr'><strong><em>“obortus</em></strong></span> <span class='ocrx_word' id='word_1_321' title='bbox 916 2838 929 2873; x_wconf 89' lang='lat'><strong>:</strong></span> <span class='ocrx_word' id='word_1_322' title='bbox 973 2823 1078 2875; x_wconf 87' lang='lat' dir='ltr'><strong><em>alia</em></strong></span> <span class='ocrx_word' id='word_1_323' title='bbox 1109 2837 1139 2873; x_wconf 86' lang='lat' dir='ltr'><strong><em>e</em></strong></span> <span class='ocrx_word' id='word_1_324' title='bbox 1175 2818 1458 2877; x_wconf 84' lang='lat' dir='ltr'><strong><em>contrario</em></strong></span> <span class='ocrx_word' id='word_1_325' title='bbox 1494 2819 1720 2875; x_wconf 68' lang='lat' dir='ltr'><strong><em>Alexius</em></strong></span> <span class='ocrx_word' id='word_1_326' title='bbox 1747 2858 1764 2884; x_wconf 85' lang='lat'><strong><em>,</em></strong></span> <span class='ocrx_word' id='word_1_327' title='bbox 1800 2820 1974 2893; x_wconf 76' lang='lat' dir='ltr'><strong><em>magis</em></strong></span> <span class='ocrx_word' id='word_1_328' title='bbox 2023 2821 2189 2877; x_wconf 87' lang='lat' dir='ltr'><strong><em>etiam</em></strong></span> 
     </span>
    </p>
   </div>
   <div class='ocr_carea' id='block_1_29' title="bbox 608 2913 2192 2985">
    <p class='ocr_par' dir='ltr' id='par_1_29' title="bbox 608 2913 2192 2985">
     <span class='ocr_line' id='line_1_29' title="bbox 608 2913 2192 2985; baseline -0.003 -15"><span class='ocrx_word' id='word_1_329' title='bbox 608 2919 755 2973; x_wconf 83' lang='lat' dir='ltr'><strong><em>varia</em></strong></span> <span class='ocrx_word' id='word_1_330' title='bbox 802 2916 1223 2985; x_wconf 68' lang='lat' dir='ltr'><strong><em>exc03itataquc</em></strong></span> <span class='ocrx_word' id='word_1_331' title='bbox 1269 2913 1509 2967; x_wconf 82' lang='lat' dir='ltr'><strong><em>acutius.</em></strong></span> <span class='ocrx_word' id='word_1_332' title='bbox 1569 2913 1627 2965; x_wconf 88' lang='lat' dir='ltr'><strong><em>lu</em></strong></span> <span class='ocrx_word' id='word_1_333' title='bbox 1660 2927 1726 2967; x_wconf 87' lang='lat' dir='ltr'><strong><em>eo</em></strong></span> <span class='ocrx_word' id='word_1_334' title='bbox 1779 2914 2192 2973; x_wconf 84' lang='lat' dir='ltr'><strong><em>conveniebant</em></strong></span> 
     </span>
    </p>
   </div>
   <div class='ocr_carea' id='block_1_30' title="bbox 607 3004 2191 3076">
    <p class='ocr_par' dir='ltr' id='par_1_30' title="bbox 607 3004 2191 3076">
     <span class='ocr_line' id='line_1_30' title="bbox 607 3004 2191 3076; baseline -0.002 -13"><span class='ocrx_word' id='word_1_335' title='bbox 607 3014 767 3063; x_wconf 84' lang='lat' dir='ltr'><strong><em>amlo</em></strong></span> <span class='ocrx_word' id='word_1_336' title='bbox 801 3017 983 3065; x_wconf 74' lang='lat' dir='ltr'><strong><em>tamen</em></strong></span> <span class='ocrx_word' id='word_1_337' title='bbox 1010 3047 1027 3071; x_wconf 84' lang='grc'><strong><em>,</em></strong></span> <span class='ocrx_word' id='word_1_338' title='bbox 1054 3004 1203 3076; x_wconf 86' lang='lat' dir='ltr'><strong><em>quod</em></strong></span> <span class='ocrx_word' id='word_1_339' title='bbox 1231 3004 1579 3065; x_wconf 83' lang='lat' dir='ltr'><strong>continerent</strong></span> <span class='ocrx_word' id='word_1_340' title='bbox 1613 3014 1845 3075; x_wconf 86' lang='lat' dir='ltr'><strong><em>uterque</em></strong></span> <span class='ocrx_word' id='word_1_341' title='bbox 1876 3008 2062 3061; x_wconf 84' lang='lat' dir='ltr'><strong><em>adhuc</em></strong></span> <span class='ocrx_word' id='word_1_342' title='bbox 2090 3022 2191 3060; x_wconf 84' lang='lat' dir='ltr'><strong><em>ex-</em></strong></span> 
     </span>
    </p>
   </div>
   <div class='ocr_carea' id='block_1_31' title="bbox 606 3096 2187 3168">
    <p class='ocr_par' dir='ltr' id='par_1_31' title="bbox 606 3096 2187 3168">
     <span class='ocr_line' id='line_1_31' title="bbox 606 3096 2187 3168; baseline -0.004 -13"><span class='ocrx_word' id='word_1_343' title='bbox 606 3101 838 3159; x_wconf 75' lang='lat' dir='ltr'><strong><em>ercitum</em></strong></span> <span class='ocrx_word' id='word_1_344' title='bbox 873 3116 888 3154; x_wconf 88' lang='lat'><strong>:</strong></span> <span class='ocrx_word' id='word_1_345' title='bbox 918 3112 1013 3168; x_wconf 87' lang='lat' dir='ltr'><strong><em>per</em></strong></span> <span class='ocrx_word' id='word_1_346' title='bbox 1048 3097 1197 3151; x_wconf 83' lang='lat' dir='ltr'><strong><em>illam</em></strong></span> <span class='ocrx_word' id='word_1_347' title='bbox 1228 3112 1436 3152; x_wconf 81' lang='lat' dir='ltr'><strong><em>moram</em></strong></span> <span class='ocrx_word' id='word_1_348' title='bbox 1467 3096 1835 3166; x_wconf 80' lang='lat' dir='ltr'><strong><em>exquisitione</em></strong></span> <span class='ocrx_word' id='word_1_349' title='bbox 1877 3096 2187 3153; x_wconf 86' lang='lat' dir='ltr'><strong><em>attentissi-</em></strong></span> 
     </span>
    </p>
   </div>
   <div class='ocr_carea' id='block_1_32' title="bbox 608 3188 2191 3259">
    <p class='ocr_par' dir='ltr' id='par_1_32' title="bbox 608 3188 2191 3259">
     <span class='ocr_line' id='line_1_32' title="bbox 608 3188 2191 3259; baseline -0.001 -14"><span class='ocrx_word' id='word_1_350' title='bbox 608 3208 695 3246; x_wconf 85' lang='lat' dir='ltr'><strong><em>ma</em></strong></span> <span class='ocrx_word' id='word_1_351' title='bbox 730 3192 1054 3259; x_wconf 69' lang='lat' dir='ltr'><strong><em>indagantes</em></strong></span> <span class='ocrx_word' id='word_1_352' title='bbox 1088 3204 1185 3257; x_wconf 90' lang='lat' dir='ltr'><strong><em>pro</em></strong></span> <span class='ocrx_word' id='word_1_353' title='bbox 1227 3204 1287 3249; x_wconf 82' lang='lat' dir='ltr'><strong><em>se</em></strong></span> <span class='ocrx_word' id='word_1_354' title='bbox 1316 3188 1552 3259; x_wconf 83' lang='lat' dir='ltr'><strong><em>quisque</em></strong></span> <span class='ocrx_word' id='word_1_355' title='bbox 1583 3203 1831 3257; x_wconf 69' lang='lat' dir='ltr'><strong><em>quaenam</em></strong></span> <span class='ocrx_word' id='word_1_356' title='bbox 1866 3199 2013 3244; x_wconf 84' lang='lat' dir='ltr'><strong><em>esset</em></strong></span> <span class='ocrx_word' id='word_1_357' title='bbox 2049 3190 2191 3244; x_wconf 81' lang='lat' dir='ltr'><strong><em>ratio</em></strong></span> 
     </span>
    </p>
   </div>
   <div class='ocr_carea' id='block_1_33' title="bbox 604 3281 2191 3352">
    <p class='ocr_par' dir='ltr' id='par_1_33' title="bbox 604 3281 2191 3352">
     <span class='ocr_line' id='line_1_33' title="bbox 604 3281 2191 3352; baseline 0 -15"><span class='ocrx_word' id='word_1_358' title='bbox 604 3284 863 3347; x_wconf 66' lang='lat' dir='ltr'><strong><em>uincendi</em></strong></span> <span class='ocrx_word' id='word_1_359' title='bbox 922 3282 1253 3338; x_wconf 81' lang='lat' dir='ltr'><strong><em>certissima.</em></strong></span> <span class='ocrx_word' id='word_1_360' title='bbox 1301 3281 1605 3351; x_wconf 76' lang='lat' dir='ltr'><strong><em>Imperator</em></strong></span> <span class='ocrx_word' id='word_1_361' title='bbox 1658 3281 1876 3352; x_wconf 88' lang='lat' dir='ltr'><strong><em>quidem</em></strong></span> <span class='ocrx_word' id='word_1_362' title='bbox 1930 3297 2083 3352; x_wconf 87' lang='lat' dir='ltr'><strong><em>spem</em></strong></span> <span class='ocrx_word' id='word_1_363' title='bbox 2138 3281 2191 3337; x_wconf 88' lang='lat' dir='ltr'><strong><em>in</em></strong></span> 
     </span>
    </p>
   </div>
   <div class='ocr_carea' id='block_1_34' title="bbox 608 3374 2190 3444">
    <p class='ocr_par' dir='ltr' id='par_1_34' title="bbox 608 3374 2190 3444">
     <span class='ocr_line' id='line_1_34' title="bbox 608 3374 2190 3444; baseline 0.001 -16"><span class='ocrx_word' id='word_1_364' title='bbox 608 3382 998 3444; x_wconf 69' lang='lat' dir='ltr'><strong><em>strategemate</em></strong></span> <span class='ocrx_word' id='word_1_365' title='bbox 1031 3374 1307 3443; x_wconf 88' lang='lat' dir='ltr'><strong><em>ponebat,</em></strong></span> <span class='ocrx_word' id='word_1_366' title='bbox 1340 3391 1451 3444; x_wconf 88' lang='lat' dir='ltr'><strong><em>quo</em></strong></span> <span class='ocrx_word' id='word_1_367' title='bbox 1483 3390 1542 3429; x_wconf 88' lang='lat' dir='ltr'><strong><em>se</em></strong></span> <span class='ocrx_word' id='word_1_368' title='bbox 1582 3374 1769 3428; x_wconf 86' lang='lat' dir='ltr'><strong><em>hostes</em></strong></span> <span class='ocrx_word' id='word_1_369' title='bbox 1800 3377 2190 3430; x_wconf 85' lang='lat' dir='ltr'><strong><em>conclusurum</em></strong></span> 
     </span>
    </p>
   </div>
   <div class='ocr_carea' id='block_1_35' title="bbox 610 3466 2190 3533">
    <p class='ocr_par' dir='ltr' id='par_1_35' title="bbox 610 3466 2190 3533">
     <span class='ocr_line' id='line_1_35' title="bbox 610 3466 2190 3533; baseline 0.002 -15"><span class='ocrx_word' id='word_1_370' title='bbox 610 3467 670 3520; x_wconf 89' lang='lat' dir='ltr'><strong><em>iu</em></strong></span> <span class='ocrx_word' id='word_1_371' title='bbox 725 3466 906 3523; x_wconf 87' lang='lat' dir='ltr'><strong><em>medio</em></strong></span> <span class='ocrx_word' id='word_1_372' title='bbox 959 3466 1291 3521; x_wconf 85' lang='lat' dir='ltr'><strong><em>crediderat.</em></strong></span> <span class='ocrx_word' id='word_1_373' title='bbox 1342 3466 1558 3523; x_wconf 76' lang='lat' dir='ltr'><strong><em>Auxilia</em></strong></span> <span class='ocrx_word' id='word_1_374' title='bbox 1591 3466 1841 3521; x_wconf 83' lang='lat' dir='ltr'><strong><em>videlicet</em></strong></span> <span class='ocrx_word' id='word_1_375' title='bbox 1887 3467 2190 3533; x_wconf 86' lang='lat' dir='ltr'><strong><em>universa,</em></strong></span> 
     </span>
    </p>
   </div>
   <div class='ocr_carea' id='block_1_36' title="bbox 610 3558 2188 3629">
    <p class='ocr_par' dir='ltr' id='par_1_36' title="bbox 610 3558 2188 3629">
     <span class='ocr_line' id='line_1_36' title="bbox 610 3558 2188 3629; baseline 0.001 -17"><span class='ocrx_word' id='word_1_376' title='bbox 610 3567 893 3625; x_wconf 84' lang='lat' dir='ltr'><strong><em>cunctam,</em></strong></span> <span class='ocrx_word' id='word_1_377' title='bbox 928 3558 1173 3627; x_wconf 88' lang='lat' dir='ltr'><strong><em>inquam,</em></strong></span> <span class='ocrx_word' id='word_1_378' title='bbox 1202 3561 1479 3614; x_wconf 87' lang='lat' dir='ltr'><strong><em>sociarum</em></strong></span> <span class='ocrx_word' id='word_1_379' title='bbox 1506 3559 1747 3629; x_wconf 75' lang='lat' dir='ltr'><strong><em>gentium</em></strong></span> <span class='ocrx_word' id='word_1_380' title='bbox 1781 3558 2034 3612; x_wconf 89' lang='lat' dir='ltr'><strong><em>militiam</em></strong></span> <span class='ocrx_word' id='word_1_381' title='bbox 2078 3560 2188 3613; x_wconf 90' lang='lat' dir='ltr'><strong><em>cir-</em></strong></span> 
     </span>
    </p>
   </div>
   <div class='ocr_carea' id='block_1_37' title="bbox 610 3650 2195 3723">
    <p class='ocr_par' dir='ltr' id='par_1_37' title="bbox 610 3650 2195 3723">
     <span class='ocr_line' id='line_1_37' title="bbox 610 3650 2195 3723; baseline 0.001 -17"><span class='ocrx_word' id='word_1_382' title='bbox 610 3652 942 3711; x_wconf 81' lang='lat' dir='ltr'><strong><em>cumducere</em></strong></span> <span class='ocrx_word' id='word_1_383' title='bbox 985 3653 1126 3705; x_wconf 85' lang='lat' dir='ltr'><strong><em>clam</em></strong></span> <span class='ocrx_word' id='word_1_384' title='bbox 1178 3651 1365 3706; x_wconf 81' lang='lat' dir='ltr'><strong><em>hostili</em></strong></span> <span class='ocrx_word' id='word_1_385' title='bbox 1398 3652 1661 3713; x_wconf 77' lang='lat' dir='ltr'><strong><em>exercitui</em></strong></span> <span class='ocrx_word' id='word_1_386' title='bbox 1692 3650 1943 3721; x_wconf 86' lang='lat' dir='ltr'><strong><em>parabat,</em></strong></span> <span class='ocrx_word' id='word_1_387' title='bbox 1975 3652 2195 3723; x_wconf 79' lang='lat' dir='ltr'><strong><em>jussus-</em></strong></span> 
     </span>
    </p>
   </div>
   <div class='ocr_carea' id='block_1_38' title="bbox 609 3744 2193 3814">
    <p class='ocr_par' dir='ltr' id='par_1_38' title="bbox 609 3744 2193 3814">
     <span class='ocr_line' id='line_1_38' title="bbox 609 3744 2193 3814; baseline 0 -15"><span class='ocrx_word' id='word_1_388' title='bbox 609 3758 719 3814; x_wconf 86' lang='lat' dir='ltr'><strong><em>que</em></strong></span> <span class='ocrx_word' id='word_1_389' title='bbox 738 3744 914 3813; x_wconf 75' lang='lat' dir='ltr'><strong><em>legere</em></strong></span> <span class='ocrx_word' id='word_1_390' title='bbox 944 3748 1109 3803; x_wconf 83' lang='lat' dir='ltr'><strong><em>maris</em></strong></span> <span class='ocrx_word' id='word_1_391' title='bbox 1131 3746 1280 3803; x_wconf 85' lang='lat' dir='ltr'><strong><em>littus</em></strong></span> <span class='ocrx_word' id='word_1_392' title='bbox 1304 3759 1464 3814; x_wconf 87' lang='lat' dir='ltr'><strong><em>quam</em></strong></span> <span class='ocrx_word' id='word_1_393' title='bbox 1490 3744 1809 3814; x_wconf 77' lang='lat' dir='ltr'><strong><em>longissimo</em></strong></span> <span class='ocrx_word' id='word_1_394' title='bbox 1831 3745 2065 3801; x_wconf 89' lang='lat' dir='ltr'><strong><em>circuitu</em></strong></span> <span class='ocrx_word' id='word_1_395' title='bbox 2085 3762 2193 3813; x_wconf 87' lang='lat' dir='ltr'><strong><em>quo</em></strong></span> 
     </span>
    </p>
   </div>
   <div class='ocr_carea' id='block_1_39' title="bbox 613 3836 2189 3905">
    <p class='ocr_par' dir='ltr' id='par_1_39' title="bbox 613 3836 2189 3905">
     <span class='ocr_line' id='line_1_39' title="bbox 613 3836 2189 3905; baseline 0.002 -16"><span class='ocrx_word' id='word_1_396' title='bbox 613 3838 828 3893; x_wconf 72' lang='lat' dir='ltr'><strong><em>facilius</em></strong></span> <span class='ocrx_word' id='word_1_397' title='bbox 867 3836 1093 3893; x_wconf 69' lang='lat' dir='ltr'><strong><em>Robrrti</em></strong></span> <span class='ocrx_word' id='word_1_398' title='bbox 1138 3837 1530 3905; x_wconf 82' lang='lat' dir='ltr'><strong><em>providentiam</em></strong></span> <span class='ocrx_word' id='word_1_399' title='bbox 1565 3837 1837 3901; x_wconf 78' lang='lat' dir='ltr'><strong><em>fallerent,</em></strong></span> <span class='ocrx_word' id='word_1_400' title='bbox 1867 3839 1921 3894; x_wconf 89' lang='lat' dir='ltr'><strong><em>in</em></strong></span> <span class='ocrx_word' id='word_1_401' title='bbox 1970 3855 2095 3894; x_wconf 88' lang='lat' dir='ltr'><strong><em>eum</em></strong></span> <span class='ocrx_word' id='word_1_402' title='bbox 2130 3853 2189 3894; x_wconf 90' lang='lat' dir='ltr'><strong><em>se</em></strong></span> 
     </span>
    </p>
   </div>
   <div class='ocr_carea' id='block_1_40' title="bbox 611 3929 2191 4000">
    <p class='ocr_par' dir='ltr' id='par_1_40' title="bbox 611 3929 2191 4000">
     <span class='ocr_line' id='line_1_40' title="bbox 611 3929 2191 4000; baseline 0.002 -17"><span class='ocrx_word' id='word_1_403' title='bbox 611 3930 791 3985; x_wconf 84' lang='lat' dir='ltr'><strong><em>locum</em></strong></span> <span class='ocrx_word' id='word_1_404' title='bbox 819 3945 991 3999; x_wconf 85' lang='lat' dir='ltr'><strong><em>quam</em></strong></span> <span class='ocrx_word' id='word_1_405' title='bbox 1012 3944 1113 3984; x_wconf 59' lang='lat' dir='ltr'><strong><em>occ</em></strong></span> <span class='ocrx_word' id='word_1_406' title='bbox 1133 3930 1391 3985; x_wconf 53' lang='lat' dir='ltr'><strong><em>altissime</em></strong></span> <span class='ocrx_word' id='word_1_407' title='bbox 1413 3929 1665 3985; x_wconf 77' lang='lat' dir='ltr'><strong><em>conferre</em></strong></span> <span class='ocrx_word' id='word_1_408' title='bbox 1694 3930 2020 4000; x_wconf 78' lang='lat' dir='ltr'><strong><em>imperabat,</em></strong></span> <span class='ocrx_word' id='word_1_409' title='bbox 2047 3930 2191 3986; x_wconf 87' lang='lat' dir='ltr'><strong><em>unde</em></strong></span> 
     </span>
    </p>
   </div>
   <div class='ocr_carea' id='block_1_41' title="bbox 612 4023 2187 4094">
    <p class='ocr_par' dir='ltr' id='par_1_41' title="bbox 612 4023 2187 4094">
     <span class='ocr_line' id='line_1_41' title="bbox 612 4023 2187 4094; baseline 0.002 -18"><span class='ocrx_word' id='word_1_410' title='bbox 612 4026 877 4094; x_wconf 88' lang='lat' dir='ltr'><strong><em>impetum</em></strong></span> <span class='ocrx_word' id='word_1_411' title='bbox 910 4040 939 4081; x_wconf 85' lang='lat' dir='ltr'><strong><em>a</em></strong></span> <span class='ocrx_word' id='word_1_412' title='bbox 984 4034 1137 4094; x_wconf 82' lang='lat' dir='ltr'><strong><em>tergo</em></strong></span> <span class='ocrx_word' id='word_1_413' title='bbox 1166 4023 1345 4078; x_wconf 81' lang='lat' dir='ltr'><strong><em>facere</em></strong></span> <span class='ocrx_word' id='word_1_414' title='bbox 1380 4023 1434 4077; x_wconf 89' lang='lat' dir='ltr'><strong>in</strong></span> <span class='ocrx_word' id='word_1_415' title='bbox 1464 4024 1648 4081; x_wconf 64' lang='lat' dir='ltr'><strong><em>boues</em></strong></span> <span class='ocrx_word' id='word_1_416' title='bbox 1675 4038 1901 4079; x_wconf 87' lang='lat' dir='ltr'><strong><em>aversos</em></strong></span> <span class='ocrx_word' id='word_1_417' title='bbox 1941 4034 2187 4093; x_wconf 78' lang='lat' dir='ltr'><strong><em>possent,</em></strong></span> 
     </span>
    </p>
   </div>
   <div class='ocr_carea' id='block_1_42' title="bbox 3030 2548 3842 2605">
    <p class='ocr_par' dir='ltr' id='par_1_42' title="bbox 3030 2548 3842 2605">
     <span class='ocr_line' id='line_1_42' title="bbox 3030 2548 3842 2605; baseline 0.006 -5"><span class='ocrx_word' id='word_1_418' title='bbox 3030 2548 3357 2603; x_wconf 83' lang='lat' dir='ltr'><strong><em>Annucrunt</em></strong></span> <span class='ocrx_word' id='word_1_419' title='bbox 3447 2548 3534 2605; x_wconf 88' lang='lat' dir='ltr'><strong><em>his</em></strong></span> <span class='ocrx_word' id='word_1_420' title='bbox 3626 2556 3842 2605; x_wconf 79' lang='lat' dir='ltr'><strong><em>onmilus</em></strong></span> 
     </span>
    </p>
   </div>
   <div class='ocr_carea' id='block_1_43' title="bbox 2382 2726 3842 2804">
    <p class='ocr_par' dir='ltr' id='par_1_43' title="bbox 2382 2726 3842 2804">
     <span class='ocr_line' id='line_1_43' title="bbox 2382 2726 3842 2804; baseline 0.001 -23"><span class='ocrx_word' id='word_1_421' title='bbox 2382 2728 2544 2781; x_wconf 83' lang='grc' dir='ltr'>Ἀλλὰ</span> <span class='ocrx_word' id='word_1_422' title='bbox 2591 2727 2817 2781; x_wconf 81' lang='grc' dir='ltr'>τοιαῦτα</span> <span class='ocrx_word' id='word_1_423' title='bbox 2871 2726 2971 2798; x_wconf 83' lang='grc' dir='ltr'><strong><em>μὲν</em></strong></span> <span class='ocrx_word' id='word_1_424' title='bbox 3002 2726 3072 2781; x_wconf 84' lang='grc' dir='ltr'><strong><em>τὰ</em></strong></span> <span class='ocrx_word' id='word_1_425' title='bbox 3116 2730 3210 2783; x_wconf 79' lang='grc' dir='ltr'>τοῦ</span> <span class='ocrx_word' id='word_1_426' title='bbox 3270 2728 3615 2800; x_wconf 86' lang='grc' dir='ltr'>Ῥομπέρτου</span> <span class='ocrx_word' id='word_1_427' title='bbox 3664 2733 3842 2804; x_wconf 67' lang='grc' dir='ltr'>διανοή-</span> 
     </span>
    </p>
   </div>
   <div class='ocr_carea' id='block_1_44' title="bbox 2298 2820 3845 2892">
    <p class='ocr_par' dir='ltr' id='par_1_44' title="bbox 2298 2820 3845 2892">
     <span class='ocr_line' id='line_1_44' title="bbox 2298 2820 3845 2892; baseline 0.003 -18"><span class='ocrx_word' id='word_1_428' title='bbox 2298 2822 2447 2892; x_wconf 86' lang='grc' dir='ltr'><strong><em>ματά</em></strong></span> <span class='ocrx_word' id='word_1_429' title='bbox 2479 2839 2537 2873; x_wconf 86' lang='grc' dir='ltr'><strong><em>τε</em></strong></span> <span class='ocrx_word' id='word_1_430' title='bbox 2570 2823 2663 2875; x_wconf 74' lang='grc' dir='ltr'>καὶ</span> <span class='ocrx_word' id='word_1_431' title='bbox 2692 2820 3042 2891; x_wconf 82' lang='grc' dir='ltr'>βουλεύματα</span> <span class='ocrx_word' id='word_1_432' title='bbox 3084 2838 3097 2852; x_wconf 90' lang='grc'>·</span> <span class='ocrx_word' id='word_1_433' title='bbox 3132 2822 3272 2876; x_wconf 83' lang='grc' dir='ltr'>ἄλλα</span> <span class='ocrx_word' id='word_1_434' title='bbox 3308 2824 3481 2877; x_wconf 79' lang='grc' dir='ltr'>ταυτὰ</span> <span class='ocrx_word' id='word_1_435' title='bbox 3515 2825 3560 2855; x_wconf 76' lang='grc'><strong><em>⁵⁸</em></strong></span> <span class='ocrx_word' id='word_1_436' title='bbox 3586 2824 3681 2877; x_wconf 76' lang='grc' dir='ltr'>τοῦ</span> <span class='ocrx_word' id='word_1_437' title='bbox 3716 2826 3845 2878; x_wconf 65' lang='grc' dir='ltr'>αύτο-</span> 
     </span>
    </p>
   </div>
   <div class='ocr_carea' id='block_1_45' title="bbox 2297 2912 3843 2985">
    <p class='ocr_par' dir='ltr' id='par_1_45' title="bbox 2297 2912 3843 2985">
     <span class='ocr_line' id='line_1_45' title="bbox 2297 2912 3843 2985; baseline 0.003 -20"><span class='ocrx_word' id='word_1_438' title='bbox 2297 2914 2568 2983; x_wconf 82' lang='grc' dir='ltr'>κράτορος</span> <span class='ocrx_word' id='word_1_439' title='bbox 2606 2912 2977 2984; x_wconf 76' lang='grc' dir='ltr'>ποικιλώτερά</span> <span class='ocrx_word' id='word_1_440' title='bbox 3011 2931 3070 2965; x_wconf 83' lang='grc' dir='ltr'><strong><em>τε</em></strong></span> <span class='ocrx_word' id='word_1_441' title='bbox 3097 2914 3193 2966; x_wconf 76' lang='grc' dir='ltr'><strong><em>καὶ</em></strong></span> <span class='ocrx_word' id='word_1_442' title='bbox 3232 2913 3489 2984; x_wconf 81' lang='grc' dir='ltr'>ὀξύτερα.</span> <span class='ocrx_word' id='word_1_443' title='bbox 3544 2916 3785 2985; x_wconf 75' lang='grc' dir='ltr'>Συνεῖχον</span> <span class='ocrx_word' id='word_1_444' title='bbox 3810 2920 3843 2969; x_wconf 74' lang='grc' dir='ltr'><strong><em>δ’</em></strong></span> 
     </span>
    </p>
   </div>
   <div class='ocr_carea' id='block_1_46' title="bbox 2294 3004 3843 3076">
    <p class='ocr_par' dir='ltr' id='par_1_46' title="bbox 2294 3004 3843 3076">
     <span class='ocr_line' id='line_1_46' title="bbox 2294 3004 3843 3076; baseline -0.006 -20"><span class='ocrx_word' id='word_1_445' title='bbox 2294 3004 2445 3073; x_wconf 85' lang='grc' dir='ltr'><strong><em>ὅμως</em></strong></span> <span class='ocrx_word' id='word_1_446' title='bbox 2474 3006 2524 3055; x_wconf 83' lang='grc' dir='ltr'>οἱ</span> <span class='ocrx_word' id='word_1_447' title='bbox 2550 3004 2875 3075; x_wconf 73' lang='grc' dir='ltr'>δημαγωγοὶ</span> <span class='ocrx_word' id='word_1_448' title='bbox 2907 3006 3073 3073; x_wconf 77' lang='grc' dir='ltr'><strong><em>ἄμφω</em></strong></span> <span class='ocrx_word' id='word_1_449' title='bbox 3099 3006 3168 3056; x_wconf 76' lang='grc' dir='ltr'>τὰ</span> <span class='ocrx_word' id='word_1_450' title='bbox 3198 3007 3612 3075; x_wconf 78' lang='grc' dir='ltr'><strong><em>στρατεύματα,</em></strong></span> <span class='ocrx_word' id='word_1_451' title='bbox 3643 3023 3843 3076; x_wconf 66' lang='grc' dir='ltr'>στρατη.</span> 
     </span>
    </p>
   </div>
   <div class='ocr_carea' id='block_1_47' title="bbox 2297 3095 3844 3168">
    <p class='ocr_par' dir='ltr' id='par_1_47' title="bbox 2297 3095 3844 3168">
     <span class='ocr_line' id='line_1_47' title="bbox 2297 3095 3844 3168; baseline 0.003 -21"><span class='ocrx_word' id='word_1_452' title='bbox 2297 3096 2420 3163; x_wconf 85' lang='grc' dir='ltr'><strong><em>γὶας</em></strong></span> <span class='ocrx_word' id='word_1_453' title='bbox 2458 3096 2552 3149; x_wconf 83' lang='grc' dir='ltr'><strong><em>καὶ</em></strong></span> <span class='ocrx_word' id='word_1_454' title='bbox 2582 3097 2948 3166; x_wconf 79' lang='grc' dir='ltr'><strong><em>δημαγωγίας</em></strong></span> <span class='ocrx_word' id='word_1_455' title='bbox 2979 3096 3108 3168; x_wconf 83' lang='grc' dir='ltr'>πέρι</span> <span class='ocrx_word' id='word_1_456' title='bbox 3144 3095 3550 3165; x_wconf 80' lang='grc' dir='ltr'><strong><em>βουλευόμενοι,</em></strong></span> <span class='ocrx_word' id='word_1_457' title='bbox 3580 3100 3727 3159; x_wconf 82' lang='grc' dir='ltr'>ὅπως</span> <span class='ocrx_word' id='word_1_458' title='bbox 3751 3100 3844 3168; x_wconf 77' lang='grc' dir='ltr'>μετ’</span> 
     </span>
    </p>
   </div>
   <div class='ocr_carea' id='block_1_48' title="bbox 2294 3188 3847 3259">
    <p class='ocr_par' dir='ltr' id='par_1_48' title="bbox 2294 3188 3847 3259">
     <span class='ocr_line' id='line_1_48' title="bbox 2294 3188 3847 3259; baseline 0.001 -18"><span class='ocrx_word' id='word_1_459' title='bbox 2294 3190 2613 3259; x_wconf 68' lang='grc' dir='ltr'>ἐπιστήμης</span> <span class='ocrx_word' id='word_1_460' title='bbox 2643 3188 3136 3259; x_wconf 77' lang='grc' dir='ltr'>δημαγωγήσαιεν,</span> <span class='ocrx_word' id='word_1_461' title='bbox 3171 3190 3262 3242; x_wconf 75' lang='grc' dir='ltr'><strong><em>καὶ</em></strong></span> <span class='ocrx_word' id='word_1_462' title='bbox 3296 3191 3739 3259; x_wconf 80' lang='grc' dir='ltr'>στρατεύσοιντο.</span> <span class='ocrx_word' id='word_1_463' title='bbox 3761 3193 3847 3243; x_wconf 71' lang='grc' dir='ltr'><strong><em>Καὶ</em></strong></span> 
     </span>
    </p>
   </div>
   <div class='ocr_carea' id='block_1_49' title="bbox 2293 3280 3846 3355">
    <p class='ocr_par' dir='ltr' id='par_1_49' title="bbox 2293 3280 3846 3355">
     <span class='ocr_line' id='line_1_49' title="bbox 2293 3280 3846 3355; baseline 0.001 -21"><span class='ocrx_word' id='word_1_464' title='bbox 2293 3282 2322 3334; x_wconf 73' lang='grc' dir='ltr'><strong>ὁ</strong></span> <span class='ocrx_word' id='word_1_465' title='bbox 2357 3280 2457 3350; x_wconf 87' lang='grc' dir='ltr'><strong>μὲν</strong></span> <span class='ocrx_word' id='word_1_466' title='bbox 2494 3280 2859 3355; x_wconf 79' lang='grc' dir='ltr'>αὐτοκράτωρ</span> <span class='ocrx_word' id='word_1_467' title='bbox 2897 3285 3102 3354; x_wconf 77' lang='grc' dir='ltr'><strong><em>αἴφνης</em></strong></span> <span class='ocrx_word' id='word_1_468' title='bbox 3148 3283 3346 3347; x_wconf 79' lang='grc' dir='ltr'>νυκτὸς</span> <span class='ocrx_word' id='word_1_469' title='bbox 3373 3284 3432 3352; x_wconf 76' lang='grc' dir='ltr'><strong><em>ἐξ</em></strong></span> <span class='ocrx_word' id='word_1_470' title='bbox 3479 3286 3741 3353; x_wconf 76' lang='grc' dir='ltr'>ἑκατέρου</span> <span class='ocrx_word' id='word_1_471' title='bbox 3770 3289 3846 3353; x_wconf 78' lang='grc' dir='ltr'><strong><em>μέ-</em></strong></span> 
     </span>
    </p>
   </div>
   <div class='ocr_carea' id='block_1_50' title="bbox 2298 3376 3848 3453">
    <p class='ocr_par' dir='ltr' id='par_1_50' title="bbox 2298 3376 3848 3453">
     <span class='ocr_line' id='line_1_50' title="bbox 2298 3376 3848 3453; baseline 0.002 -27"><span class='ocrx_word' id='word_1_472' title='bbox 2298 3390 2425 3445; x_wconf 86' lang='grc' dir='ltr'><strong><em>ρους</em></strong></span> <span class='ocrx_word' id='word_1_473' title='bbox 2476 3376 2826 3429; x_wconf 77' lang='grc' dir='ltr'>ὲπεισπεσεῖν</span> <span class='ocrx_word' id='word_1_474' title='bbox 2868 3377 2914 3407; x_wconf 78' lang='grc'><strong><em>⁸³</em></strong></span> <span class='ocrx_word' id='word_1_475' title='bbox 2945 3379 3008 3453; x_wconf 75' lang='grc' dir='ltr'><strong><em>τῇ</em></strong></span> <span class='ocrx_word' id='word_1_476' title='bbox 3037 3376 3131 3428; x_wconf 78' lang='grc' dir='ltr'><strong><em>τοῦ</em></strong></span> <span class='ocrx_word' id='word_1_477' title='bbox 3172 3377 3515 3447; x_wconf 81' lang='grc' dir='ltr'>Ῥομπέρτου</span> <span class='ocrx_word' id='word_1_478' title='bbox 3550 3380 3848 3448; x_wconf 62' lang='grc' dir='ltr'>παρεμϐολῇ</span> 
     </span>
    </p>
   </div>
   <div class='ocr_carea' id='block_1_51' title="bbox 2298 3468 3849 3542">
    <p class='ocr_par' dir='ltr' id='par_1_51' title="bbox 2298 3468 3849 3542">
     <span class='ocr_line' id='line_1_51' title="bbox 2298 3468 3849 3542; baseline 0.002 -23"><span class='ocrx_word' id='word_1_479' title='bbox 2298 3468 2695 3536; x_wconf 79' lang='grc' dir='ltr'><strong><em>σκεπτόμενος,</em></strong></span> <span class='ocrx_word' id='word_1_480' title='bbox 2756 3468 2816 3521; x_wconf 85' lang='grc' dir='ltr'>τὸ</span> <span class='ocrx_word' id='word_1_481' title='bbox 2872 3469 2976 3538; x_wconf 79' lang='grc' dir='ltr'><strong><em>μὲν</em></strong></span> <span class='ocrx_word' id='word_1_482' title='bbox 3027 3470 3244 3521; x_wconf 79' lang='grc' dir='ltr'><strong><em>ἐθνικὸν</em></strong></span> <span class='ocrx_word' id='word_1_483' title='bbox 3294 3469 3443 3524; x_wconf 75' lang='grc' dir='ltr'>ἅπαν</span> <span class='ocrx_word' id='word_1_484' title='bbox 3475 3471 3521 3502; x_wconf 67' lang='grc'><strong><em>⁸⁸</em></strong></span> <span class='ocrx_word' id='word_1_485' title='bbox 3557 3474 3849 3542; x_wconf 77' lang='grc' dir='ltr'>στράτευμα</span> 
     </span>
    </p>
   </div>
   <div class='ocr_carea' id='block_1_52' title="bbox 2296 3561 3851 3635">
    <p class='ocr_par' dir='ltr' id='par_1_52' title="bbox 2296 3561 3851 3635">
     <span class='ocr_line' id='line_1_52' title="bbox 2296 3561 3851 3635; baseline 0.001 -21"><span class='ocrx_word' id='word_1_486' title='bbox 2296 3561 2405 3614; x_wconf 80' lang='grc' dir='ltr'>ἀπὸ</span> <span class='ocrx_word' id='word_1_487' title='bbox 2444 3562 2538 3613; x_wconf 86' lang='grc' dir='ltr'>τοῦ</span> <span class='ocrx_word' id='word_1_488' title='bbox 2571 3561 2801 3614; x_wconf 79' lang='grc' dir='ltr'>ὄπισθεν</span> <span class='ocrx_word' id='word_1_489' title='bbox 2834 3564 3039 3635; x_wconf 83' lang='grc' dir='ltr'>μέρους</span> <span class='ocrx_word' id='word_1_490' title='bbox 3101 3563 3375 3633; x_wconf 63' lang='grc' dir='ltr'>ἐπέτρεψε</span> <span class='ocrx_word' id='word_1_491' title='bbox 3423 3564 3753 3633; x_wconf 76' lang='grc' dir='ltr'>προσϐαλεῖν</span> <span class='ocrx_word' id='word_1_492' title='bbox 3782 3564 3851 3617; x_wconf 67' lang='grc' dir='ltr'><strong><em>διὰ</em></strong></span> 
     </span>
    </p>
   </div>
   <div class='ocr_carea' id='block_1_53' title="bbox 2295 3653 3852 3726">
    <p class='ocr_par' dir='ltr' id='par_1_53' title="bbox 2295 3653 3852 3726">
     <span class='ocr_line' id='line_1_53' title="bbox 2295 3653 3852 3726; baseline 0.001 -20"><span class='ocrx_word' id='word_1_493' title='bbox 2295 3653 2406 3706; x_wconf 75' lang='grc' dir='ltr'>τῶν</span> <span class='ocrx_word' id='word_1_494' title='bbox 2437 3654 2656 3707; x_wconf 81' lang='grc' dir='ltr'>ἁλυκῶν</span> <span class='ocrx_word' id='word_1_495' title='bbox 2687 3653 3019 3719; x_wconf 80' lang='grc' dir='ltr'><strong><em>διελθόντας,</em></strong></span> <span class='ocrx_word' id='word_1_496' title='bbox 3055 3658 3151 3708; x_wconf 80' lang='grc' dir='ltr'><strong><em>καὶ</em></strong></span> <span class='ocrx_word' id='word_1_497' title='bbox 3179 3655 3402 3710; x_wconf 82' lang='grc' dir='ltr'>πλείονα</span> <span class='ocrx_word' id='word_1_498' title='bbox 3430 3656 3532 3725; x_wconf 75' lang='grc' dir='ltr'>τὴν</span> <span class='ocrx_word' id='word_1_499' title='bbox 3562 3658 3852 3726; x_wconf 75' lang='grc' dir='ltr'>ὁδοιπορίαν</span> 
     </span>
    </p>
   </div>
   <div class='ocr_carea' id='block_1_54' title="bbox 2297 3744 3847 3823">
    <p class='ocr_par' dir='ltr' id='par_1_54' title="bbox 2297 3744 3847 3823">
     <span class='ocr_line' id='line_1_54' title="bbox 2297 3744 3847 3823; baseline 0.003 -23"><span class='ocrx_word' id='word_1_500' title='bbox 2297 3744 2665 3813; x_wconf 81' lang='grc' dir='ltr'>ἀναδέξασθαι</span> <span class='ocrx_word' id='word_1_501' title='bbox 2719 3748 2920 3810; x_wconf 75' lang='grc' dir='ltr'>αὐτοὺς</span> <span class='ocrx_word' id='word_1_502' title='bbox 2964 3746 3052 3803; x_wconf 64' lang='grc' dir='ltr'><strong><em>διὰ</em></strong></span> <span class='ocrx_word' id='word_1_503' title='bbox 3085 3749 3145 3803; x_wconf 78' lang='grc' dir='ltr'>τὸ</span> <span class='ocrx_word' id='word_1_504' title='bbox 3178 3750 3493 3804; x_wconf 76' lang='grc' dir='ltr'>ἀνύποπτον</span> <span class='ocrx_word' id='word_1_505' title='bbox 3514 3753 3623 3805; x_wconf 79' lang='grc' dir='ltr'><strong><em>οὐκ</em></strong></span> <span class='ocrx_word' id='word_1_506' title='bbox 3656 3754 3847 3823; x_wconf 76' lang='grc' dir='ltr'>ἁπηνῂ-</span> 
     </span>
    </p>
   </div>
   <div class='ocr_carea' id='block_1_55' title="bbox 2296 3837 3853 3915">
    <p class='ocr_par' dir='ltr' id='par_1_55' title="bbox 2296 3837 3853 3915">
     <span class='ocr_line' id='line_1_55' title="bbox 2296 3837 3853 3915; baseline 0.002 -23"><span class='ocrx_word' id='word_1_507' title='bbox 2296 3856 2427 3893; x_wconf 90' lang='grc' dir='ltr'>νατο</span> <span class='ocrx_word' id='word_1_508' title='bbox 2456 3856 2469 3870; x_wconf 82' lang='lat'><strong><em>°</em></strong></span> <span class='ocrx_word' id='word_1_509' title='bbox 2494 3837 2659 3903; x_wconf 75' lang='grc' dir='ltr'>αὐτὸς</span> <span class='ocrx_word' id='word_1_510' title='bbox 2696 3840 2753 3894; x_wconf 82' lang='grc' dir='ltr'><strong><em>δὲ</em></strong></span> <span class='ocrx_word' id='word_1_511' title='bbox 2792 3839 2901 3893; x_wconf 82' lang='grc' dir='ltr'><strong><em>ἀπὸ</em></strong></span> <span class='ocrx_word' id='word_1_512' title='bbox 2939 3842 3050 3895; x_wconf 87' lang='grc' dir='ltr'><strong><em>τῶν</em></strong></span> <span class='ocrx_word' id='word_1_513' title='bbox 3078 3842 3413 3914; x_wconf 81' lang='grc' dir='ltr'>ἔμπροσθεν,</span> <span class='ocrx_word' id='word_1_514' title='bbox 3445 3843 3691 3915; x_wconf 81' lang='grc' dir='ltr'><strong><em>ὁπηνίκα</em></strong></span> <span class='ocrx_word' id='word_1_515' title='bbox 3722 3845 3853 3913; x_wconf 74' lang='grc' dir='ltr'>γνοίη</span> 
     </span>
    </p>
   </div>
   <div class='ocr_carea' id='block_1_56' title="bbox 2295 3933 3853 4008">
    <p class='ocr_par' dir='ltr' id='par_1_56' title="bbox 2295 3933 3853 4008">
     <span class='ocr_line' id='line_1_56' title="bbox 2295 3933 3853 4008; baseline 0.003 -24"><span class='ocrx_word' id='word_1_516' title='bbox 2295 3933 2607 4003; x_wconf 79' lang='grc' dir='ltr'>ἐφθακότας</span> <span class='ocrx_word' id='word_1_517' title='bbox 2634 3934 2762 3997; x_wconf 77' lang='grc' dir='ltr'>τοὺς</span> <span class='ocrx_word' id='word_1_518' title='bbox 2788 3934 3221 3998; x_wconf 80' lang='grc' dir='ltr'>ἀποσταλέντας,</span> <span class='ocrx_word' id='word_1_519' title='bbox 3256 3935 3520 4008; x_wconf 75' lang='grc' dir='ltr'>ἠϐούλετο</span> <span class='ocrx_word' id='word_1_520' title='bbox 3541 3936 3853 4004; x_wconf 77' lang='grc' dir='ltr'>προσϐαλεῖν</span> 
     </span>
    </p>
   </div>
   <div class='ocr_carea' id='block_1_57' title="bbox 2295 4024 3854 4098">
    <p class='ocr_par' dir='ltr' id='par_1_57' title="bbox 2295 4024 3854 4098">
     <span class='ocr_line' id='line_1_57' title="bbox 2295 4024 3854 4098; baseline 0.001 -20"><span class='ocrx_word' id='word_1_521' title='bbox 2295 4024 2375 4095; x_wconf 86' lang='grc' dir='ltr'><strong><em>τῷ</em></strong></span> <span class='ocrx_word' id='word_1_522' title='bbox 2415 4027 2765 4098; x_wconf 83' lang='grc' dir='ltr'>Ῥομπέρτῳ.</span> <span class='ocrx_word' id='word_1_523' title='bbox 2800 4027 2896 4089; x_wconf 79' lang='grc' dir='ltr'>Ὃς</span> <span class='ocrx_word' id='word_1_524' title='bbox 2927 4028 3091 4089; x_wconf 78' lang='grc' dir='ltr'>κενὰς</span> <span class='ocrx_word' id='word_1_525' title='bbox 3132 4028 3232 4089; x_wconf 76' lang='grc' dir='ltr'>τὰς</span> <span class='ocrx_word' id='word_1_526' title='bbox 3273 4030 3484 4098; x_wconf 81' lang='grc' dir='ltr'>σκηνὰς</span> <span class='ocrx_word' id='word_1_527' title='bbox 3530 4030 3854 4089; x_wconf 76' lang='grc' dir='ltr'>καταλιπὼν,</span> 
     </span>
    </p>
   </div>
   <div class='ocr_carea' id='block_1_58' title="bbox 607 4100 2188 4193">
    <p class='ocr_par' dir='ltr' id='par_1_58' title="bbox 607 4116 2186 4185">
     <span class='ocr_line' id='line_1_58' title="bbox 607 4116 2186 4185; baseline 0.002 -16"><span class='ocrx_word' id='word_1_528' title='bbox 607 4120 800 4170; x_wconf 79' lang='lat' dir='ltr'><strong><em>eodem</em></strong></span> <span class='ocrx_word' id='word_1_529' title='bbox 852 4127 1095 4185; x_wconf 86' lang='lat' dir='ltr'><strong><em>tempore</em></strong></span> <span class='ocrx_word' id='word_1_530' title='bbox 1132 4130 1248 4185; x_wconf 86' lang='lat' dir='ltr'><strong><em>quo</em></strong></span> <span class='ocrx_word' id='word_1_531' title='bbox 1294 4116 1411 4185; x_wconf 86' lang='lat' dir='ltr'><strong><em>ipse</em></strong></span> <span class='ocrx_word' id='word_1_532' title='bbox 1461 4130 1586 4170; x_wconf 87' lang='lat' dir='ltr'><strong><em>cum</em></strong></span> <span class='ocrx_word' id='word_1_533' title='bbox 1626 4126 1825 4170; x_wconf 66' lang='lat' dir='ltr'><strong><em>caetero</em></strong></span> <span class='ocrx_word' id='word_1_534' title='bbox 1865 4117 2109 4171; x_wconf 82' lang='lat' dir='ltr'><strong><em>exercitu</em></strong></span> <span class='ocrx_word' id='word_1_535' title='bbox 2157 4134 2186 4172; x_wconf 90' lang='lat' dir='ltr'><strong><em>a</em></strong></span> 
     </span>
    </p>
   </div>
   <div class='ocr_carea' id='block_1_59' title="bbox 2297 4100 3855 4193">
    <p class='ocr_par' dir='ltr' id='par_1_59' title="bbox 2297 4120 3855 4193">
     <span class='ocr_line' id='line_1_59' title="bbox 2297 4120 3855 4193; baseline 0.002 -22"><span class='ocrx_word' id='word_1_536' title='bbox 2297 4121 2393 4171; x_wconf 80' lang='grc' dir='ltr'>καὶ</span> <span class='ocrx_word' id='word_1_537' title='bbox 2426 4120 2624 4183; x_wconf 79' lang='grc' dir='ltr'>νυκτὸς</span> <span class='ocrx_word' id='word_1_538' title='bbox 2651 4120 2743 4172; x_wconf 77' lang='grc' dir='ltr'><strong><em>διὰ</em></strong></span> <span class='ocrx_word' id='word_1_539' title='bbox 2770 4120 2871 4190; x_wconf 83' lang='grc' dir='ltr'>τῆς</span> <span class='ocrx_word' id='word_1_540' title='bbox 2918 4121 3169 4191; x_wconf 79' lang='grc' dir='ltr'>γεφύρας</span> <span class='ocrx_word' id='word_1_541' title='bbox 3219 4121 3555 4190; x_wconf 82' lang='grc' dir='ltr'>διεληλυθὼς</span> <span class='ocrx_word' id='word_1_542' title='bbox 3611 4124 3787 4193; x_wconf 71' lang='grc' dir='ltr'><strong><em>(ὀγδόη</em></strong></span> <span class='ocrx_word' id='word_1_543' title='bbox 3820 4122 3855 4174; x_wconf 80' lang='grc' dir='ltr'>δ’</span> 
     </span>
    </p>
   </div>
   <div class='ocr_carea' id='block_1_60' title="bbox 611 4205 2186 4276">
    <p class='ocr_par' dir='ltr' id='par_1_60' title="bbox 611 4205 2186 4276">
     <span class='ocr_line' id='line_1_60' title="bbox 611 4205 2186 4276; baseline 0.001 -15"><span class='ocrx_word' id='word_1_544' title='bbox 611 4208 790 4262; x_wconf 79' lang='lat' dir='ltr'><strong>fronte</strong></span> <span class='ocrx_word' id='word_1_545' title='bbox 832 4206 1133 4263; x_wconf 79' lang='lat' dir='ltr'><strong><em>Robertum</em></strong></span> <span class='ocrx_word' id='word_1_546' title='bbox 1163 4205 1493 4261; x_wconf 81' lang='lat' dir='ltr'><strong><em>adoriretur.</em></strong></span> <span class='ocrx_word' id='word_1_547' title='bbox 1527 4205 1629 4272; x_wconf 85' lang='lat' dir='ltr'><strong><em>Qui</em></strong></span> <span class='ocrx_word' id='word_1_548' title='bbox 1658 4207 1878 4276; x_wconf 84' lang='lat' dir='ltr'><strong><em>quidem</em></strong></span> <span class='ocrx_word' id='word_1_549' title='bbox 1911 4208 2186 4263; x_wconf 73' lang='lat' dir='ltr'><strong><em>llobcrtus</em></strong></span> 
     </span>
    </p>
   </div>
   <div class='ocr_carea' id='block_1_61' title="bbox 609 4297 2181 4367">
    <p class='ocr_par' dir='ltr' id='par_1_61' title="bbox 609 4297 2181 4367">
     <span class='ocr_line' id='line_1_61' title="bbox 609 4297 2181 4367; baseline 0.003 -16"><span class='ocrx_word' id='word_1_550' title='bbox 609 4300 978 4355; x_wconf 82' lang='lat' dir='ltr'><strong><em>tabernaculis</em></strong></span> <span class='ocrx_word' id='word_1_551' title='bbox 1027 4297 1215 4354; x_wconf 87' lang='lat' dir='ltr'><strong><em>vacuis</em></strong></span> <span class='ocrx_word' id='word_1_552' title='bbox 1246 4298 1474 4364; x_wconf 85' lang='lat' dir='ltr'><strong><em>relictis,</em></strong></span> <span class='ocrx_word' id='word_1_553' title='bbox 1522 4309 1743 4367; x_wconf 85' lang='lat' dir='ltr'><strong><em>pontem</em></strong></span> <span class='ocrx_word' id='word_1_554' title='bbox 1800 4308 1961 4354; x_wconf 89' lang='lat' dir='ltr'><strong><em>nocte</em></strong></span> <span class='ocrx_word' id='word_1_555' title='bbox 1995 4307 2181 4357; x_wconf 84' lang='lat' dir='ltr'><strong><em>trans-</em></strong></span> 
     </span>
    </p>
   </div>
   <div class='ocr_carea' id='block_1_62' title="bbox 607 4389 2184 4461">
    <p class='ocr_par' dir='ltr' id='par_1_62' title="bbox 607 4389 2184 4461">
     <span class='ocr_line' id='line_1_62' title="bbox 607 4389 2184 4461; baseline 0.004 -18"><span class='ocrx_word' id='word_1_556' title='bbox 607 4406 832 4460; x_wconf 79' lang='lat' dir='ltr'><strong><em>gressus</em></strong></span> <span class='ocrx_word' id='word_1_557' title='bbox 897 4389 1316 4457; x_wconf 85' lang='lat' dir='ltr'><strong><em>(numerabatur</em></strong></span> <span class='ocrx_word' id='word_1_558' title='bbox 1346 4400 1459 4444; x_wconf 88' lang='lat' dir='ltr'><strong><em>tum</em></strong></span> <span class='ocrx_word' id='word_1_559' title='bbox 1492 4399 1685 4445; x_wconf 87' lang='lat' dir='ltr'><strong><em>octava</em></strong></span> <span class='ocrx_word' id='word_1_560' title='bbox 1716 4406 1886 4461; x_wconf 85' lang='lat' dir='ltr'><strong><em>supra</em></strong></span> <span class='ocrx_word' id='word_1_561' title='bbox 1914 4392 1979 4446; x_wconf 77' lang='grc'><strong><em>10</em></strong></span> <span class='ocrx_word' id='word_1_562' title='bbox 2018 4397 2184 4449; x_wconf 80' lang='lat' dir='ltr'><strong><em>Octo-</em></strong></span> 
     </span>
    </p>
   </div>
   <div class='ocr_carea' id='block_1_63' title="bbox 610 4479 2182 4553">
    <p class='ocr_par' dir='ltr' id='par_1_63' title="bbox 610 4479 2182 4553">
     <span class='ocr_line' id='line_1_63' title="bbox 610 4479 2182 4553; baseline 0.003 -19"><span class='ocrx_word' id='word_1_563' title='bbox 610 4480 725 4534; x_wconf 75' lang='lat' dir='ltr'><strong><em>bris</em></strong></span> <span class='ocrx_word' id='word_1_564' title='bbox 752 4480 886 4542; x_wconf 85' lang='lat' dir='ltr'><strong><em>dies,</em></strong></span> <span class='ocrx_word' id='word_1_565' title='bbox 917 4479 1222 4533; x_wconf 88' lang='lat' dir='ltr'><strong><em>indictione</em></strong></span> <span class='ocrx_word' id='word_1_566' title='bbox 1255 4481 1472 4549; x_wconf 87' lang='lat' dir='ltr'><strong><em>quinta)</em></strong></span> <span class='ocrx_word' id='word_1_567' title='bbox 1499 4481 1552 4535; x_wconf 89' lang='lat' dir='ltr'><strong><em>in</em></strong></span> <span class='ocrx_word' id='word_1_568' title='bbox 1590 4483 1852 4552; x_wconf 83' lang='lat' dir='ltr'><strong><em>templum</em></strong></span> <span class='ocrx_word' id='word_1_569' title='bbox 1878 4485 2182 4553; x_wconf 83' lang='lat' dir='ltr'><strong><em>antiquitus</em></strong></span> 
     </span>
    </p>
   </div>
   <div class='ocr_carea' id='block_1_64' title="bbox 608 4573 2181 4647">
    <p class='ocr_par' dir='ltr' id='par_1_64' title="bbox 608 4573 2181 4647">
     <span class='ocr_line' id='line_1_64' title="bbox 608 4573 2181 4647; baseline 0.003 -21"><span class='ocrx_word' id='word_1_570' title='bbox 608 4580 946 4626; x_wconf 77' lang='lat' dir='ltr'><strong><em>exstructum</em></strong></span> <span class='ocrx_word' id='word_1_571' title='bbox 991 4586 1159 4640; x_wconf 83' lang='lat' dir='ltr'><strong><em>prope</em></strong></span> <span class='ocrx_word' id='word_1_572' title='bbox 1188 4586 1355 4637; x_wconf 84' lang='lat' dir='ltr'><strong><em>mare,</em></strong></span> <span class='ocrx_word' id='word_1_573' title='bbox 1381 4573 1434 4627; x_wconf 90' lang='lat' dir='ltr'><strong><em>in</em></strong></span> <span class='ocrx_word' id='word_1_574' title='bbox 1467 4576 1690 4628; x_wconf 90' lang='lat' dir='ltr'><strong><em>nomine</em></strong></span> <span class='ocrx_word' id='word_1_575' title='bbox 1719 4577 1972 4647; x_wconf 83' lang='lat' dir='ltr'><strong><em>martyris</em></strong></span> <span class='ocrx_word' id='word_1_576' title='bbox 2000 4576 2181 4631; x_wconf 86' lang='lat' dir='ltr'><strong>Theo-</strong></span> 
     </span>
    </p>
   </div>
   <div class='ocr_carea' id='block_1_65' title="bbox 608 4666 2184 4738">
    <p class='ocr_par' dir='ltr' id='par_1_65' title="bbox 608 4666 2184 4738">
     <span class='ocr_line' id='line_1_65' title="bbox 608 4666 2184 4738; baseline 0.006 -21"><span class='ocrx_word' id='word_1_577' title='bbox 608 4666 725 4718; x_wconf 85' lang='lat' dir='ltr'><strong><em>duri</em></strong></span> <span class='ocrx_word' id='word_1_578' title='bbox 757 4678 816 4719; x_wconf 87' lang='lat' dir='ltr'><strong><em>se</em></strong></span> <span class='ocrx_word' id='word_1_579' title='bbox 840 4666 1073 4721; x_wconf 87' lang='lat' dir='ltr'><strong><em>contulit</em></strong></span> <span class='ocrx_word' id='word_1_580' title='bbox 1098 4680 1224 4720; x_wconf 89' lang='lat' dir='ltr'><strong><em>cum</em></strong></span> <span class='ocrx_word' id='word_1_581' title='bbox 1252 4666 1498 4722; x_wconf 78' lang='lat' dir='ltr'><strong><em>exercitu</em></strong></span> <span class='ocrx_word' id='word_1_582' title='bbox 1523 4682 1627 4723; x_wconf 84' lang='lat' dir='ltr'><strong><em>suo</em></strong></span> <span class='ocrx_word' id='word_1_583' title='bbox 1656 4668 1914 4729; x_wconf 82' lang='lat' dir='ltr'><strong><em>universo</em></strong></span> <span class='ocrx_word' id='word_1_584' title='bbox 1949 4685 1963 4725; x_wconf 83' lang='lat'><strong>:</strong></span> <span class='ocrx_word' id='word_1_585' title='bbox 1995 4669 2184 4738; x_wconf 81' lang='lat' dir='ltr'><strong><em>ibique</em></strong></span> 
     </span>
    </p>
   </div>
   <div class='ocr_carea' id='block_1_66' title="bbox 608 4758 2179 4829">
    <p class='ocr_par' dir='ltr' id='par_1_66' title="bbox 608 4758 2179 4829">
     <span class='ocr_line' id='line_1_66' title="bbox 608 4758 2179 4829; baseline 0.003 -18"><span class='ocrx_word' id='word_1_586' title='bbox 608 4773 706 4826; x_wconf 78' lang='lat' dir='ltr'><strong><em>per</em></strong></span> <span class='ocrx_word' id='word_1_587' title='bbox 731 4766 901 4811; x_wconf 82' lang='lat' dir='ltr'><strong><em>totam</em></strong></span> <span class='ocrx_word' id='word_1_588' title='bbox 932 4767 1150 4815; x_wconf 84' lang='lat' dir='ltr'><strong><em>noctem</em></strong></span> <span class='ocrx_word' id='word_1_589' title='bbox 1177 4758 1468 4827; x_wconf 87' lang='lat' dir='ltr'><strong><em>propitiato</em></strong></span> <span class='ocrx_word' id='word_1_590' title='bbox 1498 4761 1755 4829; x_wconf 83' lang='lat' dir='ltr'><strong><em>precibus</em></strong></span> <span class='ocrx_word' id='word_1_591' title='bbox 1802 4760 2046 4824; x_wconf 86' lang='lat' dir='ltr'><strong><em>numine.</em></strong></span> <span class='ocrx_word' id='word_1_592' title='bbox 2076 4762 2179 4816; x_wconf 83' lang='lat' dir='ltr'><strong><em>im-</em></strong></span> 
     </span>
    </p>
   </div>
   <div class='ocr_carea' id='block_1_67' title="bbox 612 4848 2172 4920">
    <p class='ocr_par' dir='ltr' id='par_1_67' title="bbox 612 4848 2172 4920">
     <span class='ocr_line' id='line_1_67' title="bbox 612 4848 2172 4920; baseline 0.003 -18"><span class='ocrx_word' id='word_1_593' title='bbox 612 4848 879 4902; x_wconf 86' lang='lat' dir='ltr'><strong><em>maculata</em></strong></span> <span class='ocrx_word' id='word_1_594' title='bbox 919 4848 1216 4919; x_wconf 88' lang='lat' dir='ltr'><strong><em>divinaque</em></strong></span> <span class='ocrx_word' id='word_1_595' title='bbox 1259 4849 1520 4920; x_wconf 84' lang='lat' dir='ltr'><strong><em>mysteria</em></strong></span> <span class='ocrx_word' id='word_1_596' title='bbox 1565 4864 1883 4919; x_wconf 77' lang='lat' dir='ltr'><strong><em>percepero.</em></strong></span> <span class='ocrx_word' id='word_1_597' title='bbox 1935 4850 2065 4907; x_wconf 85' lang='lat' dir='ltr'><strong><em>Inde</em></strong></span> <span class='ocrx_word' id='word_1_598' title='bbox 2107 4856 2172 4907; x_wconf 90' lang='lat' dir='ltr'><strong><em>ad</em></strong></span> 
     </span>
    </p>
   </div>
   <div class='ocr_carea' id='block_1_68' title="bbox 609 4939 2177 5009">
    <p class='ocr_par' dir='ltr' id='par_1_68' title="bbox 609 4939 2177 5009">
     <span class='ocr_line' id='line_1_68' title="bbox 609 4939 2177 5009; baseline 0.003 -16"><span class='ocrx_word' id='word_1_599' title='bbox 609 4940 987 4995; x_wconf 86' lang='lat' dir='ltr'><strong><em>instruendam</em></strong></span> <span class='ocrx_word' id='word_1_600' title='bbox 1026 4940 1196 4995; x_wconf 89' lang='lat' dir='ltr'><strong><em>aciem</em></strong></span> <span class='ocrx_word' id='word_1_601' title='bbox 1230 4954 1442 5003; x_wconf 82' lang='lat' dir='ltr'><strong><em>versus,</em></strong></span> <span class='ocrx_word' id='word_1_602' title='bbox 1493 4939 1547 4994; x_wconf 88' lang='lat' dir='ltr'><strong><em>in</em></strong></span> <span class='ocrx_word' id='word_1_603' title='bbox 1595 4954 1660 4994; x_wconf 89' lang='lat' dir='ltr'><strong><em>ea</em></strong></span> <span class='ocrx_word' id='word_1_604' title='bbox 1703 4942 1820 5009; x_wconf 86' lang='lat' dir='ltr'><strong><em>ipse</em></strong></span> <span class='ocrx_word' id='word_1_605' title='bbox 1861 4941 2037 5003; x_wconf 81' lang='lat' dir='ltr'><strong><em>media</em></strong></span> <span class='ocrx_word' id='word_1_606' title='bbox 2072 4944 2177 5001; x_wconf 87' lang='lat' dir='ltr'><strong><em>sibi</em></strong></span> 
     </span>
    </p>
   </div>
   <div class='ocr_carea' id='block_1_69' title="bbox 606 5031 2182 5106">
    <p class='ocr_par' dir='ltr' id='par_1_69' title="bbox 606 5031 2182 5106">
     <span class='ocr_line' id='line_1_69' title="bbox 606 5031 2182 5106; baseline 0.001 -20"><span class='ocrx_word' id='word_1_607' title='bbox 606 5032 803 5104; x_wconf 77' lang='lat' dir='ltr'><strong><em>delegit</em></strong></span> <span class='ocrx_word' id='word_1_608' title='bbox 863 5033 1115 5104; x_wconf 86' lang='lat' dir='ltr'><strong><em>cepitque</em></strong></span> <span class='ocrx_word' id='word_1_609' title='bbox 1146 5033 1353 5091; x_wconf 86' lang='lat' dir='ltr'><strong><em>locum.</em></strong></span> <span class='ocrx_word' id='word_1_610' title='bbox 1394 5031 1574 5088; x_wconf 89' lang='lat' dir='ltr'><strong><em>Cornu</em></strong></span> <span class='ocrx_word' id='word_1_611' title='bbox 1603 5033 1747 5104; x_wconf 90' lang='lat' dir='ltr'><strong><em>quod</em></strong></span> <span class='ocrx_word' id='word_1_612' title='bbox 1785 5048 1935 5088; x_wconf 85' lang='lat' dir='ltr'><strong><em>mare</em></strong></span> <span class='ocrx_word' id='word_1_613' title='bbox 1969 5048 2182 5106; x_wconf 86' lang='lat' dir='ltr'><strong><em>specta-</em></strong></span> 
     </span>
    </p>
   </div>
   <div class='ocr_carea' id='block_1_70' title="bbox 2287 4206 3855 4286">
    <p class='ocr_par' dir='ltr' id='par_1_70' title="bbox 2287 4206 3855 4286">
     <span class='ocr_line' id='line_1_70' title="bbox 2287 4206 3855 4286; baseline 0.004 -23"><span class='ocrx_word' id='word_1_614' title='bbox 2287 4206 2357 4282; x_wconf 81' lang='grc' dir='ltr'>ἦν</span> <span class='ocrx_word' id='word_1_615' title='bbox 2392 4212 2529 4284; x_wconf 85' lang='grc' dir='ltr'>πρὸς</span> <span class='ocrx_word' id='word_1_616' title='bbox 2561 4214 2628 4283; x_wconf 80' lang='grc' dir='ltr'>τῇ</span> <span class='ocrx_word' id='word_1_617' title='bbox 2657 4212 2857 4285; x_wconf 75' lang='grc' dir='ltr'>δεκάτῃ</span> <span class='ocrx_word' id='word_1_618' title='bbox 2892 4212 2988 4265; x_wconf 79' lang='grc' dir='ltr'><strong><em>τοῦ</em></strong></span> <span class='ocrx_word' id='word_1_619' title='bbox 3047 4214 3447 4285; x_wconf 83' lang='grc' dir='ltr'>παριπεύοντος</span> <span class='ocrx_word' id='word_1_620' title='bbox 3476 4216 3522 4247; x_wconf 80' lang='grc'><strong><em>⁸⁸</em></strong></span> <span class='ocrx_word' id='word_1_621' title='bbox 3578 4219 3749 4286; x_wconf 71' lang='grc' dir='ltr'>μηνὸς</span> <span class='ocrx_word' id='word_1_622' title='bbox 3790 4219 3855 4269; x_wconf 86' lang='lat' dir='ltr'><strong><em>‘U-</em></strong></span> 
     </span>
    </p>
   </div>
   <div class='ocr_carea' id='block_1_71' title="bbox 2290 4304 3855 4381">
    <p class='ocr_par' dir='ltr' id='par_1_71' title="bbox 2290 4304 3855 4381">
     <span class='ocr_line' id='line_1_71' title="bbox 2290 4304 3855 4381; baseline 0.003 -24"><span class='ocrx_word' id='word_1_623' title='bbox 2290 4304 2594 4375; x_wconf 77' lang='grc' dir='ltr'>κτωϐρίου,</span> <span class='ocrx_word' id='word_1_624' title='bbox 2624 4304 3004 4377; x_wconf 79' lang='grc' dir='ltr'>ὲπινεμήσεως</span> <span class='ocrx_word' id='word_1_625' title='bbox 3031 4308 3261 4377; x_wconf 84' lang='grc' dir='ltr'><strong><em>πέμπτη</em></strong></span> <span class='ocrx_word' id='word_1_626' title='bbox 3300 4308 3317 4375; x_wconf 94' lang='grc'>)</span> <span class='ocrx_word' id='word_1_627' title='bbox 3348 4308 3409 4361; x_wconf 84' lang='grc' dir='ltr'>τὸ</span> <span class='ocrx_word' id='word_1_628' title='bbox 3443 4310 3601 4378; x_wconf 79' lang='grc' dir='ltr'>παρὰ</span> <span class='ocrx_word' id='word_1_629' title='bbox 3640 4310 3738 4381; x_wconf 75' lang='grc' dir='ltr'>τὴν</span> <span class='ocrx_word' id='word_1_630' title='bbox 3776 4310 3855 4362; x_wconf 72' lang='grc' dir='ltr'><strong><em>Θα-</em></strong></span> 
     </span>
    </p>
   </div>
   <div class='ocr_carea' id='block_1_72' title="bbox 2292 4396 3859 4471">
    <p class='ocr_par' dir='ltr' id='par_1_72' title="bbox 2292 4396 3859 4471">
     <span class='ocr_line' id='line_1_72' title="bbox 2292 4396 3859 4471; baseline 0.003 -22"><span class='ocrx_word' id='word_1_631' title='bbox 2292 4396 2496 4451; x_wconf 86' lang='grc' dir='ltr'>λατταν</span> <span class='ocrx_word' id='word_1_632' title='bbox 2557 4399 2647 4450; x_wconf 79' lang='grc' dir='ltr'><strong><em>ἐπ’</em></strong></span> <span class='ocrx_word' id='word_1_633' title='bbox 2686 4398 2914 4468; x_wconf 73' lang='grc' dir='ltr'>ὀνόματι</span> <span class='ocrx_word' id='word_1_634' title='bbox 2946 4397 3043 4453; x_wconf 81' lang='grc' dir='ltr'>τοῦ</span> <span class='ocrx_word' id='word_1_635' title='bbox 3076 4400 3355 4470; x_wconf 82' lang='grc' dir='ltr'>μάρτυρος</span> <span class='ocrx_word' id='word_1_636' title='bbox 3388 4400 3679 4471; x_wconf 74' lang='grc' dir='ltr'>Θεοδώρου</span> <span class='ocrx_word' id='word_1_637' title='bbox 3711 4405 3859 4456; x_wconf 73' lang='grc' dir='ltr'>πάλαι</span> 
     </span>
    </p>
   </div>
   <div class='ocr_carea' id='block_1_73' title="bbox 2294 4488 3858 4563">
    <p class='ocr_par' dir='ltr' id='par_1_73' title="bbox 2294 4488 3858 4563">
     <span class='ocr_line' id='line_1_73' title="bbox 2294 4488 3858 4563; baseline 0.003 -23"><span class='ocrx_word' id='word_1_638' title='bbox 2294 4488 2729 4559; x_wconf 84' lang='grc' dir='ltr'>ἁνοικοδομηθὲν</span> <span class='ocrx_word' id='word_1_639' title='bbox 2766 4490 2995 4559; x_wconf 81' lang='grc' dir='ltr'>τέμενος</span> <span class='ocrx_word' id='word_1_640' title='bbox 3029 4490 3301 4545; x_wconf 76' lang='grc' dir='ltr'>κατέλαϐε</span> <span class='ocrx_word' id='word_1_641' title='bbox 3337 4493 3481 4546; x_wconf 81' lang='grc' dir='ltr'><strong><em>κατὰ</em></strong></span> <span class='ocrx_word' id='word_1_642' title='bbox 3522 4495 3643 4563; x_wconf 77' lang='grc'>(66)</span> <span class='ocrx_word' id='word_1_643' title='bbox 3679 4494 3858 4553; x_wconf 74' lang='grc' dir='ltr'>παντὸς</span> 
     </span>
    </p>
   </div>
   <div class='ocr_carea' id='block_1_74' title="bbox 2292 4580 3861 4655">
    <p class='ocr_par' dir='ltr' id='par_1_74' title="bbox 2292 4580 3861 4655">
     <span class='ocr_line' id='line_1_74' title="bbox 2292 4580 3861 4655; baseline 0.001 -23"><span class='ocrx_word' id='word_1_644' title='bbox 2292 4580 2388 4634; x_wconf 82' lang='grc' dir='ltr'>τοῦ</span> <span class='ocrx_word' id='word_1_645' title='bbox 2428 4581 2869 4651; x_wconf 82' lang='grc' dir='ltr'><strong><em>στρατεύματος.</em></strong></span> <span class='ocrx_word' id='word_1_646' title='bbox 2920 4585 3032 4638; x_wconf 79' lang='grc' dir='ltr'><strong><em>Καὶ</em></strong></span> <span class='ocrx_word' id='word_1_647' title='bbox 3083 4582 3151 4636; x_wconf 84' lang='grc' dir='ltr'><strong><em>δι’</em></strong></span> <span class='ocrx_word' id='word_1_648' title='bbox 3198 4585 3326 4655; x_wconf 82' lang='grc' dir='ltr'>ὅλης</span> <span class='ocrx_word' id='word_1_649' title='bbox 3379 4587 3579 4649; x_wconf 82' lang='grc' dir='ltr'>νυκτὸς</span> <span class='ocrx_word' id='word_1_650' title='bbox 3634 4588 3695 4638; x_wconf 74' lang='grc' dir='ltr'>τὸ</span> <span class='ocrx_word' id='word_1_651' title='bbox 3736 4587 3861 4638; x_wconf 73' lang='grc' dir='ltr'>Θεῐον</span> 
     </span>
    </p>
   </div>
   <div class='ocr_carea' id='block_1_75' title="bbox 2292 4674 3859 4749">
    <p class='ocr_par' dir='ltr' id='par_1_75' title="bbox 2292 4674 3859 4749">
     <span class='ocr_line' id='line_1_75' title="bbox 2292 4674 3859 4749; baseline 0.003 -24"><span class='ocrx_word' id='word_1_652' title='bbox 2292 4674 2824 4746; x_wconf 79' lang='grc' dir='ltr'>ἑξευμενιζόμενοι,</span> <span class='ocrx_word' id='word_1_653' title='bbox 2897 4676 3006 4730; x_wconf 81' lang='grc' dir='ltr'><strong><em>τῶν</em></strong></span> <span class='ocrx_word' id='word_1_654' title='bbox 3064 4679 3357 4748; x_wconf 77' lang='grc' dir='ltr'>ἀχράντων</span> <span class='ocrx_word' id='word_1_655' title='bbox 3398 4678 3495 4733; x_wconf 79' lang='grc' dir='ltr'><strong><em>καὶ</em></strong></span> <span class='ocrx_word' id='word_1_656' title='bbox 3548 4679 3717 4733; x_wconf 74' lang='grc' dir='ltr'>θείων</span> <span class='ocrx_word' id='word_1_657' title='bbox 3766 4696 3859 4749; x_wconf 73' lang='grc' dir='ltr'><strong><em>μυ-</em></strong></span> 
     </span>
    </p>
   </div>
   <div class='ocr_carea' id='block_1_76' title="bbox 2294 4763 3861 4837">
    <p class='ocr_par' dir='ltr' id='par_1_76' title="bbox 2294 4763 3861 4837">
     <span class='ocr_line' id='line_1_76' title="bbox 2294 4763 3861 4837; baseline 0.003 -21"><span class='ocrx_word' id='word_1_658' title='bbox 2294 4763 2533 4835; x_wconf 80' lang='grc' dir='ltr'>στηρίων</span> <span class='ocrx_word' id='word_1_659' title='bbox 2574 4764 2690 4835; x_wconf 84' lang='grc'><strong><em>(90)</em></strong></span> <span class='ocrx_word' id='word_1_660' title='bbox 2739 4764 3178 4837; x_wconf 78' lang='grc' dir='ltr'>μετελάμϐανον.</span> <span class='ocrx_word' id='word_1_661' title='bbox 3238 4764 3374 4824; x_wconf 74' lang='grc' dir='ltr'>Εἶτα</span> <span class='ocrx_word' id='word_1_662' title='bbox 3425 4768 3525 4834; x_wconf 76' lang='grc' dir='ltr'><strong><em>τας</em></strong></span> <span class='ocrx_word' id='word_1_663' title='bbox 3583 4771 3726 4834; x_wconf 77' lang='grc' dir='ltr'>ιδίας</span> <span class='ocrx_word' id='word_1_664' title='bbox 3778 4788 3861 4822; x_wconf 65' lang='grc' dir='ltr'><strong><em>και</em></strong></span> 
     </span>
    </p>
   </div>
   <div class='ocr_carea' id='block_1_77' title="bbox 2289 4856 3857 4933">
    <p class='ocr_par' dir='ltr' id='par_1_77' title="bbox 2289 4856 3857 4933">
     <span class='ocr_line' id='line_1_77' title="bbox 2289 4856 3857 4933; baseline 0.004 -26"><span class='ocrx_word' id='word_1_665' title='bbox 2289 4856 2569 4927; x_wconf 86' lang='grc' dir='ltr'>ταστήσας</span> <span class='ocrx_word' id='word_1_666' title='bbox 2647 4858 2984 4928; x_wconf 81' lang='grc' dir='ltr'>φάλαγγας,</span> <span class='ocrx_word' id='word_1_667' title='bbox 3039 4859 3140 4930; x_wconf 76' lang='grc' dir='ltr'>τὴν</span> <span class='ocrx_word' id='word_1_668' title='bbox 3197 4864 3373 4933; x_wconf 82' lang='grc' dir='ltr'>μέσην</span> <span class='ocrx_word' id='word_1_669' title='bbox 3424 4862 3606 4917; x_wconf 77' lang='grc' dir='ltr'>εἵλετο</span> <span class='ocrx_word' id='word_1_670' title='bbox 3672 4865 3716 4896; x_wconf 66' lang='grc'>⁸⁷</span> <span class='ocrx_word' id='word_1_671' title='bbox 3775 4864 3857 4915; x_wconf 72' lang='grc' dir='ltr'>τοῦ</span> 
     </span>
    </p>
   </div>
   <div class='ocr_carea' id='block_1_78' title="bbox 2292 4948 3860 5027">
    <p class='ocr_par' dir='ltr' id='par_1_78' title="bbox 2292 4948 3860 5027">
     <span class='ocr_line' id='line_1_78' title="bbox 2292 4948 3860 5027; baseline 0.004 -27"><span class='ocrx_word' id='word_1_672' title='bbox 2292 4948 2673 5020; x_wconf 82' lang='grc' dir='ltr'>συντάγματος</span> <span class='ocrx_word' id='word_1_673' title='bbox 2758 4952 2944 5022; x_wconf 82' lang='grc' dir='ltr'>χώραν</span> <span class='ocrx_word' id='word_1_674' title='bbox 2972 4994 2987 5019; x_wconf 98' lang='grc'><strong><em>,</em></strong></span> <span class='ocrx_word' id='word_1_675' title='bbox 3044 4954 3106 5006; x_wconf 80' lang='grc' dir='ltr'>τὸ</span> <span class='ocrx_word' id='word_1_676' title='bbox 3164 4954 3221 5007; x_wconf 81' lang='grc' dir='ltr'><strong><em>δέ</em></strong></span> <span class='ocrx_word' id='word_1_677' title='bbox 3275 4972 3338 5025; x_wconf 84' lang='grc' dir='ltr'>γε</span> <span class='ocrx_word' id='word_1_678' title='bbox 3394 4957 3534 5027; x_wconf 81' lang='grc' dir='ltr'>πρὸς</span> <span class='ocrx_word' id='word_1_679' title='bbox 3603 4957 3860 5011; x_wconf 53' lang='lat' dir='ltr'><strong><em>Odit-sttui</em></strong></span> 
     </span>
    </p>
   </div>
   <div class='ocr_carea' id='block_1_79' title="bbox 2292 5039 3859 5117">
    <p class='ocr_par' dir='ltr' id='par_1_79' title="bbox 2292 5039 3859 5117">
     <span class='ocr_line' id='line_1_79' title="bbox 2292 5039 3859 5117; baseline 0.006 -27"><span class='ocrx_word' id='word_1_680' title='bbox 2292 5039 2463 5109; x_wconf 80' lang='grc' dir='ltr'>κέρας</span> <span class='ocrx_word' id='word_1_681' title='bbox 2516 5040 2596 5113; x_wconf 82' lang='grc' dir='ltr'><strong><em>τῷ</em></strong></span> <span class='ocrx_word' id='word_1_682' title='bbox 2656 5042 2943 5116; x_wconf 77' lang='grc' dir='ltr'><strong><em>Ἀμηκέτῃ</em></strong></span> <span class='ocrx_word' id='word_1_683' title='bbox 2993 5044 3039 5076; x_wconf 75' lang='grc'>⁸⁸</span> <span class='ocrx_word' id='word_1_684' title='bbox 3101 5043 3214 5116; x_wconf 80' lang='lat'><strong><em>(9|)</em></strong></span> <span class='ocrx_word' id='word_1_685' title='bbox 3257 5046 3529 5117; x_wconf 70' lang='grc' dir='ltr'>ἐπέτρεψε</span> <span class='ocrx_word' id='word_1_686' title='bbox 3588 5048 3791 5117; x_wconf 66' lang='grc' dir='ltr'><strong><em>κόμπτι</em></strong></span> <span class='ocrx_word' id='word_1_687' title='bbox 3822 5048 3859 5077; x_wconf 71' lang='grc'><strong><em>*⁸</em></strong></span> 
     </span>
    </p>
   </div>
   <div class='ocr_carea' id='block_1_80' title="bbox 1596 5173 2705 5243">
    <p class='ocr_par' dir='ltr' id='par_1_80' title="bbox 1596 5173 2705 5243">
     <span class='ocr_line' id='line_1_80' title="bbox 1596 5173 2705 5243; baseline 0.008 -9"><span class='ocrx_word' id='word_1_688' title='bbox 1596 5174 1798 5235; x_wconf 64' lang='lat' dir='ltr'><strong><em>Varias</em></strong></span> <span class='ocrx_word' id='word_1_689' title='bbox 1822 5173 2124 5235; x_wconf 83' lang='lat' dir='ltr'><strong><em>lectiones</em></strong></span> <span class='ocrx_word' id='word_1_690' title='bbox 2148 5191 2225 5235; x_wconf 81' lang='lat' dir='ltr'><strong><em>ex</em></strong></span> <span class='ocrx_word' id='word_1_691' title='bbox 2262 5178 2403 5238; x_wconf 86' lang='lat' dir='ltr'><strong><em>cod.</em></strong></span> <span class='ocrx_word' id='word_1_692' title='bbox 2433 5178 2705 5243; x_wconf 90' lang='lat' dir='ltr'><strong><em>Coislin.</em></strong></span> 
     </span>
    </p>
   </div>
   <div class='ocr_carea' id='block_1_81' title="bbox 663 5274 1575 5352">
    <p class='ocr_par' dir='ltr' id='par_1_81' title="bbox 663 5274 1575 5352">
     <span class='ocr_line' id='line_1_81' title="bbox 663 5274 1575 5352; baseline 0.004 -26"><span class='ocrx_word' id='word_1_693' title='bbox 663 5274 707 5304; x_wconf 83' lang='lat'>“</span> <span class='ocrx_word' id='word_1_694' title='bbox 730 5274 875 5352; x_wconf 68' lang='grc' dir='ltr'><strong><em>ἀλλέ</em></strong></span> <span class='ocrx_word' id='word_1_695' title='bbox 896 5276 942 5352; x_wconf 27' lang='grc' dir='ltr'>δ”</span> <span class='ocrx_word' id='word_1_696' title='bbox 961 5277 1118 5352; x_wconf 57' lang='grc' dir='ltr'>αὐτά.</span> <span class='ocrx_word' id='word_1_697' title='bbox 1163 5278 1239 5352; x_wconf 46' lang='grc'><strong><em>.⁶³</em></strong></span> <span class='ocrx_word' id='word_1_698' title='bbox 1273 5278 1575 5331; x_wconf 79' lang='grc' dir='ltr'>ἐπιπεσεῖν.</span> 
     </span>
    </p>
   </div>
   <div class='ocr_carea' id='block_1_82' title="bbox 609 5347 1206 5419">
    <p class='ocr_par' dir='ltr' id='par_1_82' title="bbox 609 5347 1206 5419">
     <span class='ocr_line' id='line_1_82' title="bbox 609 5347 1206 5419; baseline 0.01 -24"><span class='ocrx_word' id='word_1_699' title='bbox 609 5361 754 5415; x_wconf 80' lang='grc' dir='ltr'>χετο.</span> <span class='ocrx_word' id='word_1_700' title='bbox 834 5347 878 5378; x_wconf 83' lang='grc'><strong><em>⁶⁹</em></strong></span> <span class='ocrx_word' id='word_1_701' title='bbox 920 5349 975 5401; x_wconf 76' lang='grc' dir='ltr'>Ἀ</span> <span class='ocrx_word' id='word_1_702' title='bbox 987 5347 1206 5419; x_wconf 75' lang='grc' dir='ltr'>μικέτῂ.</span> 
     </span>
    </p>
   </div>
   <div class='ocr_carea' id='block_1_83' title="bbox 1657 5276 2234 5334">
    <p class='ocr_par' dir='ltr' id='par_1_83' title="bbox 1657 5276 2234 5334">
     <span class='ocr_line' id='line_1_83' title="bbox 1657 5276 2234 5334; baseline 0.009 -5"><span class='ocrx_word' id='word_1_703' title='bbox 1657 5276 1703 5309; x_wconf 71' lang='grc'><strong><em>⁸⁸</em></strong></span> <span class='ocrx_word' id='word_1_704' title='bbox 1732 5276 1896 5332; x_wconf 85' lang='lat' dir='ltr'><strong><em>Deest</em></strong></span> <span class='ocrx_word' id='word_1_705' title='bbox 1930 5292 2034 5332; x_wconf 76' lang='lat' dir='ltr'><strong><em>vox</em></strong></span> <span class='ocrx_word' id='word_1_706' title='bbox 2066 5277 2234 5334; x_wconf 78' lang='grc' dir='ltr'>ἅπαν.</span> 
     </span>
    </p>
   </div>
   <div class='ocr_carea' id='block_1_84' title="bbox 2312 5279 3859 5355">
    <p class='ocr_par' dir='ltr' id='par_1_84' title="bbox 2312 5279 3859 5355">
     <span class='ocr_line' id='line_1_84' title="bbox 2312 5279 3859 5355; baseline 0.004 -22"><span class='ocrx_word' id='word_1_707' title='bbox 2312 5279 2358 5311; x_wconf 72' lang='grc'><strong><em>⁸⁸</em></strong></span> <span class='ocrx_word' id='word_1_708' title='bbox 2390 5281 2685 5351; x_wconf 78' lang='grc' dir='ltr'>ἐληλυθώς.</span> <span class='ocrx_word' id='word_1_709' title='bbox 2769 5284 2815 5315; x_wconf 76' lang='grc'><strong><em>⁸⁸</em></strong></span> <span class='ocrx_word' id='word_1_710' title='bbox 2846 5285 3311 5353; x_wconf 85' lang='grc' dir='ltr'>παριππεύοντος.</span> <span class='ocrx_word' id='word_1_711' title='bbox 3390 5287 3433 5317; x_wconf 81' lang='grc'><strong>⁸⁷</strong></span> <span class='ocrx_word' id='word_1_712' title='bbox 3473 5287 3641 5355; x_wconf 75' lang='grc' dir='ltr'>μετὰ.</span> <span class='ocrx_word' id='word_1_713' title='bbox 3727 5285 3859 5339; x_wconf 72' lang='lat' dir='ltr'><strong><em>“ai-</em></strong></span> 
     </span>
    </p>
   </div>
   <div class='ocr_carea' id='block_1_85' title="bbox 1663 5486 2764 5570">
    <p class='ocr_par' dir='ltr' id='par_1_85' title="bbox 1663 5486 2764 5570">
     <span class='ocr_line' id='line_1_85' title="bbox 1663 5486 2764 5570; baseline 0.005 -22"><span class='ocrx_word' id='word_1_714' title='bbox 1663 5486 1803 5549; x_wconf 84' lang='lat' dir='ltr'><strong><em>Car.</em></strong></span> <span class='ocrx_word' id='word_1_715' title='bbox 1837 5487 2161 5550; x_wconf 87' lang='lat' dir='ltr'><strong><em>Dufresnii</em></strong></span> <span class='ocrx_word' id='word_1_716' title='bbox 2185 5490 2281 5549; x_wconf 87' lang='lat' dir='ltr'><strong><em>Du</em></strong></span> <span class='ocrx_word' id='word_1_717' title='bbox 2316 5490 2539 5570; x_wconf 83' lang='lat' dir='ltr'><strong><em>Cangii</em></strong></span> <span class='ocrx_word' id='word_1_718' title='bbox 2578 5501 2764 5555; x_wconf 65' lang='lat' dir='ltr'><strong><em>notes.</em></strong></span> 
     </span>
    </p>
   </div>
   <div class='ocr_carea' id='block_1_86' title="bbox 685 5580 2188 5666">
    <p class='ocr_par' dir='ltr' id='par_1_86' title="bbox 685 5580 2173 5666">
     <span class='ocr_line' id='line_1_86' title="bbox 685 5580 2173 5666; baseline 0.005 -29"><span class='ocrx_word' id='word_1_719' title='bbox 685 5580 796 5666; x_wconf 78' lang='lat'><strong><em>(90)</em></strong></span> <span class='ocrx_word' id='word_1_720' title='bbox 825 5580 960 5666; x_wconf 43' lang='lat' dir='ltr'><strong><em>&#39;th)?</em></strong></span> <span class='ocrx_word' id='word_1_721' title='bbox 1015 5584 1209 5666; x_wconf 42' lang='lat' dir='ltr'><strong><em>(ictam.</em></strong></span> <span class='ocrx_word' id='word_1_722' title='bbox 1226 5586 1597 5666; x_wconf 60' lang='grc' dir='ltr'>μυστηρίων.</span> <span class='ocrx_word' id='word_1_723' title='bbox 1629 5587 1917 5666; x_wconf 76' lang='lat' dir='ltr'><strong><em>Malaterra</em></strong></span> <span class='ocrx_word' id='word_1_724' title='bbox 1942 5630 1958 5654; x_wconf 83' lang='lat'><strong><em>,</em></strong></span> <span class='ocrx_word' id='word_1_725' title='bbox 2012 5589 2173 5644; x_wconf 74' lang='lat' dir='ltr'><strong><em>illane</em></strong></span> 
     </span>
    </p>
   </div>
   <div class='ocr_carea' id='block_1_87' title="bbox 2297 5580 3861 5666">
    <p class='ocr_par' dir='ltr' id='par_1_87' title="bbox 2297 5595 3861 5666">
     <span class='ocr_line' id='line_1_87' title="bbox 2297 5595 3861 5666; baseline 0.002 -19"><span class='ocrx_word' id='word_1_726' title='bbox 2297 5595 2639 5666; x_wconf 54' lang='lat' dir='ltr'><strong><em>:ompunctive</em></strong></span> <span class='ocrx_word' id='word_1_727' title='bbox 2678 5595 2985 5665; x_wconf 80' lang='lat' dir='ltr'><strong><em>conﬁtentes</em></strong></span> <span class='ocrx_word' id='word_1_728' title='bbox 3027 5606 3263 5666; x_wconf 86' lang='lat' dir='ltr'><strong><em>peccata,</em></strong></span> <span class='ocrx_word' id='word_1_729' title='bbox 3324 5597 3653 5653; x_wconf 78' lang='lat' dir='ltr'><strong><em>muniuntur</em></strong></span> <span class='ocrx_word' id='word_1_730' title='bbox 3712 5614 3861 5651; x_wconf 83' lang='lat' dir='ltr'><strong><em>sacra</em></strong></span> 
     </span>
    </p>
   </div>
   <div class='ocr_carea' id='block_1_88' title="bbox 610 5654 2175 5733">
    <p class='ocr_par' dir='ltr' id='par_1_88' title="bbox 610 5654 2175 5733">
     <span class='ocr_line' id='line_1_88' title="bbox 610 5654 2175 5733; baseline 0.008 -32"><span class='ocrx_word' id='word_1_731' title='bbox 610 5665 784 5733; x_wconf 77' lang='lat' dir='ltr'><strong><em>autem</em></strong></span> <span class='ocrx_word' id='word_1_732' title='bbox 818 5654 979 5720; x_wconf 78' lang='lat' dir='ltr'><strong><em>facto,</em></strong></span> <span class='ocrx_word' id='word_1_733' title='bbox 1031 5656 1141 5706; x_wconf 74' lang='lat' dir='ltr'><strong><em>dua:</em></strong></span> <span class='ocrx_word' id='word_1_734' title='bbox 1192 5656 1303 5720; x_wconf 87' lang='lat' dir='ltr'><strong><em>ipse</em></strong></span> <span class='ocrx_word' id='word_1_735' title='bbox 1333 5654 1466 5711; x_wconf 85' lang='lat' dir='ltr'><strong><em>lucis</em></strong></span> <span class='ocrx_word' id='word_1_736' title='bbox 1516 5660 1848 5733; x_wconf 74' lang='lat' dir='ltr'><strong><em>crepusculo,</em></strong></span> <span class='ocrx_word' id='word_1_737' title='bbox 1894 5677 2175 5731; x_wconf 87' lang='lat' dir='ltr'><strong><em>omnesque</em></strong></span> 
     </span>
    </p>
   </div>
   <div class='ocr_carea' id='block_1_89' title="bbox 612 5730 2174 5800">
    <p class='ocr_par' dir='ltr' id='par_1_89' title="bbox 612 5730 2174 5800">
     <span class='ocr_line' id='line_1_89' title="bbox 612 5730 2174 5800; baseline 0.006 -27"><span class='ocrx_word' id='word_1_738' title='bbox 612 5730 781 5774; x_wconf 82' lang='lat' dir='ltr'><strong><em>nostri</em></strong></span> <span class='ocrx_word' id='word_1_739' title='bbox 807 5734 1079 5800; x_wconf 82' lang='lat' dir='ltr'><strong><em>surgentes</em></strong></span> <span class='ocrx_word' id='word_1_740' title='bbox 1122 5741 1240 5778; x_wconf 86' lang='lat' dir='ltr'><strong><em>cum</em></strong></span> <span class='ocrx_word' id='word_1_741' title='bbox 1273 5743 1478 5781; x_wconf 88' lang='lat' dir='ltr'><strong><em>summa</em></strong></span> <span class='ocrx_word' id='word_1_742' title='bbox 1513 5730 1788 5784; x_wconf 85' lang='lat' dir='ltr'><strong><em>deuotione</em></strong></span> <span class='ocrx_word' id='word_1_743' title='bbox 1821 5732 2043 5800; x_wconf 86' lang='lat' dir='ltr'><strong><em>hymnos</em></strong></span> <span class='ocrx_word' id='word_1_744' title='bbox 2083 5730 2174 5784; x_wconf 82' lang='lat' dir='ltr'><strong><em>Dei</em></strong></span> 
     </span>
    </p>
   </div>
   <div class='ocr_carea' id='block_1_90' title="bbox 612 5796 2176 5873">
    <p class='ocr_par' dir='ltr' id='par_1_90' title="bbox 612 5796 2176 5873">
     <span class='ocr_line' id='line_1_90' title="bbox 612 5796 2176 5873; baseline 0.008 -31"><span class='ocrx_word' id='word_1_745' title='bbox 612 5807 732 5844; x_wconf 82' lang='lat' dir='ltr'><strong><em>cum</em></strong></span> <span class='ocrx_word' id='word_1_746' title='bbox 783 5796 1062 5849; x_wconf 83' lang='lat' dir='ltr'><strong><em>missarum</em></strong></span> <span class='ocrx_word' id='word_1_747' title='bbox 1134 5799 1485 5853; x_wconf 80' lang='lat' dir='ltr'><strong><em>celebratione</em></strong></span> <span class='ocrx_word' id='word_1_748' title='bbox 1541 5802 1801 5868; x_wconf 89' lang='lat' dir='ltr'><strong><em>audiunt,</em></strong></span> <span class='ocrx_word' id='word_1_749' title='bbox 1856 5796 2176 5873; x_wconf 74' lang='lat' dir='ltr'><strong><em>presbyteris</em></strong></span> 
     </span>
    </p>
   </div>
   <div class='ocr_carea' id='block_1_91' title="bbox 2287 5822 2588 5877">
    <p class='ocr_par' dir='ltr' id='par_1_91' title="bbox 2287 5822 2588 5877">
     <span class='ocr_line' id='line_1_91' title="bbox 2287 5822 2588 5877; baseline 0.01 -17"><span class='ocrx_word' id='word_1_750' title='bbox 2287 5822 2588 5877; x_wconf 87' lang='lat' dir='ltr'><strong><em>anonymus</em></strong></span> 
     </span>
    </p>
   </div>
   <div class='ocr_carea' id='block_1_92' title="bbox 2294 5662 2851 5723">
    <p class='ocr_par' dir='ltr' id='par_1_92' title="bbox 2294 5662 2851 5723">
     <span class='ocr_line' id='line_1_92' title="bbox 2294 5662 2851 5723; baseline 0.009 -6"><span class='ocrx_word' id='word_1_751' title='bbox 2294 5662 2486 5718; x_wconf 79' lang='lat' dir='ltr'><strong><em>Viatici</em></strong></span> <span class='ocrx_word' id='word_1_752' title='bbox 2521 5662 2851 5723; x_wconf 81' lang='lat' dir='ltr'><strong><em>ministeriis.</em></strong></span> 
     </span>
    </p>
   </div>
   <div class='ocr_carea' id='block_1_93' title="bbox 2358 5735 3860 5806">
    <p class='ocr_par' dir='ltr' id='par_1_93' title="bbox 2358 5735 3860 5806">
     <span class='ocr_line' id='line_1_93' title="bbox 2358 5735 3860 5806; baseline -0.003 -15"><span class='ocrx_word' id='word_1_753' title='bbox 2358 5737 2469 5805; x_wconf 51' lang='grc' dir='ltr'><strong><em>(ΑΗ)</em></strong></span> <span class='ocrx_word' id='word_1_754' title='bbox 2530 5735 2614 5801; x_wconf 84' lang='grc' dir='ltr'><strong><em>Τῷ</em></strong></span> <span class='ocrx_word' id='word_1_755' title='bbox 2678 5738 2975 5806; x_wconf 74' lang='grc' dir='ltr'><strong><em>Ἀμικέτῃ.</em></strong></span> <span class='ocrx_word' id='word_1_756' title='bbox 3036 5736 3279 5791; x_wconf 78' lang='lat' dir='ltr'><strong><em>Meminit</em></strong></span> <span class='ocrx_word' id='word_1_757' title='bbox 3334 5738 3603 5791; x_wconf 61' lang='lat' dir='ltr'><strong><em>Amicam;</em></strong></span> <span class='ocrx_word' id='word_1_758' title='bbox 3644 5738 3860 5792; x_wconf 72' lang='lat' dir='ltr'><strong><em>comitis</em></strong></span> 
     </span>
    </p>
   </div>
   <div class='ocr_carea' id='block_1_94' title="bbox 2646 5806 3859 5865">
    <p class='ocr_par' dir='ltr' id='par_1_94' title="bbox 2646 5806 3859 5865">
     <span class='ocr_line' id='line_1_94' title="bbox 2646 5806 3859 5865; baseline -0.002 -5"><span class='ocrx_word' id='word_1_759' title='bbox 2646 5806 2901 5864; x_wconf 80' lang='lat' dir='ltr'><strong><em>Barensis</em></strong></span> <span class='ocrx_word' id='word_1_760' title='bbox 2962 5808 3017 5863; x_wconf 89' lang='lat' dir='ltr'><strong><em>in</em></strong></span> <span class='ocrx_word' id='word_1_761' title='bbox 3076 5812 3282 5864; x_wconf 76' lang='lat' dir='ltr'><strong><em>Chron.</em></strong></span> <span class='ocrx_word' id='word_1_762' title='bbox 3344 5824 3435 5863; x_wconf 87' lang='lat' dir='ltr'><strong><em>an.</em></strong></span> <span class='ocrx_word' id='word_1_763' title='bbox 3490 5808 3859 5865; x_wconf 75' lang='lat' dir='ltr'><strong><em>1U68:0but</em></strong></span> 
     </span>
    </p>
   </div>
  </div>
