3934 6578
490 335 597 401 359

1768 332 1997 395 ΑΝΝᾸΞ
2035 332 2419 395 COMNENIE

3660 332 3766 400 360

494 442 720 497 cetratis
749 448 906 496 extra
934 438 1180 495 ordinem
1212 438 1442 508 objectis
1476 440 1746 511 equitatui
1793 444 2054 505 sistendo,

2171 443 2447 515 τραχήλου
2472 444 2594 507 ταῖς
2621 442 2779 511 νηυσὶ
2810 441 2905 495 τοῦ
2958 443 3272 513 Ῥωμαϊκοῦ
3328 432 3425 500 καλ
3476 444 3765 499 Βενετικςῦ

492 549 561 589 ne
606 549 706 589 sua
755 533 881 587 inde
930 533 1246 586 turbaretur
1309 532 1567 600 phalanx.
1622 533 2068 592 Couserebantur

491 640 621 694 ergo
653 627 796 678 inter
818 631 1057 678 cctratos
1089 631 1315 678 nostros
1351 622 1689 695 Robertique
1716 629 1911 684 velites
1936 645 2036 699 pro

491 718 736 773 triuiales
770 732 962 785 pugnae
984 756 1000 779 ,
1029 715 1459 786 jaculationibus
1500 734 1607 773 non
1640 720 1999 777 creberrimis
2045 740 2059 775 :

491 809 667 862 donec
699 807 942 862 Roherto
968 808 1175 862 sensim
1210 824 1339 863 suos
1371 820 1685 867 assectante
1715 828 1941 885 campus
1972 817 2062 869 in-

489 910 574 955 ter
601 902 746 953 acies
779 900 989 955 medius
1022 902 1195 971 magis
1231 918 1294 957 ac
1336 904 1509 973 magis
1544 906 1883 961 arctahatur.
1914 904 2067 959 Jam-

489 1006 595 1061 que
635 991 875 1046 Amcceti
913 995 1146 1060 phalanx
1200 996 1444 1063 peditatu
1489 997 1645 1066 juxta
1704 1000 2066 1068 equitatuque

488 1092 663 1137 totum
705 1099 932 1138 emenso
965 1088 1202 1156 spatium
1226 1129 1241 1153 ,
1273 1086 1531 1158 Nanipite
1564 1106 1756 1160 agmen
1791 1092 1950 1163 116
1980 1094 2065 1146 in-

489 1186 725 1237 vaserat,
757 1187 922 1247 atque
962 1181 1096 1233 adeo
1125 1180 1383 1251 barangis
1420 1180 1725 1237 fortissime
1750 1184 2063 1238 resistenti-

487 1279 586 1320 nus
634 1282 823 1322 aversa
857 1269 909 1321 in
951 1269 1131 1339 fugam
1173 1268 1387 1335 funerat;
1422 1286 1600 1341 neque
1646 1273 1792 1326 enim
1849 1276 2065 1328 eximiis

488 1361 752 1415 militibus
792 1370 902 1414 tota
942 1361 1252 1416 constabat.
1310 1362 1370 1415 lli
1422 1379 1551 1433 ergo
1611 1364 1665 1417 in
1718 1380 1868 1419 mare
1932 1365 2061 1437 fuga

487 1453 651 1504 delati
683 1454 750 1506 ad
785 1454 987 1507 collum
1022 1469 1199 1522 usque
1241 1454 1637 1523 immergebant
1685 1471 1743 1511 se
1778 1456 2060 1523 fluctibus,

486 1547 670 1598 studio
696 1546 1047 1614 contingendi
1091 1544 1366 1601 Romanas
1395 1546 1741 1617 Venetasque
1784 1564 1971 1615 naves,
2006 1550 2062 1603 in

486 1638 689 1704 quibus
725 1638 1026 1707 perfugium
1067 1638 1271 1691 frustra
1316 1639 1611 1707 sperabant
1645 1642 2009 1710 petebantque
2044 1656 2059 1693 :

486 1729 710 1797 quando
759 1727 939 1789 Gaita.
980 1736 1037 1781 ut
1089 1730 1310 1797 quidam
1352 1738 1606 1785 auctores
1641 1732 1912 1796 tradunt,
1952 1730 2063 1786 Ro-

488 1821 624 1875 hcrti
668 1821 886 1887 conjux,
916 1819 968 1872 in
996 1820 1193 1873 bellum
1226 1830 1413 1875 secuta
1447 1824 1643 1885 virum,
1671 1821 1844 1877 Pallas
1866 1824 2055 1887 altera,

485 1914 611 1967 licet
645 1927 752 1966 non
792 1911 1062 1979 Minerva,
1102 1914 1417 1981 conspicata
1454 1912 1747 1983 fugientes,
1774 1915 1887 1969 acri
1922 1915 2059 1969 fixos

484 2005 664 2059 intuiti
708 2020 906 2076 magna
938 2019 1075 2059 voce
1105 2003 1384 2073 increpuit
1415 2005 1596 2073 lingua
1640 2006 1811 2073 patria
1844 2012 2056 2057 tantum

484 2114 589 2151 non
618 2096 1115 2152 llomericumillud
1136 2096 1437 2151 inclamans
1461 2112 1474 2147 :
1503 2096 1625 2149 Este
1657 2097 1783 2159 viri,
1806 2097 2056 2165 quoniam

482 2206 645 2261 usque
681 2190 863 2260 fugant
915 2190 1137 2244 tendetis
1176 2190 1420 2242 inertem.
1474 2187 1576 2254 Qui
1614 2203 1738 2242 cum
1794 2188 1937 2242 haud
1983 2188 2055 2243 si-

481 2292 759 2339 sterentur
784 2282 1040 2346 clamore,
1070 2283 1187 2352 ipsa
1222 2284 1379 2351 longa
1412 2282 1466 2334 in
1502 2297 1720 2335 manum
1752 2280 1907 2335 hasta
1933 2296 2059 2335 cor-

484 2386 635 2446 repta
678 2376 808 2429 totis
863 2374 1053 2429 etinsis
1100 2374 1330 2429 habenis
1365 2373 1590 2430 ignavos
1634 2374 1831 2426 infesta
1865 2387 2057 2444 perse-

482 2470 689 2539 quitur.
738 2467 814 2522 Ea
862 2483 920 2522 re
967 2467 1040 2521 illi
1096 2466 1499 2531 animadversa,
1531 2466 1796 2535 colligunt
1840 2482 1962 2523 sese
2000 2467 2055 2521 in

483 2576 827 2633 pugnamque
886 2576 947 2616 se
997 2567 1189 2613 mutuo
1239 2558 1305 2613 ad
1355 2558 1593 2612 ofﬁc-ium
1645 2558 1915 2613 adhortati
1968 2574 2057 2612 re-

480 2658 668 2710 deunt.
698 2652 869 2708 Simul
900 2667 1026 2706 vero
1054 2651 1391 2722 bipennigeri
1413 2660 1467 2705 et
1497 2651 1610 2721 ipse
1641 2650 1835 2705 ductor
1864 2667 2053 2706 eorum

482 2746 763 2816 Nampitcs
808 2744 1007 2800 ardore
1047 2744 1324 2813 pugnandi
1358 2754 1411 2797 et
1446 2757 1704 2797 successu
1750 2741 1926 2809 primo
1961 2755 2056 2810 per

481 2837 804 2907 imperitiam
837 2837 964 2890 elati
990 2873 1006 2898 ,
1060 2837 1223 2905 longo
1252 2836 1362 2904 jam
1399 2834 1688 2889 intervallo
1721 2847 1750 2886 a
1789 2832 2054 2887 Romanis

478 2929 740 3001 disiuncti
774 2928 1081 2998 legionibus
1108 2942 1401 2982 conserere
1445 2927 1781 2982 festinabant
1829 2941 2053 2980 manum

477 3036 598 3077 eum
635 3024 749 3091 ipsa
781 3019 1059 3075 Gallorum
1092 3019 1239 3084 acie;
1272 3018 1470 3085 quibus
1506 3027 1560 3073 et
1610 3031 1713 3072 suo
1737 3026 1792 3071 et
1818 3016 2052 3072 aliorqu

476 3115 684 3188 judicio
724 3129 1067 3186 nequaquam
1124 3112 1412 3168 inferiores
1463 3113 1518 3165 in
1552 3109 1926 3181 belligerando
1958 3110 2054 3163 ha-
2079 3126 2126 3189 ρ

482 3208 598 3264 beri
629 3206 848 3272 solent;
882 3222 978 3261 eos
1020 3204 1291 3260 Robertus
1323 3213 1515 3259 contra
1541 3205 1823 3258 venientes
1859 3216 2055 3271 specu-

478 3303 623 3358 latus
648 3300 802 3354 facile
829 3298 1063 3369 conjecit
1093 3314 1159 3352 ex
1186 3297 1466 3352 celeritate
1496 3296 1719 3366 gradus,
1746 3311 1813 3351 ex
1843 3291 2055 3366 magni-

477 3394 667 3448 tudine
699 3392 940 3462 percursi
968 3392 1153 3461 spatii,
1180 3406 1244 3445 ex
1274 3390 1539 3459 gravitate
1570 3403 1872 3455 armorum,
1903 3388 2054 3442 dela-

475 3481 674 3551 tigatos
724 3494 787 3533 ac
826 3480 1067 3534 anhelitu
1111 3479 1331 3533 sublimi
1366 3493 1488 3534 esse
1534 3486 1850 3549 opportere.
1909 3477 2050 3549 Ergo

475 3570 687 3625 insilire
714 3570 765 3623 in
794 3570 939 3639 ipsos
967 3570 1115 3640 jubet
1144 3571 1332 3637 globos
1361 3570 1624 3639 quosdam
1660 3570 1921 3639 peditum,
1959 3571 2051 3640 qui

474 3678 572 3717 eos
602 3663 940 3732 degustatos,
978 3662 1067 3715 ubi
1110 3662 1266 3732 longe
1295 3660 1514 3717 mollius
1542 3676 1704 3731 quam
1744 3677 1841 3731 pro
1870 3662 2049 3717 inces-

475 3770 570 3811 sus
605 3755 835 3809 audacia
870 3752 1189 3810 resistentes
1239 3754 1507 3818 sentiunt,
1557 3754 1716 3809 facile
1752 3755 1971 3809 admoto
1996 3762 2053 3810 et

474 3847 809 3918 ingeniinato
841 3846 1041 3917 impetu
1069 3853 1301 3901 cunctos
1330 3846 1395 3901 ad
1420 3862 1591 3901 unum
1618 3846 1819 3908 delent.
1853 3848 2051 3917 quibus

474 3937 664 3992 tuendi
703 3936 805 3992 loci
838 3937 1057 3991 animus
1084 3944 1180 3990 aut
1219 3951 1351 3989 cura
1396 3937 1689 4005 superfuit.
1730 3935 1922 3991 Caetcri
1961 3935 2050 3990 iu-

473 4044 597 4099 gam
640 4029 992 4082 intenderunt
1042 4043 1233 4083 versus
1269 4026 1531 4095 templum
1570 4029 1769 4081 summi
1810 4027 2048 4084 cmlestis

474 4123 679 4177 militia}
709 4119 974 4191 principis
1030 4119 1333 4177 Michaelis,
1374 4119 1425 4171 in
1461 4119 1603 4187 quod
1630 4157 1645 4179 ,
1692 4131 1893 4189 quanta
1943 4121 2048 4176 loci

470 4218 749 4282 capacitas
783 4214 906 4271 fuit.
936 4210 1232 4280 constipati
1263 4218 1394 4264 sunt
1423 4210 1816 4280 qnamplurimi
1856 4230 1869 4265 :
1906 4229 2047 4283 quos

471 4320 626 4360 sacra
668 4305 812 4358 aedes
842 4317 1033 4373 capere
1094 4303 1236 4357 haud
1280 4304 1475 4372 potuit,
1526 4317 1817 4358 ascensum
1862 4306 1915 4359 in
1967 4314 2050 4360 te-

472 4407 620 4450 ctum
653 4396 774 4463 ejus
822 4410 883 4448 ae
931 4395 1208 4464 fastigium
1248 4395 1423 4450 moliti
1456 4406 1604 4451 tutos
1637 4395 1708 4450 ibi
1749 4412 1809 4452 se
1859 4398 2045 4453 miseri

2170 537 2363 590 στόλου
2394 536 2745 601 πελάζοντες,
2802 538 3012 590 ἐκεῖθεν
3041 538 3270 608 ῂτοῦντο
3308 538 3407 609 τήν
3458 540 3764 609 σωτηρίαν.

2168 632 2264 683 καὶ
2343 630 2477 700 παρ’
2545 629 2775 683 ἐκείνων
2822 629 2884 683 οὐ
2953 631 3376 701 προσεδέχοντο.
3442 631 3510 685 Ἢ
3582 632 3641 685 δέ
3698 648 3765 699 γε

2167 722 2338 775 Γαῒτα
2365 721 2500 791 (92),
2541 722 2617 785 ὡς
2648 723 2806 790 λόγος
2834 722 2917 785 τίς
2969 738 3157 792 φησιν,
3190 724 3222 793 ή
3262 722 3357 776 τοῦ
3414 724 3762 795 ⁶Ρομπέρτου

2170 814 2427 878 σύνευνος
2454 813 2604 883 αὐτῷ
2648 813 3153 884 συστρατευομένη.
3209 814 3427 878 Παλλὰς
3463 815 3621 886 ἀλλη,
3656 816 3763 868 κᾶν

2170 903 2245 975 μὴ
2285 904 2508 975 Ἀθήνη,
2539 904 2851 975 θεασαμένη
2900 906 3028 969 τοὺς
3080 904 3409 975 φεύγοντας,
3442 904 3609 979 δριμὺ
3639 907 3762 959 τοῦ·

2166 1012 2291 1059 τους
2324 997 2681 1050 ὲνατενίσασα
2727 997 2794 1058 ⁸¹,
2829 999 2952 1050 κατ’
3001 998 3186 1051 αὐτῶν
3239 998 3512 1068 μεγίστην
3553 1001 3761 1068 ἀφεῖσα

2168 1087 2370 1157 φωνήν,
2411 1089 2636 1157 μονονοὺ
2667 1087 2760 1141 τὸν
2793 1086 2841 1120 ⁸⁸
2886 1089 3196 1173 Ὀμηρικὺχ
3241 1089 3372 1152 ἔπος
3406 1092 3471 1160 τῇ
3506 1088 3614 1160 ibi;
3640 1090 3760 1142 6m-

2165 1176 2343 1247 λέκτῳ
2394 1178 2576 1247 λέγειν
2632 1178 2818 1250 ἐῴκει*
2884 1180 3073 1249 Μέχρι
3136 1182 3338 1235 πόσου
3393 1182 3733 1251 φεύξεσθε-ς

2165 1269 2373 1338 στῆτε,
2409 1271 2624 1341 ἀνέρες
2654 1274 2821 1327 ἐστε.
2879 1272 2966 1335 Ὠς
2993 1273 3049 1325 δὲ
3078 1272 3157 1325 ἔτι
3196 1273 3502 1341 φεύγοντας
3529 1274 3762 1336 τούτους

2165 1361 2313 1432 ἑώρα
2346 1361 2476 1432 δόρυ
2515 1364 2729 1432 μακρὸν
2762 1362 3272 1432 ὶναγκαλισαμένη,
3304 1363 3461 1425 ὅλους
3514 1366 3762 1437 ῥυτῆρας

2165 1452 2391 1507 ἐνεοῦσα
2422 1454 2565 1507 κατὰ
2592 1454 2701 1507 τῶν
2731 1453 3045 1519 φευγόντων
3079 1454 3239 1507 ἵεται.
3273 1453 3445 1507 Τοῦτο
3480 1455 3762 1524 θεασάμε-

2165 1562 2247 1600 νοι
2273 1546 2370 1599 καὶ
2396 1546 2610 1599 ἑαυτῶν
2634 1547 2946 1615 γεγονότες.
2966 1542 3140 1607 αὖθις
3164 1547 3303 1616 πρὸς
3327 1547 3510 1616 μάχην
3526 1548 3760 1609 ἑαυτοὺς

2163 1638 2587 1692 ἀνεκαλέσαντο.
2667 1635 2820 1691 Ἐπεὶ
2843 1638 2889 1670 ⁸⁸
2919 1638 2977 1691 δὲ
3017 1638 3066 1690 oi
3118 1638 3485 1709 πελεκυφόροι
3513 1640 3629 1708 (95)
3659 1641 3759 1694 καὶ

2165 1729 2329 1793 αὐτὸς
2352 1730 2379 1781 ὁ
2404 1730 2612 1783 τούτων
2646 1731 2893 1800 ἀρχηγὸς
2916 1733 2944 1783 ὁ
2974 1730 3274 1799 Ναμπίτης
3302 1730 3373 1783 δι’
3424 1732 3689 1802 ἀπειρίαν
3710 1732 3758 1763 ⁸⁸

2163 1820 2258 1873 καὶ
2285 1822 2595 1892 θερμότητα
2614 1822 2872 1892 ὀξύτερον
2886 1822 3255 1893 βεεαδικότες,
3282 1824 3468 1876 ίκανὺν
3488 1824 3590 1891 τῆς
3623 1824 3759 1877 Ῥωο

2164 1913 2369 1982 μαῖκῆς
2392 1914 2753 1984 παρατάξεως
2781 1914 3127 1984 ἀπέστησαν,
3168 1915 3494 1980 σπεύδοντες
3542 1916 3759 1985 ξυμόαο

2159 2004 2272 2058 λεῖν
2298 2007 2342 2039 ⁸²
2367 2006 2428 2057 ἐν
2454 2006 2555 2077 ίσῳ
2585 2006 2745 2075 θυμῷ
2768 2008 2882 2067 τοῖς
2910 2008 3136 2070 Κελτοῖς
3160 2008 3278 2077 (καὶ
3310 2007 3420 2078 γὰρ
3452 2008 3550 2077 οὐχ
3583 2004 3755 2079 ἦττον

2159 2094 2389 2147 ἐκείνων
2436 2092 2569 2164 περὶ
2622 2094 2723 2156 τὰς
2778 2094 2979 2163 μάχας,
3029 2093 3128 2148 καὶ
3183 2087 3332 2148 οὗτοι
3385 2095 3757 2165 ὲκθυμότεροί

2158 2190 2286 2252 εἰσι,
2353 2188 2450 2240 καὶ
2500 2186 2611 2239 τῶν
2660 2186 2884 2239 Κελτῶν
2928 2186 2988 2238 ὲν
3044 2185 3223 2257 τούτῳ
3267 2187 3328 2239 τὸ
3375 2185 3423 2218 ⁸⁸
3455 2186 3621 2258 μέρει
3674 2188 3756 2258 μὴ

2158 2278 2534 2349 ἀποδέοντες),
2593 2280 3007 2341 κεκοπιακότας
3059 2282 3287 2342 τούτους
3335 2280 3435 2351 ήδη
3486 2282 3583 2333 καὶ
3622 2280 3758 2333 ἀσθ-

2162 2371 2455 2442 μαίνοντας
2476 2372 2504 2423 ὁ
2538 2369 2883 2440 Ῥομπέρτος
2918 2369 3281 2439 θεασάμενος,
3315 2372 3410 2423 καὶ
3456 2371 3619 2425 τοῦτο
3642 2372 3756 2426 ἀπό

2158 2481 2216 2517 τε
2249 2465 2349 2534 τῆς
2370 2462 2551 2527 ὀξείας
2577 2462 2881 2532 κινήσεως,
2923 2461 3017 2514 τοῦ
3036 2479 3095 2515 τε
3123 2462 3491 2531 διαστήματος
3516 2464 3757 2532 βεϐαιω-

2159 2550 2269 2613 θεὶς
2305 2548 2521 2603 καὶτοῦ
2552 2550 2753 2619 ἄχθους
2809 2550 2921 2602 τῶν
2952 2551 3154 2615 ὃπλων,
3194 2569 3259 2603 τικ
3282 2552 3343 2613 ἀς
3398 2552 3511 2605 τῶν
3560 2554 3756 2617 πεζῶν

2157 2641 2437 2710 ἐπέσκηψε
2467 2643 2591 2694 κατ’
2620 2642 2797 2695 αὐτῶν
2834 2642 3190 2711 εἰσπηδῆσαι.
3243 2644 3307 2695 Οί
3339 2643 3397 2696 δὲ
3422 2660 3756 2715 προκεκμη-

2159 2736 2320 2799 κότες
2364 2736 2464 2806 ήδη
2526 2735 2908 2805 μαλακώτεροι
2984 2736 3094 2789 τῶν
3153 2736 3375 2788 Κελτῶν
3435 2738 3752 2805 ἐφαίνοντο.

2159 2827 2357 2880 Πίπτει
2385 2826 2517 2895 γοῦν
2543 2826 2849 2895 τηνικαῦτα
2890 2827 2952 2879 τὸ
2990 2825 3271 2896 βάρσαρον
3304 2825 3474 2891 ἅπαν,
3498 2832 3593 2881 καὶ
3616 2830 3755 2881 ὀπό-

2161 2938 2247 2975 σοι
2301 2920 2510 2973 τούτων
2553 2920 2835 2989 ἐσώθησαν
2890 2920 3023 2989 περὶ
3076 2920 3135 2972 τὸ
3188 2919 3416 2987 τέμενος
3466 2921 3578 2992 (θι)
3646 2922 3752 2975 τοῦ

2156 3014 2601 3085 ἀρχιστρατήγου
2653 3010 2876 3082 Μιχαὴλ
2904 3013 3413 3081 προσπεφευγότες,
3439 3014 3491 3067 oi
3518 3015 3621 3083 μιν
3650 3017 3754 3068 καὶ

2157 3103 2388 3167 ὁπόσους
2441 3103 2701 3173 ἐξεχώρει
2729 3104 2791 3156 τὸ
2816 3103 3048 3174 τέμενος
3096 3104 3247 3167 ἐντὸς
3302 3106 3583 3176 είσῄεσαν,
3614 3108 3668 3161 oi
3691 3108 3753 3161 δὲ

2156 3196 2365 3251 ἀνωθεν
2410 3196 2504 3251 τοῦ
2556 3198 2818 3267 τεμένους
2879 3197 3198 3262 ἀνελθόντες
3247 3199 3600 3271 εἱστήκεσαν⁹
3639 3204 3753 3269 τὴν

2157 3289 2458 3362 σωτηρίαν,
2505 3288 2580 3352 ὡς
2610 3288 2801 3360 ᾤοντο,
2848 3289 3064 3345 ἐκεῖθεν
3096 3292 3651 3362 πραγματευσόμενοι
3674 3293 3752 3348 ⁶⁹.

2156 3383 2220 3436 (li
2269 3383 2339 3436 δὲ’
2344 3380 2353 3385 ’
2376 3382 2597 3435 Λατῖνοι
2657 3380 2770 3452 πῦρ
2832 3380 2953 3435 κατ’
2998 3382 3179 3436 αὐτῶν
3233 3384 3486 3453 ἀφέντες,
3531 3384 3631 3438 σὺν
3665 3385 3752 3455 τῷ

2152 3475 2373 3544 τεμένει
2422 3474 2635 3536 πάντας
2694 3472 3071 3529 κατέκαυσαν.
3124 3474 3197 3529 Τὸ
3234 3475 3292 3529 δέ
3316 3492 3380 3544 γε
3423 3477 3612 3530 λοιπὸν
3635 3479 3752 3548 τῆς

2158 3567 2482 3638 Ῥωμαῖκῆς
2518 3565 2797 3637 φάλαγγος
2819 3565 3104 3636 καρτερῶς
3129 3571 3267 3638 πρὸς
3294 3569 3493 3634 αὐτοὺς
3520 3572 3752 3641 an”-

2157 3677 2341 3731 χοντο.
2406 3660 2468 3714 ’0
2508 3660 2565 3713 δὲ
2625 3660 2965 3729 Ῥομπέρτος
3029 3661 3281 3732 καθάπερ
3332 3680 3417 3726 τις
3458 3667 3752 3734 πτερωτὸς

2156 3752 2394 3821 ίππότης
2427 3751 2524 3806 σὺν
2548 3752 2670 3814 ταῖς
2702 3751 2923 3819 λοιπαῖς
2974 3751 3240 3821 δυνάμεσι
3291 3756 3432 3808 κατά
3464 3755 3567 3825 τῆς
3613 3757 3751 3811 Ῥω.

2156 3846 2362 3917 μαῖκῆς
2393 3844 2509 3916 ἐλᾷ,
2530 3845 2625 3900 atat
2644 3843 2866 3898 ὠθεῖται
2894 3844 3123 3916 ταύτην,
3156 3846 3251 3898 καὶ
3283 3847 3366 3911 εις
3394 3848 3536 3919 μέρη
3564 3851 3752 3905 πολλά

2150 3938 2381 4008 διασπᾷ.
2452 3936 2740 3990 Ἐντεῦθεν
2788 3936 2839 3989 oi
2905 3936 3007 4005 μιν
3062 3936 3175 3990 τῶν
3220 3938 3618 4009 ἀντικειμένων
3686 3942 3752 3993 ιν

2150 4030 2302 4101 αὖτῷ
2332 4028 2412 4101 τῷ
2444 4027 2672 4098 πολέμῳ
2705 4028 3008 4098 μαχόμενοι
3042 4031 3362 4095 πίπτουσιν,
3417 4033 3467 4084 oi
3496 4031 3554 4086 δὲ
3587 4037 3750 4105 φυγῇ

2149 4123 2250 4194 τὴν
2304 4120 2517 4176 ἑαυτῶν
2586 4120 3124 4191 ἐπραγματεύσαντο
3194 4122 3491 4193 σωτηρίαν.
3558 4123 3621 4177 ’0
3682 4125 3750 4180 δὲ

2152 4214 2412 4285 βασιλεὺς
2456 4213 2694 4279 Ἀλέξιος
2736 4213 2992 4286 καθάπερ
3040 4232 3127 4279 τις
3177 4216 3387 4287 πύργος
3432 4216 3752 4289 ἀκλόνητος

2149 4307 2339 4377 ἔμενε,
2389 4307 2495 4359 κᾶν
2549 4305 2778 4366 πολλοὺ;
2819 4306 2931 4358 τῶν
2962 4303 3084 4373 μετ’
3138 4306 3307 4360 αὐτοῦ
3364 4307 3749 4379 ἀποϐεϐλήκει

2152 4399 2364 4470 ἀνδρῶν
2386 4399 2481 4451 καὶ
2513 4398 2662 4467 γένει
2704 4398 2798 4450 καὶ
2839 4398 3006 4468 πείρᾳ
3044 4401 3415 4470 στρατιωτικῇ
3448 4399 3754 4469 διαφερόν-

471 4488 802 4551 credebant;
838 4502 1024 4541 verum
1065 4485 1243 4541 Latini
1295 4487 1421 4557 igne
1461 4487 1706 4543 immisso
1739 4489 1887 4558 ipsos
1916 4505 2040 4543 cum

2160 4507 2277 4543 των.
2326 4491 2596 4544 ῐιέπτωκε
2653 4490 2760 4559 γὰρ
2812 4487 3168 4557 τηνικαῦταό
3196 4489 3580 4554 Κωνστάντιος
3617 4493 3749 4563 (95)

1535 4602 1736 4664 Varia:
1775 4602 2082 4666 lectiones
2124 4620 2203 4666 ex
2241 4602 2384 4665 cod.
2422 4602 2688 4665 Coislin.

543 4705 587 4736 "
614 4702 1021 4777 ενατενίζουσα.
1100 4704 1147 4737 ⁸³
1172 4706 1415 4775 ἀφιεῖσα.
1507 4701 1556 4736 ⁸⁸
1585 4704 1667 4759 τό.
1741 4702 1787 4737 ⁸⁵
1817 4707 2033 4777 ἐπειδή.

469 4775 633 4831 τευσά
639 4793 813 4846 μενοι.

2137 4705 2183 4737 ss
2205 4704 2532 4775 ’ἐμπειρίαι
2608 4702 2996 4774 ’τ’-συμϐαλεῖν.

3118 4706 3166 4738 εει
3202 4704 3298 4776 τῷ.

3391 4702 3439 4735 ⁵⁹
3465 4721 3750 4779 πραγμα-

1490 4913 1632 4975 Car.
1672 4908 1996 4973 Dufresnii
2029 4910 2122 4971 Du
2156 4910 2381 4989 Cangii
2416 4919 2604 4972 noue.

543 5013 741 5085 (θεγιι
798 5013 867 5067 δὲ
924 5012 1133 5068 Putta.
1187 5012 1449 5069 Testatur
1502 5014 1665 5085 etiam
1716 5012 2047 5068 Guillelmns

471 5083 642 5153 Apul.
692 5086 746 5138 in
807 5085 910 5138 hoc
960 5085 1148 5153 praelia
1197 5084 1493 5139 Amazonis
1545 5083 1721 5136 instar
1772 5095 2049 5152 pugnasse

478 5155 699 5207 ltnberti
734 5170 979 5215 uxorem,
1009 5165 1064 5207 et
1104 5154 1157 5207 in
1189 5170 1254 5209 eo
1296 5155 1639 5207 vulneratam
1673 5169 1687 5206 :

485 5222 628 5277 Uxor
663 5224 717 5277 in
742 5224 838 5277 hoc
864 5223 998 5279 bello
1034 5222 1245 5278 Roberti
1272 5224 1409 5293 forte
1440 5225 1642 5293 sagitta

477 5293 725 5365 Quadam
756 5293 884 5347 sta
915 5295 1034 5365 fuit,
1067 5310 1183 5364 qua:
1224 5291 1434 5348 vulnere
1464 5291 1676 5359 territa,
1701 5291 1905 5346 nullam

473 5364 611 5433 Dum
640 5366 882 5430 sperabat
912 5364 1078 5431 apem,
1102 5381 1157 5419 se
1178 5380 1304 5433 pene
1332 5364 1604 5432 subegerat
1631 5365 1795 5429 hosti,

476 5431 712 5505 Navigio
748 5434 899 5505 cujus
934 5450 986 5487 se
1013 5431 1380 5490 commendare
1408 5431 1650 5505 volebat,

476 5503 739 5575 [astantis
770 5503 1001 5560 metuens
1035 5507 1205 5560 vicina
1239 5503 1475 5575 pericula
1508 5507 1674 5558 let/ti:

477 5572 628 5646 "auc
666 5573 800 5629 Deus
828 5578 1042 5646 eripuit,
1071 5576 1191 5645 ﬁeri
1219 5572 1453 5627 ludibria
1488 5577 1670 5629 nolens

480 5642 742 5701 ﬂamma:
778 5642 963 5712 tantis,
999 5642 1105 5702 tam
1136 5646 1327 5701 nobilis
1354 5655 1403 5700 et
1439 5645 1763 5699 t'etternnda‘.

545 5716 656 5785 (95)
703 5718 865 5770 Ἐπεὶ
920 5718 989 5771 δὲ
1032 5718 1449 5787 πελεκυφόροι.
1486 5716 1767 5770 Malaterra
1820 5712 2049 5787 locogci-

473 5791 590 5840 tato
638 5787 869 5853 primam
932 5790 1097 5843 istam
1149 5784 1531 5855 Varangorum
1577 5787 1788 5842 cladem
1844 5784 2049 5855 pariter

2150 5010 2337 5082 refert.
2377 5010 2618 5081 Contigit
2675 5025 2806 5066 vero
2869 5012 2972 5065 hoc
3033 5011 3282 5082 praelium
3340 5014 3475 5079 feria
3504 5030 3592 5080 ιιι,
3645 5016 3752 5071 die

2148 5082 2211 5137 S.
2252 5080 2406 5135 Luca:
2431 5080 2663 5147 apostoli
2690 5092 2737 5135 et
2764 5080 3123 5152 evangelista,
3151 5098 3242 5137 an.
3270 5082 3438 5149 1082,
3457 5095 3510 5138 ut
3537 5102 3752 5142 aucmr

2148 5161 2235 5206 est
2266 5153 2588 5220 Anooymus
2620 5152 2897 5216 Barensis,
2927 5154 3019 5220 qui
3054 5153 3225 5206 Anna:
3254 5153 3353 5208 hac
3395 5154 3448 5208 in
3484 5170 3545 5209 re
3594 5172 3747 5213 con-

2147 5223 2319 5294 cinit._
2338 5221 2442 5274 Sed
2477 5234 2623 5275 errat
2653 5222 2999 5294 Annapolim»
3040 5222 3114 5294 ait
3141 5223 3336 5294 initum
3390 5223 3584 5278 indict.
3638 5230 3679 5283 4
3726 5248 3744 5294 ;

2149 5306 2271 5345 nam
2308 5291 2413 5343 hoc
2444 5305 2589 5344 anno
2622 5305 2810 5344 mense
2842 5292 3067 5345 Octobri
3100 5292 3358 5346 currebat
3390 5293 3627 5349 indictio
3675 5291 3738 5351 v.

2220 5360 2547 5432 (94lllspt
2585 5362 2655 5414 τὸ
2704 5360 2977 5432 τέμενος.
3039 5361 3337 5432 Ecclesiam
3390 5361 3449 5417 S.
3488 5362 3747 5432 Nicolai,

2148 5447 2257 5485 non
2298 5429 2607 5492 Michaelis,
2646 5432 2810 5486 habet
2841 5429 2945 5485 hoc
2974 5431 3095 5484 loco
3128 5431 3442 5485 Malaterra.

2219 5500 2333 5570 (95)
2383 5499 2822 5572 Κωνστάντιος.
2876 5502 3236 5556 Constantius
3308 5502 3743 5572 Porpliergen-

2148 5569 2312 5636 neta,
2368 5569 2714 5624 Constantini
2772 5574 2932 5626 Ducze
2983 5572 3326 5636 imperatoris
3370 5569 3435 5625 ei
3482 5569 3749 5632 Eudociz

2151 5641 2333 5711 filius.
2355 5639 2637 5694 Michaelis
2676 5642 3027 5710 Parapinacze
3058 5639 3250 5705 frater,
3292 5642 3459 5706 idem,
3500 5646 3747 5711 opinor,

2148 5714 2241 5779 qni
2300 5710 2632 5781 Zonar:eet
2701 5713 2951 5781 Scylitzaa
3010 5712 3428 5768 Constantinus.
3488 5713 3755 5772 Narrant

2151 5784 2350 5852 quippe
2380 5782 2415 5835 ii
2450 5780 2751 5851 scriptores
2780 5780 2991 5839 liberos
3020 5797 3113 5839 sex
3148 5784 3408 5840 habuisse
3453 5783 3753 5841 Constant-
