3830 6562
253 419 346 481 £65
1484 401 1895 463 ALEXIADIS
1940 402 2087 461 LIB.
2134 402 2231 464 Ν.

3366 366 3473 456 fec

251 526 315 585 ὡς
336 524 414 576 ἐπ’
442 520 601 590 οὐρὰν
628 517 718 571 τοῦ
752 519 919 570 ἵππου
954 516 1121 571 ἕοετο.
1155 516 1267 570 Καὶ
1294 513 1453 576 εὐθὺς
1482 511 1571 565 τὸν
1612 511 1795 582 χρῶτα
1826 556 1833 572 1

1918 507 2081 563 tdhnc
2107 508 2383 575 obtinens,
2417 518 2525 562 tres
2560 505 2902 569 Lat'nernm,
2934 519 3164 573 quorum
3200 519 3345 559 unus
3380 519 3476 559 sn-

249 616 331 670 τοῦ
362 613 602 681 σώματος
634 610 835 680 μικρὸν
864 608 1225 679 ’παραξέσασα
1248 608 1282 676 ἡ
1305 605 1400 660 τοῦ
1429 604 1618 673 ξίφους
1641 602 1798 673 ἀκμὴ

248 709 363 778 περὶ
403 706 497 775 τὴν
532 704 696 774 ἀκοὴν
732 701 1197 773 παραποδισθεῖσα
1236 702 1336 771 τῆς
1383 699 1648 769 κόρυθος,
1702 697 1799 751 καὶ

245 801 325 853 τὸν
369 798 654 865 συνέχοντα
704 795 910 865 ταύτην
955 793 1060 847 ὑπὸ
1088 794 1188 863 τὴν
1228 794 1391 860 γένυν
1441 790 1643 861 ἱμάντα
1686 788 1802 843 δια.-

248 892 507 952 σπάοασα,
535 882 642 941 ὦσε
678 888 885 956 ταύτην
915 888 993 951 είς
1021 887 1146 955 γῆν.
1181 884 1499 956 Τηνικαῦτα
1543 883 1599 936 δὲ
1637 882 1667 935 ὁ
1703 882 1801 951 μὲν

248 980 431 1043 Κελτὸς
479 982 684 1045 ἐκεῖνος
739 979 1005 1050 παραθέει
1052 979 1112 1034 ὃν
1168 978 1306 1049 ᾣετο
1354 975 1801 1046 κατακρημνίσαι

247 1072 326 1125 τοῦ
358 1073 543 1135 ἵππου,
590 1074 616 1125 ὁ
655 1072 697 1123 δ’
728 1072 888 1134 εὐθὺς
916 1070 1181 1142 ὀρθωθεὶς
1228 1072 1321 1125 ἐπὶ
1355 1073 1454 1138 τῆς
1491 1066 1803 1137 ὲφεστρίδος

247 1168 437 1235 ἑδραῖος
490 1164 763 1234 ἐκάθητο,
824 1164 994 1233 μηδὲν
1066 1163 1176 1216 τῶν
1234 1162 1415 1216 ὃπλων
1490 1158 1800 1216 ἀπώαλὼν.

258 1256 402 1311 Ἀλλὰ
447 1257 545 1309 καὶ
590 1257 799 1325 γυμνὸν
841 1254 903 1307 τὸ
945 1254 1097 1324 ξίφος
1134 1253 1380 1323 κατέχων
1409 1255 1477 1323 τῇ
1511 1251 1680 1322 δεξιᾷ,
1728 1249 1805 1319 τῷ

241 1352 291 1404 δὲ
315 1349 490 1419 λύθρῳ
527 1348 621 1401 τοῦ
660 1348 791 1402 ίδίου
834 1347 1253 1417 πεφοινιγμένος
1294 1347 1544 1415 αἵματος,
1581 1345 1675 1399 καὶ
1706 1342 1805 1414 τὴν

244 1440 467 1509 κεφαλὴν
496 1438 941 1509 ἀπρικάλυπτον
974 1438 1113 1507 ἔχων
1141 1477 1155 1501 ,
1189 1438 1286 1490 καὶ
1313 1436 1414 1506 τὴν
1457 1434 1673 1506 πυρσὴν
1713 1434 1807 1488 καὶ

244 1532 461 1603 ὴλιῶσαν
510 1532 705 1601 κόμην·
751 1530 1248 1602 περιπλανωμένην
1296 1532 1415 1591 ταῖς
1466 1529 1660 1599 ὄψεσι,
1712 1527 1807 1581 καὶ⁹

241 1621 541 1675 διοκλοῦσαν
566 1622 685 1655 ’Μ’
736 1622 927 1676 αὐτόν·
963 1624 992 1674 ὁ
1048 1622 1157 1692 γὰρ
1196 1620 1360 1683 ἵππος
1408 1620 1808 1689 ταραττόμενος

243 1713 326 1767 καὶ
364 1713 665 1767 ἀποπτύων
706 1713 837 1777 τοὺς
864 1713 1118 1781 χαλινοὺς
1147 1713 1243 1767 καὶ
1288 1712 1640 1783 φριμάσσων,
1676 1712 1807 1765 ἀτα-

240 1806 481 1874 κτότερον
524 1805 825 1875 ἐμπίπτειν
873 1803 950 1875 τῷ
981 1806 1259 1876 προσώπῳ
1298 1807 1424 1868 τοὺς
1475 1803 1807 1875 βοστρύχους

1902 615 2000 670 pra
2036 600 2355 656 nominatus
2389 602 2677 655 Amecetes
2708 598 2833 665 fuit,
2869 599 3008 653 alter
3038 597 3235 653 Petrus
3268 598 3476 667 Aliplnc

1902 693 2076 758 filius,
2112 701 2171 748 ut
2204 694 2321 764 ipse
2372 694 2684 758 alIirmavit,
2737 693 2952 755 tertius,
3004 692 3147 748 alius
3201 692 3475 761 quispiam

1905 788 2055 841 nulla
2087 802 2144 843 re
2171 786 2401 843 inferior
2434 786 2671 854 duobus,
2706 787 2836 840 totis
2874 784 3106 839 habenis
3135 800 3278 853 eque
3321 785 3478 853 quis-

1904 895 2011 950 que
2038 895 2141 934 suo
2174 881 2397 945 laxatis,
2449 880 2625 948 longis
2660 880 2861 933 armati
2910 878 3081 933 hastis
3132 880 3183 931 in
3220 894 3344 933 eum
3394 880 3481 933 in-

1905 979 2222 1028 currerunt.
2268 971 2333 1026 Et
2394 974 2678 1027 Amecetes
2731 972 2950 1041 quidem
3008 984 3153 1027 recta
3210 972 3374 1025 ictum
3424 972 3479 1023 in

1907 1063 2293 1133 imperatorem
2337 1078 2444 1117 non
2498 1063 2744 1133 pertulit,
2783 1079 2925 1134 equo
2976 1064 3259 1133 paulisper
3310 1063 3480 1119 detli-

1906 1164 2111 1218 nante,
2165 1154 2393 1209 alterius
2445 1154 2657 1208 hastam
2714 1154 2890 1223 primo
2943 1155 3241 1224 imperator
3298 1153 3482 1224 gladio

1910 1247 2135 1316 repulit,
2173 1256 2284 1302 tum
2315 1247 2539 1301 intentis
2568 1262 2762 1302 manus
2792 1245 2977 1301 nervis
3010 1246 3389 1302 vehementem
3425 1247 3481 1301 in

1908 1339 2123 1395 hostem
2155 1340 2483 1410 intorquens
2510 1339 2703 1404 iclum,
2737 1355 2842 1409 quo
2876 1340 3048 1409 ipsam
3082 1340 3231 1407 carpi
3258 1341 3486 1410 junctu-

1912 1449 2025 1486 ram
2058 1434 2236 1503 petiit,
2274 1449 2493 1486 manum
2542 1432 2686 1486 illius
2730 1449 2759 1485 a
2809 1433 3021 1501 relique
3074 1433 3312 1488 abscidit
3364 1448 3487 1488 cor-

1912 1541 2062 1596 pore.
2098 1528 2164 1578 At
2197 1528 2392 1580 tertius
2420 1528 2805 1594 imperatorem
2840 1524 2893 1577 in
2945 1522 3128 1579 fronte
3171 1526 3481 1593 percussit;

1914 1631 2102 1669 verum
2135 1615 2224 1670 ille
2250 1616 2351 1670 Sibi
2377 1631 2590 1671 summe
2621 1630 2866 1684 praesens
2895 1612 3053 1668 firmo
3097 1624 3152 1669 et
3189 1614 3486 1684 impertur-

1914 1707 2039 1762 hate
2069 1724 2283 1779 semper
2312 1709 2518 1773 animo,
2549 1708 2927 1779 quantuslihet
2960 1706 3104 1763 circa
3134 1706 3402 1761 tumultus
3433 1715 3489 1761 et

1917 1816 2098 1856 rerum
2124 1816 2287 1855 snrsu
2301 1817 2349 1855 m
2377 1802 2633 1856 deorsum
2653 1800 2897 1853 omnium
2922 1799 3205 1869 perntlstio
3230 1798 3487 1864 ferveret,

242 1874 671 1969 παρεσκεύαζεν
706 1899 845 1953 ἀλλὰ
891 1874 985 1953 καὶ
1029 1874 1107 1961 ὦς
1158 1874 1349 1951 ἑαυτὸν
1394 1874 1807 1963 ἀνακαλεσάμε-

1918 1904 1973 1948 ut
2002 1895 2308 1949 venientem
2345 1894 2520 1951 sensit
2552 1894 2742 1959 ictum,
2768 1892 2967 1961 abiecit
3014 1908 3076 1949 se
3135 1902 3283 1949 retro
3331 1895 3487 1963 supi-

243 2008 341 2054 νος,
373 1990 449 2053 ὠς
490 1991 647 2059 ἐνῆν,
692 1994 809 2054 τοῖς
863 1991 1126 2053 ἐναντίοις
1165 1988 1606 2043 ἀντικαθίστατο.
1654 1990 1808 2042 Ἐπεὶ

240 2077 404 2132 δὲκαὶ
458 2079 592 2141 τοὺς
645 2078 919 2149 Τούρκους
970 2080 1102 2151 (96')
1153 2078 1454 2148 φεύγοντας
1501 2080 1669 2147 ἑώρα,
1715 2081 1809 2134 καὶ

243 2169 387 2224 αὐτὸν
414 2169 502 2223 τὸν
538 2171 756 2223 Βοδίνον
790 2170 1132 2240 ἀπολέμητον
1164 2171 1555 2241 ὑποχωροῦντα
1580 2188 1593 2203 ο
1641 2172 1810 2225 ὦπλιο

245 2278 327 2316 στο
360 2263 466 2333 γὰρ
509 2264 613 2315 καὶ⁵
653 2257 807 2325 οὗτος
861 2264 953 2314 καὶ
1002 2265 1082 2326 εἰς
1139 2263 1376 2334 πολέμου
1429 2267 1598 2317 τύπον
1658 2267 1703 2297 ⁸⁸
1751 2268 1810 2317 τὸ

243 2355 391 2408 αὑτοῦ
418 2355 774 2418 διατυπώσας
813 2356 1127 2426 στράτευμα
1160 2357 1300 2410 κατὰ
1329 2358 1556 2425 ταυτηνὶ
1614 2360 1655 2391 9⁷
1712 2359 1811 2429 τὴν

242 2444 435 2517 ἡμέραν
463 2448 681 2514 ἵστατο,
712 2450 789 2513 ὡς
819 2448 1111 2519 ὲπαρήξων
1140 2449 1282 2518 τάχα
1314 2452 1391 2515 τῷ
1425 2451 1809 2521 αὐτοκράτορι,

243 2538 369 2592 κατὰ
410 2538 512 2602 τὰς
556 2541 693 2611 πρὸς
731 2542 893 2595 αὑτὸν
922 2542 1295 2612 γεγενημένας
1346 2542 1649 2612 συνθήκας·
1686 2546 1813 2597 exat-

220 2630 560 2703 ραδὸκειδὲ,
591 2632 667 2693 ὡς
713 2633 910 2695 ἔοικεν,
959 2634 1045 2686 ἵνα
1098 2634 1147 2686 εί
1202 2635 1299 2703 μὲν
1348 2634 1446 2704 τὴν
1496 2635 1665 2705 ῥοπὴν
1715 2636 1814 2704 τῆς

243 2723 382 2793 νίκης
407 2725 489 2797 τῷ
536 2725 902 2797 αὐτοκράτορι
931 2726 1178 2781 δοθεῖσαν
1206 2727 1381 2798 γνοίη,
1412 2727 1685 2798 ἐπιτεοεὶη
1722 2728 1813 2783 κλὶ

242 2813 386 2879 αὐτὸς
424 2818 544 2879 τοῖς
582 2817 829 2881 Κελτοῖς,
884 2822 932 2873 εί
973 2819 1030 2872 δὲ
1076 2818 1407 2881 τούναντίον,
1437 2820 1724 2889 ἀτρεμὴσῃ
1756 2835 1813 2872 τε

170 2956 173 2959 ,
245 2907 328 2961 καὶ
365 2907 702 2973 ὀπισθόπους
740 2910 988 2981 γένηται·
1025 2910 1195 2964 ταῦτα
1234 2910 1701 2979 διαλογιζόμενος,
1740 2910 1815 2973 ὠς

244 2999 298 3065 ἐξ
335 2992 407 3054 ὧν
456 3002 774 3071 ἐπεπράχει
829 3003 1008 3072 δῆλον,
1044 3004 1134 3056 καὶ
1179 3002 1276 3073 τὴν
1328 3002 1564 3056 νικῶσαν
1609 3002 1814 3071 ἁπάρτι

242 3092 355 3156 τοὺς
398 3092 641 3156 Κελτοὺς
684 3096 937 3161 ἐγνωκὼς
968 3095 1217 3164 ἔχοντας,
1269 3094 1534 3162 ἄγευστος
1579 3093 1815 3162 πολέμου

1912 2000 2041 2039 nutu
2078 1987 2131 2039 in
2164 1987 2289 2056 equi
2329 1986 2601 2052 caudam;
2636 2002 2746 2055 quo
2791 1986 2995 2040 factum
3046 1995 3131 2042 est
3165 1997 3222 2040 ιιι
3272 2003 3486 2042 summa

1912 2078 2333 2133 duntaxatcute
2380 2078 2577 2134 frontis
2631 2079 2946 2148 perstricta,
3002 2079 3301 2148 leviterque
3352 2079 3489 2135 deli-

1896 2172 2036 2249 Ibata
2067 2186 2257 2225 mucro
2288 2172 2529 2241 cuspidis
2553 2171 2605 2225 in
2630 2172 3026 2241 prominentem
3066 2171 3233 2241 galea:
3264 2170 3487 2227 litabunt

1915 2263 2218 2326 offendens,
2257 2263 2432 2317 lorum
2462 2278 2573 2333 quo
2600 2263 2787 2317 eadem
2819 2263 2971 2334 galea
3017 2264 3122 2318 sub
3170 2274 3356 2320 mento
3378 2266 3491 2320 cir~

1914 2370 2042 2409 eum
2078 2355 2487 2425 astringebatur
2537 2356 2840 2425 abruperit,
2894 2370 3129 2427 eamque
3185 2356 3237 2409 in
3287 2366 3487 2411 terram

1917 2447 2198 2516 dejcccril.
2234 2448 2389 2502 Tunc
2419 2447 2611 2504 Callus
2642 2449 2959 2504 excussisse
3002 2464 3061 2504 se
3104 2449 3489 2518 imperatnrcm

1914 2557 1977 2596 ex
2009 2555 2152 2610 equo
2178 2551 2351 2606 ratus,
2384 2540 2541 2610 quasi
2574 2540 2641 2596 ad
2677 2541 2915 2611 praedam
2951 2543 3272 2609 procurrit;
3301 2550 3357 2596 at
3398 2542 3490 2598 ille

1914 2633 2102 2689 statim
2157 2648 2280 2689 sese
2332 2635 2549 2705 erigens
2622 2635 2957 2704 lirmansque
3010 2634 3198 2689 stabili
3254 2635 3383 2691 sede
3436 2636 3489 2689 in

1918 2725 2218 2795 ephippiis,
2270 2725 2412 2780 idem
2458 2726 2551 2795 qui
2597 2735 2727 2781 ante
2757 2726 3034 2797 apparuit,
3066 2740 3215 2780 arma
3255 2728 3493 2782 retinens

1917 2817 2109 2873 eadem
2137 2833 2258 2889 quae
2291 2818 2468 2887 prius,
2504 2833 2840 2887 manumque
2872 2816 3021 2871 nudo
3072 2816 3254 2887 gladio
3300 2817 3493 2873 formi-

1916 2909 2153 2965 dabilem
2213 2910 2457 2976 vibrans,
2515 2919 2842 2966 cruentatus
2886 2910 2980 2964 ille
3015 2911 3237 2981 quidem
3288 2915 3491 2965 recenti

1918 3002 2161 3067 vulnere,
2189 3002 2447 3072 nudoque
2465 3003 2663 3072 capite,
2694 3002 2945 3072 ﬂavaque
2968 3002 3077 3073 jam
3107 3001 3213 3059 soli
3244 3003 3493 3072 exposita

1916 3109 2073 3149 coma
2131 3104 2337 3150 temere
2396 3105 2651 3166 vagante,
2707 3096 3105 3165 umbranteqne
3155 3095 3349 3149 oculos
3384 3110 3491 3148 non

244 3184 299 3236 τδ
344 3188 632 3258 παράπαν,
667 3190 846 3243 οἶκαδε
892 3188 1424 3261 ὲπαναδεδραμήκει.
1470 3190 1529 3240 Ὁ
1568 3187 1624 3240 δὲ
1659 3188 1817 3242 αὺτο-

1921 3188 2043 3243 sine
2077 3189 2361 3243 molestia:
2401 3205 2524 3242 nam
2555 3204 2731 3258 equus
2763 3188 3019 3243 eﬂ‘eratns
3059 3188 3402 3258 tremensque
3434 3202 3497 3241 ac

243 3277 454 3349 κράτωρ
503 3279 686 3334 ταῦτα
731 3280 1099 3349 Θεασάμενος,
1150 3282 1243 3333 καὶ
1281 3282 1355 3344 ὡς
1396 3282 1440 3313 ’⁸
1485 3280 1686 3351 μηδένα
1726 3280 1817 3334 τὸν

245 3368 381 3437 αὐτῷ
421 3371 783 3437 ὲπαμύνοντα
814 3372 1047 3441 βλέπων,
1086 3371 1154 3429 τὰ
1185 3372 1498 3442 μετάφρενα
1528 3372 1623 3424 καὶ
1657 3373 1817 3435 αὐτὸς

244 3461 537 3527 τηνικαῦτα
580 3462 764 3515 δίδωσι
794 3466 906 3525 τοῖς
937 3464 1220 3527 ἐναντίοις.
1250 3465 1360 3517 Καὶ
1390 3463 1560 3526 οὕτως
1596 3464 1815 3516 ἐδίωκον

245 3545 288 3598 οί
313 3549 532 3601 Λατῖνοι
568 3550 628 3602 τὸ
670 3551 975 3620 Ῥωμαϊκδν
1012 3552 1349 3621 στράτευμα.

1925 3277 2139 3333 frenum
2199 3295 2463 3349 respuens
2524 3280 2831 3335 vehementi
2887 3294 3159 3334 concussu
3208 3280 3493 3335 etesarietn

1926 3380 2077 3427 retro
2116 3358 2441 3442 pendentem
2478 3372 2529 3426 itt
2581 3372 2815 3427 frontem
2862 3380 3135 3426 averterat
3172 3389 3185 3425 :
3236 3380 3494 3425 creterunt

1928 3471 2225 3531 utcumque
2257 3474 2372 3518 erat
2395 3464 2608 3533 collegit
2632 3476 2797 3535 prout
2827 3465 3007 3534 petuit
3032 3464 3294 3532 seipsum,
3327 3462 3500 3517 besti-

1921 3554 2133 3624 busqne
2163 3556 2385 3610 obvium
2416 3556 2650 3611 infracta
2684 3558 3051 3627 generositate
3095 3567 3151 3610 ut
3193 3556 3347 3625 prius
3392 3556 3499 3610 eb-

246 3646 377 3700 tulit.
416 3643 524 3702 Ubi
560 3662 687 3702 vero
718 3647 928 3703 Turres
960 3648 1229 3717 fugientes
1262 3648 1417 3713 vidit,
1450 3659 1501 3702 et
1538 3646 1807 3702 Bedinnm
1851 3665 2029 3720 pugna
2089 3667 2196 3706 non
2251 3660 2456 3706 tentata
2490 3652 2837 3707 recedentem
2873 3651 3047 3721 (stetit
3105 3652 3249 3704 enim
3294 3650 3382 3704 hic
3442 3649 3497 3703 itt

247 3740 403 3795 armis
433 3756 508 3797 eo
552 3742 642 3797 die
711 3744 1090 3813 instructaque
1154 3753 1411 3811 tanquam
1471 3744 1539 3796 ad
1596 3745 1840 3812 praelium
1880 3745 2098 3814 agmine
2178 3746 2340 3816 118
2375 3762 2627 3812 διιοιοιιιιι,
2677 3751 2915 3816 speciem
2973 3747 3288 3802 ostentabat
3337 3749 3497 3816 quasi

246 3831 366 3886 totis
419 3833 641 3889 viribus
668 3850 765 3903 pro
812 3834 1165 3904 imperatoris
1215 3848 1381 3890 causa
1442 3833 1811 3891 dimicaturus
1851 3845 2017 3898 esset,
2052 3840 2208 3909 juxta
2246 3847 2406 3909 pacta
2440 3848 2709 3892 conventa
2739 3854 2860 3909 quae
2902 3839 3045 3893 inter
3114 3840 3263 3907 ipsos
3328 3842 3499 3893 inter-

248 3935 547 3982 cesserant.
582 3926 787 3980 Revera
816 3936 996 3980 tamen
1055 3925 1159 3981 sibi
1196 3941 1425 3996 parcere
1470 3926 1813 3993 decreverat,
1856 3940 2216 3997 spectareque
2246 3943 2509 3998 quorsum
2544 3938 2794 3997 vergeret
2823 3928 3068 3982 victoriae.
3128 3928 3371 3991 lertuna,
3442 3920 3505 3981 ιιι

248 4017 289 4070 si
316 4031 431 4072 eam
467 4018 688 4087 quidem
722 4017 865 4073 haud
899 4017 1067 4073 dubie
1141 4016 1327 4072 favere
1394 4019 1740 4090 imperatoris
1805 4022 2053 4089 partibus
2106 4028 2381 4087 cerneret,
2434 4030 2566 4076 tunc
2621 4021 2735 4091 ipse
2806 4020 2863 4074 in
2919 4019 3094 4073 vietos
3137 4017 3307 4083 facili,
3357 4017 3501 4087 apud

249 4110 479 4167 victores
524 4110 764 4182 gratiosa
808 4110 1171 4180 impressione
1221 4109 1405 4165 Gallos
1452 4111 1761 4182 impeteret,
1806 4114 1888 4165 sin
1952 4121 2143 4167 contra
2169 4114 2433 4177 eveniret,
2461 4113 2757 4169 abstineret
2814 4127 3017 4182 pugna,
3082 4111 3501 4181 incolumesque

251 4204 504 4257 intutum
536 4203 724 4273 copias
763 4202 1071 4256 reduceret.
1102 4200 1253 4256 Talia
1292 4202 1567 4272 cogitasse
1597 4217 1623 4254 a
1650 4203 1926 4271 principio
1961 4204 2113 4257 illum
2144 4220 2209 4259 ex
2248 4206 2315 4260 iis
2380 4221 2503 4275 qua:
2566 4206 2694 4260 fecit
2762 4206 3097 4259 intellectura
3142 4212 3245 4259 est.

3327 4204 3501 4258 Sttttttl

250 4298 384 4352 enim
417 4299 563 4353 satis
602 4298 879 4366 perspexit
914 4305 1061 4349 stare
1094 4295 1376 4349 victoriam
1400 4294 1641 4359 aGallis,
1669 4295 1813 4349 bello
1851 4311 2081 4365 prorsus
2116 4298 2393 4369 ingustalo
2430 4298 2653 4351 domum
2696 4307 2919 4351 strenue
2978 4314 3040 4353 se
3111 4299 3316 4363 retulit)
3355 4316 3370 4354 :
3411 4314 3501 4360 ea,

250 4394 491 4463 inquam,
550 4393 639 4446 ubi
691 4392 828 4445 vidit
885 4390 1212 4460 imperator,
1270 4404 1441 4459 seque
1492 4390 1809 4444 destitutum
1892 4391 2054 4460 plane
2086 4394 2153 4446 ab
2214 4393 2495 4455 erunibus,
2530 4402 2740 4461 tergum
2766 4402 2819 4446 et
2848 4394 2967 4462 ipse
2998 4393 3216 4447 tandem
3250 4396 3503 4451 hostibus

252 4486 412 4541 dedit.
448 4485 650 4556 Sicque
675 4484 788 4553 jam
825 4484 975 4538 omni
1008 4498 1074 4537 ex
1126 4493 1277 4551 parte
1309 4481 1491 4536 Latini
1564 4483 1724 4551 plane
1775 4483 1954 4537 fusum
2027 4486 2384 4556 fugatumque
2456 4486 2759 4539 Romanum
2817 4486 3118 4539 exercitum
3208 4501 3503 4557 perseque-

253 4583 469 4634 bantur.

324 4669 382 4723 'U
426 4670 489 4721 δὲ
553 4666 891 4737 Ῥομπέρτος
938 4665 1266 4720 καταλαϐὼν
1314 4667 1372 4719 το
1458 4666 1679 4737 τέμενος
1736 4666 1826 4719 τοῦ

260 4760 439 4831 ’Δγίου
485 4760 777 4825 Νικολάου,
811 4759 945 4814 ὅπου
998 4758 1148 4828 καὶὴ
1198 4758 1449 4829 βασιλικὴ
1488 4756 1683 4828 σκηνὴ,
1735 4758 1828 4811 καὶ

251 4853 433 4907 ἅπασα
465 4854 497 4921 ἡ
525 4852 696 4919 σκευὴ
728 4850 821 4901 τοῦ
863 4849 1179 4918 Ῥωμαῖκοῦ
1234 4849 1665 4920 στρατεύματος,
1695 4847 1827 4901 ὁπό-

2001 4662 2069 4711 Λι
2104 4658 2375 4711 llebertus
2407 4664 2694 4727 postquam
2744 4656 2859 4726 ipse
2903 4656 3087 4711 Sancti
3123 4656 3332 4712 Nieolai
3364 4667 3505 4713 tem-

1929 4752 2076 4822 plum
2112 4748 2425 4818 oecupavit,
2463 4748 2551 4801 ubi
2586 4748 2872 4817 augustale
2898 4748 3245 4817 imperatoris
3266 4764 3505 4819 vasaque

1926 4860 1979 4902 et
2035 4844 2396 4915 supellectilis
2451 4842 2635 4897 omnia
2688 4842 2857 4896 totius
2920 4843 3196 4897 exercitus
3268 4841 3502 4897 Romani

252 4962 371 5009 σους
396 4944 671 5005 εύτθενεῖς
703 4939 815 5012 εἶχε
840 4941 931 4993 τὸν
962 4940 1186 5011 βασιλέι
1208 4941 1425 4995 διώκειν
1448 4941 1823 5009 ἐκπέπομφεν,

1930 4946 2107 4997 erant,
2141 4948 2280 5002 quos
2309 4930 2709 4986 valentissimos
2748 4930 2803 4983 itt
2845 4928 2961 4984 suis
2998 4930 3275 4985 universis
3313 4932 3503 4986 bahuit

252 5035 409 5089 αὐτοῦ
446 5052 549 5088 που
586 5034 745 5096 αὐτὸς
777 5035 1125 5104 ἐγκαρτερών
1167 5032 1572 5101 φανταζόμενος
1599 5031 1696 5102 τὴν
1733 5030 1823 5083 τοῦ

250 5128 644 5198 αὐτοκράτορος
699 5125 1046 5194 κατάσχεσιν.
1108 5124 1351 5178 Τοιοῦτοι
1411 5124 1519 5193 γὰρ
1570 5124 1823 5193 λογισμοὶ

253 5220 437 5274 τούτου
467 5220 527 5273 τὸ
552 5220 860 5289 ὑπέρογκον
904 5216 1156 5280 ἐξέκαιον
1200 5219 1480 5288 φρόνημα.
1528 5218 1590 5268 Οί
1640 5216 1697 5269 δὲ
1741 5216 1829 5269 εὑ-

1933 5029 2104 5097 eupiis
2138 5026 2202 5080 al
2236 5029 2613 5095 imperatorem
2644 5022 3039 5091 insequendum
3065 5022 3506 5093 capiendumque

1932 5123 2105 5185 misit,
2194 5119 2308 5189 ipse
2368 5116 2587 5171 interim
2637 5114 2839 5169 ibidem
2897 5114 3188 5183 epperiens
3253 5122 3503 5184 optatum

1940 5214 2217 5275 nuntium,
2254 5217 2647 5279 spetatutnque
2703 5212 3059 5274 conspectum
3096 5204 3328 5277 Augusti
3370 5222 3505 5276 eap-

1281 5370 1806 5433 Varieeleetinnes
1839 5388 1914 5431 ex
1939 5370 2082 5432 cod.
2118 5369 2388 5433 Coislin.

321 5480 438 5513 ⁸³⁸⁸³
459 5478 794 5551 διοχλοῦσαν.
872 5477 916 5509 ⁹⁶
938 5477 1121 5532 τόπον.
1196 5475 1239 5507 ⁸⁷
1273 5476 1498 5543 ταυτὴν,

1584 5473 1628 5505 ’⁸
1659 5472 1822 5529 Deest
1854 5472 2039 5528 vocula
2063 5473 2158 5531 ὡς.

1322 5592 1465 5655 Car.
1501 5588 1831 5652 Dufresnii
1860 5590 1957 5650 Du
1989 5588 2207 5664 Cangii
2250 5596 2434 5650 notas.

327 5748 456 5820 (06°)
495 5749 815 5818 Τούρκους.
841 5743 1052 5803 Turcos
1078 5745 1184 5800 hoc
1215 5744 1269 5798 in
1319 5738 1465 5795 bello
1514 5738 1708 5793 Alexio
1744 5736 2014 5792 militasse
2041 5746 2235 5791 auctor
2260 5744 2343 5787 est
2381 5743 2646 5806 praeterea
2682 5736 2850 5794 Guill.
2880 5736 3219 5810 Apuliensia.

1074 5839 1215 5895 Pars
1242 5855 1446 5909 quoque
1480 5836 1774 5891 Tartarum
1798 5850 1915 5889 cum
1952 5830 2157 5889 Curris
2180 5834 2356 5889 interit
2384 5835 2586 5906 ingens.
