3830 6556
224 413 327 474 ἒ65

1489 400 1901 462 ALEXIADIS
1944 401 2093 461 LIB.
2140 401 2237 463 [Υ.

223 520 293 580 ὡς
317 519 403 571 ἐπ’
434 518 605 588 οὐρὰν
632 516 724 571 τοῦ
757 518 924 569 ἵππου
959 516 1127 570 ἔθετο.
1161 516 1273 570 Καὶ
1300 513 1459 576 εὐθὺς
1487 511 1576 564 τὸν
1618 510 1800 581 χρῶτα
1831 545 1842 571 Α

1920 506 2086 563 adhuc
2112 506 2388 575 obtinens,
2422 517 2529 561 tres
2565 503 2907 568 Lat'nornm,
2939 518 3169 572 quorum
3205 519 3350 558 unus
3386 519 3481 558 su-
3518 514 3547 533 ιλ

222 611 313 664 seu
349 610 606 678 σώματος
639 609 840 680 μικρὸν
870 608 1231 679 παραξέσασα
1254 608 1288 676 ἡ
1310 604 1405 659 τοῦ
1435 604 1623 672 ξίςρους
1647 601 1803 673 ἀκμὴ

221 704 349 773 περὶ
395 703 496 773 τὴν
532 702 702 774 ἀκοὴν
736 700 1203 773 παραποδισθεῖσα
1242 701 1341 771 τῆς
1388 698 1653 769 κόρυθος,
1708 697 1805 750 καὶ

218 796 309 847 τὸν
358 795 659 863 συνέχοντα
710 794 916 864 ταύτην
961 793 1065 846 ὑπὸ
1093 793 1194 863 τὴν
1234 794 1397 859 γένυν
1446 790 1648 860 ἱμάντα
1690 788 1808 842 δια-

222 887 508 950 σπάσασα,
538 880 646 939 ὦσε
683 886 890 955 ταύτην
920 887 998 949 είς
1027 886 1152 954 γῆν.
1187 883 1505 955 Τηνικαῦτα
1548 882 1604 935 δὲ
1643 882 1672 934 ὁ
1708 881 1806 951 μὲν

223 978 430 1041 Κελτὸς
480 980 689 1043 ἐκεῖνος
744 978 1010 1049 παραθὲει
1057 978 1117 1033 ὃν
1174 977 1312 1048 ᾤετο
1360 974 1806 1045 κατακρημνίσαι

222 1069 312 1121 τοῦ
349 1070 548 1133 ἵππου,
594 1073 622 1123 ὀ
661 1072 702 1123 δ’
733 1071 893 1134 εὐθὺς
922 1069 1187 1143 ὀρθωθεὶς
1234 1071 1326 1124 ἐπὶ
1361 1071 1459 1138 τῆς
1496 1066 1809 1137 ὲφεστρίδος

224 1164 440 1232 ἑδραῖος
494 1163 768 1233 ἐκάθητο,
829 1163 999 1232 μηδὲν
1070 1162 1181 1216 τῶν
1239 1161 1419 1215 ὅπλων
1495 1158 1805 1215 ἀποϐαλὼν.

237 1254 401 1308 ’Λλλὰ
450 1255 550 1308 κα)⁸
596 1256 804 1323 γυμνὸν
846 1254 908 1306 τὸ
951 1253 1103 1323 ξίφος
1139 1252 1385 1323 κατέχων
1414 1254 1482 1322 τῇ
1516 1250 1685 1321 δεξιᾷ,
1733 1248 1810 1319 τῷ

220 1348 277 1401 δὲ
303 1347 495 1418 λύθρῳ
533 1347 626 1400 τοῦ
665 1347 797 1401 ίδίου
839 1346 1257 1416 πεφοινιγμένος
1299 1346 1549 1415 αἵματος,
1586 1344 1680 1398 καὶ
1712 1342 1810 1413 τὴν

225 1438 473 1508 κεφαλὴν
502 1437 946 1507 ἀπερικὰλυπτον
979 1437 1118 1506 ἔχων
1146 1477 1160 1501 ,
1194 1437 1291 1489 καὶ
1318 1435 1419 1505 τὴν
1462 1434 1677 1506 πυρσὴν
1718 1432 1812 1486 καὶ

225 1530 467 1600 ἠλιῶσαν
518 1531 711 1601 κόμην
756 1529 1253 1601 περιπλανωμένην
1300 1531 1420 1591 ταῖς
1471 1528 1664 1599 ὄψεσι,
1716 1526 1812 1580 καὶ

224 1619 548 1673 διοκλοῦσαν
572 1621 689 1653 9""
740 1621 932 1675 αὐτόν·
968 1622 997 1673 ὁ
1053 1620 1162 1691 γὰρ
1200 1619 1365 1683 ἵππος
1412 1618 1813 1688 ταραττόμενος

228 1711 321 1764 καὶ
364 1712 669 1767 ἀποπτύων
711 1712 841 1776 τοὺς
869 1712 1123 1779 χαλινοὺς
1152 1712 1248 1765 καὶ
1293 1712 1644 1781 φριμάσσων,
1682 1711 1812 1764 ἀτα-

227 1803 489 1873 κτότερον
532 1804 829 1874 ιμπίπτειν
878 1802 955 1875 τῷ
985 1805 1264 1875 προσώπῳ
1303 1806 1429 1867 τοὺς
1479 1802 1811 1874 βοστρύχους

1908 615 2005 669 pra
2041 600 2360 656 nominatus
2394 600 2681 654 Amecetes
2713 598 2838 664 fuit,
2874 598 3013 652 alter
3043 596 3240 651 Petrus
3273 598 3482 666 Aliplne

1908 692 2081 757 ﬁlius,
2116 700 2176 747 ut
2210 693 2326 763 ipse
2378 693 2689 757 afﬁrmavit,
2742 692 2957 753 tertius,
3009 691 3152 747 alius
3206 692 3480 760 quispiam

1910 788 2060 841 nulla
2092 801 2149 843 re
2176 786 2406 842 inferior
2438 785 2676 853 duobus,
2712 786 2841 839 totis
2878 783 3111 838 habenis
3140 799 3283 852 equo
3326 784 3483 853 quis-

1908 894 2016 949 que
2044 895 2145 934 suo
2179 880 2402 945 laxatis,
2454 879 2630 947 longis
2664 879 2865 932 armati
2916 878 3087 933 hastis
3137 879 3188 931 in
3226 893 3349 932 eum
3399 879 3485 932 in-

1910 978 2226 1027 currerunt.
2274 970 2338 1025 Et
2398 973 2683 1026 Amecetes
2736 971 2955 1041 quidem
3014 984 3158 1026 recta
3216 972 3379 1025 ictum
3429 971 3484 1023 in

1912 1063 2298 1133 imperatorem
2341 1078 2449 1117 non
2504 1062 2749 1132 pertulit,
2787 1078 2930 1133 equo
2980 1063 3263 1132 paulisper
3314 1063 3485 1119 derli—

1911 1164 2115 1217 uante,
2171 1153 2398 1209 alterius
2449 1153 2661 1208 hastam
2718 1154 2895 1223 primo
2947 1154 3247 1223 imperator
3302 1152 3487 1224 gladio

1914 1246 2140 1315 repulit,
2177 1256 2289 1301 tum
2319 1247 2543 1301 intentis
2572 1262 2766 1301 manus
2796 1244 2982 1301 nervis
3015 1246 3393 1302 vehementem
3429 1246 3484 1301 in

1914 1338 2128 1394 hostem
2159 1339 2487 1409 intorquens
2515 1338 2708 1403 ictum,
2741 1355 2847 1409 quo
2880 1339 3053 1408 ipsam
3086 1340 3235 1407 carpi
3262 1340 3490 1409 junctu-

1917 1448 2029 1486 ram
2064 1433 2240 1502 petiit,
2278 1448 2499 1486 manum
2547 1432 2691 1486 illius
2734 1448 2763 1485 a
2813 1433 3025 1500 reliquo
3078 1432 3315 1487 abscidit
3368 1448 3491 1489 cor-

1916 1540 2066 1594 pore.
2102 1526 2168 1577 At
2202 1527 2396 1579 tertius
2425 1527 2809 1593 imperatorem
2845 1524 2897 1576 in
2949 1522 3132 1579 fronte
3175 1526 3484 1593 percussit;

1919 1630 2107 1668 verum
2139 1614 2229 1669 ille
2254 1615 2355 1669 sxbi
2381 1630 2594 1670 summe
2626 1629 2870 1683 praesens
2900 1611 3058 1667 firmo
3101 1624 3156 1668 et
3193 1613 3489 1683 impertur-

1918 1706 2044 1760 bato
2072 1722 2288 1777 semper
2317 1708 2523 1771 animo,
2554 1707 2931 1777 quantuslibet
2964 1705 3108 1761 circa
3138 1705 3405 1761 tumultus
3437 1714 3493 1760 ct

1921 1815 2103 1854 rerum
2129 1816 2291 1854 snrsu
2305 1816 2354 1853 m
2382 1801 2637 1855 deorsum
2658 1799 2902 1853 omnium
2926 1798 3209 1868 permistio
3234 1797 3491 1864 ferveret,

208 1873 675 1967 παρεσκεύαζεν·
711 1898 849 1951 ἀλλὰ
896 1873 989 1952 καὶ
1034 1873 1112 1960 ὧς
1163 1873 1354 1950 ἑαυτὸν
1399 1896 1811 1962 ἀνακαλεσάμε-

1920 1903 1977 1947 nt
2006 1894 2312 1948 venientem
2349 1893 2525 1950 sensit
2557 1894 2746 1958 ictum,
2772 1891 2971 1960 abiecit
3018 1908 3080 1949 se
3139 1901 3287 1948 retro
3336 1895 3491 1963 supi-

232 2006 341 2053 νος,
376 1989 457 2052 ὡς
501 1989 652 2058 ἐνῆν,
698 1992 814 2053 τοῖς
867 1990 1131 2052 ἐναντίοις
1169 1987 1611 2042 ἀντικαθίστατο.
1658 1988 1812 2041 Ἐπεὶ

228 2076 410 2130 δὲκαὶ
469 2076 598 2139 τοὺς
650 2076 924 2147 Τούρκους
974 2078 1106 2149 (96')
1157 2078 1458 2146 φεύγοντας
1506 2079 1673 2146 ἑώρα,
1719 2080 1813 2133 καὶ

232 2168 392 2223 αὐτὸν
421 2168 513 2221 τὸν
545 2169 760 2221 Βοδῖνον
795 2168 1137 2238 ἀπολέμητον
1168 2169 1560 2240 ὑποχωροῦντα
1584 2187 1597 2202 ο
1645 2170 1814 2223 ὡπλι-

236 2276 325 2313 στο
362 2261 478 2332 γὰρ
518 2262 617 2314 καὶ
657 2255 812 2323 οὗτος
866 2262 958 2312 καὶ
1007 2263 1087 2324 είς
1143 2262 1380 2332 πολέμου
1433 2265 1603 2315 τύπον
1662 2266 1707 2296 ³⁸
1756 2266 1815 2316 τ’)

234 2353 397 2406 αὐτοῦ
427 2354 779 2416 διατυπώσας
817 2354 1131 2425 στράτευμα
1165 2356 1305 2408 κατὰ
1334 2356 1561 2423 ταυτηνὶ
1618 2358 1659 2389 ’⁷
1716 2358 1815 2427 τὴν

233 2443 445 2516 ἡμέραν
475 2446 685 2513 ἵστατο,
716 2448 793 2512 ὡς
824 2446 1115 2517 ὲπαρήξων
1145 2447 1285 2517 τάχα
1318 2450 1395 2514 τῷ
1429 2449 1813 2519 αὐτοιρέιτορι,

236 2537 375 2591 κατὰ
418 2537 522 2600 τὰς
561 2539 697 2609 πρὶς
736 2540 899 2594 αὑτὸν
926 2540 1300 2610 γεγενημένας
1348 2540 1654 2611 συνθήκας*
1690 2545 1817 2596 ἑκα-

204 2628 457 2701 Δριιδόκει
486 2630 565 2695 δὲ,
596 2630 671 2692 ὡς
717 2631 914 2694 ἔοικεν,
963 2632 1049 2685 ἵνα
1102 2632 1152 2684 εί
1206 2634 1304 2702 μὲν
1352 2632 1450 2703 τὴν
1499 2633 1669 2703 ῥοπὴν
1719 2634 1818 2703 τῆς

236 2722 389 2791 νίκης
418 2723 501 2794 τῷ
544 2722 907 2795 αὐτοκράτορι
936 2725 1182 2779 δοθεῖσαν
1211 2725 1385 2796 γνοίη,
1416 2726 1689 2797 ἐπιτεθείη
1726 2727 1817 2781 καὶ

237 2812 395 2877 αὑτὸς
436 2816 551 2877 τοῖς
587 2816 834 2880 Κελτοῖς,
889 2820 935 2873 εί
978 2817 1034 2871 δὲ
1080 2816 1411 2880 τούναντίον,
1441 2819 1728 2887 ἀτρεμὴσῃ
1760 2834 1817 2871 τε

148 2954 153 2959 .
241 2906 333 2961 καὶ
372 2905 707 2971 ὀπισθόπους
744 2909 993 2979 γένηται·
1030 2909 1199 2963 ταῦτα
1238 2908 1705 2978 διαλογιζόμενος,
1744 2909 1818 2972 ὠς

241 2998 300 3064 ἐξ
340 2991 416 3052 ὧν
469 3000 778 3070 ἐπεπράχει
833 3001 1012 3071 δῆλον,
1048 3002 1139 3055 καὶ
1183 3001 1281 3071 τὴν
1332 3001 1568 3054 νικῶσαν
1613 3001 1818 3070 ἁπάρτι

237 3091 361 3154 τοὺς
406 3090 645 3154 Κελτοὺς
688 3094 941 3160 ἐγνωκὼς
972 3094 1221 3162 ἔχοντας,
1272 3092 1537 3161 ἄγευστος
1583 3092 1818 3161 πολέμου

1916 2000 2046 2038 num
2082 1986 2135 2038 in
2168 1986 2293 2055 equi
2333 1985 2562 2040 calidam
2591 2002 2606 2051 ;
2640 2000 2750 2054 quo
2795 1985 2999 2040 factum
3050 1994 3135 2041 est
3168 1996 3226 2039 ut
3276 2002 3490 2042 summa

1916 2077 2184 2132 duntaxat
2211 2091 2338 2132 cute
2385 2077 2581 2133 frontis
2635 2078 2950 2147 perstricta,
3006 2078 3305 2148 leviterque
3356 2079 3492 2135 deli-

1917 2171 2039 2223 bata
2070 2184 2261 2224 mucro
2292 2171 2533 2239 cuspidis
2557 2171 2609 2224 in
2634 2171 3029 2240 prominentem
3070 2171 3237 2240 galea:
3268 2170 3491 2227 limbum

1919 2262 2222 2325 oﬂ‘endens,
2261 2262 2437 2316 lorum
2467 2278 2577 2331 quo
2604 2262 2791 2316 eadem
2823 2263 2975 2333 galea
3021 2264 3126 2318 sub
3174 2274 3360 2320 mento
3382 2266 3494 2321 cir-

1918 2369 2046 2408 cum
2082 2354 2491 2424 astringebatur
2541 2355 2843 2425 abruperit,
2897 2370 3133 2427 eamque
3188 2356 3241 2409 in
3290 2366 3490 2411 terram

1921 2446 2202 2515 dejcceril.
2238 2446 2393 2501 Tunc
2423 2446 2615 2503 Gallus
2646 2448 2964 2503 excussisse
3006 2463 3065 2503 se
3108 2449 3493 2517 imperatorem

1918 2556 1981 2595 ex
2014 2554 2156 2609 equo
2181 2550 2355 2605 ratus,
2388 2539 2545 2609 quasi
2578 2539 2646 2595 ad
2681 2540 2919 2609 prmdam
2955 2543 3275 2608 procurrit;
3304 2549 3360 2595 at
3401 2542 3493 2597 ille

1919 2632 2105 2688 Statim
2161 2647 2284 2688 sese
2336 2634 2553 2703 erigens
2625 2634 2961 2703 firmansque
3014 2633 3202 2688 stabili
3257 2634 3385 2690 sede
3440 2636 3491 2689 in

1922 2724 2222 2794 ephippiis.
2273 2724 2415 2779 idem
2461 2725 2554 2795 qui
2602 2734 2731 2780 ante
2761 2725 3037 2795 apparuit,
3069 2740 3217 2779 arma
3258 2727 3497 2782 retinens

1921 2816 2113 2872 eadem
2140 2832 2262 2888 quae
2294 2817 2471 2886 prius,
2508 2832 2844 2886 manumque
2876 2815 3025 2871 nudo
3075 2816 3257 2886 gladio
3302 2816 3496 2872 formi-

1920 2908 2157 2963 dabilcm
2217 2910 2461 2975 vibrans,
2519 2918 2846 2965 cruentatus
2890 2909 2983 2963 ille
3018 2910 3240 2980 quidem
3292 2914 3495 2965 recenti

1921 3001 2164 3065 vulnere,
2193 3002 2451 3071 nudoque
2469 3002 2667 3071 capite,
2698 3002 2947 3072 flavaque
2971 3000 3081 3072 jam
3110 3001 3216 3058 soli
3247 3002 3497 3072 exposita

1920 3108 2076 3148 coma
2135 3103 2341 3149 temere
2400 3104 2654 3165 vagante,
2711 3095 3109 3164 umbranteque
3158 3094 3353 3149 oculos
3387 3109 3493 3148 non

238 3184 302 3235 οτδ
351 3186 635 3257 παράπαν,
670 3189 851 3241 οἶκαδε
896 3187 1428 3259 ὲπαναδεδραμήκει.
1474 3188 1533 3239 '0
1572 3186 1628 3239 δὲ
1662 3187 1821 3241 αὐτοι

1925 3187 2046 3242 sine
2081 3188 2364 3242 molestia:
2405 3204 2527 3242 nam
2558 3203 2734 3257 equus
2766 3187 3021 3243 etl‘eratus
3062 3186 3405 3257 fremensque
3437 3202 3500 3240 ac

238 3276 466 3347 κράτωρ
512 3278 690 3333 ταῦτα
734 3279 1103 3347 θεασάμενος,
1154 3280 1247 3332 καὶ
1285 3280 1359 3343 ὡς
1400 3280 1444 3312 ⁸³
1488 3279 1689 3349 μηδένα
1730 3279 1821 3333 τὸν

238 3367 390 3436 αὐτῷ
431 3369 786 3435 ἐπαμύνοντα
818 3371 1051 3440 βλέπων,
1090 3370 1158 3428 τὰ
1188 3371 1502 3440 μετάφρενα
1532 3370 1627 3423 καὶ
1660 3372 1821 3433 αὐτὸς

238 3458 543 3526 τηνικαῦτα
583 3461 767 3514 δίδωσι
798 3464 909 3524 τοῖς
941 3463 1223 3525 ἐναντίοις.
1252 3464 1363 3516 Καὶ
1393 3462 1563 3524 οὕτως
1599 3463 1819 3515 ἐδίωκον

237 3544 289 3598 οἱ
315 3548 537 3599 Λατῖνοι
571 3549 631 3600 τὸ
673 3550 979 3618 Ῥωμαϊκὸν
1017 3550 1353 3619 στράτευμα.

1928 3276 2142 3332 frentun
2203 3294 2467 3347 reSpuens
2527 3279 2834 3334 vehementi
2890 3294 3163 3333 concussu
3211 3279 3496 3334 etcsariem

1930 3378 2081 3426 retro
2120 3358 2444 3441 pendentem
2481 3372 2533 3425 in
2585 3371 2818 3426 frontem
2865 3379 3138 3425 averterat
3175 3388 3187 3425 :
3238 3380 3497 3425 caeterum

1931 3470 2229 3529 utcumque
2260 3474 2376 3516 erat
2398 3462 2611 3532 collegit
2634 3475 2800 3534 prout
2830 3464 3011 3533 potuit
3035 3463 3297 3531 seipsum,
3329 3462 3503 3517 hosti-

1924 3553 2137 3623 busque
2166 3555 2389 3609 obvium
2419 3555 2653 3610 infracta
2687 3556 3054 3627 generositate
3097 3566 3154 3609 ut
3195 3556 3349 3625 prius
3394 3555 3501 3609 ob.

241 3645 386 3698 tulit.
425 3641 527 3701 Ubi
562 3661 690 3701 vero
721 3645 932 3702 Tureos
963 3646 1232 3715 fugientes
1266 3646 1420 3711 vidit,
1453 3658 1504 3701 et
1542 3645 1810 3701 Bodinum
1854 3664 2033 3719 pugna
2092 3666 2199 3705 non
2253 3659 2459 3706 tentata
2494 3652 2840 3706 recedentem
2876 3652 3049 3719 (stetit
3107 3651 3251 3703 enim
3296 3649 3384 3703 hic
3445 3648 3499 3703 in

242 3738 411 3795 armis
442 3754 510 3794 eo
555 3741 646 3795 die
714 3742 1094 3812 instructoque
1157 3752 1414 3810 tanquam
1475 3742 1542 3795 ad
1600 3743 1843 3811 praelium
1884 3745 2101 3813 agmine
2181 3745 2343 3815 118
2378 3761 2630 3811 snorum,
2679 3750 2918 3815 speciem
2976 3746 3290 3801 ostentabat
3339 3748 3499 3815 quasi

242 3830 375 3885 totis
429 3832 643 3887 viribus
671 3848 768 3901 pro
816 3832 1168 3903 imperatoris
1218 3847 1384 3888 causa
1445 3832 1815 3890 dimicaturus
1854 3845 2021 3897 esset,
2056 3840 2211 3908 juxta
2249 3846 2409 3908 pacta
2443 3847 2712 3891 conventa
2741 3853 2862 3908 quae
2905 3839 3047 3892 inter
3117 3839 3265 3907 ipsos
3330 3841 3501 3891 inter-

242 3933 550 3980 cesserant.
586 3923 790 3977 Revera
819 3933 999 3979 tamen
1058 3924 1162 3979 sibi
1199 3940 1429 3995 parcere
1473 3925 1815 3992 decreverat,
1858 3940 2218 3996 spectarcque
2250 3942 2512 3997 quorsum
2547 3937 2797 3996 vergeret
2825 3928 3071 3981 victoria:
3130 3926 3373 3991 fortuna,
3444 3920 3507 3981 ιιι

244 4015 289 4068 si
319 4029 440 4070 eam
471 4016 691 4085 quidem
726 4015 868 4071 haud
902 4016 1069 4070 dubie
1143 4014 1329 4071 favere
1396 4018 1743 4088 imperatoris
1809 4020 2057 4087 partibus
2110 4028 2384 4086 cerneret,
2436 4028 2569 4076 tunc
2623 4020 2738 4089 ipse
2809 4019 2865 4073 in
2922 4019 3096 4073 victos
3140 4017 3309 4083 facili,
3360 4017 3503 4087 apud

244 4108 482 4164 victores
527 4108 767 4180 gratiosa
812 4107 1174 4177 impressione
1224 4108 1407 4163 Gallos
1455 4110 1763 4180 impetcrct,
1809 4112 1892 4163 sin
1955 4120 2147 4165 contra
2172 4113 2436 4175 eveniret,
2464 4112 2759 4168 abstineret
2816 4126 3020 4181 pugna,
3085 4110 3503 4181 incolumesque

247 4202 302 4256 in
330 4211 507 4255 tutum
539 4201 727 4271 copias
767 4200 1074 4254 reduceret.
1105 4198 1256 4254 Talia
1295 4200 1569 4270 cogitasse
1600 4216 1626 4253 a
1653 4201 1929 4270 principio
1964 4202 2116 4255 illum
2146 4219 2212 4257 ex
2250 4204 2317 4259 iis
2382 4220 2505 4274 qua:
2568 4204 2697 4259 fecit
2765 4204 3099 4257 intellectum
3144 4212 3247 4258 est.
3329 4203 3503 4257 Simul

244 4297 393 4351 enim
425 4297 567 4350 satis
606 4296 883 4364 perspexit
917 4303 1064 4347 stare
1097 4293 1379 4348 victoriam
1402 4292 1644 4357 aGallis,
1671 4294 1815 4348 bello
1854 4310 2083 4363 prorsus
2119 4297 2397 4367 ingustata
2433 4298 2655 4351 domum
2699 4306 2922 4350 strenue
2981 4312 3043 4352 se
3114 4298 3318 4363 retulit)
3358 4315 3372 4353 :
3413 4313 3503 4359 ea,

246 4392 494 4461 inquam,
553 4390 642 4444 ubi
695 4390 831 4443 vidit
888 4388 1215 4458 imperator,
1272 4403 1444 4458 seque
1494 4389 1811 4443 destitutum
1895 4390 2056 4459 plane
2089 4393 2156 4445 ab
2217 4392 2497 4454 omnibus,
2534 4401 2742 4461 tergum
2769 4401 2821 4445 ct
2851 4392 2970 4461 ipse
3001 4392 3219 4446 tandem
3252 4395 3506 4449 hostibus

246 4485 419 4539 dedit.
453 4483 653 4554 Sicque
678 4482 792 4552 jam
828 4482 977 4535 omni
1011 4496 1077 4535 ex
1128 4492 1279 4550 parte
1312 4480 1493 4534 Latini
1566 4481 1726 4549 plane
1778 4481 1956 4536 fusum
2031 4485 2387 4556 fugatumque
2458 4485 2762 4538 Romanum
2819 4485 3121 4538 exercitum
3211 4500 3505 4555 perseque-

247 4580 472 4632 bantur.

326 4668 391 4721 ὐ
435 4668 491 4718 δὲ
555 4665 895 4735 Ῥομπέρτος
942 4663 1268 4718 καταλαϐὼν
1316 4666 1374 4717 τὸ
1460 4664 1681 4735 τέμενος
1738 4664 1829 4717 τοῦ

254 4759 445 4830 ’Δγίου
489 4758 781 4823 Νικολάου,
814 4757 948 4811 ὅπου
1001 4757 1151 4826 καὶὴ
1199 4757 1451 4827 βασιλικὴ
1490 4755 1685 4827 σκηνὴ,
1738 4756 1831 4809 καὶ

1932 4752 2078 4821 plum
2114 4748 2427 4817 Oerupavit,
2465 4747 2553 4800 Ulli
2588 4746 2874 4817 augustale
2900 4747 3247 4817 imperatoris
3268 4763 3506 4819 vaSaque

244 4851 435 4907 ἅπασα
467 4852 500 4918 ἠ
527 4849 699 4917 σκευὴ
730 4847 824 4900 τοῦ
866 4846 1181 4916 Ῥωμαῖκοῦ
1236 4848 1668 4919 στρατεύματος,
1697 4846 1829 4899 ὁπό-

1928 4858 1981 4901 et
2038 4843 2397 4914 supellectilia
2453 4841 2637 4895 omnia
2690 4841 2859 4895 totius
2922 4842 3198 4896 exercitus
3270 4840 3504 4897 Romani

246 4960 375 5007 σους
399 4942 673 5003 εὐσθενεῖς
706 4937 818 5010 εἶχε
843 4939 935 4991 τὸν
964 4938 1189 5009 βασιλέα
1211 4939 1427 4992 διώκειν
1450 4939 1825 5007 ὲκπέπομφεν,

1932 4945 2109 4995 erant,
2143 4948 2281 5000 quos
2311 4929 2711 4984 valentissimos
2750 4929 2805 5000 in
2848 4928 2963 4983 suis
3000 4930 3277 4985 universis
3315 4932 3505 4985 habuit

245 5034 411 5087 αὑτοῦ
447 5050 550 5086 που
588 5032 747 5094 αὐτὸς
780 5032 1128 5101 ὲγκαρτερὼν
1169 5030 1575 5098 φανταζόμενος
1602 5028 1698 5101 τὴν
1735 5028 1825 5081 τοῦ

1936 5027 2107 5095 eupiis
2140 5024 2204 5077 al
2238 5028 2615 5093 imperatorem
2646 5021 3042 5090 insequendum
3067 5022 3508 5093 capiendumque

244 5126 646 5196 αὐτοκράτορος
701 5124 1049 5192 κατάσχεσιν.
1110 5122 1353 5176 Τοιοῦτοι
1414 5122 1521 5191 γὰρ
1572 5122 1825 5191 λογισμοὶ

1934 5122 2107 5183 misit,
2196 5118 2309 5187 ipse
2370 5114 2589 5170 interim
2640 5112 2841 5168 ibidem
2900 5113 3190 5182 opperiens
3256 5122 3505 5184 Optatqu

247 5219 439 5273 τούτου
470 5218 529 5271 τὸ
554 5218 863 5287 ὑπέρογκον
907 5214 1159 5278 ἐξέκαιον
1202 5217 1482 5285 φρόνημα.
1530 5216 1592 5266 Ol
1642 5214 1699 5266 δὲ
1743 5214 1831 5267 εὑ-

1942 5212 2219 5274 nuntium,
2256 5215 2650 5277 speratumquc
2705 5211 3061 5274 conspectum
3098 5204 3330 5276 Augusti
3373 5221 3507 5275 cap-

2004 4661 2071 4711 At
2107 4657 2378 4710 Rohertus
2410 4664 2696 4725 postquam
2747 4656 2861 4725 ipse
2905 4654 3090 4711 Sancti
3125 4655 3335 4711 Nicolai
3366 4666 3507 4713 tem-

1283 5368 1808 5431 Varitelectioncs
1841 5386 1915 5429 ex
1940 5368 2083 5430 cod.
2120 5367 2390 5432 Coislin.

318 5479 441 5513 ⁶³·⁹⁸
463 5476 796 5549 διοχλοῧσαν.
874 5476 918 5507 ’⁸
940 5474 1122 5530 τόπον.
1198 5474 1242 5505 ’⁷
1275 5474 1501 5541 ταυτην.
1586 5472 1629 5503 ⁸⁸
1661 5470 1824 5527 Deest

1922 5470 2040 5526 cula
2064 5471 2161 5529 ὡς.

1324 5589 1467 5652 Car.
1503 5586 1832 5649 Dufresaii
1861 5589 1958 5648 Du
1990 5587 2209 5663 Cangii
2252 5594 2436 5649 notaa.

323 5747 462 5819 (96°)
498 5747 817 5816 Τούρκους.
843 5741 1053 5801 Turcos
1080 5743 1185 5798 hoc
1217 5742 1271 5795 in
1321 5736 1467 5793 bello
1516 5736 1709 5790 Alexio
1745 5734 2015 5789 militasse
2043 5744 2237 5789 auctor
2261 5742 2344 5785 est
2382 5742 2648 5804 praeterea
2683 5734 2852 5793 Gttill.
2882 5736 3222 5809 Apuliensis.

1075 5837 1216 5893 Pars
1244 5853 1448 5908 quoque
1482 5834 1775 5889 Tartarum
1800 5848 1917 5886 cum
1953 5828 2158 5887 Curris
2182 5832 2357 5887 interit
2385 5834 2587 5905 iugem.
