3830 6630
209 568 292 634 369
367 542 377 551 ’
1408 562 1715 625 ALEXlA]

1819 564 1827 616 ὶ
1876 562 2024 623 LIB.
2055 562 2155 624 IV.

3298 572 3402 635 370

206 678 390 739 καὶτῶν
413 673 603 747 χειρῶν
633 674 840 730 τούτων
888 676 1168 742 ἐξέπεσον,
1203 675 1273 730 τὰ
1318 676 1375 730 δὲ
1413 678 1715 746 διαπεπαρ-

1827 674 2044 745 culique
2107 674 2326 744 plenum
2385 675 2759 746 spectaculum
2817 677 3029 733 exstitit
3079 678 3295 735 loricati
3347 683 3403 736 in

204 774 314 847 μένα
338 772 433 831 τοῖς
465 767 655 838 μέρεσι
684 767 777 820 τού
810 769 1117 838 ὲσθήματος
1162 770 1255 821 τοῦ
1290 768 1555 839 βασιλέως
1595 768 1722 820 ἐνα-

200 861 501 934 πομείναντα,
559 857 994 928 μετεωρισθέντα
1023 858 1101 928 τῷ
1153 859 1305 930 ἵππῳ
1333 855 1727 930 συνηκολούθη-

205 973 298 1012 σαν.
353 954 406 1005 '0
444 952 497 1005 δὲ
548 951 712 1013 εὐθὺς
735 951 1123 1005 ἀποκόπτειτὰ
1160 951 1480 1021 ἐπαγόμενοι
1501 950 1720 1022 δόρατα,

196 1049 273 1103 καὶ
294 1046 401 1098 οὔτε
454 1042 818 1114 τεθορύϐηται
864 1044 961 1113 τὴν
993 1043 1172 1115 ψυχὴν
1214 1046 1271 1097 ἐν
1298 1044 1581 1107 τοσούτοις
1609 1042 1723 1095 δει-

196 1144 282 1203 νοῖς
313 1136 592 1197 καταστὰς,
638 1134 762 1188 οὔτε
817 1134 1159 1205 συνεθολώθη
1225 1137 1351 1198 τοὺς
1404 1135 1721 1205 λογισμοὺς,

194 1232 303 1286 ἀλλὰ
318 1229 439 1299 ταχὺ
475 1226 568 1280 τοῦ
602 1227 941 1291 συνοίσοντος
974 1227 1208 1296 γίνεται,
1264 1230 1362 1282 καὶ
1398 1228 1458 1282 τὸ
1484 1228 1723 1298 παράδο-

193 1330 262 1394 ξον
284 1328 336 1379 ὲκ
360 1325 517 1392 μέσου
550 1323 744 1375 ἑαυτὸν
777 1326 1034 1377 ποιεῖται.
1072 1324 1133 1376 Οἱ
1164 1324 1221 1376 δέ
1247 1340 1306 1389 γε
1330 1322 1432 1374 Κελ
1445 1323 1527 1373 τοὶ
1554 1339 1722 1391 κεχη-

186 1414 683 1483 νότεςεῐστήκεσαν,
734 1414 796 1466 τδ
846 1414 1067 1484 γεγονὸς
1115 1415 1588 1483 ἐκπληττόμενον
1629 1414 1725 1465 καὶ

185 1514 273 1581 γὰρ
304 1506 363 1581 ἦν
407 1507 726 1576 ἐκπλήξεως
749 1508 921 1573 ἄξιον·
965 1507 1291 1587 θεασάμενοι
1327 1506 1384 1559 δὲ
1415 1506 1606 1559 τοῦτον
1640 1506 1722 1571 ἐφ’

183 1605 344 1673 ἑτέραν
367 1602 664 1671 τραπέντα,
699 1602 789 1652 καὶ
814 1599 970 1662 αὖθις
1003 1600 1253 1653 ἐδίωκον.
1283 1598 1342 1651 Ὀ
1374 1598 1453 1662 δὲ,
1476 1597 1722 1651 ὲπὶπολῦ

181 1695 296 1749 νῶτα
314 1696 409 1756 τοῖς
441 1692 836 1762 μεταδιώκουσι
870 1690 1232 1760 στρατιώταις
1261 1690 1456 1756 διδοὺς,
1484 1691 1722 1759 στρένζας

176 1786 249 1839 τὸν
262 1785 343 1856 χαὶ
357 1785 456 1836 ινὶν
471 1786 565 1837 καὶ
592 1786 927 1855 συναντήσας
947 1784 1026 1837 ἑνὶ
1046 1784 1153 1836 τῶν
1172 1782 1497 1846 διωκόντων,
1518 1782 1726 1836 διελαύ-

176 1898 240 1933 νει
254 1880 303 1932 τὸ
318 1879 431 1946 δόρυ
445 1879 560 1939 τοῖς
579 1878 840 1947 στέρνοις.
861 1876 917 1927 ’0
935 1875 989 1929 δὲ
1008 1876 1305 1943 τηνικαῦτα
1325 1876 1403 1935 εἰς
1421 1875 1519 1944 γῆν
1536 1874 1723 1939 ὕπτιος

170 1972 335 2025 ἔκειτο.
362 1970 417 2020 Ὀ
435 1968 491 2021 δὲ
516 1968 790 2038 βασιλεὺς,
806 1965 957 2031 αὖθις
978 1969 1073 2029 τὰς
1088 1969 1244 2038 ἡνίας
1267 1968 1525 2039 στρέψας,
1546 1970 1721 2039 εἴχετο

1826 782 1970 835 equo
2037 766 2386 837 imperatoris
2457 770 2677 839 appetiti
2752 772 2996 841 undique
3048 775 3406 830 mucronibus

1829 859 2134 919 hastarum,
2182 867 2235 912 et
2268 873 2456 914 earum
2512 863 2663 916 vario
2713 878 2771 918 se
2819 873 3015 919 mutuo
3070 877 3406 936 temperante.

1826 951 2063 1020 impulsu
2101 950 2175 1005 ita
2216 951 2420 1015 librati,
2454 962 2513 1008 ut
2547 954 2692 1008 nulla
2728 971 2785 1011 re
2816 957 2921 1010 alia
2950 974 3114 1028 quam
3153 961 3407 1015 multitu-

1825 1042 2025 1096 dinein
2068 1043 2281 1096 ruinam
2312 1045 2622 1115 urgentium
2666 1057 2890 1103 erectus
2940 1058 3137 1106 staret.
3180 1051 3317 1106 Cum
3359 1052 3404 1106 is

1826 1144 2006 1189 autem
2067 1137 2158 1190 tali
2214 1139 2508 1192 occasione
2558 1149 2779 1195 strenue
2821 1151 2979 1196 utens
3014 1159 3135 1199 sese
3184 1145 3238 1199 in
3276 1144 3405 1200 sede

1825 1231 2035 1284 certius
2072 1228 2369 1293 firmasset,
2422 1231 2790 1302 restitutaque
2828 1233 2882 1287 in
2940 1235 3184 1290 debitum
3224 1238 3402 1291 locum

1824 1319 2141 1390 ephestride
2211 1322 2336 1391 equi
2404 1322 2651 1376 habenas
2704 1328 2995 1393 angustius
3052 1339 3405 1394 compescens

1824 1412 1933 1465 alte
1971 1410 2312 1475 adduxisset,
2345 1428 2644 1480 generosus
2686 1418 2913 1486 sonipes
2948 1425 3141 1470 natura
3172 1418 3399 1484 prmfcr-

1824 1500 2001 1563 vidus,
2038 1511 2092 1555 et
2122 1502 2293 1557 firmis
2327 1504 2606 1567 cruribus,
2657 1504 2930 1575 planeque
2987 1517 3148 1576 aptus
3182 1508 3247 1561 ad
3310 1524 3405 1562 co-

1825 1601 1984 1647 natus
2013 1592 2292 1648 circenses
2325 1598 2686 1665 martiosque,
2717 1612 2823 1650 nou
2854 1599 3019 1652 modo
3048 1614 3105 1653 se
3134 1600 3187 1652 in
3222 1610 3406 1669 poste-

1824 1686 1999 1740 riores
2077 1688 2310 1757 ungulas
2385 1689 2599 1753 erexit,
2679 1706 2870 1745 verum
2951 1693 3116 1746 etiam
3200 1693 3405 1763 impetu

1825 1789 2117 1850 concepto,
2142 1782 2339 1836 saltum
2362 1782 2681 1850 expediens,
2712 1799 2833 1839 sese
2856 1787 3207 1857 equitemque
3236 1804 3405 1842 suum

1825 1875 1879 1929 iu
1918 1886 2081 1943 petrae
2114 1877 2445 1947 adjacentis,
2472 1879 2630 1946 cuius
2667 1881 2832 1936 modo
2865 1884 3245 1946 meminimus,
3280 1898 3403 1935 ver-

1826 1967 1987 2022 ticem
2043 1969 2215 2024 instar
2272 1971 2461 2039 Pegasi
2523 1974 2808 2041 cujusdam
2875 1976 3116 2031 volueris
3179 1976 3399 2031 extulit.

169 2064 249 2131 τῆς
267 2062 523 2132 προτέρας
544 2060 686 2115 ὁδοῦ.
707 2062 952 2131 Συναντᾷ
968 2061 1146 2113 τοίνυν
1168 2062 1273 2113 ἀπὸ
1286 2063 1391 2113 τῶν
1408 2060 1715 2132 ἔμπροσθεν

1824 2060 2120 2116 Dicebatur
2175 2062 2220 2117 is
2257 2080 2435 2130 equus
2468 2063 2744 2130 Guritzcs,
2794 2069 2940 2136 quod
2999 2084 3198 2123 nomen
3245 2082 3403 2122 acce-

165 2156 432 2209 διωκόντων
461 2155 565 2216 τὰς
609 2155 925 2223 Ῥωμαϊκὰς
950 2154 1207 2225 δυνάμεις
1232 2154 1456 2216 Κελτοῖς
1487 2148 1586 2207 οὐκ
1605 2154 1717 2207 ὀλί-

166 2264 277 2317 γοις
302 2250 345 2301 οἱ
366 2248 441 2313 δὲ,
466 2246 957 2317 πόρρωθεειτοῖτον
984 2247 1304 2316 θεασάμενοι
1326 2249 1716 2317 συνησπικότες

160 2342 385 2412 ἔστησαν,
422 2342 555 2403 τούς
590 2360 647 2393 τε
688 2343 887 2403 ἵππους
940 2340 1209 2411 ἀναψύξαι
1233 2340 1566 2411 βουλόμενοι,
1599 2342 1716 2411 ἅμα

159 2433 302 2489 δὲκαὶ
329 2433 619 2503 ζωγρῆσαι
647 2432 838 2485 τοῦτον
874 2433 1178 2495 ἐθέλοντες.
1206 2433 1503 2485 κάντεῦθεν
1526 2432 1716 2504 ὥσπερ

158 2546 199 2582 τι
224 2527 448 2597 λὰςυρον
478 2526 564 2597 τῷ
609 2526 935 2598 Ῥομπέρτῳ
968 2526 1212 2596 κομίσαι.
1269 2527 1325 2579 ’0
1370 2525 1425 2578 δὲ
1468 2526 1583 2591 ἅμα
1618 2525 1716 2594 μὲν

154 2621 258 2684 τοὺς
294 2618 523 2671 ὄπισθεν
576 2618 796 2687 φεύγων
829 2619 1148 2683 διώκοντας,
1207 2619 1299 2670 καὶ
1345 2621 1471 2680 τοὺς
1510 2617 1717 2685 ἐμπρο-

154 2710 260 2763 σθεν
280 2710 642 2780 θεασάμενος,
666 2711 979 2779 ἀπεγνώκει
1021 2714 1119 2773 τὰς
1146 2711 1423 2774 σωζούσας
1459 2711 1706 2773 ἐλπίδας.

153 2798 536 2869 Συῦεξάμενος
582 2801 635 2852 δὲ
676 2801 891 2865 ἑαυτὸν,
916 2801 1010 2853 ἐπὶ
1045 2802 1151 2853 τῶν
1188 2802 1360 2855 ἄλλων
1404 2803 1564 2869 μέσον
1594 2802 1715 2855 τινὰ

149 2890 378 2945 ἐθεάσατο
431 2892 552 2945 ἀπό
590 2910 650 2946 τε
695 2894 787 2946 τοῦ
845 2893 1093 2963 σώματος
1122 2895 1216 2948 καὶ
1274 2896 1372 2965 τῆς
1400 2896 1505 2948 τῶν
1537 2896 1715 2948 ὃπλων

144 2984 551 3056 ἀποπιλλομένη
559 3004 584 3048 ς
603 2985 797 3056 αἴγλης
815 2987 906 3039 τὸν
939 2985 1144 3056 Ῥόμπε
1156 3004 1275 3057 ρτον
1295 2984 1435 3040 εἶναι
1462 2987 1713 3055 νομίσας,

146 3079 475 3147 καταστήσας
508 3078 612 3130 ⁸τὸν
647 3080 814 3130 ἵππον
846 3077 967 3131 κατ’
1005 3078 1169 3132 αὐτοῦ
1200 3080 1443 3150 φέρεται⁹
1468 3081 1713 3142 κάκεῖνος

138 3165 401 3217 δ’ἑκεῖθεν
464 3167 615 3236 πρὸς
677 3167 844 3219 αὐτὸν
892 3168 952 3220 τὸ
994 3167 1120 3236 δόρυ
1175 3168 1428 3230 εὐθύνας,
1476 3169 1567 3219 καὶ
1616 3168 1714 3238 μέν

139 3276 205 3310 τοι
240 3277 299 3327 γε
330 3263 425 3314 καὶ
459 3260 861 3323 συνελάσαντες
896 3260 1064 3330 ἄμφω
1088 3262 1226 3314 κατὰ
1267 3261 1327 3314 τὸ
1366 3261 1711 3330 μεσαξχμιον,

137 3352 237 3402 κατ’
267 3351 561 3421 ἀλλήλλων
616 3353 818 3407 ἵενται.
877 3353 1151 3423 Πρότερον
1184 3352 1238 3404 δὲ
1270 3353 1297 3404 ό
1354 3352 1711 3421 αὐτοκράτωρ
1738 3377 1783 3432 C

136 3442 356 3508 διιθύνας
396 3444 501 3511 τὴν
562 3448 721 3516 χεῖρα
765 3445 913 3499 παίει
963 3443 1156 3498 τοῦτον
1180 3445 1267 3498 διὰ
1314 3444 1405 3497 τοῦ
1441 3446 1664 3514 δόρατος
1691 3463 1705 3475 ’

132 3539 181 3588 τὸ
196 3538 245 3590 δὲ
271 3540 502 3592 αὐτόθεν
536 3540 629 3592 διὰ
658 3540 765 3593 τῶν
801 3540 989 3611 μαζῶν
1016 3542 1096 3604 εἰς
1124 3542 1192 3593 τὰ
1226 3540 1536 3609 μετάφρενα
1562 3539 1709 3593 διεκ-

136 3630 373 3685 ϐάλλεται
412 3672 427 3686 .
472 3634 595 3686 Καὶ
624 3633 713 3686 τὸν
751 3636 854 3704 μὲν
893 3634 1170 3705 βάρϐαρον
1208 3635 1405 3688 αὐτίκα
1432 3626 1577 3704 εἶχεν
1603 3637 1708 3702 γῆ·

132 3723 271 3786 εὐθὺς
300 3724 412 3794 γὰρ
439 3724 646 3778 τοῦτον
675 3725 884 3794 ἀφῆκεν
910 3726 1000 3777 καὶ
1035 3727 1067 3795 ή
1092 3725 1259 3796 ψυχὴ,
1312 3726 1408 3795 τῆς
1455 3724 1710 3795 τρώσεως

134 3817 332 3885 καιρίας
361 3818 782 3886 γεγενημένης.
823 3818 940 3870 Καὶ·
985 3818 1079 3870 τοῦ
1138 3816 1327 3870 λοιποῦ
1369 3819 1396 3869 ὁ
1430 3818 1705 3888 βασιλεὺς,

125 3907 530 3977 διασχισθείσης
573 3910 670 3975 τῆς
706 3907 1012 3975 φάλαγγος,
1037 3907 1123 3961 διὰ
1143 3908 1323 3977 μέσων
1341 3908 1519 3961 αὐτῶν
1551 3907 1706 3972 ὲξιπ⁸

130 3997 345 4058 πάσατο,
378 4000 587 4052 ἄδειαν
634 3999 785 4070 αὑτῷ
831 4000 1206 4070 ἐφευράμενος
1236 4000 1332 4070 τὴν
1366 4000 1579 4070 σφαγὴν
1615 3998 1709 4053 τοῦ

127 4090 390 4161 βαρϐάρου
420 4093 661 4146 τούτου.
701 4093 762 4145 Ol
796 4090 840 4144 δ’
878 4093 1039 4156 εὐθὺς
1068 4093 1158 4145 τὸν
1179 4093 1459 4162 τρωθέντα
1493 4095 1572 4157 εἰς
1605 4093 1709 4163 γῆν

128 4185 450 4254 ἐρριμμένον
485 4186 854 4255 θεασάμενοι,
877 4186 1261 4255 περιχυθέντες
1287 4186 1547 4254 κειμένῳ,
1580 4186 1709 4255 περὶΙ

125 4271 277 4323 αὑτὸν
323 4272 716 4327 διεπονοῦντο.
772 4275 882 4328 Καὶ
924 4277 974 4326 ol
1001 4274 1227 4327 ὄπισθεν
1259 4275 1278 4306 ⁷
1331 4275 1422 4328 τὸν
1487 4276 1709 4347 βασιλέα

119 4363 417 4431 διώκοντες,
446 4367 687 4430 τούτους
705 4367 1051 4437 θεασάμενοι,
1072 4368 1375 4432 ἀποϐάντες
1396 4369 1504 4421 τῶν
1523 4369 1707 4423 ἵππων

117 4457 199 4510 καὶ
216 4461 619 4529 γνωρίσαντες
668 4460 762 4513 τὸν
795 4461 985 4530 ἄνδρα,
1014 4461 1312 4515 ἐκόπτοντο
1340 4462 1705 4527 ὀλολύζοντες.

126 4547 255 4601 ¹Αλλ’
284 4552 311 4603 ὁ
354 4551 451 4603 Ῥό
464 4566 720 4622 μπερτος
757 4551 858 4620 μὲν
886 4551 989 4603 οὐκ
1017 4546 1109 4621 ἦν,
1146 4552 1333 4617 ἕτερος
1361 4550 1417 4603 δὲ
1447 4552 1553 4604 τῶν
1584 4553 1708 4605 ἐπι-

114 4642 283 4707 φανῶν
316 4643 422 4697 καὶ
453 4645 487 4698 ό
508 4643 708 4696 τούτου
749 4643 1022 4713 δεύτερος.
1089 4644 1308 4697 Τούτων
1360 4643 1418 4696 δὲ
1445 4644 1705 4713 ἀσχολου-

1821 2163 1976 2223 perat
2007 2166 2035 2205 a
2074 2151 2240 2221 priori
2280 2153 2504 2207 domino
2542 2155 2836 2226 Bryennio.
2864 2158 2961 2213 llic
2992 2159 3135 2212 enim
3172 2159 3289 2227 ipse
3317 2166 3402 2212 est

1821 2259 1981 2314 quem
2016 2245 2330 2311 insignibus
2360 2247 2744 2317 imperialibus
2778 2267 2840 2305 ac
2868 2253 3163 2322 purpureis
3210 2254 3400 2321 phale-

1821 2336 1897 2391 ris
1928 2348 2179 2391 ornatum
2215 2335 2440 2392 Alexius
2492 2339 2540 2391 in
2581 2340 2767 2409 prmlio
2796 2349 2991 2395 contra
3042 2342 3399 2412 Bryennimn,

1821 2427 2125 2498 imperante
2161 2428 2341 2484 adhuc
2371 2429 2656 2486 Botauiate
2680 2431 3013 2504 Nicepltoro,
3055 2446 3116 2490 ut
3146 2440 3402 2506 superius

1822 2522 2188 2586 narravimus,
2213 2534 2456 2592 ceperat.
2508 2522 2778 2580 Caeterum
2813 2539 3253 2599 quantaecunque
3281 2532 3402 2599 ejus

1819 2615 1944 2682 equi
1978 2614 2123 2669 vires
2155 2624 2336 2677 erant,
2371 2632 2720 2687 nequaquam
2771 2617 2822 2671 id
2877 2621 2997 2673 sine
3030 2621 3230 2676 divina:
3272 2639 3400 2692 erga

1819 2704 2073 2759 Alexium
2132 2708 2491 2776 providentia:
2541 2713 2800 2780 przesenti
2856 2728 2959 2781 ope
3028 2713 3401 2779 miraculoque

1822 2798 2119 2852 manifesto
2152 2800 2395 2868 potuisse
2454 2810 2583 2856 tunc
2620 2803 2843 2872 quidem
2888 2806 3040 2858 visus
3079 2817 3184 2860 est.
3221 2804 3400 2861 llastze

1820 2904 1989 2959 porro
2017 2888 2416 2958 Barbarorum,
2462 2896 2659 2964 partim
2698 2896 2816 2963 ipso
2858 2897 3057 2965 equitis
3094 2913 3253 2963 quem
3308 2916 3401 2951 ux-

1821 2984 2019 3051 gebant
2043 2983 2314 3039 evulaulis
2342 2986 2547 3055 impetu
2573 3003 2821 3042 excussae
2840 2988 2907 3043 de
2933 2990 3187 3045 manibus
3212 3001 3402 3045 tenen-

1819 3074 1954 3125 tium
2008 3075 2359 3142 cflluxerunt,
2422 3078 2621 3145 partim
2676 3078 2860 3132 infixa:
2914 3081 3084 3134 vallis
3148 3083 3400 3151 partibus

1819 3164 2303 3232 imperatoriarum
2345 3168 2579 3222 vestium
2614 3168 2794 3238 ipsum
2846 3170 3233 3239 imperatorem
3278 3191 3398 3229 sese

1819 3256 1873 3309 in
1905 3257 2073 3310 altum
2112 3256 2457 3325 efferentem,
2512 3261 2639 3328 equi
2697 3261 2955 3316 similiter
3009 3275 3174 3333 rapta)
3228 3268 3395 3328 saltu,

1817 3359 2129 3404 consecuta:
2170 3359 2321 3404 sunt.
2354 3350 2501 3417 Quas
2534 3352 2718 3407 statim
2778 3352 3061 3423 Augustus
3096 3370 3221 3408 cum
3264 3356 3396 3424 ipsis

1818 3442 1961 3495 unde
2001 3442 2316 3509 pendebant
2346 3446 2579 3499 vesxium
2618 3445 2835 3500 laciniis
2864 3447 3124 3502 abscidit.
3162 3448 3396 3519 Moxque

1817 3535 1963 3585 nulla
2020 3536 2436 3603 perturbatione
2494 3538 2695 3593 mentis
2758 3539 2813 3592 in
2873 3542 3039 3595 tantis
3072 3542 3253 3604 malis,
3304 3552 3397 3595 aut

1814 3625 2033 3680 turbida
2093 3628 2487 3683 incertltudine
2558 3631 2801 3696 consilii,
2860 3632 3047 3687 statim
3098 3635 3397 3703 expediens

1814 3720 1945 3789 quid
1977 3718 2119 3773 facto
2149 3731 2298 3774 esset
2352 3737 2510 3789 opus,
2565 3738 2625 3777 se
2677 3724 3005 3778 mirabiliter
3058 3726 3181 3779 inde
3222 3732 3397 3796 prori-

1814 3814 1965 3881 puit:
1997 3811 2167 3866 Gallis
2195 3813 2472 3866 iubianter
2489 3814 2696 3868 circum
2724 3817 3191 3885 suspectautibus,
3215 3817 3395 3873 incre-

1812 3905 2078 3974 dibilique
2105 3913 2326 3974 stupore
2362 3906 2650 3974 perculsis.
2681 3906 2744 3960 Et
2778 3917 2896 3962 erat
2925 3911 3179 3979 stupendi
3199 3926 3389 3965 causa.

1813 3993 1937 4048 Mox
1967 3994 2074 4047 alio
2109 3994 2301 4064 procul
2337 3994 2537 4049 itinere
2579 3995 2879 4065 fugientem
2932 4000 3241 4066 conspicati
3277 4008 3393 4053 tote

1814 4103 2010 4143 rursus
2050 4087 2421 4155 insequuntur
2458 4089 2698 4158 impetu;
2745 4105 2976 4159 quorum
3021 4093 3255 4160 strepitu
3311 4093 3390 4147 in-

1812 4182 2074 4236 stantium
2128 4180 2429 4250 imperator
2460 4181 2801 4245 admonitus,
2839 4182 2930 4235 ubi
2965 4192 3138 4239 tracta
3172 4186 3224 4238 in
3270 4185 3390 4241 lon-

1811 4288 1937 4341 gum
1964 4272 2091 4345 fuga
2121 4287 2351 4326 securos
2384 4273 2615 4341 periculi
2647 4273 2887 4328 victores
2917 4272 3144 4340 fecerat,
3166 4285 3389 4346 repente

1809 4366 1985 4422 versis
2036 4365 2263 4419 habenis
2323 4381 2491 4419 unum
2550 4365 2981 4435 insequentium,
3035 4383 3194 4437 quem
3252 4370 3390 4423 forte

1811 4460 2052 4530 primum
2119 4459 2340 4515 obvium
2400 4458 2618 4522 habuit,
2692 4460 2850 4513 basta
2912 4462 3387 4525 transverberatis,

1809 4553 2042 4607 adverso
2068 4559 2308 4621 pectore,
2343 4551 2604 4620 supinum
2629 4550 2815 4619 dejicit
2841 4551 2894 4605 in
2930 4560 3160 4607 terram.
3183 4553 3388 4622 Sicque

1811 4658 2078 4701 converso
2114 4645 2313 4698 iterum
2339 4657 2485 4711 equo
2514 4642 2697 4711 priore
2734 4644 2821 4696 via
2855 4645 3147 4698 continuat
3177 4644 3383 4713 fugam.

116 4733 300 4800 μένων,
370 4738 402 4789 6
451 4735 725 4807 βασιλεὺς
756 4736 850 4789 ἐπὶ
875 4737 943 4789 τὰ
975 4736 1160 4804 πρόσω
1184 4736 1282 4806 τὴν
1318 4737 1547 4807 πορείαν
1580 4739 1705 4791 ἐπει

1819 4737 1889 4793 Eo
1916 4738 2112 4792 itinere
2146 4736 2309 4805 paulo
2340 4745 2463 4805 post
2499 4733 2691 4790 incidit
2724 4733 2777 4788 in
2805 4734 3072 4803 quasdam
3103 4736 3384 4791 Gallorum

107 4828 307 4913 πυέητο.
1813 4830 2069 4886 cohortes
2119 4843 2239 4898 qua:
2304 4827 2586 4882 Romanos
2644 4836 2950 4896 persecuta:
3008 4826 3277 4913 fugientes
3330 4826 3383 4880 in

108 4896 276 4980 castra
313 4927 602 4983 victrices
625 4926 897 4982 redibant.
937 4925 1000 4981 lli
1032 4927 1151 4982 viso
1182 4929 1371 4998 procul
1401 4928 1700 5000 agnitoque
1741 4930 1991 4998 Augusto
2022 4926 2222 4981 ibidem
2257 4923 2309 4978 in
2343 4924 2657 4987 viamedia,
2693 4939 2797 4992 qua
2861 4924 3207 4979 neces~arius
3268 4934 3385 4979 erat

106 5020 388 5083 transitus,
426 5018 766 5086 conglobati
798 5019 1087 5088 scutisque
1115 5018 1429 5074 commissis
1472 5027 1528 5074 et
1560 5020 1795 5075 invicem
1833 5017 2108 5074 consertis
2132 5024 2477 5086 exspectant,
2534 5032 2642 5085 quo
2710 5015 2936 5084 etequis
3000 5015 3161 5083 longo
3221 5031 3382 5071 cursu

106 5107 253 5165 fessis
290 5112 527 5183 aliquid
583 5110 879 5166 laxamenti
912 5108 1125 5165 modica
1182 5111 1375 5181 requie
1454 5112 1523 5165 ad
1596 5127 1770 5166 novos
1810 5118 2047 5167 conatus
2089 5110 2311 5175 darent,
2352 5117 2405 5163 et
2434 5108 2843 5175 imperatorem,
2872 5122 3032 5176 quem
3066 5108 3244 5161 vivum
3288 5125 3383 5165 ca-

104 5218 218 5269 pere
252 5207 459 5276 potius
493 5221 672 5277 quam
702 5206 928 5260 incursu
970 5206 1225 5261 occidere
1260 5208 1504 5272 mallent,
1545 5207 1689 5262 haud
1731 5205 1907 5277 ignari
1982 5220 2147 5273 quam
2206 5214 2424 5274 gratum
2480 5204 2531 5257 id
2608 5201 2845 5257 Roberto
2894 5216 3094 5262 munus
3145 5203 3382 5263 oblaturj

100 5304 293 5363 essent,
331 5301 421 5354 sic
459 5300 677 5353 melius
710 5298 1019 5369 redigerent
1053 5300 1106 5353 in
1145 5308 1493 5367 potestatem.
1548 5300 1689 5354 Tum
1767 5300 2053 5355 enimvero
2119 5298 2419 5365 imperator
2451 5297 2543 5367 qui
2584 5303 2665 5349 tot
2706 5310 2735 5347 a
2784 5302 2937 5365 tergo
2973 5295 3381 5365 insequentium

101 5390 331 5448 hostium
365 5392 658 5447 infestum
693 5393 955 5462 impetum
996 5396 1083 5447 vix
1133 5409 1196 5449 ac
1225 5410 1294 5449 ne
1339 5398 1427 5449 vix
1476 5396 1701 5466 quidem
1741 5395 2071 5466 jamdudum
2096 5393 2483 5457 frustraretur,
2520 5394 2661 5447 alios
2739 5408 2959 5462 quoque
3028 5406 3381 5450 occurrentes

99 5485 325 5541 afronte
380 5503 666 5552 cernens,
731 5488 890 5557 plane
935 5499 1116 5544 actum
1168 5492 1380 5558 putavit
1437 5492 1599 5561 120
1663 5492 1731 5546 de
1772 5494 1952 5547 salute
1982 5506 2109 5547 sua.
2173 5489 2341 5558 Ergo,
2372 5488 2518 5558 quod
2548 5504 2716 5542 llllllm
2747 5499 3059 5558 supererat,
3094 5493 3380 5546 honestam

95 5593 184 5634 nec
232 5579 494 5634 inultam
558 5578 822 5636 affectans
867 5593 1133 5649 mortem,
1191 5597 1479 5655 postquam
1537 5586 1685 5640 brevi
1728 5587 1908 5655 spatio
1937 5600 2062 5639 sese
2098 5584 2339 5653 collegit,
2420 5584 2473 5636 in
2511 5582 2822 5638 confertam
2866 5592 3091 5653 repente
3156 5586 3384 5641 obstan-

100 5671 221 5725 tium
253 5673 506 5726 turbam
554 5670 765 5740 irruit;
811 5675 1165 5747 mediumque
1230 5678 1477 5747 ipsorum
1518 5679 1785 5734 sublime
1822 5687 2133 5736 exstantem
2169 5674 2614 5731 animadvertens
2644 5679 2958 5749 quempiam
3009 5691 3120 5733 tum
3193 5694 3222 5732 a
3269 5690 3382 5733 sta-

100 5774 221 5820 tura
265 5763 473 5827 modo,
572 5772 685 5817 tum
738 5780 766 5817 a
825 5764 1039 5836 fulgore
1084 5785 1366 5825 armorum
1416 5771 1737 5843 suspicatus
1811 5770 2116 5827 llobertum
2178 5783 2321 5832 esse,
2376 5768 2556 5839 ipsum
2599 5779 2749 5823 ret-ta
2810 5771 2961 5840 petit.
3022 5771 3192 5836 Quem
3241 5771 3381 5827 alter

99 5870 285 5927 magno
321 5858 547 5912 animo
580 5865 942 5930 protentaque
973 5861 1129 5918 hasta
1164 5880 1230 5921 ex
1263 5864 1498 5920 adverso
1551 5865 1805 5919 similiter
1834 5862 2068 5918 invadit.
2103 5860 2184 5915 Eo
2256 5861 2546 5932 utriusque
2613 5878 2780 5917 cursu
2845 5862 3084 5917 medium
3138 5862 3403 5932 spatium,

1167 5982 1369 6045 Varia)
1411 5982 1716 6047 lectiones
1760 5999 1838 6046 ex
1872 5982 2012 6047 cod.
2059 5979 2321 6045 Coislin.

157 6058 179 6089 ν
204 6060 449 6114 ὄπισθεν
485 6057 578 6114 δέ.
