3830 6580
164 397 253 460 393

1370 382 1785 445 ALEXIADIS
1814 383 1961 445 LIB.
1988 384 2056 444 V.

3231 380 3340 446 39L

162 511 397 580 regionem
446 498 530 554 cui
575 504 833 567 prmesset
864 509 1081 553 summo
1116 494 1263 565 jure,
1311 495 1604 549 comitibus
1634 504 1689 549 et
1725 495 1881 549 lectis
1908 512 1972 549 cx
2004 480 2115 549 toto
2158 495 2403 550 exercitu
2464 494 2599 551 viris
2646 495 2699 550 in
2750 495 3037 551 consilium
3116 500 3342 559 vocatis.

82 632 87 635 ε
162 597 487 663 accersitoque
528 588 855 654 Baimuzado,
893 590 1012 659 ipse
1038 587 1105 642 ad
1165 585 1431 642 orandum
1488 586 1667 640 altiori
1711 587 1833 643 loco
1864 587 2171 649 consideus,
2197 587 2276 641 sic
2304 587 2520 643 locutus
2548 596 2631 643 est
2664 604 2681 644 :
2815 597 2821 602 ’

215 682 705 751 Οἴδατε,κόμητες,
732 681 821 733 ὅτι
855 679 961 733 τὸν
1008 680 1298 748 φίλτατόν
1355 696 1473 748 μου
1546 676 1669 730 υἱὸν

1863 678 2051 747 Scitis,
2077 680 2314 742 comites,
2346 681 2713 734 charissimam
2745 681 2917 750 ﬁlium
2945 698 3115 739 meum
3144 687 3346 754 primo-

169 778 416 847 Ῥογέρην,
442 774 539 828 zeal
588 771 970 839 πρωτότοκον
984 770 1101 824 τῶν
1129 769 1296 834 υίῶν,
1330 771 1538 837 κύριον
1566 766 1676 835 τῆς

160 874 272 943 ἐμῆς
306 870 371 924 ἐν
405 867 482 932 τῷ
511 868 653 933 πρὸς
695 865 757 919 τὸ
794 866 1124 933 Ἰλλυρικὸν
1168 864 1422 933 μέλλειν
1471 861 1677 913 διαπε-

152 966 244 1035 Pii"
269 963 590 1027 κατέστησα
617 956 828 1027 χώραςο
880 960 963 1010 Οὐ
1020 955 1127 1024 γὰρ
1198 952 1388 1021 ἐχρῆν
1428 949 1677 1003 ’ἐκεῖθεν

159 1055 551 1125 ὑποχωροῦντα,
581 1054 677 1105 zeal
697 1050 970 1104 τοιοῦτον
995 1048 1438 1117 ἀναδεχόμενον
1474 1044 1671 1113 ἔργον,

159 1151 243 1214 τὴν
267 1147 404 1200 War
428 1145 625 1213 χώραν
653 1142 791 1210 ἄτερ
847 1143 1137 1211 ἡγεμόνος
1160 1162 1165 1167 ·
1189 1139 1543 1193 καταλιπεῖν
1588 1138 1676 1199 είς

155 1236 412 1307 προνομὴν
437 1235 685 1304 ἕτοιμον
714 1234 895 1286 παντὶ
922 1232 1002 1297 τῷ
1055 1231 1438 1300 βουλομένῳ,
1484 1228 1673 1283 ἐκκεῖ-

155 1336 277 1386 σθαι.
308 1329 453 1382 Ἐπεὶ
484 1327 556 1379 δὲ
585 1330 619 1381 o'
638 1325 763 1393 ῥὴξ
838 1324 1211 1393 Ἀλαμανίας
1251 1324 1293 1355 ⁸¹
1346 1320 1673 1390 πολιορκή-

156 1438 252 1475 σων
272 1422 476 1486 ταύτην
496 1418 615 1486 ἤδη
647 1416 1111 1486 καταλαμϐάνει,
1139 1414 1256 1484 χρὴ
1293 1415 1392 1470 zeal
1446 1413 1605 1482 ἡμᾶς
1626 1414 1671 1445 ⁸³

156 1515 217 1577 ὠς
238 1513 359 1565 ἐνὸν
392 1510 619 1574 ταύτης
655 1508 1186 1577 ἀντιποιήσασθαι.
1236 1506 1390 1560 Οὐδὲ
1421 1508 1529 1574 γὰρ
1582 1505 1679 1560 δεῖ

153 1607 321 1671 ἐτέρων
344 1600 959 1670 ἐπιλαμϐανομένους,
1008 1599 1127 1653 τῶν
1162 1600 1326 1652 ἰδίων
1385 1599 1671 1665 κατερρα-

153 1694 436 1764 ωμηκέναι.
504 1693 733 1747 Λοιπὸν
762 1692 901 1762 ,ἐγὼ
948 1693 1068 1760 μὲν
1125 1692 1324 1759 ἀπειμι
1352 1688 1444 1758 ἐφ’
1481 1682 1529 1754 ᾦ
1561 1688 1671 1756 τῆς

152 1788 327 1850 σίλείιις
350 1785 544 1853 χώρας
603 1785 1114 1850 ἀντιποιήσασθαι
1170 1782 1287 1849 τὴν
1340 1783 1493 1851 πρὸς
1562 1782 1670 1836 τὸν

152 1877 444 1945 Ἆλαμανίας
478 1875 941 1946 ἀναδυσάμενος
968 1874 1195 1944 μάχην.
1244 1874 1495 1929 Τουτωνὶ
1530 1874 1577 1907 ⁸³
1600 1873 1668 1928 δέ

145 1968 304 2037 μοιτῷ
330 1967 429 2033 υίῷ
464 1968 547 2033 τῷ
574 1968 836 2035 νεωτέρῳ
881 1967 1172 2035 ἐπαφίημι
1219 1968 1289 2021 τό
1330 1983 1394 2021 τε
1440 1966 1665 2035 Δυρρά-

1778 772 2011 841 genitum
2038 769 2322 840 Rogerium
2350 788 2382 824 a
2416 788 2497 825 me
2518 788 2635 825 cum
2659 774 2711 825 in
2734 772 3014 843 Illyricum
3046 776 3343 845 trajicerem

1778 862 2128 914 constitutum
2160 861 2327 929 fuisse
2360 863 2628 914 dominum
2662 862 2881 917 ditionis
2924 864 3134 920 Italica:
3188 885 3339 925 mete.

1780 950 1905 1004 Non
1950 953 2091 1005 enim
2138 952 2412 1021 oportebat
2464 969 2545 1006 me
2584 954 2733 1007 illinc
2785 959 2853 1007 ad
2894 964 3056 1010 tanta:
3111 958 3241 1012 alete
3278 976 3345 1014 ac

1776 1044 1997 1111 periculi
2047 1047 2309 1113 negotium
2375 1044 2681 1109 solventem,
2735 1047 2903 1100 solum
2955 1052 3230 1118 proprium
3280 1068 3345 1105 ac

1775 1135 1930 1200 quasi
1953 1135 2131 1189 natale
2164 1152 2356 1198 meum,
2380 1137 2496 1189 sine
2525 1137 2741 1189 custode
2762 1154 2823 1189 ac
2840 1141 3076 1208 principe
3113 1142 3345 1211 cujusvis

1775 1229 2070 1294 expositum
2138 1230 2422 1297 cupiditati
2490 1228 2816 1297 relinquere,
2884 1233 3023 1284 uelut
3090 1245 3343 1300 paratam

1775 1320 2013 1386 pra’dam
2072 1321 2215 1373 omni
2288 1320 2471 1373 tollere
2504 1337 2724 1376 ausura.
2780 1322 3044 1386 Quoniam
3073 1341 3193 1379 vero
3248 1341 3343 1380 res:

1774 1409 2094 1474 Alamanite,
2138 1421 2194 1466 ut
2247 1414 2405 1468 certis
2438 1413 2701 1468 indicibus
2735 1418 3107 1485 comperimus,
3141 1420 3195 1472 in
3227 1436 3343 1474 eam

1774 1519 1916 1572 spem
1950 1520 2003 1558 se
2020 1506 2275 1576 accingit,
2302 1515 2353 1559 et
2378 1524 2565 1576 magno
2592 1510 2826 1563 exercitu
2856 1511 3105 1567 invadere
3126 1527 3338 1571 nostras

1772 1595 1957 1648 domos
2008 1611 2071 1649 ac
2128 1605 2324 1650 terram
2379 1606 2558 1663 parat.
2612 1599 2792 1669 utique
2838 1600 3143 1670 faciendum
3190 1605 3345 1660 nobis

1772 1697 1848 1742 est
1880 1698 1935 1740 ut
1964 1688 2079 1757 ejus
2110 1690 2385 1745 conatibus
2418 1690 2624 1746 obviam
2656 1705 2828 1748 eatur.
2865 1694 2998 1760 Quae
3032 1699 3172 1752 enim
3204 1702 3344 1753 ratio

1775 1778 1926 1844 sinit,
1956 1788 2011 1833 ut
2041 1782 2134 1849 qui
2170 1781 2357 1835 alienis
2386 1784 2722 1851 acquirendis
2755 1785 3072 1850 insistimus.
3100 1793 3348 1861 proprio-

1771 1885 1889 1924 rum
1927 1870 2200 1939 jacturam
2226 1875 2415 1942 ignava
2448 1875 2651 1930 desidia
2688 1877 2922 1945 feramus
2948 1882 2974 1935 2
3014 1880 3127 1951 Ego
3177 1885 3346 1955 igitur

1773 1962 1908 2017 hanc
1946 1966 2327 2033 spississimam
2360 1983 2530 2031 operte
2559 1981 2764 2039 partem
2793 1970 2935 2025 ultro
2966 1974 3186 2041 deposco
3213 1979 3344 2033 mihi

147 2034 267 2130 χιον,
302 2062 386 2113 καὶ
438 2060 550 2113 τὸν
585 2034 858 2123 Αὐλῶνα,
892 2034 1129 2123 καὶτὰς
1155 2061 1374 2122 λοιπὰς
1436 2034 1666 2125 πόλεις,

1772 2063 1819 2107 et
1872 2071 2065 2109 sumo:
2128 2057 2342 2122 bellum,
2401 2034 2642 2128 inquam,
2680 2078 2799 2116 cum
2855 2080 2973 2133 rege
3028 2034 3342 2125 'Alamanio:

146 2152 219 2203 zeal
256 2152 466 2217 νήσους
501 2151 656 2216 ὅσας
681 2150 919 2219 φθάσας
950 2149 1134 2213 αὐτὸς
1164 2148 1247 2215 τῷ
1295 2148 1402 2218 ’μῷ
1464 2149 1666 2219 δόρατι

144 2242 409 2309 κατέσχον.
484 2241 905 2311 Παρεγγνῶμαι
975 2241 1021 2274 ⁸⁸
1042 2242 1109 2294 δὲ
1159 2240 1303 2311 ὑμῖν
1361 2241 1461 2295 zeal
1520 2240 1669 2307 ἀξιῶ

142 2334 200 2398 ὡς
230 2334 318 2403 ἐμὲ
362 2334 587 2391 τοῦτον
615 2334 957 2404 λογίζεσθαι
995 2334 1094 2389 zeal
1122 2335 1235 2402 ὅλη
1265 2335 1415 2404 χειρὶ
1447 2334 1665 2407 [ψυχῇ]

145 2427 219 2479 zeal
253 2425 438 2496 γνώμῃ
466 2427 619 2495 ὑπὲρ
643 2425 828 2480 αὐτοῦ
859 2426 1181 2495 μάχεσθαι.
1214 2426 1327 2479 Kal
1362 2427 1463 2480 σοι
1492 2425 1563 2479 δὲ
1589 2425 1670 2491 τῷ

142 2516 355 2584 φιλτάτω
378 2534 487 2585 μοι
509 2517 863 2586 ἐπισκήπτω
888 2515 997 2581 υιῷ
1033 2517 1408 2589 (ἀποστρέψας
1438 2519 1530 2571 τὸν
1582 2518 1671 2573 λό-

144 2624 214 2674 γον
238 2608 355 2677 πρὸς
380 2610 476 2661 τὸν
510 2609 847 2679 Βαῖμούντον
877 2610 947 2681 ³³)
972 2610 1071 2665 διὰ
1110 2608 1285 2680 τιμῆς
1302 2610 1506 2679 πάσης
1527 2612 1670 2677 τοὺς

142 2701 354 2768 κόμητας
381 2701 577 2771 ἄγειν,
619 2703 720 2756 zeal
747 2705 1118 2775 συμϐούλοις
1144 2705 1213 2757 ἐν
1237 2704 1287 2737 ⁸⁸
1313 2704 1504 2761 ἅπασι
1524 2705 1668 2774 χρή-

142 2800 338 2859 caveat,
362 2795 467 2848 zeal
490 2796 577 2865 μὴ
611 2792 741 2851 οἷον
768 2797 1150 2852 ἐναυθεντεῖν
1170 2796 1305 2869 (εἰ),
1331 2798 1493 2853 ἀλλὰ
1512 2798 1667 2853 πάν-

142 2895 233 2931 των
254 2880 449 2946 αὐτοῖς
480 2883 814 2939 κοινωνεῖν.
848 2884 932 2939 Σὺ
960 2885 1028 2939 δὲ
1048 2886 1186 2941 ἀλλ’
1225 2888 1333 2955 ὅρα
1376 2887 1461 2957 μὴ
1492 2905 1671 2944 κατα-

138 2972 379 3040 μελήσεις
412 2975 457 3005 ⁸⁷
487 2975 594 3028 τὸν
639 2976 791 3031 κατὰ
824 2977 930 3031 τοῦ
985 2978 1293 3046 βασιλέως
1369 2980 1669 3049 Ῥωμαίων

138 3061 556 3130 ἀναπράξασθαι
607 3066 895 3135 πόλεμον,
948 3065 1086 3120 ἀλλ’
1119 3067 1189 3119 ἐν
1224 3068 1348 3132 ὅσῳ
1391 3068 1668 3137 μεγάλην

139 3146 286 3218 ἧτταν
317 3155 570 3221 ἡττήθη,
612 3156 709 3209 zeal
741 3156 957 3225 μικροῦ
988 3158 1290 3226 μαχαίρας
1343 3160 1521 3229 ἔργον
1552 3161 1669 3230 ἐγε-

139 3244 283 3309 γόνει,
311 3244 411 3297 zeai
446 3246 511 3297 τὸ
541 3246 701 3299 πολὺ
734 3244 849 3300 τῶν
878 3247 1067 3302 αὐτοῦ
1098 3249 1560 3318 στρατευμάτων
1586 3250 1667 3318 τῷ

1771 2158 1866 2213 ego
1902 2146 2013 2214 ipse
2037 2157 2282 2216 gesturus
2312 2150 2742 2221 toleraturusque
2777 2170 3035 2223 propero;
3068 2158 3190 2213 huic
3220 2177 3341 2215 vero

1761 2236 1969 2304 juniori
2001 2255 2114 2293 meo
2144 2241 2259 2309 ﬁlio
2307 2241 2665 2311 Dyrrachium
2696 2255 2745 2297 et
2781 2246 3039 2301 Aulonem
3088 2251 3342 2322 urbesque

1770 2345 1834 2382 ac
1884 2330 2093 2384 insulas
2129 2341 2350 2386 ceteras
2388 2350 2505 2403 qua:
2556 2334 2678 2389 belli
2724 2336 2883 2405 hujus
2941 2341 3172 2396 nondum
3219 2342 3342 2397 licet

1770 2422 1996 2489 patrati,
2024 2424 2180 2491 quasi
2213 2425 2509 2495 anticipata
2532 2428 2754 2495 pra’mia
2779 2430 2834 2481 in
2853 2430 3075 2499 pignora
3106 2434 3341 2505 reliquo-

1770 2530 1886 2567 rum
1914 2514 2032 2583 jam
2063 2515 2337 2580 habemus,
2374 2518 2635 2589 relinquo.
2663 2520 2877 2586 addico,
2912 2527 3338 2597 commendoque.

1773 2602 1925 2670 Quod
1958 2614 2014 2658 ut
2040 2620 2288 2674 prospere
2325 2608 2655 2679 feliciterque
2684 2610 2837 2665 cedat
2882 2628 2975 2668 oro
3008 2617 3342 2688 obtestorque

1769 2710 1881 2761 vos,
1916 2706 1972 2749 ut
2004 2713 2121 2751 eum
2154 2713 2256 2753 non
2296 2700 2404 2755 alio
2426 2700 2665 2757 habeatis
2696 2702 2811 2757 loco
2840 2721 2996 2775 quam
3021 2724 3105 2762 me
3130 2710 3343 2776 ipsum:

1770 2787 1846 2841 ita
1876 2796 1937 2842 ut
1970 2791 2105 2844 sicut
2136 2807 2233 2861 pro
2267 2807 2349 2845 me
2376 2792 2689 2860 fecistis,sic
2723 2811 2819 2865 pro
2842 2797 2959 2864 eius
2983 2814 3147 2853 causa
3173 2812 3333 2869 atque

1771 2881 1942 2949 capite
1973 2889 2080 2935 toto
2111 2884 2287 2936 animo
2321 2893 2531 2953 totoque
2578 2894 2791 2953 pectore
2819 2892 3165 2956 pugnandum
3192 2895 3335 2949 vobis

1769 2970 2121 3025 arbitremini.
2142 2971 2258 3026 Tibi
2278 2990 2414 3037 vero,
2436 2974 2519 3043 ﬁli
2548 2975 2886 3042 charissime,
2913 2994 3008 3046 pro
3020 2981 3146 3047 jure
3178 2992 3337 3053 atque

1771 3060 1965 3129 affectu
2018 3063 2194 3129 patrio
2248 3065 2447 3133 impero
2510 3065 2670 3135 132
2729 3072 3141 3141 commendoque
3193 3073 3336 3144 (haec

1769 3152 1959 3209 dicens
1986 3156 2193 3207 vultum
2233 3164 2285 3208 ct
2311 3155 2615 3211 orationem
2648 3159 2714 3212 ad
2750 3154 3337 3237 Balmundum'vertit)

1769 3252 1827 3297 ut
1862 3245 2007 3299 omni
2036 3246 2252 3300 honoris
2304 3255 2462 3316 atque
2495 3247 2843 3303 observantia
2877 3267 3062 3320 genere
3107 3270 3210 3323 quo
3241 3273 3342 3325 par

136 3332 330 3401 πολέμῳ
361 3336 666 3404 ἀνήλωτο.
692 3339 798 3392 Kal
824 3340 957 3407 γὰρ,
990 3341 1147 3410 φησὶ,
1197 3341 1296 3394 zeal
1320 3342 1500 3413 ἐγγὺς
1518 3340 1666 3415 ἦλθε

1772 3345 1868 3401 est,
1906 3338 2122 3391 comites
2152 3338 2514 3407 prosequaris,
2557 3339 2899 3410 consiliisque
2932 3344 3167 3411 ipsorum
3216 3357 3342 3401 tan-

137 3425 215 3477 τοῦ
248 3427 623 3496 ζωγρηθῆναι,
653 3431 750 3483 zeal
788 3431 857 3485 ἐκ
883 3432 1092 3501 μέσων
1118 3432 1235 3486 τῶν
1260 3434 1477 3503 χειρῶν
1498 3436 1667 3505 ἡμῶν

136 3524 457 3586 τραυματίας
484 3521 691 3590 ᾤχετο.
730 3523 825 3590 Μὴ
862 3523 1115 3591 ἀνήσεις
1173 3525 1346 3591 ὅλως,
1404 3527 1484 3599 μή
1541 3542 1665 3595 πως

137 3611 357 3678 ἀνέσεως
391 3614 615 3681 τυχὼν,
676 3615 955 3684 συλλέξη
984 3617 1029 3649 ⁸⁸
1054 3620 1123 3671 τό
1147 3632 1209 3671 τε
1261 3619 1496 3688 πνεῦμα
1566 3621 1664 3674 zeal

136 3707 511 3774 γενναιότερον
548 3706 585 3775 ἣ
627 3708 693 3761 τὸ
725 3710 1017 3777 πρότερον
1045 3710 1514 3780 ἀντικατασταίῃ
1543 3728 1662 3767 σοι.

140 3799 202 3849 Οὐ
222 3799 315 3867 τὰρ
362 3799 484 3853 τῶν
504 3802 1068 3869 τυχόντωνόὼθὴρ,
1122 3803 1259 3857 ἀλλ’
1327 3804 1394 3857 ἐκ
1445 3807 1665 3871 νηπίου

135 3886 189 3939 ἐν
214 3892 251 3922 ⁸³
277 3892 561 3960 πολέμοις
593 3891 690 3945 zeal
710 3892 929 3963 μάχαις
955 3894 1289 3963 ἐντραφεὶς,
1342 3894 1550 3951 πᾶσάν
1605 3914 1668 3951 τε

138 3979 226 4044 τὴν
246 3981 314 4035 ἔω
358 3984 455 4035 καὶ
517 3982 634 4049 τὴν
685 3968 952 4053 ἑσπέραν
1010 3984 1347 4054 ἐληλυθὼς,
1401 3989 1668 4055 ὁπόσους

135 4070 444 4138 ἀποστάτας
491 4073 620 4138 τοῖς
661 4074 864 4141 πρώην
918 4074 1348 4143 αὐτοκράτορσι
1416 4077 1669 4145 δορυθη-

133 4162 319 4228 βάτους
339 4166 608 4232 ἐποίησε,
642 4167 739 4218 καὶ
781 4168 965 4231 αὐτὸς
993 4166 1232 4233 πάντως
1291 4168 1358 4221 ἐκ
1422 4168 1670 4223 πολλῶν

138 4253 361 4320 ἀκούεις.
384 4258 453 4310 Εἰ
484 4256 635 4325 γοῦν
668 4256 823 4323 ὅλως
853 4258 1169 4327 ἀναπέσῃς
1232 4260 1332 4313 zeal
1380 4260 1465 4330 μὴ
1542 4259 1670 4314 κατ’

139 4345 292 4397 αὐτοῦ
316 4346 599 4414 χωρήσης
622 4346 791 4415 πάσῃ
818 4346 1043 4417 γνώμῃ,
1087 4352 1288 4405 ὁπόσα
1332 4351 1451 4420 μὲν
1488 4352 1672 4415 αὐτὸς

136 4434 271 4502 ἔργα,
297 4440 494 4491 πολλὰ
546 4439 755 4510 καμὼν
810 4439 1017 4507 ἤνυσα
1084 4441 1317 4509 φροῦδα
1374 4426 1668 4511 ποιήσεις,

138 4529 289 4593 αὐτὸς
328 4530 395 4582 δὲ
460 4530 605 4597 τοὺς
664 4532 935 4599 καρποὺς
992 4532 1102 4601 τῆς
1168 4532 1318 4599 Ιδίας
1370 4534 1670 4604 ῥᾳθυμίας

137 4616 570 4691 πάντωςδρέψη.
612 4623 784 4691 Κάγὼ
805 4624 924 4693 μὲν
966 4624 1083 4694 ἤδη
1124 4624 1325 4693 ἄπειμι
1381 4628 1669 4695 ἀγωνισά-

1772 3436 1880 3480 tum
1906 3428 2132 3494 tribuas,
2163 3439 2219 3483 ut
2248 3430 2379 3482 nihil
2401 3430 2557 3499 plane
2585 3448 2759 3486 rerum
2780 3435 2928 3500 prius
2951 3452 3128 3505 gerere
3157 3454 3365 3509 aggre-u

1768 3520 1938 3574 diaris
1986 3536 2144 3589 quam
2190 3536 2371 3575 eorum
2431 3525 2745 3577 sententiam
2794 3528 3139 3596 exquisieris;
3183 3547 3342 3600 quam

1765 3613 1976 3683 quidem
2000 3615 2137 3667 tanti
2157 3614 2298 3683 apud
2324 3624 2371 3668 te
2397 3619 2649 3670 momenti
2669 3634 2781 3672 esse
2811 3620 2943 3684 volo,
2979 3630 3034 3673 ut
3065 3639 3337 3693 nunquam

1768 3706 1815 3759 ei
1852 3706 2110 3772 privatam
2153 3718 2302 3760 tuam
2347 3709 2688 3774 quantumvis
2720 3726 2785 3763 ea
2817 3710 2913 3764 tibi
2941 3708 3078 3766 sellis
3109 3714 3340 3769 callida-

1768 3816 1865 3869 que
1900 3798 2158 3862 videatur,
2190 3800 2580 3870 praeferendam
2613 3812 2786 3870 putes.
2833 3801 3110 3875 Prwcipue
3160 3818 3339 3863 autem

1768 3906 1881 3962 pra:
1916 3892 2120 3945 caeteris
2163 3892 2406 3946 omnibus
2437 3893 2597 3946 etiam
2632 3904 2789 3963 atque
2819 3898 2978 3949 etiam
3027 3900 3219 3953 mando
3248 3902 3343 3954 tibi

1770 3982 2073 4037 Romanum
2106 3982 2329 4038 bellum.
2378 3982 2447 4037 Et
2478 3986 2591 4038 vide
2630 4002 2693 4040 ne
2724 3985 2872 4040 nulla
2917 4002 3151 4057 unquam
3183 3990 3342 4059 hujus

1771 4076 1869 4129 tibi
1896 4092 2041 4131 curta
2075 4077 2315 4130 remissio
2340 4076 2606 4145 subrepat.
2639 4075 2705 4130 In
2740 4076 3063 4144 Romanum,
3097 4081 3340 4153 inquam,

1772 4168 1987 4234 bellum,
2038 4168 2140 4239 ﬁli,
2166 4170 2285 4238 jam
2317 4185 2349 4220 a
2384 4169 2535 4222 nobis
2585 4169 2855 4237 affectum,
2913 4179 2968 4223 tu
3020 4174 3344 4240 patrandum

1771 4260 2033 4313 incumbe.
2074 4258 2172 4312 Res
2209 4259 2303 4311 tibi
2336 4259 2547 4329 reliqua
2576 4271 2783 4313 estcum
2808 4260 3126 4329 imperatore
3154 4280 3347 4334 magno

1771 4350 1959 4417 preclio
1990 4350 2147 4413 victo,
2184 4350 2248 4403 ab
2295 4350 2496 4420 ingenti
2545 4348 2699 4405 clade
2725 4351 2813 4403 vix
2848 4352 3107 4406 incolumi
3139 4354 3345 4424 elapso.

1773 4444 1878 4509 Qui
1908 4443 2004 4496 hoc
2034 4444 2207 4511 ipsum
2234 4443 2292 4496 in
2322 4442 2470 4496 lucro
2496 4443 2691 4511 posuit,
2713 4442 2854 4506 quod
2878 4447 3032 4499 ceesis
3061 4444 3350 4516 deletisque

1772 4538 2036 4608 plerisque
2067 4536 2311 4589 omnibus
2342 4535 2454 4589 suis
2487 4538 2672 4604 copiis,
2701 4538 2811 4605 ipse
2843 4552 2978 4591 unus
3005 4546 3212 4591 tantum
3241 4554 3348 4592 non

1774 4628 2001 4687 occisus,
2038 4634 2244 4679 tantum
2275 4640 2379 4677 non
2410 4633 2621 4693 captus,
2651 4642 2679 4679 e
2708 4627 2951 4681 manibus
2987 4629 3181 4682 nostris
3225 4645 3349 4682 eva-

138 4725 308 4776 μενος,
331 4714 435 4767 τὸν
462 4712 629 4782 ρᾔα
660 4714 772 4781 τῆς
802 4715 1119 4783 ἡμεδαπῆς
1147 4717 1194 4748 ⁸⁸
1222 4717 1530 4772 ἀπελάσαι
1558 4717 1669 4785 χώ-

1774 4719 1924 4771 serit.
1986 4715 2063 4770 Tu
2119 4733 2181 4770 ne
2254 4723 2379 4783 vlui,
2428 4732 2491 4770 ne
2524 4717 2772 4783 impetum
2829 4721 3106 4783 remittas;
3171 4719 3348 4781 insta;

134 4816 229 4865 ρας
250 4804 329 4856 καὶ
362 4806 514 4858 οὕτω
544 4808 655 4859 τὸν
676 4807 969 4874 φίλτατόν
988 4823 1091 4876 μοι
1124 4807 1408 4878 Ῥογέρην
1434 4808 1533 4862 ἐπὶ
1562 4808 1670 4877 τῆς

140 4890 380 4963 δοθείσης
401 4896 563 4962 αὐτῷ
598 4896 887 4963 ἐξουσίας
920 4898 1191 4967 ἑδράσαι.

1778 4805 2015 4860 incumbe
2046 4807 2103 4859 in
2146 4820 2461 4859 concussum
2490 4807 2685 4870 semel;
2725 4806 2862 4860 illud
2910 4818 3172 4873 metuens,
3208 4823 3271 4860 ne
3303 4809 3347 4859 is

1778 4896 2066 4969 colligendi
2091 4898 2176 4951 sui
2220 4899 2452 4967 spatium
2499 4913 2592 4968 per
2624 4906 2673 4953 te
2700 4908 2908 4964 nactus,
2948 4900 3350 4967 formidolosior

138 4992 298 5045 existet
334 4994 474 5049 ultor
509 5006 740 5064 acceptee
768 4997 962 5061 cladis,
1003 4998 1334 5068 majoresque
1362 5015 1424 5052 ac
1452 4996 1855 5053 vehementiores
1894 4997 2007 5065 ipso
2038 4993 2220 5048 dolore
2254 5010 2315 5046 ac
2345 5009 2500 5047 sensu
2568 4994 2870 5080 ignominia:
2936 4993 2991 5045 in
3048 5008 3143 5046 nos
3185 4990 3349 5059 spiri-

141 5088 212 5135 tus
236 5088 444 5155 colligat.
479 5088 605 5143 Non
641 5099 716 5143 est
750 5090 819 5151 is,
850 5089 977 5143 mihi
1005 5092 1173 5156 crede,
1207 5092 1272 5145 de
1303 5092 1456 5161 vulgo
1492 5091 1710 5161 aliquis,
1752 5098 1800 5143 et
1832 5104 1983 5158 quem
2023 5086 2236 5155 impune
2294 5087 2466 5153 possis
2515 5098 2868 5141 contemnere.
2902 5084 3073 5139 Homo
3108 5100 3141 5139 α
3186 5099 3350 5155 puero

144 5171 187 5224 in
213 5175 335 5229 bellis
358 5180 661 5249 praliisque
696 5181 953 5246 nutritus,
987 5185 1078 5250 qui
1113 5179 1377 5235 Orientem
1412 5181 1852 5251 Occidentemque
1891 5179 2125 5234 victoriis
2177 5178 2556 5249 peragracerit.
2608 5175 2867 5230 Audivisti
2922 5177 3138 5231 omnino
3190 5192 3350 5247 quam

1162 5296 1366 5357 Variae
1411 5298 1719 5359 lectiones
1764 5313 1842 5357 ex
1881 5294 2021 5357 cod.
2057 5292 2326 5355 Coislin.

204 5398 241 5429 υ
277 5398 453 5470 Ἀδάμ.

151 5484 251 5539 euq.
312 5471 353 5500 ⁸⁸
375 5470 645 5535 συλλέξαι.

532 5398 577 5431 ΙΙ
600 5398 746 5431 sua-

600 5398 767 5467 ὑμᾶς.
846 5398 894 5431 ⁸³
922 5399 1141 5451 τουτωί.
1219 5399 1265 5430 ⁸⁵
1299 5421 1302 5433 ι

600 5488 645 5522 ι.
722 5469 766 5499 "
797 5468 959 5522 Deest.
1000 5468 1194 5522 vocula
1223 5470 1302 5523 ὲν.

846 5398 894 5431 ⁸³
922 5399 1141 5451 τουτωί.
1219 5399 1265 5430 ⁸⁵
1299 5400 1735 5468 παρεγγυῶμαι.
1812 5399 1858 5431 ⁸⁵
1895 5395 2252 5466 Βαῖμοῦνδον.
2316 5392 2363 5426 ⁸⁸
2393 5392 2555 5449 Deest
2584 5394 2775 5448 vocula
2803 5393 2884 5449 ἐν.
2958 5394 3006 5426 ⁸⁹
3038 5395 3351 5467 καταμελή-

846 5478 959 5522 eest
1000 5468 1194 5522 vocula
1223 5470 1302 5523 ὲν.
1378 5471 1423 5500 ⁹⁶
1453 5468 1762 5538 ἡμεδαπῆς.

1495 5486 1762 5539 μεοαπης.

1163 5561 1305 5623 Car.
1329 5562 1662 5623 Dufresnii
1693 5562 1789 5621 Du
1823 5557 2045 5635 Cangii
2082 5564 2272 5619 notae.

213 5664 304 5735 (εἳ)
342 5663 767 5719 Ἐναυθεντεῖνι
797 5662 1122 5735 Hesychius,
1156 5662 1481 5735 Αὐθεντεϊν,
1518 5662 1671 5735 ἔξου-

156 5734 343 5805 σιξζειν.
372 5736 710 5805 Phrynichus
736 5772 752 5796 ,
792 5734 1068 5802 Ᾱὺθὲντης
1084 5735 1231 5805 ,ἐπὶ
1259 5734 1353 5787 τοῦ
1380 5734 1668 5805 δεσπότου,

155 5802 202 5852 οι
222 5808 326 5879 περὶ
350 5806 412 5861 τὰ
437 5802 766 5876 δικαστήρια
796 5805 1047 5874 ῥήτορες.
1084 5802 1215 5859 Vide
1253 5819 1375 5875 quae
1409 5804 1476 5860 de
1506 5803 1669 5873 hujus

426 5900 695 5961 PATROL.
739 5900 851 5960 Gn.
899 5897 1174 5961 CXXXI.

1780 5660 1935 5714 vocis
1968 5658 2247 5713 notatione
2292 5657 2500 5712 habent
2529 5662 2793 5725 praeterea
2840 5656 3109 5713 Meursius
3138 5666 3192 5713 et
3241 5657 3349 5712 Fa-

1780 5731 1997 5791 hrutus,
2032 5731 2082 5781 iu
2110 5726 2286 5783 Gloss.
2322 5740 2377 5781 et
2406 5728 2665 5791 Allatius,
2697 5727 2794 5779 lib.
2825 5743 2843 5782 ι
2877 5729 2949 5781 De
2992 5726 3138 5785 Eccl.
3161 5727 3347 5785 Occid.

1779 5809 1827 5855 et
1855 5798 2058 5854 Orient.
2083 5806 2280 5868 perpet.
2309 5814 2549 5854 consens.
2582 5811 2702 5868 cap.
2727 5797 2819 5866 21,
2849 5813 2905 5852 n.
2934 5799 2992 5852 4.

2949 5888 3021 5951 13
