3830 6576
149 384 235 451 397
824 386 862 395 ⁸

1373 369 1791 432 ALEXIADIS
1819 372 1970 433 LIB.
1995 371 2066 433 V.

148 486 284 547 Οὗτος
332 481 427 552 μὲν
503 478 590 533 οὖν
640 477 820 549 εἴχετο
888 480 989 549 τῆς
1046 476 1185 547 πρξς
1251 477 1319 530 τὰ
1375 476 1515 532 οἶκοι
1580 497 1664 547 φε-

1785 482 1993 536 sultum
2051 477 2308 543 credidit,
2364 490 2576 549 magna
2617 475 2697 531 rei
2756 476 2934 532 aleam
2987 476 3084 531 tali
3118 485 3366 549 tempore

150 580 335 651 ρούσης.
398 573 452 627 '0
501 571 556 624 δὲ
624 570 984 642 Ῥομπὲρτος,
1018 570 1233 639 φθάσας
1300 574 1380 635 εἰς
1438 572 1539 642 τὴν
1582 572 1676 625 τοῦ

149 671 286 745 θητὸς
328 663 697 737 παρεμϐολὴν,
722 664 891 726 αὐτὸς
917 664 1015 732 μὲν
1055 662 1395 733 προσωτέρω
1444 665 1672 719 διώκειν

1776 576 1988 646 jacere,
2020 572 2175 627 nullo
2211 571 2412 627 id‘oneo
2445 571 2563 641 spei
2614 571 2841 641 pignore
2887 577 2984 625 aut
3025 584 3208 640 operae
3240 587 3369 642 pro~

1784 667 1965 737 posito
2019 664 2216 734 pretio.
2274 663 2486 735 Magnis
2535 664 2700 734 igitur
2751 664 3048 721 itineribus
3102 671 3254 719 retro
3300 665 3364 720 in

148 765 225 817 οὐκ
246 759 445 832 ἤθελεν,
471 757 781 827 ἀπόμοιραν
811 756 869 809 δὲ
896 754 1092 825 ἱκανὴν
1112 756 1221 810 τῶν
1245 757 1415 810 αὐτοῦ
1469 758 1664 827 ταγμά-

1788 756 2023 825 patriam
2075 754 2383 818 contendit,
2441 753 2495 807 in
2550 754 2801 809 victoria:
2853 763 3012 825 parte
3068 768 3365 810 numerans

147 873 231 908 των
254 834 477 913 διελὼνξ
513 848 734 902 διώκειν
790 848 883 903 τὸν
956 848 1295 918 Ἀλαμανίας
1335 851 1382 883 ⁸⁸
1414 851 1664 921 προύτρέ,

1789 847 2001 903 salvum
2053 854 2224 916 atque
2277 845 2560 901 incolume
2608 854 2895 914 reportare
2944 847 3171 902 domum
3202 857 3367 917 caput

145 940 530 1014 ψετο⁹⁵.Αὐτὸς
570 939 629 992 δὲ
690 938 789 1010 τὴν
832 939 983 992 λείαν
1041 942 1224 993 πᾶσαν
1273 941 1681 1011 ἀναλαϐόμενος

144 1036 252 1106 μετά
274 1033 359 1086 τοῦ
385 1033 562 1096 πάπα,
587 1032 726 1103 πρὸς
777 1032 1000 1102 Ῥώμην
1018 1032 1339 1095 ἀπένευσεν,
1365 1033 1461 1085 καὶ
1489 1031 1679 1085 τοῦτον

142 1128 213 1180 ἐπὶ
237 1124 471 1176 τοῦίδίου
514 1123 707 1195 θρόνου
760 1124 993 1186 καθίσας
1044 1124 1110 1187 νδ,
1178 1122 1455 1191 εὐφημίας
1520 1117 1679 1185 αὖθις

142 1216 240 1287 παρ’
274 1218 469 1268 ἐκεῖνον
494 1215 536 1246 ³⁷
569 1217 851 1285 τυγχάνει,
883 1215 1118 1269 κᾶπειτα
1156 1214 1293 1281 πρὸς
1347 1212 1407 1266 τὸ
1434 1211 1680 1282 Σαλερη-

139 1312 209 1363 νίν
231 1311 599 1378 ἐπανέρχεται,
657 1310 756 1379 τῆς
805 1311 869 1361 ὲκ
902 1308 1011 1361 τῶν
1054 1306 1268 1360 πολλῶν
1292 1306 1339 1338 ⁸⁸
1388 1306 1605 1376 μόχθων
1634 1305 1679 1337 ⁹⁹

139 1402 458 1464 κακοπαθείας
478 1402 680 1454 ἑαυτὸν
707 1400 1177 1470 ἀνακτησόμενος.

1791 953 1977 993 suum.
2028 937 2098 992 At
2137 936 2415 992 Robertus
2465 937 2558 991 ubi
2617 948 2800 992 castra
2856 938 3004 1008 regis
3045 938 3362 1009 occupavit,

1786 1030 1998 1098 insequi
2032 1030 2149 1101 ipse
2179 1030 2400 1100 quidem
2454 1028 2758 1100 fugientem
2788 1032 2925 1086 tanti
2973 1048 3081 1087 non
3116 1034 3363 1104 putavit;

1787 1128 2048 1174 caeterum
2083 1119 2311 1173 delectis
2345 1134 2409 1172 ex
2448 1128 2564 1173 t0to
2613 1120 2859 1175 exercitu
2895 1121 3068 1189 copiis
3100 1137 3166 1178 eo
3197 1137 3365 1191 nego-

1784 1212 1864 1266 tio
1891 1213 2043 1276 dato,
2098 1218 2158 1264 ut
2202 1212 2433 1281 vestigia
2471 1212 2727 1267 Alamani
2766 1221 2992 1268 strenue
3028 1223 3364 1285 premerent,

1788 1305 1907 1374 ipse
1939 1303 2123 1375 praeda
2156 1306 2367 1375 potitus
2413 1306 2565 1361 omni
2618 1305 2849 1362 Romam
2884 1322 3082 1363 versus
3131 1307 3236 1361 iter
3274 1307 3360 1361 in-

1784 1398 1986 1463 tendit,
2018 1413 2125 1452 una
2158 1414 2285 1453 cum
2334 1414 2495 1470 papa,
2538 1415 2701 1470 quem
2727 1415 2854 1455 cum
2906 1401 3023 1455 illic
3073 1401 3129 1455 in
3161 1402 3365 1455 throno

138 1494 311 1565 proprio
340 1493 634 1555 firmasset,
674 1492 917 1547 vicissim
971 1491 1039 1546 ab
1077 1508 1143 1547 eo
1191 1492 1392 1547 iterum
1424 1507 1523 1547 rex
1574 1490 1907 1562 appellatus,
1961 1490 2253 1547 Salernum
2325 1506 2386 1547 se
2423 1495 2654 1563 recepit,
2726 1494 2801 1550 ibi
2888 1511 2958 1550 ex
3044 1495 3367 1565 fatigatione

136 1600 193 1645 tot
224 1586 465 1641 bellorum
506 1584 719 1639 modica
769 1599 894 1640 sese
923 1585 1110 1654 quiete
1140 1584 1478 1640 refecturus.

181 1681 292 1738 Μετ’
328 1681 385 1732 οὐ
416 1678 556 1730 πολὺ
577 1678 633 1730 δὲ
667 1677 1079 1747 καταλαμϐάνει
1114 1677 1305 1732 τοῦτον
1339 1680 1367 1730 ὁ
1398 1677 1670 1748 Βαῖμοῦν-

132 1796 201 1839 τος
234 1773 387 1842 ¹,τὴν
420 1770 691 1840 ἀγγελίαν
747 1772 849 1841 τῆς
903 1771 1295 1841 ὲπισυμόἀσης
1351 1768 1503 1840 αὺτῷ
1563 1770 1663 1841 ἧτ-

130 1882 206 1936 της
228 1864 324 1935 (25)
355 1866 445 1916 ἐπὶ
477 1863 571 1915 τοῦ
608 1860 902 1932 προσώπου
941 1865 1148 1933 φέρων.
1203 1863 1397 1926 Ὅπως
1442 1862 1498 1914 δὲ
1543 1860 1666 1926 ξυν-

130 1962 258 2015 έπεσε
282 1957 345 2009 τά
366 1957 463 2025 τῆς
501 1956 674 2025 τύχης
708 1954 859 2024 αὑτῷ
890 1956 917 2007 ὁ
947 1955 1103 2023 λόγος
1136 1954 1241 2024 ἤδη
1267 1952 1518 2023 δηλώσει.
1556 1952 1667 2007 Καὶ

129 2053 212 2120 γὰρ
235 2050 331 2102 τῶν
373 2047 593 2101 ἐκείνου
635 2046 988 2117 μεμνημένος
1029 2046 1538 2115 παραγγελμάτων,
1571 2045 1667 2098 καὶ

129 2143 268 2199 ἄλλως
294 2138 346 2191 δὲ
370 2138 667 2209 ἀρηΐφιλος
700 2137 778 2190 ῶν
815 2138 955 2209 ἀνὴρ
1006 2138 1101 2191 καὶ
1132 2137 1665 2207 φιλοκινδυνότατος,

126 2232 262 2300 ἁτρὶξ
304 2231 439 2283 κατά
494 2230 591 2282 τοῦ
640 2228 912 2299 βασιλέως
956 2230 1137 2301 μάχης
1193 2230 1393 2299 εἴχετο.
1429 2230 1540 2282 Καὶ
1568 2228 1668 2293 τὰς

128 2324 235 2383 ιδίας
262 2322 518 2389 δυνάμεις
549 2321 986 2392 ἀναλαϐόμενος,
1014 2320 1497 2390 συνεφεπομένους
1527 2320 1666 2390 ἔχων

126 2414 200 2467 καὶ
235 2415 404 2467 ὁπόσοι
445 2411 903 2482 ὲλλογιμώτεροι,
954 2412 1047 2465 καὶ
1092 2412 1322 2481 λογάδες
1375 2410 1667 2481 Ῥωμαίων

126 2505 409 2575 στρατιῶται
436 2504 538 2556 καὶ
565 2502 833 2573 ἡγεμόνες
862 2503 971 2555 τῶν
998 2502 1150 2573 παρά
1178 2500 1271 2554 τοῦ
1320 2500 1663 2572 Ῥομπέρτου

125 2590 527 2660 κατασχεθεισῶν
574 2592 769 2661 χωρῶν
838 2591 936 2644 καὶ
1003 2591 1212 2643 πόλεων
1264 2590 1669 2658 (ἀπεγνωκότες

123 2685 207 2753 γὰρ
237 2682 481 2747 καθάπαξ
530 2682 626 2735 τοῦ
675 2684 1110 2753 αὐτοκράτορος,
1143 2680 1255 2737 ὅλοι
1293 2682 1396 2753 τῆς
1420 2682 1516 2736 τοῦ
1540 2684 1668 2737 Βαῖ-

127 2776 317 2845 pacm»
353 2778 372 2806 ¹
419 2776 690 2843 γεγόνασι
723 2774 743 2807 ³
778 2773 1051 2844 γνώμης),
1101 2773 1518 2843 καταλαμϐάνει
1578 2775 1668 2829 διὰ

123 2866 195 2934 τῆς
217 2867 544 2937 Βαγενητίας
572 2866 641 2917 τὰ
668 2866 973 2930 ,Ἰωάννινα,
1004 2866 1095 2918 καὶ
1126 2864 1335 2937 τάφρον
1365 2866 1509 2919 κατὰ
1541 2868 1666 2931 τοὺς

122 2957 284 3020 ἔξωθεν
318 2957 710 3026 διακειμένους
744 2957 764 2987 ⁸
812 2957 1148 3026 ἀμπελῶνας
1199 2958 1438 3027 ποιήσας
1480 2961 1671 3030 πρότεο

123 3065 209 3118 ρον,
234 3049 335 3118 ἅμα
360 3049 417 3101 δὲ
446 3048 551 3101 καὶ
591 3049 652 3101 τὸ
686 3048 981 3117 ὀπλητικδν
1015 3048 1035 3080 ⁸
1062 3049 1210 3102 ἆπαν
1249 3052 1307 3103 ὲν
1349 3051 1665 3119 ἐπικαίροις

121 3140 277 3202 τόποις
316 3140 723 3210 καταθέμενος,
761 3141 924 3204 αὐτὸς
959 3141 1109 3203 ἐντὸς
1150 3140 1251 3204 τὰς
1316 3143 1526 3212 σκηνὰς
1562 3146 1665 3196 ὲπ·

1853 1670 1971 1727 Non
2009 1672 2230 1744 longum
2280 1673 2407 1730 inde
2450 1684 2689 1743 tempus,
2741 1689 2866 1730 cum
2921 1678 3067 1747 patri
3115 1694 3175 1735 se
3223 1679 3368 1737 sisti!

1780 1765 2147 1833 Bainiundus,
2187 1766 2387 1821 indicia
2425 1782 2689 1824 sueessns
2729 1769 3057 1840 improsperi
3123 1773 3177 1826 in
3210 1775 3365 1844 deje-

1773 1859 1849 1912 eti
1890 1860 2075 1913 vultus
2104 1858 2367 1914 mmstitia
2398 1858 2576 1928 palam
2625 1858 2828 1915 ferens.
2868 1860 2978 1915 Res
3033 1861 3154 1931 ejus
3198 1875 3257 1918 ut
3306 1881 3368 1921 se

1772 1949 2087 2015 habuerint,
2128 1962 2347 2017 quaque
2413 1947 2631 2002 fortuna
2679 1948 2877 2003 bellum
2914 1953 3170 2019 gesserit,
3207 1953 3367 2009 dein-

1769 2057 1900 2112 ceps
1935 2041 2305 2097 narrabimus.
2346 2040 2594 2095 Relictus
2629 2040 2683 2095 in
2714 2040 2933 2112 Illyrico
2962 2040 3115 2098 ferox
3143 2046 3367 2111 juvenis

1769 2148 1879 2188 non
1926 2134 2098 2203 magis
2150 2132 2320 2203 patris
2376 2131 2656 2187 mandatis
2684 2147 2849 2202 quam
2887 2135 3112 2204 proprio
3150 2136 3359 2206 impetu

1770 2227 1823 2279 in
1858 2226 2201 2280 occasionem
2260 2223 2587 2279 conserendi
2632 2237 2756 2277 cum
2810 2223 3149 2293 imperatore
3190 2227 3361 2296 praalij

1771 2329 1930 2375 totus
1976 2317 2326 2373 imminebat.
2358 2314 2499 2387 Ergo
2525 2315 2822 2385 assumptis
2867 2330 3051 2371 secum
3091 2326 3207 2371 turn
3246 2319 3364 2375 suis

1768 2412 1965 2480 sepiis,
2004 2422 2115 2464 tuin
2151 2407 2419 2463 Romanis
2441 2407 2762 2476 transfugis,
2790 2407 2909 2478 qui,
2941 2412 3231 2477 desperata
3262 2410 3364 2464 im-

1770 2505 2046 2575 peratoris
2084 2502 2331 2568 fortuna,
2359 2508 2623 2556 victorem
2657 2503 2854 2568 secuti,
2893 2518 3001 2558 non
3028 2503 3225 2573 plebeii
3256 2518 3365 2559 so-

1769 2599 1903 2661 lum,
1946 2594 2041 2651 sed
2073 2594 2174 2649 viri
2227 2595 2393 2649 etiam
2444 2593 2686 2664 insignes
2749 2609 2948 2661 magno
3005 2610 3237 2650 numero
3291 2595 3363 2649 ad

1772 2685 2138 2741 Baimundum
2162 2694 2544 2740 accesserant:
2570 2686 2769 2751 quibus
2795 2686 3130 2755 adiungendi
3170 2687 3365 2757 praefe.

1769 2778 1839 2832 e'i
1868 2778 2085 2833 urbium
2124 2790 2189 2831 ae
2223 2777 2506 2847 regionum
2535 2792 2659 2846 qua:
2691 2792 2867 2846 nuper
2895 2778 3091 2832 ditioni
3128 2778 3357 2834 Roberti

1772 2866 2039 2935 subjectae
2089 2865 2345 2927 fuerant,
2378 2880 2498 2919 cum
2555 2865 2640 2920 his
2671 2866 2929 2921 omnibus
2968 2882 3063 2936 per
3112 2865 3361 2936 Bagene—

1762 2960 1897 3014 tiam
1931 2956 2214 3029 profectus
2240 2955 2515 3012 Joannina
2546 2958 2743 3021 tenuit,
2770 2957 2857 3011 ubi
2887 2958 3205 3027 adjacentes
3233 2957 3358 3017 loco

1769 3054 1960 3106 vineas
2018 3048 2169 3105 fossa
2226 3050 2462 3119 primum
2491 3049 2893 3113 circumdedit,
2942 3051 3358 3120 exercitumque

1771 3143 2085 3197 universum
2118 3141 2332 3197 idoneis
2364 3141 2635 3209 disposuit
2671 3141 3025 3198 stationibus.
3061 3141 3200 3196 Tum
3234 3145 3356 3213 ipse

119 3230 248 3296 ἐξατο
273 3234 310 3284 ⁵.
336 3233 413 3284 Τὰ
450 3233 514 3285 δὲ
557 3233 713 3304 τείχη
750 3232 1150 3303 περιαθρήσας,
1185 3234 1277 3286 καὶ
1311 3234 1408 3304 τὴν
1434 3234 1527 3288 τοῦ
1562 3236 1660 3289 κά-

1774 3234 2131 3291 tabernacula
2184 3234 2336 3288 intus
2390 3232 2542 3298 fixit;
2602 3232 3015 3303 exploratisque
3069 3234 3243 3291 muris
3297 3244 3357 3291 et

120 3340 250 3392 οτρον
281 3324 582 3392 ἀκρόπτολιν
632 3324 907 3393 ἐπισφαλῆ
953 3324 1231 3391 διαγνοὺς,
1259 3324 1318 3377 οὐ
1366 3325 1531 3394 μόνον
1560 3326 1661 3379 αὐ-

118 3412 192 3480 τὴν
233 3415 491 3482 ἀνορθοῦν
544 3415 620 3479 ὡς
656 3415 775 3468 ἐνὸν
812 3415 1097 3485 ἠπείγετο,
1137 3416 1275 3470 ἀλλά
1322 3418 1417 3471 καὶ
1468 3417 1693 3486 ἑτέρανς

117 3504 159 3553 ἐν
184 3505 307 3575 ἄλλῳ
334 3508 498 3576 μέρει
525 3506 635 3558 τῶν
666 3505 883 3575 τειχῶν,
905 3500 965 3559 οὗ
1000 3507 1204 3573 μᾶλλον
1235 3507 1385 3578 αὐτῷ
1417 3494 1664 3564 ωνόἴσον

118 3594 313 3661 δέδοκτο,
342 3598 700 3668 ἐρυμοτάτην
730 3599 749 3627 ⁷
790 3599 1153 3669 ἀνῳκοδόμει,
1180 3599 1504 3670 ληϊζόμενος
1536 3600 1656 3670 ἅμα

116 3687 189 3737 καὶ
226 3690 316 3751 τὰς
376 3690 781 3760 περικειμένας
831 3691 1018 3755 πόλεις
1070 3694 1165 3745 καὶ
1216 3694 1423 3761 χώρας.
1471 3692 1662 3747 Ταῦτα

120 3778 425 3845 μεμαθηκὼς
475 3782 505 3831 ὁ
545 3782 929 3852 αὐτοκράτωρ,
966 3782 1131 3845 εὐθὺς
1182 3785 1349 3855 μηδὲν
1386 3785 1663 3855 μελλήσας

113 3868 243 3931 ὅλως,
271 3874 366 3932 τάς
418 3871 679 3943 δυνάμεις
719 3875 941 3939 ἁπάσας
997 3876 1325 3944 συναγαγὼν
1354 3878 1456 3945 τῆς
1503 3878 1663 3930 Κων-

118 3962 358 4012 σταντένου
383 3962 608 4024 πόλεως
626 3963 862 4029 σπεύσας
890 3965 1059 4030 ἔξεισι
1091 3967 1239 4036 μῆνα
1261 3966 1282 3997 ⁸
1327 3968 1503 4020 Μάῖον
1520 3968 1660 4040 (Ξϐ).

116 4046 383 4118 Τοιγαροῦν
423 4054 494 4105 τὰ
531 4053 811 4107 Ἰωάννινα
833 4055 1188 4123 καταλαδὼν,
1221 4058 1346 4110 ἐπεὶ
1369 4057 1397 4108 ὁ
1423 4058 1516 4111 τοῦ
1562 4075 1665 4111 που

116 4138 253 4201 λέμου
287 4145 375 4195 καὶ
408 4144 508 4212 τῆς
536 4146 719 4214 μάχης
758 4147 948 4215 καιρὸς
989 4148 1089 4217 ῆδη
1124 4148 1310 4218 παρῆν
1352 4148 1421 4201 τὰ
1442 4150 1462 4181 ⁹
1484 4150 1662 4201 οίκεία

116 4233 499 4302 στρατεύματα,
540 4237 676 4305 μηδὲ
705 4237 766 4289 τὸ
792 4238 1083 4290 πολλοστὸν
1113 4239 1207 4290 τοῦ
1242 4239 1582 4308 Βαῖμούντου
1614 4241 1656 4272 ⁸⁸

116 4322 367 4392 δυνάμεων
412 4327 546 4380 ὄντα
604 4330 906 4395 κατανοῶν,
958 4331 1057 4383 καὶ
1096 4331 1270 4395 ἄλλως
1316 4332 1373 4384 δὲ
1422 4333 1532 4385 ἀπὸ
1562 4334 1662 4401 τῆς

113 4415 189 4467 τοῦ
225 4416 565 4489 Ῥομπέρτου
615 4424 1085 4493 προηγησαμένης
1138 4424 1343 4493 μάχης,
1377 4426 1661 4493 γινώσκων

113 4511 192 4573 τὴν
220 4512 440 4580 πρώτην
476 4515 620 4564 κατά
652 4514 758 4565 τῶν
782 4515 1039 4566 ἐναντίων
1068 4515 1342 4568 ἱππασίαν
1370 4515 1478 4567 τῶν
1510 4516 1653 4568 Κελ-

1768 3328 1932 3383 castri
1978 3341 2105 3380 arce
2156 3340 2347 3395 parum
2406 3326 2563 3380 ﬁrma
2609 3340 2672 3381 ac
2709 3327 2997 3389 Semiruta,
3043 3341 3152 3381 non
3191 3328 3356 3382 modo

1768 3421 2057 3475 restituere
2114 3418 2262 3473 illam
2303 3418 2452 3473 omni
2488 3433 2594 3487 ope
2625 3425 2854 3473 conatus
2907 3426 3018 3484 est,
3054 3417 3149 3473 sed
3192 3419 3357 3473 aliam

1767 3527 1983 3580 quoque
2026 3513 2078 3565 in
2109 3514 2282 3566 altera
2340 3524 2624 3565 murorum
2680 3520 2858 3580 parte,
2908 3510 3029 3565 loco
3064 3510 3132 3564 ad
3167 3510 3221 3563 id
3254 3511 3358 3580 ipsi

1765 3604 1883 3658 viso
1916 3602 2235 3669 commodo,
2269 3602 2646 3657 firmissimam
2681 3603 3005 3667 aedificavit;
3047 3602 3213 3657 simul
3244 3604 3359 3657 cir-

1766 3692 2137 3759 cumjacentes
2162 3690 2325 3746 urbes
2353 3698 2406 3746 et
2426 3692 2676 3760 regiones
2692 3690 2932 3746 assiduis
2958 3692 3106 3747 illinc
3136 3692 3359 3749 emissis

1769 3783 2181 3840 incursionibus
2219 3784 2586 3854 praedatorum
2627 3793 2874 3838 vastans.
2919 3783 3013 3837 His
3054 3784 3356 3853 imperator

1766 3876 1972 3932 auditis
2005 3874 2299 3930 confestim
2334 3880 2547 3929 summa
2589 3874 2874 3944 diligentia
2908 3875 3151 3930 collectis
3176 3877 3354 3946 copiis

1767 3968 2252 4039 Constantinopoli
2286 3968 2526 4038 erumpit
2559 3981 2750 4022 mense
2798 3966 2976 4021 Maio:
3030 3968 3253 4037 citoque
3282 3968 3354 4025 ad

1764 4060 2036 4116 Joannina
2072 4060 2346 4129 perlatus,
2388 4071 2513 4110 cum
2536 4055 2711 4111 bostis
2740 4071 2933 4127 pugnas
2963 4057 3174 4126 copiam
3206 4056 3351 4111 alfa-

1764 4152 1859 4205 tim
1890 4151 2116 4215 faceret,
2156 4164 2265 4203 non
2304 4158 2485 4202 tamen
2515 4147 2668 4217 prius
2708 4147 3106 4217 experiundum
3137 4148 3347 4204 decre-

1765 4240 1907 4296 torio
1957 4239 2261 4294 certamine
2307 4238 2376 4291 de
2427 4251 2609 4291 rerum
2664 4251 2877 4291 summa
2924 4238 3136 4307 putavit
3184 4254 3348 4310 quam

1765 4332 2178 4388 velitationibus
2217 4330 2498 4400 specimen
2530 4330 2768 4397 cepisset
2799 4330 3022 4386 virtutis
3056 4330 3351 4386 Baiinundi

1764 4425 2081 4495 peritiaque
2112 4421 2387 4476 militaris.
2424 4421 2481 4475 Id
2532 4421 2668 4476 adeo
2717 4423 2936 4477 consilii
2972 4423 3227 4493 probavit
3274 4424 3351 4478 illi

1766 4516 1999 4585 primum
2028 4512 2365 4569 conscientia
2397 4513 2697 4583 paucitatis
2753 4529 2979 4571 suorum
3018 4516 3037 4585 (
3067 4515 3354 4570 constabat

114 4598 200 4651 τῶν
240 4602 571 4656 ἀνύποιστον
620 4603 757 4674 (27),
802 4604 921 4659 δέον
959 4604 1145 4675 ἔκρινε
1178 4605 1396 4676 πρῶτον
1441 4607 1540 4676 μὲν
1571 4606 1660 4661 διὰ

1774 4607 1911 4662 enim
1943 4606 2080 4661 satis
2104 4604 2291 4659 multis
2319 4604 2570 4674 partibus
2601 4607 3039 4663 numerosiorem
3074 4623 3197 4663 esse
3223 4608 3350 4661 Bai-

114 4691 390 4746 πολλοστῶν
437 4695 733 4764 μετρητῶν
769 4714 930 4750 τινων
973 4698 1070 4751 καὶ
1105 4699 1380 4767 ἐκκρίτων
1422 4700 1661 4770 ἀκροσου

114 4778 317 4849 λιςμοῦς
345 4785 709 4855 ποιήσασθαι,
740 4785 830 4840 ἵνα
860 4787 1112 4855 ὲιζτεῦθεν
1142 4787 1373 4855 ἔνδειξιν
1417 4806 1539 4842 τινα
1567 4791 1660 4843 καὶ

1770 4700 1957 4755 mundi
1990 4699 2290 4754 exercitum
2312 4698 2355 4766 ),
2391 4697 2588 4753 deinde
2618 4700 2762 4767 quod
2817 4714 3029 4770 nupero
3060 4715 3184 4753 cum
3210 4692 3350 4752 'Ro-

1770 4793 1929 4847 berto
1953 4788 2209 4847 conflictu
2239 4796 2501 4860 expertus
2562 4789 2774 4857 fuerat,
2815 4791 3051 4862 primum
3084 4792 3345 4860 impetum

1124 4927 1328 4989 Varie:
1368 4927 1678 4990 lectiones
1720 4946 1795 4990 ex
1828 4926 1970 4989 cod.
1996 4924 2269 4987 Coislin.

164 5046 205 5077 ει
230 5047 437 5117 θὼμά

111 5116 493 5190 ξβαῖμούνδου.
549 5119 642 5173 Sic
694 5116 906 5189 semper
964 5132 1173 5190 postea.

110 5185 141 5259 TA
152 5188 236 5259 ὲρυ
244 5191 531 5259 μνοτάτην.
655 5191 678 5222 ⁸
711 5185 853 5245 κατά
884 5185 1050 5259 μῆνα.

112 5255 146 5285 ¹⁹
170 5255 513 5328 Βαῖμούνδοὺ.

1304 5120 1557 5187 γεγόναν.

440 5049 663 5121 νοω-7⁸⁸
698 5050 1092 5121 προυτρέπετο.
1133 5051 1181 5082 ’⁸
1202 5050 1458 5121 ἑδράσας.
1511 5051 1557 5083 ³⁷
1595 5051 1827 5107 ἐκείνου.
1903 5050 1951 5084 ⁸⁸
1985 5050 2145 5121 Deest
2170 5062 2275 5101 vox
2310 5047 2544 5121 πολλῶν.
2581 5049 2629 5121 ’f
2664 5048 2896 5121 μόθωνα
2931 5050 2946 5081 ²
2981 5048 3340 5117 Βαῖμοῦνδος.

1656 5121 1677 5152 ⁸
1706 5122 1869 5176 Deest
1934 5137 2041 5174 vox
2107 5119 2521 5189 διακειμένους.
2566 5120 2614 5189 ,⁵
2647 5120 2951 5171 ὁπλιτικόν.
3027 5122 3048 5151 ⁵
3081 5120 3341 5189 ἐπήξατο.

1160 5191 1181 5222 ⁹
1208 5190 1397 5259 καιρὸς
1433 5190 1537 5260 ῆδη
1571 5208 1664 5261 παι

1774 5234 1775 5247 χ
1826 5190 1916 5247 τά.
1956 5190 2048 5244 Sic
2109 5188 2518 5256 manuscriptus
2548 5187 2834 5258 distinguit
2889 5189 3047 5244 colon
3102 5187 3330 5258 periodi.

1124 5324 1266 5386 Car.
1305 5323 1633 5385 Dut‘resnii
1671 5326 1771 5386 Du
1801 5324 2024 5403 Cangii
2056 5333 2249 5389 notae.

162 5430 267 5499 (Ξὸ)
320 5432 559 5497 Ἦττης.
616 5430 839 5486 Cladem
889 5428 1189 5484 Boemundi
1252 5426 1320 5480 ad
1365 5426 1639 5499 Larissam

108 5495 355 5571 immugit,
406 5495 566 5571 quam
630 5504 731 5555 hoc
782 5500 923 5555 libro
997 5508 1408 5554 commemorat.
1493 5495 1644 5551 Adde

105 5566 349 5625 Zonaram
361 5614 373 5631 .
408 5566 529 5641 pag.
563 5571 691 5641 236.

164 5642 267 5709 (26)
308 5637 725 5709 Μῆἰ-ιίΜάίον.
761 5640 921 5695 Anno
962 5638 1175 5695 scilicet
1199 5639 1332 5695 Chr.
1376 5637 1533 5692 1083.

164 5713 270 5778 (27)
316 5715 722 5766 'Ardzoaa'tor.
768 5711 1007 5764 Primum
1030 5710 1310 5765 Gallorum
1378 5711 1642 5777 impetum

107 5784 484 5840 atrocissimum
507 5797 721 5851 semper
741 5782 932 5846 fuisse,
962 5791 1019 5835 ut
1042 5796 1141 5837 nec
1160 5782 1415 5837 sustineri
1438 5786 1646 5848 posset,

1750 5434 2025 5504 testantur
2075 5430 2278 5504 passim
2348 5429 2669 5497 scriptores,
2728 5429 3001 5504 Memnon,
3029 5503 3032 5504 ν
3061 5431 3341 5504 Polybius,

1752 5498 1885 5550 lib."
1908 5497 2112 5567 Livius,
2139 5500 2231 5552 lib.
2257 5515 2397 5553 xxvn
2421 5517 2436 5564 ;
2456 5515 2618 5552 xxxrv
2640 5507 2693 5552 et
2714 5515 2955 5567 xxmu;
2984 5497 3340 5559 Silius'ltalic.

1751 5567 1845 5641 lib.
1878 5583 1970 5641 vui
2006 5585 2019 5621 :
2058 5566 2505 5641 Frontinus._l_ib.
2539 5585 2587 5641 tt
2611 5576 2716 5641 etc.
2738 5569 2868 5626 Vide
2886 5566 3149 5641 praeterea
3191 5590 3342 5629 eam-

1753 5638 1875 5689 dem
1914 5640 2125 5690 Annam
2153 5653 2273 5708 pag.
2336 5638 2496 5708 154,
2528 5640 2653 5703 135,
2718 5641 2843 5708 285,
2886 5638 3007 5697 ’525
3040 5659 3077 5705 ;η
3117 5642 3337 5698 Petrum

1758 5708 1905 5783 Iliae.
1938 5708 2040 5783 _lib.
2067 5723 2153 5772 Iv;
2187 5707 2434 5783 Cfironic.
2458 5707 2680 5783 _Ca»ssin.
2705 5726 2826 5783 cap.
2857 5713 2946 5774 ιι,
2972 5724 3025 5783 et
3051 5710 3211 5769 Joau.
3243 5713 3343 5769 Sa-

1755 5777 2166 5844 risberieusem,
2196 5779 2289 5834 lib.
2321 5794 2373 5833 vr
2410 5796 2424 5846 ;
2458 5777 2729 5850 Polycrat.
2774 5777 2892 5851 cap.
2924 5782 3007 5835 16.

3258 367 3459 432 398'
