3830 6566
436 350 551 416 399

1722 347 1949 409 ΑΝΝᾸΞ
1990 346 2369 408 ΟΟΜΝΕΝΕ

3599 349 3703 416 400

444 448 717 538 equitatus
742 465 931 520 Gallici
961 465 1116 535 plane
1136 461 1544 519 ineluctabilem
1571 476 1712 518 esse.
1744 463 2020 517 Delibatos

2127 463 2224 530 τῆς
2281 461 2360 531 τῷ
2440 457 2763 530 Βαῖμούντῳ
2827 458 3248 532 ἐνυπαρχούσης
3324 469 3699 534 στρατηγικῆς

446 563 616 630 igitur
662 557 1007 613 exuuiversa
1058 556 1176 610 acie
1233 555 1501 609 lectorum
1560 555 1792 608 militum
1860 551 2022 624 134

446 656 638 723 globos
669 649 902 707 subinde
940 649 1219 703 missitare
1254 647 1475 711 institit,
1510 647 1602 716 qui
1634 647 1847 701 hostem
1883 648 2022 699 emi-

446 760 551 799 nus
577 740 870 812 jaculando
927 740 1277 803 lacesserent,
1313 747 1372 791 ut
1407 754 1473 792 ex
1513 736 1865 792 successibus
1906 736 2023 789 sin-

444 837 714 905 gulariom
751 829 1156 899 manipulorum
1220 828 1450 882 minimo
1499 828 1741 897 periculo
1793 825 2024 879 velitau-

443 928 604 987 titnn,
652 924 939 992 augurium
993 922 1061 975 de
1100 936 1196 990 spe
1252 928 1365 975 tota
1406 935 1470 973 ac
1503 920 1721 973 fortuna
1781 914 2023 971 universi

444 1017 615 1087 praelii
639 1030 831 1083 capere
860 1022 1064 1082 passet,
1091 1020 1388 1082 posteaque
1420 1011 1671 1065 securius
1702 1018 1755 1063 et
1787 1012 2023 1078 pruden-

441 1113 549 1165 tius
587 1123 821 1180 pugnam
874 1105 1237 1160 committere.
1295 1102 1389 1157 Sic
1416 1102 1582 1171 igitur
1625 1102 1679 1155 in
1723 1108 2020 1169 conspectu

440 1215 638 1258 mutuo
693 1198 886 1271 positis
939 1206 995 1252 et
1044 1204 1258 1250 certare
1332 1193 1596 1263 utrinque
1657 1191 2021 1263 gestientibus

440 1292 797 1356 exercitibus,
847 1299 1112 1359 reputans
1153 1302 1369 1356 semper
1416 1286 1603 1339 animo
1638 1284 1863 1339 Alesius
1905 1284 2020 1353 pri-

441 1403 589 1441 mam
624 1386 769 1439 illam
826 1382 1022 1452 quavis
1058 1379 1349 1435 resistendi
1392 1377 1701 1433 constantia
1755 1376 2019 1446 majorem

442 1480 765 1537 Latinorum
817 1474 1091 1530 ruentium
1144 1474 1271 1537 vim,
1310 1472 1414 1526 tale
1470 1470 1732 1540 quiddam
1778 1469 1846 1523 ad
1899 1482 2020 1523 eam

441 1572 746 1630 sistendum
791 1566 1234 1622 lrustrandamve
1265 1574 1609 1619 commentus
1638 1569 1742 1618 est.
1762 1561 2020 1617 Leviores

442 1666 714 1735 quosdam
741 1660 953 1731 paravit
998 1672 1219 1719 currus,
1252 1655 1454 1725 quibus
1508 1655 1798 1723 pauciores
1853 1669 2017 1724 quam

442 1765 607 1826 vulgo
631 1754 791 1817 solet,
840 1752 943 1805 boc
987 1758 1071 1803 est
1097 1757 1335 1817 quatuor
1369 1746 1638 1800 duntaxat
1676 1745 1855 1800 inﬁxit
1888 1760 2020 1799 con-

2128 555 2439 624 ἐπιστήμης
2472 555 2649 624 σχοίη,
2676 554 2770 608 καὶ
2792 554 3016 621 γένοιτό,
3038 556 3080 585 ¹⁸
3118 555 3169 607 oi
3196 553 3287 608 διὰ
3313 556 3421 608 τῶν
3454 558 3700 626 μερικῶν

2127 650 2449 723 προσϐολῶν
2486 652 2527 681 ¹¹
2556 652 2658 719 τὴν
2707 648 2802 703 τοῦ
2834 650 2956 702 ὅλου
2996 650 3201 717 γνῶσιν
3235 651 3540 719 ἐσχηκέναι
3572 654 3701 704 κάν-

2123 744 2315 796 τεῦοεν
2360 743 2454 806 ξὺν
2492 741 2773 811 ἐπιστήμῃ
2820 740 3171 811 βεϐαιότερον
3197 740 3335 811 πρὸς
3365 742 3457 794 τὸν
3491 743 3695 797 Κελτδν

2124 832 2697 901 ἀντιπαρατάξασθαι.
2760 830 2917 884 (οὓτω
2984 831 3119 899 γοῦν
3176 832 3247 884 τὰ
3306 833 3702 903 στρατεύματα

2126 929 2246 981 κατ’
2282 927 2529 995 ἀλλήλων
2574 924 2899 994 ἐσφάδαζεν.
2943 924 3005 977 ὐ
3049 924 3102 977 δὲ
3148 925 3403 995 βασιλεὺς
3432 928 3533 997 τὴν
3578 926 3704 978 ἀνύ-

2125 1036 2347 1074 ποιστον
2403 1019 2513 1069 τῶν
2568 1016 2816 1070 Λατίνων
2858 1014 3047 1080 δεδιὼς
3092 1018 3320 1088 πρώτην
3362 1017 3700 1088 προσϐολὴν,

2125 1114 2310 1165 καινόν
2343 1128 2396 1164 τι
2426 1112 2592 1165 ποιεῖ.
2616 1109 2860 1178 Ἀμάξας
2888 1112 3225 1177 κουφοτέρας
3249 1111 3696 1173 κατασκευάσας,

2125 1204 2218 1257 καὶ
2260 1202 2367 1255 τῶν
2405 1199 2656 1270 συνήθων
2707 1200 2906 1270 ἥττους
2942 1199 3031 1267 ἐφ’
3070 1199 3278 1269 ἑκάστῃ
3316 1198 3528 1251 τούτων
3579 1216 3700 1251 κονο

2123 1294 2249 1357 τοὺς
2304 1292 2531 1361 ἐνέπηξε
2596 1291 2908 1360 τέσσαρας,
2958 1290 3053 1343 καὶ
3114 1290 3315 1354 πεζοὺς
3361 1289 3700 1360 ὁπλοφόρους

2123 1383 2443 1452 ἐπέστησεν,
2470 1381 2611 1434 ὥστε
2642 1381 2877 1451 ὁπηνίκα
2910 1381 2959 1433 οἱ
3010 1382 3229 1433 Λατῖνοι
3267 1380 3421 1443 ὅλους
3448 1381 3695 1449 ῥυτῆρας

2122 1475 2457 1547 χαλάσαντες
2509 1474 2653 1527 κατὰ
2708 1475 2806 1542 τῆς
2865 1473 3186 1542 Ῥωμαῖκῆς
3234 1474 3548 1543 ὁρμήσουσι
3601 1474 3698 1539 φά-

2120 1566 2324 1635 λαγγος
2362 1566 2459 1627 τὰς
2510 1564 2727 1635 ἀμάξας
2777 1564 3040 1618 ὠθεῖσθαι
3074 1564 3264 1634 πρόσω
3328 1565 3417 1618 διὰ
3454 1564 3570 1617 τῶν
3603 1566 3700 1632 ὑφ-

2125 1657 2434 1728 ισταμένων
2464 1656 2786 1727 ὁπλοφόρων
2835 1656 3047 1722 πεζῶν,
3088 1656 3153 1708 ἵν’
3200 1655 3344 1709 οὕτω
3374 1656 3436 1709 τὸ
3477 1656 3698 1725 συνεχὲς

2121 1751 2480 1819 διακόπτηται
2529 1748 2623 1801 τοῦ
2685 1748 3066 1812 συνασπισμοῦ
3106 1749 3217 1800 τῶν
3270 1748 3545 1800 Λατίνων.
3595 1750 3699 1801 Καὶ

443 1817 568 1904 vos:
607 1845 703 1900 llis
750 1843 964 1913 pedites
1024 1838 1285 1908 imposuit
1322 1837 1605 1904 loricatos,
1662 1852 1803 1908 quos
1852 1835 2020 1905 jussit

2127 1843 2247 1895 ἐπεὶ
2297 1817 2491 1907 καιρὸς
2544 1837 2784 1906 πολέμου
2844 1837 3048 1907 παρῆν,
3080 1834 3174 1889 τοῦ
3234 1834 3385 1905 ἡλίου
3440 1835 3548 1905 ἤδη
3605 1830 3697 1887 τοῦ

442 1940 531 1994 ubi
562 1937 799 2009 primum
831 1933 1107 1987 irruentes
1142 1928 1284 1985 fusis
1317 1928 1548 1983 habenis
1576 1928 1801 1984 Latinos
1828 1942 2021 1984 cerne-

437 2039 582 2094 rent,
617 2041 813 2083 currus
846 2025 899 2079 in
952 2038 1242 2078 occursum
1278 2022 1617 2092 propellere:
1658 2036 1779 2091 (pia:
1810 2035 1898 2075 res
1928 2035 2023 2076 ne-

438 2121 681 2178 cessario
733 2128 1050 2174 contextum
1115 2113 1405 2185 phalangis
1476 2121 1531 2170 et
1579 2120 2018 2170 contesseratum

441 2215 581 2271 aciei
610 2228 809 2268 nexum
841 2218 1165 2281 perruptura
1190 2217 1328 2264 erat.
1359 2207 1530 2263 Adest
1558 2221 1687 2263 ecce
1710 2207 1845 2262 hora
1883 2222 2020 2277 prae-

441 2311 505 2366 lii
538 2306 890 2364 commodum
938 2308 1132 2357 exorto
1164 2300 1279 2356 sole
1304 2314 1510 2370 perque
1551 2300 1748 2353 sudum
1794 2299 1862 2352 ab
1892 2307 2017 2352 ortu

441 2402 753 2458 renidente.
806 2396 983 2451 Struit
1023 2395 1322 2464 lmpcrator
1354 2393 1528 2446 aciem
1575 2406 1753 2462 eaque
1783 2391 1885 2448 sibi
1934 2391 2020 2445 lo-

440 2510 565 2550 cum
592 2494 645 2546 in
684 2489 859 2545 media
885 2486 1075 2543 sumit.
1107 2482 1440 2538 Baimundus
1474 2492 1756 2553 promptus
1791 2485 1858 2537 ad
1883 2497 2041 2552 prte-~

438 2586 598 2650 lium,
626 2598 726 2638 nec
753 2582 1053 2650 imparatus
1083 2574 1621 2639 adversusinsidias,
1646 2575 1726 2629 sic
1757 2582 2017 2644 tanquam

440 2681 601 2751 plane
654 2684 995 2744 compertum
1034 2669 1258 2724 haberet
1309 2668 1441 2738 quid
1492 2676 1687 2723 contra
1740 2667 2023 2721 machina-

443 2780 533 2823 tus
566 2775 712 2822 esset
744 2764 989 2826 Alexius,
1020 2761 1268 2816 ordinem
1310 2758 1444 2815 aciei
1479 2774 1593 2814 suae
1626 2766 1825 2823 mutat,
1855 2764 2023 2827 prout

441 2875 689 2933 prtesens
721 2858 980 2928 poscebat
1013 2868 1170 2909 usus.
1206 2853 1399 2907 Divisit
1439 2852 1584 2909 enim
1621 2851 1871 2907 bifariam
1925 2864 2022 2905 co-

443 2956 564 3025 pias
586 2994 600 3017 ,
642 2953 1012 3018 curribusque
1034 2948 1090 3000 in
1123 2944 1303 3000 medio
1339 2945 1566 3009 relictis,
1606 2945 1882 3013 utrimque
1904 2958 2023 2997 ma-

441 3062 547 3119 gno
579 3047 783 3112 impetu
818 3042 870 3095 in
905 3041 1207 3093 ltomanam
1239 3036 1516 3092 invehitur
1554 3039 1745 3091 aciem.
1783 3035 2019 3090 Miscen-

2120 1932 2399 2005 ὁρίζοντος
2441 1931 2713 2001 λαμπρῶς
2762 1929 3209 1999 ὑπερκύψαντος,
3256 1929 3285 1981 ό
3332 1928 3698 1997 αὐτοκράτωρ

2120 2025 2218 2090 τάς
2282 2024 2573 2095 φάλαγγας
2630 2023 2712 2086 είς
2787 2022 3033 2091 πολέμου
3092 2021 3263 2075 τύπον
3312 2020 3695 2090 καταστήσας,

2118 2116 2283 2180 αὐτὸς
2333 2117 2393 2169 τὸ
2445 2115 2783 2185 μεσαίτατον
2846 2109 3014 2185 εἶχεν.
3072 2113 3131 2167 '0
3182 2112 3313 2182 γοῦν
3365 2111 3699 2183 Βαῖμοῦντος

2119 2209 2221 2264 οὐκ
2278 2209 2569 2281 άνέτοιμος
2617 2209 2719 2279 τῆς
2771 2210 2956 2278 μάχης
3016 2207 3510 2276 συγκροτουμένης
3570 2206 3702 2275 πρὸς

2119 2303 2211 2358 τὸν
2267 2303 2311 2335 ¹⁸
2370 2302 2623 2374 μηχανὴν
2680 2302 2856 2371 ἐφάνη
2917 2299 3012 2353 τοῦ
3064 2300 3499 2371 αὐτοκράτορος.
3558 2296 3702 2350 Ἀλλ’

2123 2395 2315 2466 ῶσπερ
2363 2395 2635 2465 προγνοὺς
2676 2393 2736 2446 τὸ
2786 2391 3234 2463 βεϐουλευμένον,
3286 2390 3701 2461 μεθαρμόζεται

2121 2488 2260 2560 πρὸς
2318 2490 2380 2541 τὸ
2428 2486 2725 2556 ξυμπεσὸν,
2766 2485 2861 2537 καὶ
2907 2486 3009 2546 τὰς
3068 2484 3210 2547 ίδίας
3260 2483 3531 2553 δυνάμεις
3580 2481 3699 2552 δίχα

2121 2581 2333 2647 διελὼν,
2363 2581 2457 2634 καὶ
2506 2580 2603 2642 τὰς
2653 2577 2872 2645 ἁμάξας
2933 2576 3305 2645 παρεκκλίνας
3337 2577 3403 2640 ¹⁸,
3428 2574 3581 2628 κατὰ
3607 2574 3701 2643 τῆς

2134 2674 2449 2744 Ῥωμαῖκῆς
2482 2668 2827 2741 ἑκατέρωθεν
2854 2669 3069 2722 ἵσταται
3094 2666 3285 2741 [ἵεται]
3314 2666 3697 2733 παρατάξεως.

2122 2768 2235 2820 Καὶ
2266 2765 2549 2835 φάλαγγες
2595 2762 2695 2831 μὲν
2748 2760 2990 2831 φάλαγξι
3021 2760 3328 2831 τηνικαῦτα
3379 2759 3701 2829 ἐμίγνυντο,

2123 2859 2217 2911 καὶ
2249 2857 2441 2925 ἀνέρες
2471 2854 2699 2925 ἀνδράσι
2735 2851 2879 2906 κατά
2928 2853 3104 2922 στόμα
3136 2853 3426 2921 ἐμάχοντο.
3461 2851 3624 2903 Οὕτω
3646 2850 3699 2903 δὲ

2122 2948 2332 3003 πολλῶν
2372 2946 2717 3014 ἑκατέρωθεν
2746 2947 2803 2998 ἐν
2830 2944 2905 3015 τῷ
2948 2944 3221 3013 μάχεσθαι
3255 2942 3559 3007 πεσόντων,
3604 2942 3701 3007 τὴν

2127 3042 2229 3112 μὲν
2251 3040 2493 3094 νικῶσαν
2526 3036 2637 3108 (28)
2671 3033 2815 3107 εἶχεν
2845 3038 2872 3089 ό
2904 3034 3265 3106 Βαῖμοῦντος,
3296 3036 3323 3087 ὁ
3347 3034 3406 3087 δέ
3432 3049 3497 3101 γε
3535 3034 3699 3085 αύτο-

442 3148 533 3193 tur
572 3134 937 3207 phalaugihus
970 3126 1287 3201 phalanges,
1320 3127 1420 3184 viri
1455 3144 1580 3184 cum
1606 3128 1740 3184 viris
1770 3130 2020 3183 cominus

2127 3136 2345 3205 κράτωρ
2412 3132 2664 3201 καθάπερ
2713 3148 2797 3193 τις
2867 3129 3078 3199 πύργος
3143 3127 3445 3197 άκλόνητος
3510 3127 3702 3179 ἵστατο

441 3229 912 3300 congrediuntur;
963 3222 1117 3277 multi
1180 3220 1439 3293 utrinque
1500 3219 1736 3287 cadunt;
1795 3221 2014 3275 tandem

443 3322 699 3375 vincente
746 3314 1078 3376 Baimundo,
1122 3313 1305 3368 stabat
1346 3321 1525 3367 tamen
1569 3313 1870 3382 imperator
1913 3312 2015 3365 im-

446 3413 798 3485 perterritus,
838 3409 1007 3461 turris
1043 3407 1217 3459 instar
1237 3406 1605 3469 inconcussae,
1623 3404 1693 3459 ab
1711 3406 1860 3459 omni
1892 3406 2018 3459 licet

446 3514 601 3576 parte
634 3503 757 3558 telis
785 3517 847 3555 ac
899 3499 1099 3569 iaculis
1134 3499 1357 3567 petitus.
1390 3498 1467 3552 Ac
1506 3512 1655 3552 nunc
1688 3511 1854 3565 eques
1884 3495 2024 3550 inle-

441 3607 562 3651 stus
589 3595 642 3648 in
668 3593 929 3647 adversos
953 3590 1197 3644 irruebat
1215 3589 1422 3654 Gallos,
1456 3603 1676 3643 manum
1696 3603 2017 3655 conserens,

444 3687 788 3754 cadensque,
828 3694 881 3738 et
904 3682 1142 3737 vicissim
1197 3681 1499 3749 vapulans:
1551 3694 1700 3735 nunc
1753 3680 2022 3751 fugientes

446 3792 576 3832 suos
608 3776 817 3831 crebris
848 3772 1187 3829 clamoribus
1244 3787 1529 3827 revocans.
1568 3768 1635 3827 Ut
1673 3781 1853 3827 autem
1888 3772 2022 3842 plta-

447 3871 635 3938 langes
661 3882 792 3921 suas
823 3866 878 3919 in
900 3875 1081 3934 partes
1104 3864 1368 3932 plurimas
1398 3862 1668 3918 dissectas
1694 3863 2027 3931 discerptas-

446 3974 554 4029 que
577 3957 731 4020 vidit,
764 3955 985 4011 tandem
1028 3954 1268 4009 decrevit
1298 3968 1357 4007 se
1408 3951 1511 4007 sibi
1543 3952 1830 4007 consulere
1857 3966 2024 4021 opor-

450 4056 605 4102 tere:
661 4061 772 4099 non
822 4044 935 4099 ullo
993 4042 1080 4099 ille
1127 4042 1348 4113 quidem
1418 4042 1677 4112 degeneri
1733 4050 2024 4111 correptus

2123 3228 2181 3293 ἐξ
2211 3225 2475 3293 ἐκατέρου
2507 3223 2709 3294 μέρους
2740 3220 3091 3292 βαλλόμενος,
3115 3222 3206 3273 καὶ
3229 3220 3362 3272 ὅπου
3394 3219 3495 3287 μὲν
3525 3218 3701 3270 ἱππα-

2125 3318 2355 3389 ζόμενος
2391 3316 2532 3371 κατὰ
2576 3313 2686 3368 τῶν
2726 3314 2995 3368 ἐπιόντων
3041 3311 3264 3367 Κελτῶν
3303 3312 3398 3365 καὶ
3456 3310 3708 3379 συμπλε-

2124 3412 2354 3487 κόμενος
2394 3408 2576 3472 ἐνίοις,
2612 3407 2884 3475 πλήττων,
2926 3407 3022 3459 καὶ
3057 3404 3285 3457 κτείνων
3338 3402 3434 3457 καὶ
3467 3403 3706 3471 πληττόο

2129 3521 2311 3574 μενος,
2336 3504 2469 3556 ὅπου
2507 3501 2564 3554 δὲ
2603 3501 2699 3553 καὶ
2744 3502 2872 3562 τοὺς
2908 3498 3215 3568 φεύγοντας
3246 3499 3464 3566 συχνοῖς
3497 3495 3708 3565 ἐμόοήο

2132 3612 2299 3665 μασιν
2350 3593 2762 3664 ἀνακτώμενος.
2821 3592 2910 3655 Ὠς
2947 3591 2995 3644 δ’
3041 3593 3123 3653 είς
3182 3591 3324 3659 μέρη
3381 3588 3565 3640 πολλὰ
3615 3592 3711 3645 τας

2130 3686 2421 3755 φάλαγγας
2454 3681 2884 3746 διασπασθείσας
2923 3681 3092 3751 ἐώρα,
3126 3680 3240 3733 δεῖν
3282 3679 3584 3747 ἐλογίσατο
3617 3678 3710 3730 καὶ

2130 3778 2294 3840 αὐτὸς
2324 3776 2501 3847 ἐαυτῷ
2523 3776 2584 3829 τὸ
2622 3774 2862 3844 ἀσφαλὲς
2901 3771 3393 3845 περιποιήσασθαι,
3417 3770 3480 3823 ού
3508 3769 3707 3821 σώσων

2134 3866 2349 3929 ἐαυτὸν,
2380 3866 2489 3919 οὐδ’
2530 3867 2572 3898 ⁸⁸
2606 3866 2712 3919 ὕπὸ
2743 3866 2947 3926 δειλίας
2998 3862 3313 3933 συγχυθεὶς,
3355 3862 3432 3924 ὡς
3473 3861 3624 3930 τάχα
3646 3860 3713 3913 άν

2130 3976 2214 4022 τις
2245 3959 2413 4021 είποι,
2452 3958 2568 4011 ἀλλ’
2606 3958 2657 4011 εί
2682 3976 2787 4011 που
2818 3957 2910 4010 τὸν
2937 3957 3189 4010 κίνδυνον
3223 3955 3291 4009 δι’
3326 3956 3391 4007 ἐκ
3424 3954 3623 4022 φυγὼν
3646 3952 3709 4013 ⁸⁸.

2132 4049 2227 4104 καὶ
2279 4050 2676 4121 συλλεξάμενος
2727 4050 2923 4104 ἐαυτὸν
2976 4045 3137 4111 αὖθις
3169 4047 3562 4115 γενναιότερον
3594 4044 3708 4106 τοῖς

1518 4183 1721 4247 νοτία)
1748 4182 2057 4247 lectiones
2097 4201 2175 4247 ex
2205 4186 2343 4248 cod.
2367 4186 2639 4250 Coislin.

537 4291 575 4321 “
602 4286 830 4360 γένηταί
854 4285 927 4341 οἱ.
1019 4286 1061 4318 ¹¹
1093 4284 1398 4358 προϐολῶν.
1474 4286 1518 4318 ⁸³
1548 4288 1670 4358 τήν.

1752 4287 1796 4319 ⁸⁵
1823 4287 2217 4358 παρεγκλίνας.

2295 4290 2339 4322 η
2374 4288 2513 4344 οὔθ’.
2570 4289 2614 4322 ⁸⁸
2640 4288 2973 4359 διεκφυγὼν.

1505 4423 1651 4485 Car.
1695 4420 2028 4484 Dufresnii
2062 4426 2161 4487 Du
2187 4425 2412 4506 Cangii
2440 4433 2628 4491 notae.

532 4534 641 4609 (28)
674 4533 794 4609 Τὴν
819 4529 1089 4609 νικῶσαν
1149 4523 1336 4609 alges“.
1381 4524 1749 4609 _Expugnatis
1800 4523 2021 4607 Joanni-

2202 4530 2283 4609 4‘d
2310 4530 2695 4609 pervadendan‘i
2729 4529 2939 4609 facilem
2965 4530 3161 4609 vicinia
3189 4527 3386 4609 reddit.

458 4595 569 4669 nis,
596 4595 663 4659 a'd
694 4595 908 4665 Artaut,
942 4595 1236 4669 urbetttﬁad
1273 4597 1626 4669 Ambracium
1642 4595 1835 4669 Δεἰιῃιιῐι
1869 4596 2023 4669 posi-

459 4664 595 4739 tam,
630 4683 810 4739 castra
846 4664 1111 4726 statuerat
1134 4667 1486 4739 Boemundus
1521 4682 1537 4730 ;
1566 4666 1681 4739 qui,
1712 4664 2024 4739 dum_obsi-

459 4734 641 4810 detur,
669 4734 825 4812 opem
866 4741 997 4794 dare
1030 4738 1216 4812 volens
1244 4736 1490 4812 Alexius,
1518 4751 1545 4787 a
1580 4734 1905 4812 Boemundo
1944 4734 2028 4812 iu-

461 4805 639 4890 gatur;
664 4805 839 4890 “lianc
894 4807 1236 4890 Boemlutntlin
1256 4805 2024 4890 victoriam"narrantHMala-

467 4872 637 4951 ferre,
664 4886 758 4937 lib.
783 4898 859 4944 Ill,
895 4877 1119 4951 eap._29
1148 4892 1161 4939 ;
1195 4874 1508 4951 0rd_erieus_
1531 4872 1751 4951 Vitatis.
1804 4875 1899 4928 lib.
1926 4890 2019 4937 vn,

466 4974 590 5029 pag.
621 4945 725 5010 liii
758 4971 772 5017 ;
800 4962 867 5029 et_
908 4945 1568 5029 Willelmus"blaltitesliq
1733 4960 1814 5005 Ill,
1893 4960 2018 5029 pag.

476 5013 593 5091 illi,
628 5013 927 5095 prazs'ertim
958 5031 1087 5072 vero
1146 5013 1362 5072 Guillel.
1431 5015 1594 5086 Apul.
1649 5015 1744 5070 lib.
1804 5032 1832 5070 ν
1892 5013 2041 5070 [ηερε

466 5098 716 5154 versibus
744 5109 760 5144 :

538 5189 670 5243 Post
701 5183 788 5238 ubi
825 5180 1106 5235 Robcrtum
1132 5180 1369 5250 cognatit
1392 5179 1610 5233 Alexius
1651 5194 1763 5232 esse

542 5258 773 5327 Equore
793 5254 1327 5327 transvectum,_vires
1359 5266 1606 5327 reparare
1637 5250 1867 5301 minutas

540 5321 771 5390 Niittur,
800 5323 1129 5392 absentisque
1154 5321 1302 5373 ducis
1345 5321 1660 5388 perfringere
1687 5327 1886 5372 castra.

545 5398 672 5453 Hice
698 5398 799 5448 duo
836 5395 1114 5447 servabant
1141 5393 1188 5445 vi
1218 5393 1536 5460 coitsilioque
1559 5400 1815 5457 palentes,

543 5469 715 5523 Filius
744 5464 832 5517 ille
857 5463 1004 5517 ducis
1028 5462 1387 5528 Boemundus,
1412 5474 1461 5515 et
1495 5466 1590 5515 iste
1609 5460 1856 5515 Brienas.

543 5538 703 5593 [laud
725 5537 906 5601 procul
936 5552 966 5586 a
999 5534 1219 5595 Jamua,
1256 5548 1356 5585 non
1386 5534 1533 5600 parvi
1564 5532 1790 5585 nominis
1818 5530 1963 5589 urbe.

541 5608 708 5679 296
739 5604 917 5679 [fartis
942 5604 1177 5656 AleIimc
1208 5602 1429 5679 populus
1454 5619 1554 5679 sua
1578 5614 1756 5679 castra
1784 5601 2010 5654 locarat.

478 5734 483 5737 ,
541 5672 1055 5745 ᾙῖιῖιρίίοὶρητιεηι
1088 5677 1368 5740 ρνωηιιιηίι
1400 5674 1618 5726 Alexius
1646 5672 1797 5745 illam

548 5744 1109 5815 Obiceplaustrorum,
1139 5761 1298 5814 quam
1340 5746 1519 5810 prrria
1548 5744 1792 5812 plunicici

2212 4599 2408 4653 Ferrea
2448 4616 2566 4651 cum
2597 4599 2808 4652 tribulis
2840 4616 3015 4654 omnes
3047 4601 3293 4653 saliunca
3324 4599 3534 4649 viarum

2204 4668 2469 4737 l’ru'pcdit
2496 4687 2758 4733 accessus,
2796 4680 2851 4723 ut
2884 4670 3023 4722 laxis
3056 4670 3223 4722 hostis
3255 4669 3476 4721 habenis

2218 4739 2352 4791 Dum
2385 4740 2617 4792 dimittet
2642 4756 2821 4807 equos,
2845 4740 3062 4804 pedibus
3093 4741 3292 4808 ﬁgatur
3323 4752 3607 4805 equorum.

2201 4809 2264 4862 At
2292 4809 2481 4863 nebula
2502 4808 2743 4861 Danaum
2768 4820 3072 4876 prospectus
3106 4810 3444 4877 impediente,

2210 4878 2345 4947 Illuc
2382 4878 2680 4932 Normanni
2712 4896 2801 4945 per
2832 4880 3021 4931 vitibus
3047 4896 3234 4946 aspera
3263 4880 3466 4941 densis,

2208 4950 2469 5019 I’lenaque
2502 4952 2723 5002 carectis
2766 4950 2879 5001 loca
2915 4966 3188 5011 pervenere
3215 4948 3461 5019 latenter.

2227 5018 2410 5073 Obstat
2428 5019 2772 5089 congrediens
2806 5020 3077 5087 paulisper
3107 5020 3337 5089 Alexius
3368 5018 3481 5072 illis
3510 5035 3529 5071 :

2222 5089 2325 5143 Sed
2356 5108 2457 5142 non
2491 5088 2746 5141 instantes
2780 5092 3002 5156 su/ferre
3058 5090 3259 5142 diutius
3300 5088 3425 5142 illos

2222 5160 2456 5220 Evaluit,
2482 5162 2726 5227 petiitque
2757 5160 2963 5228 fugam,
3010 5160 3277 5228 victusque
3309 5159 3551 5211 recessit.

2216 5228 2405 5282 Urbem
2442 5229 2730 5282 Thessalia:
2758 5238 3041 5293 superatus
3077 5227 3250 5281 Marte
3298 5230 3533 5282 secundo

2210 5301 2411 5367 Appetit
2433 5301 2713 5368 egregiam,
2748 5300 2928 5369 vulgus
2958 5299 3091 5351 hanc
3121 5306 3272 5353 vocat
3304 5297 3644 5353 Salonichin.

2141 5390 2294 5443 Anna
2337 5405 2444 5443 non
2471 5389 2939 5453 Thessalonicam,
2975 5389 3067 5444 sed
3096 5386 3387 5443 Acliridem
3426 5400 3549 5456 post
3574 5390 3715 5444 lianc

2144 5460 2351 5513 cladem
2380 5462 2629 5512 Alexium
2665 5462 2879 5512 venisse
2931 5460 3123 5513 scribit
3153 5478 3167 5525 ;
3206 5460 3259 5513 in
3325 5460 3549 5512 ca'teris
3584 5476 3717 5511 con-

2146 5532 2307 5583 sentit
2341 5528 2687 5593 Guillelmus,
2721 5529 2821 5582 nisi
2864 5531 3008 5598 quod
3040 5532 3283 5595 unicam,
3344 5544 3425 5598 ex,
3473 5530 3719 5598 duabus,

2148 5616 2283 5668 quas
2312 5600 2427 5665 ipsa
2475 5603 2722 5666 agImscit
2760 5597 2940 5663 Anna,
3006 5599 3246 5652 victoriis
3292 5597 3541 5653 conlisit.
3580 5597 3717 5650 Nam

2158 5673 2212 5722 in
2248 5686 2308 5737 pr
2331 5672 2409 5723 ori
2448 5672 2634 5737 praelia
2668 5672 3036 5739 plaustrorum
3082 5673 3256 5731 obice,
3294 5671 3346 5721 in
3408 5669 3589 5723 altero
3618 5678 3716 5721 trt-

2156 5743 2296 5794 bults
2329 5756 2486 5796 usum
2518 5740 2766 5794 Alexmtn
2794 5742 2943 5793 Anna
2968 5752 3382 5794 commemorat.
