  <div class='ocr_page' id='page_1' title='image "/cluster/home/n/w/nwhite01/storage/ocr_20150623/131/hvd.32044019208263/221.png"; bbox 0 0 3830 6566; ppageno 0'>
   <div class='ocr_carea' id='block_1_1' title="bbox 502 386 911 449">
    <p class='ocr_par' dir='ltr' id='par_1_1' title="bbox 502 386 911 449">
     <span class='ocr_line' id='line_1_1' title="bbox 502 386 911 449; baseline 0.005 -2"><span class='ocrx_word' id='word_1_1' title='bbox 502 386 607 449; x_wconf 67' lang='grc'><strong>403</strong></span> <span class='ocrx_word' id='word_1_2' title='bbox 874 408 911 449; x_wconf 50' lang='grc' dir='ltr'><strong>κη.</strong></span> 
     </span>
    </p>
   </div>
   <div class='ocr_carea' id='block_1_2' title="bbox 1786 395 2448 457">
    <p class='ocr_par' dir='ltr' id='par_1_2' title="bbox 1786 395 2448 457">
     <span class='ocr_line' id='line_1_2' title="bbox 1786 395 2448 457; baseline 0.003 -6"><span class='ocrx_word' id='word_1_3' title='bbox 1786 396 2028 456; x_wconf 68' lang='grc' dir='ltr'><strong>ΆΝΝιΕ</strong></span> <span class='ocrx_word' id='word_1_4' title='bbox 2067 395 2448 457; x_wconf 71' lang='lat' dir='ltr'><strong>COMNENZ‘E</strong></span> 
     </span>
    </p>
   </div>
   <div class='ocr_carea' id='block_1_3' title="bbox 3639 392 3737 459">
    <p class='ocr_par' dir='ltr' id='par_1_3' title="bbox 3639 392 3737 459">
     <span class='ocr_line' id='line_1_3' title="bbox 3639 392 3737 459; baseline 0.031 -3"><span class='ocrx_word' id='word_1_5' title='bbox 3639 392 3737 459; x_wconf 69' lang='grc'><strong>404</strong></span> 
     </span>
    </p>
   </div>
   <div class='ocr_carea' id='block_1_4' title="bbox 491 488 2049 576">
    <p class='ocr_par' dir='ltr' id='par_1_4' title="bbox 491 501 2049 576">
     <span class='ocr_line' id='line_1_4' title="bbox 491 501 2049 576; baseline 0.003 -23"><span class='ocrx_word' id='word_1_6' title='bbox 491 501 650 557; x_wconf 68' lang='lat' dir='ltr'><strong>traiis</strong></span> <span class='ocrx_word' id='word_1_7' title='bbox 683 501 1054 569; x_wconf 85' lang='lat' dir='ltr'><strong>mandaverat,</strong></span> <span class='ocrx_word' id='word_1_8' title='bbox 1103 515 1162 557; x_wconf 87' lang='lat' dir='ltr'><strong>ut</strong></span> <span class='ocrx_word' id='word_1_9' title='bbox 1200 518 1365 571; x_wconf 88' lang='lat' dir='ltr'><strong>quam</strong></span> <span class='ocrx_word' id='word_1_10' title='bbox 1407 503 1792 559; x_wconf 78' lang='lat' dir='ltr'><strong>densissimam</strong></span> <span class='ocrx_word' id='word_1_11' title='bbox 1843 518 2049 576; x_wconf 71' lang='lat' dir='ltr'><strong>possent</strong></span> 
     </span>
    </p>
   </div>
   <div class='ocr_carea' id='block_1_5' title="bbox 2162 488 3737 576">
    <p class='ocr_par' dir='ltr' id='par_1_5' title="bbox 2167 488 3737 576">
     <span class='ocr_line' id='line_1_5' title="bbox 2167 488 3737 576; baseline 0.002 -18"><span class='ocrx_word' id='word_1_12' title='bbox 2167 504 2241 569; x_wconf 83' lang='grc' dir='ltr'>ὡς</span> <span class='ocrx_word' id='word_1_13' title='bbox 2286 504 2407 569; x_wconf 76' lang='grc' dir='ltr'>ἔθος</span> <span class='ocrx_word' id='word_1_14' title='bbox 2446 503 2595 575; x_wconf 87' lang='grc' dir='ltr'><strong>αὑτῷ</strong></span> <span class='ocrx_word' id='word_1_15' title='bbox 2630 505 2729 575; x_wconf 80' lang='grc' dir='ltr'>τὴν</span> <span class='ocrx_word' id='word_1_16' title='bbox 2755 504 2937 574; x_wconf 79' lang='grc' dir='ltr'>δρμὴν</span> <span class='ocrx_word' id='word_1_17' title='bbox 2983 505 3081 575; x_wconf 82' lang='grc' dir='ltr'>τῆς</span> <span class='ocrx_word' id='word_1_18' title='bbox 3140 504 3325 576; x_wconf 80' lang='grc' dir='ltr'><strong>μάχης</strong></span> <span class='ocrx_word' id='word_1_19' title='bbox 3374 488 3574 571; x_wconf 69' lang='grc' dir='ltr'>ἐποίει,</span> <span class='ocrx_word' id='word_1_20' title='bbox 3608 508 3737 566; x_wconf 62' lang='lat' dir='ltr'><strong>68th</strong></span> 
     </span>
    </p>
   </div>
   <div class='ocr_carea' id='block_1_6' title="bbox 491 595 2069 668">
    <p class='ocr_par' dir='ltr' id='par_1_6' title="bbox 491 595 2069 668">
     <span class='ocr_line' id='line_1_6' title="bbox 491 595 2069 668; baseline 0.005 -21"><span class='ocrx_word' id='word_1_21' title='bbox 491 596 724 650; x_wconf 68' lang='lat' dir='ltr'><strong>telarum</strong></span> <span class='ocrx_word' id='word_1_22' title='bbox 773 595 970 649; x_wconf 87' lang='lat' dir='ltr'><strong>nubem</strong></span> <span class='ocrx_word' id='word_1_23' title='bbox 1003 595 1197 663; x_wconf 79' lang='lat' dir='ltr'><strong>procul</strong></span> <span class='ocrx_word' id='word_1_24' title='bbox 1234 596 1288 651; x_wconf 92' lang='lat' dir='ltr'><strong>in</strong></span> <span class='ocrx_word' id='word_1_25' title='bbox 1324 595 1510 652; x_wconf 83' lang='lat' dir='ltr'><strong>Gallos</strong></span> <span class='ocrx_word' id='word_1_26' title='bbox 1550 597 1947 668; x_wconf 88' lang='lat' dir='ltr'><strong>jacularentur,</strong></span> <span class='ocrx_word' id='word_1_27' title='bbox 1986 602 2069 655; x_wconf 89' lang='lat' dir='ltr'><strong>in-</strong></span> 
     </span>
    </p>
   </div>
   <div class='ocr_carea' id='block_1_7' title="bbox 490 686 2072 760">
    <p class='ocr_par' dir='ltr' id='par_1_7' title="bbox 490 686 2072 760">
     <span class='ocr_line' id='line_1_7' title="bbox 490 686 2072 760; baseline 0.003 -20"><span class='ocrx_word' id='word_1_28' title='bbox 490 689 647 741; x_wconf 91' lang='lat' dir='ltr'><strong>terim</strong></span> <span class='ocrx_word' id='word_1_29' title='bbox 680 686 809 741; x_wconf 91' lang='lat' dir='ltr'><strong>dum</strong></span> <span class='ocrx_word' id='word_1_30' title='bbox 836 688 1090 741; x_wconf 79' lang='lat' dir='ltr'><strong>dextrum</strong></span> <span class='ocrx_word' id='word_1_31' title='bbox 1128 689 1433 759; x_wconf 63' lang='lat' dir='ltr'><strong>laevumque</strong></span> <span class='ocrx_word' id='word_1_32' title='bbox 1456 703 1654 753; x_wconf 84' lang='lat' dir='ltr'><strong>cornu.</strong></span> <span class='ocrx_word' id='word_1_33' title='bbox 1683 706 1749 745; x_wconf 75' lang='lat' dir='ltr'><strong>ex</strong></span> <span class='ocrx_word' id='word_1_34' title='bbox 1784 706 1881 745; x_wconf 91' lang='lat' dir='ltr'><strong>sua</strong></span> <span class='ocrx_word' id='word_1_35' title='bbox 1906 691 2072 760; x_wconf 91' lang='lat' dir='ltr'><strong>quod-</strong></span> 
     </span>
    </p>
   </div>
   <div class='ocr_carea' id='block_1_8' title="bbox 488 778 2072 851">
    <p class='ocr_par' dir='ltr' id='par_1_8' title="bbox 488 778 2072 851">
     <span class='ocr_line' id='line_1_8' title="bbox 488 778 2072 851; baseline 0.004 -20"><span class='ocrx_word' id='word_1_36' title='bbox 488 796 597 848; x_wconf 78' lang='lat' dir='ltr'><strong>que</strong></span> <span class='ocrx_word' id='word_1_37' title='bbox 636 786 812 848; x_wconf 87' lang='lat' dir='ltr'><strong>parte,</strong></span> <span class='ocrx_word' id='word_1_38' title='bbox 852 778 1338 835; x_wconf 84' lang='lat' dir='ltr'><strong>vehementissimo</strong></span> <span class='ocrx_word' id='word_1_39' title='bbox 1370 780 1578 851; x_wconf 87' lang='lat' dir='ltr'><strong>impetu</strong></span> <span class='ocrx_word' id='word_1_40' title='bbox 1631 781 1686 835; x_wconf 92' lang='lat' dir='ltr'><strong>in</strong></span> <span class='ocrx_word' id='word_1_41' title='bbox 1736 782 1955 837; x_wconf 82' lang='lat' dir='ltr'><strong>eosdem</strong></span> <span class='ocrx_word' id='word_1_42' title='bbox 1983 783 2072 837; x_wconf 87' lang='lat' dir='ltr'><strong>in-</strong></span> 
     </span>
    </p>
   </div>
   <div class='ocr_carea' id='block_1_9' title="bbox 485 869 2071 943">
    <p class='ocr_par' dir='ltr' id='par_1_9' title="bbox 485 869 2071 943">
     <span class='ocr_line' id='line_1_9' title="bbox 485 869 2071 943; baseline 0.004 -20"><span class='ocrx_word' id='word_1_43' title='bbox 485 871 791 924; x_wconf 89' lang='lat' dir='ltr'><strong>cumberet.</strong></span> <span class='ocrx_word' id='word_1_44' title='bbox 829 869 952 923; x_wconf 65' lang='lat' dir='ltr'><strong>Haec</strong></span> <span class='ocrx_word' id='word_1_45' title='bbox 982 871 1115 938; x_wconf 88' lang='lat' dir='ltr'><strong>quid</strong></span> <span class='ocrx_word' id='word_1_46' title='bbox 1167 871 1376 941; x_wconf 89' lang='lat' dir='ltr'><strong>profuit</strong></span> <span class='ocrx_word' id='word_1_47' title='bbox 1424 881 1532 927; x_wconf 87' lang='lat' dir='ltr'><strong>tam</strong></span> <span class='ocrx_word' id='word_1_48' title='bbox 1583 874 1858 943; x_wconf 83' lang='lat' dir='ltr'><strong>sapienter</strong></span> <span class='ocrx_word' id='word_1_49' title='bbox 1905 889 2071 929; x_wconf 80' lang='lat' dir='ltr'><strong>exco-</strong></span> 
     </span>
    </p>
   </div>
   <div class='ocr_carea' id='block_1_10' title="bbox 486 959 2067 1030">
    <p class='ocr_par' dir='ltr' id='par_1_10' title="bbox 486 959 2067 1030">
     <span class='ocr_line' id='line_1_10' title="bbox 486 959 2067 1030; baseline 0.007 -22"><span class='ocrx_word' id='word_1_50' title='bbox 486 960 692 1027; x_wconf 73' lang='lat' dir='ltr'><strong>gitasse</strong></span> <span class='ocrx_word' id='word_1_51' title='bbox 720 959 857 1028; x_wconf 88' lang='lat' dir='ltr'><strong>patri</strong></span> <span class='ocrx_word' id='word_1_52' title='bbox 895 974 1017 1015; x_wconf 89' lang='lat' dir='ltr'><strong>meo</strong></span> <span class='ocrx_word' id='word_1_53' title='bbox 1049 976 1283 1030; x_wconf 91' lang='lat' dir='ltr'><strong>quorum</strong></span> <span class='ocrx_word' id='word_1_54' title='bbox 1316 961 1580 1017; x_wconf 87' lang='lat' dir='ltr'><strong>indicium</strong></span> <span class='ocrx_word' id='word_1_55' title='bbox 1616 964 1800 1017; x_wconf 84' lang='lat' dir='ltr'><strong>statim</strong></span> <span class='ocrx_word' id='word_1_56' title='bbox 1838 964 1905 1020; x_wconf 88' lang='lat' dir='ltr'><strong>ad</strong></span> <span class='ocrx_word' id='word_1_57' title='bbox 1940 966 2067 1019; x_wconf 88' lang='lat' dir='ltr'><strong>Bai-</strong></span> 
     </span>
    </p>
   </div>
   <div class='ocr_carea' id='block_1_11' title="bbox 484 1050 2068 1126">
    <p class='ocr_par' dir='ltr' id='par_1_11' title="bbox 484 1050 2068 1126">
     <span class='ocr_line' id='line_1_11' title="bbox 484 1050 2068 1126; baseline 0.008 -24"><span class='ocrx_word' id='word_1_58' title='bbox 484 1050 752 1104; x_wconf 90' lang='lat' dir='ltr'><strong>mundum</strong></span> <span class='ocrx_word' id='word_1_59' title='bbox 809 1050 1207 1117; x_wconf 81' lang='lat' dir='ltr'><strong>deferebatur;</strong></span> <span class='ocrx_word' id='word_1_60' title='bbox 1264 1055 1319 1109; x_wconf 93' lang='lat' dir='ltr'><strong>in</strong></span> <span class='ocrx_word' id='word_1_61' title='bbox 1350 1070 1461 1126; x_wconf 94' lang='lat' dir='ltr'><strong>quo</strong></span> <span class='ocrx_word' id='word_1_62' title='bbox 1527 1057 1853 1111; x_wconf 83' lang='lat' dir='ltr'><strong>versabatur</strong></span> <span class='ocrx_word' id='word_1_63' title='bbox 1925 1072 2068 1114; x_wconf 62' lang='lat' dir='ltr'><strong>acea</strong></span> 
     </span>
    </p>
   </div>
   <div class='ocr_carea' id='block_1_12' title="bbox 483 1141 2070 1218">
    <p class='ocr_par' dir='ltr' id='par_1_12' title="bbox 483 1141 2070 1218">
     <span class='ocr_line' id='line_1_12' title="bbox 483 1141 2070 1218; baseline 0.006 -24"><span class='ocrx_word' id='word_1_64' title='bbox 483 1141 833 1210; x_wconf 88' lang='lat' dir='ltr'><strong>proditorum</strong></span> <span class='ocrx_word' id='word_1_65' title='bbox 869 1143 1047 1209; x_wconf 84' lang='lat' dir='ltr'><strong>fraus,</strong></span> <span class='ocrx_word' id='word_1_66' title='bbox 1080 1145 1241 1213; x_wconf 83' lang='lat' dir='ltr'><strong>cujus</strong></span> <span class='ocrx_word' id='word_1_67' title='bbox 1278 1145 1569 1217; x_wconf 86' lang='lat' dir='ltr'><strong>perﬁdiosa</strong></span> <span class='ocrx_word' id='word_1_68' title='bbox 1600 1146 1883 1218; x_wconf 77' lang='lat' dir='ltr'><strong>diligentia</strong></span> <span class='ocrx_word' id='word_1_69' title='bbox 1916 1148 2070 1217; x_wconf 85' lang='lat' dir='ltr'><strong>quid-</strong></span> 
     </span>
    </p>
   </div>
   <div class='ocr_carea' id='block_1_13' title="bbox 479 1233 2071 1311">
    <p class='ocr_par' dir='ltr' id='par_1_13' title="bbox 479 1233 2071 1311">
     <span class='ocr_line' id='line_1_13' title="bbox 479 1233 2071 1311; baseline 0.008 -27"><span class='ocrx_word' id='word_1_70' title='bbox 479 1233 611 1299; x_wconf 90' lang='lat' dir='ltr'><strong>quid</strong></span> <span class='ocrx_word' id='word_1_71' title='bbox 642 1235 858 1303; x_wconf 86' lang='lat' dir='ltr'><strong>vesperi</strong></span> <span class='ocrx_word' id='word_1_72' title='bbox 893 1235 1249 1301; x_wconf 88' lang='lat' dir='ltr'><strong>decrevisset,</strong></span> <span class='ocrx_word' id='word_1_73' title='bbox 1297 1238 1474 1305; x_wconf 90' lang='lat' dir='ltr'><strong>primo</strong></span> <span class='ocrx_word' id='word_1_74' title='bbox 1502 1253 1662 1294; x_wconf 89' lang='lat' dir='ltr'><strong>mane</strong></span> <span class='ocrx_word' id='word_1_75' title='bbox 1699 1240 2071 1311; x_wconf 89' lang='lat' dir='ltr'><strong>compertissi-</strong></span> 
     </span>
    </p>
   </div>
   <div class='ocr_carea' id='block_1_14' title="bbox 480 1324 2066 1401">
    <p class='ocr_par' dir='ltr' id='par_1_14' title="bbox 480 1324 2066 1401">
     <span class='ocr_line' id='line_1_14' title="bbox 480 1324 2066 1401; baseline 0.006 -23"><span class='ocrx_word' id='word_1_76' title='bbox 480 1341 631 1378; x_wconf 88' lang='lat' dir='ltr'><strong>mum</strong></span> <span class='ocrx_word' id='word_1_77' title='bbox 682 1324 839 1382; x_wconf 89' lang='lat' dir='ltr'><strong>Gallo</strong></span> <span class='ocrx_word' id='word_1_78' title='bbox 886 1337 1023 1383; x_wconf 88' lang='lat' dir='ltr'><strong>erat.</strong></span> <span class='ocrx_word' id='word_1_79' title='bbox 1082 1328 1196 1385; x_wconf 87' lang='lat' dir='ltr'><strong>Nec</strong></span> <span class='ocrx_word' id='word_1_80' title='bbox 1260 1331 1429 1385; x_wconf 87' lang='lat' dir='ltr'><strong>surdo</strong></span> <span class='ocrx_word' id='word_1_81' title='bbox 1480 1330 1688 1385; x_wconf 91' lang='lat' dir='ltr'><strong>dictum</strong></span> <span class='ocrx_word' id='word_1_82' title='bbox 1747 1341 1841 1386; x_wconf 85' lang='lat' dir='ltr'><strong>aut</strong></span> <span class='ocrx_word' id='word_1_83' title='bbox 1873 1348 2066 1401; x_wconf 91' lang='lat' dir='ltr'><strong>parum</strong></span> 
     </span>
    </p>
   </div>
   <div class='ocr_carea' id='block_1_15' title="bbox 481 1418 2065 1490">
    <p class='ocr_par' dir='ltr' id='par_1_15' title="bbox 481 1418 2065 1490">
     <span class='ocr_line' id='line_1_15' title="bbox 481 1418 2065 1490; baseline 0.008 -21"><span class='ocrx_word' id='word_1_84' title='bbox 481 1426 741 1487; x_wconf 86' lang='lat' dir='ltr'><strong>prompto</strong></span> <span class='ocrx_word' id='word_1_85' title='bbox 769 1418 838 1473; x_wconf 87' lang='lat' dir='ltr'><strong>ad</strong></span> <span class='ocrx_word' id='word_1_86' title='bbox 882 1422 1301 1490; x_wconf 59' lang='lat' dir='ltr'><strong>praecavendum</strong></span> <span class='ocrx_word' id='word_1_87' title='bbox 1351 1423 1531 1477; x_wconf 87' lang='lat' dir='ltr'><strong>subita</strong></span> <span class='ocrx_word' id='word_1_88' title='bbox 1571 1424 1874 1479; x_wconf 85' lang='lat' dir='ltr'><strong>mutatione</strong></span> <span class='ocrx_word' id='word_1_89' title='bbox 1907 1425 2065 1481; x_wconf 91' lang='lat' dir='ltr'><strong>aciei.</strong></span> 
     </span>
    </p>
   </div>
   <div class='ocr_carea' id='block_1_16' title="bbox 478 1509 2067 1586">
    <p class='ocr_par' dir='ltr' id='par_1_16' title="bbox 478 1509 2067 1586">
     <span class='ocr_line' id='line_1_16' title="bbox 478 1509 2067 1586; baseline 0.005 -24"><span class='ocrx_word' id='word_1_90' title='bbox 478 1509 732 1578; x_wconf 80' lang='lat' dir='ltr'><strong>Explicat</strong></span> <span class='ocrx_word' id='word_1_91' title='bbox 760 1526 889 1582; x_wconf 88' lang='lat' dir='ltr'><strong>ergo</strong></span> <span class='ocrx_word' id='word_1_92' title='bbox 922 1528 1053 1569; x_wconf 89' lang='lat' dir='ltr'><strong>suas</strong></span> <span class='ocrx_word' id='word_1_93' title='bbox 1087 1514 1275 1581; x_wconf 91' lang='lat' dir='ltr'><strong>copias</strong></span> <span class='ocrx_word' id='word_1_94' title='bbox 1306 1513 1372 1567; x_wconf 85' lang='lat' dir='ltr'><strong>ad</strong></span> <span class='ocrx_word' id='word_1_95' title='bbox 1410 1514 1694 1583; x_wconf 70' lang='lat' dir='ltr'><strong>praelium;</strong></span> <span class='ocrx_word' id='word_1_96' title='bbox 1730 1523 1785 1569; x_wconf 90' lang='lat' dir='ltr'><strong>at</strong></span> <span class='ocrx_word' id='word_1_97' title='bbox 1816 1530 1927 1571; x_wconf 91' lang='lat' dir='ltr'><strong>non</strong></span> <span class='ocrx_word' id='word_1_98' title='bbox 1959 1531 2067 1586; x_wconf 86' lang='lat' dir='ltr'><strong>qua</strong></span> 
     </span>
    </p>
   </div>
   <div class='ocr_carea' id='block_1_17' title="bbox 478 1603 2069 1671">
    <p class='ocr_par' dir='ltr' id='par_1_17' title="bbox 478 1603 2069 1671">
     <span class='ocr_line' id='line_1_17' title="bbox 478 1603 2069 1671; baseline 0.006 -18"><span class='ocrx_word' id='word_1_99' title='bbox 478 1608 655 1667; x_wconf 85' lang='lat' dir='ltr'><strong>parte,</strong></span> <span class='ocrx_word' id='word_1_100' title='bbox 692 1618 913 1671; x_wconf 89' lang='lat' dir='ltr'><strong>quoque</strong></span> <span class='ocrx_word' id='word_1_101' title='bbox 934 1603 1097 1658; x_wconf 90' lang='lat' dir='ltr'><strong>modo</strong></span> <span class='ocrx_word' id='word_1_102' title='bbox 1122 1603 1331 1659; x_wconf 86' lang='lat' dir='ltr'><strong>solebat</strong></span> <span class='ocrx_word' id='word_1_103' title='bbox 1352 1616 1632 1661; x_wconf 85' lang='lat' dir='ltr'><strong>certamen</strong></span> <span class='ocrx_word' id='word_1_104' title='bbox 1664 1607 1893 1663; x_wconf 79' lang='lat' dir='ltr'><strong>invadit.</strong></span> <span class='ocrx_word' id='word_1_105' title='bbox 1919 1606 2069 1662; x_wconf 91' lang='lat' dir='ltr'><strong>Odo-</strong></span> 
     </span>
    </p>
   </div>
   <div class='ocr_carea' id='block_1_18' title="bbox 479 1693 2068 1765">
    <p class='ocr_par' dir='ltr' id='par_1_18' title="bbox 479 1693 2068 1765">
     <span class='ocr_line' id='line_1_18' title="bbox 479 1693 2068 1765; baseline 0.007 -22"><span class='ocrx_word' id='word_1_106' title='bbox 479 1700 637 1747; x_wconf 88' lang='lat' dir='ltr'><strong>ratns</strong></span> <span class='ocrx_word' id='word_1_107' title='bbox 678 1693 932 1748; x_wconf 71' lang='lat' dir='ltr'><strong>videlicet</strong></span> <span class='ocrx_word' id='word_1_108' title='bbox 962 1694 1252 1749; x_wconf 86' lang='lat' dir='ltr'><strong>consilium</strong></span> <span class='ocrx_word' id='word_1_109' title='bbox 1294 1695 1643 1765; x_wconf 87' lang='lat' dir='ltr'><strong>imperatoris</strong></span> <span class='ocrx_word' id='word_1_110' title='bbox 1676 1698 1976 1754; x_wconf 77' lang='lat' dir='ltr'><strong>exercitum</strong></span> <span class='ocrx_word' id='word_1_111' title='bbox 2014 1709 2068 1754; x_wconf 90' lang='lat' dir='ltr'><strong>et</strong></span> 
     </span>
    </p>
   </div>
   <div class='ocr_carea' id='block_1_19' title="bbox 475 1782 2065 1858">
    <p class='ocr_par' dir='ltr' id='par_1_19' title="bbox 475 1782 2065 1858">
     <span class='ocr_line' id='line_1_19' title="bbox 475 1782 2065 1858; baseline 0.006 -24"><span class='ocrx_word' id='word_1_112' title='bbox 475 1782 596 1851; x_wconf 90' lang='lat' dir='ltr'><strong>ipse</strong></span> <span class='ocrx_word' id='word_1_113' title='bbox 627 1798 785 1837; x_wconf 90' lang='lat' dir='ltr'><strong>suum</strong></span> <span class='ocrx_word' id='word_1_114' title='bbox 819 1782 1354 1848; x_wconf 59' lang='lat' dir='ltr'><strong>bifariamfscissum</strong></span> <span class='ocrx_word' id='word_1_115' title='bbox 1392 1787 1604 1843; x_wconf 86' lang='lat' dir='ltr'><strong>irruere</strong></span> <span class='ocrx_word' id='word_1_116' title='bbox 1639 1788 1707 1843; x_wconf 87' lang='lat' dir='ltr'><strong>ab</strong></span> <span class='ocrx_word' id='word_1_117' title='bbox 1740 1790 1958 1858; x_wconf 87' lang='lat' dir='ltr'><strong>gemino</strong></span> <span class='ocrx_word' id='word_1_118' title='bbox 1989 1790 2065 1843; x_wconf 87' lang='lat' dir='ltr'><strong>la-</strong></span> 
     </span>
    </p>
   </div>
   <div class='ocr_carea' id='block_1_20' title="bbox 478 1873 2064 1949">
    <p class='ocr_par' dir='ltr' id='par_1_20' title="bbox 478 1873 2064 1949">
     <span class='ocr_line' id='line_1_20' title="bbox 478 1873 2064 1949; baseline 0.007 -24"><span class='ocrx_word' id='word_1_119' title='bbox 478 1880 599 1927; x_wconf 87' lang='lat' dir='ltr'><strong>tere</strong></span> <span class='ocrx_word' id='word_1_120' title='bbox 648 1874 701 1928; x_wconf 92' lang='lat' dir='ltr'><strong>in</strong></span> <span class='ocrx_word' id='word_1_121' title='bbox 737 1873 1017 1930; x_wconf 71' lang='lat' dir='ltr'><strong>Romanos</strong></span> <span class='ocrx_word' id='word_1_122' title='bbox 1052 1877 1233 1945; x_wconf 85' lang='lat' dir='ltr'><strong>jubet,</strong></span> <span class='ocrx_word' id='word_1_123' title='bbox 1275 1878 1447 1933; x_wconf 92' lang='lat' dir='ltr'><strong>aciem</strong></span> <span class='ocrx_word' id='word_1_124' title='bbox 1503 1880 1678 1949; x_wconf 83' lang='lat' dir='ltr'><strong>ipsam</strong></span> <span class='ocrx_word' id='word_1_125' title='bbox 1719 1882 1954 1936; x_wconf 89' lang='lat' dir='ltr'><strong>mediam</strong></span> <span class='ocrx_word' id='word_1_126' title='bbox 2008 1891 2064 1938; x_wconf 87' lang='lat' dir='ltr'><strong>et</strong></span> 
     </span>
    </p>
   </div>
   <div class='ocr_carea' id='block_1_21' title="bbox 474 1962 2067 2043">
    <p class='ocr_par' dir='ltr' id='par_1_21' title="bbox 474 1962 2067 2043">
     <span class='ocr_line' id='line_1_21' title="bbox 474 1962 2067 2043; baseline 0.009 -29"><span class='ocrx_word' id='word_1_127' title='bbox 474 1962 713 2019; x_wconf 76' lang='lat' dir='ltr'><strong>frontem</strong></span> <span class='ocrx_word' id='word_1_128' title='bbox 751 1966 1032 2022; x_wconf 81' lang='lat' dir='ltr'><strong>exercitus</strong></span> <span class='ocrx_word' id='word_1_129' title='bbox 1078 1976 1230 2024; x_wconf 87' lang='lat' dir='ltr'><strong>stare</strong></span> <span class='ocrx_word' id='word_1_130' title='bbox 1286 1970 1595 2037; x_wconf 83' lang='lat' dir='ltr'><strong>immotam,</strong></span> <span class='ocrx_word' id='word_1_131' title='bbox 1638 1972 1795 2042; x_wconf 88' lang='lat' dir='ltr'><strong>quasi</strong></span> <span class='ocrx_word' id='word_1_132' title='bbox 1872 1989 2067 2043; x_wconf 80' lang='lat' dir='ltr'><strong>exspe—</strong></span> 
     </span>
    </p>
   </div>
   <div class='ocr_carea' id='block_1_22' title="bbox 470 2055 2065 2131">
    <p class='ocr_par' dir='ltr' id='par_1_22' title="bbox 470 2055 2065 2131">
     <span class='ocr_line' id='line_1_22' title="bbox 470 2055 2065 2131; baseline 0.007 -25"><span class='ocrx_word' id='word_1_133' title='bbox 470 2064 715 2107; x_wconf 71' lang='lat' dir='ltr'><strong>ctantem</strong></span> <span class='ocrx_word' id='word_1_134' title='bbox 762 2055 937 2111; x_wconf 90' lang='lat' dir='ltr'><strong>donec</strong></span> <span class='ocrx_word' id='word_1_135' title='bbox 995 2058 1186 2115; x_wconf 81' lang='lat' dir='ltr'><strong>hostes</strong></span> <span class='ocrx_word' id='word_1_136' title='bbox 1236 2075 1331 2129; x_wconf 91' lang='lat' dir='ltr'><strong>per</strong></span> <span class='ocrx_word' id='word_1_137' title='bbox 1362 2060 1617 2115; x_wconf 79' lang='lat' dir='ltr'><strong>infestam</strong></span> <span class='ocrx_word' id='word_1_138' title='bbox 1674 2062 1957 2131; x_wconf 88' lang='lat' dir='ltr'><strong>planitiem</strong></span> <span class='ocrx_word' id='word_1_139' title='bbox 2011 2063 2065 2117; x_wconf 91' lang='lat' dir='ltr'><strong>in</strong></span> 
     </span>
    </p>
   </div>
   <div class='ocr_carea' id='block_1_23' title="bbox 472 2147 2066 2215">
    <p class='ocr_par' dir='ltr' id='par_1_23' title="bbox 472 2147 2066 2215">
     <span class='ocr_line' id='line_1_23' title="bbox 472 2147 2066 2215; baseline 0.004 -15"><span class='ocrx_word' id='word_1_140' title='bbox 472 2148 625 2215; x_wconf 88' lang='lat' dir='ltr'><strong>ipsos</strong></span> <span class='ocrx_word' id='word_1_141' title='bbox 657 2147 965 2205; x_wconf 86' lang='lat' dir='ltr'><strong>tenderent.</strong></span> <span class='ocrx_word' id='word_1_142' title='bbox 1011 2150 1133 2204; x_wconf 68' lang='lat' dir='ltr'><strong>Haec</strong></span> <span class='ocrx_word' id='word_1_143' title='bbox 1165 2152 1241 2205; x_wconf 88' lang='lat' dir='ltr'><strong>ita</strong></span> <span class='ocrx_word' id='word_1_144' title='bbox 1276 2152 1417 2205; x_wconf 89' lang='lat' dir='ltr'><strong>facta</strong></span> <span class='ocrx_word' id='word_1_145' title='bbox 1454 2162 1603 2207; x_wconf 90' lang='lat' dir='ltr'><strong>sunt.</strong></span> <span class='ocrx_word' id='word_1_146' title='bbox 1636 2153 1749 2207; x_wconf 85' lang='lat' dir='ltr'><strong>Nec</strong></span> <span class='ocrx_word' id='word_1_147' title='bbox 1784 2169 1915 2209; x_wconf 81' lang='lat' dir='ltr'><strong>vero</strong></span> <span class='ocrx_word' id='word_1_148' title='bbox 1947 2152 2066 2207; x_wconf 84' lang='lat' dir='ltr'><strong>Ro-</strong></span> 
     </span>
    </p>
   </div>
   <div class='ocr_carea' id='block_1_24' title="bbox 472 2240 2063 2318">
    <p class='ocr_par' dir='ltr' id='par_1_24' title="bbox 472 2240 2063 2318">
     <span class='ocr_line' id='line_1_24' title="bbox 472 2240 2063 2318; baseline 0.006 -25"><span class='ocrx_word' id='word_1_149' title='bbox 472 2240 620 2293; x_wconf 87' lang='lat' dir='ltr'><strong>mani</strong></span> <span class='ocrx_word' id='word_1_150' title='bbox 665 2240 991 2296; x_wconf 87' lang='lat' dir='ltr'><strong>Latinorum</strong></span> <span class='ocrx_word' id='word_1_151' title='bbox 1027 2242 1289 2312; x_wconf 90' lang='lat' dir='ltr'><strong>impetum</strong></span> <span class='ocrx_word' id='word_1_152' title='bbox 1324 2243 1416 2299; x_wconf 90' lang='lat' dir='ltr'><strong>diu</strong></span> <span class='ocrx_word' id='word_1_153' title='bbox 1454 2246 1881 2311; x_wconf 84' lang='lat' dir='ltr'><strong>sustinuerunt;</strong></span> <span class='ocrx_word' id='word_1_154' title='bbox 1916 2255 2063 2318; x_wconf 87' lang='lat' dir='ltr'><strong>terga</strong></span> 
     </span>
    </p>
   </div>
   <div class='ocr_carea' id='block_1_25' title="bbox 473 2331 2064 2415">
    <p class='ocr_par' dir='ltr' id='par_1_25' title="bbox 473 2331 2064 2415">
     <span class='ocr_line' id='line_1_25' title="bbox 473 2331 2064 2415; baseline 0.007 -33"><span class='ocrx_word' id='word_1_155' title='bbox 473 2331 659 2383; x_wconf 87' lang='lat' dir='ltr'><strong>statim</strong></span> <span class='ocrx_word' id='word_1_156' title='bbox 718 2339 962 2395; x_wconf 87' lang='lat' dir='ltr'><strong>vertunt,</strong></span> <span class='ocrx_word' id='word_1_157' title='bbox 1016 2349 1117 2388; x_wconf 88' lang='lat' dir='ltr'><strong>nec</strong></span> <span class='ocrx_word' id='word_1_158' title='bbox 1174 2334 1286 2389; x_wconf 89' lang='lat' dir='ltr'><strong>fere</strong></span> <span class='ocrx_word' id='word_1_159' title='bbox 1325 2350 1613 2390; x_wconf 82' lang='lat' dir='ltr'><strong>occursum</strong></span> <span class='ocrx_word' id='word_1_160' title='bbox 1653 2346 1843 2415; x_wconf 80' lang='lat' dir='ltr'><strong>contra</strong></span> <span class='ocrx_word' id='word_1_161' title='bbox 1896 2352 2064 2393; x_wconf 81' lang='lat' dir='ltr'><strong>rucn-</strong></span> 
     </span>
    </p>
   </div>
   <div class='ocr_carea' id='block_1_26' title="bbox 472 2422 2061 2491">
    <p class='ocr_par' dir='ltr' id='par_1_26' title="bbox 472 2422 2061 2491">
     <span class='ocr_line' id='line_1_26' title="bbox 472 2422 2061 2491; baseline 0.008 -19"><span class='ocrx_word' id='word_1_162' title='bbox 472 2422 609 2474; x_wconf 87' lang='lat' dir='ltr'><strong>tium</strong></span> <span class='ocrx_word' id='word_1_163' title='bbox 669 2438 881 2491; x_wconf 90' lang='lat' dir='ltr'><strong>nupera</strong></span> <span class='ocrx_word' id='word_1_164' title='bbox 938 2424 1087 2481; x_wconf 82' lang='lat' dir='ltr'><strong>velut</strong></span> <span class='ocrx_word' id='word_1_165' title='bbox 1148 2426 1304 2480; x_wconf 87' lang='lat' dir='ltr'><strong>clade</strong></span> <span class='ocrx_word' id='word_1_166' title='bbox 1353 2426 1536 2481; x_wconf 87' lang='lat' dir='ltr'><strong>adhuc</strong></span> <span class='ocrx_word' id='word_1_167' title='bbox 1587 2429 1799 2482; x_wconf 86' lang='lat' dir='ltr'><strong>attoniti</strong></span> <span class='ocrx_word' id='word_1_168' title='bbox 1840 2430 2061 2484; x_wconf 82' lang='lat' dir='ltr'><strong>audent.</strong></span> 
     </span>
    </p>
   </div>
   <div class='ocr_carea' id='block_1_27' title="bbox 470 2512 2063 2591">
    <p class='ocr_par' dir='ltr' id='par_1_27' title="bbox 470 2512 2063 2591">
     <span class='ocr_line' id='line_1_27' title="bbox 470 2512 2063 2591; baseline 0.006 -25"><span class='ocrx_word' id='word_1_169' title='bbox 470 2512 752 2569; x_wconf 71' lang='lat' dir='ltr'><strong>Turbatur</strong></span> <span class='ocrx_word' id='word_1_170' title='bbox 796 2515 1041 2571; x_wconf 83' lang='lat' dir='ltr'><strong>Romana</strong></span> <span class='ocrx_word' id='word_1_171' title='bbox 1094 2518 1263 2584; x_wconf 86' lang='lat' dir='ltr'><strong>acies,</strong></span> <span class='ocrx_word' id='word_1_172' title='bbox 1311 2519 1517 2575; x_wconf 87' lang='lat' dir='ltr'><strong>frustra</strong></span> <span class='ocrx_word' id='word_1_173' title='bbox 1569 2521 1902 2591; x_wconf 87' lang='lat' dir='ltr'><strong>imperatore</strong></span> <span class='ocrx_word' id='word_1_174' title='bbox 1930 2539 2063 2578; x_wconf 85' lang='lat' dir='ltr'><strong>con—</strong></span> 
     </span>
    </p>
   </div>
   <div class='ocr_carea' id='block_1_28' title="bbox 470 2608 2062 2686">
    <p class='ocr_par' dir='ltr' id='par_1_28' title="bbox 470 2608 2062 2686">
     <span class='ocr_line' id='line_1_28' title="bbox 470 2608 2062 2686; baseline 0.008 -28"><span class='ocrx_word' id='word_1_175' title='bbox 470 2614 680 2663; x_wconf 83' lang='lat' dir='ltr'><strong>suetam</strong></span> <span class='ocrx_word' id='word_1_176' title='bbox 713 2608 1006 2664; x_wconf 78' lang='lat' dir='ltr'><strong>exbibente</strong></span> <span class='ocrx_word' id='word_1_177' title='bbox 1040 2612 1433 2675; x_wconf 76' lang='lat' dir='ltr'><strong>consmntiam,</strong></span> <span class='ocrx_word' id='word_1_178' title='bbox 1464 2624 1519 2668; x_wconf 89' lang='lat' dir='ltr'><strong>et</strong></span> <span class='ocrx_word' id='word_1_179' title='bbox 1563 2630 1727 2669; x_wconf 91' lang='lat' dir='ltr'><strong>manu</strong></span> <span class='ocrx_word' id='word_1_180' title='bbox 1757 2616 2062 2686; x_wconf 82' lang='lat' dir='ltr'><strong>‘menteqne</strong></span> 
     </span>
    </p>
   </div>
   <div class='ocr_carea' id='block_1_29' title="bbox 467 2701 2063 2768">
    <p class='ocr_par' dir='ltr' id='par_1_29' title="bbox 467 2701 2063 2768">
     <span class='ocr_line' id='line_1_29' title="bbox 467 2701 2063 2768; baseline 0.006 -16"><span class='ocrx_word' id='word_1_181' title='bbox 467 2705 693 2752; x_wconf 84' lang='lat' dir='ltr'><strong>strenue</strong></span> <span class='ocrx_word' id='word_1_182' title='bbox 744 2714 856 2752; x_wconf 92' lang='lat' dir='ltr'><strong>rem</strong></span> <span class='ocrx_word' id='word_1_183' title='bbox 886 2708 1130 2768; x_wconf 86' lang='lat' dir='ltr'><strong>gerente.</strong></span> <span class='ocrx_word' id='word_1_184' title='bbox 1168 2701 1287 2755; x_wconf 83' lang='lat' dir='ltr'><strong>Non</strong></span> <span class='ocrx_word' id='word_1_185' title='bbox 1340 2704 1484 2757; x_wconf 89' lang='lat' dir='ltr'><strong>enim</strong></span> <span class='ocrx_word' id='word_1_186' title='bbox 1515 2706 1697 2759; x_wconf 87' lang='lat' dir='ltr'><strong>stabat</strong></span> <span class='ocrx_word' id='word_1_187' title='bbox 1731 2707 1910 2761; x_wconf 88' lang='lat' dir='ltr'><strong>solum</strong></span> <span class='ocrx_word' id='word_1_188' title='bbox 1963 2708 2063 2761; x_wconf 85' lang='lat' dir='ltr'><strong>iut-</strong></span> 
     </span>
    </p>
   </div>
   <div class='ocr_carea' id='block_1_30' title="bbox 470 2791 2063 2864">
    <p class='ocr_par' dir='ltr' id='par_1_30' title="bbox 470 2791 2063 2864">
     <span class='ocr_line' id='line_1_30' title="bbox 470 2791 2063 2864; baseline 0.008 -23"><span class='ocrx_word' id='word_1_189' title='bbox 470 2791 811 2857; x_wconf 86' lang='lat' dir='ltr'><strong>perterritus,</strong></span> <span class='ocrx_word' id='word_1_190' title='bbox 834 2793 927 2845; x_wconf 75' lang='lat' dir='ltr'><strong>sed</strong></span> <span class='ocrx_word' id='word_1_191' title='bbox 955 2792 1260 2847; x_wconf 81' lang='lat' dir='ltr'><strong>lacessebat</strong></span> <span class='ocrx_word' id='word_1_192' title='bbox 1276 2794 1419 2849; x_wconf 86' lang='lat' dir='ltr'><strong>ultro</strong></span> <span class='ocrx_word' id='word_1_193' title='bbox 1440 2797 1953 2864; x_wconf 84' lang='lat' dir='ltr'><strong>adversos,vulnera</strong></span> <span class='ocrx_word' id='word_1_194' title='bbox 1980 2801 2063 2854; x_wconf 88' lang='lat' dir='ltr'><strong>in-</strong></span> 
     </span>
    </p>
   </div>
   <div class='ocr_carea' id='block_1_31' title="bbox 466 2876 2060 2961">
    <p class='ocr_par' dir='ltr' id='par_1_31' title="bbox 466 2876 2060 2961">
     <span class='ocr_line' id='line_1_31' title="bbox 466 2876 2060 2961; baseline 0.009 -31"><span class='ocrx_word' id='word_1_195' title='bbox 466 2876 647 2931; x_wconf 83' lang='lat' dir='ltr'><strong>ferens</strong></span> <span class='ocrx_word' id='word_1_196' title='bbox 678 2878 1035 2950; x_wconf 81' lang='lat' dir='ltr'><strong>vicissimque</strong></span> <span class='ocrx_word' id='word_1_197' title='bbox 1067 2884 1372 2953; x_wconf 87' lang='lat' dir='ltr'><strong>accipiens.</strong></span> <span class='ocrx_word' id='word_1_198' title='bbox 1403 2884 1646 2941; x_wconf 85' lang='lat' dir='ltr'><strong>Tandem</strong></span> <span class='ocrx_word' id='word_1_199' title='bbox 1693 2904 1817 2961; x_wconf 77' lang='lat' dir='ltr'><strong>cum</strong></span> <span class='ocrx_word' id='word_1_200' title='bbox 1851 2890 2060 2945; x_wconf 78' lang='lat' dir='ltr'><strong>excrci-</strong></span> 
     </span>
    </p>
   </div>
   <div class='ocr_carea' id='block_1_32' title="bbox 465 2969 2056 3052">
    <p class='ocr_par' dir='ltr' id='par_1_32' title="bbox 465 2969 2056 3052">
     <span class='ocr_line' id='line_1_32' title="bbox 465 2969 2056 3052; baseline 0.011 -34"><span class='ocrx_word' id='word_1_201' title='bbox 465 2969 873 3038; x_wconf 68' lang='lat' dir='ltr'><strong>tnmfdilapsum</strong></span> <span class='ocrx_word' id='word_1_202' title='bbox 900 2984 1171 3038; x_wconf 75' lang='lat' dir='ltr'><strong>cerneret,</strong></span> <span class='ocrx_word' id='word_1_203' title='bbox 1197 2990 1365 3045; x_wconf 83' lang='lat' dir='ltr'><strong>seque</strong></span> <span class='ocrx_word' id='word_1_204' title='bbox 1396 2978 1669 3033; x_wconf 60' lang='lat' dir='ltr'><strong>desertum</strong></span> <span class='ocrx_word' id='word_1_205' title='bbox 1695 2996 1817 3034; x_wconf 91' lang='lat' dir='ltr'><strong>cum</strong></span> <span class='ocrx_word' id='word_1_206' title='bbox 1845 2983 2056 3052; x_wconf 85' lang='lat' dir='ltr'><strong>paucis,</strong></span> 
     </span>
    </p>
   </div>
   <div class='ocr_carea' id='block_1_33' title="bbox 464 3060 2057 3144">
    <p class='ocr_par' dir='ltr' id='par_1_33' title="bbox 464 3060 2057 3144">
     <span class='ocr_line' id='line_1_33' title="bbox 464 3060 2057 3144; baseline 0.01 -31"><span class='ocrx_word' id='word_1_207' title='bbox 464 3060 624 3117; x_wconf 78' lang='lat' dir='ltr'><strong>officii</strong></span> <span class='ocrx_word' id='word_1_208' title='bbox 650 3064 735 3119; x_wconf 87' lang='lat' dir='ltr'><strong>sui</strong></span> <span class='ocrx_word' id='word_1_209' title='bbox 772 3065 1006 3119; x_wconf 86' lang='lat' dir='ltr'><strong>credidit</strong></span> <span class='ocrx_word' id='word_1_210' title='bbox 1038 3080 1146 3120; x_wconf 89' lang='lat' dir='ltr'><strong>nOn</strong></span> <span class='ocrx_word' id='word_1_211' title='bbox 1182 3077 1388 3124; x_wconf 89' lang='lat' dir='ltr'><strong>temere</strong></span> <span class='ocrx_word' id='word_1_212' title='bbox 1419 3071 1626 3127; x_wconf 88' lang='lat' dir='ltr'><strong>diutius</strong></span> <span class='ocrx_word' id='word_1_213' title='bbox 1684 3074 1833 3127; x_wconf 90' lang='lat' dir='ltr'><strong>nullo</strong></span> <span class='ocrx_word' id='word_1_214' title='bbox 1876 3089 2057 3144; x_wconf 76' lang='lat' dir='ltr'><strong>opera:</strong></span> 
     </span>
    </p>
   </div>
   <div class='ocr_carea' id='block_1_34' title="bbox 2173 596 3726 668">
    <p class='ocr_par' dir='ltr' id='par_1_34' title="bbox 2173 596 3726 668">
     <span class='ocr_line' id='line_1_34' title="bbox 2173 596 3726 668; baseline 0.002 -19"><span class='ocrx_word' id='word_1_215' title='bbox 2173 597 2541 667; x_wconf 67' lang='grc' dir='ltr'><strong>προαρπάσας</strong></span> <span class='ocrx_word' id='word_1_216' title='bbox 2582 597 2682 666; x_wconf 77' lang='grc' dir='ltr'>τὴν</span> <span class='ocrx_word' id='word_1_217' title='bbox 2735 596 2830 649; x_wconf 81' lang='grc' dir='ltr'>τοῦ</span> <span class='ocrx_word' id='word_1_218' title='bbox 2879 596 3284 667; x_wconf 73' lang='grc' dir='ltr'><strong>αὐτοκράτορος</strong></span> <span class='ocrx_word' id='word_1_219' title='bbox 3320 596 3541 668; x_wconf 85' lang='grc' dir='ltr'>βουλὴν,</span> <span class='ocrx_word' id='word_1_220' title='bbox 3572 600 3726 665; x_wconf 71' lang='grc' dir='ltr'>αὑτὸς</span> 
     </span>
    </p>
   </div>
   <div class='ocr_carea' id='block_1_35' title="bbox 2172 686 3731 760">
    <p class='ocr_par' dir='ltr' id='par_1_35' title="bbox 2172 686 3731 760">
     <span class='ocr_line' id='line_1_35' title="bbox 2172 686 3731 760; baseline 0.002 -20"><span class='ocrx_word' id='word_1_221' title='bbox 2172 688 2231 755; x_wconf 77' lang='grc' dir='ltr'>ἐξ</span> <span class='ocrx_word' id='word_1_222' title='bbox 2264 689 2531 759; x_wconf 85' lang='grc' dir='ltr'>ἐκατέρου</span> <span class='ocrx_word' id='word_1_223' title='bbox 2566 689 2767 760; x_wconf 79' lang='grc' dir='ltr'><strong>μέρους</strong></span> <span class='ocrx_word' id='word_1_224' title='bbox 2795 686 2885 740; x_wconf 69' lang='grc' dir='ltr'><strong>τὸν</strong></span> <span class='ocrx_word' id='word_1_225' title='bbox 2921 686 3084 755; x_wconf 86' lang='grc' dir='ltr'>μόθον</span> <span class='ocrx_word' id='word_1_226' title='bbox 3124 687 3325 757; x_wconf 78' lang='grc' dir='ltr'>μᾶλλον</span> <span class='ocrx_word' id='word_1_227' title='bbox 3363 688 3664 759; x_wconf 84' lang='grc' dir='ltr'>ἀνερίπησε</span> <span class='ocrx_word' id='word_1_228' title='bbox 3689 694 3731 726; x_wconf 71' lang='grc'><strong>’⁸</strong></span> 
     </span>
    </p>
   </div>
   <div class='ocr_carea' id='block_1_36' title="bbox 2171 779 3733 852">
    <p class='ocr_par' dir='ltr' id='par_1_36' title="bbox 2171 779 3733 852">
     <span class='ocr_line' id='line_1_36' title="bbox 2171 779 3733 852; baseline 0.002 -18"><span class='ocrx_word' id='word_1_229' title='bbox 2171 781 2272 849; x_wconf 80' lang='grc' dir='ltr'>τὴν</span> <span class='ocrx_word' id='word_1_230' title='bbox 2300 780 2439 834; x_wconf 86' lang='grc' dir='ltr'>κατὰ</span> <span class='ocrx_word' id='word_1_231' title='bbox 2466 781 2720 852; x_wconf 80' lang='grc' dir='ltr'>μέτωπον</span> <span class='ocrx_word' id='word_1_232' title='bbox 2752 779 3009 846; x_wconf 81' lang='grc' dir='ltr'>φάλαγγα</span> <span class='ocrx_word' id='word_1_233' title='bbox 3042 780 3303 849; x_wconf 75' lang='grc' dir='ltr'><strong>ἀτρεμεῖν</strong></span> <span class='ocrx_word' id='word_1_234' title='bbox 3335 780 3473 843; x_wconf 78' lang='grc' dir='ltr'>τέως</span> <span class='ocrx_word' id='word_1_235' title='bbox 3500 799 3733 851; x_wconf 80' lang='grc' dir='ltr'>παρακε-</span> 
     </span>
    </p>
   </div>
   <div class='ocr_carea' id='block_1_37' title="bbox 2170 871 3731 944">
    <p class='ocr_par' dir='ltr' id='par_1_37' title="bbox 2170 871 3731 944">
     <span class='ocr_line' id='line_1_37' title="bbox 2170 871 3731 944; baseline 0.005 -21"><span class='ocrx_word' id='word_1_236' title='bbox 2170 872 2531 942; x_wconf 77' lang='grc' dir='ltr'>λευσάμενος.</span> <span class='ocrx_word' id='word_1_237' title='bbox 2561 872 2671 937; x_wconf 80' lang='grc' dir='ltr'><strong>Τῆς</strong></span> <span class='ocrx_word' id='word_1_238' title='bbox 2702 871 2837 939; x_wconf 82' lang='grc' dir='ltr'>γοῦν</span> <span class='ocrx_word' id='word_1_239' title='bbox 2879 872 3058 943; x_wconf 79' lang='grc' dir='ltr'>μάχης</span> <span class='ocrx_word' id='word_1_240' title='bbox 3092 874 3415 944; x_wconf 87' lang='grc' dir='ltr'>ἀγχεμάχου</span> <span class='ocrx_word' id='word_1_241' title='bbox 3448 879 3731 944; x_wconf 77' lang='grc' dir='ltr'><strong>γεγονυίας</strong></span> 
     </span>
    </p>
   </div>
   <div class='ocr_carea' id='block_1_38' title="bbox 2169 963 3735 1033">
    <p class='ocr_par' dir='ltr' id='par_1_38' title="bbox 2169 963 3735 1033">
     <span class='ocr_line' id='line_1_38' title="bbox 2169 963 3735 1033; baseline 0.005 -18"><span class='ocrx_word' id='word_1_242' title='bbox 2169 965 2221 1015; x_wconf 81' lang='lat' dir='ltr'><strong>oi</strong></span> <span class='ocrx_word' id='word_1_243' title='bbox 2246 963 2340 1016; x_wconf 79' lang='grc' dir='ltr'><strong>τοῦ</strong></span> <span class='ocrx_word' id='word_1_244' title='bbox 2385 963 2697 1033; x_wconf 85' lang='grc' dir='ltr'>Ῥωμαῖκοῦ</span> <span class='ocrx_word' id='word_1_245' title='bbox 2729 964 3140 1032; x_wconf 80' lang='grc' dir='ltr'><strong>στρατεύματος</strong></span> <span class='ocrx_word' id='word_1_246' title='bbox 3199 967 3267 1018; x_wconf 73' lang='grc' dir='ltr'>τὰ</span> <span class='ocrx_word' id='word_1_247' title='bbox 3294 968 3438 1019; x_wconf 84' lang='grc' dir='ltr'>νῶτα</span> <span class='ocrx_word' id='word_1_248' title='bbox 3474 971 3587 1030; x_wconf 80' lang='grc' dir='ltr'>τοῖς</span> <span class='ocrx_word' id='word_1_249' title='bbox 3634 970 3735 1023; x_wconf 83' lang='grc' dir='ltr'>Λα-</span> 
     </span>
    </p>
   </div>
   <div class='ocr_carea' id='block_1_39' title="bbox 2171 1053 3733 1127">
    <p class='ocr_par' dir='ltr' id='par_1_39' title="bbox 2171 1053 3733 1127">
     <span class='ocr_line' id='line_1_39' title="bbox 2171 1053 3733 1127; baseline 0.005 -20"><span class='ocrx_word' id='word_1_250' title='bbox 2171 1055 2337 1117; x_wconf 88' lang='grc' dir='ltr'>τίνοις</span> <span class='ocrx_word' id='word_1_251' title='bbox 2363 1053 2651 1119; x_wconf 83' lang='grc' dir='ltr'>δεδώκασι,</span> <span class='ocrx_word' id='word_1_252' title='bbox 2684 1057 2807 1125; x_wconf 85' lang='grc' dir='ltr'>μηδ’</span> <span class='ocrx_word' id='word_1_253' title='bbox 2833 1059 3156 1127; x_wconf 86' lang='grc' dir='ltr'>ἀντωπῆσαι</span> <span class='ocrx_word' id='word_1_254' title='bbox 3190 1056 3403 1121; x_wconf 77' lang='grc' dir='ltr'><strong>τούτοις</strong></span> <span class='ocrx_word' id='word_1_255' title='bbox 3429 1058 3521 1111; x_wconf 73' lang='grc' dir='ltr'>τοῦ</span> <span class='ocrx_word' id='word_1_256' title='bbox 3555 1060 3733 1115; x_wconf 79' lang='grc' dir='ltr'>λοιποῦ</span> 
     </span>
    </p>
   </div>
   <div class='ocr_carea' id='block_1_40' title="bbox 2173 1148 3735 1222">
    <p class='ocr_par' dir='ltr' id='par_1_40' title="bbox 2173 1148 3735 1222">
     <span class='ocr_line' id='line_1_40' title="bbox 2173 1148 3735 1222; baseline 0.004 -25"><span class='ocrx_word' id='word_1_257' title='bbox 2173 1148 2474 1216; x_wconf 77' lang='grc' dir='ltr'><strong>ἰσχύοντες,</strong></span> <span class='ocrx_word' id='word_1_258' title='bbox 2513 1150 3057 1219; x_wconf 73' lang='grc' dir='ltr'>προκατεπτοημένοι</span> <span class='ocrx_word' id='word_1_259' title='bbox 3089 1149 3242 1212; x_wconf 79' lang='grc' dir='ltr'>ὅντες</span> <span class='ocrx_word' id='word_1_260' title='bbox 3261 1148 3349 1202; x_wconf 80' lang='grc' dir='ltr'><strong>διὰ</strong></span> <span class='ocrx_word' id='word_1_261' title='bbox 3380 1151 3476 1221; x_wconf 73' lang='grc' dir='ltr'>τὴν</span> <span class='ocrx_word' id='word_1_262' title='bbox 3498 1168 3735 1222; x_wconf 77' lang='grc' dir='ltr'>προηγη-</span> 
     </span>
    </p>
   </div>
   <div class='ocr_carea' id='block_1_41' title="bbox 2171 1233 3735 1311">
    <p class='ocr_par' dir='ltr' id='par_1_41' title="bbox 2171 1233 3735 1311">
     <span class='ocr_line' id='line_1_41' title="bbox 2171 1233 3735 1311; baseline 0.005 -22"><span class='ocrx_word' id='word_1_263' title='bbox 2171 1238 2416 1307; x_wconf 78' lang='grc' dir='ltr'>σαμένην</span> <span class='ocrx_word' id='word_1_264' title='bbox 2447 1233 2639 1307; x_wconf 83' lang='grc' dir='ltr'>ἧτταν.</span> <span class='ocrx_word' id='word_1_265' title='bbox 2682 1240 2792 1293; x_wconf 78' lang='grc' dir='ltr'><strong>Καὶ</strong></span> <span class='ocrx_word' id='word_1_266' title='bbox 2823 1239 3085 1309; x_wconf 88' lang='grc' dir='ltr'>σύγχυσις</span> <span class='ocrx_word' id='word_1_267' title='bbox 3124 1240 3427 1309; x_wconf 81' lang='grc' dir='ltr'>τηνικαῦτα</span> <span class='ocrx_word' id='word_1_268' title='bbox 3460 1242 3563 1311; x_wconf 78' lang='grc' dir='ltr'>τῆς</span> <span class='ocrx_word' id='word_1_269' title='bbox 3615 1242 3735 1297; x_wconf 82' lang='grc' dir='ltr'><strong>Ῥω-</strong></span> 
     </span>
    </p>
   </div>
   <div class='ocr_carea' id='block_1_42' title="bbox 2174 1325 3736 1401">
    <p class='ocr_par' dir='ltr' id='par_1_42' title="bbox 2174 1325 3736 1401">
     <span class='ocr_line' id='line_1_42' title="bbox 2174 1325 3736 1401; baseline 0.001 -20"><span class='ocrx_word' id='word_1_270' title='bbox 2174 1327 2379 1398; x_wconf 84' lang='grc' dir='ltr'><strong>μαῖκῆς</strong></span> <span class='ocrx_word' id='word_1_271' title='bbox 2428 1328 2795 1399; x_wconf 77' lang='grc' dir='ltr'>παρατάξεως</span> <span class='ocrx_word' id='word_1_272' title='bbox 2841 1325 2931 1399; x_wconf 80' lang='grc' dir='ltr'>ἦν,</span> <span class='ocrx_word' id='word_1_273' title='bbox 2970 1329 3075 1382; x_wconf 82' lang='grc' dir='ltr'>κᾶν</span> <span class='ocrx_word' id='word_1_274' title='bbox 3108 1330 3135 1381; x_wconf 86' lang='grc' dir='ltr'>ὀ</span> <span class='ocrx_word' id='word_1_275' title='bbox 3167 1328 3420 1399; x_wconf 85' lang='grc' dir='ltr'>βασιλεὺς</span> <span class='ocrx_word' id='word_1_276' title='bbox 3450 1329 3736 1401; x_wconf 86' lang='grc' dir='ltr'>ἀκλόνητος</span> 
     </span>
    </p>
   </div>
   <div class='ocr_carea' id='block_1_43' title="bbox 2174 1416 3736 1487">
    <p class='ocr_par' dir='ltr' id='par_1_43' title="bbox 2174 1416 3736 1487">
     <span class='ocr_line' id='line_1_43' title="bbox 2174 1416 3736 1487; baseline 0.001 -19"><span class='ocrx_word' id='word_1_277' title='bbox 2174 1418 2352 1484; x_wconf 87' lang='grc' dir='ltr'>μένων</span> <span class='ocrx_word' id='word_1_278' title='bbox 2397 1417 2663 1486; x_wconf 77' lang='grc' dir='ltr'><strong>γενναίως</strong></span> <span class='ocrx_word' id='word_1_279' title='bbox 2728 1416 2820 1469; x_wconf 82' lang='grc' dir='ltr'>καὶ</span> <span class='ocrx_word' id='word_1_280' title='bbox 2878 1417 3024 1487; x_wconf 78' lang='grc' dir='ltr'>χειρὶ</span> <span class='ocrx_word' id='word_1_281' title='bbox 3074 1417 3171 1469; x_wconf 70' lang='grc' dir='ltr'>καὶ</span> <span class='ocrx_word' id='word_1_282' title='bbox 3218 1417 3415 1487; x_wconf 77' lang='grc' dir='ltr'>γνώμῃ</span> <span class='ocrx_word' id='word_1_283' title='bbox 3464 1417 3736 1471; x_wconf 87' lang='grc' dir='ltr'>ἀντικαθί-</span> 
     </span>
    </p>
   </div>
   <div class='ocr_carea' id='block_1_44' title="bbox 2170 1501 3737 1577">
    <p class='ocr_par' dir='ltr' id='par_1_44' title="bbox 2170 1501 3737 1577">
     <span class='ocr_line' id='line_1_44' title="bbox 2170 1501 3737 1577; baseline 0.002 -19"><span class='ocrx_word' id='word_1_284' title='bbox 2170 1521 2355 1575; x_wconf 87' lang='grc' dir='ltr'>στατο,</span> <span class='ocrx_word' id='word_1_285' title='bbox 2415 1507 2645 1570; x_wconf 79' lang='grc' dir='ltr'>πολλοὺς</span> <span class='ocrx_word' id='word_1_286' title='bbox 2702 1507 2802 1576; x_wconf 79' lang='grc' dir='ltr'>μὲν</span> <span class='ocrx_word' id='word_1_287' title='bbox 2852 1506 3089 1577; x_wconf 79' lang='grc' dir='ltr'>τρώσας,</span> <span class='ocrx_word' id='word_1_288' title='bbox 3127 1506 3241 1560; x_wconf 78' lang='grc' dir='ltr'>ἐστι</span> <span class='ocrx_word' id='word_1_289' title='bbox 3280 1507 3327 1560; x_wconf 79' lang='grc' dir='ltr'>δ’</span> <span class='ocrx_word' id='word_1_290' title='bbox 3359 1501 3420 1560; x_wconf 78' lang='grc' dir='ltr'>οὗ</span> <span class='ocrx_word' id='word_1_291' title='bbox 3455 1508 3556 1560; x_wconf 72' lang='grc' dir='ltr'>καὶ</span> <span class='ocrx_word' id='word_1_292' title='bbox 3604 1524 3737 1577; x_wconf 78' lang='grc' dir='ltr'>τρωο</span> 
     </span>
    </p>
   </div>
   <div class='ocr_carea' id='block_1_45' title="bbox 2168 1598 3737 1671">
    <p class='ocr_par' dir='ltr' id='par_1_45' title="bbox 2168 1598 3737 1671">
     <span class='ocr_line' id='line_1_45' title="bbox 2168 1598 3737 1671; baseline 0.002 -19"><span class='ocrx_word' id='word_1_293' title='bbox 2168 1599 2299 1663; x_wconf 90' lang='grc' dir='ltr'>θείς.</span> <span class='ocrx_word' id='word_1_294' title='bbox 2335 1600 2443 1653; x_wconf 74' lang='grc' dir='ltr'><strong>Καὶ</strong></span> <span class='ocrx_word' id='word_1_295' title='bbox 2489 1599 2611 1652; x_wconf 77' lang='grc' dir='ltr'>ἐπεὶ</span> <span class='ocrx_word' id='word_1_296' title='bbox 2659 1600 2718 1653; x_wconf 81' lang='grc' dir='ltr'>τὸ</span> <span class='ocrx_word' id='word_1_297' title='bbox 2768 1599 2915 1653; x_wconf 76' lang='grc' dir='ltr'>άπαν</span> <span class='ocrx_word' id='word_1_298' title='bbox 2961 1598 3232 1670; x_wconf 82' lang='grc' dir='ltr'>ἐκρεῦσαν</span> <span class='ocrx_word' id='word_1_299' title='bbox 3279 1600 3382 1670; x_wconf 71' lang='grc' dir='ltr'>ἤδη</span> <span class='ocrx_word' id='word_1_300' title='bbox 3434 1599 3737 1671; x_wconf 77' lang='grc' dir='ltr'>στράτευμα</span> 
     </span>
    </p>
   </div>
   <div class='ocr_carea' id='block_1_46' title="bbox 2168 1689 3733 1760">
    <p class='ocr_par' dir='ltr' id='par_1_46' title="bbox 2168 1689 3733 1760">
     <span class='ocr_line' id='line_1_46' title="bbox 2168 1689 3733 1760; baseline 0.001 -17"><span class='ocrx_word' id='word_1_301' title='bbox 2168 1689 2452 1755; x_wconf 79' lang='grc' dir='ltr'>ἐθεάσατο,</span> <span class='ocrx_word' id='word_1_302' title='bbox 2480 1691 2573 1744; x_wconf 74' lang='grc' dir='ltr'>καὶ</span> <span class='ocrx_word' id='word_1_303' title='bbox 2606 1690 2799 1743; x_wconf 76' lang='grc' dir='ltr'>ἑαυτὸν</span> <span class='ocrx_word' id='word_1_304' title='bbox 2833 1690 2953 1759; x_wconf 86' lang='grc' dir='ltr'>μετ’</span> <span class='ocrx_word' id='word_1_305' title='bbox 2982 1690 3186 1757; x_wconf 79' lang='grc' dir='ltr'>ὀλίγων</span> <span class='ocrx_word' id='word_1_306' title='bbox 3234 1689 3655 1760; x_wconf 69' lang='grc' dir='ltr'>καταληφθέντα</span> <span class='ocrx_word' id='word_1_307' title='bbox 3674 1693 3733 1757; x_wconf 79' lang='grc'><strong>’⁷,</strong></span> 
     </span>
    </p>
   </div>
   <div class='ocr_carea' id='block_1_47' title="bbox 2166 1781 3733 1852">
    <p class='ocr_par' dir='ltr' id='par_1_47' title="bbox 2166 1781 3733 1852">
     <span class='ocr_line' id='line_1_47' title="bbox 2166 1781 3733 1852; baseline 0.002 -18"><span class='ocrx_word' id='word_1_308' title='bbox 2166 1781 2282 1834; x_wconf 84' lang='grc' dir='ltr'><strong>δέον</strong></span> <span class='ocrx_word' id='word_1_309' title='bbox 2332 1782 2618 1850; x_wconf 72' lang='grc' dir='ltr'>ἐλογίσατο</span> <span class='ocrx_word' id='word_1_310' title='bbox 2672 1781 2746 1852; x_wconf 79' lang='grc' dir='ltr'>μὴ</span> <span class='ocrx_word' id='word_1_311' title='bbox 2787 1782 2998 1849; x_wconf 80' lang='grc' dir='ltr'>ἀλόγως</span> <span class='ocrx_word' id='word_1_312' title='bbox 3030 1781 3427 1851; x_wconf 77' lang='grc' dir='ltr'>ἀνθιστάμενος</span> <span class='ocrx_word' id='word_1_313' title='bbox 3459 1782 3733 1837; x_wconf 82' lang='grc' dir='ltr'>κινδυνεῦ-</span> 
     </span>
    </p>
   </div>
   <div class='ocr_carea' id='block_1_48' title="bbox 2171 1874 3735 1944">
    <p class='ocr_par' dir='ltr' id='par_1_48' title="bbox 2171 1874 3735 1944">
     <span class='ocr_line' id='line_1_48' title="bbox 2171 1874 3735 1944; baseline -0.001 -17"><span class='ocrx_word' id='word_1_314' title='bbox 2171 1891 2281 1927; x_wconf 89' lang='grc' dir='ltr'>σαι.</span> <span class='ocrx_word' id='word_1_315' title='bbox 2327 1874 2495 1927; x_wconf 84' lang='grc' dir='ltr'><strong>Ἐπάν</strong></span> <span class='ocrx_word' id='word_1_316' title='bbox 2516 1874 2625 1944; x_wconf 88' lang='grc' dir='ltr'><strong>γάρ</strong></span> <span class='ocrx_word' id='word_1_317' title='bbox 2649 1891 2756 1938; x_wconf 89' lang='grc' dir='ltr'>τις,</span> <span class='ocrx_word' id='word_1_318' title='bbox 2788 1874 2962 1927; x_wconf 84' lang='grc' dir='ltr'>πολλά</span> <span class='ocrx_word' id='word_1_319' title='bbox 2993 1874 3262 1944; x_wconf 83' lang='grc' dir='ltr'>μογήσας,</span> <span class='ocrx_word' id='word_1_320' title='bbox 3303 1874 3377 1943; x_wconf 84' lang='grc' dir='ltr'>μὴ</span> <span class='ocrx_word' id='word_1_321' title='bbox 3404 1876 3545 1944; x_wconf 78' lang='grc' dir='ltr'>πρὸς</span> <span class='ocrx_word' id='word_1_322' title='bbox 3568 1874 3735 1944; x_wconf 80' lang='grc' dir='ltr'>ἰσχύος</span> 
     </span>
    </p>
   </div>
   <div class='ocr_carea' id='block_1_49' title="bbox 2169 1965 3737 2038">
    <p class='ocr_par' dir='ltr' id='par_1_49' title="bbox 2169 1965 3737 2038">
     <span class='ocr_line' id='line_1_49' title="bbox 2169 1965 3737 2038; baseline 0 -19"><span class='ocrx_word' id='word_1_323' title='bbox 2169 1966 2281 2038; x_wconf 80' lang='grc' dir='ltr'>ἔχει</span> <span class='ocrx_word' id='word_1_324' title='bbox 2318 1968 2363 1998; x_wconf 78' lang='grc'><strong>⁸⁸</strong></span> <span class='ocrx_word' id='word_1_325' title='bbox 2418 1969 2528 2029; x_wconf 88' lang='grc' dir='ltr'>τοῖς</span> <span class='ocrx_word' id='word_1_326' title='bbox 2580 1967 2797 2037; x_wconf 77' lang='grc' dir='ltr'>ἐχθροῖς</span> <span class='ocrx_word' id='word_1_327' title='bbox 2852 1965 3365 2030; x_wconf 75' lang='grc' dir='ltr'>ἀντικαθίστασθαι,</span> <span class='ocrx_word' id='word_1_328' title='bbox 3410 1966 3643 2035; x_wconf 80' lang='grc' dir='ltr'>μάταιος</span> <span class='ocrx_word' id='word_1_329' title='bbox 3681 1967 3737 2019; x_wconf 79' lang='grc' dir='ltr'>ἂν</span> 
     </span>
    </p>
   </div>
   <div class='ocr_carea' id='block_1_50' title="bbox 2167 2052 3736 2127">
    <p class='ocr_par' dir='ltr' id='par_1_50' title="bbox 2167 2052 3736 2127">
     <span class='ocr_line' id='line_1_50' title="bbox 2167 2052 3736 2127; baseline -0.003 -18"><span class='ocrx_word' id='word_1_330' title='bbox 2167 2057 2255 2123; x_wconf 71' lang='grc' dir='ltr'>εἴη</span> <span class='ocrx_word' id='word_1_331' title='bbox 2284 2058 2329 2089; x_wconf 71' lang='grc'><strong><em>’⁸</em></strong></span> <span class='ocrx_word' id='word_1_332' title='bbox 2366 2057 2447 2118; x_wconf 89' lang='grc' dir='ltr'><strong>είς</strong></span> <span class='ocrx_word' id='word_1_333' title='bbox 2486 2056 2763 2127; x_wconf 78' lang='grc' dir='ltr'>προῦπτον</span> <span class='ocrx_word' id='word_1_334' title='bbox 2793 2055 3046 2109; x_wconf 88' lang='grc' dir='ltr'>κίνδυνον</span> <span class='ocrx_word' id='word_1_335' title='bbox 3082 2055 3274 2107; x_wconf 68' lang='grc' dir='ltr'>ἐαυτὸν</span> <span class='ocrx_word' id='word_1_336' title='bbox 3329 2052 3611 2105; x_wconf 82' lang='grc' dir='ltr'>συνωθῶν.</span> <span class='ocrx_word' id='word_1_337' title='bbox 3642 2054 3736 2104; x_wconf 65' lang='grc' dir='ltr'><strong>Τοῦ</strong></span> 
     </span>
    </p>
   </div>
   <div class='ocr_carea' id='block_1_51' title="bbox 2166 2144 3735 2218">
    <p class='ocr_par' dir='ltr' id='par_1_51' title="bbox 2166 2144 3735 2218">
     <span class='ocr_line' id='line_1_51' title="bbox 2166 2144 3735 2218; baseline -0.002 -19"><span class='ocrx_word' id='word_1_338' title='bbox 2166 2146 2299 2214; x_wconf 79' lang='grc' dir='ltr'>γοῦν</span> <span class='ocrx_word' id='word_1_339' title='bbox 2334 2145 2510 2211; x_wconf 76' lang='grc' dir='ltr'>δεξιοῦ</span> <span class='ocrx_word' id='word_1_340' title='bbox 2571 2148 2667 2201; x_wconf 77' lang='grc' dir='ltr'>καὶ</span> <span class='ocrx_word' id='word_1_341' title='bbox 2717 2147 3003 2217; x_wconf 78' lang='grc' dir='ltr'>εὐωνύμου</span> <span class='ocrx_word' id='word_1_342' title='bbox 3040 2149 3220 2218; x_wconf 79' lang='grc' dir='ltr'>κέρως</span> <span class='ocrx_word' id='word_1_343' title='bbox 3267 2146 3365 2214; x_wconf 66' lang='grc' dir='ltr'>τῆς</span> <span class='ocrx_word' id='word_1_344' title='bbox 3423 2144 3735 2214; x_wconf 73' lang='grc' dir='ltr'>Ῥωμαῖκῆς</span> 
     </span>
    </p>
   </div>
   <div class='ocr_carea' id='block_1_52' title="bbox 2168 2236 3736 2311">
    <p class='ocr_par' dir='ltr' id='par_1_52' title="bbox 2168 2236 3736 2311">
     <span class='ocr_line' id='line_1_52' title="bbox 2168 2236 3736 2311; baseline -0.004 -16"><span class='ocrx_word' id='word_1_345' title='bbox 2168 2242 2449 2311; x_wconf 77' lang='grc' dir='ltr'>φάλαγγος</span> <span class='ocrx_word' id='word_1_346' title='bbox 2493 2240 2770 2311; x_wconf 76' lang='grc' dir='ltr'>φυγαδείᾳ</span> <span class='ocrx_word' id='word_1_347' title='bbox 2822 2240 3211 2311; x_wconf 80' lang='grc' dir='ltr'>χρησαμένων,</span> <span class='ocrx_word' id='word_1_348' title='bbox 3272 2239 3299 2291; x_wconf 91' lang='grc' dir='ltr'>ὁ</span> <span class='ocrx_word' id='word_1_349' title='bbox 3357 2236 3618 2306; x_wconf 78' lang='grc' dir='ltr'>βασιλεὺς</span> <span class='ocrx_word' id='word_1_350' title='bbox 3666 2236 3736 2289; x_wconf 79' lang='grc' dir='ltr'>ἔτι</span> 
     </span>
    </p>
   </div>
   <div class='ocr_carea' id='block_1_53' title="bbox 2166 2329 3737 2403">
    <p class='ocr_par' dir='ltr' id='par_1_53' title="bbox 2166 2329 3737 2403">
     <span class='ocr_line' id='line_1_53' title="bbox 2166 2329 3737 2403; baseline -0.004 -17"><span class='ocrx_word' id='word_1_351' title='bbox 2166 2333 2520 2403; x_wconf 85' lang='grc' dir='ltr'>ἐγκαρτερῶν</span> <span class='ocrx_word' id='word_1_352' title='bbox 2580 2332 2719 2403; x_wconf 87' lang='grc' dir='ltr'><strong>μετά</strong></span> <span class='ocrx_word' id='word_1_353' title='bbox 2764 2335 2862 2402; x_wconf 79' lang='grc' dir='ltr'>τῆς</span> <span class='ocrx_word' id='word_1_354' title='bbox 2916 2332 3010 2384; x_wconf 76' lang='grc' dir='ltr'>τοῦ</span> <span class='ocrx_word' id='word_1_355' title='bbox 3068 2329 3410 2399; x_wconf 83' lang='grc' dir='ltr'>Βαῖμούντου</span> <span class='ocrx_word' id='word_1_356' title='bbox 3464 2329 3737 2396; x_wconf 75' lang='grc' dir='ltr'>φάλαγγος</span> 
     </span>
    </p>
   </div>
   <div class='ocr_carea' id='block_1_54' title="bbox 2164 2420 3733 2494">
    <p class='ocr_par' dir='ltr' id='par_1_54' title="bbox 2164 2420 3733 2494">
     <span class='ocr_line' id='line_1_54' title="bbox 2164 2420 3733 2494; baseline -0.003 -18"><span class='ocrx_word' id='word_1_357' title='bbox 2164 2424 2430 2491; x_wconf 84' lang='grc' dir='ltr'>γενναίως</span> <span class='ocrx_word' id='word_1_358' title='bbox 2469 2424 2806 2494; x_wconf 81' lang='grc' dir='ltr'>ἀπεμάχετο,</span> <span class='ocrx_word' id='word_1_359' title='bbox 2843 2426 2932 2476; x_wconf 82' lang='grc' dir='ltr'>τὸν</span> <span class='ocrx_word' id='word_1_360' title='bbox 2964 2423 3085 2475; x_wconf 81' lang='grc' dir='ltr'>ὅλον</span> <span class='ocrx_word' id='word_1_361' title='bbox 3122 2422 3287 2485; x_wconf 76' lang='grc' dir='ltr'>αὐτὸς</span> <span class='ocrx_word' id='word_1_362' title='bbox 3340 2420 3733 2489; x_wconf 81' lang='grc' dir='ltr'>ἀναδεξάμενος</span> 
     </span>
    </p>
   </div>
   <div class='ocr_carea' id='block_1_55' title="bbox 2166 2512 3733 2587">
    <p class='ocr_par' dir='ltr' id='par_1_55' title="bbox 2166 2512 3733 2587">
     <span class='ocr_line' id='line_1_55' title="bbox 2166 2512 3733 2587; baseline -0.004 -18"><span class='ocrx_word' id='word_1_363' title='bbox 2166 2517 2423 2584; x_wconf 84' lang='grc' dir='ltr'>πόλεμον.</span> <span class='ocrx_word' id='word_1_364' title='bbox 2460 2517 2533 2568; x_wconf 78' lang='grc' dir='ltr'>Τὸ</span> <span class='ocrx_word' id='word_1_365' title='bbox 2562 2517 2619 2569; x_wconf 82' lang='grc' dir='ltr'>δὲ</span> <span class='ocrx_word' id='word_1_366' title='bbox 2668 2515 3073 2587; x_wconf 76' lang='grc' dir='ltr'>ἀναντίρρητον</span> <span class='ocrx_word' id='word_1_367' title='bbox 3107 2515 3288 2576; x_wconf 70' lang='grc' dir='ltr'>συνεὶς</span> <span class='ocrx_word' id='word_1_368' title='bbox 3323 2512 3417 2567; x_wconf 77' lang='grc' dir='ltr'><strong>τοῦ</strong></span> <span class='ocrx_word' id='word_1_369' title='bbox 3463 2512 3733 2578; x_wconf 80' lang='grc' dir='ltr'>κινδύνου,</span> 
     </span>
    </p>
   </div>
   <div class='ocr_carea' id='block_1_56' title="bbox 2164 2605 3735 2679">
    <p class='ocr_par' dir='ltr' id='par_1_56' title="bbox 2164 2605 3735 2679">
     <span class='ocr_line' id='line_1_56' title="bbox 2164 2605 3735 2679; baseline -0.003 -17"><span class='ocrx_word' id='word_1_370' title='bbox 2164 2609 2282 2662; x_wconf 77' lang='grc' dir='ltr'>δέον</span> <span class='ocrx_word' id='word_1_371' title='bbox 2321 2610 2537 2679; x_wconf 73' lang='grc' dir='ltr'>ἔκρινεν</span> <span class='ocrx_word' id='word_1_372' title='bbox 2564 2609 2758 2662; x_wconf 64' lang='grc' dir='ltr'>ἑαυτὸν</span> <span class='ocrx_word' id='word_1_373' title='bbox 2793 2607 3122 2677; x_wconf 86' lang='grc' dir='ltr'>περισῶσαι,</span> <span class='ocrx_word' id='word_1_374' title='bbox 3184 2606 3258 2668; x_wconf 85' lang='grc' dir='ltr'>ὡς</span> <span class='ocrx_word' id='word_1_375' title='bbox 3285 2606 3442 2669; x_wconf 77' lang='grc' dir='ltr'>αὖθις</span> <span class='ocrx_word' id='word_1_376' title='bbox 3486 2605 3735 2658; x_wconf 72' lang='grc' dir='ltr'>δύνασθαι</span> 
     </span>
    </p>
   </div>
   <div class='ocr_carea' id='block_1_57' title="bbox 2167 2695 3732 2772">
    <p class='ocr_par' dir='ltr' id='par_1_57' title="bbox 2167 2695 3732 2772">
     <span class='ocr_line' id='line_1_57' title="bbox 2167 2695 3732 2772; baseline -0.005 -18"><span class='ocrx_word' id='word_1_377' title='bbox 2167 2700 2435 2770; x_wconf 86' lang='grc' dir='ltr'>μάχεσθαι</span> <span class='ocrx_word' id='word_1_378' title='bbox 2461 2702 2599 2772; x_wconf 71' lang='grc' dir='ltr'>πρὸς</span> <span class='ocrx_word' id='word_1_379' title='bbox 2637 2700 2730 2753; x_wconf 79' lang='grc' dir='ltr'><strong>τὸν</strong></span> <span class='ocrx_word' id='word_1_380' title='bbox 2766 2699 3290 2767; x_wconf 82' lang='grc' dir='ltr'>καταγωνισάμενον</span> <span class='ocrx_word' id='word_1_381' title='bbox 3321 2699 3416 2751; x_wconf 74' lang='grc' dir='ltr'>καὶ</span> <span class='ocrx_word' id='word_1_382' title='bbox 3445 2695 3732 2758; x_wconf 79' lang='grc' dir='ltr'>ἀντίπαλος</span> 
     </span>
    </p>
   </div>
   <div class='ocr_carea' id='block_1_58' title="bbox 2163 2788 3732 2862">
    <p class='ocr_par' dir='ltr' id='par_1_58' title="bbox 2163 2788 3732 2862">
     <span class='ocr_line' id='line_1_58' title="bbox 2163 2788 3732 2862; baseline -0.004 -16"><span class='ocrx_word' id='word_1_383' title='bbox 2163 2794 2385 2846; x_wconf 75' lang='grc' dir='ltr'>ἔσεσθαι</span> <span class='ocrx_word' id='word_1_384' title='bbox 2425 2791 2866 2862; x_wconf 78' lang='grc' dir='ltr'>καρτερώτατος,</span> <span class='ocrx_word' id='word_1_385' title='bbox 2903 2792 2995 2844; x_wconf 73' lang='grc' dir='ltr'>καὶ</span> <span class='ocrx_word' id='word_1_386' title='bbox 3050 2792 3123 2861; x_wconf 76' lang='grc' dir='ltr'>μὴ</span> <span class='ocrx_word' id='word_1_387' title='bbox 3168 2790 3227 2843; x_wconf 82' lang='grc' dir='ltr'>τὸ</span> <span class='ocrx_word' id='word_1_388' title='bbox 3282 2790 3393 2843; x_wconf 82' lang='grc' dir='ltr'>πᾶν</span> <span class='ocrx_word' id='word_1_389' title='bbox 3442 2788 3550 2858; x_wconf 76' lang='grc' dir='ltr'>τῆς</span> <span class='ocrx_word' id='word_1_390' title='bbox 3586 2788 3732 2858; x_wconf 90' lang='grc' dir='ltr'>νίκης</span> 
     </span>
    </p>
   </div>
   <div class='ocr_carea' id='block_1_59' title="bbox 2160 2876 3737 2955">
    <p class='ocr_par' dir='ltr' id='par_1_59' title="bbox 2160 2876 3737 2955">
     <span class='ocr_line' id='line_1_59' title="bbox 2160 2876 3737 2955; baseline -0.006 -16"><span class='ocrx_word' id='word_1_391' title='bbox 2160 2885 2400 2955; x_wconf 79' lang='grc' dir='ltr'>ἄρασθαι</span> <span class='ocrx_word' id='word_1_392' title='bbox 2437 2884 2529 2936; x_wconf 82' lang='grc' dir='ltr'>τὸν</span> <span class='ocrx_word' id='word_1_393' title='bbox 2560 2882 2922 2952; x_wconf 76' lang='grc' dir='ltr'>Βαῖμοῦντον.</span> <span class='ocrx_word' id='word_1_394' title='bbox 2958 2883 3217 2944; x_wconf 81' lang='grc' dir='ltr'>Τοιοῦτος</span> <span class='ocrx_word' id='word_1_395' title='bbox 3254 2880 3362 2950; x_wconf 82' lang='grc' dir='ltr'><strong>γάρ</strong></span> <span class='ocrx_word' id='word_1_396' title='bbox 3398 2876 3469 2950; x_wconf 79' lang='grc' dir='ltr'>ἦν</span> <span class='ocrx_word' id='word_1_397' title='bbox 3500 2878 3737 2949; x_wconf 79' lang='grc' dir='ltr'>ἡττώμε-</span> 
     </span>
    </p>
   </div>
   <div class='ocr_carea' id='block_1_60' title="bbox 2161 2970 3727 3043">
    <p class='ocr_par' dir='ltr' id='par_1_60' title="bbox 2161 2970 3727 3043">
     <span class='ocr_line' id='line_1_60' title="bbox 2161 2970 3727 3043; baseline -0.004 -14"><span class='ocrx_word' id='word_1_398' title='bbox 2161 2994 2250 3039; x_wconf 89' lang='grc' dir='ltr'><strong>νος</strong></span> <span class='ocrx_word' id='word_1_399' title='bbox 2284 2977 2379 3029; x_wconf 73' lang='grc' dir='ltr'>καὶ</span> <span class='ocrx_word' id='word_1_400' title='bbox 2417 2974 2605 3039; x_wconf 80' lang='grc' dir='ltr'>νικῶν,</span> <span class='ocrx_word' id='word_1_401' title='bbox 2640 2973 2858 3043; x_wconf 84' lang='grc' dir='ltr'>φεύγων</span> <span class='ocrx_word' id='word_1_402' title='bbox 2891 2974 2985 3027; x_wconf 77' lang='grc' dir='ltr'>καὶ</span> <span class='ocrx_word' id='word_1_403' title='bbox 3012 2972 3169 3035; x_wconf 77' lang='grc' dir='ltr'>αὖθις</span> <span class='ocrx_word' id='word_1_404' title='bbox 3194 2971 3429 3033; x_wconf 84' lang='grc' dir='ltr'>διώκων.</span> <span class='ocrx_word' id='word_1_405' title='bbox 3469 2974 3571 3025; x_wconf 73' lang='grc' dir='ltr'>καὶ</span> <span class='ocrx_word' id='word_1_406' title='bbox 3599 2970 3727 3040; x_wconf 80' lang='grc' dir='ltr'>μηδὲ</span> 
     </span>
    </p>
   </div>
   <div class='ocr_carea' id='block_1_61' title="bbox 2165 3064 3734 3138">
    <p class='ocr_par' dir='ltr' id='par_1_61' title="bbox 2165 3064 3734 3138">
     <span class='ocr_line' id='line_1_61' title="bbox 2165 3064 3734 3138; baseline -0.004 -17"><span class='ocrx_word' id='word_1_407' title='bbox 2165 3086 2296 3121; x_wconf 87' lang='grc' dir='ltr'>ποτε</span> <span class='ocrx_word' id='word_1_408' title='bbox 2328 3070 2725 3138; x_wconf 80' lang='grc' dir='ltr'>ὑποπτήσσων,</span> <span class='ocrx_word' id='word_1_409' title='bbox 2766 3068 2905 3136; x_wconf 77' lang='grc' dir='ltr'>μήτε</span> <span class='ocrx_word' id='word_1_410' title='bbox 2958 3066 3066 3137; x_wconf 80' lang='grc' dir='ltr'>μὴν</span> <span class='ocrx_word' id='word_1_411' title='bbox 3114 3064 3473 3127; x_wconf 82' lang='grc' dir='ltr'>ἀνελπιστίας</span> <span class='ocrx_word' id='word_1_412' title='bbox 3528 3064 3734 3135; x_wconf 81' lang='grc' dir='ltr'>βρόχοις</span> 
     </span>
    </p>
   </div>
   <div class='ocr_carea' id='block_1_62' title="bbox 466 3154 2049 3241">
    <p class='ocr_par' dir='ltr' id='par_1_62' title="bbox 466 3154 2049 3237">
     <span class='ocr_line' id='line_1_62' title="bbox 466 3154 2049 3237; baseline 0.011 -32"><span class='ocrx_word' id='word_1_413' title='bbox 466 3154 643 3223; x_wconf 85' lang='lat' dir='ltr'><strong>pretio</strong></span> <span class='ocrx_word' id='word_1_414' title='bbox 694 3157 1017 3225; x_wconf 84' lang='lat' dir='ltr'><strong>periclitari.</strong></span> <span class='ocrx_word' id='word_1_415' title='bbox 1051 3158 1180 3224; x_wconf 57' lang='lat' dir='ltr'><strong>Quae</strong></span> <span class='ocrx_word' id='word_1_416' title='bbox 1212 3162 1357 3216; x_wconf 93' lang='lat' dir='ltr'><strong>enim</strong></span> <span class='ocrx_word' id='word_1_417' title='bbox 1393 3163 1534 3217; x_wconf 90' lang='lat' dir='ltr'><strong>ratio</strong></span> <span class='ocrx_word' id='word_1_418' title='bbox 1564 3165 1638 3218; x_wconf 88' lang='lat' dir='ltr'><strong>sit</strong></span> <span class='ocrx_word' id='word_1_419' title='bbox 1701 3163 2049 3237; x_wconf 83' lang='lat' dir='ltr'><strong>defatigatum</strong></span> 
     </span>
    </p>
   </div>
   <div class='ocr_carea' id='block_1_63' title="bbox 2162 3154 3735 3241">
    <p class='ocr_par' dir='ltr' id='par_1_63' title="bbox 2162 3155 3735 3231">
     <span class='ocr_line' id='line_1_63' title="bbox 2162 3155 3735 3231; baseline -0.006 -17"><span class='ocrx_word' id='word_1_420' title='bbox 2162 3161 2549 3231; x_wconf 84' lang='grc' dir='ltr'>ἁλισκόμενος.</span> <span class='ocrx_word' id='word_1_421' title='bbox 2597 3155 2706 3211; x_wconf 86' lang='grc' dir='ltr'>Ἦν</span> <span class='ocrx_word' id='word_1_422' title='bbox 2734 3158 2842 3227; x_wconf 81' lang='grc' dir='ltr'>γὰρ</span> <span class='ocrx_word' id='word_1_423' title='bbox 2897 3158 2991 3211; x_wconf 72' lang='grc' dir='ltr'><strong>κα)⁸</strong></span> <span class='ocrx_word' id='word_1_424' title='bbox 3040 3158 3120 3219; x_wconf 81' lang='grc' dir='ltr'><strong>είς</strong></span> <span class='ocrx_word' id='word_1_425' title='bbox 3160 3157 3292 3210; x_wconf 74' lang='grc' dir='ltr'>Θεὸν</span> <span class='ocrx_word' id='word_1_426' title='bbox 3318 3156 3429 3227; x_wconf 82' lang='grc'><strong>(50)</strong></span> <span class='ocrx_word' id='word_1_427' title='bbox 3469 3156 3735 3225; x_wconf 77' lang='grc' dir='ltr'>μεγίστην</span> 
     </span>
    </p>
   </div>
   <div class='ocr_carea' id='block_1_64' title="bbox 461 3246 2054 3322">
    <p class='ocr_par' dir='ltr' id='par_1_64' title="bbox 461 3246 2054 3322">
     <span class='ocr_line' id='line_1_64' title="bbox 461 3246 2054 3322; baseline 0.008 -18"><span class='ocrx_word' id='word_1_428' title='bbox 461 3254 518 3304; x_wconf 80' lang='lat' dir='ltr'><strong>ct</strong></span> <span class='ocrx_word' id='word_1_429' title='bbox 573 3246 750 3301; x_wconf 89' lang='lat' dir='ltr'><strong>solum</strong></span> <span class='ocrx_word' id='word_1_430' title='bbox 795 3258 987 3302; x_wconf 88' lang='lat' dir='ltr'><strong>contra</strong></span> <span class='ocrx_word' id='word_1_431' title='bbox 1050 3252 1209 3322; x_wconf 75' lang='lat'><strong>136</strong></span> <span class='ocrx_word' id='word_1_432' title='bbox 1260 3254 1529 3310; x_wconf 86' lang='lat' dir='ltr'><strong>victorem</strong></span> <span class='ocrx_word' id='word_1_433' title='bbox 1594 3258 1893 3313; x_wconf 74' lang='lat' dir='ltr'><strong>exercitum</strong></span> <span class='ocrx_word' id='word_1_434' title='bbox 1954 3261 2054 3316; x_wconf 90' lang='lat' dir='ltr'><strong>niti</strong></span> 
     </span>
    </p>
   </div>
   <div class='ocr_carea' id='block_1_65' title="bbox 464 3337 2051 3415">
    <p class='ocr_par' dir='ltr' id='par_1_65' title="bbox 464 3337 2051 3415">
     <span class='ocr_line' id='line_1_65' title="bbox 464 3337 2051 3415; baseline 0.012 -27"><span class='ocrx_word' id='word_1_435' title='bbox 464 3337 768 3403; x_wconf 82' lang='lat' dir='ltr'><strong>pertinacia</strong></span> <span class='ocrx_word' id='word_1_436' title='bbox 808 3341 1109 3409; x_wconf 79' lang='lat' dir='ltr'><strong>pugnandi,</strong></span> <span class='ocrx_word' id='word_1_437' title='bbox 1158 3345 1541 3415; x_wconf 86' lang='lat' dir='ltr'><strong>projicereque</strong></span> <span class='ocrx_word' id='word_1_438' title='bbox 1576 3344 1811 3404; x_wconf 89' lang='lat' dir='ltr'><strong>salutem</strong></span> <span class='ocrx_word' id='word_1_439' title='bbox 1849 3351 1901 3404; x_wconf 94' lang='lat' dir='ltr'><strong>in</strong></span> <span class='ocrx_word' id='word_1_440' title='bbox 1936 3352 2051 3407; x_wconf 83' lang='lat' dir='ltr'><strong>dis-</strong></span> 
     </span>
    </p>
   </div>
   <div class='ocr_carea' id='block_1_66' title="bbox 462 3429 2056 3515">
    <p class='ocr_par' dir='ltr' id='par_1_66' title="bbox 462 3429 2056 3515">
     <span class='ocr_line' id='line_1_66' title="bbox 462 3429 2056 3515; baseline 0.011 -33"><span class='ocrx_word' id='word_1_441' title='bbox 462 3429 673 3483; x_wconf 85' lang='lat' dir='ltr'><strong>crimen</strong></span> <span class='ocrx_word' id='word_1_442' title='bbox 706 3431 856 3485; x_wconf 88' lang='lat' dir='ltr'><strong>nulla</strong></span> <span class='ocrx_word' id='word_1_443' title='bbox 889 3448 984 3501; x_wconf 89' lang='lat' dir='ltr'><strong>spe</strong></span> <span class='ocrx_word' id='word_1_444' title='bbox 1013 3438 1277 3490; x_wconf 86' lang='lat' dir='ltr'><strong>vocante?</strong></span> <span class='ocrx_word' id='word_1_445' title='bbox 1302 3437 1593 3509; x_wconf 81' lang='lat' dir='ltr'><strong>Postquam</strong></span> <span class='ocrx_word' id='word_1_446' title='bbox 1617 3442 1780 3512; x_wconf 90' lang='lat' dir='ltr'><strong>igitur</strong></span> <span class='ocrx_word' id='word_1_447' title='bbox 1806 3444 2056 3515; x_wconf 89' lang='lat' dir='ltr'><strong>aliquan-</strong></span> 
     </span>
    </p>
   </div>
   <div class='ocr_carea' id='block_1_67' title="bbox 464 3518 2051 3602">
    <p class='ocr_par' dir='ltr' id='par_1_67' title="bbox 464 3518 2051 3602">
     <span class='ocr_line' id='line_1_67' title="bbox 464 3518 2051 3602; baseline 0.013 -31"><span class='ocrx_word' id='word_1_448' title='bbox 464 3518 560 3572; x_wconf 89' lang='lat' dir='ltr'><strong>diu</strong></span> <span class='ocrx_word' id='word_1_449' title='bbox 602 3520 799 3576; x_wconf 77' lang='lat' dir='ltr'><strong>dextro</strong></span> <span class='ocrx_word' id='word_1_450' title='bbox 834 3522 1075 3594; x_wconf 61' lang='lat' dir='ltr'><strong>laevoque</strong></span> <span class='ocrx_word' id='word_1_451' title='bbox 1120 3541 1293 3582; x_wconf 94' lang='lat' dir='ltr'><strong>cornu</strong></span> <span class='ocrx_word' id='word_1_452' title='bbox 1343 3544 1573 3586; x_wconf 87' lang='lat' dir='ltr'><strong>suorum</strong></span> <span class='ocrx_word' id='word_1_453' title='bbox 1621 3533 1825 3602; x_wconf 84' lang='lat' dir='ltr'><strong>fugato,</strong></span> <span class='ocrx_word' id='word_1_454' title='bbox 1880 3545 2051 3592; x_wconf 91' lang='lat' dir='ltr'><strong>totum</strong></span> 
     </span>
    </p>
   </div>
   <div class='ocr_carea' id='block_1_68' title="bbox 465 3612 2052 3696">
    <p class='ocr_par' dir='ltr' id='par_1_68' title="bbox 465 3612 2052 3696">
     <span class='ocr_line' id='line_1_68' title="bbox 465 3612 2052 3696; baseline 0.013 -33"><span class='ocrx_word' id='word_1_455' title='bbox 465 3612 738 3667; x_wconf 85' lang='lat' dir='ltr'><strong>exercitus</strong></span> <span class='ocrx_word' id='word_1_456' title='bbox 790 3612 1079 3671; x_wconf 84' lang='lat' dir='ltr'><strong>Baimundi</strong></span> <span class='ocrx_word' id='word_1_457' title='bbox 1138 3618 1355 3687; x_wconf 91' lang='lat' dir='ltr'><strong>pondus</strong></span> <span class='ocrx_word' id='word_1_458' title='bbox 1396 3630 1558 3692; x_wconf 90' lang='lat' dir='ltr'><strong>atque</strong></span> <span class='ocrx_word' id='word_1_459' title='bbox 1610 3624 1869 3696; x_wconf 90' lang='lat' dir='ltr'><strong>impetum</strong></span> <span class='ocrx_word' id='word_1_460' title='bbox 1910 3645 2052 3685; x_wconf 89' lang='lat' dir='ltr'><strong>unus</strong></span> 
     </span>
    </p>
   </div>
   <div class='ocr_carea' id='block_1_69' title="bbox 470 3700 2049 3784">
    <p class='ocr_par' dir='ltr' id='par_1_69' title="bbox 470 3700 2049 3784">
     <span class='ocr_line' id='line_1_69' title="bbox 470 3700 2049 3784; baseline 0.014 -32"><span class='ocrx_word' id='word_1_461' title='bbox 470 3700 705 3756; x_wconf 75' lang='lat' dir='ltr'><strong>stitissct</strong></span> <span class='ocrx_word' id='word_1_462' title='bbox 727 3704 1193 3777; x_wconf 86' lang='lat' dir='ltr'><strong>sustinuissetque</strong></span> <span class='ocrx_word' id='word_1_463' title='bbox 1218 3709 1461 3776; x_wconf 77' lang='lat' dir='ltr'><strong>Alexius,</strong></span> <span class='ocrx_word' id='word_1_464' title='bbox 1488 3712 1704 3767; x_wconf 92' lang='lat' dir='ltr'><strong>demum</strong></span> <span class='ocrx_word' id='word_1_465' title='bbox 1732 3718 2049 3784; x_wconf 87' lang='lat' dir='ltr'><strong>persuaderi</strong></span> 
     </span>
    </p>
   </div>
   <div class='ocr_carea' id='block_1_70' title="bbox 470 3790 2048 3879">
    <p class='ocr_par' dir='ltr' id='par_1_70' title="bbox 470 3790 2048 3879">
     <span class='ocr_line' id='line_1_70' title="bbox 470 3790 2048 3879; baseline 0.015 -34"><span class='ocrx_word' id='word_1_466' title='bbox 470 3790 572 3845; x_wconf 86' lang='lat' dir='ltr'><strong>sibi</strong></span> <span class='ocrx_word' id='word_1_467' title='bbox 595 3792 719 3846; x_wconf 88' lang='lat' dir='ltr'><strong>sivit</strong></span> <span class='ocrx_word' id='word_1_468' title='bbox 750 3808 776 3847; x_wconf 92' lang='lat' dir='ltr'><strong>a</strong></span> <span class='ocrx_word' id='word_1_469' title='bbox 812 3810 911 3849; x_wconf 91' lang='lat' dir='ltr'><strong>sua</strong></span> <span class='ocrx_word' id='word_1_470' title='bbox 943 3797 1230 3866; x_wconf 88' lang='lat' dir='ltr'><strong>prudentia</strong></span> <span class='ocrx_word' id='word_1_471' title='bbox 1265 3808 1320 3853; x_wconf 90' lang='lat' dir='ltr'><strong>ut</strong></span> <span class='ocrx_word' id='word_1_472' title='bbox 1346 3816 1405 3855; x_wconf 89' lang='lat' dir='ltr'><strong>se</strong></span> <span class='ocrx_word' id='word_1_473' title='bbox 1433 3818 1458 3855; x_wconf 92' lang='lat' dir='ltr'><strong>a</strong></span> <span class='ocrx_word' id='word_1_474' title='bbox 1493 3808 1745 3873; x_wconf 80' lang='lat' dir='ltr'><strong>praesenti</strong></span> <span class='ocrx_word' id='word_1_475' title='bbox 1782 3810 2048 3879; x_wconf 89' lang='lat' dir='ltr'><strong>periculo,</strong></span> 
     </span>
    </p>
   </div>
   <div class='ocr_carea' id='block_1_71' title="bbox 464 3881 2048 3967">
    <p class='ocr_par' dir='ltr' id='par_1_71' title="bbox 464 3881 2048 3967">
     <span class='ocr_line' id='line_1_71' title="bbox 464 3881 2048 3967; baseline 0.013 -32"><span class='ocrx_word' id='word_1_476' title='bbox 464 3881 521 3936; x_wconf 87' lang='lat' dir='ltr'><strong>in</strong></span> <span class='ocrx_word' id='word_1_477' title='bbox 557 3898 667 3953; x_wconf 92' lang='lat' dir='ltr'><strong>quo</strong></span> <span class='ocrx_word' id='word_1_478' title='bbox 714 3884 919 3941; x_wconf 79' lang='lat' dir='ltr'><strong>frustra</strong></span> <span class='ocrx_word' id='word_1_479' title='bbox 975 3892 1173 3944; x_wconf 87' lang='lat' dir='ltr'><strong>tentari</strong></span> <span class='ocrx_word' id='word_1_480' title='bbox 1230 3891 1505 3948; x_wconf 83' lang='lat' dir='ltr'><strong>fortunam</strong></span> <span class='ocrx_word' id='word_1_481' title='bbox 1565 3899 1741 3965; x_wconf 88' lang='lat' dir='ltr'><strong>palam</strong></span> <span class='ocrx_word' id='word_1_482' title='bbox 1779 3909 1947 3967; x_wconf 89' lang='lat' dir='ltr'><strong>esset,</strong></span> <span class='ocrx_word' id='word_1_483' title='bbox 1980 3902 2048 3955; x_wconf 90' lang='lat' dir='ltr'><strong>ad</strong></span> 
     </span>
    </p>
   </div>
   <div class='ocr_carea' id='block_1_72' title="bbox 466 3975 2046 4063">
    <p class='ocr_par' dir='ltr' id='par_1_72' title="bbox 466 3975 2046 4063">
     <span class='ocr_line' id='line_1_72' title="bbox 466 3975 2046 4063; baseline 0.011 -35"><span class='ocrx_word' id='word_1_484' title='bbox 466 3975 628 4029; x_wconf 86' lang='lat' dir='ltr'><strong>aliam</strong></span> <span class='ocrx_word' id='word_1_485' title='bbox 663 3978 835 4032; x_wconf 87' lang='lat' dir='ltr'><strong>aciem</strong></span> <span class='ocrx_word' id='word_1_486' title='bbox 870 3980 1131 4051; x_wconf 84' lang='lat' dir='ltr'><strong>aliudque</strong></span> <span class='ocrx_word' id='word_1_487' title='bbox 1165 3983 1469 4051; x_wconf 88' lang='lat' dir='ltr'><strong>periculum</strong></span> <span class='ocrx_word' id='word_1_488' title='bbox 1506 4001 1564 4041; x_wconf 90' lang='lat' dir='ltr'><strong>se</strong></span> <span class='ocrx_word' id='word_1_489' title='bbox 1589 3999 1856 4044; x_wconf 86' lang='lat' dir='ltr'><strong>servaret.</strong></span> <span class='ocrx_word' id='word_1_490' title='bbox 1912 3991 2046 4063; x_wconf 85' lang='lat' dir='ltr'><strong>Agi-</strong></span> 
     </span>
    </p>
   </div>
   <div class='ocr_carea' id='block_1_73' title="bbox 458 4069 2045 4150">
    <p class='ocr_par' dir='ltr' id='par_1_73' title="bbox 458 4069 2045 4150">
     <span class='ocr_line' id='line_1_73' title="bbox 458 4069 2045 4150; baseline 0.012 -31"><span class='ocrx_word' id='word_1_491' title='bbox 458 4069 613 4122; x_wconf 80' lang='lat' dir='ltr'><strong>tabat</strong></span> <span class='ocrx_word' id='word_1_492' title='bbox 643 4070 788 4123; x_wconf 87' lang='lat' dir='ltr'><strong>cnim</strong></span> <span class='ocrx_word' id='word_1_493' title='bbox 821 4071 906 4124; x_wconf 87' lang='lat' dir='ltr'><strong>vel</strong></span> <span class='ocrx_word' id='word_1_494' title='bbox 945 4073 998 4124; x_wconf 91' lang='lat' dir='ltr'><strong>in</strong></span> <span class='ocrx_word' id='word_1_495' title='bbox 1048 4071 1142 4125; x_wconf 88' lang='lat' dir='ltr'><strong>illa</strong></span> <span class='ocrx_word' id='word_1_496' title='bbox 1184 4074 1514 4131; x_wconf 84' lang='lat' dir='ltr'><strong>calamitosa</strong></span> <span class='ocrx_word' id='word_1_497' title='bbox 1566 4076 1714 4150; x_wconf 81' lang='lat' dir='ltr'><strong>fuga,</strong></span> <span class='ocrx_word' id='word_1_498' title='bbox 1754 4080 1919 4136; x_wconf 86' lang='lat' dir='ltr'><strong>homo</strong></span> <span class='ocrx_word' id='word_1_499' title='bbox 1960 4084 2045 4138; x_wconf 87' lang='lat' dir='ltr'><strong>iu-</strong></span> 
     </span>
    </p>
   </div>
   <div class='ocr_carea' id='block_1_74' title="bbox 458 4161 2046 4233">
    <p class='ocr_par' dir='ltr' id='par_1_74' title="bbox 458 4161 2046 4233">
     <span class='ocr_line' id='line_1_74' title="bbox 458 4161 2046 4233; baseline 0.011 -19"><span class='ocrx_word' id='word_1_500' title='bbox 458 4161 622 4216; x_wconf 89' lang='lat' dir='ltr'><strong>fracti</strong></span> <span class='ocrx_word' id='word_1_501' title='bbox 652 4163 840 4227; x_wconf 90' lang='lat' dir='ltr'><strong>animi,</strong></span> <span class='ocrx_word' id='word_1_502' title='bbox 873 4164 1163 4233; x_wconf 85' lang='lat' dir='ltr'><strong>magniﬁca</strong></span> <span class='ocrx_word' id='word_1_503' title='bbox 1195 4166 1428 4221; x_wconf 90' lang='lat' dir='ltr'><strong>consilia</strong></span> <span class='ocrx_word' id='word_1_504' title='bbox 1474 4174 1788 4227; x_wconf 86' lang='lat' dir='ltr'><strong>resumendi</strong></span> <span class='ocrx_word' id='word_1_505' title='bbox 1824 4175 2046 4231; x_wconf 89' lang='lat' dir='ltr'><strong>meliore</strong></span> 
     </span>
    </p>
   </div>
   <div class='ocr_carea' id='block_1_75' title="bbox 458 4252 2043 4333">
    <p class='ocr_par' dir='ltr' id='par_1_75' title="bbox 458 4252 2043 4333">
     <span class='ocr_line' id='line_1_75' title="bbox 458 4252 2043 4333; baseline 0.009 -28"><span class='ocrx_word' id='word_1_506' title='bbox 458 4260 613 4306; x_wconf 73' lang='lat' dir='ltr'><strong>Sorte</strong></span> <span class='ocrx_word' id='word_1_507' title='bbox 658 4261 849 4306; x_wconf 87' lang='lat' dir='ltr'><strong>contra</strong></span> <span class='ocrx_word' id='word_1_508' title='bbox 885 4252 1247 4309; x_wconf 83' lang='lat' dir='ltr'><strong>Baitnundum</strong></span> <span class='ocrx_word' id='word_1_509' title='bbox 1292 4257 1441 4322; x_wconf 89' lang='lat' dir='ltr'><strong>belli,</strong></span> <span class='ocrx_word' id='word_1_510' title='bbox 1498 4263 1912 4333; x_wconf 86' lang='lat' dir='ltr'><strong>reponendique</strong></span> <span class='ocrx_word' id='word_1_511' title='bbox 1966 4265 2043 4320; x_wconf 92' lang='lat' dir='ltr'><strong>illi</strong></span> 
     </span>
    </p>
   </div>
   <div class='ocr_carea' id='block_1_76' title="bbox 459 4343 2046 4418">
    <p class='ocr_par' dir='ltr' id='par_1_76' title="bbox 459 4343 2046 4418">
     <span class='ocr_line' id='line_1_76' title="bbox 459 4343 2046 4418; baseline 0.011 -22"><span class='ocrx_word' id='word_1_512' title='bbox 459 4343 644 4397; x_wconf 88' lang='lat' dir='ltr'><strong>clades</strong></span> <span class='ocrx_word' id='word_1_513' title='bbox 678 4358 865 4398; x_wconf 85' lang='lat' dir='ltr'><strong>omnes</strong></span> <span class='ocrx_word' id='word_1_514' title='bbox 906 4346 1076 4400; x_wconf 80' lang='lat' dir='ltr'><strong>istas:</strong></span> <span class='ocrx_word' id='word_1_515' title='bbox 1125 4345 1197 4400; x_wconf 90' lang='lat' dir='ltr'><strong>ita</strong></span> <span class='ocrx_word' id='word_1_516' title='bbox 1235 4350 1644 4418; x_wconf 85' lang='lat' dir='ltr'><strong>quodammodo</strong></span> <span class='ocrx_word' id='word_1_517' title='bbox 1684 4356 1807 4409; x_wconf 90' lang='lat' dir='ltr'><strong>dum</strong></span> <span class='ocrx_word' id='word_1_518' title='bbox 1860 4372 2046 4415; x_wconf 55' lang='lat' dir='ltr'><strong>Vince-</strong></span> 
     </span>
    </p>
   </div>
   <div class='ocr_carea' id='block_1_77' title="bbox 458 4436 2042 4514">
    <p class='ocr_par' dir='ltr' id='par_1_77' title="bbox 458 4436 2042 4514">
     <span class='ocr_line' id='line_1_77' title="bbox 458 4436 2042 4514; baseline 0.009 -25"><span class='ocrx_word' id='word_1_519' title='bbox 458 4436 623 4489; x_wconf 81' lang='lat' dir='ltr'><strong>batur</strong></span> <span class='ocrx_word' id='word_1_520' title='bbox 647 4439 897 4503; x_wconf 84' lang='lat' dir='ltr'><strong>vincens,</strong></span> <span class='ocrx_word' id='word_1_521' title='bbox 922 4446 974 4493; x_wconf 89' lang='lat' dir='ltr'><strong>et</strong></span> <span class='ocrx_word' id='word_1_522' title='bbox 1024 4438 1151 4492; x_wconf 90' lang='lat' dir='ltr'><strong>dum</strong></span> <span class='ocrx_word' id='word_1_523' title='bbox 1189 4440 1465 4510; x_wconf 80' lang='lat' dir='ltr'><strong>fugiebat,</strong></span> <span class='ocrx_word' id='word_1_524' title='bbox 1506 4460 1867 4514; x_wconf 85' lang='lat' dir='ltr'><strong>persequens,</strong></span> <span class='ocrx_word' id='word_1_525' title='bbox 1897 4464 2042 4502; x_wconf 88' lang='lat' dir='ltr'><strong>nun-</strong></span> 
     </span>
    </p>
   </div>
   <div class='ocr_carea' id='block_1_78' title="bbox 2160 3248 3727 3324">
    <p class='ocr_par' dir='ltr' id='par_1_78' title="bbox 2160 3248 3727 3324">
     <span class='ocr_line' id='line_1_78' title="bbox 2160 3248 3727 3324; baseline -0.006 -17"><span class='ocrx_word' id='word_1_526' title='bbox 2160 3254 2299 3324; x_wconf 76' lang='grc' dir='ltr'>ἔχων</span> <span class='ocrx_word' id='word_1_527' title='bbox 2347 3253 2551 3315; x_wconf 85' lang='grc' dir='ltr'>πίστιν,</span> <span class='ocrx_word' id='word_1_528' title='bbox 2588 3250 2683 3304; x_wconf 77' lang='grc' dir='ltr'>καὶ</span> <span class='ocrx_word' id='word_1_529' title='bbox 2720 3250 2912 3304; x_wconf 80' lang='grc' dir='ltr'>τοῦτον</span> <span class='ocrx_word' id='word_1_530' title='bbox 2965 3250 3065 3320; x_wconf 81' lang='grc' dir='ltr'>μὲν</span> <span class='ocrx_word' id='word_1_531' title='bbox 3094 3250 3151 3312; x_wconf 91' lang='grc' dir='ltr'><strong>ἐς</strong></span> <span class='ocrx_word' id='word_1_532' title='bbox 3185 3249 3353 3320; x_wconf 81' lang='grc' dir='ltr'>μέσον</span> <span class='ocrx_word' id='word_1_533' title='bbox 3398 3248 3491 3301; x_wconf 68' lang='grc' dir='ltr'><strong>διὰ</strong></span> <span class='ocrx_word' id='word_1_534' title='bbox 3533 3248 3727 3309; x_wconf 71' lang='grc' dir='ltr'>παντὸς</span> 
     </span>
    </p>
   </div>
   <div class='ocr_carea' id='block_1_79' title="bbox 2162 3339 3730 3415">
    <p class='ocr_par' dir='ltr' id='par_1_79' title="bbox 2162 3339 3730 3415">
     <span class='ocr_line' id='line_1_79' title="bbox 2162 3339 3730 3415; baseline -0.003 -18"><span class='ocrx_word' id='word_1_535' title='bbox 2162 3342 2502 3415; x_wconf 75' lang='grc' dir='ltr'>περιφέρων,</span> <span class='ocrx_word' id='word_1_536' title='bbox 2556 3342 2723 3411; x_wconf 76' lang='grc' dir='ltr'>ὅρκου</span> <span class='ocrx_word' id='word_1_537' title='bbox 2770 3342 2833 3411; x_wconf 82' lang='grc' dir='ltr'>δὴ</span> <span class='ocrx_word' id='word_1_538' title='bbox 2860 3342 2902 3373; x_wconf 76' lang='grc' dir='ltr'><strong>³ο</strong></span> <span class='ocrx_word' id='word_1_539' title='bbox 2961 3339 3314 3393; x_wconf 82' lang='grc' dir='ltr'>παντάπασιν</span> <span class='ocrx_word' id='word_1_540' title='bbox 3372 3339 3730 3407; x_wconf 78' lang='grc' dir='ltr'>ἀπεχόμενος.</span> 
     </span>
    </p>
   </div>
   <div class='ocr_carea' id='block_1_80' title="bbox 2170 3431 3732 3508">
    <p class='ocr_par' dir='ltr' id='par_1_80' title="bbox 2170 3431 3732 3508">
     <span class='ocr_line' id='line_1_80' title="bbox 2170 3431 3732 3508; baseline -0.004 -17"><span class='ocrx_word' id='word_1_541' title='bbox 2170 3436 2519 3508; x_wconf 83' lang='grc' dir='ltr'>Ἀπειρηκὼς</span> <span class='ocrx_word' id='word_1_542' title='bbox 2552 3431 2669 3499; x_wconf 80' lang='grc' dir='ltr'>οὖν,</span> <span class='ocrx_word' id='word_1_543' title='bbox 2700 3434 2775 3498; x_wconf 85' lang='grc' dir='ltr'>ὡς</span> <span class='ocrx_word' id='word_1_544' title='bbox 2809 3434 3015 3489; x_wconf 84' lang='grc' dir='ltr'>ἀνωθεν</span> <span class='ocrx_word' id='word_1_545' title='bbox 3049 3435 3292 3505; x_wconf 72' lang='grc' dir='ltr'>εἴρηται,</span> <span class='ocrx_word' id='word_1_546' title='bbox 3324 3432 3732 3503; x_wconf 81' lang='grc' dir='ltr'>ὀπισθόρμητος</span> 
     </span>
    </p>
   </div>
   <div class='ocr_carea' id='block_1_81' title="bbox 2157 3524 3733 3597">
    <p class='ocr_par' dir='ltr' id='par_1_81' title="bbox 2157 3524 3733 3597">
     <span class='ocr_line' id='line_1_81' title="bbox 2157 3524 3733 3597; baseline -0.003 -14"><span class='ocrx_word' id='word_1_547' title='bbox 2157 3529 2253 3584; x_wconf 81' lang='grc' dir='ltr'>καὶ</span> <span class='ocrx_word' id='word_1_548' title='bbox 2293 3528 2455 3592; x_wconf 81' lang='grc' dir='ltr'>αὑτὸς</span> <span class='ocrx_word' id='word_1_549' title='bbox 2488 3529 2704 3596; x_wconf 83' lang='grc' dir='ltr'>γέγονε,</span> <span class='ocrx_word' id='word_1_550' title='bbox 2735 3528 3069 3597; x_wconf 81' lang='grc' dir='ltr'>διωκόμενος</span> <span class='ocrx_word' id='word_1_551' title='bbox 3093 3526 3246 3593; x_wconf 86' lang='grc' dir='ltr'><strong>παρά</strong></span> <span class='ocrx_word' id='word_1_552' title='bbox 3273 3524 3365 3579; x_wconf 84' lang='grc' dir='ltr'>τοῦ</span> <span class='ocrx_word' id='word_1_553' title='bbox 3399 3524 3733 3595; x_wconf 81' lang='grc' dir='ltr'>Βαῖμούντου</span> 
     </span>
    </p>
   </div>
   <div class='ocr_carea' id='block_1_82' title="bbox 2156 3616 3733 3690">
    <p class='ocr_par' dir='ltr' id='par_1_82' title="bbox 2156 3616 3733 3690">
     <span class='ocr_line' id='line_1_82' title="bbox 2156 3616 3733 3690; baseline -0.003 -15"><span class='ocrx_word' id='word_1_554' title='bbox 2156 3622 2252 3675; x_wconf 75' lang='grc' dir='ltr'>καὶ</span> <span class='ocrx_word' id='word_1_555' title='bbox 2286 3621 2560 3688; x_wconf 73' lang='grc' dir='ltr'>ἐκκρίτων</span> <span class='ocrx_word' id='word_1_556' title='bbox 2610 3620 2893 3689; x_wconf 82' lang='grc' dir='ltr'>κομήτων.</span> <span class='ocrx_word' id='word_1_557' title='bbox 2939 3619 3028 3670; x_wconf 88' lang='grc' dir='ltr'><strong>Ἐν</strong></span> <span class='ocrx_word' id='word_1_558' title='bbox 3072 3616 3285 3680; x_wconf 87' lang='grc' dir='ltr'>τούτοις</span> <span class='ocrx_word' id='word_1_559' title='bbox 3333 3617 3393 3670; x_wconf 77' lang='grc' dir='ltr'>δέ</span> <span class='ocrx_word' id='word_1_560' title='bbox 3430 3634 3572 3690; x_wconf 71' lang='grc' dir='ltr'>φησι</span> <span class='ocrx_word' id='word_1_561' title='bbox 3605 3618 3733 3685; x_wconf 73' lang='grc' dir='ltr'>πρὸς</span> 
     </span>
    </p>
   </div>
   <div class='ocr_carea' id='block_1_83' title="bbox 2153 3707 3733 3783">
    <p class='ocr_par' dir='ltr' id='par_1_83' title="bbox 2153 3707 3733 3783">
     <span class='ocr_line' id='line_1_83' title="bbox 2153 3707 3733 3783; baseline -0.004 -14"><span class='ocrx_word' id='word_1_562' title='bbox 2153 3717 2246 3769; x_wconf 79' lang='grc' dir='ltr'><strong>τὸν</strong></span> <span class='ocrx_word' id='word_1_563' title='bbox 2273 3717 2311 3768; x_wconf 88' lang='grc' dir='ltr'><strong><em>Γ</em></strong></span> <span class='ocrx_word' id='word_1_564' title='bbox 2315 3715 2479 3783; x_wconf 81' lang='grc' dir='ltr'>ουλῆν</span> <span class='ocrx_word' id='word_1_565' title='bbox 2514 3707 2691 3782; x_wconf 75' lang='grc' dir='ltr'>(οὗτος</span> <span class='ocrx_word' id='word_1_566' title='bbox 2738 3714 2795 3765; x_wconf 85' lang='grc' dir='ltr'>δὲ</span> <span class='ocrx_word' id='word_1_567' title='bbox 2832 3712 3086 3783; x_wconf 81' lang='grc' dir='ltr'>πατρῷος</span> <span class='ocrx_word' id='word_1_568' title='bbox 3119 3710 3287 3764; x_wconf 79' lang='grc' dir='ltr'>αὑτοῦ</span> <span class='ocrx_word' id='word_1_569' title='bbox 3322 3709 3616 3781; x_wconf 87' lang='grc' dir='ltr'>θεράπων)</span> <span class='ocrx_word' id='word_1_570' title='bbox 3648 3711 3733 3764; x_wconf 73' lang='grc' dir='ltr'>καὶ</span> 
     </span>
    </p>
   </div>
   <div class='ocr_carea' id='block_1_84' title="bbox 2152 3804 3734 3877">
    <p class='ocr_par' dir='ltr' id='par_1_84' title="bbox 2152 3804 3734 3877">
     <span class='ocr_line' id='line_1_84' title="bbox 2152 3804 3734 3877; baseline -0.004 -15"><span class='ocrx_word' id='word_1_571' title='bbox 2152 3810 2279 3872; x_wconf 79' lang='grc' dir='ltr'>τοὺς</span> <span class='ocrx_word' id='word_1_572' title='bbox 2340 3810 2435 3862; x_wconf 77' lang='grc' dir='ltr'>σὺν</span> <span class='ocrx_word' id='word_1_573' title='bbox 2492 3807 2666 3877; x_wconf 80' lang='grc' dir='ltr'>αὐτῷ·</span> <span class='ocrx_word' id='word_1_574' title='bbox 2724 3804 2917 3873; x_wconf 80' lang='grc' dir='ltr'>Μέχρι</span> <span class='ocrx_word' id='word_1_575' title='bbox 2968 3806 3170 3859; x_wconf 81' lang='grc' dir='ltr'>πόσου</span> <span class='ocrx_word' id='word_1_576' title='bbox 3220 3804 3603 3873; x_wconf 60' lang='grc' dir='ltr'>,φευξόμεθω</span> <span class='ocrx_word' id='word_1_577' title='bbox 3635 3804 3734 3857; x_wconf 75' lang='grc' dir='ltr'><strong>Καὶ</strong></span> 
     </span>
    </p>
   </div>
   <div class='ocr_carea' id='block_1_85' title="bbox 2156 3895 3733 3973">
    <p class='ocr_par' dir='ltr' id='par_1_85' title="bbox 2156 3895 3733 3973">
     <span class='ocr_line' id='line_1_85' title="bbox 2156 3895 3733 3973; baseline -0.005 -18"><span class='ocrx_word' id='word_1_578' title='bbox 2156 3900 2398 3973; x_wconf 75' lang='grc' dir='ltr'>στρέψας</span> <span class='ocrx_word' id='word_1_579' title='bbox 2437 3899 2530 3953; x_wconf 67' lang='grc' dir='ltr'><strong>τὸν</strong></span> <span class='ocrx_word' id='word_1_580' title='bbox 2570 3897 2801 3969; x_wconf 82' lang='grc' dir='ltr'>χαληνὸν</span> <span class='ocrx_word' id='word_1_581' title='bbox 2826 3898 2868 3929; x_wconf 78' lang='grc'>³⁸</span> <span class='ocrx_word' id='word_1_582' title='bbox 2907 3898 3003 3951; x_wconf 78' lang='grc' dir='ltr'>καὶ</span> <span class='ocrx_word' id='word_1_583' title='bbox 3046 3897 3141 3950; x_wconf 84' lang='grc' dir='ltr'>τοῦ</span> <span class='ocrx_word' id='word_1_584' title='bbox 3176 3895 3365 3949; x_wconf 82' lang='grc' dir='ltr'>κολεοῦ</span> <span class='ocrx_word' id='word_1_585' title='bbox 3395 3896 3437 3926; x_wconf 68' lang='grc'><em>³⁸</em></span> <span class='ocrx_word' id='word_1_586' title='bbox 3476 3895 3542 3949; x_wconf 85' lang='grc' dir='ltr'>τὸ</span> <span class='ocrx_word' id='word_1_587' title='bbox 3591 3896 3733 3963; x_wconf 75' lang='grc' dir='ltr'>ξίφος</span> 
     </span>
    </p>
   </div>
   <div class='ocr_carea' id='block_1_86' title="bbox 2154 3988 3733 4062">
    <p class='ocr_par' dir='ltr' id='par_1_86' title="bbox 2154 3988 3733 4062">
     <span class='ocr_line' id='line_1_86' title="bbox 2154 3988 3733 4062; baseline -0.005 -15"><span class='ocrx_word' id='word_1_588' title='bbox 2154 3992 2467 4062; x_wconf 80' lang='grc' dir='ltr'>ἐξαγαγὼν,</span> <span class='ocrx_word' id='word_1_589' title='bbox 2498 3992 2651 4045; x_wconf 86' lang='grc' dir='ltr'>παίει</span> <span class='ocrx_word' id='word_1_590' title='bbox 2700 3990 2793 4043; x_wconf 85' lang='grc' dir='ltr'><strong>τδν</strong></span> <span class='ocrx_word' id='word_1_591' title='bbox 2844 3990 3077 4060; x_wconf 84' lang='grc' dir='ltr'>πρώτως</span> <span class='ocrx_word' id='word_1_592' title='bbox 3129 3988 3278 4058; x_wconf 85' lang='grc' dir='ltr'>αὑτῷ</span> <span class='ocrx_word' id='word_1_593' title='bbox 3316 3989 3733 4057; x_wconf 79' lang='grc' dir='ltr'>συναντήσαντα</span> 
     </span>
    </p>
   </div>
   <div class='ocr_carea' id='block_1_87' title="bbox 2152 4084 3731 4159">
    <p class='ocr_par' dir='ltr' id='par_1_87' title="bbox 2152 4084 3731 4159">
     <span class='ocr_line' id='line_1_87' title="bbox 2152 4084 3731 4159; baseline -0.006 -14"><span class='ocrx_word' id='word_1_594' title='bbox 2152 4092 2295 4145; x_wconf 87' lang='grc' dir='ltr'><strong>κατά</strong></span> <span class='ocrx_word' id='word_1_595' title='bbox 2322 4091 2421 4159; x_wconf 84' lang='grc' dir='ltr'>τῆς</span> <span class='ocrx_word' id='word_1_596' title='bbox 2466 4088 2665 4158; x_wconf 75' lang='grc' dir='ltr'>ὄψεως.</span> <span class='ocrx_word' id='word_1_597' title='bbox 2704 4086 2877 4141; x_wconf 83' lang='grc' dir='ltr'>Τοῦτο</span> <span class='ocrx_word' id='word_1_598' title='bbox 2916 4088 2965 4140; x_wconf 83' lang='grc' dir='ltr'><strong>οἱ</strong></span> <span class='ocrx_word' id='word_1_599' title='bbox 3000 4086 3198 4139; x_wconf 81' lang='grc' dir='ltr'>Κελτοὶ</span> <span class='ocrx_word' id='word_1_600' title='bbox 3246 4084 3609 4155; x_wconf 88' lang='grc' dir='ltr'>θεασάμενοι,</span> <span class='ocrx_word' id='word_1_601' title='bbox 3644 4084 3731 4137; x_wconf 72' lang='grc' dir='ltr'>καὶ</span> 
     </span>
    </p>
   </div>
   <div class='ocr_carea' id='block_1_88' title="bbox 2150 4177 3730 4252">
    <p class='ocr_par' dir='ltr' id='par_1_88' title="bbox 2150 4177 3730 4252">
     <span class='ocr_line' id='line_1_88' title="bbox 2150 4177 3730 4252; baseline -0.006 -16"><span class='ocrx_word' id='word_1_602' title='bbox 2150 4184 2462 4252; x_wconf 87' lang='grc' dir='ltr'>διαγνόντες</span> <span class='ocrx_word' id='word_1_603' title='bbox 2493 4181 2655 4235; x_wconf 80' lang='grc' dir='ltr'>αὑτὸν</span> <span class='ocrx_word' id='word_1_604' title='bbox 2689 4181 2788 4249; x_wconf 79' lang='grc' dir='ltr'>τῆς</span> <span class='ocrx_word' id='word_1_605' title='bbox 2824 4180 2961 4242; x_wconf 76' lang='grc' dir='ltr'>ίδίας</span> <span class='ocrx_word' id='word_1_606' title='bbox 3014 4180 3381 4247; x_wconf 83' lang='grc' dir='ltr'>ἀπεγνωκότα</span> <span class='ocrx_word' id='word_1_607' title='bbox 3432 4177 3730 4247; x_wconf 82' lang='grc' dir='ltr'>σωτηρίας,</span> 
     </span>
    </p>
   </div>
   <div class='ocr_carea' id='block_1_89' title="bbox 2151 4270 3728 4347">
    <p class='ocr_par' dir='ltr' id='par_1_89' title="bbox 2151 4270 3728 4347">
     <span class='ocr_line' id='line_1_89' title="bbox 2151 4270 3728 4347; baseline -0.006 -17"><span class='ocrx_word' id='word_1_608' title='bbox 2151 4276 2335 4347; x_wconf 80' lang='grc' dir='ltr'>ἐπειδὴ</span> <span class='ocrx_word' id='word_1_609' title='bbox 2391 4276 2518 4337; x_wconf 68' lang='grc' dir='ltr'>τοὺς</span> <span class='ocrx_word' id='word_1_610' title='bbox 2564 4272 2822 4343; x_wconf 84' lang='grc' dir='ltr'>τοιαύτης</span> <span class='ocrx_word' id='word_1_611' title='bbox 2886 4271 3113 4341; x_wconf 87' lang='grc' dir='ltr'>γνώμης</span> <span class='ocrx_word' id='word_1_612' title='bbox 3164 4270 3502 4340; x_wconf 89' lang='grc' dir='ltr'>γεγονότας,</span> <span class='ocrx_word' id='word_1_613' title='bbox 3534 4270 3728 4337; x_wconf 82' lang='grc' dir='ltr'>ἄνδρας</span> 
     </span>
    </p>
   </div>
   <div class='ocr_carea' id='block_1_90' title="bbox 2148 4361 3733 4437">
    <p class='ocr_par' dir='ltr' id='par_1_90' title="bbox 2148 4361 3733 4437">
     <span class='ocr_line' id='line_1_90' title="bbox 2148 4361 3733 4437; baseline -0.006 -15"><span class='ocrx_word' id='word_1_614' title='bbox 2148 4366 2618 4437; x_wconf 80' lang='grc' dir='ltr'>ἀκαταμαχήτους</span> <span class='ocrx_word' id='word_1_615' title='bbox 2689 4365 2857 4417; x_wconf 87' lang='grc' dir='ltr'>πάλαι</span> <span class='ocrx_word' id='word_1_616' title='bbox 2922 4365 3258 4432; x_wconf 85' lang='grc' dir='ltr'>ἐγίνωσκον,</span> <span class='ocrx_word' id='word_1_617' title='bbox 3336 4361 3733 4419; x_wconf 81' lang='grc' dir='ltr'>ὑποσταλέντες</span> 
     </span>
    </p>
   </div>
   <div class='ocr_carea' id='block_1_91' title="bbox 2148 4440 3731 4514">
    <p class='ocr_par' dir='ltr' id='par_1_91' title="bbox 2148 4440 3731 4514">
     <span class='ocr_line' id='line_1_91' title="bbox 2148 4440 3731 4514; baseline -0.004 -1"><span class='ocrx_word' id='word_1_618' title='bbox 2148 4460 2242 4514; x_wconf 79' lang='grc' dir='ltr'>τοῦ</span> <span class='ocrx_word' id='word_1_619' title='bbox 2271 4440 2488 4511; x_wconf 75' lang='grc' dir='ltr'>διώκειν</span> <span class='ocrx_word' id='word_1_620' title='bbox 2540 4455 2872 4513; x_wconf 87' lang='grc' dir='ltr'>ἐπαύσαντο.</span> <span class='ocrx_word' id='word_1_621' title='bbox 2924 4457 3032 4511; x_wconf 73' lang='grc' dir='ltr'><strong>Καὶ</strong></span> <span class='ocrx_word' id='word_1_622' title='bbox 3070 4457 3214 4510; x_wconf 79' lang='grc' dir='ltr'>οὑτω</span> <span class='ocrx_word' id='word_1_623' title='bbox 3263 4454 3374 4507; x_wconf 83' lang='grc' dir='ltr'><strong>τῶν</strong></span> <span class='ocrx_word' id='word_1_624' title='bbox 3426 4454 3731 4507; x_wconf 85' lang='grc' dir='ltr'>διωκόντων</span> 
     </span>
    </p>
   </div>
   <div class='ocr_carea' id='block_1_92' title="bbox 458 4517 2049 4618">
    <p class='ocr_par' dir='ltr' id='par_1_92' title="bbox 458 4529 2041 4605">
     <span class='ocr_line' id='line_1_92' title="bbox 458 4529 2041 4605; baseline 0.009 -24"><span class='ocrx_word' id='word_1_625' title='bbox 458 4544 626 4597; x_wconf 89' lang='lat' dir='ltr'><strong>quam</strong></span> <span class='ocrx_word' id='word_1_626' title='bbox 665 4544 794 4584; x_wconf 81' lang='lat' dir='ltr'><strong>vero</strong></span> <span class='ocrx_word' id='word_1_627' title='bbox 835 4529 1054 4600; x_wconf 81' lang='lat' dir='ltr'><strong>infringi</strong></span> <span class='ocrx_word' id='word_1_628' title='bbox 1103 4532 1208 4586; x_wconf 87' lang='lat' dir='ltr'><strong>sibi</strong></span> <span class='ocrx_word' id='word_1_629' title='bbox 1245 4548 1569 4602; x_wconf 84' lang='lat' dir='ltr'><strong>generosam</strong></span> <span class='ocrx_word' id='word_1_630' title='bbox 1619 4536 1898 4605; x_wconf 85' lang='lat' dir='ltr'><strong>fiduciam,</strong></span> <span class='ocrx_word' id='word_1_631' title='bbox 1946 4551 2041 4596; x_wconf 86' lang='lat' dir='ltr'><strong>aut</strong></span> 
     </span>
    </p>
   </div>
   <div class='ocr_carea' id='block_1_93' title="bbox 2162 4517 3728 4618">
    <p class='ocr_par' dir='ltr' id='par_1_93' title="bbox 2162 4547 3728 4618">
     <span class='ocr_line' id='line_1_93' title="bbox 2162 4547 3728 4618; baseline -0.005 -14"><span class='ocrx_word' id='word_1_632' title='bbox 2162 4550 2511 4618; x_wconf 62' lang='grc' dir='ltr'>ἀπαλλαγεὶς,</span> <span class='ocrx_word' id='word_1_633' title='bbox 2573 4548 2800 4618; x_wconf 80' lang='grc' dir='ltr'>ὑπεξῄει</span> <span class='ocrx_word' id='word_1_634' title='bbox 2853 4547 2947 4601; x_wconf 82' lang='grc' dir='ltr'>τοῦ</span> <span class='ocrx_word' id='word_1_635' title='bbox 2997 4548 3269 4601; x_wconf 89' lang='grc' dir='ltr'>κινδύνου.</span> <span class='ocrx_word' id='word_1_636' title='bbox 3328 4547 3467 4600; x_wconf 86' lang='grc' dir='ltr'><strong>Οὑδέ</strong></span> <span class='ocrx_word' id='word_1_637' title='bbox 3512 4548 3728 4615; x_wconf 80' lang='grc' dir='ltr'>φεύγων</span> 
     </span>
    </p>
   </div>
   <div class='ocr_carea' id='block_1_94' title="bbox 457 4618 2042 4696">
    <p class='ocr_par' dir='ltr' id='par_1_94' title="bbox 457 4618 2042 4696">
     <span class='ocr_line' id='line_1_94' title="bbox 457 4618 2042 4696; baseline 0.009 -22"><span class='ocrx_word' id='word_1_638' title='bbox 457 4618 859 4688; x_wconf 83' lang='lat' dir='ltr'><strong>desperationis</strong></span> <span class='ocrx_word' id='word_1_639' title='bbox 914 4621 1124 4691; x_wconf 90' lang='lat' dir='ltr'><strong>laqueis</strong></span> <span class='ocrx_word' id='word_1_640' title='bbox 1173 4637 1233 4677; x_wconf 90' lang='lat' dir='ltr'><strong>se</strong></span> <span class='ocrx_word' id='word_1_641' title='bbox 1282 4625 1584 4696; x_wconf 82' lang='lat' dir='ltr'><strong>constringi</strong></span> <span class='ocrx_word' id='word_1_642' title='bbox 1625 4628 1859 4695; x_wconf 89' lang='lat' dir='ltr'><strong>patiens.</strong></span> <span class='ocrx_word' id='word_1_643' title='bbox 1912 4633 2042 4689; x_wconf 85' lang='lat' dir='ltr'><strong>Erat</strong></span> 
     </span>
    </p>
   </div>
   <div class='ocr_carea' id='block_1_95' title="bbox 459 4712 2043 4797">
    <p class='ocr_par' dir='ltr' id='par_1_95' title="bbox 459 4712 2043 4797">
     <span class='ocr_line' id='line_1_95' title="bbox 459 4712 2043 4797; baseline 0.012 -33"><span class='ocrx_word' id='word_1_644' title='bbox 459 4712 664 4782; x_wconf 81' lang='lat' dir='ltr'><strong>quippe</strong></span> <span class='ocrx_word' id='word_1_645' title='bbox 714 4712 817 4767; x_wconf 89' lang='lat' dir='ltr'><strong>fide</strong></span> <span class='ocrx_word' id='word_1_646' title='bbox 864 4716 1126 4784; x_wconf 67' lang='lat' dir='ltr'><strong>prmditus</strong></span> <span class='ocrx_word' id='word_1_647' title='bbox 1179 4716 1233 4770; x_wconf 84' lang='lat' dir='ltr'><strong>in</strong></span> <span class='ocrx_word' id='word_1_648' title='bbox 1290 4716 1459 4771; x_wconf 93' lang='lat' dir='ltr'><strong>Deum</strong></span> <span class='ocrx_word' id='word_1_649' title='bbox 1509 4721 1781 4776; x_wconf 79' lang='lat' dir='ltr'><strong>maxima:</strong></span> <span class='ocrx_word' id='word_1_650' title='bbox 1816 4726 2043 4797; x_wconf 82' lang='lat' dir='ltr'><strong>ejusque</strong></span> 
     </span>
    </p>
   </div>
   <div class='ocr_carea' id='block_1_96' title="bbox 458 4806 2042 4889">
    <p class='ocr_par' dir='ltr' id='par_1_96' title="bbox 458 4806 2042 4889">
     <span class='ocr_line' id='line_1_96' title="bbox 458 4806 2042 4889; baseline 0.012 -32"><span class='ocrx_word' id='word_1_651' title='bbox 458 4820 662 4859; x_wconf 90' lang='lat' dir='ltr'><strong>numen</strong></span> <span class='ocrx_word' id='word_1_652' title='bbox 698 4806 854 4875; x_wconf 89' lang='lat' dir='ltr'><strong>quasi</strong></span> <span class='ocrx_word' id='word_1_653' title='bbox 891 4822 1135 4877; x_wconf 69' lang='lat' dir='ltr'><strong>praesens</strong></span> <span class='ocrx_word' id='word_1_654' title='bbox 1174 4808 1398 4864; x_wconf 89' lang='lat' dir='ltr'><strong>assidua</strong></span> <span class='ocrx_word' id='word_1_655' title='bbox 1438 4811 1492 4864; x_wconf 92' lang='lat' dir='ltr'><strong>in</strong></span> <span class='ocrx_word' id='word_1_656' title='bbox 1536 4813 1791 4870; x_wconf 89' lang='lat' dir='ltr'><strong>omnibus</strong></span> <span class='ocrx_word' id='word_1_657' title='bbox 1835 4819 2042 4889; x_wconf 83' lang='lat' dir='ltr'><strong>cogita-</strong></span> 
     </span>
    </p>
   </div>
   <div class='ocr_carea' id='block_1_97' title="bbox 438 4896 2044 4972">
    <p class='ocr_par' dir='ltr' id='par_1_97' title="bbox 438 4896 2044 4972">
     <span class='ocr_line' id='line_1_97' title="bbox 438 4896 2044 4972; baseline 0.011 -24"><span class='ocrx_word' id='word_1_658' title='bbox 438 4896 613 4951; x_wconf 67' lang='lat' dir='ltr'><strong>&#39;tione</strong></span> <span class='ocrx_word' id='word_1_659' title='bbox 640 4897 1067 4953; x_wconf 87' lang='lat' dir='ltr'><strong>circumferebat</strong></span> <span class='ocrx_word' id='word_1_660' title='bbox 1095 4916 1108 4951; x_wconf 91' lang='lat'><strong>:</strong></span> <span class='ocrx_word' id='word_1_661' title='bbox 1139 4900 1565 4972; x_wconf 88' lang='lat' dir='ltr'><strong>juramentoque</strong></span> <span class='ocrx_word' id='word_1_662' title='bbox 1589 4905 1900 4964; x_wconf 88' lang='lat' dir='ltr'><strong>abstinebat</strong></span> <span class='ocrx_word' id='word_1_663' title='bbox 1928 4926 2044 4966; x_wconf 90' lang='lat' dir='ltr'><strong>om-</strong></span> 
     </span>
    </p>
   </div>
   <div class='ocr_carea' id='block_1_98' title="bbox 458 4986 2041 5064">
    <p class='ocr_par' dir='ltr' id='par_1_98' title="bbox 458 4986 2041 5064">
     <span class='ocr_line' id='line_1_98' title="bbox 458 4986 2041 5064; baseline 0.011 -23"><span class='ocrx_word' id='word_1_664' title='bbox 458 4988 612 5042; x_wconf 87' lang='lat' dir='ltr'><strong>nino.</strong></span> <span class='ocrx_word' id='word_1_665' title='bbox 642 4986 778 5044; x_wconf 91' lang='lat' dir='ltr'><strong>Cum</strong></span> <span class='ocrx_word' id='word_1_666' title='bbox 816 4990 984 5059; x_wconf 90' lang='lat' dir='ltr'><strong>igitur</strong></span> <span class='ocrx_word' id='word_1_667' title='bbox 1015 4992 1327 5060; x_wconf 88' lang='lat' dir='ltr'><strong>desperata,</strong></span> <span class='ocrx_word' id='word_1_668' title='bbox 1367 5004 1427 5049; x_wconf 92' lang='lat' dir='ltr'><strong>ut</strong></span> <span class='ocrx_word' id='word_1_669' title='bbox 1451 4996 1612 5051; x_wconf 92' lang='lat' dir='ltr'><strong>modo</strong></span> <span class='ocrx_word' id='word_1_670' title='bbox 1643 4998 1777 5064; x_wconf 83' lang='lat' dir='ltr'><strong>dixi,</strong></span> <span class='ocrx_word' id='word_1_671' title='bbox 1811 5001 2041 5059; x_wconf 84' lang='lat' dir='ltr'><strong>victoria</strong></span> 
     </span>
    </p>
   </div>
   <div class='ocr_carea' id='block_1_99' title="bbox 460 5080 2035 5159">
    <p class='ocr_par' dir='ltr' id='par_1_99' title="bbox 460 5080 2035 5159">
     <span class='ocr_line' id='line_1_99' title="bbox 460 5080 2035 5159; baseline 0.011 -26"><span class='ocrx_word' id='word_1_672' title='bbox 460 5080 665 5149; x_wconf 89' lang='lat' dir='ltr'><strong>impetu</strong></span> <span class='ocrx_word' id='word_1_673' title='bbox 698 5090 848 5137; x_wconf 89' lang='lat' dir='ltr'><strong>retro</strong></span> <span class='ocrx_word' id='word_1_674' title='bbox 878 5098 1036 5138; x_wconf 87' lang='lat' dir='ltr'><strong>verso</strong></span> <span class='ocrx_word' id='word_1_675' title='bbox 1064 5086 1306 5151; x_wconf 84' lang='lat' dir='ltr'><strong>cederet,</strong></span> <span class='ocrx_word' id='word_1_676' title='bbox 1352 5088 1673 5159; x_wconf 88' lang='lat' dir='ltr'><strong>insequente</strong></span> <span class='ocrx_word' id='word_1_677' title='bbox 1707 5092 2035 5159; x_wconf 88' lang='lat' dir='ltr'><strong>Baimundo,</strong></span> 
     </span>
    </p>
   </div>
   <div class='ocr_carea' id='block_1_100' title="bbox 2154 4637 3733 4706">
    <p class='ocr_par' dir='ltr' id='par_1_100' title="bbox 2154 4637 3733 4706">
     <span class='ocr_line' id='line_1_100' title="bbox 2154 4637 3733 4706; baseline -0.004 -11"><span class='ocrx_word' id='word_1_678' title='bbox 2154 4641 2211 4695; x_wconf 86' lang='grc' dir='ltr'><strong>δέ</strong></span> <span class='ocrx_word' id='word_1_679' title='bbox 2238 4640 2378 4702; x_wconf 83' lang='grc' dir='ltr'>ὅλως</span> <span class='ocrx_word' id='word_1_680' title='bbox 2430 4638 2837 4700; x_wconf 85' lang='grc' dir='ltr'>ἀνεπεπτώκει,</span> <span class='ocrx_word' id='word_1_681' title='bbox 2890 4638 3027 4691; x_wconf 82' lang='grc' dir='ltr'>ἀλλὰ</span> <span class='ocrx_word' id='word_1_682' title='bbox 3077 4639 3187 4690; x_wconf 84' lang='grc' dir='ltr'>τῶν</span> <span class='ocrx_word' id='word_1_683' title='bbox 3238 4637 3559 4706; x_wconf 86' lang='grc' dir='ltr'>φευγόντων</span> <span class='ocrx_word' id='word_1_684' title='bbox 3611 4638 3733 4698; x_wconf 73' lang='grc' dir='ltr'>τοὺς</span> 
     </span>
    </p>
   </div>
   <div class='ocr_carea' id='block_1_101' title="bbox 2152 4730 3734 4803">
    <p class='ocr_par' dir='ltr' id='par_1_101' title="bbox 2152 4730 3734 4803">
     <span class='ocr_line' id='line_1_101' title="bbox 2152 4730 3734 4803; baseline -0.002 -18"><span class='ocrx_word' id='word_1_685' title='bbox 2152 4733 2253 4803; x_wconf 80' lang='grc' dir='ltr'>μὲν</span> <span class='ocrx_word' id='word_1_686' title='bbox 2275 4733 2613 4797; x_wconf 77' lang='grc' dir='ltr'>ἀνεκαλεῖτο,</span> <span class='ocrx_word' id='word_1_687' title='bbox 2638 4732 2764 4794; x_wconf 71' lang='grc' dir='ltr'>τοὺς</span> <span class='ocrx_word' id='word_1_688' title='bbox 2789 4730 2844 4784; x_wconf 82' lang='grc' dir='ltr'>δὲ</span> <span class='ocrx_word' id='word_1_689' title='bbox 2869 4732 2961 4784; x_wconf 72' lang='grc' dir='ltr'>καὶ</span> <span class='ocrx_word' id='word_1_690' title='bbox 2983 4732 3327 4795; x_wconf 78' lang='grc' dir='ltr'>ἐπέσκωπτε,</span> <span class='ocrx_word' id='word_1_691' title='bbox 3347 4730 3453 4784; x_wconf 70' lang='grc' dir='ltr'>κᾶν</span> <span class='ocrx_word' id='word_1_692' title='bbox 3478 4734 3529 4784; x_wconf 81' lang='lat' dir='ltr'><strong>oi</strong></span> <span class='ocrx_word' id='word_1_693' title='bbox 3557 4731 3734 4784; x_wconf 77' lang='grc' dir='ltr'>πολλοὶ</span> 
     </span>
    </p>
   </div>
   <div class='ocr_carea' id='block_1_102' title="bbox 2150 4822 3733 4892">
    <p class='ocr_par' dir='ltr' id='par_1_102' title="bbox 2150 4822 3733 4892">
     <span class='ocr_line' id='line_1_102' title="bbox 2150 4822 3733 4892; baseline -0.001 -15"><span class='ocrx_word' id='word_1_694' title='bbox 2150 4824 2242 4877; x_wconf 68' lang='grc' dir='ltr'><strong>τὸν</strong></span> <span class='ocrx_word' id='word_1_695' title='bbox 2289 4823 2589 4891; x_wconf 75' lang='grc' dir='ltr'>ἀγνοοῦντα</span> <span class='ocrx_word' id='word_1_696' title='bbox 2640 4822 3017 4892; x_wconf 85' lang='grc' dir='ltr'>ὑπεκρίνοντο.</span> <span class='ocrx_word' id='word_1_697' title='bbox 3073 4823 3231 4875; x_wconf 87' lang='grc' dir='ltr'>Οὑτω</span> <span class='ocrx_word' id='word_1_698' title='bbox 3264 4822 3395 4890; x_wconf 74' lang='grc' dir='ltr'>γοῦν</span> <span class='ocrx_word' id='word_1_699' title='bbox 3423 4823 3523 4876; x_wconf 77' lang='grc' dir='ltr'>τοῦ</span> <span class='ocrx_word' id='word_1_700' title='bbox 3557 4824 3733 4877; x_wconf 71' lang='grc' dir='ltr'>κινδῦο</span> 
     </span>
    </p>
   </div>
   <div class='ocr_carea' id='block_1_103' title="bbox 2149 4914 3737 4986">
    <p class='ocr_par' dir='ltr' id='par_1_103' title="bbox 2149 4914 3737 4986">
     <span class='ocr_line' id='line_1_103' title="bbox 2149 4914 3737 4986; baseline 0.001 -18"><span class='ocrx_word' id='word_1_701' title='bbox 2149 4933 2246 4969; x_wconf 90' lang='grc' dir='ltr'><strong>νου</strong></span> <span class='ocrx_word' id='word_1_702' title='bbox 2282 4915 2497 4979; x_wconf 71' lang='grc' dir='ltr'>σωθεὶς,</span> <span class='ocrx_word' id='word_1_703' title='bbox 2539 4917 2850 4986; x_wconf 86' lang='grc' dir='ltr'>είσέρχεται</span> <span class='ocrx_word' id='word_1_704' title='bbox 2913 4915 2994 4978; x_wconf 87' lang='grc' dir='ltr'><strong>είς</strong></span> <span class='ocrx_word' id='word_1_705' title='bbox 3052 4914 3153 4984; x_wconf 83' lang='grc' dir='ltr'>τὴν</span> <span class='ocrx_word' id='word_1_706' title='bbox 3198 4914 3605 4983; x_wconf 82' lang='grc' dir='ltr'>βασιλεύουσαν</span> <span class='ocrx_word' id='word_1_707' title='bbox 3656 4915 3737 4984; x_wconf 81' lang='grc' dir='ltr'>ἐφ’</span> 
     </span>
    </p>
   </div>
   <div class='ocr_carea' id='block_1_104' title="bbox 2151 5004 3733 5079">
    <p class='ocr_par' dir='ltr' id='par_1_104' title="bbox 2151 5004 3733 5079">
     <span class='ocr_line' id='line_1_104' title="bbox 2151 5004 3733 5079; baseline 0.003 -20"><span class='ocrx_word' id='word_1_708' title='bbox 2151 5004 2195 5074; x_wconf 84' lang='grc' dir='ltr'>ᾧ</span> <span class='ocrx_word' id='word_1_709' title='bbox 2248 5011 2585 5076; x_wconf 74' lang='grc' dir='ltr'>συναγαγεῖν</span> <span class='ocrx_word' id='word_1_710' title='bbox 2638 5006 2797 5071; x_wconf 69' lang='grc' dir='ltr'>αὖθις</span> <span class='ocrx_word' id='word_1_711' title='bbox 2859 5007 3248 5079; x_wconf 88' lang='grc' dir='ltr'>στρατεύματα</span> <span class='ocrx_word' id='word_1_712' title='bbox 3296 5010 3391 5061; x_wconf 69' lang='grc' dir='ltr'><strong>καὶ</strong></span> <span class='ocrx_word' id='word_1_713' title='bbox 3442 5011 3596 5063; x_wconf 84' lang='grc' dir='ltr'>κατὰ</span> <span class='ocrx_word' id='word_1_714' title='bbox 3646 5008 3733 5063; x_wconf 81' lang='grc' dir='ltr'>τοῦ</span> 
     </span>
    </p>
   </div>
   <div class='ocr_carea' id='block_1_105' title="bbox 2151 5098 2800 5169">
    <p class='ocr_par' dir='ltr' id='par_1_105' title="bbox 2151 5098 2800 5169">
     <span class='ocr_line' id='line_1_105' title="bbox 2151 5098 2800 5169; baseline 0.008 -19"><span class='ocrx_word' id='word_1_715' title='bbox 2151 5098 2489 5169; x_wconf 79' lang='grc' dir='ltr'>Βαῖμούντου</span> <span class='ocrx_word' id='word_1_716' title='bbox 2522 5100 2800 5169; x_wconf 86' lang='grc' dir='ltr'>χωρῆσαι.</span> 
     </span>
    </p>
   </div>
   <div class='ocr_carea' id='block_1_106' title="bbox 459 5173 3734 5260">
    <p class='ocr_par' dir='ltr' id='par_1_106' title="bbox 459 5173 3734 5260">
     <span class='ocr_line' id='line_1_106' title="bbox 459 5173 3734 5260; baseline 0.006 -33"><span class='ocrx_word' id='word_1_717' title='bbox 459 5188 581 5227; x_wconf 88' lang='lat' dir='ltr'><strong>cum</strong></span> <span class='ocrx_word' id='word_1_718' title='bbox 614 5173 931 5230; x_wconf 88' lang='lat' dir='ltr'><strong>lectissimis</strong></span> <span class='ocrx_word' id='word_1_719' title='bbox 955 5175 1267 5248; x_wconf 85' lang='lat' dir='ltr'><strong>quibusque</strong></span> <span class='ocrx_word' id='word_1_720' title='bbox 1306 5180 1596 5248; x_wconf 88' lang='lat' dir='ltr'><strong>comitum,</strong></span> <span class='ocrx_word' id='word_1_721' title='bbox 1630 5198 1933 5241; x_wconf 88' lang='lat' dir='ltr'><strong>conversus</strong></span> <span class='ocrx_word' id='word_1_722' title='bbox 1965 5186 2032 5240; x_wconf 86' lang='lat' dir='ltr'><strong>ad</strong></span> <span class='ocrx_word' id='word_1_723' title='bbox 2073 5186 2246 5242; x_wconf 87' lang='lat' dir='ltr'><strong>Gulen</strong></span> <span class='ocrx_word' id='word_1_724' title='bbox 2285 5189 2304 5259; x_wconf 93' lang='lat'>(</span> <span class='ocrx_word' id='word_1_725' title='bbox 2337 5200 2600 5259; x_wconf 87' lang='lat' dir='ltr'><strong>paternus</strong></span> <span class='ocrx_word' id='word_1_726' title='bbox 2623 5188 2711 5244; x_wconf 82' lang='lat' dir='ltr'><strong>hic</strong></span> <span class='ocrx_word' id='word_1_727' title='bbox 2737 5188 2814 5243; x_wconf 88' lang='lat' dir='ltr'><strong>illi</strong></span> <span class='ocrx_word' id='word_1_728' title='bbox 2850 5203 2915 5244; x_wconf 81' lang='lat' dir='ltr'><strong>ex</strong></span> <span class='ocrx_word' id='word_1_729' title='bbox 2944 5189 3110 5260; x_wconf 77' lang='lat' dir='ltr'><strong>longo</strong></span> <span class='ocrx_word' id='word_1_730' title='bbox 3157 5189 3297 5245; x_wconf 80' lang='lat' dir='ltr'><strong>ﬁdus</strong></span> <span class='ocrx_word' id='word_1_731' title='bbox 3368 5199 3494 5246; x_wconf 82' lang='lat' dir='ltr'><strong>erat</strong></span> <span class='ocrx_word' id='word_1_732' title='bbox 3560 5191 3734 5248; x_wconf 85' lang='lat' dir='ltr'><strong>famu-</strong></span> 
     </span>
    </p>
   </div>
   <div class='ocr_carea' id='block_1_107' title="bbox 1543 5301 2682 5367">
    <p class='ocr_par' dir='ltr' id='par_1_107' title="bbox 1543 5301 2682 5367">
     <span class='ocr_line' id='line_1_107' title="bbox 1543 5301 2682 5367; baseline 0.005 -7"><span class='ocrx_word' id='word_1_733' title='bbox 1543 5301 1745 5362; x_wconf 66' lang='lat' dir='ltr'><strong>Varize</strong></span> <span class='ocrx_word' id='word_1_734' title='bbox 1784 5302 2094 5366; x_wconf 87' lang='lat' dir='ltr'><strong>lectiones</strong></span> <span class='ocrx_word' id='word_1_735' title='bbox 2126 5322 2201 5367; x_wconf 78' lang='lat' dir='ltr'><strong>ex</strong></span> <span class='ocrx_word' id='word_1_736' title='bbox 2229 5309 2362 5367; x_wconf 87' lang='lat' dir='ltr'><strong>cod.</strong></span> <span class='ocrx_word' id='word_1_737' title='bbox 2412 5305 2682 5367; x_wconf 90' lang='lat' dir='ltr'><strong>Coislin.</strong></span> 
     </span>
    </p>
   </div>
   <div class='ocr_carea' id='block_1_108' title="bbox 558 5394 1877 5474">
    <p class='ocr_par' dir='ltr' id='par_1_108' title="bbox 558 5394 1877 5474">
     <span class='ocr_line' id='line_1_108' title="bbox 558 5394 1877 5474; baseline 0.005 -26"><span class='ocrx_word' id='word_1_738' title='bbox 558 5395 602 5425; x_wconf 78' lang='lat'><strong><em>“</em></strong></span> <span class='ocrx_word' id='word_1_739' title='bbox 623 5394 973 5465; x_wconf 76' lang='grc' dir='ltr'>ἀνεῤῥίπισε.</span> <span class='ocrx_word' id='word_1_740' title='bbox 1044 5398 1091 5429; x_wconf 70' lang='grc'><strong>’⁷</strong></span> <span class='ocrx_word' id='word_1_741' title='bbox 1134 5399 1591 5469; x_wconf 78' lang='grc' dir='ltr'>καταλειφθέντα.</span> <span class='ocrx_word' id='word_1_742' title='bbox 1684 5403 1729 5434; x_wconf 78' lang='grc'><strong>’⁸</strong></span> <span class='ocrx_word' id='word_1_743' title='bbox 1758 5403 1877 5474; x_wconf 78' lang='grc' dir='ltr'>ἔχῃ.</span> 
     </span>
    </p>
   </div>
   <div class='ocr_carea' id='block_1_109' title="bbox 1971 5400 2098 5475">
    <p class='ocr_par' dir='ltr' id='par_1_109' title="bbox 1971 5400 2098 5475">
     <span class='ocr_line' id='line_1_109' title="bbox 1971 5400 2098 5475; baseline 0.031 -41"><span class='ocrx_word' id='word_1_744' title='bbox 1971 5406 2016 5437; x_wconf 73' lang='lat' dir='ltr'>ﬂ</span> <span class='ocrx_word' id='word_1_745' title='bbox 2040 5400 2098 5475; x_wconf 60' lang='grc' dir='ltr'><strong>ᾗ.</strong></span> 
     </span>
    </p>
   </div>
   <div class='ocr_carea' id='block_1_110' title="bbox 2180 5402 3157 5474">
    <p class='ocr_par' dir='ltr' id='par_1_110' title="bbox 2180 5402 3157 5474">
     <span class='ocr_line' id='line_1_110' title="bbox 2180 5402 3157 5474; baseline 0.002 -16"><span class='ocrx_word' id='word_1_746' title='bbox 2180 5403 2225 5435; x_wconf 87' lang='grc'>³⁰</span> <span class='ocrx_word' id='word_1_747' title='bbox 2257 5405 2336 5460; x_wconf 82' lang='grc' dir='ltr'>δέ.</span> <span class='ocrx_word' id='word_1_748' title='bbox 2412 5406 2454 5438; x_wconf 83' lang='grc'><strong>³¹</strong></span> <span class='ocrx_word' id='word_1_749' title='bbox 2486 5402 2725 5474; x_wconf 85' lang='grc' dir='ltr'>χαλινόν.</span> <span class='ocrx_word' id='word_1_750' title='bbox 2812 5403 2858 5436; x_wconf 81' lang='grc'><strong>⁸³</strong></span> <span class='ocrx_word' id='word_1_751' title='bbox 2904 5403 3157 5461; x_wconf 84' lang='grc' dir='ltr'>κουλεοῦ.</span> 
     </span>
    </p>
   </div>
   <div class='ocr_carea' id='block_1_111' title="bbox 1532 5522 2672 5602">
    <p class='ocr_par' dir='ltr' id='par_1_111' title="bbox 1532 5522 2672 5602">
     <span class='ocr_line' id='line_1_111' title="bbox 1532 5522 2672 5602; baseline 0.004 -21"><span class='ocrx_word' id='word_1_752' title='bbox 1532 5522 1675 5583; x_wconf 85' lang='lat' dir='ltr'><strong>Car.</strong></span> <span class='ocrx_word' id='word_1_753' title='bbox 1709 5522 2035 5583; x_wconf 86' lang='lat' dir='ltr'><strong>Dufresuii</strong></span> <span class='ocrx_word' id='word_1_754' title='bbox 2090 5526 2189 5585; x_wconf 90' lang='lat' dir='ltr'><strong>Du</strong></span> <span class='ocrx_word' id='word_1_755' title='bbox 2223 5523 2441 5602; x_wconf 74' lang='lat' dir='ltr'><strong>Cangii</strong></span> <span class='ocrx_word' id='word_1_756' title='bbox 2482 5533 2672 5587; x_wconf 67' lang='lat' dir='ltr'><strong>notua.</strong></span> 
     </span>
    </p>
   </div>
   <div class='ocr_carea' id='block_1_112' title="bbox 527 5618 2031 5688">
    <p class='ocr_par' dir='ltr' id='par_1_112' title="bbox 527 5618 2031 5688">
     <span class='ocr_line' id='line_1_112' title="bbox 527 5618 2031 5688; baseline 0.008 -17"><span class='ocrx_word' id='word_1_757' title='bbox 527 5618 642 5685; x_wconf 70' lang='lat'><strong>(30)</strong></span> <span class='ocrx_word' id='word_1_758' title='bbox 676 5621 780 5685; x_wconf 70' lang='grc' dir='ltr'><strong>Εὶς</strong></span> <span class='ocrx_word' id='word_1_759' title='bbox 812 5620 977 5673; x_wconf 84' lang='grc' dir='ltr'>Θεόν.</span> <span class='ocrx_word' id='word_1_760' title='bbox 1008 5622 1267 5678; x_wconf 85' lang='lat' dir='ltr'><strong>Pietatem</strong></span> <span class='ocrx_word' id='word_1_761' title='bbox 1303 5626 1500 5688; x_wconf 77' lang='lat' dir='ltr'><strong>AImrii,</strong></span> <span class='ocrx_word' id='word_1_762' title='bbox 1530 5636 1579 5677; x_wconf 75' lang='lat' dir='ltr'><strong>et</strong></span> <span class='ocrx_word' id='word_1_763' title='bbox 1606 5636 1835 5679; x_wconf 65' lang='lat' dir='ltr'><strong>emeras</strong></span> <span class='ocrx_word' id='word_1_764' title='bbox 1863 5627 2031 5681; x_wconf 89' lang='lat' dir='ltr'><strong>animi</strong></span> 
     </span>
    </p>
   </div>
   <div class='ocr_carea' id='block_1_113' title="bbox 457 5691 2029 5757">
    <p class='ocr_par' dir='ltr' id='par_1_113' title="bbox 457 5691 2029 5757">
     <span class='ocr_line' id='line_1_113' title="bbox 457 5691 2029 5757; baseline 0.008 -18"><span class='ocrx_word' id='word_1_765' title='bbox 457 5691 615 5742; x_wconf 76' lang='lat' dir='ltr'><strong>dotes</strong></span> <span class='ocrx_word' id='word_1_766' title='bbox 650 5692 1001 5743; x_wconf 81' lang='lat' dir='ltr'><strong>commendat</strong></span> <span class='ocrx_word' id='word_1_767' title='bbox 1024 5696 1186 5747; x_wconf 77' lang='lat' dir='ltr'><strong>etiam</strong></span> <span class='ocrx_word' id='word_1_768' title='bbox 1217 5697 1509 5749; x_wconf 79' lang='lat' dir='ltr'><strong>Urdcricns</strong></span> <span class='ocrx_word' id='word_1_769' title='bbox 1545 5695 1756 5757; x_wconf 74' lang='lat' dir='ltr'><strong>vitalis,</strong></span> <span class='ocrx_word' id='word_1_770' title='bbox 1786 5698 1878 5750; x_wconf 87' lang='lat' dir='ltr'><strong>lib.</strong></span> <span class='ocrx_word' id='word_1_771' title='bbox 1911 5714 1981 5751; x_wconf 80' lang='lat' dir='ltr'><strong>vn</strong></span> <span class='ocrx_word' id='word_1_772' title='bbox 2014 5718 2029 5751; x_wconf 88' lang='lat'><strong><em>:</em></strong></span> 
     </span>
    </p>
   </div>
   <div class='ocr_carea' id='block_1_114' title="bbox 461 5759 2027 5835">
    <p class='ocr_par' dir='ltr' id='par_1_114' title="bbox 461 5759 2027 5835">
     <span class='ocr_line' id='line_1_114' title="bbox 461 5759 2027 5835; baseline 0.007 -25"><span class='ocrx_word' id='word_1_773' title='bbox 461 5759 1101 5835; x_wconf 56' lang='lat' dir='ltr'><strong>I&#39;Irat_,_inquit,prudcns</strong></span> <span class='ocrx_word' id='word_1_774' title='bbox 1123 5776 1170 5816; x_wconf 87' lang='lat' dir='ltr'><strong>et</strong></span> <span class='ocrx_word' id='word_1_775' title='bbox 1205 5765 1420 5828; x_wconf 80' lang='lat' dir='ltr'><strong>probus,</strong></span> <span class='ocrx_word' id='word_1_776' title='bbox 1449 5769 1630 5818; x_wconf 63' lang='lat' dir='ltr'><strong>aulas:</strong></span> <span class='ocrx_word' id='word_1_777' title='bbox 1678 5780 1724 5820; x_wconf 80' lang='lat' dir='ltr'><strong>et</strong></span> <span class='ocrx_word' id='word_1_778' title='bbox 1764 5767 1943 5835; x_wconf 59' lang='lat' dir='ltr'><strong>largus</strong></span> <span class='ocrx_word' id='word_1_779' title='bbox 1978 5778 2027 5821; x_wconf 84' lang='lat' dir='ltr'><strong>et</strong></span> 
     </span>
    </p>
   </div>
   <div class='ocr_carea' id='block_1_115' title="bbox 458 5828 2022 5903">
    <p class='ocr_par' dir='ltr' id='par_1_115' title="bbox 458 5828 2022 5903">
     <span class='ocr_line' id='line_1_115' title="bbox 458 5828 2022 5903; baseline 0.007 -23"><span class='ocrx_word' id='word_1_780' title='bbox 458 5828 987 5903; x_wconf 13' lang='lat' dir='ltr'><strong>nmabilisiomnibus.</strong></span> <span class='ocrx_word' id='word_1_781' title='bbox 1070 5834 1135 5886; x_wconf 75' lang='lat' dir='ltr'><strong>Et</strong></span> <span class='ocrx_word' id='word_1_782' title='bbox 1165 5850 1287 5887; x_wconf 59' lang='lat' dir='ltr'><strong>mor</strong></span> <span class='ocrx_word' id='word_1_783' title='bbox 1323 5852 1334 5886; x_wconf 93' lang='lat'>:</span> <span class='ocrx_word' id='word_1_784' title='bbox 1393 5834 1521 5886; x_wconf 63' lang='lat' dir='ltr'><strong>I&#39;Irat</strong></span> <span class='ocrx_word' id='word_1_785' title='bbox 1555 5838 1777 5889; x_wconf 84' lang='lat' dir='ltr'><strong>multum</strong></span> <span class='ocrx_word' id='word_1_786' title='bbox 1812 5828 2022 5903; x_wconf 46' lang='lat' dir='ltr'><strong>sapiens</strong></span> 
     </span>
    </p>
   </div>
   <div class='ocr_carea' id='block_1_116' title="bbox 458 5900 2021 5980">
    <p class='ocr_par' dir='ltr' id='par_1_116' title="bbox 458 5900 2021 5980">
     <span class='ocr_line' id='line_1_116' title="bbox 458 5900 2021 5980; baseline 0.009 -29"><span class='ocrx_word' id='word_1_787' title='bbox 458 5910 505 5952; x_wconf 84' lang='lat' dir='ltr'><strong>et</strong></span> <span class='ocrx_word' id='word_1_788' title='bbox 535 5900 835 5957; x_wconf 82' lang='lat' dir='ltr'><strong>misericors</strong></span> <span class='ocrx_word' id='word_1_789' title='bbox 867 5903 1210 5974; x_wconf 73' lang='lat' dir='ltr'><strong>pauperibus,</strong></span> <span class='ocrx_word' id='word_1_790' title='bbox 1249 5904 1471 5959; x_wconf 78' lang='lat' dir='ltr'><strong>bellator</strong></span> <span class='ocrx_word' id='word_1_791' title='bbox 1505 5906 1660 5975; x_wconf 81' lang='lat' dir='ltr'><strong>[ortis</strong></span> <span class='ocrx_word' id='word_1_792' title='bbox 1718 5920 1767 5965; x_wconf 80' lang='lat' dir='ltr'><strong>et</strong></span> <span class='ocrx_word' id='word_1_793' title='bbox 1801 5900 2021 5980; x_wconf 74' lang='lat' dir='ltr'><strong>magna-</strong></span> 
     </span>
    </p>
   </div>
   <div class='ocr_carea' id='block_1_117' title="bbox 2145 5630 3735 5711">
    <p class='ocr_par' dir='ltr' id='par_1_117' title="bbox 2145 5630 3735 5711">
     <span class='ocr_line' id='line_1_117' title="bbox 2145 5630 3735 5711; baseline 0 -29"><span class='ocrx_word' id='word_1_794' title='bbox 2145 5632 2341 5693; x_wconf 80' lang='lat' dir='ltr'><strong>nimus,</strong></span> <span class='ocrx_word' id='word_1_795' title='bbox 2367 5632 2605 5699; x_wconf 72' lang='lat' dir='ltr'><strong>affabilis</strong></span> <span class='ocrx_word' id='word_1_796' title='bbox 2638 5634 2921 5692; x_wconf 77' lang='lat' dir='ltr'><strong>militibus.</strong></span> <span class='ocrx_word' id='word_1_797' title='bbox 2964 5646 3348 5711; x_wconf 68' lang='lat' dir='ltr'><strong>munerumque</strong></span> <span class='ocrx_word' id='word_1_798' title='bbox 3380 5630 3571 5711; x_wconf 39' lang='lat' dir='ltr'><strong>Idator</strong></span> <span class='ocrx_word' id='word_1_799' title='bbox 3619 5632 3735 5711; x_wconf 44' lang='lat' dir='ltr'><strong>Lar:</strong></span> 
     </span>
    </p>
   </div>
   <div class='ocr_carea' id='block_1_118' title="bbox 2138 5701 3733 5771">
    <p class='ocr_par' dir='ltr' id='par_1_118' title="bbox 2138 5701 3733 5771">
     <span class='ocr_line' id='line_1_118' title="bbox 2138 5701 3733 5771; baseline 0 -20"><span class='ocrx_word' id='word_1_800' title='bbox 2138 5703 2445 5769; x_wconf 80' lang='lat' dir='ltr'><strong>gisssimtts,</strong></span> <span class='ocrx_word' id='word_1_801' title='bbox 2489 5705 2683 5756; x_wconf 70' lang='lat' dir='ltr'><strong>divina:</strong></span> <span class='ocrx_word' id='word_1_802' title='bbox 2719 5705 2847 5771; x_wconf 80' lang='lat' dir='ltr'><strong>legis</strong></span> <span class='ocrx_word' id='word_1_803' title='bbox 2910 5705 3086 5754; x_wconf 79' lang='lat' dir='ltr'><strong>cultor</strong></span> <span class='ocrx_word' id='word_1_804' title='bbox 3139 5701 3535 5753; x_wconf 77' lang='lat' dir='ltr'><strong>devotissimus.</strong></span> <span class='ocrx_word' id='word_1_805' title='bbox 3618 5702 3733 5753; x_wconf 78' lang='lat' dir='ltr'><strong>Fuit</strong></span> 
     </span>
    </p>
   </div>
   <div class='ocr_carea' id='block_1_119' title="bbox 2139 5773 2594 5829">
    <p class='ocr_par' dir='ltr' id='par_1_119' title="bbox 2139 5773 2594 5829">
     <span class='ocr_line' id='line_1_119' title="bbox 2139 5773 2594 5829; baseline 0.015 -7"><span class='ocrx_word' id='word_1_806' title='bbox 2139 5782 2319 5823; x_wconf 76' lang='lat' dir='ltr'><strong>tamen</strong></span> <span class='ocrx_word' id='word_1_807' title='bbox 2351 5773 2594 5829; x_wconf 70' lang='lat' dir='ltr'><strong>Alexim.</strong></span> 
     </span>
    </p>
   </div>
   <div class='ocr_carea' id='block_1_120' title="bbox 2135 5841 3734 5917">
    <p class='ocr_par' dir='ltr' id='par_1_120' title="bbox 2135 5841 3734 5917">
     <span class='ocr_line' id='line_1_120' title="bbox 2135 5841 3734 5917; baseline 0.001 -24"><span class='ocrx_word' id='word_1_808' title='bbox 2135 5844 2337 5917; x_wconf 68' lang='lat' dir='ltr'><strong>astutia</strong></span> <span class='ocrx_word' id='word_1_809' title='bbox 2367 5852 2415 5893; x_wconf 83' lang='lat' dir='ltr'><strong>et</strong></span> <span class='ocrx_word' id='word_1_810' title='bbox 2456 5845 2946 5917; x_wconf 44' lang='lat' dir='ltr'><strong>[rarulibusmuam</strong></span> <span class='ocrx_word' id='word_1_811' title='bbox 2998 5842 3266 5912; x_wconf 77' lang='lat' dir='ltr'><strong>probitate</strong></span> <span class='ocrx_word' id='word_1_812' title='bbox 3331 5842 3538 5896; x_wconf 76' lang='lat' dir='ltr'><strong>notior.</strong></span> <span class='ocrx_word' id='word_1_813' title='bbox 3614 5841 3734 5896; x_wconf 73' lang='lat' dir='ltr'><strong>Viti.</strong></span> 
     </span>
    </p>
   </div>
   <div class='ocr_carea' id='block_1_121' title="bbox 2133 5911 2685 5984">
    <p class='ocr_par' dir='ltr' id='par_1_121' title="bbox 2133 5911 2685 5984">
     <span class='ocr_line' id='line_1_121' title="bbox 2133 5911 2685 5984; baseline 0.007 -19"><span class='ocrx_word' id='word_1_814' title='bbox 2133 5911 2372 5980; x_wconf 79' lang='lat' dir='ltr'><strong>Annam,</strong></span> <span class='ocrx_word' id='word_1_815' title='bbox 2397 5929 2520 5984; x_wconf 76' lang='lat' dir='ltr'><strong>pag.</strong></span> <span class='ocrx_word' id='word_1_816' title='bbox 2558 5914 2685 5969; x_wconf 73' lang='lat' dir='ltr'><strong>25L</strong></span> 
     </span>
    </p>
   </div>
   <div class='ocr_carea' id='block_1_122' title="bbox 2659 5771 3733 5832">
    <p class='ocr_par' dir='ltr' id='par_1_122' title="bbox 2659 5771 3733 5832">
     <span class='ocr_line' id='line_1_122' title="bbox 2659 5771 3733 5832; baseline -0.005 -6"><span class='ocrx_word' id='word_1_817' title='bbox 2659 5783 2718 5827; x_wconf 91' lang='lat' dir='ltr'><strong>ut</strong></span> <span class='ocrx_word' id='word_1_818' title='bbox 2797 5776 2875 5827; x_wconf 77' lang='lat' dir='ltr'><strong>ait</strong></span> <span class='ocrx_word' id='word_1_819' title='bbox 2942 5772 3455 5825; x_wconf 76' lang='lat' dir='ltr'><strong>Malmesbnricnsis</strong></span> <span class='ocrx_word' id='word_1_820' title='bbox 3551 5771 3647 5825; x_wconf 88' lang='lat' dir='ltr'><strong>lib.</strong></span> <span class='ocrx_word' id='word_1_821' title='bbox 3679 5788 3733 5832; x_wconf 85' lang='grc' dir='ltr'><strong>ιι,</strong></span> 
     </span>
    </p>
   </div>
  </div>
