3830 6604
189 400 272 466 H7
1390 382 1804 447 ALEXIADIS
1833 385 1979 447 LIB.
2022 387 2086 449 V.
3265 382 3371 450 4ἷ8

183 506 359 587 ρίσσης]
389 504 533 577 μέρος
549 498 893 564 καταλαϐὼν,
921 496 1019 553 καὶ
1041 497 1417 570 περιαθρήσας
1439 498 1536 571 τὴν
1555 500 1697 553 am-

1880 505 1995 555 sine
2027 516 2190 555 sensu
2229 500 2547 558 Latinorum
2580 501 2803 569 faceret,
2833 503 2945 574 jam
2988 511 3100 558 tum
3134 518 3163 557 a
3196 506 3369 573 prima

180 624 259 660 σαν
280 601 356 655 τοῦ
379 598 527 652 τόπου
558 594 730 656 θέσιν,
775 591 1200 662 χθαμαλώτερον
1231 591 1394 643 τόπον
1420 592 1687 661 κατανοήι

1880 592 2129 645 cessiouc
2155 592 2277 660 ejus
2304 633 2319 655 ,
2352 595 2572 663 quando
2609 595 2923 651 Libotanini
2976 596 3174 650 saltum
3208 596 3374 664 cmpit

180 714 273 759 σας,
289 691 434 745 ἐκεῖθι
461 687 591 758 μετὰ
612 686 722 738 τῶν
750 685 1206 753 συνεφεπομένων
1234 682 1384 753 αὐτῷ
1400 682 1571 751 λόχων
1594 677 1682 750 ἦν.

1891 682 2001 736 redi
2032 684 2101 737 ad
2134 684 2456 739 insidiarum
2491 688 2671 741 locum
2715 689 2970 750 tendens,
3006 686 3176 741 duces
3211 702 3375 741 exer-

181 787 229 839 υί
247 785 292 836 δὲ
315 779 553 852 ἡγεμόνες
571 777 678 829 τῶν
697 775 1024 845 Ῥωμαϊκῶν
1040 775 1360 842 ταγμάτων,
1388 775 1625 844 ὁπηνίκα
1661 775 1689 827 ὁ

1880 792 1934 830 iis
1963 774 2197 831 Romani
2227 779 2481 833 cohortes
2512 781 2776 848 quasdam
2815 783 2868 833 in
2911 779 3141 834 Latinos
3185 779 3375 833 immi-

130 920 139 927 .
178 874 383 947 βασιλεὺς
422 869 794 938 προλοχήσειν,
850 867 926 929 ὡς
965 868 1183 937 εἴρηται
1207 867 1564 935 ἐπειγόμενος
1588 866 1690 935 τὴν

1880 875 2028 922 ὐιιιε
2062 868 2158 935 qui
2195 868 2533 935 prodeuntes
2560 869 2669 925 illis
2696 872 2913 924 obviam
2943 885 3176 940 pugnam
3227 883 3375 923 com-

174 951 245 1023 τοῦ
275 961 624 1020 Δειὸοτανίνου
663 960 707 990 ⁸¹
752 957 1074 1027 κλεισούραν
1119 958 1428 1028 διέρχεσθαι
1457 957 1679 1026 ἔμελλε,

1880 968 2062 1013 serunt
2089 961 2143 1013 in
2176 960 2423 1029 planitie,
2457 962 2637 1030 quoad
2672 978 2774 1015 nox
2808 963 3071 1030 ingruens
3115 961 3372 1017 recedere

172 1056 419 1130 τηνικαῦτα
453 1053 744 1108 ὰποσπάδα
786 1051 830 1083 ⁸⁸
874 1051 990 1104 τῶν
1038 1051 1366 1120 Ῥωμαϊκῶν
1412 1051 1691 1104 ἀποδιελό-

1880 1066 2056 1121 osque
2089 1051 2158 1107 ad
2186 1068 2281 1107 sua
2306 1054 2503 1123 coegit.
2529 1056 2596 1106 At
2628 1055 2923 1121 imperator
2980 1055 3068 1109 tibi
3113 1055 3375 1124 designa—

174 1170 290 1223 μενοι
313 1148 589 1217 ταγμάτων
623 1147 767 1199 κατὰ
809 1144 919 1199 τῶν
966 1144 1190 1197 Κελτῶν
1217 1144 1561 1213 ἐξέπεμψαν,
1601 1145 1690 1213 ἐφ’

1880 1158 1906 1195 ιι
1969 1144 2152 1198 locum
2218 1144 2379 1216 140
2432 1146 2647 1209 tenuit,
2695 1146 2918 1201 desilire
2968 1150 3199 1202 comites
3241 1162 3374 1205 suos

172 1240 335 1313 ᾧπρὲις
362 1241 580 1305 ἑαυτοὺς
609 1238 848 1301 ἑλκύσας
879 1237 923 1269 ⁸⁸
950 1236 1026 1299 ὡς
1058 1237 1135 1307 μὴ
1167 1237 1481 1305 ἐκεχειρίαν
1512 1237 1689 1306 ἔχοιεν

1880 1246 1989 1285 mes
2037 1249 2103 1287 ex
2143 1236 2302 1303 equis
2352 1236 2565 1304 jussit,
2611 1251 2864 1306 gentique
2901 1238 3078 1305 posito
3130 1238 3375 1292 habenas

173 1334 401 1405 sapiebat
426 1330 467 1362 ⁸⁸
500 1330 591 1383 τὸν
617 1328 999 1398 αὐτοκράτορα
1028 1328 1150 1380 ὅποι
1184 1327 1231 1358 ⁸⁸
1257 1328 1573 1396 πορεύεται.
1626 1327 1691 1380 Οἳ

1880 1338 2085 1377 :norum
2123 1333 2309 1381 tenere
2353 1328 2627 1384 manibus.
2667 1328 2822 1394 Quod
2868 1329 2985 1398 ipse
3020 1329 3271 1384 similiter
3298 1330 3377 1384 fe-

171 1430 260 1487 καὶ,
279 1423 397 1494 2:96;
419 1424 513 1493 τὴν
554 1421 780 1475 πεδιάδα
810 1420 1188 1485 κατελθόντες,
1217 1418 1553 1489 προσέϐαλον
1581 1419 1693 1481 τοῖς

1900 1453 1916 1479 ,
1972 1416 2267 1474 admovens
2300 1434 2358 1473 se
2425 1420 2663 1486 humili,
2710 1436 2872 1489 quem
2934 1419 3074 1475 forte
3136 1425 3373 1490 reperit,

171 1518 364 1577 Κελτοῖς,
408 1514 499 1566 καὶ
555 1513 643 1581 ἐφ’
692 1512 881 1564 ίκανὸν
936 1510 1315 1580 μαχεσάμενοι
1373 1508 1689 1575 διέστησαν,

1880 1509 2136 1579 issagiuis
2174 1510 2381 1577 frutici,
2414 1512 2505 1566 ubi
2547 1510 2701 1567 freno
2764 1529 2923 1566 manu
2981 1522 3235 1583 correpto
3283 1529 3378 1583 ge-

169 1610 242 1676 τῆς
268 1606 438 1668 νυκτὸς
472 1604 567 1656 ἀπ’
602 1604 726 1673 ἄρτι
765 1602 840 1674 μὴ
883 1601 1329 1673 παραχωρούσης
1356 1602 1456 1669 τὴν
1486 1600 1688 1670 μάχην.

1880 1617 2073 1671 iusque
2102 1603 2321 1671 positis,
2355 1604 2554 1659 deinde
2584 1619 2682 1675 per
2700 1613 2915 1659 noctem
2951 1606 3215 1676 reliquam
3248 1621 3379 1678 pro-

170 1697 445 1753 Καταλαίὼν
501 1697 558 1749 δὲ
602 1697 695 1748 τὸν
754 1695 1104 1764 σκοπηοέντα
1131 1694 1293 1746 τόπον
1346 1694 1374 1746 ὀ
1430 1691 1691 1761 βασιλεὺς

1880 1694 1989 1748 buit
2026 1694 2081 1747 in
2117 1693 2331 1749 faciem.

164 1794 364 1854 ἅπαντας
408 1791 681 1860 ἁποεῆναι
727 1790 841 1843 τῶν
875 1790 1060 1843 ἵππων
1093 1788 1311 1842 ἐκέλευε
1360 1787 1429 1852 ⁸⁸,
1461 1786 1556 1841 καὶ
1590 1788 1685 1838 ἐπὶ
1723 1788 1854 1855 γόνυ
1885 1788 2171 1853 κλιθέντας
2206 1791 2331 1853 τοὺς
2366 1792 2625 1861 χαλινοὺς
2691 1794 2848 1865 χερσὶ
2896 1795 3170 1863 κατέχειν.
3247 1794 3362 1848 Καὶ

164 1888 285 1949 αὐτὸς
312 1887 382 1949 δὲ,
408 1886 734 1957 χαμαιδρύῳ
773 1885 1109 1956 περιτυχὼν,
1145 1882 1407 1948 ὡσαύτως
1434 1881 1788 1947 κατακλιθεὶς
1812 1883 1905 1936 τὸν
1934 1884 2150 1954 χαλινὸν
2179 1888 2237 1939 ὲν
2271 1887 2430 1958 χερσὶ
2494 1890 2747 1961 κατέχων
2817 1891 2911 1944 ἐπὶ
2958 1892 3250 1961 πρόσωπον
3315 1890 3378 1944 τὸ

163 1980 394 2035 ὲπᾶοιπον
420 1979 523 2047 τῆς
560 1978 753 2042 νυκτὸς
782 1978 988 2032 ἔκειτο.
3372 1996 3373 1999 η

223 2071 533 2139 Ἀνίσχοντος
564 2069 620 2121 δὲ
650 2067 746 2121 τοῦ
784 2069 941 2138 ἡλίου
977 2068 1100 2121 ἐπεὶ
1129 2071 1199 2122 τὰ
1230 2058 1363 2134 τ’ῶνῖ
1397 2066 1690 2139 Ῥωμαίων

1880 2062 2091 2119 Driente
2127 2079 2257 2119 vero
2289 2064 2423 2131 sole,
2458 2079 2582 2121 cum
2628 2066 2860 2123 vidisset
2903 2069 3240 2126 Baimundus
3291 2072 3380 2126 in-

161 2167 370 2236 τάγματα
407 2162 555 2216 κατὰ
601 2162 893 2231 φάλαγγας
949 2161 1218 2229 ἱστάμενα
1273 2162 1301 2214 ὁ
1351 2160 1689 2231 Βαῖμοῦντος

1880 2169 2067 2214 ‘uctani
2097 2156 2399 2213 Romanam
2451 2161 2624 2215 aciein
2673 2175 2739 2215 ac
2789 2162 2946 2232 signa
2996 2177 3058 2217 ea
3105 2166 3376 2232 producta

162 2260 397 2323 ἐθεάσατο,
426 2258 534 2321 τὰς
580 2273 639 2308 τε
670 2253 959 2325 βασιλικὰς
987 2253 1230 2323 σημαίας
1272 2254 1367 2307 καὶ
1410 2254 1479 2307 τὰ
1510 2256 1688 2324 ἀργυ-

1880 2268 1918 2307 ie
1943 2266 2048 2305 non
2080 2251 2185 2305 nisi
2217 2251 2551 2321 imperatore
2581 2262 2852 2321 praesente
2881 2293 2895 2319 ,
2927 2262 2981 2308 et
3033 2253 3086 2309 in
3145 2271 3207 2310 ea
3269 2257 3376 2312 loci

160 2352 291 2422 ρόηλα
310 2352 527 2420 δόρατα,
552 2349 678 2411 τοὺς
705 2347 906 2409 ἵππους
938 2346 1078 2416 μετὰ
1098 2346 1208 2399 τῶν
1237 2344 1535 2416 βασιλικῶν
1564 2348 1693 2417 ἐρυ-

1880 2350 1951 2395 rte
1979 2340 2071 2395 ubi
2103 2342 2217 2410 ipse
2251 2349 2336 2395 est
2370 2341 2507 2411 erigi
2545 2357 2912 2407 consuevere,
2944 2345 3131 2400 hastas
3159 2361 3379 2416 quoque

160 2443 274 2511 θρῶν
302 2441 633 2511 ἑφεστρίδων
665 2440 742 2501 ὡς
780 2438 922 2501 ἐνὸν,
953 2438 1051 2490 καὶ
1080 2438 1242 2501 αὐτὸς
1272 2438 1371 2508 τὴν
1406 2437 1539 2491 ίδίαν
1570 2440 1692 2491 κατ’

1880 2427 2075 2497 ςοιιιείε
2100 2426 2395 2483 distinctas
2430 2429 2603 2485 clavis
2631 2469 2646 2494 ,
2681 2435 2964 2501 proprium
3018 2436 3234 2506 insigne
3278 2437 3381 2490 iiii-

156 2534 298 2588 αὐτῶν
338 2535 715 2603 κατεστήσατο
763 2531 1052 2599 φάλαγγαν
1090 2530 1134 2561 ⁸⁷
1187 2530 1312 2599 διχῆ
1360 2530 1550 2584 διελὼν
1595 2530 1696 2595 τὰς

1880 2536 1957 2573 im
2019 2519 2412 2588 imperatorem
2464 2522 2709 2591 proxime
2760 2523 3110 2592 stipantium,
3205 2541 3380 2597 equos

158 2626 393 2695 δυνάμεις,
441 2628 547 2678 καὶ
592 2622 701 2676 τῶν
750 2624 850 2690 μὲν
896 2622 1060 2685 αὐτὸς
1104 2622 1423 2691 κατάρχων,
1473 2622 1583 2675 τῶν
1637 2622 1693 2675 δὲ

1880 2618 2035 2684 nique
2065 2616 2359 2683 purpureis
2394 2616 2671 2684 tapetibus
2698 2614 2988 2681 instratos,
3040 2619 3178 2673 nihil
3222 2621 3383 2676 dubi-

158 2717 516 2786 φαλαγγάρχην
552 2716 643 2767 τὶν
678 2715 937 2785 Βρυένιον
990 2715 1102 2784 (56)
1170 2716 1540 2785 καταστήσας.
1582 2716 1696 2768 Λα-

1880 2722 1922 2760 IS
1950 2706 2082 2774 quin
2127 2706 2201 2759 ibi
2233 2714 2381 2760 esset
2404 2708 2719 2776 Augustus,
2757 2709 2929 2762 aciem
2952 2718 3003 2764 et
3035 2710 3152 2780 ipse
3189 2723 3381 2768 contra

158 2813 272 2868 τίνος
303 2810 353 2860 δὲ
397 2801 563 2870 οὗτος
606 2807 716 2859 τῶν
755 2808 1059 2874 ἐπιφανῶν,
1106 2806 1166 2859 ὃν
1200 2807 1293 2861 καὶ
1336 2807 1695 2859 κονοστοιῦλον

1880 2812 1951 2850 im
1974 2797 2178 2867 dirigit,
2200 2796 2376 2864 copiis
2406 2796 2664 2852 bifariam
2693 2798 2884 2853 divisis
2912 2810 3120 2869 partem
3147 2803 3377 2858 alteram

157 2900 425 2969 ὠνόμασαν.
459 2899 628 2952 Οὕτω
659 2898 792 2967 γοῦν
831 2900 929 2961 τὰς
975 2899 1113 2959 ἰδίας
1142 2899 1499 2969 καταστήσας
1532 2892 1695 2953 δυνά-

1880 2893 1901 2945 ii
1936 2894 2050 2962 ipsc
2077 2892 2407 2946 ductandam
2439 2896 2695 2962 sumpsit,
2738 2894 2893 2949 alteri
2919 2896 3208 2967 Bryenium
3242 2914 3377 2966 prze-

161 3011 275 3062 μεις,
309 2994 364 3046 τὸ
390 2992 630 3061 σύνηθες
689 2994 785 3043 καὶ
813 2991 978 3044 πάλιν
1025 2993 1192 3052 ποιεῖ,
1238 2992 1331 3043 καὶ
1386 2992 1527 3043 κατὰ
1563 2991 1695 3059 μέτε

1880 2984 1949 3037 ηἰι.
1986 2983 2218 3039 Latinus
2248 2982 2337 3039 hic
2366 2994 2485 3039 erat
2512 3001 2575 3039 ex
2606 2986 2913 3042 illustribus
2964 3003 3126 3057 quem
3161 2998 3213 3044 et
3272 2990 3383 3044 Co-

159 3100 278 3135 ωπον
313 3082 407 3151 τῆς
434 3081 809 3152 παρατάξεως
832 3082 937 3148 ὅπη
962 3081 1027 3133 τὰ
1052 3080 1304 3151 βασιλικά
1339 3082 1487 3151 ἑώρα
1516 3083 1696 3153 παρά-

1880 3073 2111 3127 stablum
2165 3073 2464 3127 vocabant.
2522 3073 2613 3128 Sic
2665 3073 2978 3128 distributis
3044 3075 3380 3130 Bziimundus

158 3191 293 3243 σημα,
331 3175 444 3227 ἐκεῖ
480 3191 573 3226 τοι
614 3172 660 3203 ⁸⁸
709 3172 1089 3241 αὐτοκράτορα
1136 3170 1365 3240 νομίσας
1422 3167 1588 3237 εἶναι,
1620 3169 1697 3234 ὡς

1880 3165 1996 3235 piis,
2026 3164 2141 3233 ipse
2175 3164 2230 3218 in
2278 3166 2413 3218 aciei
2469 3163 2729 3219 Romanae
2777 3163 3060 3230 frontem,
3104 3166 3195 3221 ubi
3258 3182 3383 3222 esse

156 3266 371 3337 πρηστὴρ
412 3267 537 3328 τοῖς
572 3264 922 3332 φαινομένοις
962 3261 1247 3332 ἐμπίπτει.
1297 3263 1359 3314 Oi
1389 3262 1469 3327 δὲ,
1500 3264 1697 3332 μικρὶν

1880 3270 2180 3326 peratorem
2240 3272 2304 3310 ex
2359 3256 2534 3327 signis
2595 3259 2943 3320 autumabat,
3002 3266 3227 3327 repente
3282 3275 3383 3330 pro

82 3391 86 3394 ‹
153 3358 477 3427 ἀντισχόντες,
514 3356 587 3409 τὰ
637 3357 785 3409 νῶτα
812 3353 989 3424 τούτῳ
1011 3353 1250 3407 διδόασιν
1271 3369 1285 3386 ⁸
1323 3355 1350 3406 ὁ
1377 3354 1436 3407 δὲ
1470 3352 1697 3417 τούτους

1880 3364 1950 3403 ire
1978 3363 2079 3403 suo
2112 3349 2342 3403 solemni
2391 3350 2496 3403 ritu
2550 3350 2693 3420 ignei
2748 3350 2989 3405 turbinis
3040 3351 3323 3406 invehitur
3363 3392 3381 3418 ,

150 3447 325 3501 bttwa
388 3447 632 3500 ὄπισθεν
692 3433 926 3516 ἤλαυνεν
984 3444 1267 3514 ἀκρατῶς,
1323 3442 1400 3506 ὡς
1457 3445 1485 3496 ὁ
1538 3442 1697 3510 λόγος

1880 3457 1937 3495 na
1981 3444 2165 3512 specie
2198 3442 2546 3497 mendacium
2584 3452 2715 3524 tunc
2775 3444 3057 3514 signorum
3116 3446 3171 3499 in
3227 3461 3380 3516 spem

151 3541 326 3609 φθάσας
383 3512 725 3609 ἐδήλωσεν.-
760 3536 819 3591 '0
876 3512 1072 3607 μέντοι
1110 3535 1390 3606 βασιλεὺς,
1440 3534 1509 3590 τὰ
1568 3534 1679 3589 ῐδια

1880 3536 2005 3591 itam
2041 3536 2351 3605 Opimorum
2390 3515 2699 3606 spoliorum
2750 3512 2949 3593 elatus.
3005 3512 3277 3603 Romani,
3323 3547 3386 3594 ut

148 3632 363 3701 τάγματα
394 3631 497 3684 ἐπὶ.
534 3630 667 3683 πολὺ
694 3629 970 3698 φεύγοντα
996 3627 1140 3698 όρῶν
1170 3627 1268 3681 καὶ
1295 3630 1389 3681 τὸν
1416 3626 1696 3698 Βαῖμοῦν-

1880 3627 2167 3683 nstitutum
2198 3634 2343 3693 erat,
2386 3638 2537 3699 terga
2592 3628 2778 3684 statim
2830 3638 3093 3697 vertunt;
3139 3645 3236 3686 eos
3293 3631 3384 3687 ille

1158 3744 1358 3808 Varias
1387 3744 1699 3808 lectiones
1725 3761 1802 3805 ex
1840 3744 1983 3806 cod.
2031 3742 2309 3807 Coislin.

174 3854 209 3888 “
236 3854 614 3911 Διόοτανίνου.
660 3852 707 3885 ⁸³
726 3851 1017 3907 ἀποσπάδα
1048 3852 1194 3909 τινὰ.
1255 3851 1567 3908 “Eludant.
1601 3853 1651 3885 “
1674 3852 1949 3924 φωρᾶσαι.
2011 3851 2058 3886 ⁸⁸
2083 3852 2213 3921 ὅπη.
2280 3850 2329 3881 ⁵⁸
2351 3849 2627 3908 ἐκέλευσε.
2681 3850 3018 3921 ⁸ῒφάλαγγα.
3051 3852 3097 3885 ⁸⁸
3122 3852 3241 3906 ἐκεῖ
3265 3854 3385 3918 τόν,

1149 3946 1293 4010 Car.
1324 3945 1657 4010 Dufresnii
1687 3949 1785 4011 Du
1833 3946 2058 4025 Cangii
2102 3950 2291 4008 notas.

204 4047 300 4113 (56)
337 4045 667 4128 βρυξνιοῃ..
710 4043 813 4110 Qui
862 4042 1393 4128 Guille‘lmonApul..
1429 4046 1683 4128 Brie'nus.
1806 4045 2091 4128 ygliell‘us.
2131 4043 2465 4128 Uudepatet
2497 4047 2752 4128 Brienum
2783 4044 3257 4128 nonBoemundﬁi,‘
3284 4048 3384 4103 sed

149 4120 304 4175 Genus
334 4114 591 4186 ducebat
612 4115 726 4178 ille,
755 4130 859 4186 non
890 4131 983 4186 es
1018 4115 1221 4186 familia
1244 4114 1512 4186 comitum
1546 4116 1699 4171 Brie-
1806 4114 2057 4186 Boberti.
2092 4130 2189 4171 seu
2224 4114 2405 4186 potius
2440 4120 2649 4186 Apulize
2684 4118 3155 4172 constahularium
3186 4117 3377 4173 fuisse.

151 4189 372 4243 nensium
443 4189 503 4241 in
555 4184 853 4253 Campania
893 4182 1131 4253 Belgica,
1186 4185 1283 4241 sed
1328 4203 1355 4239 a
1396 4188 1696 4242 comitibus
1804 4185 2107 4241 Boemundi
2137 4182 2267 4240 vero
2315 4182 2763 4243 constabularius
2803 4196 3139 4241 memoratur
3183 4188 3382 4243 nobilis

148 4276 227 4314 seu
262 4258 499 4329 ducibus
527 4254 831 4329 Britannia:
855 4255 1186 4329 Armoricae;
1219 4256 1363 4329 unde
1395 4271 1425 4310 a
1464 4255 1698 4329 Francis
1804 4254 2445 4329 Ijorniaunushnomine
2481 4258 2714 4329 llgyrus,
2748 4258 2869 4329 qui_
2892 4255 3268 4329 Boemunduin
3323 4260 3379 4312 in

149 4338 324 4391 ortum,
352 4338 406 4383 et
431 4327 551 4379 τῶν
578 4324 877 4392 ἐπιφανῶν,
906 4324 1008 4379 hoc
1038 4339 1147 4390 est,
1178 4341 1242 4379 ex
1279 4327 1694 4391 illustrioribus,

1880 4326 2035 4379 .lliam
2069 4326 2368 4382 comitatus
2400 4324 2724 4382 venii'anno
2768 4324 2936 4386 “06.
2975 4334 3034 4379 ut
3074 4336 3268 4381 auctor
3300 4338 3382 4382 est

149 4398 292 4451 fuisse
320 4398 533 4452 dicitur
568 4395 638 4448 ab
664 4396 845 4466 Anna.
881 4393 1137 4466 lirienum
1168 4398 1315 4466 enim
1346 4397 1691 4466 illumﬂesse,
1803 4394 2129 4466 Eadmerus,
2155 4396 2252 4450 lib.
2288 4413 2339 4450 iv
2366 4396 2660 4461 Novarum,
2686 4412 2715 4452 a
2738 4412 2847 4465 quo
2873 4397 3129 4466 Magister
3149 4398 3381 4451 militum

150 4484 229 4523 seu
253 4470 562 4529 Brienium,
588 4464 747 4530 cujus
778 4465 984 4518 mentio
1015 4465 1260 4519 occurrit
1312 4465 1454 4534 apud
1487 4464 1696 4520 Willel-
1802 4464 2098 4519 Boemtmdi
2122 4467 2446 4535 appellatur.
2475 4471 2555 4522 Ab
2582 4470 2684 4522 hoc
2713 4464 2913 4520 Brieno
2965 4464 3230 4519 familiam
3282 4469 3381 4519 ba-

151 4554 273 4591 mum
303 4537 769 4595 Gemeticensem.
810 4535 903 4589 lib.
943 4550 1036 4595 vn.
1070 4550 1191 4604 cap.
1224 4536 1324 4601 tl;
1362 4536 1692 4591 Orderieum
1805 4551 1999 4590 ronum
2031 4536 2207 4590 Castri
2241 4536 2450 4599 Brieni,
2494 4554 2587 4591 seu
2623 4538 2688 4591 de
2728 4536 3121 4592 Chateaubrien
3172 4538 3224 4589 in
3256 4536 3380 4590 Bri-

150 4605 377 4674 Vitalem,
418 4608 525 4661 lib.
575 4620 650 4661 tv.
702 4604 775 4675 ad
819 4619 909 4658 an.
954 4604 1115 4668 £068,
1145 4614 1199 4661 et
1243 4605 1511 4675 Thomam
1543 4604 1697 4659 Wal-
1804 4606 1992 4675 tannia
2035 4607 2352 4673 .Armoriea,
2408 4608 2623 4661 orditur
2670 4609 3013 4675 Augustinus
3043 4608 3115 4658 du
3166 4604 3274 4658 Pas
3321 4607 3376 4659 in

149 4680 470 4745 siughamum
534 4674 816 4742 probabile
864 4684 949 4729 est
976 4691 991 4740 ;
1046 4677 1213 4729 lilium
1248 4676 1457 4731 scilicet
1487 4674 1696 4730 Odonis
1803 4674 2009 4731 Famil.
2038 4678 2300 4730 Armoric.
2336 4677 2467 4733 Vide
2497 4677 2656 4732 Gesta
2687 4677 2744 4733 St
2768 4674 2781 4675 ί
2816 4678 2869 4733 Ιι.
2900 4693 3007 4745 reg.
3035 4676 3190 4746 Angl.
3223 4676 3319 4729 lib.
3363 4691 3379 4729 ι

149 4744 815 4801 Βεαοιιοιιεὶε.ῐ³οιιιουι·ἰω
841 4746 1079 4801 comitis.
1100 4746 1260 4799 Alani
1286 4747 1375 4801 ΙΙΙ.
1402 4746 1698 4801 Britannia:
1802 4756 1858 4800 et
1890 4761 1928 4799 ιι
1954 4762 1969 4801 :
2003 4759 2057 4801 et
2082 4748 2470 4801 Araentreum.
2504 4747 2559 4801 in
2588 4694 2899 4801 Πίεμῗνὶι.
2932 4748 3025 4801 lib.
3052 4762 3126 4801 iv.
3148 4759 3267 4801 can.
3290 4745 3379 4798 όυ.

148 4744 1079 4815 Βεόοιιοιιεὶε,Ροιιιουιιωγοοιιιίιίε,
1100 4746 1260 4815 Alani
1286 4747 1375 4811 ΙΙΙ,
1402 4746 1698 4801 Britannia:
1802 4756 1858 4800 et
1890 4761 1928 4799 ιι
1954 4762 1969 4809 ;
2003 4759 2057 4801 et
2082 4748 2470 4815 Argentreum,
2504 4747 2559 4803 in
2588 4745 2734 4801 Ilist.
2761 4744 2899 4802 Brit.
2932 4744 3025 4801 lib.
3052 4744 3133 4809 iv,
3148 4759 3267 4813 cap.
3290 4745 3380 4798 όυ.

146 4818 277 4873 ducis
328 4826 621 4886 nepotem,
666 4814 759 4883 qui
812 4814 1148 4887 )Villehnum
1204 4813 1438 4870 Nothum
1464 4856 1481 4882 ,
1536 4816 1697 4884 cujus
1802 4815 2071 4887 Qaeterum
2093 4813 2340 4886 praelium
2367 4818 2511 4871 istud
2536 4818 2604 4872 ad
2632 4815 2915 4875 Larissam
2940 4818 3022 4872 sic
3048 4817 3379 4887 perstringit

146 4889 364 4957 Diploma
390 4882 493 4955 pro
530 4882 864 4957 monasterio
908 4885 1347 4957 Sandionysiauo
1396 4882 1696 4942 subscribit
1802 4882 2131 4942 Guillelmu's
2168 4888 2482 4957 Apuliensis
2512 4900 2529 4947 :

146 4954 265 5026 apud
298 4954 658 5016 Doubletum,
686 4954 781 5027 lib.
826 4968 907 5019 tit,
934 4969 1055 5023 cap.
1092 4954 1263 5027 {irin
1314 4957 1562 5026 Angliam
1613 4972 1695 5010 se-
1720 4968 1774 5027 ι)

145 5025 299 5091 cuius,
329 5040 523 5081 rerum
557 5025 817 5092 praeclare
847 5033 1123 5093 gestarum
1150 5026 1318 5093 gloria
1351 5025 1460 5079 nun
1484 5027 1694 5081 modice

144 5098 402 5167 inclaruit,
427 5096 574 5149 fusis
604 5101 660 5147 et
683 5094 871 5167 deletis
892 5095 1106 5167 duobus
1131 5093 1349 5150 Haraldi
1375 5098 1519 5167 regis
1546 5098 1693 5151 illiis.

144 5166 191 5220 ln
224 5165 427 5221 Italiam
461 5175 653 5233 postea
701 5166 1000 5233 profectus,
1039 5165 1403 5220 Guiscardum
1444 5165 1614 5226 ‘adiit.
1665 5183 1697 5220 a

144 5251 234 5303 quo
268 5235 697 5297 constabularii,
735 5250 855 5303 quae
892 5244 1005 5290 tum
1036 5250 1293 5303 suprema
1332 5244 1472 5300 erat,
1516 5237 1696 5303 digni-

146 5316 289 5360 tatem
322 5308 591 5365 obtinuit,
624 5311 767 5372 quod
800 5304 888 5357 hic
908 5306 1125 5376 iudicat
1158 5306 1318 5360 Anna
1349 5324 1362 5360 :
1390 5321 1498 5376 qua
1531 5310 1697 5361 etiam

142 5376 478 5445 iungebatur,
511 5390 640 5427 cum
676 5386 833 5443 capta
870 5375 940 5429 ab
974 5375 1188 5441 Alexio,
1223 5378 1311 5446 cui
1342 5375 1432 5431 ille
1465 5385 1702 5446 praeerat

142 5447 367 5501 Castoris
398 5452 414 5514 (
442 5448 520 5516 ‘),
561 5445 616 5497 in
646 5446 879 5516 patriam
914 5446 1015 5499 hoc
1046 5452 1149 5512 est,
1184 5447 1236 5499 in
1270 5445 1499 5514 Italiam,
1538 5446 1699 5516 302

146 5518 300 5569 iediit.
331 5513 485 5571 Nam
511 5516 617 5570 sub
666 5513 901 5584 Rogerio
944 5516 1106 5579 duce,
1161 5517 1463 5573 Boemundi
1508 5513 1702 5583 [rat—re:

142 5588 186 5637 iu
209 5590 401 5655 Apulia
458 5596 515 5642 et
541 5585 789 5639 Calabria
830 5586 1022 5641 eodem
1058 5590 1300 5642 tunctum
1333 5602 1561 5643 munere
1604 5589 1702 5642 do-

144 5671 249 5710 cent
278 5669 499 5712 veteres
525 5662 733 5729 charta:
756 5672 1024 5729 annorum
1050 5658 1202 5729 71095
1250 5670 1303 5713 et
1346 5658 1505 5729 1997,
1556 5674 1699 5729 quas

141 5730 331 5793 profert
416 5732 478 5782 in
548 5727 822 5795 episcopis
900 5727 1309 5799 Melphensibus
1374 5727 1700 5785 Fernandus

190 5823 266 5889 t‘)
288 5826 454 5882 Anna,
481 5836 590 5888 pag.
618 5820 727 5879 H5,
756 5819 859 5870 152.

1876 4997 2162 5053 Obsidione
2193 5015 2302 5054 sua:
2342 5005 2587 5054 turbatus
2618 5000 2836 5054 Alexius
2865 4997 3012 5053 urbis

1880 5068 2167 5143 I_nnunter_a
2199 5086 2317 5123 cum
2353 5081 2502 5143 gente
2534 5072 2693 5143 venit,
2735 5083 3067 5143 pugnamque
3098 5066 3305 5121 virilem

1878 5139 2078 5194 Contra
2114 5138 2453 5194 Normaniws
2481 5142 2737 5194 exercuit.
2775 5140 2945 5193 Obvia
2980 5155 3204 5206 namque

1876 5212 2172 5281 Pugnantia
2208 5211 2361 5265 caedit
2389 5212 2487 5264 sibi
2520 5228 2642 5281 gens
2670 5212 2930 5262 comitata
2968 5207 3243 5281 Brietiuni,

1880 5279 2005 5333 Non
2030 5282 2291 5333 modicum
2313 5278 2552 5348 spectans
2572 5278 3381 5349 Boamundascollibusagmen,

1875 5349 2097 5417 Imperii
2130 5353 2333 5418 pariter
2369 5362 2626 5405 rectorem
2657 5350 2823 5402 credit
2862 5350 3067 5402 adesse.

1884 5420 2076 5485 lrruit,
2105 5433 2152 5473 et
2187 5422 2420 5487 trepidos
2452 5424 2652 5483 hostes,
2678 5430 2733 5473 ut
2769 5420 2916 5473 nisus
2951 5418 3208 5481 alaudas,

1878 5491 2206 5560 Insequitur,
2230 5493 2424 5559 populo
2457 5490 2761 5544 ercorum
2785 5492 3049 5543 exercitus
3082 5489 3244 5557 hujus

1876 5561 2043 5631 Terga
2069 5562 2203 5614 dat:
2237 5571 2290 5613 at
2329 5572 2507 5615 tantus
2541 5561 2771 5615 contexit
2802 5561 2974 5631 pulvis
3004 5569 3308 5627 utrumque,

1883 5632 1949 5686 Ut
1985 5642 2165 5685 neuter
2195 5633 2390 5694 videat,
2431 5648 2686 5701 quorsum
2724 5647 2850 5701 pars
2884 5630 3055 5684 altera
3087 5632 3277 5684 tendit.

1879 5702 2079 5759 Abdita
2107 5702 2360 5756 silvarum
2403 5700 2525 5757 victi
2548 5706 2741 5772 petiere
2765 5700 3004 5771 Pelasgi.
