3830 6586
465 377 600 442 (23‘

1764 373 1993 438 ΑΝΝΑΞ
2032 376 2048 435 t

2156 374 2231 435 ΔΝ
2247 374 2344 435 ΕΝ
2350 372 2416 435 ΑΞ
3616 360 3701 435 494

466 496 611 559 bria,
643 490 1020 549 comedentcm
1057 505 1211 556 uvas,
1248 488 1524 561 simulque
1556 489 1885 545 insolentius
1925 491 2044 559 glo-

2156 487 2244 539 τὺν
2273 486 2423 540 δόλον
2454 484 2551 539 καὶ
2586 486 2688 560 τὴν
2707 486 2775 541 δι’
2810 489 3025 560 ἀπάτης
3057 486 3213 556 νίκην
3248 480 3343 537 τοῦ
3390 482 3702 554 αὐτοκράτορ

467 588 726 650 riantem,
762 584 946 640 verbis
987 584 1113 649 illis,
1148 600 1271 653 quae
1307 584 1504 638 deinde
1536 583 1591 638 in
1634 584 1913 653 vulgarem
1950 584 2045 637 ab-

467 684 651 738 ierunt
684 680 845 734 irrisa
872 678 1227 732 cantilenam.
1280 676 1582 746 Repetebat
1630 677 1774 731 enim
1806 676 2006 744 Ssl‘pius
2033 714 2048 739 ,

467 773 746 828 notionem
776 770 1019 824 nominis
1050 768 1383 840 Lycostomii
1413 769 1665 823 alludens
1695 810 1710 833 ,
1748 746 2050 823 festivitate

467 878 657 933 parum
683 863 908 917 decente
934 863 1227 917 barbarum
1256 876 1320 916 os
1345 903 1358 926 ,
1386 877 1499 915 sese
1544 861 1789 915 Alexium
1838 862 1894 914 in
1939 860 2053 927 lupi

466 957 646 1022 fauces
684 955 989 1023 conjecisse.
1016 955 1093 1007 En
1129 962 1190 1007 ut
1215 968 1359 1009 caeca
1388 953 1640 1022 superbia
1662 961 1784 1017 est,
1815 952 2046 1007 abscon-

466 1048 607 1101 dens
637 1050 828 1101 multis
853 1048 1105 1116 quamvis
1132 1047 1333 1116 alioqui
1364 1046 1599 1109 callidis,
1633 1059 1753 1114 qua:
1781 1060 1888 1111 pra:
1922 1058 2051 1098 ocu-

470 1132 539 1188 lis
572 1140 625 1188 et
656 1145 783 1188 ante
812 1135 978 1203 pedes
1006 1135 1244 1188 habent!
1282 1134 1498 1189 Auditis
1556 1149 1683 1189 vero
1713 1132 2052 1189 Baimundus

467 1225 682 1280 nuntiis
744 1224 1276 1294 Brycnii,doloque
1317 1225 1632 1291 intellecto,
1691 1238 1755 1278 ac
1819 1222 2050 1277 victoria

470 1315 823 1386 imperatoris
859 1316 1054 1371 fraude
1076 1327 1254 1386 parta,
1289 1328 1599 1372 commotus
1624 1328 1709 1371 est
1742 1317 1962 1387 quidem
1995 1323 2054 1369 ut

465 1424 566 1479 par
594 1421 750 1469 erat:
784 1421 961 1469 tamen
994 1413 1178 1464 animo
1211 1426 1320 1464 non
1358 1410 1635 1474 concidit,
1664 1418 1772 1463 tam
1810 1409 1933 1464 forti
1971 1417 2055 1462 at-

467 1516 576 1569 que
607 1501 673 1555 ad
706 1502 1037 1571 sperandum
1080 1502 1345 1571 pertinaci
1394 1502 1475 1555 vir
1507 1501 1597 1554 hic
1652 1509 1771 1554 erat
1821 1499 2004 1553 indole
2035 1501 2047 1553 !

466 1591 685 1660 Raptim
726 1609 858 1662 ergo
889 1594 1047 1647 electi
1084 1593 1152 1647 ab
1180 1607 1244 1646 eo
1272 1593 1609 1661 cataphracti
1648 1592 1868 1662 quidam
1907 1590 2050 1645 Galli

466 1686 850 1740 conscendunt
902 1685 1169 1737 tumulum
1220 1699 1251 1739 e
1298 1686 1522 1754 regione
1571 1682 1806 1738 Larissa:
1858 1682 2048 1737 situm.

462 1775 573 1831 Eos
596 1777 667 1831 ibi
704 1777 869 1831 simul
911 1776 1194 1831 Romanus
1242 1778 1522 1831 exercitus
1568 1775 1737 1838 vidit,
1787 1774 2047 1830 concordi

2156 597 2269 648 ρος,
2308 578 2506 647 ἤχθετο
2531 578 2630 648 μὲν
2660 579 2734 644 ὡς
2765 581 2934 648 εἰκὸς,
2963 580 3271 633 κατέπιπτε
3302 575 3358 629 δὲ
3390 575 3632 644 οὐδαμῶς
3658 581 3705 631 6-

2155 674 2307 734 ποῖος
2372 674 2603 734 ἐκεῖνος.
2675 672 3101 743 ’Δποκριθέντες
3159 670 3252 723 οὖν
3314 684 3460 730 τινες
3497 668 3603 721 τῶν
3627 669 3704 722 ὑπ’

2154 764 2304 833 αὐτῴ
2330 762 2377 796 ⁸⁸
2408 764 2787 834 κατάφρακτοι
2812 764 3010 816 Κελτοί
3039 760 3272 833 ἀνῆλθον
3299 761 3383 823 εἰς
3420 758 3704 829 ἀκρώρειὼδ

2156 871 2278 908 τινα
2311 855 2604 908 κατέναντι
2630 857 2729 924 τῆς
2761 856 3047 925 Λαρίσσης
3071 853 3452 922 διακειμένην.
3490 850 3707 915 Τούτους

2155 946 2216 999 τὸ
2249 946 2530 999 ὁπλιτικὸν
2562 946 2915 1015 θεασάμενοι,
2941 947 3037 1011 ξὺν
3061 945 3230 1015 πολλῇ
3274 941 3557 1012 προθυμίᾳ
3585 943 3710 995 ἐσίαο

2154 1038 2247 1103 ζον
2268 1037 2661 1103 προσϐαλεῖνθθ
2684 1040 2889 1102 αὐτοῖς’
2920 1038 2947 1089 ὁ
2968 1037 3027 1090 δὲ
3059 1036 3421 1106 αὐτοκράτωρ
3446 1035 3665 1102 ἀπεῖργε
3689 1036 3702 1067 ι

2152 1131 2376 1192 τούτους
2401 1129 2498 1182 τοῦ
2527 1131 2948 1201 ἐγχειρήματος.
2987 1129 3081 1180 Ἐκ
3128 1128 3406 1195 διαφόρων
3430 1125 3486 1178 δὲ
3542 1125 3705 1178 πολλοί

2156 1221 2251 1274 καὶ
2305 1223 2560 1293 διάφοροι
2613 1224 2987 1293 ξυμμιγέντες
3032 1222 3356 1290 ταγμάτων,
3412 1218 3709 1282 ἀνελθόντες

2157 1315 2501 1383 προσέϐαλον
2566 1320 2679 1380 τοῖς
2727 1317 2983 1379 Κελτοῖς·
3029 1317 3076 1368 οἱ
3122 1314 3180 1366 δὲ
3211 1311 3556 1383 παραχρῆμα
3609 1315 3708 1363 κατ’

2155 1408 2338 1459 αὐτῶν
2357 1408 2684 1479 ὡρμηκότες
2713 1409 3029 1480 ἀναιροῦσιν
3052 1408 3181 1477 ἄχρι
3202 1406 3311 1460 τῶν
3332 1405 3708 1459 πεντακοσίων.

2158 1493 2293 1553 Εἶτα
2318 1501 2411 1552 τοῦ
2438 1502 2707 1570 βασιλέως
2750 1501 3163 1570 στοχασαμένου
3191 1498 3286 1551 τοῦ
3316 1497 3484 1550 τόπου
3510 1494 3577 1547 δι’
3611 1492 3661 1548 οὗ
3686 1498 3708 1548 ὁ

2155 1594 2499 1663 Βαῖμοῦντος
2576 1595 2771 1664 ἔμελλε
2837 1594 3088 1657 διελθεῖν,
3152 1594 3249 1647 καί
3310 1590 3711 1649 ἀποστείλαντος

2154 1685 2442 1753 γενναίους
2491 1688 2838 1755 στρατιώτας
2896 1687 3038 1756 μετά
3083 1686 3103 1716 ⁸
3153 1684 3436 1755 Τούρκων,
3490 1679 3587 1734 καὶ
3632 1680 3709 1732 τοῦ

2157 1778 2462 1848 Μιγιδηνοῦ
2522 1796 2563 1830 π
2576 1779 2985 1850 ροεξάρχοντος,
3050 1777 3172 1847 ἆμα
3207 1777 3287 1847 τῷ
3321 1775 3557 1844 πλησίον
3584 1774 3714 1840 γενέ-

463 1881 657 1922 oinnes
686 1868 972 1923 alacritate
1028 1868 1326 1938 poscebant
1357 1870 1411 1922 in
1456 1869 1605 1938 ipsos
1647 1868 1796 1922 duci.
1850 1865 2048 1921 Verum

2158 1841 2305 1933 σθαι,
2350 1841 2518 1932 εὐθὺς
2639 1841 3004 1940 Βαῖμοῦντος,
3061 1841 3313 1939 ὁρμήσας
3368 1841 3493 1919 κατ’
3537 1864 3711 1930 αὐτῶν,

463 1957 522 2013 id
557 1959 855 2027 imperator
883 1960 1001 2015 ﬁeri
1033 1960 1225 2015 vetuit.
1265 1960 1466 2015 Delecti
1500 1967 1713 2013 tantum
1760 1973 1827 2014 ex
1883 1958 2051 2012 variis

2158 1959 2365 2029 ἥττησε
2395 1963 2626 2025 τούτους
2675 1964 2839 2034 μέχρι
2868 1961 2963 2014 τοῦ
2992 1959 3240 2029 ποταμοῦ
3279 1957 3499 2022 διώξας.

461 2052 778 2109 cohortibus
810 2055 947 2108 varii
974 2054 1170 2109 idoneo
1200 2069 1430 2109 numero
1447 2055 1716 2109 adversus
1783 2066 1879 2108 eos
1938 2052 2112 2115 missi,
2153 2053 2205 2106 in
2237 2070 2378 2123 quos
2404 2066 2624 2124 repente
2659 2065 2815 2112 tanto
2846 2057 3050 2125 impetu
3091 2054 3288 2110 invecti
3333 2052 3518 2107 Latini
3556 2060 3711 2107 sunt.

464 2154 525 2198 ut
549 2161 615 2199 ex
647 2144 714 2199 iis
748 2145 813 2200 ad
845 2145 1177 2217 quingentos
1208 2147 1535 2203 occiderint.
1569 2145 1706 2199 Tum
1735 2146 2036 2214 imperator
2076 2145 2262 2199 animo
2306 2149 2599 2215 providens
2638 2150 2821 2204 locum
2898 2162 3005 2219 qua
3063 2148 3399 2203 transiturus

3476 2143 3717 2197 Baimun-

462 2235 569 2290 dus
589 2236 899 2303 videbatur,
920 2236 1066 2290 misit
1087 2237 1179 2306 qui
1204 2251 1331 2291 eum
1406 2242 1859 2308 praeoccuparem
1921 2234 2121 2290 milites
2162 2235 2495 2296 fortissimos
2540 2256 2665 2296 cum
2709 2240 2939 2305 Turcis,
2992 2240 3133 2295 duce
3190 2240 3450 2295 omnibus
3479 2238 3719 2308 praefecto

463 2329 754 2399 bigideno,
784 2342 922 2400 quos
951 2339 1008 2385 ut
1040 2346 1213 2402 prope
1243 2331 1467 2387 fuerunt
1504 2331 1844 2391 Baimundus
1864 2335 2043 2407 primo
2082 2335 2287 2407 impetu
2325 2336 2632 2407 percellens
2662 2335 2812 2400 vicit,
2848 2336 3008 2403 fudit,
3040 2335 3269 2407 fugavit,
3340 2341 3398 2389 et
3472 2347 3644 2402 usque
3659 2332 3717 2385 ad

461 2423 687 2478 ﬂuvium
720 2424 998 2479 insecutus
1035 2433 1140 2480 est.

537 2515 809 2583 Postridie
842 2515 1019 2583 prima
1060 2516 1183 2571 luce
1229 2515 1456 2572 ﬂuvium
1502 2516 1642 2573 idem
1684 2532 1811 2573 cum
1861 2519 2038 2575 comi-

466 2607 614 2664 tibus
637 2616 691 2662 et
713 2608 829 2676 ipso
854 2606 1089 2679 Bryenio
1120 2621 1523 2680 transgressus,
1548 2626 1672 2664 cum
1695 2611 2051 2667 observasset

466 2699 774 2771 palustrem
806 2698 1098 2769 quemdam
1129 2699 1307 2754 locum
1361 2715 1532 2771 prope
1562 2699 1864 2767 Larissam,
1904 2702 2052 2757 inter

464 2791 607 2847 duos
637 2791 810 2846 colles
844 2791 1146 2861 iacentem,
1185 2792 1251 2846 ad
1289 2807 1415 2847 eum
1455 2800 1604 2847 recta
1655 2795 1905 2861 tetendit,
1944 2795 2050 2849 iter

466 2883 677 2937 faciens
722 2898 822 2953 per
884 2897 1233 2937 nemorosam
1306 2883 1588 2953 planitiem
1652 2883 1708 2939 in
1756 2886 2044 2950 angustias

461 2977 621 3032 valde
671 2986 854 3031 arclas
896 2975 1263 3030 desinentem.
1322 2977 1571 3043 Clisurae,
1611 2978 1726 3032 sive
1778 2977 2042 3041 claustra,

463 3070 570 3125 dici
607 3069 789 3124 solent
818 3068 868 3122 id
905 3084 1080 3139 genus
1110 3070 1255 3122 loca.
1284 3068 1409 3123 litae
1436 3077 1621 3123 autem
1656 3068 1885 3138 proprio
1940 3082 2043 3121 no-

465 3162 612 3215 mine
641 3160 925 3214 Domenici
962 3160 1227 3232 palatium
1276 3160 1605 3215 vocabatur.
1643 3159 1743 3216 Per
1791 3176 1911 3217 eam
1960 3162 2046 3216 in-

465 3266 692 3323 gressus
724 3250 1067 3305 Baimundus
1118 3249 1325 3303 vallum
1367 3249 1487 3305 illic
1534 3249 1655 3303 ﬁxit
1702 3251 2048 3327 munivitque

467 3352 673 3399 eastra.
710 3341 847 3396 Eum
876 3342 952 3397 ibi
989 3351 1213 3412 postera
1254 3342 1343 3397 die
1376 3342 1478 3398 sub
1508 3343 1813 3397 diluculum
1848 3359 2049 3414 aggre-

465 3439 619 3492 ditur
648 3453 773 3491 cuin
795 3438 1043 3491 exercitu
1072 3436 1336 3491 universo
1357 3434 1467 3490 dux
1494 3436 1787 3507 phalangis
1812 3435 2051 3493 Michael

464 3530 672 3593 Ducas,
704 3529 1011 3584 avunculus
1051 3544 1226 3593 meus,
1256 3528 1340 3581 vir
1371 3528 1676 3598 prudentia:
1718 3528 1880 3584 laude
1905 3530 2051 3584 cele-

465 3623 768 3689 berrimus,
817 3622 996 3677 forma
1057 3636 1188 3677 vero
1248 3632 1307 3676 et
1365 3621 1750 3693 magnitudine
1797 3625 2051 3694 corporis

466 3715 742 3772 excellens
762 3714 920 3786 142
942 3729 1047 3768 non
1070 3730 1231 3784 supra
1251 3730 1441 3770 omnes
1458 3714 1617 3769 modo
1632 3716 1723 3786 qui
1740 3722 1853 3771 tum
1871 3726 2049 3781 erant,

470 3807 565 3863 sed
595 3815 649 3861 et
680 3807 772 3876 qui
829 3821 1073 3877 unquam
1123 3805 1379 3868 fuerant;
1435 3807 1706 3863 miraculo
1744 3809 1894 3863 enim
1931 3816 2051 3864 erat

464 3897 956 3969 intuentibusJam
975 3900 1069 3969 qui
1097 3898 1340 3953 futurum
1367 3899 1685 3968 provideret
1712 3901 2047 3967 certissimo,

465 3991 560 4061 qui
589 3990 732 4061 quod
764 3991 1007 4047 instabat
1034 3990 1508 4044 animadverteret
1557 3991 2051 4062 introspiceretque

465 4084 657 4138 statim
703 4083 952 4153 penitus,
995 4082 1114 4151 qui,
1148 4081 1281 4151 quid
1336 4097 1497 4152 opus,
1532 4084 1854 4139 consuleret
1905 4084 2049 4138 idem

464 4175 695 4244 optime,
726 4173 1177 4241 dexterrimeque
1206 4182 1629 4242 exsequeretur,
1652 4190 1796 4230 unus
1822 4175 1869 4230 is
1894 4184 2045 4240 erat;

464 4265 742 4317 neminem
787 4262 841 4315 in
894 4261 981 4315 his
1037 4248 1288 4330 partibus
1330 4261 1541 4317 habens
1597 4265 2052 4335 comparabilem.

468 4354 557 4409 llli
593 4360 928 4424 praeceperat
981 4354 1282 4423 imperator
1306 4368 1375 4409 ne
1414 4369 1609 4411 omnes
1645 4370 1778 4412 suos
1814 4357 1867 4410 in
1898 4357 2050 4410 clau-

467 4448 568 4503 stri
601 4448 789 4502 fauces
822 4445 1233 4511 introduceret,
1271 4445 1366 4501 scd
1390 4447 1631 4518 legiones
1656 4448 1874 4517 quidem
1900 4456 2049 4503 stare

2224 2522 2303 2592 Τῇ
2346 2520 2403 2574 δὲ
2446 2520 2565 2591 μετ’
2605 2520 2782 2591 αὐτὴν
2830 2517 3188 2590 αύγαζούσης
3227 2518 3329 2588 ήδη
3359 2516 3458 2585 τῆς
3494 2514 3716 2585 ἡμέραςν

2150 2608 2532 2681 παραδραμὼν
2571 2609 2665 2662 τὸν
2705 2610 2806 2680 ἤδη
2851 2608 3087 2681 ρηθέντα
3136 2607 3383 2677 ποταμὸν
3432 2606 3577 2675 μετά
3625 2605 3719 2657 τῶν

2150 2698 2616 2769 συνεφεπομένων
2659 2699 2809 2769 αὐτῷ
2848 2700 3130 2769 κομήτων,
3178 2696 3276 2749 καὶ
3314 2695 3484 2750 αὐτοῦ
3529 2695 3591 2765 δὴ
3633 2693 3715 2749 τοῦ

2150 2793 2437 2865 Βρυενίου,
2467 2794 2594 2847 ἐπεὶ
2656 2794 2828 2865 ἑλώδη
2869 2794 3034 2847 τόπον
3071 2793 3127 2845 ὲν
3164 2794 3277 2853 τοῖς
3321 2791 3421 2861 τῆς
3450 2790 3720 2860 Λαρίσσης

2156 2888 2387 2958 μέρεσιν
2432 2887 2701 2939 ἐθεάσατο
2733 2885 3051 2955 ἀναμεταξὺ
3089 2884 3184 2938 δύο
3220 2884 3451 2956 βουνῶν,
3512 2882 3720 2936 πεδιάδι

2152 2979 2365 3049 ἀλσώδη
2392 2978 2570 3048 εὑρὼν
2589 2978 3041 3033 ἀποτελευτῶσαν
3069 2980 3149 3041 εἰς
3178 2977 3451 3031 στενωπὸν
3484 2977 3507 3007 ⁸
3536 2975 3723 3047 (κλεισ-

2152 3070 2323 3141 ούραν
2363 3070 2520 3124 τοῦτο
2546 3070 2567 3102 ⁸
2606 3070 2890 3140 καλοῦσιν)
2914 3070 3013 3141 τὴν
3050 3069 3354 3141 λεγομένην
3384 3067 3673 3140 Δομενίκου
3702 3068 3721 3100 ⁸

2155 3164 2438 3229 παλάτιον,
2492 3164 2582 3219 διὰ
2654 3165 2844 3218 τούτου
2891 3162 3172 3228 εἰσελθὼν,
3215 3165 3333 3217 ἐκεῖ
3380 3163 3473 3215 τὸν
3524 3162 3719 3232 χάρακα

2155 3255 2417 3324 ἐπήξατο.
2454 3254 2535 3325 Τῇ
2563 3254 2620 3308 δὲ
2673 3257 2791 3324 μετ’
2824 3254 2997 3325 αὐτὴν
3057 3255 3202 3309 κατὰ
3256 3253 3319 3307 τὸ
3376 3253 3720 3322 περίορθρον,

2153 3347 2566 3417 καταλαμϐάνει
2606 3347 2770 3401 αὐτὸν
2800 3348 2828 3400 6
2860 3346 3258 3418 φαλαγγάρχης
3288 3344 3515 3414 Μιχαὴλ
3552 3347 3579 3395 ὁ
3606 3343 3725 3395 Δοῦ-

2155 3459 2279 3505 καςν
2304 3443 2331 3494 δ
2360 3441 2498 3513 πρὸς
2537 3444 2746 3513 μητρὸς
2769 3442 2789 3475 ⁸
2816 3442 2948 3512 ἐμὸς
2980 3442 3123 3504 θεῖος
3152 3442 3295 3511 μετά
3323 3438 3417 3493 τοῦ
3442 3435 3718 3492 ὁπλιτικοῦ

2155 3535 2377 3598 παντὸς,
2407 3534 2547 3606 ἀνὴρ
2568 3535 2588 3567 ⁷
2621 3515 2718 3588 ἐπὶ
2761 3534 3024 3606 φρονήσει
3046 3532 3500 3601 διαὸεὸοημένος,
3532 3530 3651 3601 ὥρᾳ
3676 3528 3727 3581 δὲ

2153 3627 2247 3679 καὶ
2272 3625 2495 3696 μεγέθει
2526 3625 2781 3697 σώματος
2810 3626 3109 3696 διαφέρων,
3133 3626 3193 3679 ού
3220 3624 3329 3677 τῶν
3355 3625 3483 3677 τότε
3519 3622 3724 3694 καιροῦ,

2152 3716 2292 3771 ἀλλά
2341 3717 2437 3771 καὶ
2490 3717 2599 3770 τῶν
2654 3717 2872 3771 πώποτε
2920 3717 3305 3787 γεγενημένων
3338 3716 3576 3785 (θάμϐος
3629 3715 3726 3783 γὰρ

2153 3806 2301 3881 εἶχεν
2338 3812 2591 3874 ἅπαντας
2608 3812 2735 3874 τοὺς
2767 3811 3012 3880 ὁρῶντας
3037 3809 3129 3862 τὸν
3156 3808 3374 3877 ἄνδρα),
3413 3807 3653 3860 συνιδεῖν
3675 3806 3726 3857 δὲ

2152 3902 2213 3955 τὸ
2242 3901 2435 3972 μέλλον
2464 3903 2560 3955 καὶ
2585 3902 2842 3973 φωρᾶσαι
2866 3900 2928 3953 τὸ
2956 3900 3196 3963 ὲνεστὸς,
3229 3899 3325 3953 καὶ
3370 3898 3730 3967 καταπράξα-

2155 3996 2280 4047 σθαι
2315 3995 2337 4027 ⁸
2371 3993 2680 4057 δεινότατός
2736 4011 2794 4046 τε
2839 3994 2933 4047 κα)⁹
2991 3991 3395 4063 ἀπαράμιλλος.
3463 3991 3656 4060 Τούτῳ
3703 3989 3728 4042 ὁ

2153 4086 2520 4157 αὐτοκράτωρ
2550 4085 2865 4157 ἐπέσκηψεν
2904 4084 2979 4156 μὴ
3016 4086 3230 4147 πάντας
3262 4084 3417 4147 ὲντὺς
3477 4083 3579 4137 τοῦ
3626 4099 3733 4135 avoc

2156 4178 2280 4248 μίου
2301 4178 2402 4246 τῆς
2455 4176 2778 4247 κλεισούρας
2814 4174 3101 4240 εἰσελθεῖν,
3128 4174 3266 4228 ἀλλά
3290 4173 3387 4236 τὰς
3422 4173 3536 4242 μὲν
3567 4172 3725 4226 δυνά-

2157 4288 2278 4339 μεις
2312 4268 2511 4337 ἔξωθεν
2566 4267 2823 4322 ἵστασθαι
2881 4267 3081 4334 ἰλαδὸν,
3133 4266 3353 4335 ὀλίγους
3397 4265 3456 4318 δὲ
3495 4266 3734 4319 διελεῖν’

2155 4362 2424 4433 Τούρκων
2456 4362 2551 4415 καὶ
2610 4360 2983 4432 Σαυρομάτων
3012 4362 3114 4429 τῆς
3151 4359 3365 4423 τοξείας
3416 4360 3731 4430 εἰδήμονας.

2153 4452 2249 4505 καὶ
2275 4453 2317 4484 ¹⁰
2349 4450 2557 4514 τούτοις
2585 4450 2992 4522 παραχωρῆσαι
3019 4451 3119 4520 τῆς
3146 4450 3378 4513 εἰσόδου,
3425 4448 3736 4518 ἐπισκῆψαι

465 4540 690 4608 juberet
739 4545 918 4604 extra,
969 4538 1239 4592 continua
1286 4539 1431 4593 serie
1479 4539 1783 4609 depositas.
1838 4538 2048 4596 Paucos

2156 4544 2211 4597 δὲ
2243 4542 2453 4605 τούτοις
2490 4544 2684 4614 μηδενί
2718 4544 2895 4614 ἑτέρῳ
2927 4542 3071 4612 ξίφει
3109 4541 3249 4614 πλὴν
3292 4542 3501 4605 ὀϊστοῖς
3532 4544 3737 4613 χρήσα-

468 4639 685 4684 tantum
722 4644 752 4683 e
785 4629 989 4703 Turcis
1041 4628 1157 4684 fere
1215 4645 1281 4685 ac
1339 4629 1612 4688 Sarmatis
1662 4631 1902 4687 delectos
1950 4633 2045 4703 qui

469 4721 767 4793 sagittandi
804 4731 924 4774 arte
957 4730 1305 4790 praestarent,
1338 4730 1631 4792 penetrare
1670 4722 1813 4776 intra
1859 4722 2045 4779 fauces

467 4829 751 4889 pateretur
786 4838 800 4872 :
840 4818 1043 4887 bisque
1072 4818 1209 4887 ipsis
1242 4818 1509 4883 ediceret,
1545 4834 1612 4873 ne
1648 4820 1755 4873 alio
1789 4820 1901 4873 ullo
1948 4836 2042 4891 gc~

472 4926 605 4965 nere
657 4926 937 4965 armorum
1002 4926 1170 4981 quam
1231 4912 1359 4966 telis
1384 4912 1574 4981 procul
1635 4927 1701 4966 ac
1743 4913 2046 4969 missilibus

473 5016 787 5059 uterentur.
844 5004 1047 5059 Verum
1107 5005 1161 5058 hi
1220 5012 1348 5060 Cum
1408 5005 1642 5074 ingressi
1697 5008 2055 5063 excursiones

2157 4635 2304 4687 σθαι.
2355 4633 2723 4686 Εἱσελθόντων
2772 4632 2829 4685 δὲ
2888 4633 2983 4684 καὶ
3052 4631 3322 4696 ἱππασίας
3388 4633 3738 4702 ποιουμένων

2155 4724 2295 4777 κατά
2366 4723 2474 4775 τῶν
2526 4723 2795 4787 Λατίνων,
2853 4724 2905 4776 οἱ
2952 4723 3153 4788 ἔξωθεν
3231 4724 3547 4794 ἰστάμενοι,
3606 4728 3739 4796 πρὸς

2154 4816 2425 4886 ἀλλήλους
2460 4816 2851 4882 σφαδάζοντες,
2888 4816 3078 4887 ἤριζον
3109 4819 3292 4880 ὁποῖος
3320 4819 3388 4871 ἀν
3420 4818 3491 4873 es
3521 4822 3739 4890 στόμιον

2157 4908 2414 4964 εἰσέλθοι.
2454 4910 2513 4963 Ὀ
2538 4910 2645 4980 γὰρ
2679 4908 3041 4979 Βαῖμοῦντος,
3081 4909 3292 4981 πλήρης
3320 4909 3398 4963 ὢν
3446 4911 3740 4982 βασιλικῆς

2163 4999 2203 5031 ³⁸
2236 5000 2573 5070 ἐπιστήμης,
2607 5001 2736 5063 τοὺς
2764 5000 2857 5053 ὑπ’
2883 5000 3048 5054 αὑτὸν
3081 5001 3300 5055 ἐκέλευε
3330 5005 3742 5073 συνησπικότας

472 5109 769 5164 equestres
822 5096 877 5149 in
927 5095 1156 5151 Latinos
1191 5097 1461 5161 facerent,
1509 5098 1601 5165 qui
1652 5098 1788 5153 foris
1834 5100 2048 5154 stabant

2160 5093 2436 5157 ἵστασθαι,
2470 5093 2566 5144 καὶ
2582 5094 2704 5156 ταῖς
2731 5093 2955 5148 ἀσπίσιν
2977 5094 3208 5157 ἑαυτοὺς
3231 5096 3738 5167 περιφράττοντας,

482 5204 675 5257 rnagna
743 5190 1023 5259 pugnandi
1091 5188 1320 5243 libidine
1381 5191 1640 5259 pracepti
1693 5193 2048 5246 reverentiam

2159 5186 2440 5255 ἀτρεμεῖν.
2494 5183 2556 5237 Ὀ
2585 5184 2640 5237 δέ
2678 5201 2741 5253 γε
2768 5186 3216 5257 πρωτοστράτωρ
3239 5184 3597 5256 θεασάμενος
3620 5187 3745 5250 τοὺς

480 5283 759 5344 vincente,
797 5296 897 5351 pro
933 5296 992 5335 se
1048 5282 1286 5350 quisque
1320 5281 1375 5334 in
1425 5282 1627 5335 saltum
1661 5282 1894 5351 ingredi,
1950 5298 2048 5338 nec

2158 5279 2250 5331 ὑπ’
2285 5276 2449 5331 αὐτὸν
2480 5279 2620 5330 κατά
2649 5279 2847 5347 μικρὸν
2870 5277 3165 5349 ὲκρέοντας
3186 5280 3281 5331 καὶ
3307 5280 3744 5352 εἰσερχομένους

474 5375 595 5427 sine
630 5380 821 5427 mutuo
871 5371 1233 5442 prazvertendi
1269 5372 1477 5435 studio,
1527 5387 1838 5444 creperum.
1887 5375 2048 5430 Vide-

2156 5372 2242 5426 διά
2276 5370 2373 5425 τοῦ
2404 5371 2652 5437 στομίου,
2681 5370 2901 5438 εἰσῆλθε
2932 5371 3025 5423 καὶ
3058 5372 3240 5433 αὐτός.
3280 5371 3338 5425 Ὅ
3373 5373 3428 5426 δὲ
3461 5372 3746 5444 Βαῖμοῦν-

475 5467 679 5523 bantur
726 5468 793 5522 ad
854 5466 1193 5537 exploratam
1254 5466 1539 5520 victoriam
1595 5468 1839 5533 tendere,
1900 5469 2046 5538 quod

2157 5482 2247 5528 τος
2285 5463 2512 5527 τούτους
2559 5462 2918 5535 θεασάμενος,
2954 5462 3157 5533 ὥσπερ
3196 5464 3357 5520 λέων
3403 5467 3608 5537 ἐχάρη
3646 5484 3750 5538 με·

1535 5603 1736 5664 \'arite
1766 5604 2077 5666 lectiones
2123 5622 2198 5665 ex
2237 5604 2371 5665 cod.
2406 5603 2677 5666 Coislin.

554 5754 601 5829 '3
630 5755 848 5829 αὐτόν.-
884 5755 929 5786 °°
956 5755 1275 5829 ξυμβαλεῖν.
1352 5757 1609 5829 ³ρπἦγε.
1678 5749 2014 5829 vastant.
2182 5750 2637 5829 erevwzbvfféuv‘.
2726 5751 2784 5829 __"
2820 5752 3028 5809 τοῦτον.
3112 5754 3141 5829 ξ
3173 5755 3506 5826 Δεμενίκου.
3602 5756 3751 5811 ⁸πα-

476 5828 625 5903 τρός.
708 5828 726 5859 ⁷
756 5826 895 5897 ἁνήρ
913 5820 1040 5891 τις.⁷
1082 5820 1601 5898 ⁸καταπράξασυαι.
1699 5822 1719 5853 ⁸
1751 5820 1960 5875 διελών.
2038 5821 2269 5879 “Deest
2317 5823 2506 5878 vocula
2545 5821 2656 5875 καί.
2725 5822 2763 5854 ¹¹
2799 5825 3195 5896 στρατηγικῆς.
