3830 6566
178 450 269 514 429

1422 443 1842 509 ALEXIADIS
1880 446 2031 508 LIB.
2071 446 2143 511 V.

3280 452 3389 520 630

173 556 363 632 Μιχαὴλ
388 555 569 628 ἐκείνῳ
595 554 672 626 τῷ
697 553 893 629 Ψελλῷ
921 553 1033 628 (6'5)
1062 556 1122 611 ἐν
1156 555 1370 632 ὕστέρῳ
1420 556 1705 628 προσωμίο

1824 556 2059 627 gantium
2083 556 2389 615 litterarum
2419 568 2585 633 atque
2603 562 2945 618 eruditarum
2976 565 3198 620 artium.
3220 566 3396 624 (ith-

172 656 334 722 λησεν,
389 648 444 713 δς
491 649 549 703 οὐ
598 650 744 704 πάνυ
795 667 878 737 τοι
923 650 1076 719 παρὰ
1122 649 1461 714 διδασκάλοις
1518 652 1702 720 σοφοῖς

170 742 415 813 ἐφοίτησε,
456 739 541 793 διὰ
589 738 805 807 φύσεως
834 739 889 792 δὲ
931 740 1239 811 δεξιότητα,
1282 742 1379 795 καὶ
1409 740 1526 805 νοὸς
1574 740 1703 809 ὀξύ-

170 852 306 905 τητα,
331 831 501 903 τυχὼν
527 832 714 904 μέντοι
755 834 849 887 καὶ
880 833 1018 886 Θεοῦ
1050 833 1267 906 ἁρωγοῠ
1304 834 1441 907 πρὸς
1469 834 1704 902 τούτοις,

172 927 243 980 διὰ
292 926 381 997 τὴν
418 925 514 994 τῆς
572 926 781 997 μητρὸς
822 926 1169 998 θερμοτάτην
1222 928 1434 984 ἱκεσίαν
1464 929 1630 983 αὐτοῦ
1658 930 1708 962 ⁸⁸

171 1019 594 1090 ὲπαγρυπνούσης
622 1017 831 1091 συχνῶς
850 1019 930 1091 τῷ
957 1020 1105 1090 αὐτῷ
1126 1020 1239 1091 ναῷ
1264 1020 1358 1074 τοῦ
1390 1021 1573 1092 Κύρου
1597 1022 1707 1093 (64)

173 1118 253 1183 τῆς
296 1112 548 1165 Θεοτόκου
600 1111 784 1182 σεπτῷ
840 1113 886 1144 ⁸⁸
937 1113 1281 1183 είκονίσματι
1336 1114 1429 1166 καὶ
1486 1115 1708 1185 θερμοῖς

173 1207 263 1267 τοῖς
285 1203 542 1274 δάκρυσιν
600 1204 741 1276 ὑπὲρ
782 1202 877 1257 τοῦ
908 1205 1101 1268 παιδὸς
1149 1206 1588 1277 ἐκκαλουμένης,
1629 1209 1710 1270 είς

170 1296 308 1365 ἄκρον
335 1294 519 1361 σοφίας
558 1295 779 1364 ἁπάσης
806 1296 1112 1367 ἐληλακὼς,
1154 1298 1249 1350 καὶ
1292 1296 1362 1353 τὰ
1413 1298 1708 1369 Ἑλλήνων,

168 1386 243 1438 καὶ
266 1386 330 1437 τὰ
358 1385 647 1440 Χαλδαίων
686 1387 1166 1458 ἁκριϐωσάμενος,
1195 1389 1390 1458 γέγονε
1437 1392 1550 1453 τοῖς
1585 1389 1710 1443 τότε

166 1478 345 1548 χρόνοις
375 1478 703 1549 περιϐόητος
747 1481 806 1533 ἐν
836 1482 1021 1554 σοφίᾳ.
1051 1481 1241 1553 Τούτῳ
1274 1481 1406 1550 γοῦν
1435 1484 1463 1537 6
1508 1483 1712 1550 Ἰταλὸς

168 1569 540 1641 προσομιλήσας
590 1574 649 1625 ἐν
698 1571 1009 1643 ἀπαιδεύτῳ
1048 1570 1169 1643 ηθει
1215 1577 1311 1626 καὶ
1361 1572 1709 1645 βαρϐαρικῷ,

165 1664 242 1716 οὒκ
268 1662 489 1732 ἠδύνατο
532 1664 856 1735 φιλοσοφίας
887 1668 969 1731 είς
1016 1666 1181 1737 βάθος
1218 1667 1421 1733 ἐλθεῖν,
1453 1669 1711 1725 διδασκά-

164 1757 250 1811 λων
290 1759 333 1789 ³⁸
372 1758 516 1822 ὅλως
585 1759 712 1830 μηδ’
762 1761 821 1813 ἐν
879 1761 957 1831 τῷ
1007 1760 1304 1831 μανθάνειν
1356 1763 1708 1835 ἀνεχόμενος,

165 1847 363 1917 θράσους
394 1846 469 1903 ὣν
518 1852 720 1920 μεστὸς
746 1854 844 1906 καὶ
874 1852 1141 1917 ἀπονοίας
1167 1851 1543 1925 βαρϐαρικῆς,
1573 1855 1711 1910 πάν-

1818 666 1940 705 rum
1975 652 2197 722 quando
2235 652 2403 710 italus
2446 655 2503 710 in
2553 657 2745 711 urbem
2796 656 2943 712 venit
2995 673 3262 714 excussus
3307 660 3396 714 hie

1818 748 2006 809 torpor
2038 740 2258 808 fuerat;
2290 757 2629 813 magnusque
2661 743 2876 814 vigebat
2921 745 2978 800 in
3028 746 3209 801 studia
3258 747 3396 803 libe-

1816 832 1953 886 ralia
1987 846 2185 888 cursus
2250 835 2643 905 ingeniorum;
2707 850 2831 890 cum
2900 838 3106 908 quibus
3169 842 3227 894 et
3276 841 3395 909 ipse

1816 921 2191 992 conﬂictatus,
2227 924 2568 995 quotidianis
2617 929 3127 985 concertationibus
3176 932 3395 987 schola-

1818 1012 2109 1076 stieorum,
2164 1015 2668 1081 contentiosorum,
2724 1026 2777 1069 et
2827 1022 3030 1087 agresti
3091 1023 3395 1089 pertinacia

1817 1107 2013 1162 cedere
2043 1108 2355 1163 nesciorum
2379 1108 2666 1163 hominum
2698 1109 3026 1179 (cuiusmodi
3061 1113 3205 1166 haud
3239 1116 3421 1183 pauci’

1819 1198 2295 1268 ConstantinOpoli
2319 1204 2433 1253 tum
2457 1197 2663 1269 erant),
2696 1199 2928 1268 logicum
2961 1203 3171 1256 didicit.
3196 1203 3423 1258 Deindc'

1819 1293 1989 1347 etiam
2023 1289 2277 1345 Michaeli
2340 1291 2519 1347 Pseilo
2556 1292 2707 1347 dedit
2749 1308 2969 1363 operam
3038 1294 3112 1347 illi
3164 1296 3270 1349 late
3316 1297 3403 1350 in-

1819 1384 1985 1455 clyto,
2017 1384 2253 1450 homini,
2286 1400 2395 1439 non
2432 1393 2544 1439 tam
2591 1400 2723 1441 cura
2762 1387 3153 1457 magistrorum
3185 1388 3423 1457 sapieu-‘

1822 1488 1960 1543 tum,
2004 1494 2235 1549 quorum
2264 1480 2457 1535 limina
2494 1494 2604 1535 non
2648 1481 2883 1534 multum
2944 1481 3189 1540 triverat.
3237 1484 3421 1550 quam

1819 1574 2027 1631 indolis
2060 1574 2378 1644 praestantia
2427 1582 2481 1628 et
2532 1575 2826 1629 velocitate
2886 1576 3087 1631 utentis
3137 1574 3405 1631 divinitus

1821 1667 2024 1738 adjutze
2078 1667 2155 1735 (id
2211 1666 2473 1722 videlicet
2518 1667 2947 1736 impetrantibus
2995 1667 3405 1725 ardentissimis

1807 1775 1919 1833 .per
1968 1760 2193 1815 crebras
2238 1760 2451 1830 vigilias
2491 1760 2827 1815 continuatis
2871 1763 3066 1817 matris
3119 1763 3240 1831 ejus
3277 1779 3403 1831 prc-

1822 1853 2003 1919 cibus,
2047 1852 2102 1908 in
2140 1852 2343 1923 templo
2390 1852 2515 1923 Cyri
2551 1853 2617 1907 ad
2667 1864 2913 1908 sanctam
2960 1854 3253 1923 imaginem
3310 1857 3401 1910 Dei

162 1959 249 1995 των
277 1958 328 1994 τε
354 1940 800 2016 καθυπερτερεῖν
841 1946 938 2000 καὶ
988 1946 1094 2017 πρὸ
1122 1946 1217 2001 τοῦ
1260 1947 1561 2017 μανθάνειν
1602 1948 1711 2002 οἰό-

1824 1943 2048 2007 Matris,
2115 1944 2261 1999 haud
2323 1946 2442 2000 sine
2503 1945 2846 2001 ferventibus
2924 1946 3184 2018 iaCrytnis
3246 1948 3403 2003 fundi

166 2048 314 2101 μενος,
340 2034 431 2087 καὶ
460 2038 607 2107 πρὸς
638 2036 802 2091 αὐτὸν
832 2037 925 2093 τὸν
966 2037 1180 2092 Ψελλδν
1210 2038 1275 2093 ἐκ
1320 2040 1550 2111 πρώτης
1583 2041 1717 2111 ἀφε-

163 2125 326 2197 τηρίας
378 2128 736 2195 ἀντετάξατο.
790 2130 1135 2201 Ἐμϐαθύνας
1168 2132 1225 2187 δέ
1260 2134 1326 2204 τῇ
1374 2132 1715 2205 διαλεκτικῇ,

165 2218 536 2289 μεθημερινοὺς
572 2220 839 2292 θορύϐους
871 2224 927 2274 ὲν
974 2224 1281 2295 πανδήμοις
1333 2224 1718 2280 συνελεύσεσιν

163 2308 381 2375 ἐποιεῖτο,
410 2313 745 2379 σοφιστικὰς
790 2312 1055 2383 συνείρων
1091 2315 1430 2386 ἐρεσχελίας,
1473 2316 1564 2369 καὶ
1610 2318 1720 2371 πᾶν

116 2394 122 2403 ’
161 2399 206 2451 εί
247 2416 291 2452 τι
340 2401 647 2467 τοιοῦτον,
686 2406 989 2473 προτιθεὶς,
1031 2408 1127 2460 καὶ
1162 2403 1321 2471 αὖθις
1372 2408 1593 2479 ὑπέχων
1629 2408 1720 2462 λό-

162 2508 238 2558 γον
268 2492 529 2561 τοιοῦτον,
565 2498 759 2551 τοῦτον
783 2499 987 2575 τρόπον
1020 2502 1064 2532 ³⁷
1098 2503 1597 2573 προσηταιρίσατο,
1625 2503 1721 2557 καὶ

160 2586 183 2637 6
220 2586 515 2654 τηνικαῦτα
567 2588 872 2659 βασιλεύων
926 2593 1149 2664 Μιχαὴλ
1191 2595 1219 2647 6
1254 2594 1483 2660 Δοῦκας,
1544 2596 1638 2649 καὶ
1669 2596 1727 2668 οἱ,

160 2673 322 2729 τούτου
353 2678 606 2748 ἀδελφοί·
649 2682 745 2735 καὶ
766 2682 1021 2755 δευτέρου
1052 2689 1149 2755 μὲν
1172 2685 1333 2753 λόγου
1360 2687 1550 2740 τοῦτον
1585 2687 1721 2757 πρὸς

161 2768 231 2820 τὸν
266 2769 460 2823 Ψελλδν
501 2771 763 2836 ἐτίθεντο,
808 2776 955 2846 ὅμως
986 2776 1041 2829 δὲ
1088 2780 1363 2849 περιεῖχον
1405 2779 1523 2831 τότε
1553 2778 1718 2833 αὑτοῦ

160 2862 235 2914 καὶ
258 2863 308 2915 ἐν
328 2864 582 2934 λογικαῖς
610 2868 949 2938 συνεχρῶντο
972 2870 1228 2940 ἁμίλλαις
1250 2888 1261 2904 ·
1301 2867 1442 2943 ἦσαν
1472 2873 1580 2943 γὰρ
1626 2892 1721 2938 φι·

160 2953 477 3023 λολογώτατοι
533 2960 581 3011 oi
630 2959 871 3025 Δοῦκαι,
927 2962 1022 3015 καὶ
1069 2964 1119 3015 οί
1182 2963 1276 3017 τοῦ
1317 2964 1722 3037 αὐτοκράτορος

159 3046 365 3115 ἀδελφοὶ,
418 3052 525 3104 καὶ
576 3051 739 3114 αὐτὸς
782 3052 848 3123 δὴ
892 3055 921 3106 6
965 3054 1218 3124 βασιλεὺς
1270 3056 1509 3129 Μιχαὴλ.
1572 3055 1632 3111 'U
1664 3057 1722 3110 δὲ

168 3135 339 3202 Ἰταλὸς
389 3140 604 3211 θερμὸν
633 3142 722 3195 ἀεὶ
774 3145 867 3196 καὶ
923 3146 1153 3214 μανικὸν
1193 3144 1328 3214 πρὸς
1376 3145 1467 3198 τὸν
1510 3145 1720 3199 Ψελλδν

157 3228 464 3295 ίϐλεπε,κ5.ν
496 3236 706 3300 ἐκεῖνος
745 3235 820 3300 ὡς
857 3236 1013 3299 ἀετὸς
1051 3234 1159 3289 τῶν
1193 3236 1287 3290 τοῦ
1319 3236 1521 3291 Ἰταλοῦ
1565 3241 1720 3309 ἐρεσο

155 3322 315 3391 χελιῶν
371 3325 748 3397 ὑπερίπτατο,
800 3328 1120 3401 διεγείρετο,
1168 3331 1263 3384 καὶ
1312 3332 1556 3405 ἐπρίετο,
1605 3334 1721 3388 ἐνε-

154 3414 425 3487 πίμπρατο,
461 3419 505 3489 ἦ
554 3420 829 3475 ἐλυπεῖτο.

1820 2034 2022 2108 solitis)
2059 2035 2115 2090 in
2146 2037 2653 2093 eminentissimum
2687 2039 2975 2108 sapientia:
3007 2049 3171 2109 atque
3215 2042 3404 2095 erudi-

1820 2129 1987 2184 tionis
2015 2130 2194 2184 omnis
2222 2130 2433 2200 apicem
2463 2141 2690 2191 evecto:
2723 2132 2927 2200 quippe
2959 2132 3053 2201 qui
3088 2132 3153 2185 ad
3187 2132 3408 2188 (ἔνωοο-

1821 2236 1940 2275 rum
1972 2221 2188 2276 litteras
2213 2230 2380 2291 atque
2406 2229 2557 2276 artes
2575 2236 2767 2276 omnes
2793 2237 2931 2291 quas
2956 2223 3199 2292 perfecte
3220 2233 3405 2290 norat,

1820 2313 1983 2369 etiam
2018 2312 2401 2370 Chaldteorttm
2430 2314 2756 2383 disciplinas
2784 2316 3139 2384 adiunxerat,
3174 2315 3409 2369 famam-

1822 2422 1929 2477 que
1966 2417 2245 2462 meruerat
2278 2405 2588 2461 doctissimi
2630 2406 2876 2460 omnium
2913 2406 3005 2476 qui
3038 2415 3172 2461 tunc
3201 2414 3409 2464 essent.

1823 2497 1966 2578 Huic
1999 2515 2060 2556 se
2095 2497 2263 2553 italus
2292 2498 2345 2552 in
2378 2497 2738 2569 disciplinam
2771 2488 2941 2562 dedit,
3002 2498 3164 2569 longe
3199 2499 3407 2568 dispari

1822 2592 1908 2647 vir
1944 2594 2185 2664 ingenio,
2222 2591 2419 2646 immiti
2469 2594 2780 2661 acerbaque
2813 2599 3035 2645 natura.
3070 2591 3259 2661 itaque
3310 2607 3411 2647 nec

1824 2702 1922 2756 per
1959 2686 2351 2741 hebetudinem
2388 2687 2593 2740 mentis
2633 2692 2923 2755 penetrare
2950 2686 3005 2739 in
3034 2686 3195 2756 adyta
3231 2685 3411 2755 potuit

1824 2778 2209 2850 philosophia},
2269 2794 2368 2834 nec
2421 2778 2539 2847 per;
2562 2780 2966 2832 contumaciam
3008 2779 3282 2833 susdnere
3322 2779 3409 2833 in-

1827 2873 2173 2927 stitutionem
2216 2872 2495 2941 magistri;
2532 2886 2694 2941 quem
2732 2870 2836 2924 loci
2880 2880 3043 2941 atque
3094 2870 3255 2925 oilicii
3313 2885 3411 2925 au-

1825 2965 2082 3019 ctoritate
2116 2971 2383 3027 utentem,
2417 2964 2521 3018 iste
2555 2964 2918 3034 praetumidos
2941 2972 2995 3017 ct
3024 2965 3220 3019 stolida
3254 2965 3408 3018 ferox

1828 3052 2170 3123 arrogantia,
2208 3052 2413 3121 jurgiis
2448 3052 2847 3121 impotentibus
2880 3051 3000 3122 ipso
3045 3053 3225 3122 primo
3275 3068 3411 3107 con-

1827 3162 2020 3216 gressu
2057 3147 2327 3199 lacessere
2379 3146 2585 3215 capit;
2624 3145 2735 3214 jam
2796 3160 2825 3198 a
2883 3145 3214 3199 rudimentis
3249 3145 3407 3215 ipsis,

1832 3238 1989 3309 longe
2026 3252 2085 3292 sc
2119 3238 2381 3291 omnibus
2412 3236 2728 3291 eruditione
2760 3238 3095 3293 antecellere
3127 3239 3411 3308 superbis-

1828 3332 1967 3388 sime
2004 3341 2324 3386 autumans.
2366 3330 2693 3401 Magnopere
2722 3333 2905 3386 autem
2934 3330 3227 3385 dialectica
3261 3330 3409 3386 nite-

1819 3426 2006 3490 batur,
2052 3424 2140 3478 cui
2175 3439 2234 3477 se
2290 3422 2393 3475 arti
2451 3422 2669 3491 penitus
2701 3422 3087 3487 immerscrat;
3131 3432 3183 3475 et
3230 3437 3293 3475 ex
3343 3437 3407 3476 ea

154 3515 459 3570 meridianos
512 3519 786 3575 tumultus
835 3520 890 3575 in
938 3520 1059 3577 foro
1096 3535 1159 3575 ac
1208 3520 1437 3577 circulis
1466 3523 1860 3579 concurrentis
1934 3521 2087 3592 vulgi
2160 3518 2513 3582 concitabat;
2584 3518 2903 3587 sophisticis
2971 3518 3411 3574 cavillationibus

153 3606 366 3664 rabiosas
398 3610 562 3664 rixas
590 3626 913 3675 conserens,
941 3624 994 3667 et
1019 3611 1089 3667 de
1116 3613 1310 3681 quavis
1341 3628 1400 3668 re
1425 3613 1709 3684 proposita
1752 3614 1991 3683 primum
2030 3611 2165 3663 illud
2200 3624 2401 3677 magno
2427 3610 2666 3662 clamore
2690 3608 2909 3677 jactans
2942 3608 3135 3680 :155
3191 3608 3249 3661 Si
3314 3608 3410 3665 Itoc

153 3700 237 3755 tale
268 3714 334 3755 est
362 3720 382 3767 ;
415 3701 624 3757 deinde
648 3702 889 3758 inferens
922 3704 1068 3758 aliud
1093 3705 1370 3774 quippiam
1396 3720 1459 3760 ex
1498 3720 1563 3761 eo
1589 3720 1923 3768 connexum,
1957 3712 2050 3756 ant
2080 3703 2127 3758 ei
2153 3702 2352 3755 simile.
2426 3700 2524 3756 His
2590 3702 2681 3754 ille
2749 3702 2924 3755 turbis
2989 3700 3406 3755 admirationem

150 3791 237 3847 sibi
264 3801 312 3848 et
370 3794 633 3864 plausum
694 3796 925 3865 paravit,
987 3810 1096 3851 non
1150 3798 1323 3866 plebis
1372 3798 1573 3863 solum,
1628 3798 1725 3852 sed
1766 3806 2088 3867 magnatum
2147 3808 2410 3865 quoque;
2500 3805 2666 3863 atque
2724 3793 2861 3847 adeo
2896 3793 3070 3862 ipsius
3128 3791 3411 3848 Michaelis

113 3887 289 3949 .Duc:
319 3900 447 3944 tunc
478 3889 836 3959 imperantis,
864 3899 918 3946 et
946 3892 1179 3946 fratrum
1227 3892 1422 3962 ipsius.
1463 3890 1529 3945 lii
1592 3892 1737 3946 enim
1815 3893 1943 3947 licet
1990 3893 2225 3962 primum
2296 3890 2557 3943 doctrina
2625 3896 2679 3942 et
2740 3886 3165 3942 existimationis
3223 3888 3407 3940 locum

152 3981 303 4037 Psello
331 3992 713 4045 reservarem,
748 3981 885 4037 italo
917 3990 1101 4037 tamen
1142 3984 1250 4039 isto
1274 3984 1720 4047 delectabantur,
1760 3996 1816 4039 et
1848 3983 1967 4054 eius
1994 3998 2159 4053 Opera
2189 3982 2485 4037 utebantur
2512 3981 2566 4034 in
2625 3979 2817 4049 logicis
2878 3979 3406 4035 concertationibus.

150 4077 294 4135 Erant
320 4080 466 4134 enim
508 4079 826 4134 litterarum
867 4088 922 4134 et
967 4078 1311 4133 eruditarum
1347 4080 1553 4133 artium
1593 4080 1987 4136 studiosissimi
2017 4080 2199 4143 Dncre,
2242 4095 2364 4134 cum
2428 4092 2643 4141 omnes,
2715 4086 2829 4130 tum
2902 4076 3101 4129 fratres
3171 4077 3409 4145 impera.

152 4174 264 4230 toris
310 4183 362 4229 et
417 4175 710 4244 Augustus
768 4174 887 4242 ipse
934 4171 1184 4227 Michael.
1236 4171 1482 4238 Quorum
1543 4171 1711 4229 italus
1752 4173 1942 4227 favore
1971 4174 2125 4228 alens
2153 4172 2570 4233 confidentiam,
2609 4168 2822 4223 ardenti
2884 4169 3127 4224 Pselium
3187 4182 3409 4241 semper

149 4272 194 4325 in
224 4273 621 4343 congressibus
653 4279 707 4325 et
751 4269 964 4327 furioso
1007 4270 1205 4341 figebat
1244 4271 1427 4335 oculo,
1468 4270 1631 4325 facile
1661 4287 1721 4327 se
1761 4274 2130 4327 extricantem
2158 4286 2221 4325 ex
2256 4270 2376 4341 ejus
2406 4270 2642 4339 laqueis,
2721 4276 2775 4323 et
2827 4268 3069 4337 aquilina
3118 4270 3407 4324 celeritate

149 4366 361 4423 volucris
396 4368 611 4422 mentis
654 4366 942 4435 perplexas
974 4366 1355 4436 captiunculas
1399 4366 1573 4420 odiosi
1626 4367 1888 4436 sophistae
1957 4366 2068 4421 alte
2113 4367 2557 4435 supervolantem
2619 4382 2632 4419 :
2704 4378 2813 4433 qua
2863 4363 2953 4417 ille
3032 4379 3089 4418 re
3144 4363 3409 4417 llH‘balttr

146 4459 356 4528 primum
399 4460 604 4513 intime
664 4470 730 4512 ac
781 4458 1127 4529 ringebatur,
1188 4467 1305 4511 ttnn
1374 4458 1723 4512 stomachum
1802 4458 2124 4530 erumpebat
2180 4458 2235 4512 in
2284 4457 2622 4529 jactationes
2678 4456 2927 4524 corporis
2988 4471 3055 4509 ac
3124 4456 3401 4514 clamores

146 4552 476 4609 impotentes.

202 4576 203 4597 ι
273 4570 476 4609 tentes.

202 4570 269 4703 ri,
300 4651 358 4702 τδ
395 4647 543 4717 μετὰ
583 4646 798 4709 mitra;
853 4643 1153 4713 Ἐσχόιδαζε
1206 4644 1273 4697 τὰ
1305 4644 1416 4697 τῶν
1454 4643 1709 4697 Λατίνιον

1896 4642 2039 4709 Quid
2097 4640 2336 4707 postea?
2399 4638 2521 4693 Mox
2586 4646 2890 4708 eruperunt
2948 4638 3121 4692 Italici
3174 4647 3402 4691 motus:

145 4741 287 4797 ut”
328 4740 561 4794 Ἰταλῶν
591 4740 736 4792 κατα
780 4737 1093 4807 Ῥωμαίων,
1148 4736 1243 4790 καὶ
1295 4737 1329 4807 ή
1374 4736 1474 4805 τῆς
1506 4737 1710 4803 Λογγι-

143 4834 345 4905 ϐαρδίας
378 4834 516 4905 ὅλης
546 4829 688 4902 ὁμοῦ
735 4831 833 4883 καὶ
886 4827 1120 4892 Ἰταλίας
1176 4828 1480 4899 ἐμελετᾶτο
1539 4829 1712 4880 κατά.-

1820 4734 2043 4805 qttando
2079 4734 2297 4787 illarum
2330 4733 2576 4802 gentium
2625 4732 2930 4786 hostilitate
2960 4730 3193 4784 Romani
3232 4732 3406 4785 inCCS-

1824 4830 1940 4891 siti,
1977 4828 2325 4882 occasionem
2359 4826 2462 4881 sibi
2486 4825 2723 4879 oblatam
2747 4823 3160 4907 aibitrabantur
3185 4822 3405 4891 Longo-

1166 4949 1372 5008 Varim
1415 4946 1723 5009 lectiones
1764 4963 1841 5007 ex
1876 4948 2020 5009 cod.
2053 4946 2326 5019 Coisliu,

198 5059 239 5091 ’⁸
261 5058 425 5114 Deest
454 5068 565 5109 vox
596 5051 786 5107 αὐτοῦ.
847 5053 892 5085 ⁸⁸
922 5049 1126 5122 σεμνῷ.
1200 5049 1245 5079 ’⁸
1282 5047 1668 5101 διδασκόντων.

1756 5050 1799 5079 ³⁷
1830 5050 2252 5119 τοιουτότροπον
2290 5049 2504 5105 τοῦτον.
2583 5048 2632 5081 ’⁸
2663 5065 2723 5101 τε
2756 5045 2871 5102 καί.

1213 5143 1357 5203 Car.
1394 5140 1716 5204 Dut‘resnii
1758 5144 1853 5204 Du
1885 5144 2110 5221 Cangii
2146 5152 2338 5204 nota).
2391 5137 2397 5143 ’

203 5258 304 5325 (63)
338 5255 595 5327 Μιχαὴλ
637 5250 719 5327 τῷ
770 5249 1008 5327 magis;
1072 5246 1153 5327 De
1204 5244 1468 5327 Michaele
1530 5242 1712 5327 Psello

145 5315 503 5384 consulendus
528 5315 755 5380 omnino
786 5326 869 5374 vir
898 5319 1109 5373 diffusa:
1141 5318 1391 5371 lectionis
1430 5315 1537 5367 Leo
1564 5316 1713 5367 Alla-

145 5402 257 5465 tius,
284 5402 340 5455 in
370 5402 465 5453 illa
501 5394 716 5453 erudita
745 5402 797 5448 et
827 5393 1015 5466 ubere,
1043 5404 1204 5458 quam
1240 5388 1306 5466 de
1331 5385 1712 5466 Psellisinsti-

144 5456 257 5529 ιιιιιξ
280 5470 697 5527 dissertatione,
725 5466 911 5519 Roma:
929 5456 1097 5522 edita,
1129 5469 1189 5512 ut
1211 5468 1263 5513 et
1290 5459 1341 5510 in
1371 5456 1613 5509 Diatriba
1645 5456 1715 5511 de

144 5540 444 5595 Simeonihu
458 5556 507 5595 s.

202 5612 304 5681 (66)
330 5610 474 5674 Ναῷ
506 5610 611 5663 τοῦ
644 5608 861 5681 Κύρου.
888 5601 1247 5681 Edessacra
1283 5599 1546 5681 Deiparat,
1580 5596 1709 5668 Cyri

148 5671 350 5746 dicta,a
383 5671 693 5751 conditore
709 5671 852 5748 Cyro
884 5672 1111 5751 consule
1159 5677 1213 5723 et
1260 5671 1516 5751 praefecto
1568 5684 1702 5751 prte-

148 5754 294 5817 torio,
325 5751 643 5806 Theodosio
672 5747 897 5820 iuniore
927 5747 1229 5820 imperante
1270 5747 1511 5820 ancujus.
1542 5747 1706 5820 etiam

151 5812 291 5890 passu
321 5836 607 5877 murorum
647 5822 795 5874 urbis
830 5812 1708 5890 Constantinopolitante.instan-

157 5878 401 5948 iationeut
430 5892 696 5963 suscepit.
730 5886 1177 5958 'l‘hcophylactus
1204 5878 1413 5937 Simoc.
1453 5878 1703 5951 libuvm,

1818 5261 1941 5314 cap.
1979 5246 2011 5299 8
2046 5259 2060 5295 :
2092 5244 2184 5315 Τῷ
2228 5246 2360 5315 ἱερῷ
2389 5246 2605 5313 τεμένει
2650 5243 2752 5312 τῆς
2776 5241 3128 5315 ,Θεομῄτορος
3156 5256 3403 5315 προσεπο

1820 5312 2037 5378 ἔλασεν,
2062 5316 2090 5367 ὃ
2119 5312 2303 5385 Κύρον
2332 5312 2421 5367 τὸν
2446 5312 2538 5367 ἐπὶ
2562 5314 2848 5368 Θεοδοσίου
2872 5314 2967 5366 τοῦ
2996 5312 3405 5385 αὐτοκράτορος

1819 5388 2084 5456 γεγονότα
2149 5383 2443 5455 δείμασθαι
2503 5386 2659 5454 λόγος
2722 5385 3095 5456 καθέστηκεν.
3141 5383 3401 5451 ἀψευδής.

1819 5454 2000 5527 Agunt
2035 5466 2295 5526 praeterea
2329 5458 2395 5509 de
2427 5456 2873 5527 hocceutentplo
2895 5454 3279 5527 'I'heOphanes,
3309 5468 3399 5527 an.

1823 5524 2070 5581 Mauricii
2099 5528 2190 5589 20,
2228 5535 2479 5579 Anastas.
2507 5528 2556 5578 in
2596 5524 2738 5579 Hist.
2766 5525 2891 5578 ccci.
2921 5542 3046 5594 pag.
3070 5524 3139 5576 84
3162 5562 3176 5578 .
3202 5524 3404 5594 Paulus

1822 5599 1972 5651 Diae.
2013 5598 2106 5654 lih.
2146 5614 2252 5651 xvn
2284 5597 2487 5650 Histor.
2516 5595 2695 5662 Nisa;
2726 5592 2995 5666 Scyiitars
3022 5598 3073 5648 in
3110 5592 3393 5666 hiit‘liti’a-

1853 5670 2023 5738 hlag.;
2076 5670 2345 5731 Codinns,
2386 5669 2439 5721 in
2494 5667 2703 5737 Origin.
2740 5662 2859 5733 pag.
2924 5668 2992 5721 δι
3018 5706 3032 5729 ,
3073 5668 3217 5738 pedit.
3261 5662 3397 5738 Reg.

1872 5734 2066 5793 etninit
2096 5753 2224 5792 vero
2252 5738 2473 5793 Nicetas
2497 5742 2548 5793 in
2582 5734 2723 5793 Man.
2752 5738 2848 5791 iib.
2873 5755 2951 5797 Vl.
2983 5755 3039 5790 ιι.
3066 5735 3117 5790 5.
3150 5734 3405 5803 imaginis

1822 5810 2064 5879 Deiparz
2094 5825 2295 5881 magno
2342 5811 2526 5881 populi
2555 5825 2834 5867 concursu
2864 5826 2925 5866 ea
2957 5811 3009 5862 itt
3042 5805 3179 5860 IEde
3215 5808 3403 5859 culta.
