3830 6582
457 439 563 505 435

1775 441 2006 506 ΑΝΝᾹΞ
2041 439 2429 504 (ΖΟΜΝΕΝᾸΞ
3573 454 3657 521 436

463 553 768 623 prresertim
811 569 974 626 quem
1017 553 1305 626 inscripsit
1347 555 1648 626 Organum,
1693 570 1806 628 quo
1837 569 1898 612 se
1939 570 2038 625 po-

2147 550 2392 606 ὲθέλουσι
2424 551 2842 622 πραγματείαν,
2879 549 2973 610 καὶ
3015 550 3188 628 ταύτῃ
3231 555 3430 624 μᾶλλον
3467 560 3659 637 ἓντιδρή·

405 665 410 670 ·
460 647 738 703 tissimum
765 646 1012 714 iactabat
1055 646 1250 715 Italus,
1286 657 1346 703 ut
1384 648 1440 704 in
1478 648 1638 720 cujus
1673 649 2040 708 meditatione

460 743 587 814 plus
616 741 712 796 etii
746 740 1012 811 triverat)
1059 741 1376 797 clarissime
1410 757 1470 798 se
1503 742 1765 818 degmata
1810 745 2039 815 exposi-

462 848 648 891 turum
682 833 1064 904 proﬁtebatur.
1110 833 1169 890 Id
1218 835 1312 890 ille
1361 843 1644 906 utrunque
1682 845 1914 894 conatus
1957 848 2043 894 est

459 926 715 996 exsequi,
749 926 894 980 haud
931 926 1166 981 multum
1219 935 1401 984 tamen
1439 929 1703 1000 prodesse
1750 931 2042 1000 discipulis

391 999 404 1010 ’
461 1017 671 1076 valuit:
718 1017 1004 1072 iracundia
1037 1019 1202 1074 credo
1252 1027 1306 1072 et
1352 999 1774 1090 importunitate
1822 999 2039 1074 morum

407 1112 412 1116 ’
457 1113 718 1168 obstante
755 1113 1096 1183 perceptioni
1129 1113 1424 1180 doctrinae,
1475 1115 1550 1169 rei
1581 1126 1777 1169 natura
1809 1114 1948 1170 lenis
1979 1129 2043 1169 ac

460 1206 775 1262 clementis.
829 1206 959 1284 Ejus
992 1223 1128 1263 sane
1159 1209 1237 1262 rei
1285 1207 1442 1262 ﬁdem
1497 1208 1666 1264 faciat
1729 1208 2042 1264 recordatio

461 1298 579 1368 ipsa
611 1314 673 1352 ac
708 1302 917 1355 mentio
947 1301 1259 1356 auditorum
1283 1301 1426 1356 llali.
1466 1303 1597 1357 Vide
1625 1302 1756 1356 mihi
1790 1303 2044 1356 Salomo-

465 1408 587 1446 nem
623 1400 677 1446 et
718 1392 990 1449 Joumem
1047 1395 1196 1455 illos,
1242 1405 1356 1449 tum
1409 1392 1620 1450 Jasitas
1669 1398 1937 1464 quosdam
1989 1407 2042 1448 et

465 1485 737 1552 Serblias,
788 1496 842 1541 et
899 1488 1038 1542 alios
1091 1488 1324 1542 istorum
1396 1497 1709 1558 temporum
1772 1487 2042 1544 doctrinm

465 1581 768 1636 studiosos.
804 1582 1072 1652 Equidem
1112 1582 1408 1652 plerosque
1452 1591 1644 1650 postea
1684 1581 1913 1636 memini
1957 1582 2039 1635 vi-

465 1671 598 1728 dere
633 1690 717 1728 me
749 1672 1168 1744 l‘t'equentantes
1200 1673 1382 1727 aulam
1437 1675 1674 1746 regiam,
1730 1675 1786 1730 in
1838 1676 2043 1745 quibus

467 1761 607 1818 nihil
644 1780 890 1826 unquam
944 1765 1198 1836 elegans,
1240 1764 1376 1820 nihil
1415 1766 1671 1837 politum,
1725 1781 1796 1822 ne
1849 1775 2043 1822 exacte

465 1857 686 1926 quidem
724 1873 788 1912 ac
829 1857 1005 1914 solide
1036 1858 1262 1924 scitum,
1311 1859 1703 1914 animadverti.
1763 1861 2038 1915 Imitatio-

465 1961 586 2001 nem
619 1954 832 2000 tantum
863 1946 1198 2002 inconditam
1239 1948 1515 2003 dialectici
1551 1950 1905 2019 prmccptoris
1931 1949 2038 2014 sui,

463 2037 622 2107 cujus
656 2051 846 2110 gestus
875 2040 1096 2106 etl‘eros,
1147 2051 1302 2097 vasta
1331 2041 1634 2112 jactatione
1667 2043 2042 2096 membrorum

461 2140 649 2187 truces
679 2141 732 2188 et
767 2135 1056 2188 inhumani
1092 2137 1567 2204 reprtnsentabant
1611 2150 1622 2186 :
1652 2133 1773 2188 sani
1820 2133 2042 2204 quidem

413 2222 417 2226 ’
462 2222 788 2279 sentiebant
827 2223 1257 2294 proferebantve
1294 2224 1453 2279 nihil.
1489 2223 1632 2291 Quin
1670 2225 1820 2279 ideas
1853 2223 2044 2293 loque-

463 2315 690 2384 bantur,
730 2326 784 2372 et
821 2317 1012 2372 nescio
1060 2318 1191 2387 quid
1236 2317 1305 2372 de
1343 2316 1844 2372 transanimalionc
1897 2332 2047 2371 mus-

463 2411 708 2467 sitabant
768 2413 1120 2470 subobscure
1171 2430 1185 2468 :
1247 2413 1612 2483 eiusdemque
1685 2411 1790 2465 alia
1850 2409 2043 2466 farina:

2143 665 2266 702 νετο
2297 645 2390 706 καὶ
2422 644 2800 716 ὲνησχόλητο),
2835 644 2895 703 οὗ
2943 645 3084 702 πάνυ
3119 662 3200 700 τοι
3237 647 3280 683 ⁸⁷
3334 651 3450 715 τοὺς
3493 660 3658 722 μανθά,

2142 757 2334 805 νοντας
2385 740 2664 810 ὼςελῆσαι
2706 739 2960 810 ἐξίσχυσε
2991 738 3060 808 ⁵³,
3090 738 3181 790 τὸν
3214 741 3402 809 θυμὸν,
3447 747 3532 798 καὶ
3582 755 3659 820 τῂν

2143 834 2308 906 ἄλλην
2362 833 2456 888 τοῦ
2501 834 2664 906 ἤθους
2720 833 3137 888 ἀκαταστασίαι)
3180 833 3403 904 κώλυμα
3452 839 3489 872 ³³
3529 841 3657 912 ἔχων,

2143 930 2255 984 Καὶ
2284 930 2384 1000 δρα
2413 946 2504 998 μοι
2535 928 2660 991 τοὺς
2696 929 2891 983 τούτου
2936 925 3207 996 μαθητάς.
3257 927 3357 980 Τὸν
3384 930 3661 1000 Σολομῶντι

2155 1019 2432 1090 Ἰωάννην,
2467 1016 2563 1072 καί
2604 1036 2760 1082 τινας
2798 1017 3036 1080 Ὶασίτας
3101 1016 3235 1086 (67),
3283 1018 3376 1072 καὶ
3417 1021 3660 1092 Σερδὶλπς,

2144 1114 2237 1167 καὶ
2257 1112 2450 1174 ἄλλους
2472 1111 2614 1180 τάχα.
2661 1111 2792 1180 περὶ
2834 1111 2934 1179 τὴν
2983 1109 3224 1179 μάθησιν
3277 1110 3660 1181 ἐσπουδακότας·

2142 1201 2215 1260 ὧν
2246 1207 2374 1272 τοὺς
2407 1207 2630 1270 πλείους
2667 1205 2817 1276 θαμὰ
2845 1203 3153 1275 φοιτῶντας
3186 1205 3318 1278 πρὸς
3341 1206 3405 1259 τὰ
3438 1206 3661 1278 βασίλεια,

2142 1301 2236 1354 καὶ
2279 1301 2420 1370 αὑτὴ
2486 1300 2811 1370 ἐθεασάμην
2866 1299 3120 1370 ὕστερον,
3166 1299 3410 1369 τεχνικὸν
3458 1302 3601 1370 μηδέν
3626 1324 3663 1359 τι

2142 1392 2287 1446 κατὰ
2329 1393 2622 1465 ἀκρίϐειαν
2667 1392 2903 1459 εἰδότας,
2957 1391 3463 1462 σχηματιζομένους
3509 1396 3556 1449 δὲ
3596 1399 3663 1451 τὸν

2141 1487 2506 1551 διαλεκτικὸν,
2558 1486 2847 1556 κινήσεσιν
2890 1484 3177 1549 ἀτάκτοις,
3213 1485 3305 1537 καὶ
3365 1489 3553 1555 μορίων
3589 1507 3667 1544 τα.

2144 1579 2409 1651 ραφόροις
2429 1579 2540 1632 τισὶ
2573 1578 2915 1648 μεταφοραῖς
2949 1576 3103 1643 ὑγιὲς
3147 1575 3204 1628 δὲ
3233 1577 3382 1630 οὐδὲν
3411 1578 3666 1650 ἐπισταμέ-

2143 1689 2290 1736 νους,
2341 1670 2822 1742 προϐαλλομένους
2857 1669 2954 1734 τὰς
2997 1669 3145 1732 ἰδέας
3185 1669 3284 1740 ήδη
3335 1669 3388 1722 δὲ
3416 1672 3457 1702 ⁸ο
3488 1674 3667 1737 καὶτὰς

2146 1742 2600 1835 μετέμψυχώσεις
2631 1764 3117 1836 συνεσκιασμένω;
3150 1781 3289 1827 πως,
3322 1765 3411 1817 καὶ
3447 1765 3669 1822 ἄλλ’ἆττα

2143 1857 2500 1929 ὁμοιότροπα,
2557 1856 2651 1912 καὶ
2695 1857 3101 1928 παραπλησίως
3165 1857 3377 1919 τούτοις
3425 1856 3668 1922 ἀλλόκοτα,

2145 1950 2239 2004 καὶ
2273 1950 2359 2015 τίς
2393 1951 2502 2021 γὰρ
2555 1949 2718 2020 λόγου
2756 1950 3004 2021 μετέχων
3061 1950 3122 2003 οὗ
3170 1950 3378 2020 παρῆν,
3429 1951 3514 2006 τοῦ
3558 1952 3670 2022 ἱεροῦ

2148 2043 2381 2113 ζεύγους
2437 2043 2697 2098 τοσοῦτον
2755 2045 2886 2116 περὶ
2920 2041 3019 2116 τὴν
3059 2043 3174 2096 τῶν
3212 2042 3369 2097 θείων
3398 2042 3553 2112 λόγων
3585 2045 3685 2119 iga:

2149 2135 2430 2207 ρεύνησιν,
2455 2136 2543 2190 διὰ
2579 2136 2762 2207 πάσης
2789 2136 2986 2199 νυκτὸς
3009 2136 3103 2189 καὶ
3127 2135 3342 2206 ἡμέρας
3361 2135 3683 2220 διαπονουμὲιέ

2141 2244 2272 2293 νων,
2315 2229 2442 2285 τοὺς
2473 2227 2639 2296 ἐμούς
2673 2246 2820 2298 φημι
2846 2228 3043 2290 τοκέας
3064 2229 3164 2281 καὶ
3190 2225 3446 2298 βασιλεῖς.
3485 2229 3619 2282 Ἀλὶά
3633 2247 3674 2281 τι

2141 2321 2348 2390 tu.sz
2381 2320 2915 2392 παραδιηγήσομαιο
2960 2319 3131 2374 δίδοσι
3173 2319 3218 2354 ⁸⁸
3275 2319 3382 2391 γάρ
3423 2336 3507 2388 μοι
3551 2319 3676 2372 τοῦτο

2141 2413 2305 2482 νόμος
2351 2413 2671 2484 ῥητορικός.
2694 2390 2699 2391 ν
2783 2390 2790 2392 ἡ
3357 2390 3362 2391 ν
3678 2390 3691 2495 lt

461 2505 786 2562 Christiano
850 2507 1108 2578 dogmate
1163 2505 1477 2577 proscripta
1545 2507 1877 2562 delirabant.
1929 2503 2042 2560 Nec
2085 2505 2402 2575 mirabitur,
2437 2507 2585 2578 quod
2625 2506 2737 2564 dixi
2785 2505 3199 2576 frequentatam
3237 2507 3307 2562 ab
3375 2505 3456 2564 his
3509 2506 3678 2568 aulam,

461 2598 555 2668 qui
585 2600 1157 2670 reputaveritquanta
1193 2610 1246 2656 et
1283 2617 1446 2670 quam
1500 2600 1750 2671 professa
1794 2600 2184 2660 benevolentia
2215 2616 2434 2655 sacrum
2491 2599 2624 2655 illud
2699 2615 2798 2670 par
2861 2599 3161 2674 conjugum
3223 2599 3500 2671 (parentes
3562 2614 3680 2656 utens

412 2701 423 2716 ’
462 2690 746 2762 Augustos
775 2693 940 2763 dico)
979 2693 1187 2749 litteras
1213 2702 1267 2749 et
1300 2694 1573 2750 litteratos
1613 2696 2058 2765 amplecteretur.
2101 2692 2218 2762 Qua
2291 2708 2349 2750 re
2409 2694 2546 2751 satis
2591 2693 2809 2764 vulgata
2859 2692 3048 2748 nullus
3103 2692 3334 2747 cumino
3389 2695 3476 2764 qui
3528 2694 3682 2750 litteris

465 2787 714 2844 initiatus
772 2795 942 2854 esset,
1002 2805 1112 2843 non
1166 2789 1234 2844 ad
1282 2805 1379 2844 eos
1441 2789 1610 2844 itabat
1676 2789 2038 2845 conﬁdenter.

2120 2788 2295 2843 Porro
2385 2788 2569 2844 studia
2629 2802 2740 2845 non
2806 2787 2933 2841 aliis
2989 2786 3175 2841 for-ere
3223 2786 3400 2856 magis
3458 2801 3596 2855 quam
3641 2785 3681 2840 in

461 2882 662 2952 seipsis
691 2895 953 2937 exercere
998 2896 1134 2936 cura
1169 2889 1310 2936 erat.
1348 2880 1840 2938 Consumebantur
1895 2881 2034 2946 dies,
2077 2879 2488 2951 ‘vigilabantur
2559 2889 2754 2934 noctes
2801 2878 2871 2934 ab
2930 2887 3196 2948 utroque,
3257 2877 3310 2932 in
3371 2879 3678 2934 meditatione

415 2991 749 3052 _sacrorum
839 2975 1160 3062 Librorum.
1211 2976 1395 3048 Atque
1460 2977 1550 3034 hic
1644 2978 1777 3033 libet
1839 2977 1915 3034 uti
1975 2973 2234 3031 facultate
2312 2988 2478 3045 quam
2579 2971 2858 3030 rhetorica
2921 2972 3192 3044 indulget,
3255 2972 3486 3028 breviter
3534 2972 3680 3043 digre-

462 3071 668 3128 diendi.

537 3163 763 3220 Memini
826 3164 1140 3234 Augustam
1206 3172 1441 3222 matrem
1519 3180 1696 3221 meam
1755 3163 1860 3220 nec
1916 3179 2040 3220 cum

2147 3155 2518 3228 [Μέμνημαι
2571 3158 2674 3227 τῆς
2726 3156 2935 3227 μητρὸς
2989 3155 3085 3208 καὶ
3137 3153 3410 3226 βασιλίδος
3455 3153 3687 3218 πολλάκις,

469 3272 663 3313 mensa
697 3255 877 3326 posita
905 3253 973 3308 ad
1008 3270 1222 3310 omnem
1255 3265 1550 3310 vocaretur
1587 3255 1839 3326 potuisse
1873 3255 2044 3324 depo-

462 3364 599 3404 nere
633 3348 699 3402 de
733 3347 994 3402 manibus
1013 3362 1153 3418 quos
1174 3347 1497 3402 avidissime
1527 3347 1813 3403 lectitabat
1844 3347 2045 3412 libros,

464 3453 590 3495 cum
624 3439 861 3494 aliorum
888 3447 1206 3494 sanctorum
1242 3437 1465 3497 Patrum
1496 3440 1593 3512 qui
1629 3440 1697 3495 de
1741 3440 1920 3497 sacris
1949 3440 2046 3496 do-

465 3531 746 3602 gmatibus
771 3541 1028 3602 egerunt,
1061 3539 1176 3586 tum
1210 3530 1516 3603 praesertim
1577 3533 1756 3588 sancti
1818 3530 2042 3587 Maximi

469 3625 780 3696 philoSOphi
819 3632 873 3681 et
911 3625 1194 3698 martyris.
1230 3625 1548 3681 Delectabat
1577 3627 1722 3681 enim
1758 3627 1906 3681 illam
1934 3641 2042 3681 non

469 3725 578 3770 tam
623 3718 994 3786 quzestionum
1021 3716 1323 3788 explicatio
1353 3717 1716 3782 naturalium,
1766 3732 1930 3787 quam
1964 3717 2048 3772 di-

467 3810 720 3865 vinorum
745 3811 1065 3882 dogmatum
1103 3811 1497 3881 perscrutatio,
1526 3811 1579 3864 in
1614 3826 1852 3882 quorum
1883 3809 2047 3865 intel-

465 3902 690 3972 ligentia
745 3918 934 3957 verum
993 3917 1273 3973 germanae
1332 3901 1623 3972 sapientiae
1691 3904 1936 3959 fructum
1993 3911 2049 3960 et

468 3996 679 4050 sciebat
719 3995 910 4062 situm,
943 4003 997 4050 et
1044 3996 1344 4065 quaerebat.
1409 3995 1645 4051 Mirabar
1693 4011 1756 4052 ea
1815 4008 2048 4054 cernens

435 4099 590 4157 ‘ego,
654 4093 708 4141 rt
759 4087 1060 4160 aliquando
1127 4103 1264 4143 ausa
1311 4087 1441 4158 quid
1483 4089 1743 4144 sentirem
1813 4090 2046 4147 dicere:

467 4181 777 4249 Quomodo,
821 4181 1068 4252 inquam,
1106 4196 1138 4237 e
1179 4183 1341 4253 plano
1377 4182 1429 4237 in
1469 4182 1814 4239 altitudinem
1867 4184 2051 4255 suspi-

437 4283 444 4290 ‘
471 4290 596 4329 cere
627 4283 680 4329 te
712 4272 915 4344 juvat?
957 4283 1133 4328 tremo
1163 4274 1418 4344 equidem
1460 4290 1563 4346 ego
1597 4275 1847 4344 intuens,
1875 4292 1939 4333 ac
1979 4294 2048 4335 ne

443 4367 700 4422 ‘summis
761 4366 985 4436 quidem
1041 4366 1272 4422 auribus
1344 4367 1637 4425 admittere
1713 4371 2048 4427 mentionem

469 4455 648 4511 audeo
703 4471 1032 4511 arcanorum
1091 4466 1200 4511 tam
1266 4459 1612 4515 sublimium.
1660 4462 1848 4534 Stylus
1878 4463 2048 4530 enim,

469 4544 730 4607 utaiunt,
766 4545 942 4600 sancti
991 4544 1214 4600 Maximi
1258 4557 1497 4631 evectus
1557 4549 1828 4608 altissime
1882 4567 2047 4622 supra

472 4653 634 4692 usum
665 4644 721 4692 et.
747 4645 970 4707 captum
1015 4639 1384 4696 humanorum
1429 4657 1724 4707 sensuum,
1784 4651 1835 4697 et
1866 4644 1919 4698 in
1949 4643 2052 4700 eli-

469 4729 820 4801 quatissimis
879 4732 1449 4802 contemplationibus
1499 4736 1728 4792 assidue
1781 4736 2045 4802 volitans,

2143 3248 2370 3321 ἀρίστου
2432 3245 2826 3317 προκειμένου,
2864 3244 3050 3316 βίϐλον
3112 3246 3175 3300 ἐν
3205 3249 3388 3316 χεροῖν
3441 3243 3686 3314 φερούπηξς

2145 3343 2241 3397 καὶ
2284 3342 2411 3404 τοὺς
2465 3340 2660 3409 λόγους
2712 3338 3155 3408 διερευνωμένης
3204 3337 3316 3390 τῶν
3366 3334 3690 3404 δογματιστῶν

2149 3435 2322 3505 ἁγίων
2354 3432 2641 3504 Πατέρων,
2672 3431 2914 3501 μάλιστα
2946 3430 3005 3486 δὲ
3028 3429 3124 3484 τοῦ
3162 3428 3456 3498 φιλοσόφου
3484 3426 3691 3495 Μαξίμου

2151 3527 2244 3582 καὶ
2283 3525 2582 3598 μάρτυρος.
2649 3521 3011 3580 Ἐσπουδὸικει
3074 3523 3189 3598 γὰρ
3223 3522 3286 3578 οὐ
3314 3520 3552 3576 τοσοῦτον
3597 3517 3692 3588 περὶ

2146 3619 2244 3684 τὰς
2275 3619 2512 3688 φυσικὰς
2566 3616 2915 3690 συξητήσεις,
2947 3617 3150 3670 ὁπόσον
3183 3615 3314 3688 περὶ
3378 3615 3446 3670 τὰ
3477 3614 3692 3683 δόγματα,

2147 3713 2246 3784 τὴν
2275 3712 2446 3776 ὅντως
2506 3710 2697 3781 σοφίαν
2739 3709 3091 3782 καρποῦσθαι
3123 3708 3446 3780 βουλομένη.
3500 3706 3597 3760 Καί
3628 3721 3694 3775 μοι

2153 3804 2420 3868 πολλάκις
2479 3803 2784 3874 θαυμάζειν
2821 3801 3001 3874 ἐπῄει,
3053 3801 3153 3855 καὶ
3220 3800 3566 3867 θαυμάζουσα
3593 3797 3698 3864 ἔφην

2151 3898 2285 3952 ποτε
2315 3897 2450 3968 πρὸς
2476 3897 2673 3965 αὐτὴν
2717 3893 2841 3958 Πῶς
2881 3893 3112 3950 αὐτόθεν
3142 3893 3286 3962 πρὸς
3323 3890 3564 3946 τοσοῦτον
3595 3887 3698 3954 ὕψος

2151 3989 2495 4060 ἐπέϐλεψαςς
2555 3988 2772 4059 Ἔγωγε
2818 3985 3034 4060 τρέμω,
3079 3985 3180 4040 καὶ
3217 3983 3328 4038 οὐδ’
3379 3983 3556 4053 ἄκρος
3594 3978 3699 4032 ὠσὶν

2151 4080 2446 4153 ἀποτολμῶ
2484 4079 2691 4134 τούτων
2723 4077 2960 4132 ἐπαΐειν.
2991 4076 3065 4130 Τὸ
3101 4076 3218 4148 γὰρ
3245 4075 3389 4130 πάνυ
3412 4068 3699 4143 θεωρητικόν

2149 4193 2210 4230 τε
2241 4176 2336 4231 καὶ
2375 4175 2562 4247 νοερὸν
2597 4173 2691 4228 τοῦ
2747 4172 2960 4246 ἀνδρὸς,
2995 4171 3070 4235 ὣς
3111 4189 3308 4240 φασιν,
3344 4170 3539 4237 ἴλιγγον
3567 4162 3700 4234 παρί-

2150 4286 2306 4341 χεται
2338 4267 2452 4332 τοῖς
2484 4263 2976 4334 ἀναγινώσκουσιν.
3028 4262 3092 4314 Ἠ
3123 4262 3183 4316 δὲ
3223 4260 3544 4332 μειδιάσασι
3593 4254 3690 4341 {aut

2163 4355 2486 4426 Ἐπαινετὴν
2505 4349 2622 4407 οἴδα
2649 4351 2750 4424 τὴν
2808 4350 3014 4405 δειλίαν
3059 4349 3294 4421 ταύτην·
3326 4351 3423 4403 καὶ
3472 4345 3572 4400 οὐδ’
3597 4339 3703 4410 αὑτὴ

2153 4450 2399 4520 ἀτρέμας
2423 4449 2544 4509 ταῖς
2585 4445 2792 4518 βίσλοις
2815 4442 3044 4506 ταύταις
3077 4443 3374 4514 πρόσειμι.
3431 4437 3563 4493 Ἀλλ’
3589 4435 3704 4504 ὅμως

2151 4541 2501 4598 ἀποσπᾶσθαι
2549 4538 2756 4593 τούτων
2811 4538 2872 4590 οὐ
2902 4537 3163 4605 δύναμαι.
3216 4536 3290 4589 Σὺ
3338 4533 3396 4590 δέ
3435 4550 3516 4602 μοι
3550 4525 3718 4612 μικρὸνὲ

2152 4631 2470 4707 ἀνάμεινον,
2499 4633 2597 4688 καὶ
2621 4634 2738 4695 ταῖς
2771 4631 2962 4694 ἄλλαις
2989 4630 3288 4699 ἐγκύψασι
3315 4627 3516 4698 βίϐλοις
3545 4613 3716 4693 πρότε-’

2163 4748 2275 4804 ρον,
2304 4729 2402 4784 καὶ
2439 4727 2542 4797 τῆς
2571 4724 2780 4779 τούτων
2825 4721 3130 4790 ἀπογεὺσει
3177 4719 3469 4792 ἡδύτητος.
3503 4709 3706 4782 Ἐτρωσέ

468 4823 802 4894 vertiginem
855 4825 1153 4894 quamdam
1193 4824 1350 4880 aﬂ‘ert
1403 4825 1738 4897 legentibus.
1789 4827 1872 4884 Ad
1931 4829 2044 4884 haec

2157 4843 2259 4894 μου
2297 4824 2397 4895 τὴν
2425 4812 2654 4889 καρδίαν
2677 4819 2710 4889 ἡ
2733 4818 2844 4871 τῶν
2861 4816 3143 4889 ῥηθέντων
3185 4816 3405 4887 μνήμη,
3439 4809 3526 4865 καὶ

471 4913 724 4970 arridens
756 4915 870 4982 illa,
914 4914 1272 4971 Laudabilem
1314 4917 1501 4980 istum,
1537 4917 1632 4983 ait,
1673 4930 1880 4973 metum
1906 4922 2044 4975 scio.

468 5005 664 5076 Neque
689 5020 788 5076 ego
822 5006 944 5060 sine
980 5014 1222 5060 tremore
1267 5005 1334 5058 ad
1369 5005 1531 5077 148
1563 5021 1758 5062 sacros
1798 5007 1900 5063 hos
1958 5022 2050 5061 ac-

471 5098 608 5154 cedo
660 5098 852 5165 libros,
885 5105 1068 5154 tamen
1105 5097 1270 5152 avelli
1302 5097 1372 5152 ab
1404 5099 1488 5153 eis
1536 5114 1794 5170 nequeo:
1825 5102 1957 5170 quin
1991 5110 2049 5157 tu

2156 4893 2234 4983 εῑς
2267 4893 2501 4984 πέλαγος
2533 4913 2661 4970 ἄλλο
2684 4912 2730 4946 ⁸⁸
2757 4909 3119 4981 διηγημάτων
3149 4908 3520 4978 ὲμπέπτωκα.
3581 4893 3708 4951 Ἀλλᾶ

2163 5029 2228 5083 με
2265 5008 2464 5080 θεσμὸς
2495 5003 2736 5076 ἱστορίας
2779 5003 3055 5072 ἀπείργειο
3088 5000 3249 5055 ἔνθεν
3286 5017 3369 5054 τοι
3401 4998 3494 5053 καὶ
3517 4993 3634 5063 πρὸς
3659 4989 3710 5042 τὰ

2162 5103 2306 5158 κατὰ
2333 5105 2423 5157 τὸν
2468 5096 2670 5154 Ἰταλδν
2701 5095 3050 5168 ἀνατρεχέτω
3085 5095 3113 5147 δ
3143 5094 3330 5163 λόγος.

475 5193 611 5250 mihi
652 5193 931 5264 paulisper
961 5199 1244 5262 exspecta,
1289 5199 1342 5246 et
1373 5193 1462 5248 ubi
1492 5192 1620 5258 alia,
1667 5193 1719 5246 in
1761 5195 1963 5264 quibus
2011 5195 2250 5254 formare
2279 5196 2562 5268 ingenium
2590 5194 2744 5266 prius
2812 5205 2910 5262 par
2950 5199 3058 5255 εει,
3100 5189 3245 5244 satis
3269 5187 3476 5257 scripta
3548 5192 3712 5248 ωςηο·

474 5287 572 5354 ris,
605 5286 798 5343 horum
827 5285 1027 5342 deinde
1061 5285 1392 5342 suavitatem
1426 5286 1768 5357 degustabis.
1799 5287 2086 5344 Percussit
2117 5289 2253 5344 mihi
2324 5304 2422 5346 cor
2487 5289 2689 5345 horum
2761 5283 3028 5342 memoria
3097 5281 3386 5338 dictorum
3415 5295 3433 5349 ;
3486 5286 3538 5335 et
3584 5284 3696 5347 quas

1517 5421 1724 5484 Varias
1755 5423 2064 5487 lectiones
2101 5442 2185 5487 ex
2215 5423 2355 5486 cod.
2389 5421 2663 5485 Coislin.

544 5527 590 5560 ⁵⁷
622 5542 699 5581 τι.
760 5525 806 5561 ⁸⁸
836 5525 1114 5599 ἐνίσχυσε.

1207 5525 1254 5558 δ’
1279 5525 1563 5598 κωλύμην.
1639 5528 1686 5561 ⁸⁰
1720 5528 1930 5584 Desunt
1964 5544 2127 5586 voces
2151 5530 2250 5602 ἤδη
2288 5530 2366 5585 δέ.

2458 5531 2502 5564 ⁵⁸
2533 5528 2738 5584 δίδωσι.
2823 5527 2872 5560 ³⁸
2905 5525 3100 5580 ἄλλων.

1563 5667 1703 5729 Car.
1740 5665 2067 5728 Dufresnii
2095 5666 2192 5727 Du
2225 5665 2450 5746 Cangii
2483 5668 2674 5726 notae.

547 5766 658 5838 (67)
699 5766 974 5834 Ἰασίτας.
1007 5765 1236 5824 Jasitam
1274 5767 1461 5838 nescio
1482 5782 1645 5838 quem
1680 5767 1843 5822 habet
1865 5765 2050 5838 Theo-

475 5836 787 5912 phylactus.
853 5839 1166 5912 epist.‘_5§_.
1246 5837 1452 5912 Alium_
1486 5836 1734 5912 ejusdem
1786 5837 2048 5912 nominis,

477 5906 633 5967 Joan.
668 5906 919 5980 Tzctzes,
957 5909 1090 5969 chil.
1124 5909 1179 5980 5,
1213 5923 1336 5980 cap.
1392 5907 1487 5978 l7;
1517 5906 1742 5966 ‘Jobum
1795 5907 2045 5976 Jasitam,

2157 5741 2568 5910 Sagliygifres,
2629 5762 2725 5823 lib.
2774 5779 2837 5831 ν,
2885 5761 3018 5834 cap.
3081 5758 3173 5826 Π.
3236 5755 3382 5817 Vide
3429 5754 3618 5812 Notata
3663 5741 3719 5803 ad
