3830 6574
369 421 473 483 ΜΤ
1695 421 1919 485 ᾹΝΝιΕ
1946 423 1969 483 (

2075 424 2331 484 {NENE
3520 419 3624 484 448

370 537 662 607 velletque,
689 545 742 593 et
771 536 822 592 iu
857 550 922 590 eo
959 534 1116 589 ﬁdem
1147 546 1301 590 suam
1332 533 1725 605 interponeret,
1756 544 1813 587 ut
1845 534 1937 603 qui
1980 533 2047 586 ad
2085 535 2345 605 templum
2378 535 2561 605 magni
2600 536 2855 609 martyris
2880 548 2939 592 se
2966 532 3282 591 conferrent
3356 532 3459 587 sub
3530 533 3632 588 im-

371 634 523 700 perio
558 632 792 701 Augusti
826 631 1083 702 deinceps
1117 631 1405 696 viverent,
1454 629 1546 701 qui
1598 628 1662 683 ad
1719 629 1947 684 alterum
1991 628 2187 683 Auloui
2222 631 2512 685 obversum
2546 631 2760 700 signum
2802 630 2961 703 155.
2990 629 3289 697 ferrentur,
3362 627 3429 681 iis
3497 626 3632 682 liber

372 727 426 781 iu
488 728 717 797 patriam
772 730 1183 797 permitteretur
1273 726 1501 782 reditus.
1557 723 1653 779 llis
1713 724 1968 792 utrinque
2010 725 2183 794 pactis
2248 725 2526 791 stipulatis
2559 727 2791 782 comites
2852 727 2919 778 ad
2958 721 3306 794 imperatoris
3332 728 3516 789 partes
3545 733 3635 773 ac-

373 824 571 878 cedunt
604 842 618 890 ;
659 824 711 877 id
753 824 895 892 quod
948 822 1257 895 Bryennius
1292 820 1659 889 generositate
1693 819 1974 888 indignum
2019 833 2117 874 sua
2151 828 2422 885 statuens,
2460 838 2739 893 nunquam
2774 820 2969 876 adduci
3014 818 3192 889 potuit
3259 825 3319 870 ut
3396 814 3634 869 imitare.

372 924 480 968 tur.
518 913 729 967 Juravit
757 923 966 968 tantum
1006 913 1321 983 imperatori
1345 928 1402 967 se
1427 927 1703 982 nunquam
1777 910 1830 963 in
1888 924 2014 962 eum
2057 919 2332 965 moturum
2369 930 2542 980 arma,
2605 914 2767 968 modo
2819 928 2879 969 se
2927 912 3127 968 idoneo
3172 911 3237 965 ad
3285 908 3627 965 securitatem

372 1009 628 1079 prmsidio
658 1005 849 1061 deduci
876 1007 1095 1076 juberet
1127 1007 1192 1060 ad
1227 1006 1431 1060 limites
1462 1003 1698 1074 imperii,
1727 1000 1871 1056 unde
1892 1014 1951 1053 se
1989 1001 2233 1069 recipere
2264 1004 2486 1058 domum
2514 1016 2733 1075 posset;
2805 1003 2951 1076 quod
2988 1004 3036 1060 ei
3073 1003 3284 1074 prolixe
3344 1002 3623 1068 Augustus

371 1098 619 1157 indulsit.
659 1098 878 1169 iterque
910 1115 1033 1153 mox
1068 1113 1259 1154 versus
1295 1097 1615 1168 Byzantium
1649 1090 1950 1164 splendidae
1989 1090 2232 1147 victoria:
2265 1109 2489 1163 compos
2516 1097 2767 1165 arripuit.

445 1193 731 1262 lligrediar
764 1194 852 1247 hic
885 1194 1164 1263 paululum
1206 1191 1273 1246 ad
1308 1190 1642 1245 narrandum
1676 1185 1953 1257 quomodo

2126 1188 2341 1259 Μικρὸν
2392 1188 2449 1240 δὲ
2497 1189 2762 1254 ὲνταῠθα,
2792 1189 2892 1260 τὴν
2926 1188 3022 1243 τοῦ
3050 1190 3212 1267 λόγου
3239 1189 3499 1258 διήγησιν
3529 1187 3639 1244 δια-

373 1286 721 1342 Paulicianos
762 1287 910 1341 ultus
937 1286 1219 1353 Augustus
1251 1285 1343 1340 sit.
1384 1283 1707 1339 Delecerant
1755 1281 1855 1345 illi,
1890 1290 1952 1335 ut

2074 1278 2274 1350 ιόψασα
2304 1282 2347 1315 ⁷⁵
2379 1281 2528 1345 ὅπως
2567 1283 2693 1344 τοὺς
2727 1282 3131 1346 Παυλικιανοὺς
3160 1284 3273 1354 (72)
3327 1285 3637 1353 κατηγωνί-

373 1380 527 1450 prius
558 1380 767 1434 dictum
802 1388 885 1434 est
907 1418 922 1443 ,
954 1377 1301 1449 pudebatque
1335 1377 1721 1445 imperatorem
1771 1370 1952 1427 redire

374 1472 430 1527 in
460 1472 683 1525 domum
736 1472 939 1541 regiam
994 1471 1316 1539 priusquam
1348 1466 1510 1521 istius
1545 1465 1786 1534 perfidia:
1818 1480 1953 1533 sup-

375 1565 544 1635 plicio
575 1571 884 1629 auctorum,
930 1563 1104 1616 labem
1158 1561 1403 1616 cluisset.
1438 1558 1728 1612 Victoriam
1789 1556 1956 1627 igitur

376 1674 442 1713 ex
474 1659 707 1715 victoria
738 1673 950 1723 serens,
987 1656 1116 1710 dum
1149 1653 1336 1723 gloriae
1359 1653 1661 1723 ejectorum
1702 1650 1951 1707 Casturia

376 1746 660 1801 Gallorum
698 1746 868 1801 decus
901 1743 1125 1799 ultionis
1181 1742 1248 1799 de
1288 1742 1713 1799 Manicltmorum
1752 1751 1954 1797 contu-

378 1835 553 1890 macia
607 1844 837 1903 sumptzc
869 1834 1137 1906 adjungit,
1194 1833 1501 1888 facinorum
1556 1849 1782 1889 suorum
1828 1835 1956 1889 illu-

377 1926 572 1982 strium
606 1928 794 1981 orbem
834 1942 899 1981 ac
932 1942 1193 1983 coronam
1244 1928 1455 1997 implet.
1498 1928 1609 1982 Nec
1643 1930 1789 1983 enim
1848 1942 1952 1997 qua

377 2026 494 2074 erat
525 2018 842 2074 excelsitate
874 2021 1064 2081 animi,
1107 2020 1217 2090 pati
1251 2027 1468 2090 poterat
1504 2020 1722 2089 tropaeis
1752 2022 1960 2087 magni-

378 2110 480 2166 lice
525 2110 593 2167 de
643 2112 889 2167 occiduis
950 2111 1208 2167 hostibus
1250 2113 1451 2169 erectis
1496 2114 1661 2168 hanc-
1691 2115 1956 2168 maculam

380 2203 569 2260 multa:
608 2203 1058 2259 Paulicianorum
1088 2205 1229 2276 fugae
1265 2207 1413 2260 velut
1448 2207 1684 2261 inustam
1718 2218 1958 2269 exstare.

381 2297 448 2352 ad
476 2296 930 2366 interpellandam
975 2299 1398 2367 gratulationem
1443 2299 1740 2368 publicam.
1782 2298 1959 2353 Caete—

382 2403 505 2444 rum
554 2404 667 2445 rem
707 2403 826 2443 eam
875 2388 1020 2445 l'erro
1059 2404 1121 2443 ac
1154 2389 1326 2445 Marte
1374 2400 1561 2461 aperto
1598 2392 1826 2462 transigi
1864 2408 1963 2447 no-

383 2480 504 2547 luit,
534 2481 787 2552 sanguini
819 2488 934 2536 tum
968 2498 1220 2548 suorum,
1255 2493 1368 2537 tum
1398 2484 1641 2552 ipsorum
1678 2500 1823 2538 nunc
1858 2485 1961 2539 ho-

383 2575 589 2642 stium,
627 2591 751 2631 mox
786 2575 1314 2631 reconciliaudorum
1346 2591 1598 2647 parcens.
1633 2578 1807 2634 Norat
1838 2580 1961 2633 ani-

385 2682 505 2723 mos
534 2669 710 2739 gentis
749 2684 815 2723 ac
841 2677 1002 2725 sectae
1047 2669 1348 2740 periclitari
1383 2679 1687 2742 promptos,
1717 2673 1961 2729 imlmni-

386 2760 535 2831 tique
586 2761 641 2816 in
685 2762 886 2832 praeliis
931 2761 1171 2835 impetus
1214 2780 1229 2818 :
1277 2778 1382 2818 nec
1431 2780 1553 2819 cum
1603 2766 1671 2821 iis
1724 2783 1962 2838 pugnam

386 2856 509 2910 sine
544 2853 713 2909 multa
760 2854 1018 2924 utrinque
1043 2855 1191 2909 caede
1226 2855 1495 2911 committi
1525 2871 1685 2927 posse
1709 2873 1965 2927 comper-

389 2947 662 3003 tissimum
697 2946 951 3003 habebat.
984 2946 1235 3003 Decrevit
1264 2963 1396 3018 ergo
1440 2957 1557 3005 arte
1590 2953 1866 3017 grassari,
1902 2967 1967 3008 ac

386 3039 612 3097 sceleris
645 3039 861 3109 quidem
895 3047 1150 3096 auctores
1178 3056 1371 3112 capere
1399 3042 1615 3099 insidiis
1651 3053 1706 3099 ct
1749 3047 1964 3115 punire;

388 3131 797 3188 multitudinem
828 3148 1070 3199 servare,
1103 3149 1167 3187 ac
1197 3142 1410 3191 caeteras
1460 3153 1575 3191 sua:
1610 3139 1827 3207 corpori
1866 3138 1970 3191 mi-

389 3225 519 3281 litiae
550 3225 899 3295 postmodum
944 3225 1207 3281 inserere.
1258 3226 1404 3281 Sane.
1442 3227 1545 3282 viri
1585 3227 1756 3285 fortes
1813 3238 1969 3286 tanto

390 3331 622 3371 numero
645 3316 699 3369 in
726 3315 972 3370 criminis
997 3316 1081 3370 sui
1103 3316 1439 3372 conscientia
1467 3318 1636 3387 quieti
1666 3325 1841 3373 tamen
1869 3319 1967 3374 ad-

393 3410 503 3466 huc
540 3425 707 3480 seque
736 3407 990 3465 domibus
1024 3410 1139 3465 suis
1172 3426 1237 3465 ac
1267 3411 1473 3467 ﬁnibus
1508 3412 1630 3468 sine
1662 3412 1969 3469 vicinorum

393 3517 559 3572 noxa,
593 3502 713 3558 sine
730 3501 911 3573 praeda
937 3503 1283 3560 continentes
1309 3511 1515 3560 temere
1538 3504 1838 3561 lacessendi
1862 3524 1969 3563 non

392 3609 571 3663 erant,
610 3605 663 3651 et
695 3605 970 3652 ostentato
994 3605 1204 3654 terrore
1229 3612 1508 3654 armorum
1548 3599 1601 3654 in
1636 3600 1975 3671 desperatio-

394 3705 516 3746 nem
558 3690 888 3761 conjiciendi
922 3706 1016 3759 per
1043 3705 1204 3761 quam
1239 3691 1526 3747 sinistrum
1581 3693 1723 3750 forte
1765 3696 1974 3766 aliquid

394 3791 448 3839 et
496 3784 815 3852 reipublica:
850 3783 1007 3839 valde
1048 3784 1273 3839 noxium
1328 3795 1554 3855 possent
1602 3790 1973 3846 consciscere.

2059 1388 2191 1424 σατο
2244 1372 2607 1443 διηγήσομαι.
2660 1375 2773 1427 Οὐκ
2825 1376 2989 1445 ἔφερε
3042 1376 3177 1445 μηδὲ
3231 1374 3459 1437 τούτους
3517 1375 3638 1437 τοὺς

2058 1466 2372 1528 ἀποστάτας
2418 1466 2898 1535 καταγωνίσασθαι
2964 1467 3070 1537 πρὸ
3133 1465 3226 1520 τοῦ
3273 1467 3342 1520 τά
3393 1466 3638 1537 βασίλεια

2058 1558 2408 1624 καταλαϐεῖν,
2467 1559 2583 1612 ἀλλ’
2636 1559 2824 1629 ὥσπερ
2882 1559 2992 1613 ἀπό
3044 1575 3193 1621 τινος
3245 1558 3404 1628 νίκης
3451 1557 3637 1629 ἑτέραν

2057 1649 2216 1715 νίκην
2250 1651 2752 1721 πρυτανευόμενος,
2782 1651 2875 1704 καὶ
2900 1650 3001 1722 τὴν
3068 1649 3278 1721 πληθὺν
3324 1650 3434 1703 τῶν
3470 1651 3641 1705 Μανι-

2058 1742 2232 1812 χαίων
2260 1743 2351 1796 τὸν
2385 1742 2589 1797 κύκλον
2621 1743 3055 1815 συμπληροῦσαν
3079 1744 3188 1797 τῶν
3215 1744 3413 1797 ἑαυτοῦ
3447 1760 3643 1817 κατορ-

2059 1835 2328 1904 θωμάτων
2385 1835 2582 1890 ἐποίει,
2617 1835 2751 1890 Οὐδὲ
2787 1834 2895 1907 γὰρ
2946 1835 3073 1904 ἐνῆν
3104 1835 3182 1905 τῷ
3233 1835 3482 1906 λαμπρῷ
3528 1853 3644 1906 τρο-

2060 1929 2208 1999 παίῳ
2254 1929 2361 1981 τῶν
2399 1928 2669 1998 ἐσπερίων
2723 1928 3018 1999 πολεμίων,
3053 1923 3165 1982 οἷον
3200 1926 3389 1981 σπῖλον
3451 1931 3642 1985 ἐνεῖναι

2058 2022 2185 2085 τοὺς
2247 2022 2313 2074 ἐκ
2370 2020 2754 2074 Παυλικιανῶν
2811 2021 3168 2093 ὁρμωμένους
3229 2020 3499 2084 ἐκείνους.
3554 2023 3643 2075 Διά

2062 2114 2304 2184 πολέμου
2344 2113 2399 2167 δὲ
2432 2112 2525 2167 καὶ
2580 2118 2757 2186 μάχης
2803 2116 2901 2169 ούκ
2950 2113 3163 2183 ἢθελεν,
3221 2115 3310 2168 ἵνα
3357 2114 3435 2185 μὴ
3483 2115 3542 2169 ἐν
3583 2118 3643 2188 τῇ

2065 2212 2308 2281 συμϐολῇ
2348 2209 2442 2265 τοῦ
2476 2211 2717 2281 πολέμου
2774 2209 2958 2264 πολλοὶ
2996 2211 3055 2275 ἐξ
3092 2211 3371 2282 ἑκατέρων
3430 2212 3644 2280 ἀναιρε-

2064 2302 2347 2372 θήσονται,
2408 2304 2578 2358 πάλαι
2636 2302 2859 2366 τούτους
2901 2302 3188 2370 γινώσκων
3247 2302 3647 2373 ἐκθυμοτάτους

2063 2397 2293 2467 ἄνδρας,
2353 2397 2449 2451 καὶ
2507 2395 2675 2465 δριμὺ
2735 2395 2880 2449 κατὰ
2934 2395 3045 2448 τῶν
3097 2395 3311 2465 ἐχθρῶν
3367 2394 3647 2457 πνέοντας.

2070 2489 2371 2543 Ἐσπευδεν
2397 2485 2491 2542 οὖν
2520 2487 2610 2540 διὰ
2637 2488 2801 2541 τοῦτο
2829 2488 2957 2549 τοὺς
3013 2488 3381 2555 πρωταιτίους
3429 2487 3533 2557 μὲν
3575 2504 3650 2540 τι·

2071 2582 2454 2655 μωρήσασθαι,
2483 2581 2611 2645 τοὺς
2638 2581 2696 2635 δέ
2728 2598 2791 2650 γε
2822 2582 3046 2645 λοιποὺς
3077 2583 3156 2651 τῷ
3206 2580 3303 2635 τοῦ
3348 2581 3647 2652 στρατοπέ-

2065 2678 2157 2732 δου
2191 2675 2591 2746 συγκαταλέξαι
2616 2673 2851 2743 σώματι.
2877 2674 3073 2728 Ἔνθεν
3100 2692 3184 2728 τοι
3210 2674 3302 2729 καὶ
3332 2673 3423 2728 διὰ
3453 2673 3647 2745 τρόπου

2066 2769 2257 2823 τούτου
2287 2769 2333 2800 ⁷⁸
2368 2766 2580 2839 μετῄει.
2610 2766 2899 2819 Γινώσκων
2929 2765 2986 2820 δὲ
3019 2765 3082 2819 τὸ
3114 2766 3494 2835 φιλοκίνδυνον
3548 2765 3651 2819 τῶν

2067 2858 2280 2932 ἀνδρῶν
2330 2860 2578 2922 ἐκείνων,
2631 2859 2725 2913 καὶ
2767 2860 2896 2931 περὶ
2945 2860 3073 2923 τοὺς
3105 2858 3380 2929 πολέμους
3428 2858 3527 2913 καὶ
3560 2858 3654 2922 τὰς

2073 2952 2255 3025 μάχας
2299 2952 2623 3014 ἀκάθεκτον,
2661 2951 2849 3005 ἐδεδίει
2883 2951 2957 3023 μὴ
2991 2951 3325 3020 ἀπογνόντες
3380 2952 3569 3021 χεῖρόν
3602 2969 3651 3004 τι

2074 3044 2449 3117 μελετήσαιεν’
2483 3044 2726 3114 ἠρέμουν
2758 3044 2867 3113 γάρ
2897 3043 3036 3105 τέως
3065 3044 3165 3114 τὴν
3200 3045 3354 3113 σφῶν
3378 3043 3654 3108 οἰκοῦντες

2071 3137 2329 3208 πατρίδα,
2360 3138 2455 3190 καὶ
2489 3137 2645 3189 οὔπω
2686 3136 2823 3205 πρὸς
2853 3134 3147 3204 λεηλασίας
3174 3135 3342 3197 ἄλλας
3389 3135 3491 3189 καὶ
3530 3152 3655 3205 προι

2071 3232 2240 3301 νομὰς
2271 3229 2635 3301 ἐξετράποντο
2669 3243 2684 3259 ⁸
2727 3228 3115 3299 μετεπέμπετο
3142 3224 3235 3282 οὖν
3262 3229 3352 3282 διὰ
3386 3229 3654 3299 γραμμά-

2070 3340 2181 3376 των
2208 3321 2430 3385 τούτους
2456 3322 2514 3373 ὲν
2539 3320 2618 3390 τῷ
2650 3319 2789 3391 πρὸς
2817 3320 2879 3372 τὸ
2907 3320 3205 3384 Βυζάντιον
3252 3320 3654 3390 ἐπανέρχεσθαι

2076 3417 2299 3488 συχναῖς
2350 3414 2731 3487 ὑποσχέσεσιν.
2766 3417 2829 3468 Ui
2859 3415 2915 3469 δὲ
2955 3415 3055 3485 τὴν
3101 3414 3241 3469 κατὰ
3290 3415 3401 3467 τῶν
3443 3413 3656 3467 Κελτῶν

2073 3512 2234 3580 νίκην
2260 3510 2426 3564 αὐτοῦ
2467 3508 2851 3580 μεμαθηκότες
2890 3508 3184 3571 ἐδεδίεσαν,
3216 3509 3267 3561 εί
3299 3508 3451 3577 τάχα
3480 3507 3573 3561 καὶ
3595 3505 3660 3559 τά

2074 3604 2386 3676 γράμματα
2447 3605 2716 3675 χρησταῖς
2771 3602 2972 3665 αὐτοὺς
3028 3601 3244 3656 ἐλπίσιν
3318 3601 3657 3654 ὑπέσαινον*

2076 3698 2227 3766 ὅμως
2260 3695 2355 3749 καὶ
2403 3693 2479 3766 μὴ
2530 3693 2845 3765 βουλόμενοι
2893 3694 2997 3762 τῆς
3046 3692 3185 3761 πρὸς
3234 3678 3400 3745 αὐτὸν
3435 3692 3658 3762 εἴχοντο.

2092 3790 2328 3852 Ἐκεῖνος
2375 3787 2434 3840 δὲ
2465 3788 2564 3859 τὴν
2594 3786 3009 3841 Μοσυνούπολιν
3036 3782 3153 3856 (73)
3187 3783 3544 3846 καταλαϐὼν,
3572 3782 3661 3835 αὖ·

401 3873 607 3930 Scribit
634 3876 800 3947 igitur
834 3875 901 3931 ad
935 3891 1030 3932 eos
1061 3877 1115 3932 in
1144 3878 1264 3947 ipso
1290 3894 1484 3936 versus
1508 3880 1969 3954 Constantinopo-

2077 3882 2193 3937 τόθι
2218 3880 2581 3953 προσέμενεν,
2607 3880 3043 3949 ὑποκρινόμενος
3072 3876 3263 3950 [αὑτοῦ
3298 3872 3435 3947 που]
3461 3875 3530 3928 δι’
3555 3872 3660 3928 ἀλλ’

397 3966 491 4022 lim
526 3968 705 4023 reditu
742 3969 956 4040 magnis
985 3971 1278 4041 promissis
1316 3973 1553 4029 invitans
1586 3983 1649 4029 ut
1677 3975 1743 4030 ad
1776 3991 1836 4033 se
1879 3994 1976 4034 ve-

401 4058 605 4116 nirent.
663 4057 783 4114 Jam
846 4061 970 4116 illos
1022 4063 1333 4131 perculerat
1395 4065 1627 4121 nuntius
1681 4078 1977 4138 reportata:

397 4149 642 4206 victoriae
686 4151 754 4208 de
777 4151 972 4209 Gallis.
1017 4153 1154 4224 Spes
1196 4154 1361 4225 igitur
1395 4157 1859 4226 promissiouibus
1887 4179 1981 4220 ex-

399 4241 565 4298 citata
590 4242 770 4310 novis,
796 4258 920 4299 cum
946 4248 1098 4316 prius
1114 4254 1383 4317 concepto
1407 4248 1605 4306 timore
1631 4253 1978 4325 conspirans,

402 4331 656 4389 homines
703 4333 795 4388 diu
832 4335 1133 4393 reluctatos
1176 4339 1399 4394 tandem
1447 4343 1687 4412 perpulit
1733 4355 1793 4401 ut
1834 4347 1980 4404 viam

404 4424 587 4479 aulam
617 4441 813 4483 versus
843 4437 1221 4499 capesserent.
1262 4429 1525 4488 Substitit
1556 4436 1778 4492 interim
1808 4438 1982 4513 Mosy-

402 4517 587 4586 πιοροιί
639 4517 900 4587 Alexius,
948 4519 1086 4577 lictis
1114 4525 1410 4577 'morarum
1447 4527 1655 4594 causis,
1699 4544 1889 4587 revera
1924 4540 1985 4588 ut

404 4606 737 4667 Manicheos
771 4610 884 4666 illic
912 4613 1342 4683 opperiretur.ili
1377 4624 1437 4670 ut
1475 4617 1772 4675 adfuerunt
1804 4624 1985 4693 priva-

404 4700 502 4756 tim
538 4717 811 4772 quemque
864 4703 1109 4773 ipsorum
1161 4720 1362 4777 cupere
1393 4722 1453 4763 se
1480 4724 1646 4767 nosse
1689 4712 1985 4784 imperator

404 4792 651 4849 simulat.
684 4792 915 4851 Nomina
943 4797 1185 4866 exquirit
1227 4799 1566 4870 singulorum
1611 4811 1667 4858 et
1718 4808 1981 4875 perscribi

402 4881 581 4952 jubet.
619 4882 757 4939 lliuc
785 4884 895 4953 jam
933 4897 1154 4956 aspectu
1187 4889 1242 4944 in
1266 4904 1518 4946 severum
1553 4901 1765 4949 mutato
1795 4898 1984 4952 multi-

405 4974 654 5031 tudinem
703 4975 1127 5036 Manichaeorum
1162 4996 1270 5038 non
1323 4982 1391 5037 ad
1436 4998 1496 5039 se
1525 4986 1854 5052 confertam,
1891 4989 1984 5044 sed

2076 3972 2216 4027 ἅττα
2244 3973 2626 4042 ἐγκαρτερεῖν,
2642 3970 2703 4023 τὸ
2729 3970 2787 4024 δέ
2810 3987 2875 4039 γε
2905 3970 3026 4023 ὅλον
3047 3970 3148 4041 τὴν
3165 3967 3348 4022 αὐτῶν
3373 3967 3661 4038 ἀναμένων

2076 4061 2282 4132 ἄφιξιν.
2305 4060 2733 4121 Καταλαὸόντας
2751 4059 2796 4093 ⁷⁷
2830 4058 2887 4112 δὲ
2912 4059 3045 4130 ὲσ-χη
3056 4058 3314 4128 ματίζετο
3344 4056 3663 4127 ἀναθεωρῆ-

2079 4169 2171 4206 σαι
2213 4152 2437 4215 τούτους
2495 4151 2807 4223 βούλεσθαι,
2836 4152 2933 4206 καὶ
2960 4151 3195 4205 ἑκάστου
3228 4150 3331 4222 τὴν
3361 4147 3663 4220 ὀνομασίαν

2079 4244 2461 4318 ἐγγράψασθαι
2493 4242 2561 4311 ’⁸,
2597 4243 2750 4298 ἐνθεν
2778 4260 2862 4297 τοι
2894 4243 2990 4297 καὶ
3034 4242 3265 4315 φοϐερὸς
3293 4241 3663 4312 προύκάθητο.

2082 4340 2178 4394 καὶ
2205 4341 2251 4373 τ’
2287 4340 2347 4393 οὐ
2385 4337 2615 4410 φύρδην,
2645 4337 2784 4392 ἀλλὰ
2826 4337 2921 4393 καὶ
2944 4337 3175 4401 δεκάδας
3198 4337 3327 4399 τοὺς
3355 4335 3595 4402 λογάδας
3616 4334 3662 4365 ⁸⁸

2080 4431 2190 4487 τῶν
2222 4431 2547 4501 Μανιχαίων
2579 4430 2856 4484 ποιεῖσθαι
2887 4429 3170 4495 ἐκέλευσε,
3205 4428 3304 4499 τὴν
3326 4427 3442 4481 τῶν
3477 4426 3665 4481 κοινῶν

2083 4523 2213 4597 θέαον
2249 4525 2306 4588 ἐς
2337 4523 2517 4578 νέωτα
2563 4523 2962 4593 ὑποσχόμενος,
3003 4517 3129 4595 κᾷθ’
3180 4521 3355 4584 οὕτως
3386 4520 3525 4573 εἴσω
3564 4518 3667 4571 τῶν

2082 4614 2268 4668 πυλῶν
2302 4611 2800 4683 ἀπογραφομένους
2833 4611 3204 4681 είσέρχεσθαι.
3239 4608 3667 4679 Ἦτοιμασμένοι

2082 4706 2141 4759 δὲ
2170 4705 2323 4767 ὄντες
2346 4705 2397 4759 ot
2425 4704 2655 4767 τούτους
2692 4704 2917 4774 δεσμεῖν
2955 4702 3286 4772 ὀφείλοντες,
3315 4701 3449 4764 τοὺς
3472 4700 3668 4761 ἵππους

2087 4797 2186 4852 καὶ
2219 4797 2288 4851 τά
2315 4796 2459 4852 ὅπλα
2486 4794 3025 4866 ἀναλαμόανόμενοι,
3051 4794 3278 4857 τούτους
3311 4795 3373 4847 ὲν
3402 4793 3520 4855 τοῖς
3540 4794 3668 4845 ἀπο-

2087 4892 2452 4964 τεταγμένοις
2512 4890 2797 4963 φρουρίοις
2834 4889 3127 4944 ὲνέκλειον.
3175 4887 3239 4941 Οἱ
3277 4886 3336 4940 δέ
3362 4902 3427 4954 γε
3474 4882 3670 4954 ἐφεξῆς

2090 4989 2383 5061 ἐρχόμενοι
2410 4987 2651 5058 παντελῆ
2679 4986 2790 5040 τῶν
2841 4985 3238 5059 πραττομένων
3265 4983 3499 5050 ἄγνοιαν
3523 4979 3669 5051 ἔχον-

1485 5119 1684 5182 νδνίω
1729 5120 2032 5186 lectiones
2078 5139 2157 5185 ex
2186 5122 2331 5187 cod.
2361 5122 2634 5185 Coislin.

481 5213 528 5286 "f
547 5213 813 5286 τεμοῦσα.

1343 5219 1392 5253 ⁷⁷
1418 5220 1862 5276 καταλαϐόντων.

413 5284 614 5357 γὰδας.

922 5218 969 5251 ’⁸
997 5217 1243 5283 τούτους.

1966 5222 2014 5257 ⁷⁸
2044 5222 2496 5294 ἀναγράψασθαι.

2596 5221 2641 5254 ⁷⁸
2669 5218 2832 5275 κατά.
2936 5215 2985 5250 ⁸⁸
3010 5216 3221 5274 Desunt
3242 5230 3406 5274 voces
3436 5214 3563 5277 τοὺς
3592 5213 3673 5267 λο-

1453 5404 1598 5466 Car.
1648 5404 1984 5467 Dufresnii
2032 5408 2129 5471 Du
2161 5409 2385 5491 Cangii
2416 5419 2604 5474 notae.

492 5529 605 5608 (7?)
638 5532 1103 5608 Ha‘vltmdroyg,
1142 5529 1489 5608 Paulician_os
1514 5546 1637 5608 cum
1672 5530 1969 5608 Manichaai:

2099 5538 2281 5591 αὐτῶν
2306 5537 2643 5608 βλασφήμων
2691 5535 2835 5608 πρὸς
2857 5534 3148 5608 ἀλλήλουςΣ
3198 5533 3373 5596 οὕτως
3399 5527 3670 5608 ῌΑετιανοὶ

422 5597 530 5669 hoc
562 5597 683 5654 loco
709 5602 864 5654 Anna
891 5610 945 5654 et
975 5602 1102 5654 alibi
1128 5616 1273 5669 saepe
1300 5600 1626 5663 confundit;
1656 5610 1814 5655 erant
1837 5603 1985 5654 enim

421 5667 726 5724 Pauliciani
762 5671 1185 5726 Manichaeorum
1212 5667 1463 5727 ’asseclze.
1499 5670 1823 5725 Timotheus
1856 5687 1983 5740 pre-

419 5740 632 5812 shyter,
661 5739 753 5812 lib.
785 5740 936 5812 ΠερὶΔ
957 5740 1066 5793 τῶν
1099 5739 1557 5812 προσερχομένων
1582 5744 1647 5812 τῇ
1685 5741 1818 5812 ἁγίᾳ
1860 5739 1986 5812 Ἕκτ

421 5808 1066 5880 πλησίαξΓειτονεύουσι
1110 5808 1168 5863 δέ
1208 5808 1342 5873 πωξ
1370 5808 1467 5865 καὶ
1512 5808 1825 5880 ἀγχίθυροι,
1874 5811 1985 5864 εἰσί

423 5878 570 5945 τινες
606 5878 715 5935 τῶν
747 5880 1061 5952 αίρετικῶν,
1088 5882 1255 5953 ἤγουν
1304 5881 1360 5937 εν
1391 5897 1502 5937 τισι
1546 5878 1655 5937 τῶν
1694 5878 1981 5953 δογμάτων

2095 5608 2173 5676 τῷ
2234 5603 2465 5677 Ἀρείῳ,
2502 5603 2754 5659 Ναύαταὶ
2798 5603 3193 5677 Σα-ϐδατιανῷ,
3229 5634 3299 5644 —
3325 5603 3421 5677 καὶ
3469 5603 3670 5677 Παυλι-

2095 5669 2275 5732 κίανοὶ
2302 5669 2423 5741 ’τοῖς
2450 5669 2808 5745 Μανιχαίοις.
2844 5673 2985 5745 Vide
3023 5669 3221 5745 Notata
3275 5672 3513 5745 ad__pag.

2166 5750 2275 5819 (75)
2308 5818 2317 5819 ί
2352 5739 2832 5819 Μοσυνύέτολιγ.
2869 5743 3268 5819 _\'illharduino
3339 5739 3671 5814 Mosynopk.

2092 5813 2227 5877 Vide
2257 5813 2492 5876 Observ.
2524 5827 2741 5873 uestras
2769 5815 2834 5870 ad
2869 5815 3015 5871 hunc
3044 5813 3392 5886 scriptorem.
