3830 6562
171 402 258 462 lifl

1386 384 1801 445 ALEXIADIS
1843 385 1990 445 LIB.
2034 384 2136 444 VI.

3275 386 3381 453 450

168 534 241 577 τες
265 514 493 580 εἰσῄεσαν
525 504 845 572 ἀγνοοῦντ;ς
888 502 947 557 τὸ
981 500 1400 572 ἀποϐησόμενον
1446 500 1687 571 ἑκάστῳ.

1809 517 1890 555 ter
1914 500 2147 556 deeadas
2177 500 2443 572 digestum
2482 498 2756 556 introduci
2782 498 2961 569 jubet.
2998 497 3146 555 Velle
3168 515 3227 555 se
3254 516 3383 558 cum

167 608 368 666 Τούτους
395 599 491 669 μὶν
512 595 601 653 οὖν
622 596 763 650 οὕτω
798 595 1056 665 κατέσχε,
1087 596 1181 649 καὶ
1209 593 1307 657 τὰς
1334 593 1513 647 αὐτῶν
1544 610 1699 663 περι-

166 694 324 754 ουσίας
382 688 636 759 δημεύσει
702 682 1139 749 καθυποδαλὼν,
1203 683 1516 753 διενείματο
1585 684 1698 744 τοῖς

168 782 563 855 συγκεκοπακόσι
592 781 633 811 ⁸¹
658 779 838 849 τούτῳ
869 779 929 831 ὲν
974 780 1096 839 ταῖς
1142 774 1557 847 συμπεσούσαις
1597 776 1699 844 μά-

163 898 281 953 χαις,
309 878 396 930 καὶ
415 877 527 936 τοῖς
559 870 828 934 κινδύνοις
855 872 1130 939 γενναίοις
1152 870 1387 933 ἐκείνοις
1424 887 1483 921 στ
1496 868 1700 939 ρατιὼ-

164 991 276 1033 ut;
316 964 582 1021 Ἀπελθὼν
606 964 712 1018 δὲὸ
755 963 853 1034 τὴν
879 963 1197 1033 οἰκονομίαν
1237 962 1447 1032 ταύτην
1502 962 1695 1014 ἀναδε·

167 1067 374 1131 ξάμενος,
403 1061 495 1112 καὶ
518 1058 615 1119 τὰς
655 1055 837 1110 αὐτῶν
881 1056 1149 1124 γυναῖκας
1178 1054 1288 1107 τῶν
1337 1053 1527 1108 οἰκιῶν
1559 1055 1699 1107 ἀπε-

167 1158 319 1217 λὰσας,
345 1151 479 1204 κατὰ
503 1151 604 1218 τὴν
631 1147 933 1219 ἀκρόπολιν
958 1147 1311 1218 ἐμφρούρους
1344 1141 1514 1217 εἶχεν.
1556 1145 1697 1208 Τοὺς
1721 1210 1730 1219 .

166 1250 283 1312 δέγε
336 1240 769 1311 κατασχεθέντας
822 1240 932 1292 τῶν
987 1238 1309 1307 Μανιχαίων
1348 1236 1696 1305 συμπαθείας

165 1339 271 1394 κατᾶ
299 1334 484 1407 μικρὸν
511 1336 537 1387 ὁ
570 1333 929 1405 αὐτοκράτωρ
957 1332 1193 1402 ἠξίωσεν
1218 1347 1231 1361 '
1268 1331 1458 1384 ὀπόσοι
1500 1330 1557 1383 δὲ
1603 1330 1697 1383 καὶ

164 1432 232 1486 τοῦ
262 1432 390 1483 θείου
420 1429 801 1497 βαπτίσματος
830 1428 1018 1495 τυχεῖν
1053 1424 1391 1496 προείλοντο,
1420 1424 1541 1477 οὐδὲ
1575 1422 1700 1475 τού-

152 1545 232 1581 ,του
266 1523 645 1593 ἀπετύγχανον.
673 1523 771 1575 Διὰ
799 1523 1064 1584 παντοίας
1091 1521 1147 1572 δὲ
1176 1517 1478 1589 περιελθὼν
1497 1518 1695 1580 αὐτοὺς

166 1618 364 1688 μεθόδου,
404 1618 499 1669 καὶ
560 1614 819 1683 διαγνοὺς
867 1614 994 1675 τοὺς
1048 1614 1257 1677 αἰτίους
1297 1612 1396 1683 τῆς
1438 1610 1697 1680 τοιαύτης

146 1710 369 1771 ἀπονοίας
400 1710 456 1762 ὲν
480 1712 670 1779 νήσοις
702 1706 1025 1777 περιορίσα;
1063 1707 1350 1777 καθεῖρξε·
1383 1707 1500 1768 τοῖς
1534 1705 1590 1758 δέ
1620 1719 1682 1770 γε

161 1805 325 1864 λοιποῖς
349 1801 529 1856 ἄδειαν
553 1799 828 1868 δεδωκὼς,
848 1800 1029 1853 ὃποι⁸²
1044 1798 1306 1870 βουλητὸν
1325 1799 1510 1860 αὐτοῖς
1536 1796 1693 1850 ἀπιέ-

1800 592 1866 647 iis
1900 594 1981 647 sic
2017 594 2083 647 ad
2120 590 2384 660 colloquii
2424 589 2742 644 facilitatem
2781 591 2975 647 divisis
3022 592 3188 646 modo
3218 608 3383 661 agere

1772 685 1866 740 .de
1922 685 2148 755 privatis
2189 684 2375 750 rebus,
2405 686 2473 739 de
2504 683 2724 753 publica
2766 684 3055 754 legationis
3100 686 3387 740 accersitae

1792 794 1965 843 causa
2015 776 2215 831 deinde
2264 788 2539 829 acturum.
2599 774 2675 829 Ex
2710 775 2813 830 hoc
2855 776 3078 832 decreto
3128 776 3388 829 admitte-

1798 873 2000 927 bantur
2035 871 2178 926 intra
2222 868 2452 938 jauuas,
2510 867 2669 939 155
2716 884 2951 937 quorum
3015 885 3081 924 ex
3134 872 3385 938 catalogo

1799 963 2024 1020 nomina
2074 961 2485 1025 recitabantur;
2526 961 2824 1015 introducti
2864 961 3071 1029 paratis
3107 976 3377 1016 occurre-

1800 1056 1930 1110 bant
1976 1055 2066 1121 qui
2128 1068 2227 1107 eos
2273 1053 2434 1121 equis
2485 1052 2763 1121 armisque
2814 1051 3011 1108 ablatis
3064 1053 3281 1108 vinctos
3327 1053 3382 1107 in

1797 1147 2074 1203 cusmdias
2104 1146 2439 1201 deducerent
2470 1145 2671 1213 cuique
2698 1144 3050 1199 constitutas.
3081 1142 3381 1199 Vocaban-

1801 1250 1890 1295 tur
1918 1256 2040 1293 mox
2069 1239 2158 1293 alii
2190 1239 2439 1294 omnium
2470 1253 2591 1306 qua:
2632 1237 2783 1306 prius
2834 1237 3100 1307 ingressis
3132 1239 3383 1305 contige-

1800 1344 1924 1388 rant
1972 1349 2207 1403 quaeque
2265 1333 2376 1387 sibi
2425 1331 2558 1400 ipsis
2616 1331 2996 1399 impenderent
3043 1330 3242 1397 ignari.
3283 1329 3387 1383 Per

1799 1428 1947 1482 hunc
1977 1429 2197 1481 modum
2232 1425 2410 1495 capita
2440 1425 2553 1494 ipsa
2584 1423 2853 1477 tumultus
2885 1421 3052 1491 cepit,
3079 1436 3143 1473 ex
3168 1434 3387 1474 eorum-

1799 1536 1906 1591 que
1940 1519 2233 1589 publicatis
2283 1517 2442 1573 bonis
2494 1516 2663 1569 fortes
2697 1526 2752 1570 et
2791 1512 2980 1568 fideles
3035 1512 3235 1567 milites
3289 1513 3385 1577 qui

1799 1620 2145 1667 constantem
2176 1611 2230 1663 in
2266 1609 2527 1679 periculis
2561 1606 2671 1676 ipsi
2699 1622 2763 1661 ac
2808 1604 3012 1675 prmliis
3043 1612 3097 1658 et
3141 1604 3381 1659 laborio-

1799 1722 1915 1762 sam
1955 1712 2220 1758 navarant
2249 1716 2473 1772 operam
2494 1708 2881 1755 remuneratus
2911 1708 3017 1753 est.
3044 1696 3190 1752 Misit
3216 1697 3385 1750 etiam

1800 1802 1891 1869 qui
1928 1813 2126 1852 uxores
2154 1797 2497 1851 detentorqu
2530 1794 2787 1849 domibus
2810 1792 3099 1879 ejicerent,
3125 1790 3381 1858 bonaque

161 1911 224 1947 ναι
242 1859 508 1945 ἀπέλυσεν.
540 1891 609 1946 Οἱ
638 1893 692 1946 δὲ
843 1859 1223 1961 ὲνεγκαυμένην
1250 1890 1362 1962 (Ἠ)
1388 1859 1499 1942 τῶν
1522 1890 1698 1944 ἄλλων

1809 1892 1989 1945 onmia
2046 1891 2181 1945 fisco
2226 1888 2567 1943 vindicarent
2600 1902 2614 1938 :
2646 1887 2784 1955 ipsis
2836 1868 3056 1940 interim
3106 1883 3210 1939 sub
3262 1889 3382 1935 tuta

162 1983 589 2051 προιιμηαάμενοι
653 1982 852 2036 αὐτίκα
908 1982 1042 2053 πρὸς
1086 1981 1259 2052 αὐτὴν
1305 1980 1693 2051 ὲπανέτρεχον,

157 2073 216 2137 ὡς
238 2073 337 2127 ἐνὸν
366 2074 432 2126 τὰ
458 2075 585 2127 κατ’
613 2074 810 2137 αὐτοὺς
835 2076 1317 2146 οίκονομήσαντες.

1803 1983 2139 2039 munitarum
2163 1982 2371 2036 arcium
2405 1980 2654 2036 custodia
2688 1992 2875 2049 positas
2910 1978 3145 2032 desertae
3172 1973 3382 2030 militia:

1802 2076 2101 2139 luentibus,
2142 2074 2347 2144 quibus
2396 2080 2577 2127 tamen
2626 2072 2972 2141 postmodum
3030 2084 3142 2123 sua:
3176 2076 3386 2121 natura:

161 2169 403 2237 indulgens
432 2181 687 2235 magnam
719 2167 981 2237 paulatim
1013 2170 1225 2224 remisit
1247 2184 1419 2238 poma:
1445 2179 1687 2239 partem:
1730 2169 1989 2223 adiuissis
2030 2168 2194 2224 etiam
2268 2166 2338 2221 ad
2412 2165 2667 2233 baptismi
2716 2166 2946 2233 gratiam
2998 2168 3269 2229 quotquot
3316 2172 3380 2213 ex

160 2257 261 2327 ipsis
288 2258 345 2309 ad
372 2271 488 2308 eam
522 2256 747 2311 invitati
816 2272 925 2311 non
997 2248 1324 2315 renuerunt.
1395 2257 1665 2314 Omnibus
1738 2259 1977 2329 denique
2018 2274 2153 2314 usus
2198 2258 2411 2313 artibus
2446 2255 2515 2310 ad
2558 2255 2826 2325 liquidum
2860 2252 3209 2323 explorandae
3235 2251 3384 2305 veri-

161 2350 273 2409 tatis,
303 2364 429 2417 quos
472 2350 723 2419 ipsorqu
754 2352 1020 2422 comperit
1063 2352 1188 2407 mali
1246 2354 1462 2407 consilii
1514 2355 1683 2408 fuisse
1722 2364 1976 2409 auctores
2003 2369 2096 2408 eos
2128 2352 2277 2408 solos
2301 2351 2682 2422 deportatioue
2720 2352 2772 2404 in
2839 2349 3047 2403 insulas
3146 2346 3383 2418 punivit,

160 2441 327 2497 caneris
346 2442 595 2499 dimissis
617 2452 939 2514 potestatem
976 2446 1101 2500 fecit
1125 2462 1231 2514 quo
1292 2448 1508 2501 tttallctt'
1578 2446 1767 2501 eun-.li.
1814 2446 1888 2502 Eo
1940 2450 2014 2501 illi
2070 2449 2299 2502 arbitrio
2354 2447 2427 2500 ita
2470 2446 2551 2500 usi
2587 2454 2716 2499 sunt
2763 2451 2824 2497 ut
2870 2443 3072 2497 nullam
3110 2450 3385 2496 terrarum

159 2549 277 2589 oram
318 2534 711 2606 praeferendam
751 2540 939 2609 patria:
974 2548 1255 2609 putarent,
1285 2541 1348 2594 ad
1376 2556 1495 2595 eam
1529 2555 1658 2610 erg)
1704 2542 2028 2597 festinarent
2060 2541 2304 2597 universi
2373 2556 2472 2596 sua
2506 2539 2620 2595 illic
2662 2555 2763 2610 pro
2797 2555 2855 2595 se
2921 2538 3159 2609 quisque
3221 2551 3384 2591 cura-

161 2631 263 2685 turi.

223 2720 431 2785 Ἐκεῖνος
447 2721 500 2775 δὲ
522 2723 665 2793 πρὸς
688 2724 780 2796 τὴν
805 2724 1056 2795 βασιλίδα
1076 2714 1184 2779 τῶν
1204 2727 1409 2781 πόλεων
1430 2726 1699 2782 ἐπάνεισι.

162 2813 250 2867 Οὐκ
274 2814 419 2867 ἔλαθε
452 2816 509 2868 δὲ
544 2817 740 2870 τοῦτον
770 2820 837 2870 τα
867 2821 989 2872 κατ’
1031 2819 1200 2873 αὑτοῦ
1255 2822 1315 2874 ἐν
1356 2821 1591 2893 τριόδοις
1641 2837 1699 2875 τε

160 2908 235 2959 καὶ
280 2907 492 2975 γωνίαις
558 2909 1084 2982 ὐποψηθυριξὸμενα
1140 2913 1209 2967 ⁸³.
1274 2913 1435 2966 Ἀλλὰ
1480 2912 1701 2967 ἁκούων

159 2999 475 3069 ἐτιτρώσκετο
506 3001 609 3071 τὴν
644 3003 844 3073 ψυχὴν,
872 3004 954 3057 ὅτι
986 3005 1060 3075 μὴ
1098 3004 1353 3059 τοσοῦτον
1383 3004 1705 3076 εἰργασμέ-

159 3110 226 3155 νος
251 3095 635 3149 πολλαπλασίω
669 3098 735 3149 τὰ
765 3099 1013 3168 στόματα
1054 3099 1161 3152 τῶν
1190 3100 1701 3169 συκοφαντούντων,

160 3181 277 3255 εἶχεν
326 3188 505 3259 ἐαυτῷ
576 3190 983 3261 περιχαίνοντα.
1058 3191 1297 3256 Ἐκεῖνος
1345 3194 1456 3262 γὰρ
1508 3193 1702 3263 χρείας

159 3279 589 3349 κατεπειγούσης,
624 3280 718 3332 καὶ
749 3280 1018 3351 κοσμικοῦ
1070 3282 1339 3346 κλύδωνος
1376 3282 1433 3349 ἐξ
1466 3283 1701 3355 ἀπορίας

158 3371 244 3423 τῶν
269 3371 565 3441 βασιλικῶν
622 3373 889 3453 ταμείων,
924 3374 1063 3443 πρὸς
1094 3374 1270 3429 ’τοῦτο
1310 3375 1586 3447 ἀπέϐλεψε
1610 3377 1706 3430 καὶ

158 3461 217 3525 ὡς
257 3463 459 3517 δάνειον
518 3463 828 3533 ἐλογίζετο,
862 3465 976 3519 ἀλλ’
1003 3468 1100 3538 οὐχ
1130 3468 1204 3530 ὡς
1246 3467 1518 3538 ἅρπαγμα
1546 3469 1580 3539 ἢ
1610 3486 1706 3523 τυ-

162 3560 385 3626 ραννικῆς
412 3557 605 3628 χειρδς
656 3557 978 3629 ἐπιϐουλὴν,
1008 3558 1084 3621 ὡς
1115 3560 1165 3612 οἱ
1209 3560 1704 3633 διαλοιδορούμενοι

159 3645 357 3711 λέξειαν.
400 3648 572 3702 Ἀλλὰ
604 3648 701 3702 καὶ
766 3647 995 3719 γνώμης
1026 3649 1197 3714 οὕτως
1258 3650 1405 3721 εἶχεν
1453 3652 1528 3717 ὡς
1566 3656 1705 3723 μετὰ

160 3742 205 3792 τὸ
228 3741 565 3813 κατορθῶσαι
592 3741 723 3804 τοὺς
762 3742 1150 3811 ἐπικειμένους
1186 3742 1453 3815 πολέμους
1491 3745 1706 3798 ἀποδὼ-

162 3851 247 3887 σων
267 3838 378 3899 ταῖς
408 3836 736 3902 ἐκκλησίαις
759 3836 852 3888 τὸν
887 3837 1245 3909 ἀψῃρημένον
1275 3838 1482 3908 κόσμον
1502 3838 1703 3894 αὐτῶν.

163 3929 251 3979 Καὶ
293 3930 387 3981 οὐκ
422 3928 629 3999 ἔφερεν
685 3926 1071 3992 ὑπαναζεύξας
1120 3928 1167 3961 ⁸⁸
1204 3933 1268 4001 τῇ
1327 3929 1559 4000 βασιλίδι
1601 3932 1709 3986 τῶν

164 4020 340 4073 πόλεων
381 4020 645 4074 ὑπόθεσιν
694 4020 944 4089 γίνεσθαι
987 4024 1102 4084 τοῖς
1170 4020 1417 4075 ἐθέλουσι
1478 4023 1707 4096 διασύρ-
1748 4078 1769 4089 _

164 4129 253 4164 νειν
273 4114 313 4145 ⁸⁸
339 4115 404 4167 τὰ
433 4114 676 4167 ἐκείνου.
704 4114 896 4167 Ἔνθεν
928 4132 1013 4168 τοι
1042 4115 1137 4169 καὶ
1173 4115 1470 4185 ἐκκλησίαν
1499 4117 1709 4188 κηρύτ-

160 4220 246 4269 τει,
292 4206 381 4260 καὶ
431 4206 714 4277 συνέδριον
761 4207 1021 4279 μέγιστον
1058 4208 1137 4271 είς
1175 4208 1244 4262 τὰ
1281 4211 1341 4262 ἐν
1375 4209 1709 4281 Βλαχίρναις

161 4297 426 4371 ἀνάκτορα,
451 4300 651 4353 ἑαυτὸν
674 4300 875 4354 ἐθέλων
904 4301 1122 4371 πρῶτον
1148 4301 1407 4356 ὑπόδικον
1436 4304 1711 4376 καταστή-

163 4389 352 4456 σασθαι,
383 4394 478 4445 καὶ
530 4391 677 4445 οὕτω
706 4392 775 4446 τὰ
807 4394 945 4465 ὑπὲρ
993 4392 1191 4447 ἑαυτοῦ
1236 4395 1707 4465 ἀπολογήσασθαι.

163 4479 322 4551 Παρῆν
349 4484 404 4536 δὲ
423 4484 529 4555 ἥδη
571 4485 667 4537 καί¹
693 4486 726 4554 ἡ
756 4484 1060 4554 σύγκλητος
1085 4486 1296 4549 ἅπασα,
1333 4489 1428 4541 καὶ
1456 4489 1517 4541 τὸ
1548 4505 1712 4560 στρα-

1879 2726 2266 2781 Revertentem
2307 2739 2472 2795 porro
2508 2722 2896 2793 imperatorem
2954 2720 3009 2775 in
3058 2720 3249 2774 urbem
3294 2736 3385 2774 re-

1805 2820 1949 2891 giam
2002 2834 2103 2873 nec
2151 2818 2331 2882 latuit,
2380 2832 2479 2872 nec
2524 2831 2717 2884 parum
2776 2815 3077 2869 commovit
3137 2829 3387 2868 murmur

1807 2912 2097 2966 sinistrum
2132 2911 2273 2964 male
2314 2910 2367 2963 in
2401 2910 2581 2977 ipsum
2624 2907 2851 2960 animati
2886 2907 3032 2975 vulgi
3063 2922 3197 2975 quo.
3223 2907 3386 2961 trivia

1804 3014 1972 3070 atque
2024 3003 2350 3071 angiportus
2403 2997 2803 3069 personabant.
2861 2996 3157 3052 Enimvero
3193 2998 3389 3052 urebat

1809 3095 2085 3150 hominem
2122 3094 2287 3148 tantis
2318 3091 2483 3146 modo
2526 3090 2786 3161 periculis
2819 3105 2918 3160 pro
2953 3090 3232 3160 republica
3266 3106 3389 3160 per-

1807 3187 2053 3244 functum
2088 3186 2223 3240 nihil
2267 3193 2347 3238 tot
2392 3185 2704 3251 talibusque
2749 3184 2918 3238 rebus
2954 3184 3124 3253 gestis
3182 3182 3386 3236 lucrari

1806 3297 1867 3337 se
1905 3281 2085 3333 visum
2116 3277 2265 3332 aliud
2291 3277 2397 3331 nisi
2427 3285 2487 3330 ut
2520 3276 2744 3329 illorum
2793 3275 3039 3344 ipsorum
3076 3289 3218 3344 quos
3266 3290 3385 3329 ser-

1807 3384 1993 3429 vasset
2020 3371 2528 3441 ingratissimorum
2563 3369 2770 3423 civium
2800 3376 2953 3422 tanto
2997 3367 3156 3437 plura
3188 3366 3390 3434 ineius

1806 3464 2199 3520 contumeliam
2245 3475 2310 3515 ac
2359 3460 2767 3530 sugillationem
2814 3475 2909 3513 ora
2955 3467 3227 3529 paterent.
3279 3462 3387 3513 Su-

1807 3555 1952 3610 surri
2009 3552 2422 3608 mussitantium
2477 3551 2533 3604 bi
2581 3550 2955 3605 ferebantur:
2998 3549 3267 3619 spoliatas
3319 3549 3390 3604 ab

1809 3648 2150 3717 imperatore
2176 3660 2365 3699 sacras
2414 3641 2559 3698 aedes
2594 3658 2738 3712 quas
2779 3642 2968 3697 ornari
3010 3644 3079 3695 ab
3130 3641 3252 3713 ipso
3292 3656 3392 3697 cu-

1812 3738 2121 3807 mularique
2160 3743 2510 3807 oportuerat.
2560 3734 2725 3803 Atqui
2769 3734 2957 3788 fatalis
3006 3733 3249 3804 impulsu
3303 3749 3392 3789 nev

1808 3830 2107 3893 cessitatis,
2145 3828 2212 3882 ad
2246 3826 2583 3895 frangendos
2605 3825 2848 3895 impetus
2882 3825 3219 3880 saevissimos
3256 3840 3392 3894 pro-

1776 3975 1779 3978 ι
1808 3921 1961 3976 cellae
1988 3920 2278 3989 cujusdam
2307 3915 2677 3971 ineluetabilis
2706 3929 2771 3969 ex
2805 3912 2996 3967 mundi
3048 3930 3189 3984 pene
3220 3917 3389 3971 totius

1811 4016 1867 4070 in
1897 4031 2063 4070 unum
2093 4012 2402 4067 Romanum
2450 4024 2651 4063 nomen
2684 4008 3103 4077 conspiratione
3125 4008 3387 4063 coorien-

1812 4110 1905 4171 tis,
1940 4108 2138 4162 ultimo
2168 4104 2487 4175 reipublicae
2512 4101 2761 4173 periculo
2784 4107 3033 4167 vocante,
3070 4101 3122 4155 in
3141 4112 3390 4157 extrema

1812 4202 1997 4272 inopia
2056 4199 2174 4254 fisci
2230 4199 2296 4253 ad
2354 4197 2503 4252 istud
2562 4182 3047 4250 ultimum-mutui
3105 4209 3133 4249 a
3174 4196 3392 4266 templis

1813 4292 2068 4347 sumendi
2123 4290 2424 4345 remedium
2478 4298 2701 4342 ventum
2752 4288 2953 4341 fuerat.
2996 4286 3188 4343 Mutuo
3238 4288 3387 4343 enim

1812 4387 2077 4439 duntaxat
2104 4384 2171 4437 ad
2225 4391 2441 4452 tempus
2484 4381 2826 4435 discriminis
2875 4379 3125 4451 urgentis
3172 4379 3263 4433 illa
3299 4394 3393 4432 su-

1814 4477 2103 4534 mebantur
2136 4476 2433 4545 aliquando
2481 4489 2606 4529 cum
2648 4489 2815 4528 usura
2869 4472 3234 4537 refundenda,
3282 4485 3391 4525 non

162 4573 350 4640 τιωκὸν,
379 4575 477 4629 καὶ
519 4576 645 4628 ὅσον
672 4575 767 4629 τοῦ
815 4576 1095 4644 ἱερατικοῦ
1133 4577 1437 4645 καταλόγου
1471 4582 1703 4651 καραδο-

1815 4581 1873 4626 ut
1932 4544 2209 4622 maledin
2231 4544 2644 4630 obtrectabant,
2712 4565 3001 4637 tyrannica
3043 4564 3391 4634 grassationc

166 4663 355 4728 ιοῦντες
378 4668 439 4718 τὸ
465 4666 520 4718 τί
544 4665 609 4718 ἂν
629 4663 875 4735 βούλοιτο
898 4668 931 4737 ἡ
954 4667 1063 4721 τῶν
1080 4668 1336 4721 ἁπάντων
1371 4670 1705 4736 συνέλευσις.

165 4751 223 4805 Τὸ
246 4754 295 4805 δὲ
341 4750 408 4826 ἦν
456 4756 567 4827 ἄρα
621 4756 750 4810 ἄλλο
776 4755 949 4823 οὐδὲν,
978 4757 1010 4830 ἢ
1052 4760 1085 4830 ἡ
1116 4758 1227 4813 τῶν
1259 4758 1399 4828 κατὰ
1431 4760 1525 4814 τοῦ
1559 4761 1718 4833 βασι-

164 4841 275 4907 λέως
315 4845 733 4917 θρυλλουμένων
788 4846 1097 4918 ἀνάκρισις.
1127 4849 1395 4921 Παρῆσαν
1440 4850 1534 4905 οὖν
1562 4870 1715 4922 τηνι-

167 4936 316 4991 καῦτα
348 4939 395 4990 οἱ
436 4938 546 4991 τῶν
596 4937 759 5007 ἱερῶν
791 4941 1223 5011 φροντιστηρίων
1275 4942 1570 5013 κηδεμόνες
1617 4945 1713 4999 καὶ

164 5033 219 5078 τε
245 5028 414 5096 βιὸλία
439 5028 495 5091 ὲς
533 5028 701 5097 μέσον
735 5028 1041 5097 τηνικαῦτα
1088 5030 1443 5103 προύτίθεντο
1480 5032 1527 5063 ⁸⁸
1564 5034 1711 5105 (βρέ-

171 5118 241 5173 7ια
287 5120 393 5193 (75)
447 5121 624 5175 ταῦτα
675 5121 711 5193 ἠ
771 5121 1028 5193 συνήθεια
1077 5116 1184 5176 οἶδε
1237 5122 1468 5196 καλεῖν),
1521 5126 1579 5177 ὲν
1627 5119 1709 5190 οἷς

1817 4663 2192 4733 rapiebantur.
2224 4662 2303 4715 Ac
2331 4674 2647 4728 quanquam
2686 4660 2791 4713 sibi
2818 4667 2938 4713 erat
2968 4659 3227 4714 conscius
3256 4658 3392 4712 recti

1818 4755 2083 4829 prepositi
2117 4769 2226 4825 quo
2257 4762 2378 4825 post
2412 4754 2647 4823 primam
2679 4766 2709 4806 a
2738 4752 2895 4807 bellis
2926 4752 3170 4822 requiem
3194 4751 3391 4804 decre-

1820 4854 1973 4904 verat
2022 4857 2347 4902 ornamenta
2403 4861 2505 4901 sua
2577 4844 2797 4913 templis
2844 4842 3095 4907 reddere,
3142 4858 3249 4896 non
3298 4856 3393 4894 ne-

1821 4943 1993 5012 glexit
2042 4950 2226 4994 tamen
2284 4940 2339 4992 in
2390 4951 2632 5008 prtescns
2678 4935 2836 4988 famae
2893 4950 3005 4989 suae
3068 4946 3393 4987 succurrere

1823 5033 2120 5097 laboranti,
2164 5040 2218 5087 et
2241 5044 2556 5085 sermonum
2608 5029 2701 5098 qui
2738 5036 2870 5080 tunc
2906 5024 3223 5078 ferebantur
3258 5040 3391 5077 cau-

1819 5143 1937 5184 sam
1961 5126 2145 5197 quoad
2196 5124 2350 5179 licuit
2392 5124 2605 5179 curavit
2639 5122 2853 5177 tollere.
2904 5118 3186 5175 Convocat
3230 5118 3393 5188 igitur

1200 5258 1401 5321 Variae
1431 5258 1743 5322 lectiones
1765 5277 1845 5323 ex
1879 5259 2020 5324 cod.
2066 5259 2339 5322 Coislin.

225 5404 265 5437 ⁸¹
286 5406 772 5475 συγκεκοπιακόσι.
847 5407 893 5441 ⁸⁸
924 5408 1055 5480 ὅπη.

1136 5409 1181 5441 ⁸³
1211 5408 1739 5482 ὑποψιθυριζόμενι.

1814 5413 1862 5452 ⁸⁸
1892 5411 2294 5477 ὲπαναξεύξας.
2372 5408 2416 5440 ⁸⁸
2447 5406 2747 5478 διασύρειν.
2821 5403 2870 5438 ⁸⁸
2902 5405 3248 5476 προυτίθετο.

1174 5548 1316 5614 Car.
1354 5549 1684 5615 Dufresnii
1718 5553 1817 5616 Du
1848 5552 2069 5631 Cangii
2117 5560 2310 5613 notae.

234 5678 337 5759 σι)
383 5679 502 5759 “2r.
523 5681 967 5759 ἐνξτζιαμένηνο,
985 5679 1542 5759 Ρὲιίιίρρρροιίιεηεω
1580 5700 1707 5755 pro-

173 5754 413 5824 vinciam.
448 5752 577 5806 Vide
606 5754 768 5824 infra,
801 5768 921 5824 pag.
951 5752 1051 5807 158
1076 5762 1129 5824 et
1161 5754 1307 5807 ‘50..

233 5819 337 5891 (.75)
368 5825 593 5892 Βρὲεια.
641 5819 894 5905 Laudant
921 5826 1079 5909 hunc.
1104 5822 1277 5907 Anna:
1306 5825 1483 5882 locum
1517 5823 1706 5899 Cujac.

1818 5686 1882 5739 ad
1902 5685 2008 5754 leg.
2039 5683 2071 5738 4
2102 5684 2166 5737 de
2192 5682 2559 5737 conveniend.
2614 5682 2730 5737 fisci
2765 5683 2934 5739 debit.
2965 5683 3027 5754 Ρἶ
3057 5683 3305 5738 Pitbteus
3335 5681 3390 5734 in

1819 5752 1998 5810 Gloss.
2033 5755 2100 5807 ad
2143 5754 2318 5823 Capit.
2353 5754 2481 5809 Car.
2521 5754 2619 5819 Μ..
2666 5754 2961 5821 Meursius,
2998 5752 3296 5808 Gretzerus
3337 5760 3393 5805 et

1811 5823 2284 5907 .ali'i._lj3st_autem
2319 5823 2523 5896 Brevis,
2575 5827 2967 5896 inventarium,
3016 5826 3256 5893 rotulus,
3308 5826 3388 5879 vd
