3830 6628
407 450 519 514 455
1719 431 1946 496 arma
1985 427 2364 491 comesis
3565 421 3664 486 45.5

404 564 654 641 pra'senti
695 559 964 616 servitutis
1015 555 1252 626 periculo
1333 552 1674 621 eriperemus,
1759 562 1861 599 non
1899 559 2027 598 vasa
2065 541 2274 612 quidem
2299 552 2478 602 sacra,
2527 534 2620 590 sed
2670 534 2928 606 quosdam
2976 541 3196 590 ornatus
3247 542 3296 588 et
3336 547 3658 589 accessiones

413 625 687 714 sacrarum
725 667 923 714 rerum,
955 625 1155 718 paucas
1189 655 1238 700 et
1267 643 1660 713 comparatione
1685 637 1985 692 relictorum
2027 651 2132 688 non
2167 631 2348 702 magni
2385 629 2562 699 pretii,
2604 629 2842 682 mutuati
2885 642 3094 690 sumus,
3145 627 3215 680 ad
3254 625 3488 695 alioquin
3565 625 3671 677 inc-

424 747 637 804 ritabile
669 754 830 798 tanta:
858 741 1087 795 miseriae
1120 739 1402 792 discrimen
1455 736 1845 789 removendum.
1878 726 2049 781 Tanta
2088 726 2144 779 in
2177 724 2273 779 hoc
2306 723 2450 794 facto
2471 739 2565 794 ego
2585 721 2798 793 quidem
2826 719 3163 775 conscientias
3195 718 3398 787 ﬁducia
3427 719 3573 770 nitor
3612 729 3666 770 ut

412 860 518 897 non
566 839 799 892 dubitem
855 833 1093 906 quamvis
1145 832 1354 902 iniquos
1415 835 1464 882 et
1518 825 1778 892 malignos
1824 819 1980 873 modo
2019 833 2125 872 non
2163 817 2326 886 plane
2367 830 2534 871 meos
2585 812 2819 883 experiri
2839 811 3054 881 judices
3085 827 3104 865 :
3139 811 3276 866 satis
3339 819 3512 865 certus
3561 814 3671 863 nut-

425 934 534 984 tam
570 930 690 982 inde
735 902 946 997 justam
1007 937 1159 994 posse
1215 919 1355 973 trahi
1449 912 1814 985 vituperanth
1870 908 2358 964 administrationis
2443 914 2640 962 nostra:
2694 907 2980 959 rationem.
3043 902 3170 960 Haec
3225 903 3449 958 loculus
3545 915 3665 956 mox

414 1023 626 1091 dcjccto
657 1023 805 1074 vocis
837 1034 974 1075 sono
1000 1032 1153 1072 reum
1184 1030 1242 1070 se
1273 1020 1458 1066 tamen
1525 1020 1580 1064 et
1623 1023 1799 1079 poena:
1850 1005 2150 1060 obnoxium
2181 1003 2462 1059 humiliter
2507 1000 2796 1074 professus
2839 1010 2944 1066 est,
3013 1015 3138 1056 sese
3215 999 3336 1070 ipse
3419 999 3673 1054 condem-

421 1130 586 1170 nans.
646 1112 774 1166 Inde
827 1125 1050 1165 rursum
1103 1107 1381 1179 explicare
1464 1103 1659 1158 Brevia
1735 1100 1993 1156 custodes
2034 1098 2256 1154 illorum
2318 1096 2760 1167 jubetinireque
2805 1095 3234 1152 aestimationem
3271 1107 3338 1149 ac
3408 1093 3672 1148 summam

417 1210 728 1262 ablaturum
763 1219 970 1258 rerum.
1003 1203 1080 1255 Ac
1113 1201 1298 1255 statim
1354 1208 1568 1254 secreto
1644 1195 2030 1264 Antiphonem
2071 1191 2373 1248 notabilem
2413 1192 2534 1247 auri
2600 1205 2872 1248 summam
2919 1189 2974 1244 in
3025 1203 3201 1244 annos
3253 1188 3502 1258 singulos
3551 1204 3674 1259 pen-

419 1299 659 1354 dendam
690 1313 719 1350 a
755 1292 1248 1349 Cttl'aloribusliSCi
1295 1287 1605 1345 constituit.
1632 1287 1790 1353 Quod
1843 1294 1898 1342 et
1939 1286 1996 1341 in
2036 1285 2353 1342 hunctlicm
2401 1294 2670 1357 perpetua
2744 1283 2853 1339 fide
2900 1281 3208 1353 praestitum
3260 1289 3365 1336 est.
3459 1282 3521 1335 In
3581 1282 3677 1335 isto

417 1394 571 1450 enim
643 1391 847 1459 templo
900 1388 1057 1458 prius
1108 1391 1428 1439 memoratae
1517 1378 1888 1449 intperatricis
1948 1387 2069 1432 erat
2106 1376 2353 1433 tumulus
2381 1391 2449 1432 ex
2476 1391 2587 1448 quo
2615 1375 2858 1446 aliquem
2887 1381 3147 1430 ornatum
3176 1386 3395 1451 erasum
3425 1369 3676 1428 diximus.

416 1484 830 1555 Clialcoprateis
862 1495 992 1535 vero
1020 1494 1260 1532 annuum
1312 1475 1540 1544 vectigal
1573 1475 1696 1527 auri
1743 1471 2108 1527 sulieeturum
2141 1471 2206 1527 ad
2237 1471 2464 1528 alendos
2499 1486 2596 1527 eos
2667 1483 2862 1526 omnes
2929 1467 3024 1539 qui
3106 1464 3161 1520 in
3213 1465 3319 1520 ista
3361 1463 3458 1518 Dei
3529 1462 3680 1518 Geni.

423 1580 577 1634 tricis
615 1591 770 1630 sacra
827 1573 941 1627 aede
972 1571 1186 1625 divinas
1217 1569 1405 1623 laudes
1433 1567 1711 1622 celebrare
1749 1565 1994 1635 quotidie
2031 1564 2234 1630 solent,
2273 1579 2340 1618 ex
2367 1563 2564 1620 aerario
2592 1562 2744 1634 regio
2776 1560 3116 1633 suppeditari
3142 1558 3330 1632 jussit.

494 1670 609 1722 Sub
661 1669 800 1721 idem
856 1663 969 1718 fere
1017 1673 1237 1732 tempus
1303 1661 1518 1716 detecta
1570 1661 1886 1731 coniuratio
1946 1659 2002 1713 in

2200 1660 2293 1713 Ἐν
2336 1657 2545 1723 τούτοις
2579 1656 2843 1728 ἐπιϐουλὴ
2895 1657 2962 1711 ἂν
3006 1655 3179 1726 ἐφάνη
3198 1655 3243 1688 ⁸⁷
3273 1653 3388 1726 (79)
3422 1655 3566 1709 κατά
3599 1653 3682 1708 τοῦ

416 1764 802 1832 imperatorem
859 1769 984 1812 cst..
1015 1755 1424 1810 Consenserunt
1468 1755 1522 1810 in
1572 1769 1693 1809 eam
1745 1751 2008 1824 praecipui

2132 1753 2540 1824 ιύτοκράτορος,
2595 1750 2949 1823 μελετωμένη
2985 1749 3136 1821 παρά
3179 1765 3240 1802 τε
3275 1747 3386 1802 τῶν
3417 1748 3521 1819 τῆς
3566 1764 3683 1816 συγ-

420 1857 624 1923 qnique
654 1858 939 1905 senatores
971 1863 1035 1902 ac
1080 1847 1274 1913 duces,
1325 1847 1646 1916 tribunique
1688 1845 2010 1911 exercitus;

2132 1845 2319 1918 ιλήτου
2347 1844 2616 1914 λογάδων,
2651 1842 2748 1897 κα).
2775 1843 2885 1898 τῶν
2923 1841 3018 1897 τοῦ
3061 1838 3293 1911 στρατοῦ
3342 1839 3682 1911 κορυφαίων

418 1959 522 1999 nec
580 1940 831 1996 obscuris
881 1946 976 1992 aut
1029 1937 1425 1993 dubitabilibus
1480 1937 1701 1992 indiciis
1741 1935 2006 2006 vestigata

2132 1941 2210 1994 ιαὶ
2241 1935 2544 2009 διεμηνύθη
2593 1936 2899 2008 τηνικαῦτα
2932 1933 3014 2006 τῷ
3065 1932 3456 2004 αὐτοκράτορι.
3500 1932 3604 1986 Καὶ
3642 1934 3684 1985 οί

420 2051 534 2100 res,
561 2035 653 2090 sed
689 2032 945 2104 producti
982 2038 1337 2087 accusatores
1361 2032 1497 2086 certi
1533 2044 1728 2086 omnes
1770 2029 1839 2084 ad
1874 2042 2015 2099 quos

2132 2033 2420 2104 κατήγοροι
2436 2028 2818 2102 παρέστησαν,
2847 2028 2942 2082 καὶ
2959 2028 3086 2092 τοὺς
3119 2026 3448 2096 συνίστορας
3471 2025 3570 2096 τῆς
3589 2042 3684 2079 τει-

421 2126 926 2198 qnomodocunque
1003 2123 1266 2192 contagio
1335 2123 1557 2193 cogitati
1632 2120 1858 2178 sceleris
1918 2125 2014 2173 aut

2132 2124 2290 2196 ιύτης
2341 2122 2541 2195 βουλῆς
2578 2121 2892 2193 ἐξήλεγχον.
2945 2118 3206 2190 Ἐκδήλου
3234 2117 3292 2171 δὲ
3333 2117 3436 2188 τῆς
3477 2117 3685 2186 μελέτης

420 2219 763 2274 conscientia
812 2215 1165 2286 pervenisset
1219 2214 1349 2280 ulla,
1401 2214 1624 2270 invictis
1677 2209 2018 2284 argumentis

2132 2219 2220 2290 ἠδη
2247 2215 2559 2288 γεγονυίας,
2588 2215 2684 2269 καὶ
2711 2214 2814 2285 τῆς
2844 2212 2954 2268 ἀπὸ
2974 2211 3131 2284 τοῦξη
3166 2210 3340 2282 δόμων
3374 2209 3563 2280 ποινῆς
3583 2210 3686 2262 κατ’

417 2312 710 2366 convictos
747 2308 908 2362 fateri
940 2308 1150 2362 crimen
1199 2314 1523 2377 coegerunt.
1554 2303 1667 2360 Nec
1703 2314 1884 2359 tamen
1912 2301 2018 2357 im-

2132 2312 2300 2368 ιύτῶν
2336 2309 2560 2383 βαρείας
2591 2308 3010 2380 ιπερχομένης,
3052 2307 3082 2360 ὁ
3110 2304 3472 2376 αὐτοκράτωρ
3517 2302 3687 2373 ποινὴν

426 2409 651 2472 perator
709 2400 884 2469 inlligi
939 2413 1130 2469 poenas
1164 2398 1234 2454 iis
1262 2413 1400 2468 quas
1442 2398 1808 2470 praescribunt
1843 2397 2014 2468 leges,

426 2511 526 2567 pro
564 2509 662 2549 sua
700 2493 1021 2555 clementia,
1059 2506 1260 2563 passus
1288 2501 1407 2558 est;
1450 2491 1816 2562 publicatione
1856 2490 2020 2546 modo

423 2589 700 2642 bonorum
729 2591 784 2638 et
816 2583 1014 2637 exsilio
1047 2582 1491 2638 animadvertere
1523 2584 1579 2637 in
1606 2590 1866 2637 auctores
1889 2596 2017 2636 con-

427 2687 642 2734 tentus.
692 2676 796 2730 Hic
840 2675 963 2729 finis
1011 2675 1437 2746 conspirationis
1481 2677 1642 2732 istius
1688 2675 1810 2729 t’uit.
1863 2674 2022 2728 Nunc

429 2773 496 2824 ad
523 2767 880 2834 Manichaeos,
915 2767 980 2822 de
1006 2767 1210 2836 quibus
1231 2782 1410 2838 nuper
1438 2767 1678 2838 egimus,
1712 2765 2022 2821 revocanda

428 2862 677 2918 narratio
709 2870 816 2915 est.
841 2859 1074 2926 Quando
1122 2859 1348 2914 Alexius
1381 2860 1436 2913 in
1492 2859 1676 2928 magni
1733 2854 2024 2913 domestici

430 2958 750 3030 dignitatem
805 2960 1027 3009 evectus
1090 2960 1176 3006 est
1252 2947 1663 3020 a_Nicephoro
1734 2946 2024 3002 Botaniate

429 3052 659 3106 Blaesum
691 3047 986 3119 quemdam
1031 3044 1389 3100 Manichaeum
1437 3045 1492 3098 in
1532 3043 1885 3098 familiarium
1920 3040 2022 3095 mi-

429 3143 736 3199 nistrorum
779 3153 1071 3193 numerum
1129 3135 1352 3200 ascivit,
1389 3150 1554 3206 quem
1600 3141 1656 3190 et
1707 3147 1868 3190 sacro
1920 3133 2020 3188 ba-

431 3236 686 3307 ptismate
721 3233 998 3304 dignatum
1037 3230 1128 3285 uni
1185 3245 1253 3284 ex
1296 3227 1668 3298 imperatricis
1708 3227 2024 3282 famulabus

432 3325 787 3381 matrimonio
835 3322 1134 3394 copulavit.
1186 3321 1246 3375 Ei
1285 3321 1405 3374 viro
1455 3327 1696 3391 quatuor
1737 3319 1794 3373 in
1835 3317 2022 3388 patria

433 3433 656 3475 sorores
688 3423 873 3480 erant,
901 3430 1040 3484 quas
1074 3414 1174 3480 illi,
1221 3414 1290 3468 de
1342 3426 1449 3481 qua
1501 3411 1668 3483 paulo
1709 3420 1838 3466 ante
1878 3409 2025 3469 dixi-

434 3526 596 3574 mus,
656 3507 1084 3562 Manichzcorum
1143 3504 1444 3562 calamitati
1514 3503 1818 3575 implicitas
1894 3518 2022 3559 cum

437 3602 658 3657 caeteris
689 3601 744 3654 in
795 3600 1078 3654 custodias
1133 3597 1331 3653 abduci
1364 3597 1524 3653 bonis
1573 3597 1833 3655 omnibus
1890 3611 2026 3667 spo-

437 3695 599 3749 liatas
659 3708 918 3756 cernens,
983 3691 1251 3760 majorem
1312 3699 1625 3746 commotus
1682 3690 1736 3744 in
1796 3689 2023 3745 modum

437 3790 544 3848 est,
578 3783 865 3853 majusque
921 3782 973 3836 id
1005 3783 1210 3836 malum
1267 3797 1391 3839 esse
1422 3797 1583 3853 quant
1619 3790 1679 3838 ut
1723 3782 1854 3837 ferri
1898 3797 2027 3853 pos-

437 3882 546 3942 set,
603 3875 817 3930 statuit.
875 3871 1369 3946 Circumspiciebat
1425 3875 1594 3946 igitur
1674 3875 2024 3931 occasionem

439 3967 692 4023 elabendi
723 3983 753 4024 e
787 3969 1046 4024 manibus
1083 3967 1456 4037 imperatoris.
1515 3967 1627 4022 Nec
1664 3967 1862 4022 fefellit
1905 3967 2026 4038 ejus

441 4061 727 4130 conjugem
772 4058 920 4114 haud
955 4059 1141 4114 dubiis
1169 4059 1510 4130 deprehensa
1550 4059 1723 4132 signis
1763 4058 2026 4130 cogitatio

444 4153 752 4222 transfugii.
779 4153 907 4207 Adit
943 4168 1070 4208 eum
1103 4152 1194 4207 cui
1224 4166 1318 4220 per
1352 4151 1405 4206 id
1441 4163 1656 4221 tempus
1689 4150 1850 4221 158
1877 4165 2027 4206 com-

441 4247 610 4301 missa
657 4244 985 4316 gubernatio
1037 4244 1468 4299 Manichaeorum
1517 4251 1659 4308 erat,
1711 4244 1902 4314 illique
1960 4242 2028 4299 de

2125 2405 2224 2478 μὲν
2249 2402 2838 2475 ούδαμῶφὲπενεγκεῖν
2864 2400 3048 2464 αὐτοῖς
3073 2397 3482 2470 προτεθύμητο,
3503 2395 3687 2464 δήμευ-

2123 2516 2208 2552 σιν
2238 2498 2296 2552 δὲ
2335 2496 2498 2569 μόνον
2545 2496 2640 2550 καὶ
2667 2492 3028 2566 περιορισμδν
3058 2491 3201 2548 κατά
3227 2491 3336 2544 τῶν
3362 2486 3688 2560 πρωταιτίων

2121 2591 2466 2661 ἀπεφήνατο,
2499 2588 2596 2644 καὶ
2634 2587 2798 2660 μέχρι
2826 2586 3020 2640 τούτου
3043 2585 3144 2658 τὴν
3171 2585 3270 2657 τῆς
3294 2583 3558 2652 τοιαύτης
3584 2583 3688 2634 ἑπι-

2125 2683 2322 2753 σουλῆς
2349 2681 2698 2747 ὲπεξέλευσιν
2725 2680 2976 2750 ἔστησεν.
3021 2677 3184 2732 Ἀλλά
3209 2677 3318 2747 γάρ
3343 2676 3372 2729 ὁ
3395 2675 3556 2744 λόγος
3579 2674 3690 2728 ἀνα-

2122 2777 2369 2850 τρεχέτω
2397 2775 2520 2829 ὅθεν
2541 2776 2588 2810 ⁸⁸
2629 2771 2906 2847 ἀπερρύη.
2953 2771 3228 2842 Ὅπηνίκα
3272 2770 3300 2822 δ
3351 2769 3689 2839 αὐτοκράτωρ

2127 2873 2208 2935 είς
2244 2869 2344 2941 τὴν
2393 2867 2487 2922 τοῦ
2531 2865 2928 2938 δομεστικάτου
2967 2863 3079 2936 (80)
3129 2862 3290 2929 ἀξίαν
3340 2860 3499 2933 παρά
3542 2860 3692 2930 Νικη-

2129 2962 2298 3034 φόρου
2354 2957 2448 3014 τοῦ
2497 2957 2862 3013 Βοτανειάτου
2921 2955 3193 3026 ἀνηνέχθη
3219 2997 3233 3022 ,
3286 2953 3528 3025 τραυλόν
3589 2970 3692 3006 τινα

2127 3054 2430 3124 Μανιχαῖον
2467 3049 2914 3121 προσλαϐόμενος
2959 3050 3101 3120 μετά
3130 3048 3237 3102 τῶν
3275 3047 3524 3118 γνησίων
3547 3045 3688 3102 αὐτοῦ

2128 3143 2477 3216 Θεραπόντων
2521 3137 2886 3210 συγκατέλεξε
2905 3181 2920 3207 ,
2951 3139 3045 3194 καὶ
3076 3137 3172 3193 τοῦ
3217 3139 3366 3192 θείου
3399 3136 3692 3209 βαπτίσμαο

2126 3252 2219 3298 τος
2263 3233 2526 3301 ἀξιώσας,
2570 3231 2671 3304 μιᾷ
2717 3231 2828 3286 τῶν
2871 3230 2973 3302 τῆς
3008 3230 3282 3302 βασιλίδος
3312 3228 3695 3302 Θεραπαινίδων

2130 3325 2474 3392 συνέζευξεν.
2511 3317 2686 3389 Οὗτος
2715 3320 2811 3381 οὖν
2855 3323 3136 3396 τέσσαρας
3176 3321 3416 3391 ἀδελφάς
3459 3321 3609 3392 ἔχων,
3633 3319 3694 3382 ὡς

2132 3419 2339 3484 ταύτας
2380 3418 2736 3492 ἐμφρούρους
2767 3417 2907 3490 μετά
2937 3417 3044 3471 τῶν
3076 3414 3280 3470 λοιπῶν
3308 3414 3434 3470 τότε
3477 3430 3693 3468 συναπα-

2131 3514 2354 3586 χθείσας
2405 3513 2704 3578 ἐθεάσατο,
2757 3512 2828 3567 τά
2883 3529 2942 3566 τε
2992 3508 3267 3582 προσόντα
3321 3505 3695 3580 ἀφαιρεθείσας

2131 3609 2369 3673 ἅπαντα,
2415 3605 2616 3679 ῆχθετο
2644 3605 2738 3659 καὶ
2771 3602 2964 3675 φέρειν
2990 3604 3095 3657 οὐκ
3124 3597 3297 3675 εἶχεν,
3332 3600 3478 3656 ἀλλά
3510 3601 3695 3654 διεσκοο

2133 3701 2289 3752 πεῖτο
2345 3697 2495 3762 ὅπως
2549 3695 2743 3750 ἑαυτὸν
2790 3694 2893 3765 τῆς
2929 3693 3025 3748 τοῦ
3077 3694 3508 3767 αὐτοκράτορος,
3539 3690 3696 3764 χειρὸς

2134 3788 2518 3853 ἀπαλλάξειεν.
2560 3788 2649 3842 Ἑν
2682 3787 2885 3857 γνώσει
2930 3786 2989 3840 δὲ
3022 3785 3231 3840 τούτων
3277 3787 3312 3858 ἡ
3347 3784 3522 3840 αὐτοῦ
3557 3785 3697 3854 ὁμευ-

2133 3882 2278 3946 νέτις
2331 3881 2432 3953 ἤδη
2498 3883 2792 3952 γεγονυῖα,
2850 3880 2949 3933 καὶ
3005 3878 3480 3950 ἀποδιδράσκοντα
3531 3876 3694 3932 τοῦτον

2133 3973 2319 4046 όρῶσα
2349 3973 2504 4045 δηλοῖ
2550 3973 2628 4045 τῷ
2653 3969 2960 4046 τηνικαῦτα
2987 3973 3087 4044 τὴν
3113 3972 3435 4042 οἰκονομίαν
3469 3972 3571 4027 τῶν
3600 3969 3696 4024 Μαι

2135 4066 2362 4138 νιχαίων
2427 4067 2951 4139 ἐμπεπιστευμένῳ.
3013 4067 3088 4119 Οὐ
3139 4065 3353 4120 διέλαθε
3413 4065 3573 4119 τοῦτο
3618 4065 3695 4118 τὸν

2134 4160 2367 4234 τραυλὸν
2391 4161 2485 4215 καὶ
2511 4160 2819 4232 τηνικαῦτα
2840 4161 3061 4224 ὁπόσοις
3083 4159 3292 4228 φθάσαι
3321 4160 3384 4214 τδ
3408 4159 3696 4232 ἀπόρρητον

2133 4253 2465 4325 ἀνεκάλυψε,
2494 4253 2632 4324 πρὸς
2661 4254 2827 4309 αὐτὸν
2857 4254 3102 4325 ἑσπέρας
3133 4252 3577 4325 μεταπέμπεται.
3607 4251 3698 4304 Καὶ

442 4341 564 4392 viro
612 4354 715 4393 suo
763 4353 886 4408 quae
923 4346 1086 4391 norat
1140 4336 1377 4407 aperuit.
1435 4337 1621 4391 Sensit
1664 4335 1872 4392 Balbus
1909 4350 2026 4392 rem

2136 4347 2324 4402 ὁπόσοι
2366 4347 2423 4400 δὲ
2453 4347 2516 4400 ὲκ
2546 4347 2874 4415 συγγενείας
2901 4343 3042 4420 ἦσαν
3074 4346 3226 4417 αὐτῷ
3263 4349 3625 4418 προσήκοντες
3654 4344 3697 4403 ἐς

445 4431 745 4500 proditam,
782 4443 962 4498 eaque
994 4429 1380 4482 maturandum
1430 4439 1587 4484 ratus
1621 4428 1881 4483 omnibus
1905 4430 2030 4498 qui.

446 4524 678 4579 buscnm
710 4522 944 4576 consilia
998 4521 1328 4585 contulerat,
1374 4523 1587 4592 quique
1631 4521 1709 4575 illi
1769 4522 1855 4576 vel
1897 4536 2034 4576 con-

447 4619 817 4690 sanguinitate
855 4619 938 4672 vel
965 4618 1070 4671 alia
1100 4617 1513 4672 necessitudine
1555 4617 1738 4688 juncti
1773 4626 1935 4674 erant
1963 4617 2033 4673 ad

447 4728 507 4768 se
541 4712 735 4781 raptim
755 4712 1072 4766 convocatis
1095 4727 1219 4766 cum
1248 4711 1318 4766 iis
1344 4711 1585 4781 erumpit
1609 4719 1663 4767 et
1692 4709 2032 4767 Beliatobam

447 4813 703 4874 occupat.
748 4803 1078 4874 Oppidulum
1126 4803 1182 4858 id
1233 4813 1319 4858 cst
1361 4804 1473 4858 alto
1522 4813 1576 4859 et
1629 4803 1842 4859 ntunito
1894 4803 2031 4868 situ,

450 4899 650 4969 quippe
677 4897 994 4968 impositum
1029 4896 1234 4952 montis
1267 4895 1482 4960 vertici,
1517 4895 1572 4950 e't
1611 4897 1665 4951 in
1719 4897 2027 4952 convallem

451 4990 572 5046 loco
614 4989 915 5060 subjectum
964 4989 1282 5044 imminens.
1331 4987 1666 5044 Invenerunt
1725 5006 1820 5044 cas
1872 4989 2032 5046 sedes

452 5082 648 5138 incolis
675 5097 902 5148 vacuas,
935 5097 1116 5152 eoque
1152 5092 1412 5151 tanquam
1458 5082 1712 5152 proprias
1757 5097 2034 5154 occupan.

453 5181 559 5242 tes,
598 5173 834 5246 indeque
879 5173 1220 5245 quotidianis
1259 5174 1692 5230 excursionibus
1735 5176 1856 5230 loca
1903 5176 2030 5231 ﬁui-

2133 4438 2298 4492 αὐτὸν
2333 4435 2760 4508 συνεληλυθότες
2808 4437 3303 4508 καταλαμϐάνουσι
3333 4439 3436 4509 τὴν
3471 4435 3694 4490 Βελιάτοο

2133 4529 2236 4583 σαν
2253 4543 2269 4560 ⁸
2295 4527 2570 4598 πολίχνιον
2592 4526 2649 4580 δδ
2677 4525 2838 4582 τοῦτο
2865 4527 3212 4599 διακείμενον
3238 4528 3383 4582 κατά
3419 4527 3520 4599 τὴν
3553 4529 3696 4596 ἀκρο-

2130 4619 2326 4690 λοφίαν
2366 4619 2462 4672 τοῦ
2507 4621 2653 4675 κατὰ
2686 4620 2919 4692 ταυτηνὶ
2944 4619 3043 4692 τὴν
3072 4619 3408 4676 Βελιάτοδαν
3459 4621 3695 4691 τέμπους.

2133 4713 2354 4767 ’Λοικον
2387 4709 2445 4766 δὲ
2477 4711 2634 4765 τοῦτο
2665 4711 3060 4783 ἐφευρηκότες.
3083 4711 3277 4782 ὥσπερ
3313 4712 3450 4766 ἴδιόν
3480 4731 3530 4766 τι
3560 4711 3697 4780 λάχος

2133 4805 2505 4876 λογισάμενοι,
2537 4805 2597 4859 ὲν
2640 4805 2793 4876 αὐτῷ
2823 4806 2922 4870 τὰς
2965 4807 3213 4878 οἰκήσεις
3243 4805 3553 4862 ἐποιοῦντο.
3583 4799 3698 4858 Εἶτα

2136 4899 2236 4964 τὰς
2271 4899 2394 4954 καθ’
2424 4897 2665 4970 ἑκάστην
2691 4899 2906 4954 ἐκεῖθεν
2937 4900 3214 4972 ἐκδρομὰς
3245 4900 3584 4974 ποιούμενοι,
3621 4897 3699 4952 καὶ

2144 4995 2306 5066 μέχρι
2325 4994 2426 5065 τῆς
2451 4992 2721 5064 σφετέρας
2745 4993 3043 5062 φθάνοντες
3062 4995 3274 5060 πόλεως
3294 4995 3564 5050 ⁶ιιιλίσιιςπου
3583 4992 3654 5065 (81
3663 4993 3696 5060 ).

2141 5085 2296 5140 λείαν
2327 5085 2532 5157 πολλὴν
2583 5085 3139 5158 ἀναλαμϐανόμενοι¹
3185 5088 3609 5160 ὲπανέστρεφον.
3652 5083 3698 5134 '0

2139 5177 2197 5232 δὲ
2227 5178 2456 5252 τραυλὸς
2485 5177 2698 5243 τούτοις
2726 5179 2800 5252 μὴ
2831 5178 3172 5252 ἀρκούμενος
3199 5181 3439 5248 σπονδάς
3460 5180 3590 5254 μετὰ
3609 5175 3698 5232 τῶν

1500 5288 1704 5350 Varim
1741 5288 2054 5354 lectiones
2087 5310 2166 5356 ex
2199 5293 2348 5356 cod.
2394 5291 2674 5354 Coislin.

521 5393 570 5426 sv
599 5391 866 5465 ἀνεφάνη,
942 5391 989 5424 ⁸⁸
1011 5391 1144 5445 τῶν.
1215 5389 1261 5422 ⁹⁹
1293 5383 1448 5452 αὖθις
1485 5387 1631 5444 ὅθεν.
1712 5391 1730 5423 ί
1759 5393 2193 5466 ἀναλαϐόμενσι.

1489 5483 1634 5547 Car.
1672 5483 2007 5548 Dufresnii
2033 5489 2138 5552 Du
2173 5483 2400 5565 Cungii
2432 5495 2625 5550 noles.

524 5588 638 5656 (79)
708 5587 916 5658 Βουλὴ
998 5588 1308 5659 ἀνεφάνη.
1374 5586 1578 5645 Confer
1640 5587 1916 5644 Zonaram
1983 5590 2040 5644 in

445 5667 671 5807 Αεῗέὣ).
705 5729 1171 5807 Δομεστικὰτου.
1234 5729 1483 5807 Dignius
1533 5729 1849 5807 domat-i9“
1909 5745 2040 5807 sum

449 5800 556 5860 vn'x
593 5800 846 5860 occurrit
875 5816 1093 5854 rursum
1128 5800 1275 5870 apud
1303 5808 1514 5856 Annam
1551 5817 1675 5870 pag.
1702 5800 1804 5870 168
1831 5814 1884 5858 et
1908 5800 2035 5858 50$.

445 5875 504 5933 ιη
526 5874 758 5936 Novella
781 5871 1062 5929 'I‘neodos.
1086 5873 1153 5929 de
1169 5869 1521 5961 scitantibus
1545 5869 2072 5962 apudviialsamon.‘

2145 5591 2213 5646 ad
2249 5591 2387 5665 Cain.
2421 5598 2602 5663 apost.
2667 5597 2723 5646 et
2770 5589 3006 5665 Gregor.
3043 5593 3280 5650 ‘Turon.
3334 5595 3434 5650 lib.
3489 5609 3522 5648 ιι
3557 5592 3695 5652 Hist,

2419 5731 2533 5802 (8|)
2565 5734 2897 5791 Φιλίππου.
2934 5735 3097 5804 Πόλις
3150 5734 3441 5798 Φιλίππου,
3494 5750 3591 5791 non
3632 5742 3699 5787 est

2143 5801 2524 5880 Ifbilipporum
2576 5805 2732 5870 urbs,
2787 5807 2881 5860 sed
2909 5803 3359 5880 __Plti_lipp0p0|is,
3402 5807 3554 5880 cujus
3587 5821 3700 5860 cou-

2152 5873 2282 5931 ﬁnia
2316 5874 2634 5933 incolebant
2674 5890 2741 5934 eo
2766 5889 2883 5932 aevo
2909 5873 3234 5934 l’auliciatti.
