3830 6566
140 421 219 480 50',
1320 409 1731 468 ALEXIADIS
1777 413 1920 473 LIB.
1967 413 2064 472 VL

3195 417 3300 479 506

134 518 428 593 διφρηλάταις
469 513 709 567 ὲκέὶευσε
763 513 900 566 κατὰ
949 514 1008 567 τδ
1061 514 1228 568 πάλαι
1276 517 1353 584 τῷ
1406 519 1620 587 μεγάλῳ

1727 517 2035 575 Nicaeenses
2061 519 2314 588 praesidio
2354 521 2644 594 tenebant)
2675 521 2742 578 ad
2766 539 2996 595 eamque
3023 540 3134 578 rem
3159 541 3297 594 epus

132 612 458 679 Κωνστσντὶνῳ
480 609 822 678 οἰκοδομηθὲν
847 609 1071 681 θέατρον
1097 611 1227 679 (55),
1252 613 1344 664 καὶ
1369 613 1487 664 καθ’
1506 613 1632 665 ἐκεῖ,

130 723 232 778 grav
265 709 314 756 ἐν
349 703 508 769 τούτῳ
551 701 986 769 παραγίνεσθαι,
1031 700 1124 754 καὶ
1163 701 1261 764 τὰς
1298 703 1405 754 τῶν
1447 703 1630 754 ἵππων

125 798 391 869 δοκιμασίας
416 796 541 864 ὁρᾷν
570 793 820 863 ἠρέθισεν
842 793 906 858 ⁸⁷,
943 795 1010 845 ἵν’
1032 793 1280 845 ἐντεῦθεν
1306 793 1628 862 τριϐομένου

127 893 194 944 τοῦ
218 889 406 958 καιροῦ,
434 885 699 954 ἐκεχειρία
724 887 837 946 τοῖς
863 885 1169 952 οἰκοδόμοις
1199 883 1422 938 δίδοται.
1456 886 1542 946 Ὠς
1572 883 1628 935 δὲ

128 987 168 1035 τὸ
193 981 426 1048 πολίχνιον
456 979 554 1049 ἤδη
583 978 928 1041 τετέλεσται,
961 980 1053 1029 καὶ
1093 979 1264 1048 πέρας
1297 978 1356 1028 τὸ
1395 975 1627 1030 σκοποῦ-

127 1093 245 1142 pavor
265 1074 496 1141 ἔσχηκεν,
519 1070 726 1122 πλείοσι
755 1072 986 1140 δωρεαῖς
1015 1071 1203 1122 τοῦτον
1229 1070 1624 1138 ἁμειίζ-ἀμενος,

123 1168 177 1232 τῷ
202 1164 539 1229 σξόιστοτὰτῳ
568 1179 623 1212 τε
657 1160 924 1229 ἀξιώματι
956 1164 1192 1230 τιμήσας
1222 1164 1312 1213 xu".
1345 1163 1435 1213 ἐπὶ
1468 1161 1628 1214 πλέον

124 1257 190 1316 vi;
212 1253 450 1322 συνθήκας
480 1253 801 1319 eumeum;
828 1253 915 1304 διὰ
942 1256 1104 1322 τιμῆς
1138 1252 1440 1320 ἐξέπεμᾲεν
1467 1254 1626 1305 αὐτὸν

123 1347 376 1397 εικόντιον.
414 1343 795 1412 Ἀγγελθεξσης
830 1344 886 1395 δὲ
926 1345 1074 1412 αῦτῷ
1116 1345 1214 1413 τῆς
1253 1345 1343 1396 τοῦ
1387 1346 1624 1414 κάστροῦ

123 1436 364 1504 οἰκοδομῆς,
391 1435 491 1486 κᾶν
523 1437 614 1487 ἐπὶ
647 1439 710 1504 τῇ
740 1435 929 1488 τούτου
963 1437 1247 1507 ἀνεγέρσει
1276 1436 1335 1488 τὸ
1366 1437 1625 1503 παράπαν

121 1527 421 1592 κατετὲτρωτο
442 1524 484 1556 ι*
525 1526 627 1593 τὴν
668 1523 881 1595 ψυχὴν,
918 1526 1032 1578 ἁλλ’
1058 1522 1150 1578 οῦν
1196 1527 1285 1580 τὸν
1328 1527 1626 1594 ἀγνοοῦντα

120 1618 370 1685 ὑποκριθεὶς
411 1617 467 1667 τὸ
513 1620 779 1686 παρὰπαν
825 1620 1102 1685 ἐσίγησεν.
1145 1619 1396 1672 Τοιοῦτόν
1438 1638 1488 1672 τι
1533 1622 1626 1672 καὶ

119 1712 206 1774 περὶ
235 1706 585 1767 Ἀλκιϐιὰδους
619 1707 918 1776 ἱστόρηται.
946 1707 1104 1761 Οῦτω
1133 1709 1238 1779 γὰρ
1269 1710 1556 1772 κὲκείνοῦς
1579 1711 1622 1742 ⁸⁹

116 1797 505 1864 Λακεδαιμονίους
540 1795 878 1868 ἐξηπατήκει
919 1799 994 1868 μὴ
1032 1800 1449 1870 συγχωροῦντας
1483 1803 1628 1854 ἀνοι-

113 1889 345 1957 κοδτμῆσαι
376 1890 604 1960 Ἀθήνας
632 1891 1050 1959 καθαιρεθεέσας
1079 1893 1181 1945 ὑπὸ
1209 1894 1453 1963 Περσῶν.
1478 1898 1623 1964 Παρ-
1656 1879 1696 1931 Β

112 1980 306 2047 ansis;
329 1981 429 2049 γὰρ
456 1983 832 2052 ἀνοικοδομεῖν
864 1985 1209 2053 Ἀθηναίους,
1240 1986 1448 2038 ἐκεῖθεν
1471 1986 1620 2057 ἀπῴ-

109 2088 198 2140 χετο
215 2070 508 2140 πρεσϐεύων
526 2074 612 2135 εἰς
631 2074 1032 2143 Λακεδαίμονα.
1057 2073 1186 2129 Εἶτα
1206 2079 1302 2145 τῆς
1327 2078 1620 2148 πρεσϐείας

108 2166 171 2216 τὶν
191 2163 352 2233 χρόνον
380 2165 696 2234 τρίϐοντος,
731 2168 824 2220 καὶ
854 2169 1086 2232 διδόντος
1118 2170 1177 2222 τὸ
1205 2171 1482 2241 ἐνδόσιμον
1507 2174 1615 2234 τοῖς

106 2256 438 2324 οὲιιώομοῦσιν,
471 2258 619 2326 μετᾶ
649 2259 747 2328 τὴν
779 2259 1054 2330 ὲξαπάτην
1084 2261 1211 2332 ὅλην
1241 2263 1481 2333 ἤκουσαν
1509 2265 1622 2316 Λα-

105 2347 372 2416 κεδαιμόνιοι
409 2349 506 2419 τὴν
555 2351 848 2421 οἰκοδομὴν
889 2351 1150 2418 Ἀθηνῶν.
1195 2355 1303 2406 Καὶ
1345 2355 1622 2427 μέμνηται

104 2441 171 2508 τῆς
197 2440 342 2509 καλῆς
378 2443 596 2513 ἀπάτης
633 2445 865 2514 ταυτησὶ
898 2446 996 2499 καὶ
1023 2447 1050 2498 ὁ
1083 2448 1372 2511 Παιανιεὺς
1405 2449 1621 2520 ἐνιαχοῦ

102 2536 178 2584 τῶν
202 2537 349 2602 λόγων
382 2538 577 2592 αὐτοῦ.
609 2539 864 2594 Τοιοῦτον
899 2543 1008 2612 ἄρα
1045 2544 1139 2596 καὶ
1173 2543 1373 2614 τούμοῦ
1415 2544 1622 2614 πατρὸς

100 2627 142 2679 τὸ
160 2629 388 2698 ἐπινὸημα
416 2625 505 2700 ἦν,
550 2632 748 2700 μᾶλλον
775 2633 832 2685 δὲ
860 2635 952 2686 καὶ
987 2635 1358 2700 Ἀλκιϐιάδους
1388 2654 1622 2708 στρατη-

99 2720 358 2789 γικώτερον.
393 2724 818 2795 Ἱπποδρομίαις
864 2726 973 2795 γὰρ
1019 2728 1113 2781 καὶ
1155 2731 1389 2798 τρυφαῖς
1433 2728 1624 2792 ἄλλαις

100 2810 166 2860 τὸν
185 2811 437 2882 Βάρὸαρον
478 2815 677 2869 τοῦτον
720 2818 1049 2882 ὑποσαὶνων,
1091 2820 1186 2872 καὶ
1225 2823 1306 2884 εις
1349 2821 1560 2891 ἡμέρας
1576 2823 1622 2854 ⁹⁶

97 2901 137 2964 ἐξ
166 2904 347 2970 ἡμέρας
382 2910 900 2979 παραπεμπόμενος
939 2911 1177 2978 ἔφθασεν
1217 2913 1524 2984 ἀπαρτισας
1561 2914 1623 2966 τὸ

98 2992 316 3062 φρούριον.
339 2998 380 3048 Κ
390 2998 445 3050 αἰ
472 2998 784 3068 τηνικαῦτα
810 3001 901 3053 τοῦ
933 3002 1250 3072 σύμπαντος
1272 3003 1620 3068 τελεσθέντος

95 3080 237 3149 ἔργον,
261 3087 344 3138 τὸν
369 3089 548 3158 ἄνδρα
574 3094 674 3160 τῆς
705 3091 978 3159 βασιλίδος
1005 3094 1243 3148 ἀπέλυσε
1276 3094 1510 3158 πόλεως.

1734 630 1856 668 esse
1915 613 2125 669 videret
2180 617 2597 674 constructione
2657 621 2944 674 maritima:
2976 620 3145 682 arcis,
3179 636 3301 688 qua:

1733 723 1892 760 usum
1950 707 2283 762 Nicomedia:
2311 712 2614 778 suppleret,
2651 712 2911 780 perlicere
2960 713 3014 766 id
3057 711 3299 765 decrevit.

1731 815 1796 852 eo
1827 800 1943 869 ipso
1981 812 2222 869 tempore
2271 817 2381 870 quo
2425 805 2858 871 Apelchasemus
2907 804 3298 859 Constantino-

1732 893 1838 961 poli
1878 893 2126 946 relaxans
2159 894 2423 957 animum,
2477 894 2542 948 de
2575 896 2726 964 pacis
2762 897 3172 950 conditionibus
3199 909 3296 963 per

1731 984 1898 1035 otium
1939 993 2218 1041 tractaret.
2249 983 2513 1040 Omnibus
2540 1003 2670 1057 ergo
2697 1004 2820 1056 quae
2869 989 2934 1041 ad
2969 988 3296 1042 aedificatio-

1731 1092 1995 1130 ncmcsse
2036 1088 2288 1146 poterant
2329 1079 2450 1131 usui
2486 1079 2540 1131 in
2577 1095 2742 1134 naves
2787 1079 3071 1132 onerarias
3111 1079 3294 1147 impo-

1729 1167 1870 1230 sitis,
1905 1183 2029 1220 cum
2059 1184 2250 1236 magna
2277 1169 2752 1221 cuniculariorum
2783 1180 2947 1235 atque
2983 1169 3100 1233 ejus
3135 1182 3297 1236 gene-

1730 1260 1805 1311 ris
1838 1261 2090 1328 opificum
2128 1278 2312 1326 ntanu,
2364 1262 2653 1316 Eustatbio
2711 1260 2908 1313 classis
2969 1259 3293 1327 drungario,

1730 1352 1895 1404 totius
1923 1353 2124 1421 negotii
2161 1368 2350 1405 curam
2390 1353 2707 1412 demandat.
2737 1352 3090 1421 suggeritque
3111 1352 3164 1404 in
3194 1366 3291 1403 au-

1730 1430 1841 1496 rem
1879 1445 2010 1512 quid
2053 1459 2316 1498 arcanum
2352 1447 2571 1515 quidem
2609 1445 2829 1507 habere,
2859 1453 3116 1496 caeterum
3143 1455 3297 1495 exsc-

1729 1539 1818 1604 qni
1857 1545 2080 1590 stremre
2109 1554 2245 1607 opus
2276 1539 2369 1592 sit.
2425 1537 2583 1591 Omni
2618 1554 2811 1607 nempe
2844 1537 3079 1597 ratione,
3131 1532 3297 1586 moris

1728 1641 1775 1685 ct
1821 1631 2231 1700 impedimentis
2264 1633 2539 1698 perruptis
2594 1631 2868 1694 omnibus,
2929 1641 3090 1696 quant
3125 1625 3299 1678 celer-

1728 1725 1863 1778 rime
1893 1724 2318 1777 construendum
2351 1739 2528 1777 arcem
2558 1742 2572 1777 :
2598 1723 2644 1776 ei
2679 1723 2755 1778 rei
2784 1722 2827 1777 si
2864 1721 2956 1790 qui
2993 1720 3132 1771 forte
3154 1718 3297 1771 Tur-

1726 1830 1914 1868 corum
1966 1813 2384 1877 intervenirent,
2429 1813 2464 1865 ii
2514 1808 2785 1882 pe'cuniis,
2837 1811 2871 1864 ii
2921 1807 3211 1869 conviviis,
3259 1805 3295 1859 ii

1728 1897 2007 1962 beneﬁciis
2041 1921 2202 1959 omne
2227 1922 2398 1975 genus
2425 1907 2793 1963 obruerentur
2828 1924 2840 1958 :
2879 1912 2990 1958 tum
3029 1906 3295 1958 admone-

1730 2009 1918 2055 rentur
1950 2001 2107 2071 quasi
2133 1999 2334 2066 obiter,
2370 2008 2425 2052 ut
2459 1999 2525 2052 de
2560 2014 2616 2052 re
2647 2013 2809 2066 quam
2843 1999 3084 2063 ipsorum
3123 2005 3293 2048 causa

1730 2091 1939 2160 vulgari
2008 2090 2250 2144 nondum
2314 2098 2616 2157 oporteret,
2665 2086 3118 2158 Apelchasemum
3173 2095 3296 2135 esse

1725 2180 2199 2251 ConstantinOpoli
2222 2180 2735 2248 conjunctissimum
2758 2175 3104 2246 imperatori,
3158 2171 3297 2226 nihil

1730 2289 1918 2328 eorum
1950 2287 2070 2342 qua:
2101 2272 2349 2324 viderent
2381 2271 2501 2325 sine
2529 2269 2874 2323 conscientia
2916 2277 2971 2320 et
3019 2265 3300 2317 voluntate

1729 2365 1906 2432 ipsius
1940 2362 2082 2428 ﬁeri,
2120 2361 2339 2416 interim
2374 2361 2566 2416 sedula
2601 2374 2770 2428 opera
2816 2358 3044 2413 daretur
3074 2369 3160 2410 ne
3190 2367 3298 2422 qua

1729 2457 1886 2512 navis
1913 2471 1978 2510 ex
2010 2454 2288 2508 maritima
2328 2453 2594 2523 Bithynia:
2621 2466 2718 2504 ora
2754 2445 3294 2514 Constantinopolim

1728 2548 1915 2602 venire
1949 2549 2240 2608 sineretur,
2274 2561 2395 2614 qum
2423 2544 2684 2598 indicium
2719 2539 3114 2611 Apelchasemo
3144 2551 3299 2589 nova:

1730 2636 2166 2692 constructionis
2193 2635 2388 2691 afferre
2429 2642 2638 2704 posset.
2671 2633 2795 2686 llaec
2833 2630 3119 2686 Eustathio
3150 2643 3295 2698 pra:—

1732 2730 1960 2798 scripta.
1994 2727 2220 2782 Interim
2267 2727 2728 2797 Apclchasemum
2771 2728 3066 2794 imperator
3120 2720 3301 2787 quoti-

1731 2819 1912 2874 dianis
1941 2819 2171 2888 implere
2226 2816 2616 2886 largitionibus
2681 2831 2790 2870 non
2854 2813 3109 2868 cessabat
3163 2826 3178 2864 :
3229 2807 3296 2862 a'l

1731 2910 1958 2966 balneas
2001 2910 2275 2964 hominem
2320 2908 2722 2963 olliciosissime
2770 2905 3031 2965 inritans,
3065 2911 3178 2956 tum
3229 2898 3297 2952 ad

1728 3001 2041 3073 spectacula
2075 3000 2412 3070 equestriqu
2446 2999 2725 3062 ludorum,
2762 3009 2923 3066 atque
2957 2996 3022 3048 ad
3054 2991 3297 3047 venatio-

1731 3111 1828 3150 nes
1851 3111 2034 3150 secum
2061 3095 2290 3161 ducens,
2315 3103 2712 3163 ostentansque
2741 3090 2942 3161 hospiti
2973 3091 3296 3143 ornamenta

95 3178 262 3239 Publica
303 3183 690 3238 columnarum
725 3196 1137 3258 statuarumque
1172 3191 1225 3243 in
1265 3191 1461 3260 plateis
1508 3191 1803 3246 exstantia.
1841 3190 1984 3260 Quin
2035 3190 2201 3246 etiam
2263 3190 2380 3259 ejus
2425 3189 2478 3244 in
2533 3186 2759 3255 gratiam
2818 3189 2981 3237 "nius
3017 3190 3293 3238 certamen

92 3283 300 3336 equorum
329 3275 611 3329 curulium
671 3280 923 3346 apparari
990 3282 1378 3353 committique
1417 3283 1587 3352 jussit
1628 3284 1682 3336 in
1724 3283 1942 3338 theatro
1972 3283 2118 3354 quod
2157 3296 2384 3352 magnus
2430 3282 2558 3336 olim
2593 3277 2794 3336 struxit
2847 3275 3294 3330 Constantinus:

93 3359 403 3431 delet-urique
445 3379 516 3418 eo
555 3364 769 3422 ludicro
799 3369 1148 3438 potissimum
1182 3373 1461 3428 hominem
1493 3374 1762 3435 sentiens.
1801 3373 2000 3430 blande
2031 3375 2282 3444 urgebat,
2310 3383 2368 3428 ut
2397 3389 2462 3428 eo
2527 3373 2774 3444 quotidie
2845 3372 3010 3425 itaret
3065 3374 3288 3438 specta-

92 3463 193 3519 tum,
234 3461 308 3512 vel
339 3463 743 3532 quadrigarum
800 3482 1020 3531 cursus,
1079 3467 1163 3521 vel
1225 3468 1615 3524 domitationes
1654 3485 1946 3540 equorum.
1975 3472 2079 3528 Per
2105 3471 2205 3526 has
2237 3470 2592 3526 remissiones
2668 3467 3066 3536 Apelchasemo
3143 3469 3290 3515 tem-

91 3560 165 3613 pus
193 3553 413 3607 suaviter
452 3565 697 3622 terente,
733 3558 974 3628 perfecta
1051 3561 1286 3615 munitio
1357 3572 1444 3617 est
1478 3579 1493 3617 τ
1531 3563 1690 3632 cujus
1733 3565 1807 3618 rei
1851 3565 2056 3620 certior
2078 3565 2355 3634 Augustus
2413 3563 2610 3628 factus,
2673 3561 2942 3631 hospitem
2997 3555 3296 3626 majoribus

88 3642 224 3696 adhuc
259 3654 519 3702 onustum
557 3649 716 3705 donis
747 3659 802 3704 et
835 3651 1157 3708 sebastotati
1210 3653 1409 3722 (quasi
1480 3656 1936 3724 augustissimum
1998 3655 2240 3726 diceres)
2290 3654 2551 3725 dignitate
2613 3653 2987 3713 honestatum,
3059 3647 3296 3715 ﬁrmati;

89 3747 208 3800 quam
235 3738 459 3792 maxime
487 3749 888 3796 conventorum
925 3745 1124 3812 pactis,
1156 3759 1185 3797 a
1213 3760 1416 3799 secum
1459 3745 1600 3800 bona
1633 3746 1806 3816 gratia
1843 3745 2405 3801 honoriliccntissime
2445 3742 2658 3797 dimisit
2719 3741 2919 3795 itinere
2987 3738 3291 3794 maritimo.

89 3831 130 3883 Ei
148 3848 248 3886 cum
271 3835 430 3902 paulo
463 3845 598 3905 post
621 3838 874 3893 nuntiata
899 3848 1050 3896 esset
1085 3841 1231 3896 arcis
1253 3843 1619 3908 constructio,
1659 3859 1973 3914 quanquam
2000 3859 2061 3898 ea
2093 3859 2182 3898 res
2211 3843 2322 3897 alto
2378 3840 2454 3894 illi
2535 3840 2764 3893 vulnere
2833 3835 3138 3907 penetravit
3180 3833 3294 3887 ani-

87 3943 215 3991 nmm,
251 3933 434 3989 habuit
460 3945 654 3989 tamen
684 3936 895 3990 vultum
921 3944 976 3991 et
1005 3951 1193 3992 vocem
1258 3937 1312 3992 in
1391 3949 1684 4007 potestate,
1719 3951 1773 3995 et
1802 3940 1960 4006 quasi
1994 3938 2186 3993 audire
2209 3936 2564 3992 dissimulans
2591 3935 2644 3989 in
2665 3933 2886 3988 silentio
2910 3947 2971 3987 se
2994 3928 3291 3984 continuit.

85 4014 180 4072 Tale
205 4023 448 4089 quiddam
489 4033 550 4080 et
602 4026 670 4080 de
723 4027 1005 4081 Alcibiade
1066 4037 1422 4083 memoratur.
1475 4028 1610 4083 Cum
1647 4031 1789 4083 enim
1825 4030 2219 4084 Lacedzemonii
2256 4045 2364 4082 non
2436 4026 2680 4082 sinerent
2731 4023 3032 4080 instaurari
3118 4019 3290 4074 Athe-

86 4125 158 4165 nas
175 4117 370 4172 deletas
404 4133 435 4170 a
467 4117 683 4180 Persis,
733 4118 889 4188 175
935 4120 1062 4174 dato
1118 4120 1232 4174 suis
1285 4122 1519 4175 consilio
1552 4134 1609 4175 ut
1643 4137 1853 4178 summa
1883 4137 1985 4191 ope
2028 4121 2276 4191 totisque
2302 4120 2466 4175 simul
2509 4134 2699 4174 omnes
2749 4117 2957 4172 viribus
3019 4114 3073 4168 in
3135 4112 3293 4168 urbis

82 4207 447 4265 aediﬁcationem
515 4211 923 4276 incumberent,
1021 4213 1139 4280 ipse
1191 4214 1402 4283 legatus
1459 4214 1636 4283 pergit
1705 4213 2177 4280 Lacedaemonem,
2240 4213 2330 4267 ubi
2368 4213 2736 4282 negotiatione
2777 4217 2950 4265 tracta
2979 4222 3074 4277 per
3109 4207 3294 4264 lentas

83 4314 222 4355 moras
257 4304 421 4357 otium
468 4305 913 4360 Atheniensibus
960 4305 1200 4361 confecit
1257 4309 1601 4376 perpetrandi
1644 4309 1856 4377 cwpti:
1919 4323 2151 4376 seroque
2205 4305 2420 4361 tandem
2476 4320 2535 4359 se
2585 4304 2808 4356 delusos
2891 4297 3292 4353 Lacedmmonii

81 4405 269 4460 sensere,
327 4399 548 4452 nuntiis
609 4399 978 4456 indicantibus
1014 4402 1320 4456 restitutam
1366 4403 1420 4456 in
1467 4403 1737 4469 integrum
1777 4413 1926 4459 stare
1952 4403 2144 4457 urbem
2206 4409 2372 4470 atque
2448 4413 2628 4453 arcem
2694 4395 3076 4451 Athenarum:
3131 4405 3294 4459 prout

83 4481 183 4534 hanc
202 4488 470 4556 egregiam
507 4489 928 4556 prudentissimi
989 4492 1147 4547 ducis
1204 4493 1454 4548 fraudem
1483 4494 1680 4547 alicubi
1719 4509 1944 4549 suorum
1980 4509 2207 4563 Operum
2252 4491 2562 4546 Pazaneusis
2603 4500 2810 4544 narrat.
2864 4485 2974 4540 Nec
3007 4486 3113 4539 isto
3147 4481 3293 4536 inle-

81 4574 163 4628 rius
186 4582 343 4644 patris
380 4581 490 4634 hoc
537 4582 641 4635 mei
682 4593 1016 4651 strategema
1053 4585 1200 4649 fuit;
1261 4587 1394 4656 quin
1423 4587 1606 4642 dicere
1648 4589 1824 4642 ausim
1847 4598 1904 4642 et
1933 4589 2192 4644 solertius
2237 4586 2556 4641 Alcibiadeo
2589 4585 2705 4649 illo,
2773 4598 2870 4653 per
2903 4581 3045 4647 quod
3113 4576 3292 4648 epulis

80 4681 124 4719 ac
147 4676 460 4736 spectaculis
489 4673 768 4729 deliniens
801 4676 1127 4745 Barbarum,
1159 4681 1413 4750 diemque
1491 4690 1548 4734 ut
1611 4698 1674 4736 ex
1718 4682 1807 4736 die
1839 4699 2070 4738 securus
2119 4682 2365 4736 traheret
2403 4679 2600 4734 blande
2645 4679 2971 4746 impetratis,
3029 4674 3291 4728 munitio-

77 4775 169 4812 nem
201 4765 409 4818 interim
445 4765 600 4818 arcis
633 4765 904 4833 absolvit;
941 4775 1165 4838 tumque
1202 4768 1424 4824 demum
1453 4784 1615 4837 Opere
1652 4769 1895 4840 perfecto
1925 4787 1991 4826 ex
2025 4774 2159 4826 urle
2194 4771 2342 4841 regia
2380 4769 2556 4822 virum
2593 4765 2804 4821 dimisit
2867 4764 3006 4819 bene
3070 4769 3288 4830 pastum

79 4864 115 4904 et
132 4855 315 4924 egregie
342 4855 629 4910 delusum.

1099 4957 1291 5019 Varia;
1322 4958 1626 5021 lectiones
1669 4977 1747 5022 ex
1792 4959 1928 5020 cod.
1968 4955 2236 5018 Coislin.

970 5059 1014 5092 "
1054 5061 1328 5126 κάκεῖνος,
1363 5071 1528 5116 recte.
1605 5065 1651 5094 '°
1684 5063 1766 5124 εἰς
1821 5062 2061 5130 ἡμέραν.

1115 5153 1254 5214 Car.
1300 5153 1623 5215 Dufresnii
1661 5157 1759 5214 Du
1791 5153 2013 5229 Cangii
2052 5157 2242 5212 notua.

129 5245 220 5311 {53)
273 5249 562 5314 Θέατρον.
598 5249 895 5304 Theatrum
949 5261 1073 5307 ante
1115 5253 1299 5306 Severi
1363 5265 1609 5320 tempora
1638 5264 1679 5320 α
1712 5255 1921 5307 cxs1itit
1968 5253 2019 5305 in
2077 5255 2142 5306 Μ
2204 5252 2446 5318 regione.
2481 5249 2747 5320 Νιδιιῑΐηηῖ
2783 5253 2963 5297 “me”
2999 5245 3106 5300 Ῑιοο
3161 5247 3283 5320 προσ

126 5052 160 5084 θ’
188 5053 456 5123 ἠρέθιζεν.
536 5054 584 5088 ⁸⁸
609 5055 894 5124 ἐτέτρωτο.

77 5313 521 5391 Cons'jntinopoli
557 5321 832 5391 exstitisse
866 5325 1100 5388 produnt
1127 5325 1332 5390 passim
1368 5313 1605 5391 seri-pto-

77 5399 155 5436 res.
187 5386 446 5464 Eversutn
516 5390 755 5443 restituit
806 5386 1240 5464 idemkseverus
1290 5386 1602 5464 Byzantinis

76 5458 449 5529 reconciliatus,
508 5469 565 5510 ut
602 5468 794 5511 auctor
826 5469 910 5514 est
948 5461 1254 5522 Cedrenus,
1288 5458 1346 5516 e'
1382 5466 1603 5529 regione

75 5527 221 5584 templi
251 5526 510 5587 Veneris,
545 5537 605 5580 ut
652 5541 735 5581 est
789 5531 842 5582 in
884 5531 1139 5585 Chronico
1192 5526 1549 5586 Alexandrino
1582 5548 1601 5586 :

76 5595 184 5672 quod
232 5598 484 5672 quidem_
519 5598 795 5672 theatrum
843 5599 975 5653 illud
1017 5617 1140 5656 esse
1189 5610 1420 5672 opinor,
1455 5604 1597 5670 quod

77 5661 206 5738 ictus
243 5661 402 5739 urbis
449 5667 762 5739 Descriptio
806 5671 998 5723 statuit
1034 5673 1085 5724 in
1137 5673 1171 5724 2
1205 5661 1444 5739 regione,
1473 5661 1595 5739 qua:

78 5737 185 5811 intra
235 5738 444 5790 veteris
491 5737 733 5806 Byzantii
791 5741 929 5811 lines
979 5739 1100 5795 fuit.
1131 5737 1425 5796 Theatrum
1457 5737 1588 5795 illud

75 5802 214 5858 Minas
256 5802 633 5876 nuncupatur,
663 5811 730 5863 ad
761 5809 877 5879 ejus
907 5810 1046 5866 forte
1091 5813 1411 5878 discrimen,
1444 5812 1589 5881 quod

1713 5325 1780 5376 ab
1802 5328 1953 5375 Anna
1986 5324 2340 5386 intelligitur;
2381 5338 2502 5374 nam
2540 5317 2990 5386 llippodrourum,
3027 5332 3121 5371 seu
3156 5318 3281 5372 Cir-

1714 5410 1834 5448 Cnm
1865 5395 1938 5446 ita
1975 5384 2280 5460 appellasse
2325 5384 2562 5450 constat,
2602 5384 2835 5460 quolct
2868 5384 3092 5460 Niectae,
3134 5387 3281 5443 Mar-

1712 5463 1912 5515 cellino
1946 5456 2158 5523 comiti,
2193 5473 2245 5514 et
2291 5463 2412 5514 aliis
2468 5475 2576 5512 non
2605 5456 2774 5512 semel
2802 5457 3011 5526 evenit,
3049 5473 3210 5526 quem
3247 5473 3279 5512 a

1711 5531 1917 5585 Severo
1951 5535 2286 5590 inchoatum.
2321 5546 2350 5582 τι
2387 5529 2751 5584 Constantino
2801 5523 2868 5577 Μ.
2906 5523 3277 5581 instauratum

1709 5613 1764 5654 et
1793 5601 2102 5656 confectum
2150 5601 2371 5654 tradunt
2418 5599 2692 5662 Zosimus,
2747 5595 2841 5651 lib.
2876 5611 2946 5666 tr;
2993 5600 3185 5666 lilycas
3223 5605 3278 5650 et

1707 5671 1977 5733 Codinus,
2047 5673 2098 5724 in
2143 5670 2347 5740 Origin.
2383 5670 2522 5740 (JP._
2549 5669 2812 5740 Θεόιτρον⁵
2847 5665 2962 5740 τοῦ
2989 5665 3274 5740 οξειτττοδρόο
3359 5673 3365 5679 ”’

1708 5759 1816 5864 nouI
1835 5741 1978 5864 ldixit
2035 5735 2332 5812 Gregorius
2375 5741 2432 5796 in
2482 5737 2604 5796 Vita
2665 5735 2723 5795 S.
2778 5735 2964 5792 Basilii
2999 5737 3268 5801 Junioris,

1708 5827 1757 5864 u.
1866 5852 1880 5864 .

1703 5827 1757 5865 ll.
1799 5827 1880 5867 ll.
