3830 6566
125 402 204 464 509
1291 396 1714 456 ALEXlADlS
1753 398 1902 460 LIB.
1941 401 2044 463 Vl.

3172 404 3276 467 510

123 515 292 585 pom;
314 506 440 580 εἶχεν
468 505 560 576 οὐχ
587 504 651 559 ἶν’
674 505 878 559 ἐκεῖνον
916 505 1166 575 ἐξέληται
1195 508 1290 561 τοῦ
1317 509 1588 574 κινδύνου,

1704 511 1963 582 incolunt)
2001 533 2013 568 :
2051 521 2106 568 at
2153 513 2255 569 boc
2293 522 2558 586 tempore,
2605 515 2674 570 ab
2720 524 2844 570 ortu
2875 515 3096 586 quidem
3135 517 3275 572 Bos-

119 607 352 664 άλλ⁹ὁπως
389 599 448 655 ἂν
493 596 666 666 ἑαυτῷ
710 597 808 668 τὴν
835 597 995 667 νίκην
1035 601 1486 670 περιποιήσηται.
1518 603 1594 654 Οὐ

119 698 246 767 idin
274 692 386 761 τύχη
419 690 547 760 πρὸς
592 689 765 759 τούτῳ
794 691 1159 743 συνέπνευσεν
1184 693 1250 744 ⁸³.
1290 693 1456 762 Ἔσχε
1487 693 1596 763 γὰρ

116 787 220 840 ιῧτω
246 783 303 834 τὰ
328 779 434 832 κατ’
455 777 666 840 αὐτούς.
705 781 769 831 Οἱ
802 780 912 850 γὰρ
941 780 1343 843 ἀποσταλέντες
1380 783 1459 852 τῷ
1501 783 1594 836 τοῦ

117 876 258 945 κυρίου
319 870 572 941 Γεωργίου
637 870 1042 941 ὀνομαζόμενον
1094 874 1394 927 κατέλαϐον
1443 875 1596 928 πολί-

117 985 236 1038 χνιον.
279 965 330 1016 0i
350 964 399 1015 δὲ
432 963 656 1031 Τοῦρκοι
688 966 1027 1034 παραχρῆμα
1069 966 1167 1028 τὰς
1207 967 1383 1030 πύλας
1416 969 1597 1029 αὐτοῖς

117 1058 404 1113 ἀνεπέτασαν.
452 1057 511 1108 Οἱ
553 1056 606 1107 δὲ
659 1055 866 1110 ἄνωθεν
904 1059 1002 1119 τῆς
1032 1059 1358 1127 ἀνατολικῆς
1392 1060 1598 1130 πόρτης

119 1152 208 1218 περὶ
232 1151 286 1202 τὰ
312 1149 575 1218 κρήδεμνα
623 1149 719 1202 τοῦ
751 1150 966 1218 τείχους
999 1149 1332 1217 ἀνελθόντες,
1365 1153 1466 1214 τὰς
1498 1171 1594 1221 cq-

122 1240 234 1319 μαίας
275 1237 356 1290 καὶ
390 1238 454 1290 τά
499 1237 750 1306 σκῆπτρα
779 1240 957 1292 ἰλαδὸν
1001 1241 1345 1311 κατέστησαν
1392 1243 1597 1298 ἀλαλά-

120 1333 247 1390 imus;
264 1329 363 1396 ἅμα
387 1328 474 1380 καὶ
501 1330 560 1380 τὸ
585 1329 829 1382 ἐνυάλιον
858 1330 1099 1400 συνεχῶς
1128 1332 1472 1404 ἐνηχοῦντες,
1503 1334 1594 1402 ὑφ’

117 1414 165 1472 ὧν
184 1420 219 1470 oi
236 1419 316 1487 μὲν
341 1417 526 1480 ἔξωθεν
544 1419 1039 1488 ἐκδειματωθέντες
1057 1423 1143 1476 διὰ
1163 1425 1358 1488 νυκτὸς
1388 1425 1596 1477 ἐκεῖθεν

120 1510 282 1579 ᾤχοντο,
309 1508 453 1561 αὐτὸν
475 1509 796 1578 ἐληλυθέναι
816 1514 907 1566 τὸν
929 1515 1309 1586 αὐτοκράτορα
1338 1517 1598 1585 νομίσαν-

115 1616 196 1658 τες·
217 1600 259 1650 αἱ
289 1600 337 1650 δὲ
365 1601 664 1667 Ῥωμαϊκαὶ
690 1603 949 1673 δυνάμεις
973 1602 1129 1669 αὖθις
1160 1608 1298 1675 πρὸς
1322 1608 1420 1676 τὴν
1444 1607 1596 1677 βασι-

115 1693 308 1746 λεύουσαν
341 1694 700 1763 ὑπέστρεψαν.
728 1697 802 1750 Οὐ
827 1699 933 1767 γὰρ
958 1694 1100 1768 ἦσαν
1129 1701 1425 1770 ἀξιόμαχον
1456 1700 1594 1770 πλῆ-

116 1786 176 1844 θος
197 1786 302 1854 πρὸς
327 1786 503 1852 ἔφοδον
528 1790 812 1857 Περσικὴν
849 1791 1216 1862 ἐλπιζομένην
1267 1795 1328 1847 ὲκ
1361 1793 1456 1846 τοῦ
1508 1793 1594 1864 βᾶο

113 1876 195 1938 θους
211 1877 290 1945 τῆς
325 1878 625 1948 Τουρκικῆς
649 1881 696 1912 ⁹⁶
717 1882 967 1946 ἐξουσίας
989 1879 1142 1944 αὖθις
1176 1883 1500 1937 ὲλεύσασθαι
1525 1885 1591 1938 ⁸³.

1701 603 1928 669 phorus.
1985 604 2054 658 ab
2123 619 2325 660 occasu
2376 613 2558 660 autem
2608 605 2996 675 Adrianopolis
3046 604 3276 660 ditionis

1701 692 1961 750 Romanae
2025 696 2227 751 limites
2293 706 2472 752 erant.
2517 696 2670 760 Quos
2731 698 2964 752 nimium
3020 697 3276 752 admotos

1700 788 1999 856 imperator
2049 789 2274 842 Alexius
2327 790 2604 858 utrimque
2650 805 2814 844 manu
2870 789 3174 858 pr0pellere
3209 804 3274 843 ac

1699 880 1960 934 diducere
1994 881 2384 935 submovendis
2415 882 2781 950 undecunque
2827 881 3274 936 incumbentibus

1703 973 1958 1026 Barbaris
1980 988 2246 1051 generose
2283 974 2445 1027 simul
2481 989 2547 1029 ac
2595 974 2826 1027 feliciter
2857 988 3172 1042 aggressus,
3205 988 3274 1027 ex

1703 1065 1836 1120 urbe
1880 1067 2141 1134 Byzantio
2188 1066 2344 1135 quasi
2397 1079 2460 1118 ex
2505 1075 2701 1119 centro
2751 1064 3065 1132 prosiliens,
3138 1064 3274 1117 adeo

1699 1155 2025 1220 circumegit
2092 1168 2155 1208 ac
2223 1154 2475 1208 dilatavit
2527 1154 2715 1207 orbem
2768 1153 3002 1222 imperii,
3054 1161 3110 1205 ut
3159 1152 3272 1220 jam

1699 1247 1819 1316 ejus
1883 1247 2112 1302 occidua
2170 1247 2390 1317 quidem
2458 1248 2701 1301 claustra
2753 1245 2866 1300 sint
2929 1244 3269 1299 Adriaticum

1702 1356 1883 1404 mare;
1929 1341 1998 1393 ab
2048 1339 2262 1395 oriente
2305 1355 2436 1395 vero
2461 1337 2668 1410 Tigrim
2723 1345 2888 1407 atque
2940 1336 3272 1404 Euphratem

1702 1447 1798 1499 pro
1833 1431 1988 1485 OStiis
2021 1431 2254 1495 habeat;
2305 1431 2574 1500 planeque
2629 1430 2686 1492 in
2738 1431 3072 1499 primasvum
3122 1428 3274 1480 illum

1701 1523 1980 1578 fclicitatis
2029 1525 2217 1578 norem
2264 1523 2566 1578 Romanam
2609 1523 3006 1593 rempublicam
3044 1519 3270 1574 restitu-

1701 1624 1858 1668 turus
1883 1614 2190 1680 videbatur,
2231 1616 2331 1670 nisi
2363 1616 2500 1670 bella
2530 1631 2596 1669 ex
2628 1615 2754 1668 aliis
2776 1614 2882 1667 alia
2911 1609 3276 1670 suborient-ia,

1651 1752 1660 1758 .
1700 1704 2027 1772 laboresque
2053 1721 2114 1759 ac
2148 1706 2389 1775 pericula
2422 1707 2612 1761 crebra
2645 1706 2811 1760 simul
2847 1713 2902 1758 et
2950 1701 3277 1774 gravissima

1703 1795 1848 1866 (nam
1897 1804 1952 1851 et
1999 1812 2197 1866 genere
2245 1809 2298 1852 et
2351 1814 2582 1852 numero
2630 1799 3004 1866 periculorum
3055 1793 3276 1847 fortuna

1704 1897 1908 1957 patrem
1945 1904 2123 1943 meum
2156 1905 2266 1959 pm
2289 1891 2505 1945 cmteris
2531 1888 2802 1960 exercuit)
2823 1904 2950 1943 eum
2978 1902 3008 1940 a
3039 1883 3276 1956 perfecta

112 1971 308 2022 rcitantxc
335 1970 677 2026 assecutione
702 1972 1093 2029 retardassent.
1126 1975 1396 2029 Caeterum
1447 1984 1506 2030 ut
1534 1993 1599 2032 eo
1637 1979 1853 2034 redeam
1889 1980 2034 2035 unde
2063 1981 2311 2051 digressa
2360 1997 2506 2051 sum,
2538 1997 2605 2037 ex
2651 1983 2758 2037 isto
2823 1980 3100 2050 preposito
3163 1978 3270 2031 itn-

113 2066 204 2130 petii
260 2064 502 2118 dilatandi
579 2065 841 2122 hauserat
902 2070 1186 2139 Augustus
1239 2073 1529 2126 consilium
1586 2073 1833 2129 mittendi
1885 2075 2120 2132 Nicaeam
2196 2077 2471 2133 exercitus
2527 2077 2806 2146 suppetias
2857 2072 3274 2144 Apelchasemo,

110 2175 181 2210 non
203 2173 288 2225 quo
311 2159 449 2210 illum
483 2161 734 2228 perieulo
761 2163 1022 2245 eriperet,
1056 2165 1152 2218 sed
1186 2174 1245 2218 ut
1291 2165 1396 2219 sibi
1426 2167 1715 2220 victoriam
1751 2177 1988 2236 pararet.
2023 2168 2095 2224 At
2166 2172 2312 2225 enim
2365 2185 2475 2224 non
2531 2169 2796 2238 aspiravit
2862 2175 2980 2220 tum
3047 2165 3272 2235 quidem

109 2252 298 2319 cictepto
348 2252 581 2308 fortuna.
637 2254 726 2308 Sic
753 2257 902 2310 enim
945 2273 1032 2314 res
1062 2259 1137 2313 ibi
1182 2268 1296 2313 tum
1343 2271 1494 2330 gesta
1546 2277 1606 2316 se
1645 2263 1857 2320 babuit.
1923 2264 2074 2321 Missi
2126 2267 2330 2321 auxilio
2390 2265 2620 2320 Romani
2669 2265 2988 2333 oppidulum
3036 2273 3278 2330 occupa-

110 2352 242 2398 runta
277 2346 476 2400 domino
505 2346 746 2416 Georgio
782 2366 978 2404 nomen
1014 2353 1220 2408 habens
1259 2370 1274 2407 :
1309 2370 1420 2424 quo
1481 2365 1788 2424 comperto,
1853 2357 1945 2426 qui
2000 2358 2394 2412 obsidebantur
2436 2357 2632 2412 Nicarte
2700 2356 2864 2410 Turei
2920 2363 3108 2424 portas
3180 2367 3280 2405 ex-

109 2430 252 2507 leutplo
288 2438 408 2507 ipsis
453 2453 817 2508 aperuerunt.
893 2443 1022 2498 Inde
1087 2444 1162 2497 illi
1238 2460 1362 2499 cum
1449 2448 1907 2502 conscendissent
1963 2464 2132 2517 supra
2210 2455 2421 2518 portam
2479 2447 2804 2502 orientalem
2860 2446 2912 2498 in
2974 2445 3171 2512 pinnas
3223 2452 3280 2495 et

109 2533 428 2601 ρτοριιειιηειιιπ
479 2550 789 2598 ηιιιτοτυιη.
819 2536 1086 2606 signaque
1121 2537 1234 2592 illic
1289 2553 1355 2592 ac
1377 2550 1593 2609 sceptra
1640 2541 1694 2595 in
1729 2542 1926 2597 seriem
1956 2542 2190 2596 terriﬁca
2229 2541 2625 2612 proculspecie
2690 2539 3018 2594 statuissent
3087 2544 3279 2590 osten-

111 2627 292 2691 tabundi,
333 2627 482 2681 simul
533 2628 817 2684 alacribus
861 2630 1350 2686 vociferationibus
1425 2633 1626 2703 iugiter
1666 2635 2061 2704 minacitcrque
2101 2644 2482 2704 personantes,
2515 2633 2863 2704 perfecerunt
2911 2632 3132 2686 demum
3210 2638 3275 2684 ιιι

106 2724 167 2788 qui
188 2721 376 2774 Nicaeam
404 2720 796 2790 oppugnabant
823 2722 1044 2775 Barbari
1079 2720 1384 2776 Romanum
1412 2723 1586 2792 ipsum
1631 2724 2014 2794 imperatorem
2056 2742 2179 2780 eum
2213 2726 2469 2779 omnibus
2503 2724 2621 2778 suis
2662 2725 2833 2792 cupiis
2877 2723 2932 2777 in
2995 2738 3114 2777 eam
3188 2722 3280 2775 in-

106 2827 303 2878 gressum,
332 2821 532 2866 terrore
602 2827 664 2863 ac
732 2813 1116 2881 desperatione
1171 2814 1296 2870 imle
1345 2816 1482 2869 ortis
1535 2817 1850 2872 contnrbati
1902 2833 1998 2886 per
2054 2826 2268 2871 noctem
2329 2818 2723 2872 abscesserint.
2779 2815 2904 2870 Post
2983 2829 3108 2883 qua;
3156 2811 3272 2866 Ro-

106 2916 245 2953 manus
262 2902 515 2958 exercitus
536 2901 1072 2972 Constantinopolim
1101 2905 1427 2970 rediit;non
1485 2908 1628 2959 enim
1653 2921 1728 2986 ‘se
1764 2922 1950 2976 parem
1976 2909 2248 2963 sentiebat
2275 2908 2716 2978 excipiendis,in
2761 2908 3003 2974 ipsorum
3070 2903 3269 2964 reditu.

107 2993 335 3048 Barbaris:
371 3010 506 3063 quos
534 2994 676 3048 satis
712 2995 998 3048 constabat
1042 2997 1226 3051 animo
1282 2997 1590 3052 revertendi
1630 2999 1926 3054 recessisse
1977 3000 2030 3053 in
2090 3001 2337 3054 intimam
2417 3001 2679 3055 ditionem
2735 2997 3062 3064 Tureicam;
3147 2996 3275 3052 inde

105 3104 188 3139 mox
207 3096 336 3141 aucto
358 3090 601 3142 exercitu
633 3089 686 3142 in
711 3104 998 3144 numerum
1018 3092 1586 3160 quantummaximnm
1660 3094 1898 3148 conflare
1949 3095 2142 3149 ultimo
2170 3103 2370 3149 conatu
2434 3093 2727 3149 Turcicum
2783 3109 2985 3149 nomen
3053 3093 3278 3148 univer-

103 3198 182 3232 sum
221 3183 362 3247 valet,
410 3183 475 3236 ad
526 3183 874 3254 expulsionis
932 3200 1045 3239 suae
1103 3187 1186 3240 vel
1248 3187 1600 3256 ignominiam
1638 3187 1951 3255 eluendam,
1989 3191 2072 3244 vel
2125 3190 2381 3260 iniuriam
2465 3188 2839 3244 ulciscendam
2889 3188 3070 3243 denuo
3137 3201 3274 3242 ven-

103 3287 224 3330 turos.

149 3367 230 3436 Τὴν
249 3370 295 3421 δὲ
323 3371 406 3422 τοῦ
440 3371 641 3432 Σιαοῦς
679 3370 1028 3441 ὑποστροφὴν
1058 3373 1085 3424 ὁ
1133 3372 1368 3425 σουλτᾶν
1421 3373 1597 3426 ἀπεκ·
1629 3376 1672 3436 C

105 3462 340 3530 δεχόμενος,
371 3465 490 3514 ἐπεὶ
541 3463 695 3532 ἑώρα
735 3464 921 3516 τοῦτον
975 3463 1410 3534 ὲμδραδύνοντα,
1466 3467 1596 3534 ἐμε-

105 3553 279 3620 μαθήκει
331 3555 384 3608 δὲ
431 3555 500 3607 τὰ
571 3556 691 3608 κατ’
755 3557 942 3618 αὐτὸν,
982 3557 1058 3619 ὡς
1107 3557 1199 3608 τὸν
1272 3559 1592 3627 Χαρατικὴν

105 3647 197 3707 pati
221 3647 394 3715 τρόπον
422 3648 520 3716 τῆς
552 3646 803 3719 Σινώπης
848 3649 985 3716 (55),
1010 3650 1297 3718 ἀπήλασεν
1317 3649 1410 3702 τοῦ
1452 3650 1597 3703 Θείου

105 3734 408 3803 flammato;
428 3741 472 3772 “
502 3741 584 3801 ὡς
616 3741 909 3810 τετυχήκει
942 3742 1034 3792 καὶ
1063 3743 1205 3793 κατὰ
1232 3741 1330 3810 τὴν
1359 3742 1600 3810 ἑσπέραν

101 3826 205 3894 παρὰ
242 3829 319 3879 τοῦ
371 3831 780 3900 αὐτοκράτορος
833 3831 1136 3899 ἀπεστάλη,
1201 3831 1300 3901 τὴν
1343 3832 1600 3903 δουκικὴν

99 3917 281 3978 ἐξουσίαν
295 3922 572 3990 ’Δγχιάλου
594 3923 1056 3994 περιζωσάμενος,
1079 3925 1268 3993 ἠνιᾶτο
1288 3927 1383 3978 καὶ
1400 3923 1598 3994 ήτχαλ-

96 4010 172 4061 )εν.
192 4015 288 4064 Δεῖν
320 4013 408 4068 οὖν
436 4016 726 4082 ἐλογίσατο
779 4017 869 4069 τὸν
918 4018 1192 4080 Πουζάνον
1246 4013 1400 4079 αὖθις
1463 4017 1598 4086 μετὰ

97 4099 309 4169 δυνάμεων
333 4108 468 4159 κατά
497 4107 598 4159 τοῦ
647 4109 1002 4179 Ἀπελχασὴμ
1026 4110 1363 4172 ἁποατείλαι,
1399 4110 1514 4178 ἅμα
1541 4108 1595 4159 δὲ

97 4194 159 4241 καὶ
182 4199 294 4261 πρὶς
323 4199 411 4248 τὸν
443 4200 832 4267 αὐτοκράτορα
859 4203 1078 4270 γραφὴν
1101 4201 1229 4270 περὶ
1281 4199 1376 4252 τοῦ
1433 4197 1598 4253 αὑτοῦ

97 4285 240 4350 κήδους
263 4289 727 4357 δια).αμ6ἀνουσαν
753 4291 902 4358 αὐτῷ
933 4291 1258 4360 ιγχειρίσαι.
1281 4287 1404 4359 Εἶχε
1439 4290 1495 4343 δὲ
1534 4291 1602 4343 τὰ

95 4378 325 4446 γράμματα
351 4382 524 4444 οὕτως
560 4398 574 4410 ·
627 4382 961 4447 Ἰῐκηιιόειν,
989 4379 1036 4436 ὦ
1055 4384 1342 4446 βασιλεῦ,
1381 4383 1453 4436 τὰ
1488 4400 1591 4436 κα-

95 4469 141 4519 τὰ
174 4473 230 4522 σὲ
259 4473 345 4524 καὶ
383 4473 546 4538 ὅπως
575 4473 690 4541 τὴν
723 4473 834 4540 τῆς
875 4475 1199 4539 βασιλείας
1227 4474 1604 4545 ἀναδησάμε-

93 4576 158 4624 νοι,
191 4563 383 4632 ἀρχὴν,
416 4568 485 4618 ἐκ
514 4566 830 4634 προοιμίου
863 4557 1118 4631 πολλοῖς
1156 4566 1386 4636 ἀγῶσιν
1412 4568 1595 4638 ἐμπέ-

1795 3300 1820 3340 /

1778 3373 1997 3428 Interim
2047 3373 2313 3436 sultancs,
2359 3373 2450 3426 diu
2507 3379 2821 3442 exspectato
2856 3369 3062 3433 Siansi,
3117 3383 3275 3438 quem

1701 3465 1943 3528 miserat,
1977 3465 2176 3527 reditu,
2212 3475 2504 3533 postquam
2551 3463 2787 3532 denique
2833 3460 3110 3530 cognovit,
3166 3475 3276 3514 non

1697 3555 1808 3625 jam
1834 3557 2034 3612 morari
2072 3558 2273 3624 ipsum,
2305 3556 2396 3609 sed
2431 3557 2587 3624 plane
2614 3555 2883 3624 migrasse
2918 3560 2976 3606 ut
3009 3553 3062 3605 in
3092 3566 3276 3606 mores

1701 3656 1864 3717 atque
1895 3648 1947 3700 in
2004 3648 2164 3712 ritus,
2197 3649 2269 3700 ita
2294 3646 2458 3700 etiam
2494 3646 2548 3700 in
2579 3656 2756 3703 terras
2801 3645 3271 3706 Christianorum,

1700 3740 1982 3808 eiectoque
2040 3738 2244 3808 Sinope
2267 3737 2560 3791 Cbaratice
2591 3737 2933 3789 fraudulenta
2963 3735 3277 3790 ostensione

1703 3833 2030 3891 litterarum,
2059 3846 2180 3885 mox
2219 3830 2405 3885 divino
2447 3830 2720 3898 baptismo
2767 3828 2944 3896 palam
2981 3835 3267 3894 suscepto,

1704 3924 1757 3977 iu
1809 3924 2072 3977 occiduas
2127 3923 2286 3992 177
2333 3936 2459 3976 oras
2513 3920 2581 3973 ab
2630 3921 2960 3987 imperatore
3017 3919 3272 3980 missum,

1707 4017 2000 4070 fruiturum
2029 4016 2100 4070 ibi
2135 4014 2384 4069 Anchiali
2421 4014 2646 4078 ducatu,
2672 4027 2832 4081 quam
2864 4011 2912 4064 ei
2946 4010 3269 4080 dignitatem

1705 4108 2002 4177 imperator
2049 4107 2191 4161 idem
2239 4106 2294 4160 in
2347 4106 2629 4175 praemium
2685 4104 3016 4157 attribuerat
3068 4116 3082 4154 :
3134 4100 3273 4163 ham,

1705 4200 1949 4268 inquam,
2003 4199 2248 4252 sultanes
2294 4198 2381 4251 ubi
2433 4196 2686 4266 cognovit
2740 4193 2860 4248 tulit
2915 4193 3172 4262 primum,
3214 4200 3274 4246 ut

1707 4307 1802 4361 par
1837 4299 1974 4355 erat,
2010 4290 2419 4345 molestissime.
2458 4288 2815 4342 Dissimulato
2843 4285 3098 4339 tamenin
3129 4298 3269 4350 pra:-

1703 4399 1831 4437 scns
1861 4383 2051 4436 dolore
2077 4391 2238 4450 atque
2287 4382 2391 4443 ira,
2441 4379 2757 4433 faciendum
2813 4376 2916 4432 sibi
2962 4376 3180 4436 statuit,
3213 4383 3276 4428 ut

1705 4475 1981 4528 Puzanum
2014 4488 2207 4526 rursus
2245 4487 2372 4526 cum
2405 4471 2580 4542 copiis
2621 4471 2888 4523 adversus
2929 4467 3273 4537 Apelcbase-

1705 4582 1852 4620 mum
1894 4566 2154 4628 mitteret,
2178 4564 2468 4633 eidemque
2517 4562 2732 4616 litteras
2761 4561 2827 4615 ad
2883 4561 3272 4630 imperatorem

93 4666 287 4718 πτωκας,
314 4657 405 4708 καὶ
431 4657 515 4721 ὠς
547 4656 679 4724 ἄρτι
706 4655 780 4708 τὰ
797 4656 948 4709 κατὰ
976 4657 1117 4722 τοὺς
1139 4659 1435 4723 Λατίνους
1455 4677 1596 4713 κατ-

1704 4658 1880 4722 daret,
1913 4657 2117 4727 quibus
2150 4654 2428 4710 afﬁnitatis
2472 4670 2594 4709 cum
2633 4670 2698 4707 eo
2740 4651 3131 4708 contrahenda:
3171 4665 3274 4704 nea

93 4745 417 4814 ειιγάσοντος,
459 4751 516 4802 οἱ
546 4750 771 4803 Σκύθαι
800 4751 952 4804 κατὰ
1014 4751 1131 4805 σοῦ
1164 4753 1590 4822 ἐτοιμάζονται,

94 4836 155 4884 γιαὲ
180 4839 206 4888 ό
245 4841 407 4906 αὐτὸς
447 4843 490 4873 ’⁷
529 4844 562 4894 ό
603 4841 766 4911 ἀμὴρ
831 4843 1225 4912 Ἀπελχασὴμ
1290 4845 1396 4910 τὰς
1445 4846 1596 4914 μετὰ

91 4926 170 4978 σεῦ
194 4929 231 4959 θ’
248 4931 342 4985 τοῦ
374 4932 618 5002 Σολυμᾶ
649 4933 926 5001 σπονδὰς
972 4937 1328 5002 καταλύσας
1382 4937 1595 5007 μέχρις

91 5017 227 5084 αὐτῆς
247 5023 552 5089 Δαμὰλεως
581 5024 696 5091 τὴν
738 5025 939 5078 Ἀσίαν
996 5025 1279 5093 ληΐζεται.
1330 5031 1398 5081 Ei
1449 5029 1596 5098 γοῦν

96 5107 244 5164 fail“
278 5115 504 5168 καὶτὸν
560 5117 944 5185 Ἇπελχασὴμ
997 5118 1116 5170 τῶν
1170 5120 1373 5173 αὐτόθι
1401 5119 1598 5188 μερῶν

91 5199 393 5272 ἀπελαθῆναι
421 5207 522 5262 καὶ
579 5208 696 5274 τὴν
760 5211 970 5264 Ἀσίαν
1003 5209 1103 5264 καὶ
1154 5210 1349 5278 αὐτὴν
1385 5212 1460 5278 δὴ
1487 5211 1599 5280 τὴν

1702 4753 1904 4824 gotiutn
1935 4758 2174 4821 urgeret.
2211 4749 2298 4802 Ea:
2329 4750 2526 4801 litterae
2567 4747 2622 4801 in
2665 4747 2811 4800 bunc
2844 4746 3066 4798 modum
3115 4748 3274 4796 erant

1700 4846 1918 4914 scripta:
1955 4862 1967 4899 :
2008 4843 2220 4905 Audivi,
2241 4842 2496 4910 Auguste,
2530 4857 2630 4910 quo
2663 4842 2778 4892 loco
2807 4855 2888 4891 res
2915 4848 3018 4890 tua:
3049 4834 3279 4901 fuerint,

1699 4949 1747 4992 et
1772 4940 1900 4992 sint.
1937 4935 2028 4998 Ut,
2079 4936 2315 5005 inquam,
2340 4934 2522 4987 statim
2568 4932 2634 4984 ab
2668 4931 2834 4984 initiis
2882 4927 3089 4993 imperii
3147 4939 3272 4977 aua-

1701 5031 1832 5098 cepti
1863 5029 2151 5082 certamina
2178 5027 2229 5078 in
2263 5026 2426 5077 multa
2462 5023 2741 5079 incideris:
2778 5031 2936 5089 utque
2982 5018 3135 5071 modo
3184 5031 3274 5070 so-

1701 5125 1810 5188 pito
1853 5119 2045 5173 Latino
2077 5119 2325 5180 tumultu,
2380 5115 2502 5169 belli
2527 5124 2752 5167 tenovus
2782 5113 3184 5176 circumstrepet
3233 5124 3268 5158 a

1704 5213 1914 5284 Scythis
1941 5226 2123 5264 rumor
2162 5207 2546 5270 expeditionem
2585 5207 2638 5257 in
2669 5221 2755 5257 vos
2791 5200 3117 5272 parantibus
3156 5211 3174 5251 :
3207 5205 3267 5250 ut

1075 5330 1274 5390 Variae
1316 5330 1616 5390 lectiones
1659 5347 1735 5390 ex
1770 5329 1910 5391 cod.
1947 5328 2216 5390 Coislin.

137 5422 346 5476 ξιτοῦτον
371 5427 712 5485 συνέπλευσεν.

94 5489 118 5510 Α
137 5431 346 5510 τοῦτον
371 5431 712 5510 συνέπλευσεν.
786 5431 831 5464 ’⁸
861 5431 1145 5502 δουκικῆς.

113 5490 261 5548 ‘llcest
296 5498 481 5551 vocula
500 5515 614 5550 σου.

1220 5433 1264 5464 ⁸⁵
1289 5431 1630 5485 ἐλεύσεσθαι.

1725 5433 1770 5464 θ’
1801 5432 1940 5484 ὥστε
1973 5430 2124 5500 τύχοι
2161 5428 2253 5481 τοῦ
2294 5427 2440 5480 Οεῖον
2483 5423 2883 5496 βαπτίσματος.
2959 5423 3004 5454 ³⁷
3026 5419 3186 5483 αὐτὸς
3212 5420 3264 5478 ὁ.

1083 5612 1225 5673 Car.
1259 5610 1585 5673 Dufrcsnii
1627 5615 1718 5674 Du
1752 5613 1972 5692 (ἰθῃὸἱὶ
2002 5624 2194 5673 noue.

141 5709 222 5779 {755)
252 5715 532 5785 Σινώπης.
568 5716 827 5787 Sinopcm
901 5717 954 5770 in
1029 5726 1296 5785 potestate
1361 5717 1529 5787 fuisse
1590 5718 1783 5785 Alexii,
1834 5737 1958 5777 cum
2014 5719 2183 5772 nostri

99 5791 288 5837 ossi-rvat
313 5789 482 5842 etiam
515 5786 773 5844 Albcrtus
805 5788 908 5860 Λιι.
944 5789 1044 5843 lib.
1078 5801 1194 5854 vm,
1232 5803 1355 5856 cap.
1385 5786 1474 5838 22.

2282 5715 2715 5787 Hierosolymam
2808 5711 3042 5784 profecti
3109 5717 3269 5774 sunt,
