3830 6560
159 336 240 397 εεδ
1375 332 1673 391 ALEXIAI

1783 366 1785 380 ›
1826 333 1971 397 LIB.
2014 331 2148 394 VII.
3263 344 3367 407 546

152 452 214 511 fa;
240 445 275 475 ⁸ο
307 444 721 514 ἡττηθήσονται,
759 445 853 498 καὶ
885 445 1047 515 ἡμεῖς
1078 446 1172 499 τοῦ
1210 445 1399 499 λοιποῦ
1432 446 1673 518 ὀχύρωμι

1803 464 1901 504 nos
1958 450 2247 517 lacessant,
2301 461 2509 506 certum
2558 463 2646 509 est
2700 455 3058 511 temeritatem
3110 472 3204 512 eos
3242 476 3405 513 utox.

152 536 481 609 ἐρυμνότατον
544 538 642 606 τὴν
712 538 957 608 μεγάλην
1029 538 1225 607 ἕξομεν
1287 540 1673 607 Περισθλάΰαν.

1798 541 2051 606 praesenti
2084 541 2232 593 clade
2253 542 2503 597 luiturus.
2536 544 2645 598 Nos
2681 556 2883 611 autem,
2918 549 3187 603 tutissimo
3217 551 3370 604 deiu-
3398 534 3410 559 ἓ

152 634 285 693 Πόλις
330 630 381 683 δὲ
429 628 565 697 αῦτη
630 632 939 701 περιφανὴς
976 632 1104 701 περὶ
1155 632 1248 685 τὸν
1308 632 1522 700 Ἴστρον
1575 632 1673 684 δια-

1797 642 1923 697 ccps
1956 629 2093 691 loco,
2126 648 2321 701 magna
2374 634 2527 702 potiti
2575 635 2933 702 Peristhlaba,
2974 639 3191 693 civitate
3243 656 3366 693 mu-

152 722 343 792 κειμένη
402 724 528 774 ποτὲ
596 724 697 792 μὲν
751 724 865 777 οῦτ⁵
923 724 1096 793 ὄνομα
1145 724 1304 778 τοῦτο
1367 725 1566 793 ἔχουσα
1625 723 1673 776 τί

1800 720 2088 784 uitissima,
2121 738 2205 775 res
2242 738 2473 791 spesque
2511 736 2721 779 nostras
2757 727 3097 782 habebimus.
3132 730 3218 783 Esl
3255 731 3367 785 haec
3405 713 3413 731 κ

151 812 473 882 βαρϐαρικὸν,
531 814 651 865 ἀλλ’
711 813 1095 882 Ἐλληνίζουσα
1155 817 1281 884 περὶ
1332 814 1427 885 τὴν
1477 832 1687 885 προση-

149 905 307 973 γορέαν
333 905 559 974 Μεγάλη
593 906 745 969 πόλις
782 908 875 960 καὶ
922 904 1057 961 οὖσα
1102 910 1197 959 καὶ
1238 908 1509 977 λεγομένη
1544 924 1556 938 ·
1593 906 1693 975 ἀφ’

146 994 193 1050 οὗ
235 998 281 1048 δὲ
332 998 548 1065 Μόκρος
579 999 693 1069 (97)
718 1001 745 1051 ὁ
774 1002 879 1051 τῶν
907 999 1231 1068 Βουλγάρων
1289 1000 1543 1069 βασιλεὺς
1594 1001 1688 1053 καὶ

146 1090 183 1139 οἱ
210 1089 258 1151 ἐξ
284 1089 488 1141 ἐκείνου
542 1092 850 1160 γενόμενοι,
910 1092 1003 1145 καὶ
1061 1094 1288 1163 προσέτι
1333 1110 1398 1159 γε
1429 1092 1685 1162 Σαμουὴλ

146 1182 165 1230 ὁ
191 1179 473 1241 τελευταῖος
506 1181 602 1244 τῆς
638 1174 1012 1251 Βουλγαρικῆς
1042 1181 1382 1243 δυναστείας,
1402 1182 1683 1249 καθάπερ·

143 1275 164 1323 ὁ
208 1270 443 1334 Σεδεκίας
485 1273 595 1324 τῶν
643 1273 930 1339 Ἰουδαίων,
972 1276 1068 1342 τῆς
1119 1274 1356 1345 ἑσπέρας
1418 1274 1685 1343 κατέδρα-

146 1383 223 1434 μον
249 1366 309 1427 ει,
337 1364 594 1419 σύνθετον
623 1369 898 1436 ἐκτήσατο
945 1366 1046 1431 τὴν
1088 1368 1463 1436 προσηγορίαν
1490 1366 1597 1418 ἀπό
1623 1382 1683 1418 τε

142 1458 217 1524 τῆς
247 1457 563 1527 Ἑλληνικῆς
599 1460 898 1529 σημασίας,
931 1458 1158 1527 Μεγάλη
1207 1458 1681 1529 ὲπονομαζομένη,

142 1552 212 1602 καὶ
238 1551 326 1616 τὴν
344 1550 454 1602 ἀπὸ
483 1551 594 1603 τῶν
619 1552 1006 1619 Σθλαὸογενῶν
1029 1551 1406 1622 ἔπισυρομένη
1440 1549 1585 1614 λέξιν
1610 1550 1680 1615 ⁸³,

142 1641 321 1710 μεγάλη
379 1643 725 1711 Περισθλάὸα
785 1645 1126 1713 πανταχόθεν
1176 1642 1387 1703 τούτοις
1444 1641 1685 1711 φημιζο-

142 1734 267 1801 μένη.
299 1732 514 1801 Ταύτην
543 1734 723 1786 τοίνυν
763 1735 1144 1805 κρησφύγετον
1174 1733 1414 1803 ἔχοντες,
1455 1734 1502 1785 οἱ
1535 1731 1680 1802 ἀμφὶ

1798 811 1928 862 urbs
1976 809 2117 863 inter
2168 812 2303 866 Istro
2350 815 2761 881 circumpositas
2802 818 2993 873 nobilis
3046 820 3098 872 iu
3156 822 3362 887 paucis,

1799 895 1951 951 Tunc
2000 902 2214 965 quidem
2247 902 2349 955 isto
2385 903 2622 958 Barbaro
2662 908 2802 974 quod
2844 909 3151 973 retulimus,
3182 909 3363 962 defor-

1800 1000 1945 1042 mata
1983 992 2265 1058 vocabulo,
2318 992 2559 1048 Graecam
2605 1006 2785 1051 tamen
2840 1014 2903 1051 ex
2951 1014 3076 1054 vero
3126 1002 3360 1069 appella-

1794 1084 1995 1136 tionem
2049 1085 2300 1140 obtinens
2356 1087 2725 1157 Megalopolis,
2786 1107 2903 1157 quae
2950 1093 3208 1167 -civitatis
3263 1095 3362 1163 ipsi

1796 1192 2004 1244 magum
2042 1176 2254 1230 titulum
2308 1181 2501 1232 merito
2538 1182 2793 1242 vindicat,
2845 1190 2931 1235 est
2977 1184 3119 1236 enim
3177 1199 3361 1238 revera

1795 1271 1938 1322 talis.
1974 1270 2048 1322 Ex
2098 1286 2205 1339 quo
2244 1283 2424 1326 autem
2479 1275 2692 1328 Mor-rus
2744 1276 3094 1345 Bulgarorum
3143 1293 3257 1343 rex,
3310 1289 3363 1333 et

1793 1360 1885 1427 qui
1917 1376 1979 1414 ex
2012 1361 2101 1415 illo
2136 1361 2305 1427 fuere,
2346 1376 2570 1434 postque
2610 1368 2705 1419 hos
2732 1368 2971 1430 Samuel,
3010 1370 3097 1435 qui
3142 1369 3363 1424 ultimus

1793 1452 2038 1520 Bulgaris
2064 1458 2330 1525 regnavit,
2366 1467 2418 1511 ut
2454 1460 2705 1513 Sedeeias
2738 1459 2957 1522 ludatis,
3008 1460 3165 1529 195
3214 1464 3350 1515 occi-

1792 1542 1955 1597 duum
1986 1546 2335 1601 incursavere
2372 1549 2592 1603 limitem
2622 1566 2637 1603 :
2668 1566 2859 1605 nomen
2890 1550 2975 1603 isti
3013 1552 3133 1605 urbi
3163 1553 3358 1606 facnun

1792 1648 1873 1691 est
1898 1639 2091 1706 partim
2126 1655 2190 1693 ex
2226 1640 2412 1694 Graeco
2444 1643 2612 1696 veteri
2641 1644 3023 1713 compesitutu,
3063 1646 3256 1713 partim
3293 1660 3359 1698 ex

1754 1778 1759 1783 .
1791 1731 2103 1784 colonorum
2133 1732 2426 1785 recentium
2465 1750 2493 1787 a
2534 1734 2769 1788 Sthlavis
2802 1752 2970 1803 genus
3004 1737 3353 1797 trahentium,

140 1824 210 1874 τὸν
262 1824 785 1905 Μαυροκατακαλὼν
847 1825 1056 1891 ἔλεγον,
1126 1824 1220 1875 καὶ
1278 1822 1552 1891 ὁσημέραι
1615 1819 1673 1871 δι¹

1785 1823 1970 1890 gentili
2007 1825 2246 1887 nomine,
2294 1836 2351 1878 ut
2380 1824 2568 1896 Magna
2612 1827 2947 1882 Pcristhlaba
2991 1828 3186 1896 passim
3218 1829 3357 1896 apud

138 1916 519 1986 ἀκροϐολισμῶν
544 1921 657 1980 τοῖς
692 1916 927 1978 Σκύθαις
962 1915 1418 1987 προσϐάλλοντες,
1445 1912 1505 1964 ού
1537 1922 1683 1964 παυ-

136 2005 310 2072 σόμεθα
360 2008 691 2077 ζημιοῦντες
736 2009 958 2071 αὐτοὺς,
1006 2007 1251 2077 μηδόλως
1299 2005 1527 2066 τούτους
1580 2004 1680 2071 τῆς

137 2097 310 2157 εἷκεέας
378 2098 742 2167 παρεμϐολῆς
794 2098 1179 2169 χορταγωγίας
1242 2094 1407 2165 χάριν
1478 2094 1511 2163 ἢ
1579 2094 1679 2162 τῆς

135 2188 218 2239 τῶν
268 2189 545 2258 χρειωδῶν
612 2190 949 2260 συγκομιδῆς
1005 2188 1421 2259 συγχωροῦντες
1484 2185 1678 2255 ἐξελην

133 2277 335 2335 λυθέναι.

1781 1926 1972 1983 gentes
2006 1917 2421 1986 circumpositas
2451 1921 2561 1987 jam
2608 1922 2811 1975 audiat.
2859 1921 2934 1974 Ex
2988 1923 3088 1976 hac
3138 1922 3357 1977 civitate

1785 2014 2040 2074 tanquam
2075 2022 2139 2061 ex
2185 2018 2297 2064 tuto
2350 2012 2689 2080 receptaculo
2733 2013 3031 2082 (inquiebat
3075 2013 3357 2067 Mauroca-

1784 2096 1958 2150 tacalo
1981 2108 2034 2151 et
2058 2099 2148 2166 qui
2177 2114 2299 2153 cum
2324 2115 2387 2154 eo
2411 2102 2735 2171 seruiebant)
2763 2103 3001 2171 quotidie
3030 2103 3355 2170 prodeuntes

1785 2188 2138 2244 velitabitnur
2191 2206 2311 2245 cum
2368 2193 2606 2263 Scythis,
2664 2210 3051 2263 carpemusqne
3097 2196 3241 2262 ipsos
3291 2208 3355 2248 ac

1787 2280 2127 2348 fatigabiunts
2154 2283 2391 2349 assidue,
2423 2285 2624 2337 nullum
2650 2286 2757 2339 illis
2785 2302 2937 2339 usum
2970 2285 3352 2352 pabulationis,

136 2372 413 2441 lignationis
480 2386 573 2429 aut
649 2375 873 2431 alterius
932 2388 1161 2429 annona:
1224 2368 1677 2441 eomportatiouis
1716 2367 1945 2425 liberum
1977 2374 2264 2429 siuentcs:
2304 2376 2427 2429 dum
2464 2392 2557 2431 eos
2624 2379 2714 2447 qui
2754 2378 2944 2431 harum
3010 2391 3188 2431 rerum
3229 2391 3355 2446 gra-

136 2467 191 2516 tia
236 2467 501 2532 paululum
562 2467 760 2520 castris
809 2467 1048 2534 ipsorum
1101 2466 1469 2535 processerint
1528 2462 1669 2516 haud
1713 2461 1872 2517 dubie
1901 2465 2369 2522 obtruncabituus.

189 2557 391 2609 Τούτων
419 2556 511 2609 οῦν
542 2557 653 2609 τῶν
702 2558 877 2619 λόγων
931 2556 1295 2625 τριϐομένων,
1367 2553 1673 2613 ἀποϐάντες

134 2652 170 2702 οἱ
198 2650 273 2702 τοῦ
309 2650 597 2716 Διογένους
622 2652 730 2703 υἱοὶ
756 2652 864 2705 τῶν
896 2649 1179 2719 σφετέρων
1210 2649 1395 2701 ἵππων
1418 2640 1505 2699 οἷα
1534 2647 1669 2710 νέοι,

136 2742 325 2809 καὶτῆς
352 2742 459 2795 τῶν
484 2742 667 2811 μόθων
699 2744 1001 2810 κακότητος
1040 2742 1297 2809 ἄγευστοι
1348 2740 1376 2791 ὂ
1412 2755 1472 2791 τε
1500 2738 1674 2806 Νικη-

136 2837 271 2905 ιτὸρος
308 2838 402 2889 καὶ
438 2838 467 2887 ό
509 2837 662 2889 Λέων
701 2837 827 2897 τοὺς
859 2835 1113 2904 χαλινοὺς
1168 2832 1673 2901 ἀφελόμενοι,πλή-

136 2929 292 2991 ξαντές
332 2944 393 2979 τε
432 2929 628 2989 αὐτοὺς
691 2930 834 2982 κατὰ
894 2929 1001 2981 τῶν
1062 2928 1312 2994 κέγχρων
1380 2924 1671 2993 ἐξήλασαν,

133 3023 441 3085 ἑπειπόντες,
468 3020 558 3087 Μὴ
586 3020 790 3082 δέδιθι,
829 3019 1097 3083 βασιλεῦ
1126 3034 1140 3048 ’
1173 3017 1343 3071 αὐτοὶ
1378 3017 1488 3084 γὰρ
1532 3015 1673 3080 τοὺς

133 3114 402 3177 ἀκινάκας
464 3113 843 3179 σπασάμενοι
920 3110 1345 3179 διαμελίσομεν
1426 3107 1667 3171 αὐτούς.

1854 2552 1948 2608 llis
2005 2554 2307 2623 talibusque
2368 2558 2713 2613 sermonibus
2768 2559 3039 2625 pendente
3090 2561 3356 2616 delibera-

1781 2645 1950 2710 tione,
1988 2646 2237 2715 Diogenis
2262 2648 2357 2702 ﬁlii
2389 2650 2601 2705 feraces
2647 2652 2878 2718 juvenes
2929 2653 3193 2722 inexperti
3238 2670 3356 2709 ma-

1782 2734 1998 2798 lorum,
2063 2736 2383 2808 fervoreque
2442 2742 2619 2795 atatis
2678 2742 2852 2806 elati,
2909 2746 3063 2814 equis
3136 2757 3354 2815 repente

1783 2830 2119 2894 desilientes,
2174 2832 2357 2888 franuis
2410 2848 2502 2888 eos
2558 2844 2752 2889 exutos
2806 2838 2859 2891 in
2917 2838 3052 2893 milii
3114 2851 3350 2906 segetem

1781 2931 1997 2989 pastum
2050 2924 2365 2989 admittunt,
2428 2926 2585 2978 simul
2661 2928 3039 2995 imperatorem
3089 2931 3166 2983 sic
3220 2932 3355 2983 alto—

1780 3022 2008 3079 quentes
2046 3030 2061 3067 :
2092 3012 2173 3066 Ne
2196 3014 2421 3079 dubites,
2455 3017 2708 3083 Auguste,
2756 3034 2846 3070 nos
2877 3021 3011 3070 enim
3052 3020 3350 3072 acinaribus

1778 3104 1979 3157 strictis
2000 3107 2328 3159 concidemus
2352 3107 2443 3159 Ιιοδ
2466 3106 2754 3161 Barbaros.
2786 3108 2915 3161 Erat
2934 3111 2986 3163 iu
3011 3109 3351 3180 imperatoris

142 3206 187 3257 ’0
208 3206 253 3256 δὲ
285 3204 540 3274 βασιλεὺς
589 3203 1093 3272 φιλοκινδυνότατος
1134 3202 1210 3255 ῶν
1248 3202 1341 3255 καὶ
1386 3202 1671 3272 προαρπά-

1783 3208 1998 3265 pectore
2044 3196 2235 3264 ipsius,
2289 3199 2381 3266 qui
2420 3199 2637 3253 ferocia:
2668 3200 3069 3255 adulescentum
3116 3204 3348 3263 faveret,

133 3297 223 3360 ζειν
256 3297 512 3365 πειρυκὼς
546 3298 644 3358 τὰς
683 3297 885 3365 μάχας,
915 3297 1024 3350 οὐδ’
1059 3297 1142 3359 εἰς
1204 3294 1330 3348 νοῦν
1372 3295 1508 3357 ὅλως
1566 3294 1672 3346 τῶν

132 3390 474 3459 ἁπειργόντων
508 3389 672 3442 αὐτὸν
710 3392 837 3451 τοὺς
870 3388 1061 3456 λόγους
1098 3387 1374 3453 ἐϐάλλετο,
1409 3386 1545 3440 ἀλλὰ
1575 3385 1674 3455 τὴν

134 3481 388 3551 βασιλικὴν
409 3481 637 3551 σκηνὴν,
663 3480 757 3532 καὶ
787 3483 887 3543 τὰς
925 3480 1124 3543 σκευὰς
1154 3480 1375 3541 ἁπάσας
1401 3478 1566 3532 ἀναθέ
1577 3495 1673 3548 με·

1779 3286 1974 3341 similis
2011 3286 2243 3353 impetus
2273 3290 2671 3343 consuetudine
2718 3290 2949 3344 audendi
2984 3294 3239 3360 nutritus,
3283 3292 3351 3346 ad

1778 3380 2087 3447 occupanda
2139 3379 2445 3447 prwliorum
2497 3380 2737 3449 pericula
2784 3392 2976 3450 sponte
3012 3362 3347 3451 promirieus.

1776 3469 1904 3523 lude
1936 3470 2079 3524 haud
2116 3472 2251 3526 adeo
2281 3472 2708 3526 dissuadentium
2738 3476 3007 3527 rationum
3048 3475 3185 3543 apud
3216 3490 3351 3542 pra:-

1770 3561 2013 3627 judicato
2049 3564 2365 3617 inclinatum
2398 3566 2575 3619 studio
2630 3577 2901 3619 momenta
2941 3566 3174 3621 valuere.
3210 3566 3349 3635 Ergo

1774 3656 2068 3721 Augustale
2104 3670 2167 3708 ac
2197 3655 2312 3721 ejus
2345 3656 2763 3709 instrumentum
2795 3672 2975 3720 omne,
3012 3672 3255 3724 vasaque
3285 3674 3348 3711 ac

1774 3748 2020 3800 Sarcinas
2054 3748 2329 3800 exercitus
2361 3748 2547 3812 totius,
2580 3748 2902 3803 Culzomitte
2934 3750 3166 3817 Georgio
3194 3767 3347 3803 cmu-

1776 3840 2025 3893 meudata
2054 3841 2330 3894 Betrinum
2367 3850 2482 3895 tuto
2512 3841 2834 3908 perferenda
2866 3852 3037 3896 curat.
3072 3844 3343 3896 Exercitui

1777 3935 1942 3988 edicit
1974 3950 2039 3987 ue
2073 3936 2273 4001 ignem,
2309 3948 2442 3986 neve
2478 3931 2781 4000 lampadem
2826 3931 2911 3983 illa
2942 3933 3147 3999 uspiam
3187 3943 3345 3987 nocte

1776 4026 2158 4088 accenderent,
2196 4026 2289 4077 sed
2327 4024 2528 4090 paratis
2556 4024 2620 4076 ad
2651 4038 2865 4075 manum
2896 4022 3051 4089 equis
3077 4037 3245 4090 usque
3269 4021 3339 4077 ad

1773 4118 1906 4170 solis
1961 4125 2136 4168 ortum
2189 4114 2459 4167 excubare
2503 4114 2692 4185 vigiles
2751 4122 3184 4183 perseverarent.
3224 4112 3344 4181 lpse

1770 4211 1912 4263 circa
1939 4210 2231 4262 diluculum
2265 4211 2460 4262 castris
2498 4209 2699 4277 prodit,
2738 4208 3035 4274 divisisque
3088 4206 3255 4273 copiis
3284 4216 3340 4260 et

1770 4304 2121 4371 phalaugibns
2146 4302 2195 4353 in
2224 4302 2354 4353 aciei
2382 4300 2605 4354 formam
2627 4300 2869 4366 digestis,
2899 4299 3093 4352 obiens
3119 4300 3341 4353 ordines

131 4402 286 4469 χώραν
312 4401 452 4473 εἶχεν
476 4405 639 4464 αὐτὸς
665 4402 1168 4471 συμπληρουμένην
1200 4403 1307 4454 άπό
1338 4420 1393 4455 τε
1438 4404 1545 4455 τῶν
1607 4404 1665 4467 ἐξ

1783 4397 2065 4449 :xercitum
2130 4393 2439 4445 lustrabat:
2491 4391 2579 4443 ubi
2635 4391 2769 4443 satis
2829 4390 3085 4458 placuere
3138 4390 3339 4449 munia,

130 4496 329 4559 αἰματος
358 4498 449 4547 καὶ
468 4496 787 4565 ἀγχιστείας
846 4495 1231 4563 προσηκόντων
1276 4494 1423 4563 αὐτῷ
1465 4512 1663 4562 συγγε-

1783 4485 1947 4537 inedia
1988 4485 2041 4536 iu
2077 4483 2194 4536 acie
2229 4482 2329 4535 sibi
2384 4482 2583 4548 delegit
2637 4480 2838 4543 locum,
2886 4480 3089 4531 circum
3145 4478 3337 4531 ibidem

130 4587 235 4648 νῶν,
268 4588 357 4638 καὶ
394 4585 660 4654 τάδελφοῦ
696 4584 976 4654 Ἀδριανοῦ
1005 4586 1112 4637 τῶν
1147 4585 1394 4638 Λατίνων
1436 4587 1514 4655 τῷ
1543 4591 1663 4639 τότε

1783 4575 2043 4643 lispositis
2076 4572 2397 4627 necessariis
2450 4572 2584 4635 suis,
2636 4569 2728 4637 qui
2779 4568 3021 4637 proxime
3056 4567 3202 4621 illum
3258 4567 3338 4619 vel

1771 4666 2266 4734 consanguinitate,
2307 4662 2391 4716 vel
2424 4661 2681 4715 aliiuitale
2716 4660 3098 4728 contingebant
3127 4676 3141 4712 :
3173 4658 3340 4711 fratre

1770 4758 2027 4811 nimirum
2070 4755 2313 4807 Adriano
2366 4752 2590 4805 Latinos
2645 4761 2754 4803 tum
2802 4752 3075 4811 ductante,
3130 4759 3180 4802 et
3217 4746 3339 4800 aliis

1766 4852 1895 4902 viris
1925 4850 2073 4915 juxta
2108 4845 2405 4900 illustribus
2449 4855 2503 4897 et
2554 4843 2801 4895 fortibus.
2856 4842 3088 4894 Siuistro
3136 4839 3326 4893 coruui

1768 4942 1984 5011 prteluit
2014 4939 2352 5007 Nicephorus
2382 4937 2565 4990 Caesar
2596 4944 2949 5001 cognomento
2998 4931 3333 4992 Melisseuns,

1768 5036 1859 5103 qui
1909 5048 2152 5087 sororem
2208 5030 2551 5099 imperatoris
2587 5029 2637 5080 in
2690 5026 3033 5079 matrimonio
3079 5023 3333 5076 habebat.

1774 5125 2031 5178 Dextrum
2065 5136 2232 5175 cornu
2268 5120 2517 5174 ductores
2545 5114 2734 5171 habuit
2758 5112 3235 5168 Castammonitem
3282 5120 3337 5165 et

131 3590 202 3634 vo;
229 3574 297 3642 τῷ
322 3573 666 3641 Κουτςομίτη
698 3572 742 3603 ⁸³
796 3572 1054 3642 Γεωργίῳ
1132 3572 1268 3640 πρὸς
1321 3571 1380 3623 τὸ
1419 3571 1673 3640 Βέτρινον

134 3668 393 3735 ἐξέπεμψε.
426 3667 499 3720 Τὸ
551 3667 607 3719 δὲ
662 3667 978 3736 στράτευμα
1033 3665 1261 3731 ἐπέταξε
1333 3666 1407 3735 μὴ
1454 3664 1665 3733 λύχνον,

137 3760 244 3827 μηδὲ
289 3759 400 3830 πῦρ
454 3758 659 3827 ἀνάψαι
690 3759 749 3811 τὸ
782 3760 1047 3828 παράπαν
1091 3758 1231 3810 κατὰ
1270 3759 1368 3828 τὴν
1431 3758 1671 3825 ἑσπέραν

132 3854 336 3925 ἐκείνην,
369 3854 504 3905 ἀλλὰ
558 3854 681 3916 τοὺς
739 3854 942 3915 ἵππους
988 3852 1315 3921 κατέχοντας
1371 3848 1672 3918 ἐγρηγορέ-

132 3964 202 3997 ναι
270 3949 458 4015 μέχρις
506 3946 660 4015 ἡλίου
718 3946 1006 4015 ἀνατολῆς.
1068 3946 1240 4007 Λύτὸς
1299 3944 1356 3996 δὲ
1411 3945 1552 3997 κατὰ
1610 3942 1669 3994 τὸ

130 4037 421 4106 περίορθρον
466 4038 635 4101 ἔξεισι
692 4039 791 4106 τῆς
857 4034 1209 4105 παρεμῦολῆς
1273 4036 1368 4087 καί
1432 4036 1527 4096 τὰς
1576 4035 1669 4086 δυ’

132 4132 297 4195 viast;
346 4128 576 4191 διελὼν,
634 4129 729 4181 καὶ
786 4128 884 4191 τὰς
939 4129 1226 4195 φάλαγγας
1277 4130 1354 4190 εἰς
1428 4127 1667 4196 πολέμου

130 4224 588 4291 καταστησάμενος
622 4223 814 4290 σχῆμα
846 4221 1137 4289 παραθέων
1168 4221 1358 4273 ἐθεᾶτο
1407 4221 1466 4273 τὸ
1499 4222 1668 4286 στρά-

129 4330 296 4381 τευμα.
332 4312 460 4367 Εἶτα
481 4316 580 4384 τὴν
617 4313 860 4383 μεγάλην
891 4311 1114 4384 [μέσην]
1172 4312 1273 4381 τῆς
1304 4313 1666 4383 παρατάξεως

130 4677 527 4745 ἡγεμονεύοντος
553 4679 648 4730 καὶ
685 4678 889 4744 ἐτέρων
950 4678 1215 4743 γενναίων
1264 4678 1496 4747 ἀνδρῶν,
1568 4680 1662 4731 τοῦ

128 4768 171 4819 δέ
195 4787 248 4836 γε
279 4770 565 4841 ἀριστεροῦ
597 4772 776 4837 κέρως
810 4772 1051 4841 κατῆρχε
1099 4769 1413 4841 Νικηφόρος
1445 4774 1663 4844 Καῖσαρ

128 4861 491 4931 ὁΜελισσηνδς
526 4862 552 4912 ό
582 4861 671 4912 ἐπ’
698 4861 898 4930 ἀδελφῇ
945 4860 1193 4931 γαμϐρὸς
1236 4862 1422 4915 αὑτοῦ.
1507 4864 1665 4916 Κατὰ

129 4950 172 5002 δὲ
190 4953 243 5003 το
263 4953 428 5017 δεξιον
454 4954 723 5023 ἡγεμόνες
755 4955 974 5006 ἵσταντο
1018 4954 1045 5006 ὅ
1068 4970 1125 5006 τε
1158 4956 1660 5024 Κασταμμωνίτης,

131 5045 568 5108 καὶόταττίκιος.
602 5046 722 5099 Τῶν
750 5045 807 5098 δὲ
848 5045 1077 5099 ἐθνικῶν
1126 5046 1154 5097 ὅ
1206 5064 1265 5097 τε
1327 5047 1528 5109 Ούζᾶς,
1573 5048 1663 5100 καὶ

130 5136 445 5205 ὀΚαρατζᾶς
469 5141 518 5191 ot
563 5138 929 5207 Σαυρομάται.
965 5137 1061 5203 Ἐξ
1084 5137 1140 5189 δὲ
1169 5138 1260 5188 τὸν
1284 5138 1518 5207 ἀριθμὸν
1550 5139 1627 5190 διε

1159 5255 1355 5315 Variae
1388 5256 1694 5318 lectiones
1739 5276 1815 5319 ex
1844 5256 1985 5318 cod.
2016 5253 2277 5316 Coislin.

188 5360 228 5389 “
266 5358 415 5417 Deest
452 5363 642 5416 vocula
666 5363 759 5417 ὼς.
838 5360 879 5391 ⁸¹
906 5360 1271 5431 κατέδραμεν.
1349 5358 1396 5390 ⁸⁸
1428 5361 1603 5424 τάξινο

1783 5361 2143 5430 ἱουτζομύτῃ.

1158 5498 1297 5561 Car.
1338 5496 1662 5561 Dufresnii
1697 5500 1791 5559 Du
1826 5498 2044 5576 Caugii
2081 5501 2267 5557 uotze.
2328 5512 2339 5517 ·

188 5626 290 5685 (97)
320 5576 565 5694 Μάκρος.
602 5626 703 5691 Qui
742 5635 794 5681 et
829 5623 1045 5678 Samuel
1077 5624 1275 5678 dictus.
1318 5625 1453 5679 Vide
1480 5624 1643 5687 infra,
1685 5622 1777 5675 lib.
1818 5637 1915 5684 χιι,
1990 5634 2113 5688 pag.
2147 5618 2273 5683 '57l,
2323 5624 2377 5672 et
2425 5618 2623 5672 seriem
2684 5629 2868 5683 regum
2948 5612 3217 5684 Bulgaria:
3275 5611 3330 5665 in

136 5692 353 5750 Familiis
384 5692 718 5752 Sclavonicis.
753 5714 846 5751 seu
882 5696 1212 5749 Dalmaticis.
