3798 6560
323 380 428 450 591
1616 380 1715 442 ΑΝ
1722 380 1770 441 Ν
1776 383 1839 442 ΑΕ
1871 381 2258 444 ΟΟΜΝΕΝᾸΞ
3461 373 3570 437 592

311 501 553 568 possent,
587 508 944 564 congressum
997 491 1236 562 experiri
1301 505 1409 547 non
1467 502 1594 548 sunt
1661 492 1782 548 ausi
1848 502 2227 562 steteruntque
2293 491 2348 546 in
2419 489 2555 547 loco.
2624 489 2735 545 Nec
2794 502 2888 542 eos
2953 483 3295 542 lacessendos
3360 484 3572 552 putavit

310 597 611 664 imperator
641 591 836 662 partim
867 590 935 644 ob
971 589 1022 644 id
1052 603 1184 658 quo,
1216 603 1274 642 ut
1309 587 1442 654 dixi,
1493 589 1634 643 male
1663 589 2036 660 quatiebatur,
2072 587 2263 644 febrile
2325 586 2516 656 frigus,
2580 588 2801 657 partim,
2877 585 3038 654 idque
3102 584 3389 654 praecipue,
3426 581 3571 650 quod

312 689 550 745 nondum
605 702 794 741 omnes
851 699 982 739 suos
1027 700 1092 739 ex
1154 684 1278 756 iuga
1335 685 1592 740 collectos
1647 687 1890 740 haberet.
1932 684 2224 739 Simulavit
2257 693 2432 740 tamen
2470 683 2904 755 pugnaturientis
2961 681 3242 736 audaciam
3305 694 3573 750 generoso

309 790 474 845 statu,
513 779 844 852 modicisque
874 778 1224 846 procursibus
1251 777 1562 836 crebrarum
1590 776 2009 846 equitationum.
2040 774 2115 830 Eo
2181 775 2351 830 ferme
2375 777 2532 830 modo
2559 786 2828 830 transacta
2891 774 3010 829 dies
3071 782 3175 838 est,
3236 771 3573 828 exercitibus

311 873 572 928 ambobus
616 885 736 926 sese
769 872 990 924 innoxie
1021 885 1191 940 usque
1226 870 1292 923 ad
1325 884 1606 938 vesperam
1673 880 1924 938 spectare
2000 871 2492 938 perseverantibus,
2566 872 2849 939 primaque
2920 879 3076 923 nocte
3144 881 3203 922 se
3267 867 3321 920 in
3389 877 3572 920 castra

311 972 586 1040 utrimque
619 968 1050 1039 recipientibus;
1105 974 1291 1019 mutuo
1319 965 1457 1019 alter
1483 965 1708 1020 alterius
1741 973 1884 1018 metu
1955 982 1982 1017 a
2033 967 2220 1034 prmlio
2275 967 2582 1021 invadendo
2653 967 2949 1020 retardati:
3011 964 3164 1032 cujus
3215 977 3346 1017 sane
3403 977 3575 1016 causa

305 1069 504 1141 justior
533 1066 790 1122 Romanis
821 1074 939 1119 erat
979 1063 1155 1119 adhuc
1190 1079 1218 1116 a
1249 1062 1450 1117 recenti
1486 1061 1638 1116 clade
1670 1061 1948 1129 dispersis,
1979 1078 2209 1131 quorum
2275 1065 2476 1119 sensim
2558 1063 2800 1134 p.eriqne
2863 1061 3210 1117 confluebant
3277 1058 3573 1122 Rhusium,

312 1163 576 1235 multique
641 1161 694 1217 in
761 1160 828 1215 iis
873 1173 1104 1228 pugnam
1155 1173 1262 1212 non
1315 1158 1547 1226 experti.
1616 1155 1818 1211 Eodem
1893 1166 2136 1225 tempore
2194 1158 2517 1226 hlonastras,
2573 1159 2713 1214 Uzas
2771 1167 2824 1213 et
2880 1157 3161 1229 Synesius,
3223 1157 3324 1212 viri
3379 1173 3576 1210 omnes

310 1255 481 1312 fortes
530 1263 585 1311 et
630 1251 948 1326 peritissimi
993 1250 1068 1304 rei
1107 1249 1337 1314 bellicae,
1389 1263 1460 1302 ne
1512 1247 1614 1316 ipsi
1665 1247 1882 1315 quidem
1927 1250 2184 1313 postremi
2215 1250 2382 1320 prielii
2420 1252 2734 1320 participes,
2770 1250 3033 1304 lihusiunt
3064 1266 3282 1307 venere.

385 1349 482 1412 llic
511 1349 782 1414 Augustus
815 1351 1039 1412 urgente
1066 1355 1224 1410 quem
1267 1339 1376 1393 dixi
1433 1339 1611 1406 rigore
1654 1348 1883 1391 cenctns
1915 1344 1959 1398 Α

311 1443 565 1498 decubuit
601 1437 874 1508 paululum
897 1474 914 1498 ,
954 1445 1011 1488 ut
1039 1434 1190 1488 brevi
1232 1431 1412 1500 quiete
1442 1445 1564 1486 sese
1609 1431 1880 1484 reticeret.

311 1536 423 1592 Nec
453 1545 628 1588 tamen
661 1544 720 1584 se
741 1529 885 1583 omni
916 1525 1036 1580 belli
1064 1539 1194 1578 cura
1227 1522 1308 1576 vel
1345 1522 1395 1574 in
1433 1520 1700 1575 t:intil|um
1747 1527 1882 1572 tem-

312 1641 415 1697 pus
445 1626 602 1697 plane
628 1621 928 1683 relaxavit,
965 1617 1092 1686 quin
1127 1616 1421 1683 respiceret
1451 1611 1885 1680 disquireretque

313 1735 497 1775 secum
533 1715 772 1777 interim,
805 1710 934 1780 quid
981 1723 1104 1763 cras
1143 1713 1290 1761 esset
1336 1702 1685 1759 faciendum?
1733 1700 1882 1754 Talia

314 1811 659 1867 meditantem
689 1803 941 1860 convenit
969 1800 1255 1853 Tatranes.
1290 1795 1384 1849 Vir
1407 1796 1494 1850 hic
1517 1803 1633 1849 erat
1659 1792 1882 1862 Scytha,

313 1905 404 1976 qui
448 1902 643 1969 sacpius
687 1896 896 1952 iteratis
942 1893 1007 1947 ad
1047 1893 1348 1959 Augustum
1382 1886 1733 1956 transfugiis,
1777 1898 1881 1937 neu

312 1997 568 2069 pauciora
607 1990 817 2045 violatae
847 1987 968 2041 ﬁdei
1013 1984 1210 2054 ﬂagitia
1257 1981 1586 2050 subiecerat.
1623 1977 1780 2032 toties
1817 1976 1881 2029 ad

312 2106 438 2145 suos
481 2084 770 2157 perfidiosa
822 2080 944 2150 fuga
981 2089 1253 2131 reversus.
1290 2073 1341 2127 Is
1368 2074 1509 2142 quod
1539 2071 1590 2124 in
1628 2078 1706 2123 tot
1741 2070 1879 2122 reei-

314 2183 496 2255 procis
518 2177 849 2250 paenitentia:
866 2189 930 2226 ac
952 2171 1174 2226 sceleris
1194 2167 1407 2222 vicibus
1429 2180 1643 2234 semper
1672 2163 1881 2218 facilem

311 2253 363 2330 et
398 2285 566 2329 tutum
597 2269 648 2323 in
693 2263 866 2321 Klexii
900 2261 1123 2333 patienti
1156 2259 1444 2315 clementia
1477 2267 1752 2326 receptum
1787 2253 1884 2308 ha-

315 2367 538 2431 buisset,
576 2360 780 2432 pudore
809 2356 1038 2429 quodam
1060 2353 1235 2408 victus
1265 2365 1450 2404 amare
1481 2349 1623 2404 serio
1650 2358 1885 2414 czeperat

313 2459 566 2511 virtutem
605 2463 713 2508 tam
738 2452 965 2508 licenter
988 2453 1243 2516 spretam,
1271 2453 1323 2497 et
1341 2443 1452 2511 jam
1471 2451 1708 2510 expertae
1735 2441 1888 2495 boui-

317 2551 444 2604 tatis
477 2545 700 2602 domino
733 2553 846 2598 toto
880 2552 1100 2610 pectore
1132 2536 1407 2599 studebat,
1437 2536 1676 2603 adeoque
1699 2549 1726 2586 a
1760 2548 1885 2584 vera

313 2639 623 2710 imperatori
649 2633 958 2690 consulendi
979 2630 1383 2695 volnutatelhzec
1402 2627 1540 2694 ejus,
1559 2640 1716 2693 quam
1735 2623 1800 2676 ad
1821 2623 1887 2676 il-

313 2734 421 2788 lum
439 2741 549 2785 tum
564 2729 768 2790 habuit,
786 2725 1227 2794 proficiscebatur
1245 2721 1417 2772 oratio
1436 2737 1449 2770 :
1471 2717 1588 2770 Non
1604 2732 1738 2770 vana
1760 2716 1886 2768 milii

316 2823 494 2893 opinio
536 2819 936 2886 est,‘Auguste,
973 2811 1197 2881 Scythas
1242 2811 1296 2862 in
1321 2811 1496 2862 animo
1536 2807 1727 2860 habere
1769 2823 1888 2859 cras

313 2912 723 2971 circumcludere
753 2925 842 2962 nos
878 2919 922 2961 et
951 2908 1024 2960 sic
1055 2905 1324 2957 nobiscum
1355 2901 1498 2955 omni
1521 2917 1584 2954 ex
1605 2909 1755 2967 parte
1786 2901 1889 2952 cir-

314 3003 598 3060 cumventis
627 2999 871 3070 praelium
893 3010 1182 3061 capessere.
1215 2993 1359 3062 Opus
1388 2992 1551 3061 igitur
1579 2999 1656 3045 est
1677 2989 1888 3058 prodire

313 3113 406 3151 nos
428 3093 676 3148 manibus
695 3091 1024 3144 illucescente
1045 3086 1151 3150 die,
1172 3097 1216 3138 et
1241 3086 1408 3138 aciem
1431 3085 1484 3138 in
1507 3101 1688 3151 campo
1713 3093 1888 3136 struc-

313 3201 420 3242 tam
443 3187 630 3256 oﬂ‘erre
655 3182 914 3246 hostibus,
935 3183 1000 3233 ad
1026 3178 1168 3232 istud
1194 3178 1541 3246 perniciosum
1571 3177 1715 3228 nobis
1749 3175 1887 3244 quod

313 3281 427 3334 dixi
454 3276 728 3332 consilium
757 3275 1167 3341 prtrvertendum
1199 3269 1723 3337 disturbandumque.
1749 3265 1889 3322 Lan-

313 3372 463 3429 davit
503 3369 678 3421 virum
728 3365 1044 3432 imperator,
1070 3362 1402 3430 probatoque
1445 3371 1608 3428 atque
1663 3366 1888 3427 accepto

313 3463 542 3522 consilio
590 3461 729 3531 ejus,
767 3458 922 3513 scita
970 3468 1030 3510 ut
1059 3453 1322 3510 suadebat
1375 3453 1632 3521 postridie
1677 3451 1887 3504 oriente

315 3557 430 3614 sole
451 3555 719 3610 facturum
748 3549 975 3617 recepit.
998 3547 1262 3603 Tatranes
1293 3546 1374 3598 his
1397 3545 1556 3598 dictis
1575 3542 1887 3613 auditisque

317 3649 483 3700 duces
504 3643 827 3714 Scytharum
864 3639 1054 3692 adiens
1083 3635 1347 3690 allocutus
1383 3635 1435 3688 in
1493 3635 1633 3688 hunc
1668 3633 1886 3686 modum

318 3749 402 3794 est
430 3756 444 3792 :
482 3746 564 3791 [γε
593 3734 887 3804 εΙῙεηιηιὶηί
913 3741 1120 3801 prapter
1143 3729 1388 3783 victorias
1409 3745 1542 3797 quas
1573 3729 1635 3780 tle
1663 3729 1890 3795 impera-

320 3843 432 3886 tore
460 3830 790 3897 reportastis,
821 3842 984 3896 neque
1015 3823 1153 3892 quod
1177 3839 1372 3885 paucos
1405 3839 1495 3876 nos
1531 3837 1639 3874 esse
1672 3821 1891 3874 rideatis

316 3936 586 3997 propterea
618 3935 842 3990 pugnam
877 3917 1151 3970 nobiscum
1183 3914 1322 3968 vobis
1356 3917 1424 3966 ad
1457 3915 1728 3967 victoriam
1766 3929 1891 3981 pro-

316 4033 582 4075 cessuram
633 4025 770 4068 certu
802 4013 997 4082 ﬁducia
1035 4009 1358 4078 prn'sumite.
1399 4005 1528 4062 Cum
1577 4009 1890 4070 imperatore

317 4109 499 4162 invicti
540 4106 739 4159 roboris
802 4115 957 4172 atque
997 4101 1162 4154 animi
1201 4102 1343 4152 vobis
1392 4115 1472 4151 res
1503 4107 1604 4166 est;
1645 4114 1733 4150 nec
1765 4099 1889 4150 duci

318 4199 464 4252 miles
499 4196 686 4249 deerit.
732 4193 930 4248 Scitote
959 4191 1094 4244 enim
1141 4191 1370 4260 ingentes
1413 4191 1657 4242 conducti
1707 4190 1890 4242 militis

315 4293 494 4361 capias
527 4291 581 4342 in
607 4288 788 4342 itinere
819 4302 952 4350 esse,
983 4285 1128 4338 nobis
1149 4284 1792 4354 propediemjungendns.
1823 4281 1888 4335 ιιι

316 4394 364 4439 et
395 4397 536 4438 certo
582 4381 680 4436 erit
715 4392 733 4432 :
765 4389 814 4431 et
849 4376 1008 4430 simul
1046 4377 1226 4444 fuerit,
1261 4393 1336 4430 vte
1362 4377 1535 4440 vobis;
1584 4377 1686 4429 nisi
1743 4375 1890 4440 prius

318 4493 446 4546 pace
493 4473 780 4536 composita
831 4473 982 4524 rebus
1028 4469 1209 4522 vestris
1254 4468 1606 4538 provideritis,
1659 4468 1892 4536 profecto

321 4576 492 4622 vestra
524 4565 777 4618 cadavera
828 4561 1120 4615 vulturibus
1152 4558 1334 4628 epulas
1365 4558 1589 4611 dabunt.
1634 4559 1758 4612 "me
1787 4556 1894 4611 Ta-

323 4669 507 4713 tranes
532 4657 597 4709 ad
631 4654 879 4726 Scythas.
908 4653 974 4706 At
1008 4651 1302 4720 imperator
1329 4648 1682 4702 licentissime
1709 4649 1894 4717 palan-

322 4763 400 4806 tes
431 4759 540 4803 tota
575 4745 737 4817 214
770 4731 965 4814 passim
1013 4741 1232 4809 planitie
1268 4739 1693 4794 innumerabiles
1725 4753 1894 4808 equos

323 4840 668 4894 barbarorum
717 4836 805 4886 diu
838 4840 1109 4898 noctuque
1137 4829 1255 4882 sine
1278 4825 1584 4881 cessatione
1618 4823 1722 4878 ulla
1757 4839 1894 4894 prtu-

319 4929 564 4984 dantium
597 4925 809 4992 abigere
841 4925 1126 4984 meditans,
1158 4921 1456 4974 accersitos
1491 4915 1654 4972 Uzam
1690 4927 1744 4971 et
1775 4916 1893 4970 Mo-

323 5030 558 5078 nastratn
581 5018 741 5088 jussit
765 5031 886 5068 cunt
908 5015 1062 5068 lectis
1085 5012 1364 5082 equitibus
1383 5024 1477 5080 per
1496 5019 1709 5064 noctem
1735 5021 1894 5077 capto

323 5114 550 5170 circuitu
609 5109 839 5180 Scythas
899 5122 929 5160 a
978 5113 1132 5174 tergo
1177 5103 1382 5158 adoriri
1429 5103 1531 5157 sub
1575 5103 1892 5162 diluculum,

324 5203 683 5277 progredique
719 5200 770 5254 in
807 5198 1112 5268 planitiem,
1142 5197 1295 5264 equis
1322 5204 1378 5247 et
1401 5194 1660 5264 iumentis
1686 5207 1806 5262 qua:
1843 5193 1892 5244 in

325 5313 386 5364 ra
445 5295 736 5365 pascebant
796 5289 1046 5345 erunibus
1100 5303 1206 5340 ttna
1256 5301 1377 5340 cum
1432 5285 1741 5356 pastoribus
1785 5300 1896 5354 pra:

2074 1341 2136 1394 Ὀ
2158 1342 2212 1394 δὲ
2249 1342 2616 1412 αὐτοκράτωρ
2640 1342 2742 1394 ὑπὸ
2775 1343 2865 1394 τοῦ
2909 1343 3225 1412 συνέχοντος
3277 1342 3461 1407 αὑτὸν,
3495 1325 3602 1406 ὡς’

1987 1434 2143 1503 ἔφην,
2171 1436 2357 1504 ῥίγους
2414 1434 2736 1504 βιαζόμενος
2773 1435 3088 1503 κατεκλίθη,
3143 1435 3342 1504 μικρὸν
3375 1436 3575 1487 ἑαυτῆν

1987 1527 2452 1597 ἀνακτησόμενος.
2525 1527 2668 1580 Ἀλλ’
2731 1529 2878 1597 ὅμως
2941 1527 3050 1579 οὐδ’
3119 1527 3290 1590 οὕτως
3348 1529 3577 1598 ἠρέμει,

1990 1617 2358 1686 σκεπτόμενος
2386 1617 2436 1670 τί
2471 1615 2537 1670 ἂν
2563 1618 2669 1688 χρὴ
2705 1617 2794 1669 τὸν
2825 1619 2869 1648 ⁶¹
2895 1615 3084 1684 αῠριον
3114 1618 3359 1685 ποιῆσαι.
3391 1619 3576 1687 Προσ-

1991 1707 2165 1760 ελθὼν
2201 1708 2257 1760 δ’
2297 1711 2324 1761 ὁ
2367 1708 2658 1778 Τατράνης
2717 1707 3054 1779 [Τραγάνης]
3106 1707 3342 1777 (Σκύθης
3380 1707 3436 1759 δὲ
3476 1703 3575 1760 οὗ-

1985 1819 2075 1865 τος
2104 1804 2132 1854 ὁ
2152 1802 2292 1872 ἀνὴρ
2316 1802 2574 1864 πολλάκις
2605 1802 2986 1871 αὐτομολήσας
3015 1801 3150 1868 πρὸς
3177 1800 3266 1853 τὸν
3294 1801 3575 1869 αὐτοκρὰ·

1985 1911 2120 1963 τορα
2143 1895 2235 1949 καὶ
2260 1893 2705 1964 παλινδρομήσας
2735 1892 2890 1956 αὖθις
2913 1892 3121 1956 οἴκαδε,
3158 1892 3253 1945 κα)⁵
3299 1893 3548 1946 τοσαυτά

1988 2003 2073 2047 xi;
2099 1985 2143 2017 ⁸³
2160 1989 2288 2056 παρ⁴
2307 1985 2470 2038 αὐτοῦ
2500 1986 2841 2055 συμπαθείας
2863 1984 3132 2048 ἀξιωθεὶς,
3162 1989 3252 2038 καὶ
3284 1986 3449 2038 πολὺν
3483 1988 3578 2038 τὶν

1986 2078 2152 2130 πόθον
2181 2080 2258 2140 είς
2284 2076 2444 2130 αὑτὸν
2483 2077 2569 2130 διὰ
2603 2077 2699 2146 τήν
2730 2076 2997 2146 τοσαύτην
3027 2078 3374 2142 ἀνεξικακίαν
3405 2079 3576 2146 ἐσχη-

1986 2167 2238 2236 κὼς),τὰ
2297 2168 2434 2240 ὑπὲρ
2495 2167 2662 2221 αὐτοῦ
2716 2167 2812 2239 ὅλῃ
2868 2167 3018 2238 ψυχῇ
3082 2169 3174 2221 καὶ
3208 2169 3422 2238 φρονῶν
3478 2169 3578 2220 καὶ

1988 2261 2532 2331 πραγματευόμενος,
2564 2260 2668 2330 ἔφη
2695 2275 2707 2289 ·
2749 2261 2952 2326 Ἐλπίς
2983 2261 3120 2314 ἐστι’
3128 2277 3252 2329 μοι,
3277 2257 3574 2324 βασιλεῦ,

1988 2355 2139 2409 κατὰ
2163 2353 2276 2421 τὴν
2314 2354 2524 2421 αὔριον
2559 2353 2697 2419 τοὺς
2741 2355 2978 2418 Σκύθας
3031 2351 3353 2406 κυκλῶσαι
3391 2351 3578 2420 ἡμᾶς.

1989 2447 2086 2499 καὶ
2131 2445 2284 2497 οὕτω
2315 2446 2424 2498 τὸν
2457 2446 2589 2513 μεθ’
2619 2443 2787 2513 ἡμῶν
2848 2442 3220 2510 ἀναζητῆσαι
3273 2444 3572 2511 πόλεμον.

1987 2539 2108 2606 Χρὴ
2139 2540 2351 2592 τοίνυν
2385 2540 2800 2605 προλαϐόντας
2833 2539 2949 2601 ἔξω
2979 2535 3094 2588 τῶν
3121 2535 3334 2604 τειχῶν
3373 2539 3572 2604 abra-

1989 2630 2210 2698 ζούσης
2297 2631 2523 2699 ἡμέρας
2589 2631 3064 2698 παρατάξασθαι.
3133 2630 3458 2690 Ἐπαινέσας
3521 2629 3576 2681 δὲ

1989 2726 2178 2778 τοῦτον
2205 2723 2249 2756 ⁸⁸
2274 2727 2300 2777 ὁ
2333 2725 2586 2793 βασιλεὺς
2625 2727 2720 2779 καὶ
2766 2723 3312 2794 ἀποδεξάμενος-τῆς
3346 2721 3572 2792 βουλῆς,

1993 2818 2246 2871 συνέθετο
2276 2818 2429 2888 ἡλίου
2455 2819 2775 2886 ἀνίσχοντος
2814 2818 2993 2886 πέρας
3019 2815 3224 2885 ταύτην
3253 2814 3472 2867 λαόεἷν.
3516 2816 3574 2868 Ὀ

1989 2909 2044 2962 δὲ
2075 2910 2225 2964 ταῦτ’
2256 2910 2448 2975 είπὼν,
2479 2911 2731 2963 ἀπελθὼν
2753 2909 2978 2962 τοιαῦτα
3012 2907 3149 2974 πρὸς
3178 2907 3304 2968 τοὺς
3355 2906 3573 2976 ἡγεμό-

1989 3018 2086 3064 νας
2132 3002 2536 3071 ἀπεστομὰτισε
2597 3002 2702 3054 τῶν
2755 3001 3012 3053 Σκυθῶν
3090 3001 3188 3066 Μὴ
3243 2999 3575 3067 ἐπαίρεσθε

1990 3095 2088 3149 διὰ
2110 3095 2213 3160 τὰς
2227 3095 2750 3165 προγεγενημένας
2776 3095 2952 3162 ἥττας
2976 3095 3083 3149 τοῦ
3098 3095 3573 3162 αὐτοκράτορος,

1985 3187 2141 3258 μηδὲ
2171 3187 2529 3258 ὀλιγοστοὺς
2565 3187 2820 3255 ὁρῶντες
2863 3187 3022 3254 ἡμᾶς
3084 3187 3200 3254 τὴν
3237 3188 3368 3256 μεθ’
3405 3186 3576 3254 ἡμῶν

1990 3279 2241 3347 ἀγαθαῖς
2314 3280 2522 3332 ἐλπίσι
2564 3279 2832 3347 (inposita
2854 3279 3084 3348 μάχην.
3129 3279 3397 3346 Ἀμαχος
3459 3277 3577 3344 τὴν·

1993 3373 2176 3439 ισχύν
2203 3372 2373 3426 ἐστιν
2391 3375 2423 3426 ό
2440 3372 2670 3438 κρατῶν
2687 3374 2780 3425 καὶ
2799 3371 2957 3424 πολὺ
2971 3371 3576 3440 μισθοφορικὸν-ὅσον

1991 3462 2107 3532 ἤδη
2141 3462 2436 3524 Met/{stat
2468 3465 2845 3518 καταλαϐεῖν.
2904 3465 3012 3518 Kal
3043 3465 3092 3517 ει
3122 3463 3209 3532 μὴ
3272 3461 3390 3529 τὴν
3441 3463 3574 3530 μετ’

1991 3555 2180 3609 αὐτοῦ
2252 3557 2507 3624 εἰρήνην
2565 3557 2915 3623 σπείσησθε,
2969 3556 3040 3608 τὰ
3089 3555 3334 3623 σώματα
3403 3551 3576 3623 ὑμῶν

1990 3648 2186 3701 οἰωνοὶ
2217 3647 2475 3702 ἔδονται.
2507 3647 2742 3700 Τοιαῦτα
2780 3651 2878 3717 μὲν
2905 3647 2972 3700 τὰ
3007 3647 3102 3700 τοῦ
3133 3647 3390 3718 Ταρτάνη
3432 3647 3576 3715 πρὸς

1990 3741 2115 3803 τοὺς
2148 3741 2380 3803 Σκύθας.
2428 3743 2485 3794 '0
2507 3741 2562 3794 δέ
2588 3758 2651 3809 γε
2689 3741 3050 3812 αὐτοκράτωρ
3087 3740 3571 3812 μελετήσαςητοῦς

1994 3831 2134 3885 κατὰ
2165 3832 2386 3884 πεδιάδα
2407 3835 2739 3902 νεμομένους
2763 3833 2966 3896 ἵππους
2993 3832 3174 3885 αὐτῶν
3199 3831 3572 3884 ἀναλαϐέσθαι

1995 3919 2160 3993 (ἦσαν
2185 3922 2241 3975 δὲ
2276 3923 2647 3996 παμπληθεϊτ)
2689 3923 3026 3994 ληῖζομένων
3053 3923 3322 3993 ὁσημέραι
3353 3922 3456 3984 τὰς
3482 3923 3574 3975 v5-

1996 4033 2132 4074 κτας
2160 4015 2257 4086 τὴν
2293 4016 2579 4087 ἡμεδαπὴν
2613 4016 2817 4087 χώραν,
2859 4016 3356 4086 μεταπεμψάμενος
3376 4015 3473 4070 τόν
3511 4032 3571 4068 τε

1995 4108 2171 4171 Οὑζᾶν
2195 4108 2393 4160 καὶτὸν
2416 4110 2764 4176 Μοναστρᾶν,
2785 4109 3061 4177 ἐπέσκηψε
3085 4108 3203 4175 μεθ’
3239 4108 3455 4161 ἱππέων
3477 4109 3572 4160 ὲκ-

1995 4199 2196 4266 κρίτων
2232 4199 2292 4263 ἐξ
2318 4200 2584 4252 ὀπισθίων
2639 4201 2749 4251 τῶν
2783 4200 3007 4253 Σκυθῶν
3055 4201 3366 4262 διελθόντας
3428 4205 3575 4254 κατά

1995 4293 2055 4344 τὸ
2087 4291 2433 4362 περίορθρον,
2487 4293 2583 4354 τὰς
2609 4292 2862 4354 melisa;
2893 4291 3237 4358 καταλαϐεῖν,
3293 4293 3388 4344 καὶ
3443 4295 3574 4355 τοὺς

1996 4385 2196 4447 ἵππους
2230 4385 2474 4446 ἅπαντας
2507 4385 2598 4436 καὶ
2627 4384 2696 4435 τὰ
2719 4382 2854 4436 ἄλλα
2885 4385 3058 4454 κτήνη
3086 4383 3184 4436 σὺν
3235 4383 3418 4446 αὐτοῖς
3485 4401 3576 4435 νο·-

1999 4472 2188 4542 μεῦσιν
2212 4473 2575 4526 ἀναλαϐέσθαι
2602 4473 2696 4526 καὶ
2714 4471 2789 4543 μὴ
2819 4472 3046 4526 δεδιέναι
3075 4472 3478 4541 παρεκελεύετο
3504 4474 3573 4527 θ’.

2008 4562 2205 4632 Ἠμῶν
2237 4563 2345 4632 γὰρ
2376 4565 2526 4618 κατὰ
2579 4565 2904 4630 πρόσωπον
2949 4563 3151 4629 αὐτοῖς
3188 4565 3570 4634 traxe/terior,

1995 4653 2166 4722 ὑμεῖς
2182 4652 2406 4720 ῥᾳδίως
2429 4653 2494 4705 τὸ
2524 4651 2858 4706 κελευσθὲν
2891 4651 3332 4720 ἑκπληρώσετε.
3399 4654 3573 4706 065-:-

2000 4746 2115 4814 μῶς
2148 4744 2202 4796 δὲ
2227 4743 2320 4797 τοῦ
2344 4745 2547 4798 σκοποῦ
2605 4745 3003 4816 διημάρτηκεν.
3050 4745 3109 4798 Ὀ
3144 4746 3254 4816 γὰρ
3285 4744 3440 4815 λόγος
3478 4746 3574 4816 ἐρ-

1996 4851 2091 4902 γον
2119 4835 2280 4898 εὐθὺς
2310 4837 2572 4904 ἐγεγόνει.
2597 4836 2773 4900 Αὐτὸς
2805 4837 2863 4890 δὲ
2915 4838 3016 4910 τὴν
3067 4839 3186 4890 κατ’
3241 4837 3410 4890 αὑτοῦ
3461 4837 3575 4891 τῶν

1997 4927 2221 4979 Σκυθῶν
2271 4927 2557 4980 ὲπέλευσιν
2629 4927 2992 4999 προσδῦκιμον
3037 4927 3197 4998 ἔχων,
3248 4929 3348 4981 οὐκ
3399 4927 3572 4981 ἐδίδου

1998 5019 2168 5072 ὕπνον
2195 5023 2304 5082 τοῖς
2333 5019 2658 5090 ὀφθαλμοῖς,
2695 5019 2804 5074 οὐδ’
2847 5021 3224 5082 ὲπινυστὰζων
3283 5021 3420 5083 ὅλως
3476 5015 3572 5091 ἦν.

2011 5111 2170 5164 Ἀλλὰ
2195 5112 2692 5182 μεταπεμπόμενος
2721 5112 2787 5165 δι’
2815 5112 2944 5181 ὅλης
2979 5113 3173 5176 νυκτὸς
3224 5113 3351 5175 τοὺς
3403 5128 3574 5178 στρα-

1995 5203 2218 5269 τιώτας,
2262 5205 2356 5257 καὶ
2408 5203 2609 5272 μᾶλλον
2667 5205 2794 5267 τοὺς
2850 5205 2950 5274 τῆς
2975 5203 3196 5268 τοξείας
3255 5204 3572 5273 είδήμονας,

1999 5294 2170 5348 πολλὰ
2195 5296 2324 5366 περὶ
2374 5296 2486 5348 τῶν
2548 5295 2770 5348 Σκυθῶν
2817 5296 3034 5365 ὡμίλει,
3095 5295 3407 5365 ἐπαλείφων
3451 5291 3576 5348 οἷον

324 5406 384 5445 se
411 5387 640 5442 abactis.
683 5382 794 5436 Nec
846 5383 1188 5462 de‘successu
1227 5379 1622 5443 dubitaveritis,
1683 5378 1889 5442 aiebat,

2007 5388 2224 5452 αὐτοὺς,
2245 5394 2340 5441 καὶ
2372 5391 2440 5442 τὰ
2472 5387 2795 5442 συνοίσαντα
2819 5388 2953 5459 πρὸς
2977 5389 3078 5459 τὴν
3103 5388 3466 5457 ἐλπιζομένην
3515 5388 3575 5448 ἐς

323 5482 472 5537 nobis
501 5480 634 5533 enim
660 5493 724 5532 ea:
747 5475 963 5530 adverso
992 5485 1232 5528 conserta
1249 5489 1424 5544 pugna
1454 5471 1677 5542 Scythas
1701 5489 1730 5524 a
1759 5470 1894 5538 [acie

324 5572 690 5630 distinentibus
714 5611 730 5638 ,
781 5585 884 5624 non
911 5567 1101 5639 poterit
1142 5583 1246 5621 non
1280 5575 1423 5620 tutus
1477 5580 1586 5619 esse
1611 5581 1674 5618 ac
1713 5564 1888 5631 facilis

2006 5481 2183 5535 νέωτα
2215 5481 2394 5550 μάχην
2430 5479 2841 5550 ξυμϐουλεύων,
2874 5481 3020 5544 ὅπως
3039 5479 3122 5533 δεῖ
3160 5480 3313 5546 τόξον
3350 5479 3573 5542 τείνειν,

2004 5572 2099 5626 καὶ
2131 5571 2258 5643 βέλη
2285 5576 2550 5642 πέμπειν,
2594 5571 2739 5625 ἔστιν
2765 5565 2828 5625 οὗ
2862 5572 2954 5624 καὶ
2989 5574 3117 5635 τοὺς
3185 5572 3381 5635 ἵππους
3433 5569 3574 5623 ἁνα-

1357 5706 1564 5769 Variaa
1601 5705 1910 5771 lectiones
1943 5723 2021 5769 ex
2055 5707 2194 5770 cod.
2227 5705 2498 5770 Coislin.

394 5838 439 5871 "
471 5843 594 5897 τήν.
669 5842 715 5875 ⁸⁸
744 5839 1036 5910 τοσαύτης.
1114 5837 1160 5870 “
1190 5835 1372 5895 τοῦτο.

1431 5838 1498 5912 ,⁸⁸
1529 5835 1994 5908 παρεκελεύσατο.
