3798 6610
294 396 382 458 593
1465 387 1879 450 ALEXIADIS
1909 389 2057 452 LIB.
2082 391 2219 453 vu.

3367 391 3472 455 ὅθί

282 504 535 575 σειράζειν,
589 496 684 550 καὶ
739 493 898 557 αὖθις
941 496 1202 550 ἐνδιδόναι
1259 495 1348 550 τὸν
1402 496 1642 566 χαλινὸν,
1700 494 1788 548 καὶ

1898 497 2040 552 vobis
2072 499 2296 566 impetus
2330 500 2384 554 in
2417 502 2626 556 eosdem
2659 518 2691 556 α
2735 511 2878 572 (ergo
2921 501 3117 572 factus,
3157 501 3478 570 improvisus

276 592 544 648 ἀποϐαίνειν
581 585 690 638 τῶν
750 585 974 654 ἵππων,
1017 587 1065 639 εί
1119 589 1213 640 καὶ
1263 586 1422 640 τοῦτο
1452 585 1584 658 χρή.
1635 585 1799 640 Ἀλλὰ

272 684 423 739 ταῦτα
453 682 535 752 μὲν
565 679 628 731 τὰ
658 679 758 746 τῆς
781 679 976 742 νυκτὸς
1003 679 1162 751 ἔργα.
1191 680 1406 752 Μικρὸν
1435 681 1492 735 δὲ
1519 679 1797 746 ὑπνώσας,

269 777 373 830 ἐπεὶ
409 776 496 843 τῆς
521 770 729 840 ἡμέρας
775 771 876 843 ήδη
937 771 1342 843 ἐπιφωσκώσης
1376 774 1421 805 ιο
1471 775 1520 827 οἱ
1577 773 1799 841 λογάδες

267 869 477 927 ἅπαντες
503 861 602 914 τῶν
663 862 888 916 Σκυθῶν
935 863 1427 932 διαπεραιωθέντες
1477 865 1570 918 τὸν
1626 880 1796 917 ποτα-

267 961 353 1028 μὸν
378 960 438 1012 ⁶’.
472 996 484 1010 .
518 995 530 1009 .
562 955 654 1008 τδν
688 957 924 1028 πόλεμον
947 957 1236 1026 ἀναζητεῖν
1268 956 1537 1027 ἐῴκεσαν,
1569 957 1662 1030 καὶ
1694 957 1795 1028 ἢδη

261 1051 416 1120 πέρας
461 1047 485 1099 δ
532 1044 625 1098 τοῦ
687 1047 1094 1116 αὐτοκράτορος
1154 1046 1426 1118 ἐλάμϐανε
1492 1048 1798 1118 στοχασμὸς

263 1142 434 1214 (δεινὸς
474 1139 573 1210 γὰρ
619 1135 686 1209 ἦν
745 1140 1066 1210 προϊδέσθαι
1111 1141 1170 1194 τὸ
1233 1142 1447 1211 μέλλον,
1504 1141 1798 1212 ἐμπειρίαν

259 1234 438 1302 ⁴πολλὴν
472 1233 528 1300 τῇ
590 1237 889 1300 πυκνότητι
946 1233 1056 1286 τῶν
1116 1235 1385 1302 ὁσημέραι
1444 1234 1564 1288 κατ’
1627 1232 1795 1287 αὐτοῦ

245 1309 669 1391 ’ἐπανισταμένων
697 1322 947 1391 πολέμων
975 1321 1176 1382 λαϐὼν)
1210 1324 1405 1387 ἐπιϐὰς
1449 1327 1796 1395 παραχρῆμα

259 1416 338 1469 τοῦ
370 1418 537 1477 ἵππου,
560 1415 660 1483 τὴν
723 1415 972 1468 ἐνυάλιον
1011 1416 1220 1486 ὴχῆσαι
1269 1415 1605 1486 προσέταττε
1671 1417 1797 1470 σάλε-

261 1507 537 1576 πιγγα,καὶ
590 1506 690 1570 τὰς
739 1508 1027 1576 φάλαγγας
1082 1511 1570 1579 καταστησάμενος
1631 1509 1795 1573 αὐτὸς

259 1603 337 1653 ἐπὶ
365 1599 445 1652 τοῦ
477 1597 725 1665 μετώπου
755 1600 1021 1668 εἱστήκει.
1061 1599 1237 1670 Ὀρῶν
1289 1600 1345 1653 δὲ
1405 1601 1530 1663 τοὺς
1583 1600 1796 1664 Σκύθας

261 1688 556 1760 ἰταμώτερον
597 1688 629 1757 ἦ
678 1689 949 1758 πρότερον
1009 1691 1652 1760 ἐπικαταλαμϐάνοντας,
1696 1709 1794 1744 πα-

259 1781 484 1851 ραχρῆμα
510 1781 630 1842 τοὺς
661 1781 762 1849 τῆς
795 1780 1007 1843 τοξείαις
1031 1782 1326 1850 εἰδήμονας
1363 1782 1638 1848 ἀπυὸῆναι
1683 1783 1794 1834 τῶν

256 1877 414 1927 ἵππων
443 1873 525 1926 καὶ
561 1872 734 1942 βάδην
769 1875 892 1925 κατ’
917 1875 1100 1926 αὐτῶν
1132 1875 1275 1926 ἰέναι
1313 1875 1650 1942 ἐπέσκηψεν,
1695 1875 1790 1928 καὶ

256 1968 426 2034 συνεχῆ
450 1965 509 2017 τὰ
542 1964 670 2029 τόξα
695 1965 924 2017 τείνειν·
954 1967 1012 2018 τὸ
1035 1966 1090 2020 δέ
1122 1983 1184 2034 γε
1216 1966 1401 2019 λοιπὸν
1433 1966 1793 2034 παρατάξεως

254 2057 454 2110 κατόπιν
473 2054 668 2108 τούτων
694 2057 802 2109 [το
831 2057 921 2108 καὶ
959 2057 1119 2119 αὐτὸς
1143 2059 1170 2110 ὁ
1204 2057 1563 2128 αὐτοκράτωρ
1596 2057 1655 2110 τὸ
1693 2058 1794 2127 μέ-

254 2167 328 2201 σον
346 2149 530 2201 διέπων
556 2146 652 2200 τοῦ
691 2148 1126 2218 στρατεύματος.
1183 2151 1244 2201 Oi
1273 2148 1330 2200 δὲ
1379 2151 1492 2210 τοῖς
1550 2148 1792 2213 Σκύθαις

253 2239 371 2309 μετα
400 2238 595 2308 τόλμης
626 2238 981 2308 προσέϐαλον.
1041 2241 1329 2309 Καρτερῖις
1365 2239 1420 2292 δὲ
1452 2241 1548 2309 τῆς
1612 2242 1791 2310 μάχης

251 2334 522 2403 γεγονυίας,
555 2333 617 2385 τὸ
642 2334 741 2402 μὲν
771 2333 871 2404 τὴν
904 2336 1218 2404 πυκνότητα
1265 2335 1376 2388 τῶν
1414 2334 1609 2404 βελῶν,
1651 2335 1708 2388 τὸ
1734 2335 1790 2387 δὲ

251 2426 436 2479 καὶτὸν
484 2424 577 2478 τοῦ
629 2424 946 2494 Ῥωμαϊκοῦ
967 2429 1350 2495 συντάγματος
1406 2428 1788 2496 συνασπισμὸν

250 2519 469 2588 ἐρῶντες,
505 2519 602 2571 καὶ⁵
641 2518 805 2572 αὑτὸν
846 2518 909 2588 δὴ
970 2519 1062 2570 τὸν
1105 2520 1484 2590 αὐτοκράτορα
1528 2518 1789 2590 ἐκθύμως

253 2613 556 2683 μαχόμενον,
593 2613 1092 2684 ἐκδειματωθέντες
1157 2612 1595 2684 παλιμπόρευτοι
1631 2613 1788 2682 γεγό-

249 2707 453 2758 νασιτὺν
477 2707 745 2775 ποταμὸν,
791 2709 870 2770 είς
908 2706 1157 2760 τούπίσω
1217 2705 1543 2769 σπεύδοντες
1593 2706 1788 2759 διαπε-

249 2800 327 2869 ιᾷν
357 2799 478 2868 πρὸς
502 2797 601 2861 τὰς
635 2799 784 2868 σφῶν
816 2798 1150 2868 ἁρμαμάξας
1197 2797 1296 2867 τὴν
1357 2799 1535 2870 φυγὴν
1601 2798 1789 2852 ποιού-

249 2906 390 2957 μενοι.
433 2890 688 2943 Ἐδὲωκον
731 2890 837 2961 γὰρ
885 2891 1041 2954 ὅλους
1105 2889 1344 2962 ροτῆρας
1405 2891 1449 2922 ⁶⁸
1483 2891 1714 2960 ἀφέντες
1739 2891 1788 2943 οἱ

243 2983 319 3051 τῆς
386 2983 699 3054 Ῥωμαῖκῆς
745 2984 790 3016 ⁸⁸
849 2983 1150 3051 φάλαγγος,
1205 2985 1256 3035 οἱ
1309 2983 1410 3055 μὲν
1441 2986 1554 3047 τοῖς
1599 2984 1787 3053 δόρασι

244 3075 360 3128 κατὰ
385 3075 490 3128 τῶν
517 3075 878 3148 μεταφρὲνων
906 3075 1183 3138 παίοντες,
1219 3076 1268 3127 οἱ
1323 3075 1382 3128 δὲ
1431 3079 1544 3138 τοῖς
1602 3075 1786 3146 βέλεσι

1901 591 2018 644 item
2051 602 2098 645 et
2133 595 2421 646 vehemens.
2463 593 2678 648 Dictum
2700 634 2715 658 ,
2764 593 2988 649 factum.
3020 593 3130 650 Nec
3195 596 3474 650 exsecutio

1901 697 2197 754 pracepto,
2227 703 2328 742 nec
2361 690 2576 758 incepto
2599 689 2904 744 destinatus
2932 689 3110 744 exitus
3140 689 3336 744 defuit.
3370 689 3476 743 Ev-

1903 779 2103 848 tetuplo
2134 779 2408 849 Augustus
2439 781 2490 833 iu
2537 791 2746 850 partem
2773 781 2956 851 operis
2980 782 3083 836 sibi
3132 775 3470 851 desumptam

1901 870 2142 924 intentus
2172 871 2236 923 ad
2272 870 2486 924 fortiter
2503 873 2854 941 excipiendos
2882 887 3021 942 quos
3049 872 3103 927 in
3135 887 3195 926 se
3225 880 3472 928 avertere

1899 977 2020 1018 cras
2047 963 2273 1034 parabat
2294 961 2526 1035 Scythas
2549 979 2733 1018 curam
2751 979 2974 1019 omnem
2989 981 3050 1019 ac
3066 965 3469 1020 contentionem

1897 1058 2083 1112 vertit.
2118 1057 2378 1113 Somnum
2427 1057 2516 1114 illa
2547 1068 2703 1113 nocte
2731 1074 2836 1112 non
2870 1059 3042 1122 vidit,
3093 1073 3156 1112 ac
3184 1073 3250 1112 ne
3275 1059 3469 1113 conni-

1899 1163 2024 1204 vere
2055 1149 2267 1219 quidem
2308 1149 2617 1218 palpebram
2645 1165 2834 1219 passus
2864 1159 2947 1204 est
2968 1193 2982 1216 ,
3015 1158 3159 1206 totus
3203 1149 3256 1203 in
3288 1164 3473 1204 accer-

1900 1242 2083 1296 sendis
2108 1280 2123 1305 ,
2161 1240 2583 1306 confirmandis,
2628 1240 3145 1310 commonendisque
3171 1241 3470 1300 militibus.

1891 1333 2284 1404 jaculatoribus
2301 1335 2600 1404 przesertlm
2627 1333 2823 1404 quibus
2843 1333 3190 1402 prmeipiebat
3214 1333 3378 1386 multa
3404 1332 3472 1386 ad

1898 1439 2052 1478 usum
2087 1441 2280 1494 pugme
2311 1427 2564 1479 crastina:
2585 1465 2602 1492 ,
2632 1426 2696 1479 de
2726 1427 2886 1478 modo
2919 1439 3079 1493 quam
3113 1424 3347 1478 maxime
3372 1438 3474 1477 no-

1897 1515 2056 1570 cendi
2100 1516 2361 1580 barbaris,
2391 1516 2563 1584 deque
2599 1516 2799 1584 optima
2838 1513 3048 1569 ratione
3081 1514 3329 1568 tendendi
3388 1529 3477 1568 ar-

1896 1620 1993 1662 cus
2023 1606 2298 1678 jaculique
2328 1607 2668 1661 collimeandi
2701 1621 2717 1661 :
2748 1623 2848 1662 nec
2870 1605 3090 1662 erudire
3116 1606 3282 1660 verbo
3310 1605 3377 1659 ad
3409 1618 3490 1660 ea-

1898 1703 2184 1747 contentus
2242 1693 2402 1748 etiam
2466 1693 2798 1757 exercebat,
2857 1693 3234 1761 formabatque
3287 1708 3471 1756 manu,

1897 1795 2206 1839 monstrans
2236 1785 2399 1840 etiam
2433 1786 2508 1839 uti
2541 1799 2886 1853 compescere
2923 1785 3192 1839 interdum
3228 1786 3474 1850 angustis

1899 1877 2124 1932 habenis
2150 1893 2212 1931 ac
2237 1877 2514 1930 rell‘ectere
2546 1887 2820 1946 oporteret
2853 1892 3074 1947 equum,
3103 1887 3156 1930 ut
3186 1877 3474 1930 admittere

1897 1983 2084 2024 rursus
2128 1968 2323 2022 laxatis
2349 1966 2549 2031 frenis,
2577 1976 2634 2020 ut
2663 1968 2835 2037 perite
2866 1969 3222 2037 expediteque
3255 1968 3306 2021 in
3337 1978 3473 2021 tem-

1894 2076 2028 2132 pare
2067 2061 2304 2116 desilire.
2342 2060 2466 2115 Haec
2503 2061 2647 2114 illam
2685 2069 2896 2115 uortem
2929 2060 3276 2128 imperatoris
3306 2075 3477 2130 opera

1895 2153 2132 2218 fuerunt,
2180 2153 2282 2207 nisi
2329 2153 2468 2220 quod
2502 2151 2602 2206 sub
2657 2151 2893 2220 vigiliam
2927 2162 3224 2206 extremam
3259 2152 3482 2210 modica

1893 2246 2072 2316 quiete
2097 2256 2328 2314 sumpta,
2360 2245 2448 2300 die
2475 2245 2852 2300 illuscescente
2876 2246 3080 2300 audivit
3102 2259 3334 2313 moxque
3357 2245 3472 2310 ipse

1891 2339 2027 2392 vidit
2051 2340 2214 2393 duces
2237 2338 2560 2410 Scytharum
2587 2353 2707 2393 cum
2736 2337 3039 2406 instructis,
3071 2347 3128 2392 ut
3152 2338 3466 2414 apparebat,

1893 2432 1958 2486 ad
1988 2431 2236 2502 pradium
2267 2431 2440 2500 copiis
2471 2431 2668 2485 vadere
2699 2431 2750 2484 in
2779 2431 3075 2496 Romanos,
3104 2430 3326 2502 jamque
3358 2441 3468 2484 tra-

1886 2525 2086 2598 jecisse
2113 2523 2356 2578 fluvium.
2390 2523 2482 2579 Sic
2509 2523 2651 2594 quod
2685 2523 2982 2594 imperator
3011 2523 3473 2593 Uzaedlonastm—

1891 2632 1997 2688 que
2021 2616 2259 2670 futurum
2299 2615 2625 2684 praedixerat
2651 2613 2857 2668 evenit.
2901 2613 2964 2668 Et
2995 2629 3192 2669 novum
3218 2613 3269 2668 id
3302 2629 3466 2668 unum

1891 2707 1957 2762 de
1983 2705 2232 2774 plurimis
2261 2705 2694 2775 experimentum
2731 2703 2830 2758 fuit
2861 2704 3077 2758 eximia:
3101 2705 3308 2774 peritiae
3341 2721 3471 2760 con-

1891 2797 2132 2866 iectandi
2173 2805 2430 2862 certoque
2470 2794 2860 2863 pronuntiandi
2887 2796 2950 2847 de
2995 2795 3192 2850 futuris
3221 2793 3345 2850 belli
3377 2811 3469 2851 ca-

1851 2911 1854 2914 ’
1891 2891 2042 2946 sibus
2065 2927 2080 2950 ,
2111 2903 2218 2956 qua
2256 2901 2472 2953 semper
2503 2885 2718 2940 Alexius
2750 2885 3036 2944 excelluit.
3072 2900 3194 2942 eum
3227 2885 3463 2942 fructum

1892 2998 1959 3038 ex
2007 2995 2201 3052 magno
2236 2995 2334 3034 usu
2391 2980 2654 3048 longaque
2703 2988 2758 3034 et
2807 2978 3076 3034 laboriosa
3129 2981 3466 3050 experientia

1895 3089 2073 3127 rerum
2111 3071 2316 3126 militia:
2349 3070 2695 3125 toleratarum
2722 3078 3135 3139 gestarumque,
3171 3070 3314 3126 inter
3335 3071 3468 3128 alios

241 3164 435 3228 τούτους
473 3166 788 3237 βάλλοντες.
819 3167 1015 3221 Πολλοὶ
1047 3167 1147 3237 μὲν
1179 3166 1270 3219 οὖν
1302 3168 1411 3238 πρὸ
1477 3168 1574 3221 τοῦ
1631 3168 1784 3239 παρὰ

1894 3165 2144 3234 adeptus,
2204 3163 2503 3231 reputando
2559 3161 2812 3216 videlicet
2861 3163 3367 3233 comparaudoque,
3416 3171 3472 3218 et

241 3258 287 3308 τι
313 3260 470 3326 χεῖλος
500 3260 802 3326 ἐφθακέναι
831 3260 926 3312 τοῦ
956 3259 1205 3330 ποταμοῦ
1257 3259 1643 3330 ἀναιρεθέντες
1688 3261 1778 3312 πί-

240 3365 422 3414 πτουσι,
456 3350 641 3404 πολλοὶ
697 3351 752 3404 δὲ
785 3354 878 3404 καὶ
917 3351 1022 3405 ἀνα
1063 3353 1265 3422 κράτος
1320 3352 1614 3420 φεύγοντες
1661 3355 1781 3416 ταῖς

240 3438 381 3502 δίναις
436 3443 808 3510 ἐμπίπτοντες
854 3444 949 3495 τοῦ
1007 3443 1263 3512 ποταμοῦ
1335 3445 1782 3514 παρασυρόμενοι

239 3535 570 3602 ἀπεπνίγοντο
599 3535 664 3590 ⁷⁸.
716 3536 1012 3605 Ἐκθυμότε
1024 3553 1114 3604 ρον
1139 3537 1194 3589 δὲ
1225 3536 1482 3588 ἁπάντων
1513 3537 1654 3590 κατὰ
1683 3538 1781 3608 τὴν

238 3625 420 3694 ἡμέραν
465 3627 681 3697 ἐκείνην
739 3629 789 3680 οἱ
845 3627 969 3696 περὶ
1023 3628 1112 3680 τὸν
1169 3627 1545 3698 αὐτοκράτορα
1595 3626 1784 3680 διαπο-

238 3717 456 3785 νούμενοι
482 3719 818 3789 θεράποντες
854 3719 1194 3788 ἠγωνίσαντο
1249 3715 1432 3772 ἽΙσαν
1461 3719 1569 3788 γάρ
1599 3719 1784 3788 ἀκμῆ-

236 3828 306 3874 τες
334 3812 586 3875 ἆπσντες.
607 3815 664 3866 '0
691 3814 746 3865 δέ
777 3831 839 3880 γε
873 3815 1233 3883 αὐτοκράτωρ
1267 3812 1490 3882 ἔκδηλος
1523 3812 1782 3880 ἀριστεὺς

237 3902 349 3953 κατὰ
399 3904 624 3972 ταυτηνὶ
694 3905 792 3974 τὴν
846 3903 1063 3973 ἡμέραν
1118 3904 1482 3969 ἀναδειχθεὶς,
1546 3903 1778 3973 νικητὴς

235 3992 341 4060 πρὸς
371 3994 466 4062 τὴν
491 3994 627 4047 ἰδίαν
650 3995 999 4066 παρεμϐολὴν
1028 3995 1386 4065 ὑπέστρεψεν.

1881 3257 2199 3314 memoriam
2231 3253 2868 3323 animadversionemque
2914 3252 3130 3308 cunctis
3177 3255 3462 3309 eventibus

1885 3346 2210 3402 adhibendo.
2249 3345 2399 3399 Tunc
2430 3360 2560 3414 ergo
2587 3345 2768 3400 statim
2794 3360 2936 3416 equo
2964 3359 3265 3401 conscenso
3307 3346 3466 3401 simul

1884 3441 2182 3512 phalanges
2222 3439 2455 3503 ordinat,
2495 3437 2720 3505 acieque
2754 3437 3024 3504 descripta
3064 3437 3180 3505 ipse
3213 3437 3270 3492 in
3292 3439 3469 3492 fronte

1893 3534 2068 3585 locum
2101 3531 2288 3586 sumit.
2323 3530 2452 3584 Inde
2483 3529 2920 3586 animadvertens
2951 3529 3185 3585 ferocius
3217 3531 3461 3584 concita-

1889 3630 2107 3692 tiusque
2137 3624 2300 3680 solito
2359 3622 2544 3677 venire
2596 3621 3220 3693 Scythas,jaculatores
3267 3622 3466 3692 raptim

1889 3718 2224 3774 exscendere
2245 3731 2310 3771 ex
2346 3716 2692 3787 equisjubet,
2733 3715 2922 3783 sicque.
2948 3713 3240 3784 procedere
3273 3715 3468 3768 adver-

1891 3828 1983 3867 sos
2026 3809 2298 3873 barbaris,
2352 3820 2567 3862 maturo
2598 3808 2790 3875 gradu,
2824 3822 3094 3876 nusquam
3130 3807 3353 3861 remissa
3381 3805 3465 3875 ja-

1893 3905 2200 3968 culatione;
2250 3910 2370 3970 post
2403 3916 2498 3956 cos
2530 3901 2841 3954 universum
2879 3900 2994 3968 ipse
3027 3899 3236 3954 medius
3270 3914 3461 3968 agmen

1893 3995 2142 4047 animans
2168 3990 2375 4046 ductal.
2402 3991 2667 4043 Audacter
2687 3989 2947 4050 imperata
2971 3988 3177 4042 faciunt
3201 3987 3463 4056 prmrriissi

235 4090 395 4144 velites
423 4101 474 4144 ct
506 4090 620 4144 acri
649 4093 853 4144 etzrinus
880 4093 1168 4145 cummisso
1199 4096 1498 4145 certamine
1535 4088 1838 4145 incredibili
1862 4089 2072 4160 ingesta
2093 4085 2437 4141 multitudine
2502 4084 2732 4139 telorqu
2799 4083 3049 4140 hostilem
3105 4084 3246 4138 Itaud
3304 4084 3465 4138 dubie

233 4186 480 4240 retardant
519 4185 805 4256 impetum.
843 4186 1021 4240 Semel
1053 4189 1336 4242 concussis
1376 4200 1678 4250 extremum
1711 4193 1776 4242 ad
1819 4196 2084 4242 terrorem
2137 4184 2387 4254 fugtrque
2469 4182 2759 4238 consilium
2809 4189 3143 4236 momentum
3231 4181 3465 4236 accessit

233 4268 547 4331 formidolosa
603 4279 813 4348 species
874 4279 1133 4335 Romana:
1214 4281 1372 4345 aciei,
1431 4292 1804 4352 consertaeque
1845 4297 2015 4336 nexus
2068 4279 2352 4349 phalangis
2385 4294 2400 4331 :
2437 4291 2599 4346 super
2627 4277 2807 4331 omnia
2855 4274 3024 4330 facies
3049 4274 3169 4344 ipsa
3195 4273 3465 4341 minaeque

231 4367 459 4432 spirantis
493 4385 758 4437 martem,
793 4375 1107 4445 ruentisque
1138 4375 1190 4429 in
1220 4376 1517 4445 perniciem
1557 4377 1799 4445 ipsorum
1841 4391 1946 4430 nou
2001 4375 2220 4429 dubiam
2273 4370 2635 4443 imperatoris.
2670 4370 2832 4440 215
2883 4369 3024 4442 Ergo
3091 4371 3257 4439 tergis
3323 4369 3463 4424 haud

231 4458 601 4518 dissimulanter
632 4469 803 4518 versis
832 4464 1049 4520 ﬂuvium
1086 4469 1313 4538 impigre
1336 4476 1624 4538 repetunt,
1660 4469 1968 4538 iterumque
2011 4467 2316 4536 trajiciunt,
2382 4467 2447 4520 ad
2508 4480 2606 4518 sua
2683 4466 2934 4533 plaustra
2975 4473 3265 4532 castraque
3336 4476 3462 4530 pro.

231 4560 469 4614 perautcs.
530 4553 704 4608 Instat
757 4555 1038 4626 fugacibus
1093 4568 1204 4612 toto
1258 4559 1456 4628 impetu
1501 4558 1742 4613 Ronaua
1787 4560 2021 4630 phalanx
2085 4569 2138 4614 et
2191 4558 2394 4630 partim
2460 4557 2633 4611 hastis
2686 4555 2930 4610 cominus
2978 4555 3226 4609 forliendo
3295 4565 3459 4625 terga.

229 4644 398 4708 partim
452 4646 668 4700 eminus
733 4651 946 4720 sagittis
1002 4649 1233 4721 figendo,
1306 4654 1504 4709 multos
1555 4665 1844 4724 antequam
1890 4657 1956 4709 ad
2010 4669 2223 4707 amnem
2278 4652 2653 4721 pervenissent
2701 4661 2993 4707 sternunt:
3041 4649 3188 4705 multi
3237 4647 3464 4702 ulterius

230 4732 326 4804 fuga
355 4741 521 4794 evecti
557 4741 855 4797 verticibus
887 4741 1123 4796 οιιιιιίιιὶε
1157 4746 1338 4800 hausti
1381 4747 1770 4816 praefocatiquc
1810 4748 2044 4814 periere.
2096 4745 2546 4800 Animadversum
2589 4751 2672 4799 est
2736 4743 3053 4797 inclaruisse
3119 4741 3460 4810 putissimum

228 4831 359 4887 lactis
379 4833 608 4890 fortibus
671 4851 738 4891 eo
804 4837 891 4893 die
961 4842 1215 4895 virtutem
1283 4842 1704 4898 domesticorum
1738 4841 2062 4896 famulorum
2093 4841 2462 4911 imperatoris,
2513 4855 2652 4910 quos
2683 4840 2749 4894 ad
2799 4839 3170 4909 quotidianum
3213 4837 3464 4896 ministe.

227 4927 338 4980 rium
362 4930 649 4984 adhibebat
673 4932 915 5000 intimos,
947 4935 1117 4992 lectos
1146 4953 1356 5004 omnes,
1382 4940 1628 5008 ,et;plcuo
1660 4939 1758 4993 aevi
1790 4939 1984 4992 robore
2004 4938 2250 5007 juvenes.
2281 4938 2401 5008 Ipse
2441 4937 2713 5006 Augustus
2771 4936 2988 4991 heroiea
3047 4934 3246 4990 virtute
3299 4944 3461 5004 atque

227 5025 422 5078 consilio
468 5025 916 5093 splendidissima:
951 5029 1186 5087 victoriae
1236 5048 1456 5100 compos
1504 5034 1601 5088 ista
1648 5033 1764 5086 luce
1803 5031 1979 5087 factus
2011 5033 2061 5086 in
2091 5040 2272 5086 castra
2301 5047 2359 5086 se
2399 5032 2604 5100 recepit
2634 5045 2754 5086 sua.

276 5124 387 5175 Ἐπῖ
415 5124 560 5194 τρισὶ
590 5123 719 5192 γοῦν
749 5126 984 5196 ἡμέραις
1004 5128 1166 5180 αὐτοῦ
1191 5146 1292 5182 που
1339 5130 1781 5198 διαναπαυσάμε-

1958 5128 2145 5184 Trium
2195 5130 2266 5183 ibi
2323 5130 2534 5184 dierum
2587 5129 2766 5196 quiete
2820 5136 2998 5196 capta,
3053 5127 3345 5182 Tzurulum
3403 5143 3461 5182 se

227 5230 294 5274 vo;
327 5213 528 5266 ἐκεῖθεν
573 5213 793 5284 ἀπάρας
822 5217 1228 5286 καταλαμϐάνει
1274 5218 1370 5288 τὴν
1419 5217 1776 5289 Τζουρουλόν.

227 5304 485 5373 Σκοπήσας
509 5305 565 5357 δὲ
608 5305 683 5367 ὡς
709 5305 815 5376 χρὴ
851 5307 923 5376 μὴ
955 5308 1161 5378 ταχέως
1188 5310 1392 5362 ἐκεῖθεν
1424 5312 1778 5380 μεταστῆναι,

227 5396 405 5464 τάφρον
451 5397 778 5466 ἀποχρῶσαν
825 5398 960 5467 πρὸς
1006 5399 1066 5452 τδ
1109 5400 1568 5471 ἀνατολικώτερον
1615 5403 1777 5472 μέρος

225 5484 300 5535 τοῦ
329 5485 595 5554 πολιχνίου
643 5487 756 5547 ταῖς
801 5485 1129 5555 προσούσαις
1169 5489 1318 5558 αὺτῷ
1362 5491 1621 5560 δυνάμεσι
1670 5492 1778 5546 διο-

230 5572 406 5640 ρύξας,
455 5579 554 5648 τήν
599 5594 660 5630 τε
713 5577 996 5649 βασιλικὴν
1057 5581 1260 5651 σκηνὴν
1293 5583 1386 5651 καὶ
1433 5582 1532 5645 τὰς
1580 5585 1781 5647 σκευὰς

1891 5221 2167 5274 transtulit
2209 5237 2223 5274 :
2250 5221 2393 5274 ttnde
2418 5235 2522 5274 non
2548 5219 2658 5293 cito
2688 5220 2788 5274 sibi
2828 5221 3168 5289 migrandum
3203 5235 3324 5274 cum
3347 5230 3462 5274 sta-

1889 5311 2101 5375 tuisset,
2134 5321 2314 5366 castra
2340 5312 2475 5373 suis,
2509 5325 2628 5379 quae
2665 5319 2778 5364 tum
2813 5319 2990 5374 erant,
3017 5311 3268 5366 omnibus
3291 5313 3462 5380 copiis

1885 5401 2020 5456 satis
2042 5401 2218 5470 ampla
2250 5401 2524 5470 capiendis
2556 5401 2621 5454 ad
2657 5400 2977 5455 orientalem
3009 5403 3188 5472 oppidi
3227 5415 3460 5459 metatura

1886 5502 2116 5561 partem,
2143 5491 2284 5546 vallo
2329 5507 2391 5546 ea
2442 5493 2698 5560 fossaque
2734 5493 2998 5558 munivit,
3027 5495 3206 5562 quoad
3242 5495 3460 5550 abunde

1885 5591 1999 5637 tuta
2022 5583 2272 5650 credidit,
2299 5593 2356 5637 ut
2379 5583 2466 5649 iis,
2485 5582 2630 5654 quod
2661 5599 2782 5639 mox
2803 5583 2954 5650 fecit,
2974 5585 3265 5657 A-ugustale
3282 5602 3460 5684 suum,

1240 5694 1444 5756 Varius
1475 5694 1780 5758 lectiones
1822 5713 1900 5758 ex
1930 5698 2072 5759 cod.
2106 5697 2383 5759 Coisliu.

289 5812 328 5842 ⁶⁶
365 5817 801 5890 ἐπιφωσκούσης.
879 5820 920 5852 ⁸⁷
956 5823 1200 5891 ποταμὸν
1253 5823 1345 5878 τὸν
1395 5823 1648 5892 πόλεμον.

1729 5825 1772 5857 ⁸³
1807 5824 2070 5898 ῥυτῆρας.

2148 5825 2192 5858 ⁸⁸
2232 5824 2548 5897 Ῥωμαίων.
2625 5829 2670 5861 ⁷⁸
2727 5827 3175 5895 ὲναπεπνίγοντο.
