3798 6562
221 382 224 384 ν
241 321 346 386 595

1518 327 1746 388 ANN/E
1785 283 2166 389 coMNEN/e

3399 325 3507 388 5ηὸ

240 454 476 508 rasaque
507 455 570 496 ac
599 441 890 497 militarem
918 442 1222 499 universam
1256 443 1576 516 principalis
1619 444 1740 500 dom

2011 443 2135 505 Ξισας
2165 445 2295 496 είσω
2326 440 2511 496 τούτου
2545 439 2821 495 κατέθετο.
2859 441 2922 494 Οἱ
2947 439 3002 494 δὲ
3030 436 3236 492 Σκύθαι
3262 435 3511 494 ἐπιόντες

243 532 650 599 supellectillem
677 535 796 590 sine
821 536 1059 601 periculo
1086 537 1472 592 committeret.
1497 534 1644 592 ldem
1675 537 1820 592 istud

245 622 298 676 in
351 626 603 694 Oppidum
648 627 940 680 thtrulum
977 625 1193 698 Scythae
1247 643 1465 698 quoque
1512 629 1820 694 veniebant;

246 715 338 768 sed
369 727 425 769 ut
455 729 885 787 praeoccupatum
919 720 988 773 ab
1037 722 1368 790 imperatore
1413 731 1784 791 cegnoverunt
1806 759 1822 784 ,

249 806 475 872 traiecto
497 823 658 862 amne
683 809 774 877 qui
806 826 902 879 per
923 811 1202 880 planitiem
1229 829 1335 868 non
1365 813 1521 883 longe
1539 831 1565 866 a
1587 812 1824 869 Tzurulo

246 897 783 970 ﬂuit(Xerogypsum
822 901 934 974 (‘27)
976 905 1238 974 indigenas
1291 905 1594 973 nominant)
1647 907 1823 960 medio

248 990 426 1056 spatio
477 991 619 1046 inter
654 991 856 1049 fiumen
888 1005 942 1051 et.
992 997 1246 1066 eppidum
1277 1005 1455 1051 castra
1503 1006 1819 1068 posuerunt,

247 1081 326 1133 sic
363 1081 597 1151 amplexi
627 1083 886 1138 ambitum
919 1101 1193 1140 murorum
1226 1085 1397 1152 urbis,
1432 1096 1494 1142 ut
1522 1103 1640 1141 eam
1669 1087 1826 1143 undi-

248 1188 353 1241 que
397 1173 639 1228 clausam
697 1175 1092 1246 obseptamque
1119 1178 1614 1234 circumsiderent:
1653 1179 1821 1248 impe-

249 1276 400 1319 rator
418 1282 546 1322 vero
565 1268 709 1323 intus
727 1269 1057 1338 interceptus
1073 1272 1228 1341 quasi
1250 1273 1502 1328 obsessus
1526 1281 1821 1328 teneretur.

246 1361 315 1412 At
346 1360 674 1416 succedente
707 1372 865 1418 nocte
901 1363 966 1416 Di
999 1365 1186 1434 reliqui
1215 1368 1421 1434 pariter
1443 1366 1825 1438 bellatoresque

247 1451 345 1505 sub
375 1455 540 1506 armis
562 1455 727 1526 (quod
755 1456 995 1525 Calliope
1020 1457 1237 1512 Homeri
1267 1458 1508 1528 caneret)
1535 1463 1822 1527 carpebant

246 1556 478 1595 sonmos.
513 1543 708 1598 Verum
761 1544 1074 1615 imperatori
1114 1547 1304 1601 Alexio
1344 1547 1514 1600 dulcis
1549 1565 1652 1601 non
1697 1548 1824 1616 fovit

247 1630 450 1687 lumina
472 1651 710 1702 somnus,
726 1637 821 1692 sed
841 1638 965 1706 vigil
996 1639 1264 1709 ingenium
1292 1641 1605 1709 torquebat,
1628 1642 1823 1710 exqui-

248 1725 414 1779 renda
441 1742 625 1781 secum
667 1731 898 1795 ratione,
926 1731 971 1784 si
1010 1748 1111 1798 qua
1145 1733 1386 1802 expediri
1431 1740 1633 1799 posset,
1663 1735 1827 1788 auda-

245 1816 389 1870 ciam
435 1803 774 1875 barbaricam
817 1831 935 1878 arte
998 1823 1316 1893 frangendi;
1382 1827 1822 1896 quandoquidem

248 1908 314 1961 ad
349 1908 398 1962 id
430 1921 616 1978 aperto
641 1912 812 1969 Marte
861 1919 1176 1970 tentandum
1211 1917 1356 1973 vires
1410 1920 1590 1972 minus
1629 1936 1825 1991 suppe-

249 2001 454 2068 tebant,
487 2003 642 2074 longe
673 2006 866 2075 impari
904 2009 1144 2063 Romana
1179 2012 1447 2080 paucitate
1481 2013 1544 2067 ad
1579 2014 1826 2070 innume-

248 2093 577 2150 rabilitatem
628 2102 902 2155 exercitus
937 2101 1201 2174 Scythici,
1243 2106 1313 2158 ita
1349 2116 1404 2158 ut
1456 2123 1632 2176 pugna
1669 2123 1822 2178 requa

248 2196 467 2253 patente
500 2204 692 2260 eampo
735 2192 854 2249 sine
899 2196 1053 2265 culpa
1085 2198 1429 2262 temeritatis,
1467 2215 1626 2270 quam
1661 2216 1825 2256 certae

249 2279 421 2332 cladis
475 2297 714 2351 praesens
764 2288 1085 2356 supplicium
1142 2293 1454 2368 exciperet.
1496 2295 1620 2348 iniri
1677 2297 1825 2351 nullo

253 2374 409 2426 modo
461 2387 666 2444 posset.
701 2377 1022 2436 Observavit
1067 2393 1245 2452 autem
1284 2371 1386 2440 dux
1437 2390 1824 2458 sagaci-simus

247 2477 520 2522 structum
571 2482 790 2527 exstare
836 2475 1090 2544 oppidum
1151 2476 1447 2533 Tznrulum
1482 2479 1535 2534 in
1567 2481 1825 2537 eminenti

248 2558 406 2621 colle,
445 2562 588 2615 unde
618 2579 819 2631 pronus
851 2567 1138 2635 despectus
1163 2580 1308 2625 esset
1341 2571 1398 2626 in
1440 2580 1648 2628 vastum
1680 2589 1829 2628 camo

249 2663 442 2718 porum
496 2669 682 2721 aupror
737 2671 834 2726 per
866 2661 1008 2728 quod
1062 2675 1121 2714 se
1177 2663 1439 2718 immensa
1500 2663 1827 2736 Scytharum

250 2741 538 2814 nrnltitudo
587 2747 898 2806 dimtderat.
960 2752 1118 2808 Ηιιιιο
1175 2757 1340 2809 situm
1392 2766 1447 2812 et
1503 2759 1826 2814 stativorum

252 2834 529 2888 hostilium
555 2845 606 2890 et
630 2841 712 2893 sui
743 2843 924 2910 oppidi
957 2845 1174 2899 solertia
1211 2846 1533 2904 trahendum
1570 2851 1636 2905 ad
1667 2867 1827 2907 occa-

249 2928 461 2983 sionem
487 2928 614 2985 furti
645 2933 824 2990 bellici
848 2951 975 2992 acre
1011 2942 1076 2992 ad
1099 2939 1228 2996 talia
1264 2943 1537 3014 iugenium
1561 2945 1825 3000 decrevit.

249 3017 356 3074 Res
412 3021 466 3074 iu
515 3024 660 3078 hunc
705 3027 920 3081 modum
976 3035 1274 3101 composita
1324 3044 1428 3090 est.
1479 3034 1867 3106 Conquisitosr

1927 537 2020 588 καὶ
2070 526 2215 588 οὗτοι
2255 534 2396 589 κατὰ
2439 534 2536 604 τῆς
2585 532 2950 605 Τζουρουλοῦ,
2995 531 3184 603 ἐπειδὴ
3223 547 3512 603 προκαταο

1925 625 2114 680 λαόεῖν
2175 626 2266 680 τὸν
2306 625 2683 696 αὐτοκράτορα
2728 625 2932 695 ταύτην
2977 624 3350 694 ἠκηκόεισαν,
3394 623 3516 676 δια·

1927 717 2224 786 ϐεϐηκότες
2271 719 2362 771 τὸν
2431 717 2534 771 ἀνὰ
2588 718 2688 780 τὴν
2714 717 2941 770 πεδιάδα
3005 715 3198 785 ῥέοντα
3261 713 3516 784 ποταμδν

1927 809 2098 879 ἀγχοῦ
2143 827 2246 864 που
2287 809 2381 862 τοῦ
2417 809 2692 877 πολιχνίου
2720 810 2910 862 τούτου
2947 806 3291 880 (Ξηρόγυψον
3321 807 3517 860 τοῦτον

1927 902 2210 974 ἐγχωρίως
2269 899 2723 970 κατονομάζουσι)
2785 900 2874 953 τὸν
2921 900 3140 972 χάρακα
3210 899 3514 970 ἐπήξαντο,

1930 995 2135 1067 μεταξὺ
2167 994 2320 1056 ὄντες
2347 993 2440 1047 τοῦ
2468 1012 2528 1048 τε
2563 991 2811 1063 ποταμοῦ
2837 994 2930 1045 καὶ⁵
2958 992 3052 1046 τοῦ
3075 991 3372 1063 πολιχνίου.
3400 992 3520 1046 Καὶ

1926 1089 1976 1141 oi
2014 1082 2274 1158 μὲν-ἦσαν
2307 1086 2505 1153 ἔξωθεν
2526 1085 2626 1155 τὴν
2662 1084 2818 1137 πόλιν
2849 1082 3055 1153 ταύτην
3087 1082 3477 1144 κυκλώσαντες
3501 1095 3514 1110 ·

1927 1182 1955 1234 ὁ
1991 1180 2048 1233 δέ
2082 1179 2338 1250 βασιλεὺς
2375 1178 2524 1232 ἐνδον
2571 1177 2943 1248 ἐναπείληπτο
2985 1175 3242 1246 καθάπερ
3288 1174 3528 1241 πολιορο

1928 1272 2214 1342 κούμενος.
2261 1272 2401 1325 Ἀλλ’
2429 1271 2554 1323 ἐπεὶ
2585 1270 2680 1337 νὺξ
2720 1267 3051 1330 κατέλαϐεν,
3083 1267 3263 1321 ἄλλοι
3282 1265 3406 1334 μέν
3428 1265 3522 1334 ῥα

1927 1367 2052 1424 θεοί
2081 1384 2144 1420 τε
2173 1367 2270 1419 καί
2299 1366 2510 1432 ἀνέρες
2535 1361 2976 1430 ἱπποκορυσταί
3037 1360 3218 1423 (τοῦτο
3238 1359 3301 1431 δὴ
3329 1358 3393 1412 τὸ
3416 1358 3526 1426 τῆς

1928 1460 2242 1530 Καλλιόπης
2317 1457 2596 1527 Ὀμήρου)
2663 1451 2882 1518 εὗδον,
2919 1453 3011 1506 τὸν
3033 1452 3091 1505 δὲ
3127 1450 3527 1522 αὐτοκράτορα

1941 1553 2176 1618 Ἀλέξιον
2213 1555 2325 1606 οὐκ
2358 1551 2460 1620 ἔχε
2484 1552 2525 1582 '“
2572 1548 2841 1617 νήδυμος
2867 1548 2913 1578 ⁷¹
2939 1546 3157 1612 ὕπνος.
3203 1542 3369 1597 Ἀλλά
3396 1542 3528 1610 διη-

1929 1647 2158 1720 γρύπνει
2184 1663 2240 1700 τε
2271 1647 2363 1700 καὶ
2397 1644 2661 1698 ἀνείλιττε
2688 1641 3012 1710 λογισμοὺς,
3044 1639 3193 1701 ὅπως
3225 1636 3284 1689 τὸ
3315 1633 3533 1707 Θράσος

1929 1743 2038 1797 τῶν
2064 1741 2366 1812 Βαρόάρων
2395 1741 2563 1812 τέχνῃ
2590 1735 3037 1808 καταγωνίσηται
3060 1733 3107 1765 ⁷⁸
3145 1749 3158 1764 ·
3181 1731 3306 1784 ἰδὼν
3334 1728 3534 1782 τοίνυν

1928 1834 2017 1898 ὡς’
2051 1833 2110 1888 τὺ
2158 1833 2432 1904 πολίχνιον
2481 1830 2642 1884 τοῦτο
2697 1831 2730 1900 ὴ
2799 1825 3138 1898 Τζουρουλδς
3192 1822 3288 1875 ἐπὶ
3353 1819 3536 1887 λόφου

1927 1926 2289 1996 ἀνεστηκότος
2315 1922 2615 1991 τετείχιστο
2633 1919 2702 1984 ⁷⁸⁵,
2726 1918 2788 1972 τὸ
2816 1919 2871 1972 δὲ
2893 1914 3166 1987 βάρϐαρον
3189 1911 3338 1965 am»
3367 1909 3541 1961 κάτω

1928 2041 2031 2077 που
2082 2022 2211 2089 περὶ
2268 2018 2366 2088 τὴν
2423 2013 2649 2069 πεδ·άδα
2712 2011 3007 2083 ηὐλίσατο,
3057 2007 3181 2060 ἐπεὶ
3255 2003 3331 2074 μὴ
3390 2002 3539 2054 ἀπο-

1931 2113 2156 2184 χρῶσαν
2196 2109 2338 2180 πρὸς
2385 2104 2624 2159 τοσαῦτα
2673 2101 2857 2174 πλήθη
2890 2099 3125 2167 δύναμιν
3165 2090 3340 2165 εῖχεν,
3376 2090 3540 2184 ὥστε

1927 2182 2026 2276 την
2059 2204 2176 2275 μετ’
2207 2198 2386 2255 αὐτῶν
2421 2195 2808 2266 άποθαρῤἧσαι
2837 2193 2884 2224 ⁷⁵
2918 2191 3096 2260 μάχην
3130 2188 3269 2241 κατὰ
3316 2182 3543 2276 συστά-

1927 2273 2384 2368 δηνξέπινοεῖταί
2429 2308 2480 2344 τι
2518 2288 2613 2342 καὶ
2649 2287 2794 2357 μάλα
2833 2285 3172 2354 εὐμήχανον.
3219 2273 3542 2368 Ἀναλάόό-

1932 2365 2094 2461 μενος
2115 2387 2215 2450 τὰς
2235 2383 2344 2438 τῶν
2374 2381 2678 2452 οἰκητόρων
2703 2376 2922 2448 ἀμάξας
2950 2375 3047 2427 καὶ
3076 2372 3280 2433 ταύτας
3302 2365 3546 2461 ἀφελιῖρν

1928 2458 2037 2538 ἀπὸ
2086 2479 2197 2533 τῶν
2245 2474 2689 2548 ἐπικραϐσάτων,
2732 2470 2859 2532 τούς
2901 2485 2961 2522 τε
2993 2467 3223 2537 τροχοὺς
3268 2461 3366 2515 καὶ
3402 2458 3547 2521 τοὺς

1929 2578 2128 2643 ἄξονας
2158 2575 2272 2628 άνω
2316 2571 2576 2640 κατέσχε,
2621 2562 2746 2638 κᾷθ’
2779 2562 2952 2626 οὕτως
3004 2559 3112 2626 ἐξω
3157 2556 3252 2611 τοῦ
3305 2552 3548 2621 τείχους

1930 2670 2024 2724 ἐπὶ
2078 2668 2191 2722 τῶν
2245 2663 2568 2736 κρηδέμνων
2645 2657 2843 2729 ἐφεξῆς
2896 2646 3310 2746 ἀπαιωρεῖηδιά
3362 2661 3548 2746 τινων

1931 2761 2213 2817 καλωδίων
2265 2751 2828 2823 ἐναποδεσμουμένων
2877 2748 2995 2808 ταῖς
3083 2742 3343 2806 ἐπάλξεσι
3393 2742 3547 2787 -τῶν

1929 2853 2150 2925 τειχῶν.
2174 2851 2283 2905 Καὶ
2311 2850 2428 2918 ἅμα
2462 2863 2522 2900 τε
2553 2844 2712 2898 τοῦτο
2743 2839 3002 2908 ἐπενόησέ
3036 2853 3095 2890 τε
3127 2833 3222 2888 καὶ
3250 2833 3296 2864 ⁷⁵
3328 2828 3543 2925 εἰργά-

1932 2923 2086 3003 σατο.
2118 2945 2230 3000 Καὶ
2265 2944 2396 3014 μιᾶς
2421 2941 2571 3012 ὥρας
2613 2933 3064 3004 ἐναπεκρέμαντο
3091 2925 3277 2996 κύκλῳ
3307 2923 3357 2977 oi
3407 2936 3550 2991 τρο·

1933 3039 2020 3110 χοὶ
2051 3025 2190 3108 μετᾶ
2238 3035 2347 3089 τῶν
2389 3031 2616 3097 ἀξόνων,
2652 3028 2839 3096 ὥσπερ
2878 3023 3021 3087 τινὲς
3069 3019 3264 3088 ἐφεξῆς
3309 3014 3528 3110 κύκλοι

249 3126 383 3180 agro
415 3124 528 3170 telo
561 3127 724 3186 atque
759 3122 955 3189 oppido
986 3127 1316 3194 comportari
1344 3142 1541 3185 currus
1571 3130 1749 3198 imper

2044 3106 2201 3193 ιενοι,
2226 3127 2322 3181 καὶ
2351 3125 2612 3196 ἀλλήλους
2636 3122 2680 3154 ⁷⁷
2707 3117 3042 3186 ἐγγίζοντες,
3075 3113 3170 3166 καὶ⁸
3195 3106 3544 3208 τοίςάξοσιν

251 3215 363 3258 tum
389 3221 582 3263 eorum
621 3221 773 3267 rotas
797 3213 991 3270 axibus
1023 3219 1363 3286 commissas,
1395 3223 1488 3276 sed
1521 3223 1832 3291 aplaustris

253 3313 317 3353 ac
359 3303 667 3360 temruibus
695 3308 912 3362 avulsas
943 3309 1160 3364 funibus
1186 3313 1490 3382 religandas
1516 3326 1694 3381 curat,
1728 3319 1834 3373 sic-

253 3405 358 3458 que
395 3392 588 3448 ordine
627 3398 885 3451 continuo
917 3400 1211 3469 dispositas
1260 3403 1426 3475 216
1483 3407 1764 3475 suspendit
1805 3423 1836 3463 e

251 3483 434 3549 pinnis
459 3487 599 3540 muri
632 3502 845 3543 summo
875 3490 1026 3546 collis
1062 3491 1190 3561 jugo
1215 3496 1488 3550 aediﬁcati.
1519 3493 1629 3551 Nec
1671 3513 1832 3552 'mora

255 3577 573 3642 parentibus
606 3594 704 3647 pro
727 3594 786 3635 se
824 3585 1036 3637 cunctis
1058 3624 1073 3650 ,
1105 3586 1300 3655 quippe
1333 3596 1559 3655 urgente
1589 3585 1834 3657 iubentis

257 3672 567 3739 prmsentia,
599 3674 950 3729 constituitur
995 3692 1098 3730 una
1141 3678 1271 3732 hora
1308 3681 1678 3750 spectaculum
1710 3683 1831 3736 ino-

253 3764 498 3830 pinatum
557 3769 904 3836 pendentium
957 3771 1099 3825 serie
1159 3781 1440 3840 perpetua,
1495 3790 1526 3828 e
1574 3775 1830 3829 lllt’Bllillm

254 3855 475 3913 'I‘zurnli
509 3861 692 3929 pinnis
714 3900 729 3925 ,
761 3876 864 3930 qua
898 3864 950 3918 in
984 3881 1224 3934 prmceps
1269 3869 1591 3932 imminent,
1652 3869 1833 3924 revin-

251 3959 466 4006 clorum
503 3951 756 4008 funiculis
787 3955 1002 4010 orbium
1038 3957 1336 4028 ligncorum
1373 3961 1674 4014 transvexis
1710 3961 1828 4014 axi-

255 4043 355 4097 bus
388 4043 462 4097 ita
503 4045 732 4100 ﬁxorum
765 4057 822 4101 ut
864 4048 974 4103 bini
1004 4061 1480 4106 connecterentur.
1533 4053 1626 4108 llis
1676 4066 1834 4108 nocte

253 4136 456 4203 paratis
489 4137 722 4191 diluculo
751 4138 1047 4208 imperator
1078 4159 1307 4214 surgens
1337 4160 1457 4200 sese
1493 4145 1606 4213 ipse
1633 4157 1831 4213 armat,

253 4230 566 4298 armarique
607 4247 798 4286 omnes
821 4232 1006 4301 jussos
1040 4236 1210 4301 portis
1246 4252 1368 4290 mox
1399 4239 1598 4303 educit,
1637 4243 1832 4293 adver-

253 4333 453 4389 sosque
499 4323 742 4378 ltOstibus
784 4325 942 4394 quasi
975 4329 1039 4381 ad
1067 4328 1306 4398 prmlium
1335 4331 1547 4383 statuit.
1594 4331 1835 4400 Contigit

253 4423 434 4466 autem
487 4420 546 4468 ut
589 4429 654 4470 ex
708 4429 770 4468 ea
807 4417 919 4485 ipsa
951 4431 1105 4488 parte
1160 4421 1210 4474 in
1261 4436 1422 4491 quam
1483 4423 1834 4477 imminebant.

1938 3222 2116 3276 αὐτῶν
2154 3217 2607 3289 ξυνδεσμούμενοι
2651 3212 2718 3267 ⁷⁸.
2767 3209 3011 3282 Πρωῖθεν
3050 3204 3106 3259 δέ
3139 3200 3380 3264 ἀναστὰς
3436 3201 3550 3251 καὶ

1939 3313 2102 3377 αὑτός
2133 3329 2191 3365 τε
2225 3311 2590 3380 ὁπλισάμενος
2619 3307 2714 3360 καὶ
2749 3305 2875 3365 τοὺς
2905 3301 3100 3363 ἄλλους
3140 3295 3370 3358 ὁπλίσας
3437 3292 3544 3358 ἐξ·

1940 3411 2061 3476 άγει
2079 3407 2169 3460 τού
2188 3407 2400 3476 τείχους
2422 3399 2837 3472 ἀντιμετὼπους
2855 3396 3058 3466 στήσας
3075 3393 3189 3456 τοῖς
3210 3389 3336 3453 τοὺς
3357 3403 3547 3458 στρα-

1939 3496 2136 3559 τιώτας
2167 3495 2470 3565 Βαρϐάροις
2499 3492 2548 3523 ’³
2582 3529 2598 3544 .
2633 3487 2922 3541 Συνέὅαινε
2972 3485 3029 3537 δέ
3076 3482 3162 3551 ἐφ’
3189 3481 3224 3535 ἃ
3265 3479 3418 3550 μέρη
3470 3477 3549 3530 τὰ

1939 3575 2115 3642 κύκλα
2150 3586 2254 3640 τῶν
2290 3584 2498 3654 τροχῶν
2523 3579 2854 3653 ἀπηῴρηται
2875 3621 2890 3643 ,
2923 3575 3009 3627 ἐπ’
3031 3574 3213 3628 ἐκεῖνα
3252 3569 3352 3623 καὶ
3398 3569 3548 3630 τοὺς

1939 3681 2242 3753 ἡμετέρους
2269 3675 2605 3747 στρατιώτας
2637 3672 2891 3727 ἵστασθαι
2919 3669 3010 3723 καὶ
3041 3664 3268 3735 ἀντικρῦ
3301 3659 3547 3753 κεῖσβαι

1939 3752 2078 3826 κατά
2110 3772 2237 3843 μίαν
2271 3767 2535 3840 γραμμὴν
2560 3766 2622 3819 τὸ
2665 3763 2962 3817 ἀντίθετον.
3004 3759 3114 3811 Καὶ
3159 3757 3220 3808 τὸ
3267 3752 3547 3808 ἐντεῦθεν

1937 3863 2100 3926 αὐτὸς
2129 3862 2301 3933 μέσης
2344 3861 2442 3930 τῆς
2478 3859 2522 3891 ⁸ο
2577 3855 2715 3926 ἀμφ’
2735 3855 2898 3908 αὐτὸν
2956 3847 3313 3922 παρατάξεως
3361 3845 3547 3914 ἐστη-

1938 3961 2086 4024 κὼς,
2147 3954 2530 4008 συνεϐούλευεν
2593 3949 2731 4002 ἐπὰν
2787 3949 2819 4017 ἠ
2878 3941 3112 4008 σάλπιγξ
3168 3939 3228 3991 τὸ
3273 3936 3550 3990 ἐνυάλιον

1937 4050 2282 4118 ἐπιδοήσειεν
2306 4047 2347 4077 ⁸³
2367 4044 2676 4106 ἀποϐάντας
2695 4043 2757 4093 τῖ
2775 4058 2801 4092 ν
2822 4039 3004 4092 ἵππων
3030 4033 3154 4092 τοὺς
3183 4028 3549 4100 στρατιώτας

1939 4142 2102 4212 σχολῇ
2133 4140 2227 4192 καὶ
2255 4140 2421 4209 βάδην
2460 4132 2599 4187 κατά
2639 4132 2745 4185 τῶν
2787 4126 3070 4192 ἐναντίων,
3097 4123 3295 4195 χωρεῖν
3345 4118 3550 4212 τόξοις

1939 4211 2008 4288 τά
2082 4230 2256 4284 πολλὰ
2305 4229 2624 4299 χρωμένους
2687 4224 2782 4278 καὶ
2822 4218 3242 4290 ἀκροϐολισμοῖς
3289 4211 3392 4265 καὶ
3436 4212 3549 4281 τὴν

1938 4329 2196 4399 φάλαγγα
2247 4323 2355 4377 τῶν
2409 4319 2630 4374 Σκυθῶν
2684 4320 2762 4377 είς
2821 4313 3048 4373 ἑαυτοὺς
3102 4304 3547 4399 προκαλεῖσθαι.

1951 4395 2122 4473 ξΕπὰν
2171 4417 2226 4470 δέ
2280 4413 2504 4476 τούτους
2556 4409 3012 4480 παρασυρέντας,
3061 4401 3154 4454 καὶ
3206 4395 3294 4452 ἐπ’
3321 4396 3549 4458 αὐτοὺς

251 4521 532 4575 suspensa:
572 4509 622 4564 in
653 4512 908 4566 trimnium
942 4512 1120 4584 pinnis
1156 4523 1302 4578 rotae,
1340 4514 1580 4568 Romana
1612 4531 1751 4586 quoq

2048 4510 2347 4584 εκραγότας
2394 4507 2519 4569 τοὺς
2572 4505 2772 4565 ἵππους
2823 4498 3151 4560 θεάσαιντο,
3205 4487 3548 4562 προτροπά-

256 4602 620 4671 explicaretur
642 4606 810 4672 acies,
841 4615 895 4660 et
918 4607 1107 4662 eadem
1135 4608 1274 4662 linea
1303 4625 1333 4661 e
1359 4609 1621 4662 diametro
1646 4619 1832 4663 contra

257 4706 429 4750 staret
479 4697 692 4753 hostilis
737 4699 1029 4756 exercitus.
1086 4701 1382 4769 Imperator
1429 4700 1484 4755 in
1527 4700 1719 4757 mediis
1772 4703 1838 4756 de

257 4802 411 4842 ποτε
465 4788 724 4846 Romanis
786 4792 960 4862 copiis
1013 4809 1271 4863 prmseus,
1324 4794 1531 4859 edixit,
1570 4801 1627 4849 ut
1673 4810 1835 4864 quam

257 4883 491 4951 primum
565 4884 856 4943 classicum
935 4889 1266 4944 insonuisset
1336 4891 1553 4960 omissis
1643 4890 1840 4944 milites

257 4977 412 5045 equis
438 4977 581 5032 lento
602 4989 657 5034 et
675 4980 852 5036 otioso
879 4983 1044 5051 gradu
1074 4983 1124 5036 in
1150 4983 1360 5039 hostem
1388 4983 1670 5048 vaderent,
1706 4997 1832 5036 arcu

260 5069 499 5125 maxime
525 5070 801 5138 acjaculis
843 5075 1028 5141 procul
1061 5083 1308 5139 utentes,
1357 5074 1545 5142 sicque
1571 5076 1744 5128 at'ietn
1781 5073 1834 5126 in

257 5177 320 5218 se
357 5162 668 5234 Srythicam
703 5166 907 5222 elicere
941 5177 1292 5223 conarentur.
1327 5167 1428 5222 Uili
1461 5184 1588 5223 Vero
1639 5167 1837 5222 barba-

1941 4611 2036 4678 δην
2081 4603 2523 4673 όπισθορμήτους
2577 4595 2906 4666 γενομένους
2947 4590 3127 4660 ὀλίγον
3173 4583 3546 4678 διαιρεθῆναι

1938 4675 2241 4770 τηνικαῦτα
2267 4695 2392 4764 διχῆ
2423 4693 2502 4757 είς
2531 4690 2704 4754 δεξιόν
2747 4705 2806 4740 τε
2857 4684 2951 4739 καὶ
2997 4680 3276 4770 εὐώνυμον
3330 4675 3546 4747 μέρος,

1941 4769 2036 4847 καὶ
2076 4789 2259 4862 χώραν
2295 4785 2478 4840 δοῦναι
2535 4787 2647 4845 τοῖς
2700 4778 2966 4840 ἐναντίοις
3010 4777 3067 4838 ἐς
3108 4769 3387 4834 τοσοῦτον,
3423 4770 3546 4832 ἓως

1941 4887 2007 4940 ἂν
2033 4883 2126 4938 τοῦ
2165 4883 2375 4952 τείχους
2409 4877 2636 4948 πλησίον
2667 4875 2926 4944 γένοιντο.
2961 4867 3165 4922 Τούτου
3209 4864 3264 4918 δὲ
3301 4864 3550 4932 γεγονό-

1944 4993 2032 5043 τος
2087 4974 2442 5047 παρήγγελτο
2491 4973 2604 5034 τοῖς
2660 4967 2869 5022 ἄνωθεν
2917 4961 3204 5034 ἐστηκόσιν
3263 4956 3377 5011 ἀπὸ
3440 4956 3546 5010 τοῦ

1944 5073 2158 5142 τείχους
2213 5069 2448 5138 ὁπηνίκα
2502 5064 2600 5135 τὴν
2658 5061 2849 5132 σχίςαν
2899 5057 3008 5112 τῶν
3054 5053 3352 5124 φαλάγγων
3403 5048 3550 5103 Θεά-

1946 5181 2154 5227 σαιντο,
2185 5161 2363 5230 ξίφεσι
2391 5158 2462 5211 τά
2485 5155 2722 5212 καλώδια
2753 5153 2979 5208 κόπτειν
3013 5150 3107 5203 καὶ
3136 5147 3358 5217 ἀφεῖναι
3404 5146 3547 5208 τοὺς

1291 5287 1492 5349 Var-im
1526 5287 1838 5350 lectiones
1858 5276 1947 5346 ex'
1973 5283 2116 5346 cod.
2165 5278 2437 5375 Coislin.

329 5409 372 5483 7'
434 5407 634 5483 εἶχεν,
681 5411 976 5483 ⁷²ἦδυμος.
1056 5412 1100 5444 ⁷³
1161 5410 1603 5483 ςατασοφίσηται·
1680 5409 1829 5483 ⁷⁸-κο

2038 5422 2198 5461 voces
2237 5404 2360 5457 ίδὼν
2392 5402 2576 5483 τοίνυν
2596 5398 2682 5464 ὡς,
2710 5397 3090 5483 ταποῖζύχνιον
3105 5466 3121 5480 ‘
3141 5393 3261 5464 (sic)
3297 5390 3474 5483 133:0
3507 5394 3538 5464 ἠ

259 5477 592 5554 Τζουρουλδς
622 5482 714 5534 ἐπὶ
747 5477 910 5551 λόφου
951 5485 1310 5554 ἀνεστηκότος
1359 5477 1679 5554 τετείχιστο.
1758 5477 2242 5554 τ”ἀκιαίὶαρρῆσαι⁸

2333 5477 2378 5507 ⁷⁸
2407 5463 2662 5542 ἐνενόησε
2692 5472 2808 5529 καί.
2886 5463 3249 5539 "imam.
3321 5463 3370 5497 ⁷⁵
3406 5463 3542 5516 δεσ-

265 5549 548 5618 μούυζενοιη.
621 5554 668 5586 ’⁸
695 5549 833 5616 τοὺς
851 5549 1214 5624 στρατιώταις
1240 5556 1356 5617 τοῖς
1379 5552 1698 5623 βαρϐάροις.
1776 5553 1823 5585 ⁸ο
1846 5549 1945 5622 μὲν
1975 5553 2096 5618 τῆς·
2170 5549 2210 5578 ⁸³
2245 5549 2446 5617 ixion-

1334 5669 1468 5730 Car.
1515 5665 1838 5730 Dufresnii
1866 5669 1968 5728 Du
2003 5663 2223 5740 Caugii
2256 5675 2424 5725 notae

339 5795 452 5865 (27)
488 5796 785 5869 Xerogvpsi
822 5794 965 5850 lluvii
988 5794 1690 5866 meminitThcophylactus
1716 5793 1942 5862 Simoc.,
1972 5794 2064 5849 lib.
2101 5807 2174 5860 γι,
2207 5806 2324 5862 cap.
2347 5790 2402 5846 3.
