3798 6628
231 339 322 407 537

1422 332 1839 394 ALEXIADIS
1868 334 2017 395 LIB.
2043 335 2174 396 VII.

3350 332 3458 396 598

228 444 430 518 τροχοὺς
464 444 598 514 μετὰ
633 443 740 499 τῶν
788 442 994 510 ἀξόνων
1049 439 1259 495 ἄνωθεν
1307 439 1454 493 κάτω
1500 457 1773 509 κατακρη.

1887 459 1974 499 res
2003 459 2202 513 pronos
2237 445 2293 500 in
2346 445 2603 516 impetum
2636 454 2825 503 contra
2860 459 2919 500 se
2949 445 3139 502 ruendi
3169 457 3458 502 cernerent

227 536 508 609 μνίξεσθαι.
558 536 802 604 Ἐγένετο
841 536 1013 589 ταῦτα
1062 532 1205 587 κατὰ
1247 532 1307 585 τὸ
1365 531 1459 584 τοῦ
1517 531 1783 602 βασιλέως

226 629 591 697 παράγγελμα.
633 629 744 681 Καὶ
793 626 981 697 ἀθρόοι
1066 627 1166 695 μὲν
1216 623 1593 693 ἐπαράξαντες
1642 618 1783 693 ἦσαν

220 721 265 774 οἱ
291 720 481 773 Σκύθαι
512 721 608 773 σὺν
648 718 951 789 ἀλαλαγμῷ
1005 718 1326 788 βαρϐαρικῷ
1355 718 1583 770 ἱππόται
1641 716 1783 767 κατὰ

219 814 309 883 τῆς
350 813 633 883 ἡμεδαπῆς
684 812 1066 881 παρατάξεως,
1119 812 1257 883 πεζῇ
1303 812 1396 864 καὶ
1451 810 1621 881 βάδην
1656 809 1779 861 κατ’

219 903 381 957 αὐτῶν
412 902 639 970 ἱεμένων
671 902 911 967 πάντων,
970 903 1130 971 μόνου
1161 903 1216 955 δέ
1249 903 1343 955 τοῦ
1376 903 1781 973 αὐτοκράτορος

219 994 396 1062 ἐπόχου
447 992 832 1059 συγκατιόντος
875 992 1081 1056 αὐτοῖς.
1139 993 1201 1045 Οἱ
1257 992 1314 1044 δὲ
1358 991 1497 1045 κατὰ
1549 991 1647 1060 τὴν
1685 989 1780 1043 τοῦ

217 1084 599 1153 αὐτοκράτορος
622 1085 818 1155 τέχνην
848 1083 1025 1151 ὀλίγον
1056 1083 1182 1151 γόνυ
1215 1082 1403 1151 γουνὸς
1452 1081 1782 1151 ἀμείψαντες

217 1179 298 1233 καὶ
342 1172 451 1230 οἷον
484 1176 910 1238 ἁναποδίσαντες
953 1174 1337 1251 διεσχίσθησαν
1378 1174 1473 1226 ἀπ’
1510 1174 1778 1243 ἀλλήλων,

216 1271 282 1331 ὡς
312 1268 410 1320 οὐκ
439 1267 503 1320 ἄν
539 1284 623 1330 τις
678 1267 928 1338 ἡλπισεν,
964 1267 1152 1338 ῶσπερ
1203 1267 1373 1337 θύραν
1398 1267 1507 1328 τοῖς
1562 1265 1784 1335 Βαρϐά-

218 1379 317 1432 ροις
374 1359 722 1428 πλατυτάτην
786 1363 868 1423 είς
914 1359 1013 1430 τὴν
1087 1361 1290 1413 εἴσοδον
1337 1357 1673 1435 άνεῴξαντες
1710 1357 1780 1413 ³¹.

216 1454 308 1506 Καὶ
347 1452 461 1522 ἅμα
506 1455 558 1506 οἱ
606 1454 707 1523 μὲν
744 1453 949 1508 Σκύθαι
997 1453 1129 1506 εἵσω
1170 1451 1264 1505 τοῦ
1308 1451 1354 1484 ⁸⁸
1407 1450 1630 1519 στομίου
1682 1449 1781 1519 τῆς

217 1541 539 1611 ἑκατέρωθεν
576 1544 857 1612 φάλαγγος
903 1542 947 1573 ⁸⁸
978 1542 1348 1611 ἐγεγόνεισαν,
1382 1541 1432 1594 οἱ
1479 1539 1537 1593 δὲ
1591 1539 1780 1610 τροχοὶ

218 1634 340 1703 μετά
372 1651 514 1696 τινος
562 1635 745 1705 ῥοίζου
787 1635 882 1687 καὶ
932 1635 1248 1704 καταφορᾶς
1287 1632 1601 1703 ἐνεχθέντες
1639 1632 1780 1703 ὑπὲρ

219 1729 397 1795 πῆχυν,
435 1726 543 1777 ἀπὸ
592 1726 684 1778 τοῦ
716 1725 929 1795 τείχους
979 1726 1214 1788 ἕκαστος
1266 1724 1627 1793 ἐφαλλόμενοι
1677 1722 1723 1756 ⁸⁵
1762 1763 1776 1789 ν

217 1817 299 1871 ἅτε
345 1818 450 1870 τῶν
478 1819 830 1889 κυρτοτήτων
886 1818 1122 1871 ἑκάστου
1169 1816 1366 1887 τροχοῦ
1413 1816 1463 1848 ⁸⁸
1504 1817 1779 1885 ἀποκρου-

219 1908 423 1963 σθεισῶν
456 1910 524 1962 ἐκ
572 1909 669 1964 τοῦ
718 1910 953 1980 τείχους,
995 1910 1091 1963 καί¹
1140 1906 1252 1962 οἷον
1288 1892 1779 1977 ἀποσφενδονηθει-

219 2004 341 2067 σῶν,
394 2004 474 2064 είς
537 2003 737 2074 μέσους
798 2002 924 2065 τοὺς
980 2001 1214 2066 ἱππότας
1286 2000 1396 2053 τῶν
1475 1998 1776 2070 Βαρϐάρων

217 2094 657 2165 ὲξεκυλίσθησαν,
720 2094 899 2165 ῥύμην
951 2093 1209 2156 λαϐόντες
1276 2091 1646 2162 σφοδροτέραν
1708 2091 1774 2154 ’⁷ο

215 2191 266 2240 τὸ
300 2189 390 2257 μὲν
421 2187 515 2240 καὶ
564 2187 673 2240 ἀπὸ
698 2190 797 2257 τῆς
844 2186 1045 2256 ἀθρόας
1094 2185 1409 2254 καταφορᾶς
1456 2182 1531 2253 τῷ
1565 2183 1777 2253 φυσικῷ

217 2283 503 2349 πειθόμενοι
565 2279 720 2350 βάζει
776 2279 843 2343 ⁸⁸,
910 2279 969 2331 τὸ
1017 2278 1073 2332 δὲ
1134 2278 1229 2331 καὶ
1285 2278 1458 2347 ῥοπὴν
1519 2276 1776 2337 λαϐόντες

215 2373 490 2427 ἀκάθεκτον
521 2373 631 2425 ἀπὸ
655 2371 745 2425 τοῦ
780 2372 1078 2435 κατάντους
1106 2369 1198 2423 τοῦ
1244 2370 1408 2423 τόπου
1452 2369 1497 2402 ⁸⁸
1532 2367 1776 2437 σφοδρῶς

217 2484 266 2519 τε
312 2468 417 2528 τοῖς
469 2464 784 2535 Βαρϐάροις
830 2464 1120 2516 ἐνέπιπτον
1163 2463 1245 2525 θο,
1298 2461 1391 2515 καὶ
1442 2460 1776 2530 πανταχόθεν

218 2557 390 2621 αὐτοὺς
442 2556 795 2631 περιέθλιϐον
848 2556 916 2609 τὰ
967 2557 1133 2625 σκέλη
1183 2556 1292 2607 τῶν
1349 2554 1531 2607 ἵππων
1588 2552 1775 2624 ῶσπερ

218 2650 501 2719 θερίζοντες
568 2650 662 2702 καὶ
695 2646 979 2717 ἀμφότερα
1026 2645 1367 2715 ἑκατέρωθεν
1415 2646 1523 2698 ἀπό
1560 2661 1617 2698 τε
1666 2644 1775 2697 τῶν

217 2743 549 2812 ἐμπροσθίων
613 2742 707 2796 καὶ
773 2741 1035 2794 ὀπισθίων
1098 2739 1280 2810 μερῶν
1337 2738 1771 2808 διατεμνόμενοι.

218 2834 417 2887 ὀκλάσαι
465 2833 598 2894 τοὺς
634 2832 835 2896 ἵππους
877 2830 1020 2901 ἐφ’ἃ
1072 2830 1213 2901 μέρη
1262 2830 1361 2902 τὴν
1422 2830 1637 2901 πληγὴν
1688 2832 1776 2884 ἀν-

217 2926 438 2992 εδέξαντο
464 2927 511 2957 ’⁸
542 2926 1000 2994 κατηνάγκασαν,
1035 2924 1131 2977 καὶ
1181 2923 1309 2988 τοὺς
1358 2924 1591 2988 ἱππότας
1639 2939 1772 2993 συγ-

216 3017 542 3081 καταῦαλεῖν,
573 3010 648 3070 ὧν
679 3018 765 3069 ἐπ’
792 3016 1038 3085 ἀλλήλων
1065 3018 1157 3069 καὶ
1188 3017 1397 3087 συχνῶν
1442 3016 1769 3077 πιπτόντων,

1880 532 2104 602 jamque
2154 536 2221 589 ad
2251 536 2497 590 cominus
2549 536 2913 591 accedendum
2953 536 3459 607 exhortari‘equos

1886 626 2169 689 audirent,
2206 635 2351 697 terga
2383 642 2447 683 ex
2474 629 2776 698 composito
2816 635 3131 695 verterent;
3161 628 3241 683 sic
3272 636 3455 683 tamen

1886 714 2125 770 fucosam
2172 718 2349 787 fugam
2384 721 2814 782 moderarentur.
2847 730 2905 775 ttt
2936 722 2987 777 in
3018 721 3178 777 aliam
3208 723 3295 775 alii
3332 737 3459 791 Par“

1886 816 1989 859 tem
2038 823 2066 860 a
2127 823 2184 863 se
2238 810 2465 863 invicem
2500 810 2864 877 discedentes,
2914 814 3119 867 hiatum
3173 813 3226 866 in
3280 813 3457 867 medio

1886 909 2156 969 patentem
2216 904 2367 969 quasi
2416 903 2699 973 phalangis
2748 915 3013 975 perrupta:
3062 905 3455 975 relinquerent,

1884 1007 1979 1058 per
2012 1008 2170 1062 quem
2202 1003 2550 1063 penetrantes
2574 996 2756 1051 hostes
2787 996 3137 1051 admoverent
3155 1013 3211 1051 se
3241 997 3458 1064 propius

1884 1084 2052 1136 nutris
2086 1084 2288 1151 oppidi.
2325 1084 2391 1138 Et
2442 1097 2598 1141 erant
2621 1103 2782 1156 supra
2822 1103 3030 1140 murum
3072 1086 3318 1158 dispositi
3364 1087 3454 1157 qui

1886 1174 1937 1226 in
1970 1176 2019 1227 id
2043 1191 2205 1229 unum
2233 1176 2577 1247 invigilarcnt
2614 1194 2628 1231 :
2656 1178 2969 1248 quibusque
2993 1183 3302 1233 mandatum
3334 1187 3454 1233 erat

1885 1276 1938 1319 ut
1980 1265 2065 1319 ubi
2101 1268 2325 1322 scissam
2369 1269 2420 1321 in
2460 1277 2642 1338 partes
2672 1270 2802 1323 duas
2837 1269 3128 1325 Romanam
3171 1270 3341 1325 aciem
3374 1270 3455 1325 in-

1883 1374 2204 1428 gressusque
2265 1375 2359 1430 per
2387 1376 2504 1415 eam
2558 1362 2850 1416 scissuram
2904 1372 3183 1431 provectos
3217 1366 3281 1417 ad
3313 1363 3453 1418 muri

1885 1452 2134 1505 viciniam
2164 1453 2399 1525 Scythas
2423 1464 2733 1519 cernerent,
2767 1455 2957 1525 gladiis
2994 1466 3215 1525 repente
3249 1457 3455 1512 strictis

1885 1542 2039 1596 funes
2070 1544 2266 1610 quibus
2298 1553 2429 1598 rotae
2459 1544 2830 1615 religabantur
2874 1562 2903 1602 e
2933 1547 3111 1616 pinnis
3145 1558 3457 1617 rumperent

1880 1647 2081 1703 easque
2108 1634 2425 1705 conjugatas
2446 1652 2564 1690 cum
2601 1639 2794 1692 axibus
2820 1653 2926 1694 una
2962 1639 3262 1709 przecipites
3295 1641 3457 1693 deor-

1888 1742 2003 1781 sum
2040 1728 2251 1785 darent.
2289 1727 2619 1785 Succcssere
2648 1734 2825 1785 omnia
2870 1747 2900 1786 e
2932 1734 3200 1788 sententia
3228 1741 3458 1801 votoque

1890 1819 2253 1886 imperatoris.
2306 1820 2439 1873 ltum
2495 1821 2544 1873 in
2594 1821 2825 1891 Scythas
2876 1821 3020 1876 lento
3056 1823 3309 1887 incessu,
3342 1821 3460 1876 solo

1886 1910 2024 1965 inter
2081 1909 2354 1968 Romanos
2413 1916 2653 1983 Augusto
2703 1915 2977 1983 equitante
3036 1925 3459 1984 prmscntcmquc

1881 2004 2039 2057 dante
2086 2018 2307 2073 operam
2361 2014 2414 2058 ut
2447 2017 2639 2058 cuncta
2682 2020 2743 2058 ex
2782 2020 2881 2060 usu
2922 2006 3138 2075 cogitati
3192 2016 3458 2075 stratage-

1881 2096 2039 2148 tnatis
2072 2106 2193 2165 apte
2226 2097 2437 2152 tierent.
2468 2096 2671 2151 Furunt
2699 2108 2886 2153 contra
2917 2099 3150 2170 Scythae,
3190 2099 3457 2167 minisque

1879 2200 2001 2240 eum
2037 2186 2113 2240 ira
2158 2188 2529 2243 crescentibus
2568 2190 2859 2259 expediunt
2903 2189 3137 2245 ferocem
3192 2191 3451 2259 impetum

1879 2291 1974 2344 spe
2008 2293 2129 2332 mox
2164 2279 2481 2335 invadendae
2521 2284 2770 2337 cominus
2822 2298 3010 2353 pugnas
3044 2300 3164 2337 cum
3211 2284 3279 2337 iis
3317 2299 3454 2354 quo-

1881 2385 1996 2423 rum
2027 2368 2354 2439 jacnlatioue
2390 2373 2573 2439 procul
2614 2382 2727 2427 luta
2772 2375 3119 2443 petebantur.
3157 2376 3454 2431 liuentibus

1878 2460 2029 2514 addit
2073 2462 2250 2518 calcar
2282 2462 2402 2531 fuga
2458 2464 2712 2520 simulata
2747 2464 3141 2532 Romanorum,
3166 2467 3456 2523 discessio-

1878 2567 1983 2622 que
2024 2555 2310 2623 phalangis
2361 2555 2657 2625 obliquatis
2702 2569 2994 2628 mutuoque
3028 2560 3233 2615 aversis
3281 2559 3458 2615 artifi-

1878 2648 2024 2701 ciose
2046 2648 2411 2702 recedentium
2437 2650 2686 2715 genibus,
2719 2650 2822 2705 iter
2851 2652 3023 2719 aperit
3044 2651 3234 2706 blande
3255 2652 3451 2720 pellax,

1876 2739 2065 2793 etsine
2094 2740 2759 2809 suspicioneinsidiosum,
2794 2744 2907 2810 pari
2939 2744 3107 2798 nostri
3142 2726 3451 2813 contemptu

1877 2830 2068 2898 suique
2119 2830 2311 2887 fiducia
2356 2849 2474 2888 sese
2526 2834 2889 2892 intercutibus
2926 2837 3192 2894 barbaris.
3250 2837 3351 2894 Per
3400 2837 3452 2893 id

1878 2922 2028 2991 quasi
2068 2921 2390 2978 latissimum
2415 2924 2637 2989 ostium,
2670 2938 2725 2980 ut
2747 2943 2867 2981 cmn
2893 2943 3090 2995 magno
3118 2928 3356 2982 clamore
3387 2942 3451 2983 ac

1876 3013 2121 3069 convicio
2152 3028 2427 3085 cmpcrant
2462 3018 2660 3084 invehi,
2689 3027 3042 3085 perreverunt
3072 3018 3281 3088 equites
3310 3017 3448 3088 Scy-

217 3108 266 3173 ἐξ
318 3109 578 3179 ἐκατέρου
625 3108 681 3161 δέ
732 3111 823 3161 καὶ
852 3107 960 3160 τῶν
1023 3106 1373 3179 στρατιωτῶν
1430 3109 1551 3161 κατ’
1593 3108 1773 3161 αὐτῶν

1882 3108 1984 3161 tltae
2018 3125 2029 3161 :
2066 3109 2235 3163 donec
2266 3110 2315 3162 in
2347 3124 2441 3163 eos
2485 3110 2670 3165 divisa:
2700 3112 2981 3181 phalangis
3021 3112 3169 3167 velut
3208 3111 3452 3168 faucibus

220 3202 443 3270 ἱεμένων,
477 3203 575 3255 καὶ
609 3200 790 3269 δεινῆς
815 3200 913 3269 τῆς
948 3200 1127 3270 μάχης
1158 3202 1268 3263 τοῖς
1296 3199 1528 3263 Σκύθαις
1566 3218 1770 3253 παντα-

216 3297 350 3368 χόθεν
393 3296 790 3365 ἐφισταμένης,
822 3296 868 3347 οἱ
926 3293 1025 3364 μὲν
1084 3296 1194 3355 τοϊς
1260 3294 1633 3365 πεμπομένοις
1681 3296 1769 3348 ἀν-

217 3389 418 3461 ῃροῦντο
449 3387 681 3457 βέλεσιν,
712 3387 759 3439 οἱ
784 3385 839 3437 δὲ
869 3386 954 3437 διὰ
994 3384 1101 3437 τῶν
1145 3384 1389 3454 δοράτων
1420 3386 1769 3454 ἐπλήττοντο,

217 3480 305 3532 τῶν
330 3480 380 3533 δὲ
428 3481 634 3533 λοιπῶν
662 3482 710 3533 οἱ
740 3479 956 3542 πλείους
988 3479 1092 3532 ὑπὸ
1142 3478 1245 3531 τῶν
1278 3479 1485 3548 τροχῶν
1517 3479 1769 3549 σφοδρῶς

217 3575 659 3644 καταφερομένων
699 3572 1096 3641 συνωθούμενοι
1152 3572 1287 3642 πρὸς
1330 3568 1389 3623 τὸ
1450 3572 1627 3642 ῥεῦμα
1676 3570 1769 3625 τοῦ

219 3668 435 3736 ποταμοῦ
470 3668 880 3737 ἀπεπνίγησαν.
916 3666 994 3735 Τῇ
1025 3665 1080 3717 δὲ
1108 3666 1225 3735 μετ’
1260 3665 1429 3734 αὐτὴν
1460 3667 1585 3717 ἐπεὶ
1610 3664 1771 3719 πάλιν

217 3761 320 3821 τοὺς
344 3760 804 3829 καταλειφθέντας
852 3760 1063 3821 Σκύθας
1104 3759 1240 3828 πρὸς
1290 3760 1528 3828 πόλεμον
1559 3760 1771 3827 ὁρμῶν-

217 3867 298 3912 τας
345 3849 488 3914 ἐώρα
550 3853 676 3911 τοὺς
732 3852 838 3903 ὑπ’
880 3850 1043 3904 αὐτὸν
1073 3850 1319 3912 ἅπαντας
1363 3850 1771 3920 τεθαρρηκότας

218 3948 554 4016 κατανοήσας,
593 3945 920 3997 ὁπλίσασθαι
958 3942 1422 4014 παρεκελεύσατο.
1476 3943 1770 4014 Σιδηροφοι

219 4040 367 4106 pica;
388 4038 442 4089 δὲ
482 4039 577 4091 καὶ
610 4036 769 4099 αὐτὸς
796 4038 889 4090 καὶ
927 4037 1164 4105 πολέμου
1198 4035 1385 4105 σχῆμα
1424 4034 1770 4101 διατυπώσας

218 4133 333 4199 πρὸς
381 4132 436 4183 τὸ
482 4131 688 4201 πρανὲς
735 4132 999 4185 κάτεισιν.
1049 4128 1180 4184 Εἶτα
1225 4131 1289 4202 δὴ
1343 4130 1440 4192 τὰς
1484 4131 1771 4201 φάλαγγας

217 4224 527 4293 ἔπεα-ρέψας
580 4222 720 4276 κατὰ
771 4225 1060 4292 πρόσωπον
1112 4227 1221 4289 τοῖς
1266 4225 1501 4290 Σκύθαις
1550 4228 1770 4292 ἵστατο,

218 4313 288 4380 ἐφ’
401 4317 490 4366 τὸν
533 4317 651 4384 μετ’
674 4313 872 4374 αὐτῶν.
916 4315 994 4378 ὡς
1031 4315 1169 4380 ἐνὸν,
1224 4317 1460 4387 συνάψαι
1512 4317 1765 4386 πόλεμον,

1877 3202 2149 3270 utrimque
2180 3202 2392 3259 clausos
2428 3219 2660 3273 superne
2692 3205 2955 3259 devoluta:
2992 3213 3232 3260 rotarum
3261 3206 3449 3261 orbita:

1875 3294 2114 3347 subitum
2159 3295 2438 3366 objeccere
2492 3280 2774 3350 terrorem.
2818 3297 2938 3349 Alta
2990 3298 3142 3351 ruina
3176 3299 3228 3352 in
3257 3300 3449 3352 durum

1876 3383 2013 3438 allisi
2076 3385 2249 3440 solum
2312 3389 2474 3439 orbes
2542 3385 2702 3453 lignei
2771 3382 3184 3440 reflectehantur
3246 3386 3447 3440 resultu

1874 3477 2155 3549 plusquam
2189 3478 2432 3544 cubitali;
2482 3488 2589 3532 tum
2623 3479 2674 3533 in
2710 3493 2939 3548 pronum
2971 3488 3279 3547 vergentem
3308 3480 3447 3533 nacti

1874 3572 2263 3637 declivitatem,
2294 3583 2415 3641 apte
2446 3570 2624 3625 librati
2655 3573 2980 3627 transversis
3003 3574 3217 3634 axibus,
3249 3572 3447 3641 impetu

1868 3663 2017 3733 juxta
2056 3664 2216 3735 217
2240 3666 2576 3734 strepituque
2606 3679 2667 3717 ac
2701 3664 2910 3732 lragore
2939 3666 3203 3729 maximis,
3244 3665 3294 3718 in
3328 3665 3453 3720 bar-

1872 3754 2035 3808 bdl‘OS
2068 3756 2248 3835 ittht'Q
2303 3756 2714 3821 evolvebantur,
2758 3756 2925 3810 nihilo
2974 3757 3146 3812 leuius
3182 3772 3342 3827 quam
3404 3758 3449 3812 si

1876 3849 2167 3902 muralibus
2192 3850 2451 3904 machinis
2474 3864 2701 3905 excussa
2731 3851 2965 3920 pondera
2990 3851 3241 3905 fulminea
3264 3852 3450 3920 perni-

1873 3950 2035 3994 cuate
2065 3952 2242 3995 ruant.
2263 3940 2772 3996 Circumveniuntur
2790 3957 2939 3997 nova:
2964 3942 3197 4012 undique
3224 3942 3447 4013 appulsu

1875 4035 2038 4101 pestis
2066 4034 2300 4104 Scytha),
2334 4050 2492 4088 crura
2512 4051 2772 4104 equorum
2799 4035 2994 4105 quibus
3014 4035 3281 4090 vehebant
3300 4036 3451 4091 varie

1874 4126 2183 4178 dcmetente
2211 4125 2575 4192 plaustrorum
2606 4125 2835 4195 procella
2867 4144 2880 4180 :
2910 4125 3033 4179 aliis
3069 4125 3134 4178 ab
3179 4126 3449 4180 anteriore

1874 4228 2027 4287 parte
2064 4218 2308 4271 incidens
2345 4217 2559 4271 tralum’
2602 4216 2836 4271 volubile
2884 4218 3048 4285 pedes
3098 4217 3307 4287 priores
3363 4231 3450 4270 ar~

1876 4326 2061 4365 tnosve
2088 4312 2438 4376 contuderat;
2468 4311 2602 4365 alios
2628 4308 2767 4365 forte
2787 4325 3006 4365 aversos
3027 4320 3183 4365 nacta
3210 4318 3447 4365 rotarum

217 4404 365 4470 Αὐτὸς
416 4409 512 4477 μὲν
557 4402 650 4460 οὖν
694 4407 786 4461 τὸν
836 4409 882 4439 ³³
931 4409 1101 4479 μέσην
1146 4409 1256 4461 τῶν
1306 4410 1605 4479 ταγμάτων
1654 4405 1765 4479 εἶχε

1879 4416 2113 4470 pra-ceps
2163 4402 2241 4454 vis
2276 4402 2325 4454 iu
2379 4400 2769 4470 posterioribus
2820 4402 3032 4457 laeserat
3087 4401 3347 4457 calcibus.
3383 4401 3449 4454 At

217 4496 381 4568 χώραν
401 4515 415 4531 ⁶
468 4498 649 4569 μάχης
680 4497 735 4551 δὲ
776 4501 1049 4568 καρτερᾶς
1077 4498 1374 4569 γενομένης
1404 4499 1501 4568 τὴν
1528 4498 1767 4551 νικῶσαν

217 4574 493 4661 τηνικαῦτα
542 4590 674 4661 παρ’
708 4591 925 4653 ἐλπίδας
982 4593 1034 4643 αἱ
1098 4591 1409 4660 Ῥωμαϊκαὶ
1467 4584 1614 4660 εἶχον
1658 4591 1765 4658 φάο

218 4692 390 4752 λαγγες
421 4684 512 4736 καὶ
533 4684 756 4735 ἐδίωκον
776 4683 992 4744 τούτους
1021 4684 1297 4753 ἀκρατῶς.
1336 4681 1485 4735 Ἐπεὶ
1507 4682 1550 4735 δ’
1584 4681 1767 4736 ἱκανὸν

218 4778 463 4847 διάστημα
510 4776 731 4837 τούτους
783 4777 929 4845 ἐιῖιρα
972 4777 1268 4836 διώκοντας
1299 4780 1325 4830 ὁ
1357 4776 1766 4847 αὐτοκράτωρ,

219 4868 377 4929 δεδιὼς
411 4871 484 4939 μὴ
510 4866 777 4937 λοχῶντές
822 4884 962 4929 τινες
1008 4867 1289 4935 αἰφνιδίως
1340 4868 1765 4929 ἐπεισπεσόντες

220 4964 312 5025 τοῖς
353 4961 641 5031 Ῥωμαίοις
662 4959 1025 5028 παλίντροπον
1065 4960 1163 5029 τὴν
1184 4959 1297 5011 τῶν
1330 4959 1553 5012 Σκυθῶν
1583 4962 1763 5030 φυγὴν

220 5054 651 5123 ἀπεργάσωνται,
703 5050 801 5104 καὶ
858 5049 1247 5119 προστεθέντες
1300 5049 1512 5113 τούτοις
1571 5051 1664 5103 καὶ
1713 5051 1765 5103 οἱ

221 5145 519 5211 φεύγοντες,
574 5144 717 5213 μέγα
764 5139 1045 5215 τὸοδεινδν
1093 5143 1159 5212 τῇ
1208 5140 1485 5213 Ῥωμαῖκῇ
1537 5144 1765 5213 στρατιᾷ

222 5232 495 5297 ἐπάξωσιν,
554 5230 815 5292 ἱππασίας
871 5229 1080 5292 πυκνὰς
1135 5229 1483 5299 ποιούμενος,
1544 5233 1766 5284 ἀνασει-

223 5324 384 5391 ράζειν
424 5326 548 5387 τοὺς
586 5322 838 5393 χαλινοὺς
882 5322 977 5374 καὶ
1029 5322 1154 5384 τοὺς
1190 5322 1390 5382 ἵππους
1428 5322 1762 5392 ἀναψύχειν,

225 5418 315 5479 τοῖς
365 5415 721 5487 στρατιώταις
771 5413 1043 5468 ἐκέλευεν.
1084 5412 1240 5466 Οὕτω
1290 5413 1420 5481 γοῦν
1475 5416 1615 5467 κατὰ
1664 5416 1762 5485 τὴν

1876 4508 2198 4562 quacunque
2255 4506 2407 4561 parte
2444 4493 2638 4547 vulnus
2679 4509 2851 4564 equus
2888 4504 3191 4563 acceperat,
3231 4494 3282 4547 in
3327 4508 3446 4547 eam

1876 4585 2182 4640 necessario
2211 4585 2519 4639 claudicans
2564 4586 2891 4640 exscendere
2927 4588 3153 4657 cogehat
3185 4587 3445 4653 equitem,

1877 4678 1978 4731 nisi
2040 4691 2227 4731 secum
2263 4675 2526 4730 afﬂictum
2583 4677 2833 4731 trahebat
2887 4677 2938 4731 in
2965 4692 3171 4732 casum.
3230 4676 3448 4746 Strages
3492 4732 3495 4733 ν

1876 4785 2003 4839 ergo
2038 4772 2196 4823 Iiebat
2221 4770 2459 4823 virorum
2503 4783 2897 4840 equorumque,
2935 4769 2989 4823 in
3017 4784 3241 4824 acervos
3267 4784 3325 4824 se
3355 4785 3437 4822 cu.

1877 4864 2089 4918 mulans
2116 4874 2399 4934 grassante
2422 4864 2635 4919 assidue
2663 4864 2921 4933 pernicie,
2950 4880 3055 4919 non
3081 4865 3240 4919 modo
3268 4865 3442 4919 incur-

1875 4970 1935 5009 su
1981 4955 2435 5023 prtecipitantium
2472 4964 2745 5022 rotarum,
2777 4954 2873 5010 sed
2900 4954 3012 5021 jam
3052 4956 3213 5009 etiam
3262 4968 3446 5010 mutuo

1876 5049 2033 5101 allisu
2066 5046 2428 5116 impulsuque,
2485 5046 2614 5100 dum
2654 5047 2744 5115 qui
2804 5057 2932 5101 rota:
2979 5048 3451 5115 ruentisincursu,

1874 5142 2152 5205 sternitur,
2177 5140 2427 5195 comitem
2454 5149 2507 5194 et
2533 5140 2955 5194 commilitonem
2981 5154 3138 5194 suum
3176 5141 3318 5195 mole
3346 5158 3442 5197 sua

1876 5232 1927 5285 in
1958 5247 2144 5287 casum
2186 5246 2529 5287 communem
2575 5231 2775 5301 abripit
2808 5245 2823 5283 :
2853 5245 2915 5285 ac
2944 5246 3012 5287 ne
3046 5232 3099 5286 in
3144 5232 3246 5288 hoc
3291 5235 3445 5288 ruina

1873 5328 2036 5393 sistit,
2062 5326 2156 5380 sed
2190 5326 2257 5380 ab
2290 5341 2395 5380 uno
2423 5339 2678 5393 percusso
2710 5326 2801 5378 toti
2829 5326 3046 5381 ordines
3070 5341 3286 5398 pessum
3330 5339 3435 5384 tru-

1876 5420 2102 5482 duntur,
2134 5425 2188 5472 et
2214 5416 2476 5472 Romanis
2509 5430 2645 5472 nova
2679 5415 2937 5473 felicitate
2976 5418 3088 5489 ipsa
3116 5417 3439 5491 Scytharum

1231 5572 1441 5635 VaritB
1479 5573 1793 5635 lectiones
1840 5593 1915 5635 ex
1945 5574 2091 5637 cod.
2124 5574 2395 5636 Coislin.

279 5705 321 5738 ⁸¹
362 5707 684 5771 ἀνοίξαντες.
786 5705 836 5739 ⁸³
874 5705 1004 5756 τῶν.
1118 5710 1164 5738 ⁸⁸
1214 5703 1529 5770 φαλάγγιον.

1634 5705 1679 5736 ⁸⁸
1713 5705 2059 5774 ἀφελόμενοι.

2167 5705 2212 5738 ⁸⁸
2250 5702 2482 5777 τροχῶν.
2593 5707 2639 5741 ⁸⁷
2691 5709 3085 5783 σφοδροτάτην.
3184 5707 3229 5744 ⁸⁸
3261 5708 3440 5781 βάρει.

228 5776 259 5806 θ’
284 5775 453 5833 τόπου.
525 5777 570 5813 ’⁸
610 5775 677 5830 τὰ
712 5774 966 5844 βάρόιρα
986 5774 1300 5828 ἀνέπιπτον.
1378 5774 1417 5805 ’³
1448 5773 1711 5838 ἐδέξκντοι
1790 5778 1834 5809 ’³
1864 5773 1979 5845 τήν·
