  <div class='ocr_page' id='page_1' title='image "/cluster/home/n/w/nwhite01/storage/ocr_20150623/131/hvd.32044019208263/317.png"; bbox 0 0 3798 6628; ppageno 0'>
   <div class='ocr_carea' id='block_1_1' title="bbox 384 347 490 412">
    <p class='ocr_par' dir='ltr' id='par_1_1' title="bbox 384 347 490 412">
     <span class='ocr_line' id='line_1_1' title="bbox 384 347 490 412; baseline 0.038 -5"><span class='ocrx_word' id='word_1_1' title='bbox 384 347 490 412; x_wconf 72' lang='lat'><strong>599</strong></span> 
     </span>
    </p>
   </div>
   <div class='ocr_carea' id='block_1_2' title="bbox 1682 353 1960 420">
    <p class='ocr_par' dir='ltr' id='par_1_2' title="bbox 1682 353 1960 414">
     <span class='ocr_line' id='line_1_2' title="bbox 1682 353 1960 414; baseline -0.004 -2"><span class='ocrx_word' id='word_1_2' title='bbox 1682 353 1908 414; x_wconf 66' lang='lat' dir='ltr'><strong>ANNA!</strong></span> <span class='ocrx_word' id='word_1_3' title='bbox 1948 362 1960 411; x_wconf 81' lang='lat' dir='ltr'><strong>t</strong></span> 
     </span>
    </p>
   </div>
   <div class='ocr_carea' id='block_1_3' title="bbox 2064 353 3602 420">
    <p class='ocr_par' dir='ltr' id='par_1_3' title="bbox 2064 354 3602 420">
     <span class='ocr_line' id='line_1_3' title="bbox 2064 354 3602 420; baseline -0.005 -7"><span class='ocrx_word' id='word_1_4' title='bbox 2064 354 2327 415; x_wconf 74' lang='lat' dir='ltr'><strong>dNEN.E</strong></span> <span class='ocrx_word' id='word_1_5' title='bbox 2383 387 2386 400; x_wconf 73' lang='grc' dir='ltr'>ι</span> <span class='ocrx_word' id='word_1_6' title='bbox 3515 358 3602 420; x_wconf 71' lang='grc' dir='ltr'><strong>δυο</strong></span> 
     </span>
    </p>
   </div>
   <div class='ocr_carea' id='block_1_4' title="bbox 380 452 1960 542">
    <p class='ocr_par' dir='ltr' id='par_1_4' title="bbox 380 452 1944 532">
     <span class='ocr_line' id='line_1_4' title="bbox 380 452 1944 532; baseline 0.001 -16"><span class='ocrx_word' id='word_1_7' title='bbox 380 475 609 531; x_wconf 85' lang='lat' dir='ltr'><strong>corpora</strong></span> <span class='ocrx_word' id='word_1_8' title='bbox 637 461 690 516; x_wconf 91' lang='lat' dir='ltr'><strong>in</strong></span> <span class='ocrx_word' id='word_1_9' title='bbox 733 459 963 530; x_wconf 99' lang='lat' dir='ltr'><strong>Scythas</strong></span> <span class='ocrx_word' id='word_1_10' title='bbox 993 460 1164 515; x_wconf 80' lang='lat' dir='ltr'><strong>vicem</strong></span> <span class='ocrx_word' id='word_1_11' title='bbox 1199 460 1425 515; x_wconf 91' lang='lat' dir='ltr'><strong>telorum</strong></span> <span class='ocrx_word' id='word_1_12' title='bbox 1458 461 1757 532; x_wconf 78' lang='lat' dir='ltr'><strong>iungentia,</strong></span> <span class='ocrx_word' id='word_1_13' title='bbox 1802 452 1944 518; x_wconf 79' lang='lat' dir='ltr'><strong>mili-</strong></span> 
     </span>
    </p>
   </div>
   <div class='ocr_carea' id='block_1_5' title="bbox 2064 452 3602 542">
    <p class='ocr_par' dir='ltr' id='par_1_5' title="bbox 2064 462 3602 535">
     <span class='ocr_line' id='line_1_5' title="bbox 2064 462 3602 535; baseline 0.001 -17"><span class='ocrx_word' id='word_1_14' title='bbox 2064 464 2262 535; x_wconf 67' lang='grc' dir='ltr'><strong>ιιμέξραν</strong></span> <span class='ocrx_word' id='word_1_15' title='bbox 2299 464 2516 534; x_wconf 78' lang='grc' dir='ltr'>ἐκείνην</span> <span class='ocrx_word' id='word_1_16' title='bbox 2566 463 2733 533; x_wconf 74' lang='grc' dir='ltr'><strong>ἄμφω</strong></span> <span class='ocrx_word' id='word_1_17' title='bbox 2769 462 3064 534; x_wconf 75' lang='grc' dir='ltr'><strong>διαστήτην</strong></span> <span class='ocrx_word' id='word_1_18' title='bbox 3109 463 3174 518; x_wconf 78' lang='grc' dir='ltr'>τὰ</span> <span class='ocrx_word' id='word_1_19' title='bbox 3214 465 3602 533; x_wconf 76' lang='grc' dir='ltr'>στρατεύματα.</span> 
     </span>
    </p>
   </div>
   <div class='ocr_carea' id='block_1_6' title="bbox 377 553 1944 620">
    <p class='ocr_par' dir='ltr' id='par_1_6' title="bbox 377 553 1944 620">
     <span class='ocr_line' id='line_1_6' title="bbox 377 553 1944 620; baseline 0.002 -13"><span class='ocrx_word' id='word_1_20' title='bbox 377 563 516 608; x_wconf 88' lang='lat' dir='ltr'><strong>tant.</strong></span> <span class='ocrx_word' id='word_1_21' title='bbox 543 555 870 608; x_wconf 88' lang='lat' dir='ltr'><strong>Cooriuntur</strong></span> <span class='ocrx_word' id='word_1_22' title='bbox 897 554 1038 609; x_wconf 88' lang='lat' dir='ltr'><strong>inter</strong></span> <span class='ocrx_word' id='word_1_23' title='bbox 1071 555 1186 609; x_wconf 79' lang='lat' dir='ltr'><strong>haec</strong></span> <span class='ocrx_word' id='word_1_24' title='bbox 1215 553 1280 607; x_wconf 86' lang='lat' dir='ltr'><strong>ab</strong></span> <span class='ocrx_word' id='word_1_25' title='bbox 1311 564 1540 620; x_wconf 83' lang='lat' dir='ltr'><strong>utroque</strong></span> <span class='ocrx_word' id='word_1_26' title='bbox 1577 555 1744 611; x_wconf 85' lang='lat' dir='ltr'><strong>latere</strong></span> <span class='ocrx_word' id='word_1_27' title='bbox 1777 557 1944 611; x_wconf 81' lang='lat' dir='ltr'><strong>uosu-i</strong></span> 
     </span>
    </p>
   </div>
   <div class='ocr_carea' id='block_1_7' title="bbox 380 643 1949 717">
    <p class='ocr_par' dir='ltr' id='par_1_7' title="bbox 380 643 1949 717">
     <span class='ocr_line' id='line_1_7' title="bbox 380 643 1949 717; baseline 0.002 -19"><span class='ocrx_word' id='word_1_28' title='bbox 380 643 745 714; x_wconf 76' lang='lat' dir='ltr'><strong>barbarosque</strong></span> <span class='ocrx_word' id='word_1_29' title='bbox 812 645 1100 712; x_wconf 84' lang='lat' dir='ltr'><strong>impeditos</strong></span> <span class='ocrx_word' id='word_1_30' title='bbox 1143 655 1196 699; x_wconf 88' lang='lat' dir='ltr'><strong>et</strong></span> <span class='ocrx_word' id='word_1_31' title='bbox 1253 647 1559 715; x_wconf 89' lang='lat' dir='ltr'><strong>perculsos,</strong></span> <span class='ocrx_word' id='word_1_32' title='bbox 1602 663 1705 716; x_wconf 83' lang='lat' dir='ltr'><strong>qua</strong></span> <span class='ocrx_word' id='word_1_33' title='bbox 1762 649 1949 717; x_wconf 84' lang='lat' dir='ltr'><strong>procul</strong></span> 
     </span>
    </p>
   </div>
   <div class='ocr_carea' id='block_1_8' title="bbox 383 734 1948 805">
    <p class='ocr_par' dir='ltr' id='par_1_8' title="bbox 383 734 1948 805">
     <span class='ocr_line' id='line_1_8' title="bbox 383 734 1948 805; baseline 0.002 -17"><span class='ocrx_word' id='word_1_34' title='bbox 383 734 717 804; x_wconf 86' lang='lat' dir='ltr'><strong>ejaculandis</strong></span> <span class='ocrx_word' id='word_1_35' title='bbox 757 736 986 805; x_wconf 85' lang='lat' dir='ltr'><strong>sagittis,</strong></span> <span class='ocrx_word' id='word_1_36' title='bbox 1015 752 1120 805; x_wconf 90' lang='lat' dir='ltr'><strong>qua</strong></span> <span class='ocrx_word' id='word_1_37' title='bbox 1153 737 1400 791; x_wconf 89' lang='lat' dir='ltr'><strong>cominus</strong></span> <span class='ocrx_word' id='word_1_38' title='bbox 1433 737 1687 794; x_wconf 80' lang='lat' dir='ltr'><strong>fodiendo</strong></span> <span class='ocrx_word' id='word_1_39' title='bbox 1726 753 1820 792; x_wconf 89' lang='lat' dir='ltr'><strong>eos</strong></span> <span class='ocrx_word' id='word_1_40' title='bbox 1867 739 1948 792; x_wconf 89' lang='lat' dir='ltr'><strong>iu-</strong></span> 
     </span>
    </p>
   </div>
   <div class='ocr_carea' id='block_1_9' title="bbox 2055 554 3607 628">
    <p class='ocr_par' dir='ltr' id='par_1_9' title="bbox 2055 554 3607 628">
     <span class='ocr_line' id='line_1_9' title="bbox 2055 554 3607 628; baseline -0.001 -17"><span class='ocrx_word' id='word_1_41' title='bbox 2055 559 2117 611; x_wconf 88' lang='grc' dir='ltr'><strong>Οί</strong></span> <span class='ocrx_word' id='word_1_42' title='bbox 2150 557 2249 627; x_wconf 81' lang='grc' dir='ltr'>μὲν</span> <span class='ocrx_word' id='word_1_43' title='bbox 2297 555 2402 627; x_wconf 81' lang='grc' dir='ltr'>γὰρ</span> <span class='ocrx_word' id='word_1_44' title='bbox 2437 556 2695 625; x_wconf 80' lang='grc' dir='ltr'><strong>φυγάδες,</strong></span> <span class='ocrx_word' id='word_1_45' title='bbox 2727 555 2754 608; x_wconf 87' lang='grc' dir='ltr'>ὁ</span> <span class='ocrx_word' id='word_1_46' title='bbox 2785 555 2842 610; x_wconf 81' lang='grc' dir='ltr'><strong>δὲ</strong></span> <span class='ocrx_word' id='word_1_47' title='bbox 2873 555 3128 625; x_wconf 69' lang='grc' dir='ltr'>βασιλεὺς</span> <span class='ocrx_word' id='word_1_48' title='bbox 3159 554 3369 626; x_wconf 84' lang='grc' dir='ltr'>χαίρων</span> <span class='ocrx_word' id='word_1_49' title='bbox 3402 559 3607 628; x_wconf 75' lang='grc' dir='ltr'>νικητὴς</span> 
     </span>
    </p>
   </div>
   <div class='ocr_carea' id='block_1_10' title="bbox 2053 646 3606 718">
    <p class='ocr_par' dir='ltr' id='par_1_10' title="bbox 2053 646 3606 718">
     <span class='ocr_line' id='line_1_10' title="bbox 2053 646 3606 718; baseline 0.002 -18"><span class='ocrx_word' id='word_1_50' title='bbox 2053 648 2306 718; x_wconf 76' lang='grc' dir='ltr'>λαμπρὸς</span> <span class='ocrx_word' id='word_1_51' title='bbox 2359 646 2497 717; x_wconf 72' lang='grc' dir='ltr'>πρὸς</span> <span class='ocrx_word' id='word_1_52' title='bbox 2523 649 2620 716; x_wconf 82' lang='grc' dir='ltr'>τὴν</span> <span class='ocrx_word' id='word_1_53' title='bbox 2655 646 2792 699; x_wconf 75' lang='grc' dir='ltr'>ἰδίαν</span> <span class='ocrx_word' id='word_1_54' title='bbox 2829 646 3182 718; x_wconf 78' lang='grc' dir='ltr'>παρεμϐολὴν</span> <span class='ocrx_word' id='word_1_55' title='bbox 3216 648 3513 703; x_wconf 75' lang='grc' dir='ltr'>ἐπάνεισιν.</span> <span class='ocrx_word' id='word_1_56' title='bbox 3551 652 3606 703; x_wconf 91' lang='grc' dir='ltr'><strong>Οί</strong></span> 
     </span>
    </p>
   </div>
   <div class='ocr_carea' id='block_1_11' title="bbox 2052 735 3606 809">
    <p class='ocr_par' dir='ltr' id='par_1_11' title="bbox 2052 735 3606 809">
     <span class='ocr_line' id='line_1_11' title="bbox 2052 735 3606 809; baseline 0.001 -17"><span class='ocrx_word' id='word_1_57' title='bbox 2052 741 2109 792; x_wconf 75' lang='grc' dir='ltr'>δὲ</span> <span class='ocrx_word' id='word_1_58' title='bbox 2183 738 2388 792; x_wconf 78' lang='grc' dir='ltr'><strong>Σκύθαι</strong></span> <span class='ocrx_word' id='word_1_59' title='bbox 2454 738 2801 809; x_wconf 78' lang='grc' dir='ltr'>κατακρατος</span> <span class='ocrx_word' id='word_1_60' title='bbox 2856 735 3185 808; x_wconf 76' lang='grc' dir='ltr'>ἡττηθέντες</span> <span class='ocrx_word' id='word_1_61' title='bbox 3262 735 3465 807; x_wconf 76' lang='grc' dir='ltr'>μεταξὺ</span> <span class='ocrx_word' id='word_1_62' title='bbox 3525 740 3606 794; x_wconf 74' lang='grc' dir='ltr'>τοῦ</span> 
     </span>
    </p>
   </div>
   <div class='ocr_carea' id='block_1_12' title="bbox 382 826 1960 902">
    <p class='ocr_par' dir='ltr' id='par_1_12' title="bbox 382 826 1947 884">
     <span class='ocr_line' id='line_1_12' title="bbox 382 826 1947 884; baseline 0.003 -5"><span class='ocrx_word' id='word_1_63' title='bbox 382 828 534 881; x_wconf 86' lang='lat' dir='ltr'><strong>testis</strong></span> <span class='ocrx_word' id='word_1_64' title='bbox 576 826 743 880; x_wconf 86' lang='lat' dir='ltr'><strong>hastis</strong></span> <span class='ocrx_word' id='word_1_65' title='bbox 795 829 966 881; x_wconf 83' lang='lat' dir='ltr'><strong>Otiose</strong></span> <span class='ocrx_word' id='word_1_66' title='bbox 1024 827 1338 882; x_wconf 88' lang='lat' dir='ltr'><strong>concidunt.</strong></span> <span class='ocrx_word' id='word_1_67' title='bbox 1390 828 1500 883; x_wconf 85' lang='lat' dir='ltr'><strong>Nec</strong></span> <span class='ocrx_word' id='word_1_68' title='bbox 1547 830 1659 883; x_wconf 90' lang='lat' dir='ltr'><strong>sola</strong></span> <span class='ocrx_word' id='word_1_69' title='bbox 1709 839 1947 884; x_wconf 88' lang='lat' dir='ltr'><strong>rotarum</strong></span> 
     </span>
    </p>
   </div>
   <div class='ocr_carea' id='block_1_13' title="bbox 2064 826 3607 902">
    <p class='ocr_par' dir='ltr' id='par_1_13' title="bbox 2064 828 3607 902">
     <span class='ocr_line' id='line_1_13' title="bbox 2064 828 3607 902; baseline 0.002 -20"><span class='ocrx_word' id='word_1_70' title='bbox 2064 829 2506 900; x_wconf 71' lang='grc' dir='ltr'>Βουλγαροφύγου</span> <span class='ocrx_word' id='word_1_71' title='bbox 2539 828 2632 882; x_wconf 75' lang='grc' dir='ltr'><strong>καὶ</strong></span> <span class='ocrx_word' id='word_1_72' title='bbox 2656 829 2753 898; x_wconf 76' lang='grc' dir='ltr'><strong>τῆς</strong></span> <span class='ocrx_word' id='word_1_73' title='bbox 2792 829 2997 900; x_wconf 80' lang='grc' dir='ltr'>μικρᾶς</span> <span class='ocrx_word' id='word_1_74' title='bbox 3026 828 3264 892; x_wconf 80' lang='grc' dir='ltr'><strong>Νικαίας</strong></span> <span class='ocrx_word' id='word_1_75' title='bbox 3294 829 3394 892; x_wconf 73' lang='grc' dir='ltr'><strong>τὰς</strong></span> <span class='ocrx_word' id='word_1_76' title='bbox 3423 833 3607 902; x_wconf 74' lang='grc' dir='ltr'>σκηνὰς</span> 
     </span>
    </p>
   </div>
   <div class='ocr_carea' id='block_1_14' title="bbox 379 918 2380 991">
    <p class='ocr_par' dir='ltr' id='par_1_14' title="bbox 379 918 2380 991">
     <span class='ocr_line' id='line_1_14' title="bbox 379 918 2380 991; baseline 0.003 -21"><span class='ocrx_word' id='word_1_77' title='bbox 379 918 888 988; x_wconf 87' lang='lat' dir='ltr'><strong>impellentiumque</strong></span> <span class='ocrx_word' id='word_1_78' title='bbox 921 933 1208 988; x_wconf 84' lang='lat' dir='ltr'><strong>corporum</strong></span> <span class='ocrx_word' id='word_1_79' title='bbox 1237 919 1520 974; x_wconf 81' lang='lat' dir='ltr'><strong>calamitas</strong></span> <span class='ocrx_word' id='word_1_80' title='bbox 1555 918 1655 974; x_wconf 89' lang='lat' dir='ltr'><strong>fuit</strong></span> <span class='ocrx_word' id='word_1_81' title='bbox 1681 936 1695 985; x_wconf 93' lang='lat'><strong>;</strong></span> <span class='ocrx_word' id='word_1_82' title='bbox 1720 921 1951 974; x_wconf 87' lang='lat' dir='ltr'><strong>accessit</strong></span> <span class='ocrx_word' id='word_1_83' title='bbox 2052 922 2380 991; x_wconf 74' lang='grc' dir='ltr'>ἐπήγνυντο.</span> 
     </span>
    </p>
   </div>
   <div class='ocr_carea' id='block_1_15' title="bbox 377 1011 3603 1086">
    <p class='ocr_par' dir='ltr' id='par_1_15' title="bbox 377 1011 3603 1086">
     <span class='ocr_line' id='line_1_15' title="bbox 377 1011 3603 1086; baseline 0.002 -21"><span class='ocrx_word' id='word_1_84' title='bbox 377 1011 434 1065; x_wconf 82' lang='lat' dir='ltr'><strong>in</strong></span> <span class='ocrx_word' id='word_1_85' title='bbox 462 1023 669 1082; x_wconf 87' lang='lat' dir='ltr'><strong>partem</strong></span> <span class='ocrx_word' id='word_1_86' title='bbox 712 1012 882 1068; x_wconf 83' lang='lat' dir='ltr'><strong>cladis</strong></span> <span class='ocrx_word' id='word_1_87' title='bbox 921 1020 1136 1068; x_wconf 78' lang='lat' dir='ltr'><strong>torrens</strong></span> <span class='ocrx_word' id='word_1_88' title='bbox 1168 1013 1305 1066; x_wconf 91' lang='lat' dir='ltr'><strong>unda</strong></span> <span class='ocrx_word' id='word_1_89' title='bbox 1335 1011 1621 1082; x_wconf 87' lang='lat' dir='ltr'><strong>propinqui</strong></span> <span class='ocrx_word' id='word_1_90' title='bbox 1663 1013 1858 1079; x_wconf 89' lang='lat' dir='ltr'><strong>amnis,</strong></span> <span class='ocrx_word' id='word_1_91' title='bbox 1892 1013 1944 1067; x_wconf 91' lang='lat' dir='ltr'><strong>in</strong></span> <span class='ocrx_word' id='word_1_92' title='bbox 1986 1029 2145 1084; x_wconf 84' lang='lat' dir='ltr'><strong>quem</strong></span> <span class='ocrx_word' id='word_1_93' title='bbox 2169 1013 2321 1069; x_wconf 84' lang='lat' dir='ltr'><strong>inulti</strong></span> <span class='ocrx_word' id='word_1_94' title='bbox 2355 1021 2653 1070; x_wconf 86' lang='lat' dir='ltr'><strong>rotatornm</strong></span> <span class='ocrx_word' id='word_1_95' title='bbox 2679 1028 2911 1084; x_wconf 83' lang='lat' dir='ltr'><strong>superne</strong></span> <span class='ocrx_word' id='word_1_96' title='bbox 2933 1015 3114 1068; x_wconf 78' lang='lat' dir='ltr'><strong>axium</strong></span> <span class='ocrx_word' id='word_1_97' title='bbox 3170 1015 3315 1069; x_wconf 87' lang='lat' dir='ltr'><strong>mole</strong></span> <span class='ocrx_word' id='word_1_98' title='bbox 3365 1024 3603 1086; x_wconf 80' lang='lat' dir='ltr'><strong>motuque</strong></span> 
     </span>
    </p>
   </div>
   <div class='ocr_carea' id='block_1_16' title="bbox 329 1100 3610 1182">
    <p class='ocr_par' dir='ltr' id='par_1_16' title="bbox 329 1100 3610 1182">
     <span class='ocr_line' id='line_1_16' title="bbox 329 1100 3610 1182; baseline 0.003 -28"><span class='ocrx_word' id='word_1_99' title='bbox 329 1152 332 1154; x_wconf 84' lang='lat'><strong>.</strong></span> <span class='ocrx_word' id='word_1_100' title='bbox 380 1105 614 1172; x_wconf 73' lang='lat' dir='ltr'><strong>correpti</strong></span> <span class='ocrx_word' id='word_1_101' title='bbox 663 1105 879 1159; x_wconf 86' lang='lat' dir='ltr'><strong>barbari</strong></span> <span class='ocrx_word' id='word_1_102' title='bbox 922 1107 1190 1160; x_wconf 87' lang='lat' dir='ltr'><strong>submersi</strong></span> <span class='ocrx_word' id='word_1_103' title='bbox 1235 1116 1379 1160; x_wconf 85' lang='lat' dir='ltr'><strong>sunt.</strong></span> <span class='ocrx_word' id='word_1_104' title='bbox 1446 1104 1714 1160; x_wconf 84' lang='lat' dir='ltr'><strong>Postridie</strong></span> <span class='ocrx_word' id='word_1_105' title='bbox 1763 1106 2030 1162; x_wconf 82' lang='lat' dir='ltr'><strong>‘residuos</strong></span> <span class='ocrx_word' id='word_1_106' title='bbox 2070 1106 2296 1176; x_wconf 79' lang='lat' dir='ltr'><strong>Scythas</strong></span> <span class='ocrx_word' id='word_1_107' title='bbox 2337 1118 2582 1177; x_wconf 85' lang='lat' dir='ltr'><strong>repetere</strong></span> <span class='ocrx_word' id='word_1_108' title='bbox 2616 1100 2858 1178; x_wconf 65' lang='lat' dir='ltr'><strong>praelium</strong></span> <span class='ocrx_word' id='word_1_109' title='bbox 2903 1108 3039 1163; x_wconf 86' lang='lat' dir='ltr'><strong>velle</strong></span> <span class='ocrx_word' id='word_1_110' title='bbox 3075 1108 3421 1177; x_wconf 83' lang='lat' dir='ltr'><strong>conspicatus</strong></span> <span class='ocrx_word' id='word_1_111' title='bbox 3458 1110 3610 1182; x_wconf 84' lang='lat' dir='ltr'><strong>impe.</strong></span> 
     </span>
    </p>
   </div>
   <div class='ocr_carea' id='block_1_17' title="bbox 391 1198 3604 1271">
    <p class='ocr_par' dir='ltr' id='par_1_17' title="bbox 391 1198 3604 1271">
     <span class='ocr_line' id='line_1_17' title="bbox 391 1198 3604 1271; baseline 0.001 -18"><span class='ocrx_word' id='word_1_112' title='bbox 391 1209 560 1264; x_wconf 88' lang='lat' dir='ltr'><strong>rator,</strong></span> <span class='ocrx_word' id='word_1_113' title='bbox 592 1214 719 1254; x_wconf 90' lang='lat' dir='ltr'><strong>suos</strong></span> <span class='ocrx_word' id='word_1_114' title='bbox 753 1211 806 1256; x_wconf 91' lang='lat' dir='ltr'><strong>et</strong></span> <span class='ocrx_word' id='word_1_115' title='bbox 842 1200 953 1271; x_wconf 88' lang='lat' dir='ltr'><strong>ipse</strong></span> <span class='ocrx_word' id='word_1_116' title='bbox 985 1202 1187 1256; x_wconf 85' lang='lat' dir='ltr'><strong>recenti</strong></span> <span class='ocrx_word' id='word_1_117' title='bbox 1222 1215 1476 1256; x_wconf 54' lang='lat' dir='ltr'><strong>successu</strong></span> <span class='ocrx_word' id='word_1_118' title='bbox 1501 1199 1733 1256; x_wconf 81' lang='lat' dir='ltr'><strong>audaces</strong></span> <span class='ocrx_word' id='word_1_119' title='bbox 1760 1201 1962 1255; x_wconf 89' lang='lat' dir='ltr'><strong>armari</strong></span> <span class='ocrx_word' id='word_1_120' title='bbox 1999 1216 2063 1256; x_wconf 90' lang='lat' dir='ltr'><strong>ac</strong></span> <span class='ocrx_word' id='word_1_121' title='bbox 2100 1213 2284 1255; x_wconf 90' lang='lat' dir='ltr'><strong>contra</strong></span> <span class='ocrx_word' id='word_1_122' title='bbox 2323 1202 2732 1271; x_wconf 87' lang='lat' dir='ltr'><strong>prodirejubet;</strong></span> <span class='ocrx_word' id='word_1_123' title='bbox 2767 1211 2823 1256; x_wconf 91' lang='lat' dir='ltr'><strong>et</strong></span> <span class='ocrx_word' id='word_1_124' title='bbox 2862 1202 2916 1256; x_wconf 91' lang='lat' dir='ltr'><strong>in</strong></span> <span class='ocrx_word' id='word_1_125' title='bbox 2966 1201 3083 1271; x_wconf 88' lang='lat' dir='ltr'><strong>ipsa</strong></span> <span class='ocrx_word' id='word_1_126' title='bbox 3116 1198 3429 1256; x_wconf 84' lang='lat' dir='ltr'><strong>declivitate</strong></span> <span class='ocrx_word' id='word_1_127' title='bbox 3489 1201 3604 1258; x_wconf 71' lang='lat' dir='ltr'><strong>aciei</strong></span> 
     </span>
    </p>
   </div>
   <div class='ocr_carea' id='block_1_18' title="bbox 381 1292 3606 1365">
    <p class='ocr_par' dir='ltr' id='par_1_18' title="bbox 381 1292 3606 1365">
     <span class='ocr_line' id='line_1_18' title="bbox 381 1292 3606 1365; baseline 0.002 -21"><span class='ocrx_word' id='word_1_128' title='bbox 381 1292 608 1345; x_wconf 82' lang='lat' dir='ltr'><strong>formam</strong></span> <span class='ocrx_word' id='word_1_129' title='bbox 646 1295 733 1348; x_wconf 82' lang='lat' dir='ltr'><strong>tibi</strong></span> <span class='ocrx_word' id='word_1_130' title='bbox 767 1310 830 1347; x_wconf 81' lang='lat' dir='ltr'><strong>ex</strong></span> <span class='ocrx_word' id='word_1_131' title='bbox 861 1303 976 1347; x_wconf 87' lang='lat' dir='ltr'><strong>arte</strong></span> <span class='ocrx_word' id='word_1_132' title='bbox 1011 1292 1316 1361; x_wconf 85' lang='lat' dir='ltr'><strong>descripsit,</strong></span> <span class='ocrx_word' id='word_1_133' title='bbox 1348 1293 1557 1363; x_wconf 87' lang='lat' dir='ltr'><strong>sibique</strong></span> <span class='ocrx_word' id='word_1_134' title='bbox 1591 1294 1642 1347; x_wconf 93' lang='lat' dir='ltr'><strong>in</strong></span> <span class='ocrx_word' id='word_1_135' title='bbox 1674 1308 1735 1348; x_wconf 89' lang='lat' dir='ltr'><strong>ea</strong></span> <span class='ocrx_word' id='word_1_136' title='bbox 1774 1295 1948 1349; x_wconf 88' lang='lat' dir='ltr'><strong>media</strong></span> <span class='ocrx_word' id='word_1_137' title='bbox 1987 1292 2162 1350; x_wconf 89' lang='lat' dir='ltr'><strong>locum</strong></span> <span class='ocrx_word' id='word_1_138' title='bbox 2189 1303 2492 1365; x_wconf 84' lang='lat' dir='ltr'><strong>pugnaturo</strong></span> <span class='ocrx_word' id='word_1_139' title='bbox 2513 1293 2762 1363; x_wconf 88' lang='lat' dir='ltr'><strong>sumpsit,</strong></span> <span class='ocrx_word' id='word_1_140' title='bbox 2799 1302 3015 1347; x_wconf 80' lang='lat' dir='ltr'><strong>vertant</strong></span> <span class='ocrx_word' id='word_1_141' title='bbox 3048 1293 3100 1346; x_wconf 93' lang='lat' dir='ltr'><strong>in</strong></span> <span class='ocrx_word' id='word_1_142' title='bbox 3163 1293 3380 1346; x_wconf 88' lang='lat' dir='ltr'><strong>hostem</strong></span> <span class='ocrx_word' id='word_1_143' title='bbox 3429 1294 3606 1361; x_wconf 78' lang='lat' dir='ltr'><strong>vultus,</strong></span> 
     </span>
    </p>
   </div>
   <div class='ocr_carea' id='block_1_19' title="bbox 379 1386 3605 1462">
    <p class='ocr_par' dir='ltr' id='par_1_19' title="bbox 379 1386 3605 1462">
     <span class='ocr_line' id='line_1_19' title="bbox 379 1386 3605 1462; baseline 0.001 -24"><span class='ocrx_word' id='word_1_144' title='bbox 379 1403 722 1459; x_wconf 70' lang='lat' dir='ltr'><strong>pugnamque</strong></span> <span class='ocrx_word' id='word_1_145' title='bbox 740 1405 864 1443; x_wconf 90' lang='lat' dir='ltr'><strong>cum</strong></span> <span class='ocrx_word' id='word_1_146' title='bbox 893 1389 1136 1444; x_wconf 84' lang='lat' dir='ltr'><strong>adversis</strong></span> <span class='ocrx_word' id='word_1_147' title='bbox 1161 1397 1468 1456; x_wconf 77' lang='lat' dir='ltr'><strong>capessant,</strong></span> <span class='ocrx_word' id='word_1_148' title='bbox 1497 1387 1658 1442; x_wconf 87' lang='lat' dir='ltr'><strong>edicit</strong></span> <span class='ocrx_word' id='word_1_149' title='bbox 1677 1389 1812 1444; x_wconf 89' lang='lat' dir='ltr'><strong>suis.</strong></span> <span class='ocrx_word' id='word_1_150' title='bbox 1835 1389 1945 1444; x_wconf 89' lang='lat' dir='ltr'><strong>Nec</strong></span> <span class='ocrx_word' id='word_1_151' title='bbox 1986 1404 2149 1459; x_wconf 61' lang='lat' dir='ltr'><strong>penes</strong></span> <span class='ocrx_word' id='word_1_152' title='bbox 2185 1391 2415 1462; x_wconf 81' lang='lat' dir='ltr'><strong>Scythas</strong></span> <span class='ocrx_word' id='word_1_153' title='bbox 2445 1405 2595 1445; x_wconf 87' lang='lat' dir='ltr'><strong>mora</strong></span> <span class='ocrx_word' id='word_1_154' title='bbox 2623 1388 2751 1456; x_wconf 88' lang='lat' dir='ltr'><strong>fuit;</strong></span> <span class='ocrx_word' id='word_1_155' title='bbox 2796 1387 3056 1446; x_wconf 86' lang='lat' dir='ltr'><strong>miscetur</strong></span> <span class='ocrx_word' id='word_1_156' title='bbox 3129 1386 3385 1456; x_wconf 75' lang='lat' dir='ltr'><strong>prtelium</strong></span> <span class='ocrx_word' id='word_1_157' title='bbox 3452 1396 3605 1445; x_wconf 81' lang='lat' dir='ltr'><strong>atrox.</strong></span> 
     </span>
    </p>
   </div>
   <div class='ocr_carea' id='block_1_20' title="bbox 383 1480 3603 1555">
    <p class='ocr_par' dir='ltr' id='par_1_20' title="bbox 383 1480 3603 1555">
     <span class='ocr_line' id='line_1_20' title="bbox 383 1480 3603 1555; baseline -0.001 -16"><span class='ocrx_word' id='word_1_158' title='bbox 383 1485 619 1539; x_wconf 72' lang='lat' dir='ltr'><strong>Vincunt</strong></span> <span class='ocrx_word' id='word_1_159' title='bbox 649 1493 843 1554; x_wconf 77' lang='lat' dir='ltr'><strong>przeter</strong></span> <span class='ocrx_word' id='word_1_160' title='bbox 919 1497 1067 1552; x_wconf 85' lang='lat' dir='ltr'><strong>spem</strong></span> <span class='ocrx_word' id='word_1_161' title='bbox 1103 1482 1359 1538; x_wconf 79' lang='lat' dir='ltr'><strong>Romanae</strong></span> <span class='ocrx_word' id='word_1_162' title='bbox 1407 1481 1731 1550; x_wconf 81' lang='lat' dir='ltr'><strong>phalanges,</strong></span> <span class='ocrx_word' id='word_1_163' title='bbox 1782 1482 2153 1555; x_wconf 80' lang='lat' dir='ltr'><strong>barbarosque</strong></span> <span class='ocrx_word' id='word_1_164' title='bbox 2218 1484 2271 1538; x_wconf 93' lang='lat' dir='ltr'><strong>in</strong></span> <span class='ocrx_word' id='word_1_165' title='bbox 2335 1483 2514 1555; x_wconf 83' lang='lat' dir='ltr'><strong>fugam</strong></span> <span class='ocrx_word' id='word_1_166' title='bbox 2550 1484 2921 1539; x_wconf 87' lang='lat' dir='ltr'><strong>incumbentes</strong></span> <span class='ocrx_word' id='word_1_167' title='bbox 2958 1482 3120 1551; x_wconf 89' lang='lat' dir='ltr'><strong>longo</strong></span> <span class='ocrx_word' id='word_1_168' title='bbox 3178 1480 3359 1551; x_wconf 81' lang='lat' dir='ltr'><strong>spatio</strong></span> <span class='ocrx_word' id='word_1_169' title='bbox 3420 1483 3603 1552; x_wconf 81' lang='lat' dir='ltr'><strong>magnis</strong></span> 
     </span>
    </p>
   </div>
   <div class='ocr_carea' id='block_1_21' title="bbox 381 1575 3610 1646">
    <p class='ocr_par' dir='ltr' id='par_1_21' title="bbox 381 1575 3610 1646">
     <span class='ocr_line' id='line_1_21' title="bbox 381 1575 3610 1646; baseline 0 -16"><span class='ocrx_word' id='word_1_170' title='bbox 381 1577 580 1632; x_wconf 76' lang='lat' dir='ltr'><strong>animis</strong></span> <span class='ocrx_word' id='word_1_171' title='bbox 627 1585 943 1646; x_wconf 89' lang='lat' dir='ltr'><strong>sequuntur.</strong></span> <span class='ocrx_word' id='word_1_172' title='bbox 975 1575 1232 1641; x_wconf 87' lang='lat' dir='ltr'><strong>Suspecta</strong></span> <span class='ocrx_word' id='word_1_173' title='bbox 1277 1589 1361 1627; x_wconf 63' lang='lat' dir='ltr'><strong>rus</strong></span> <span class='ocrx_word' id='word_1_174' title='bbox 1427 1576 1846 1642; x_wconf 82' lang='lat' dir='ltr'><strong>prudentissimo</strong></span> <span class='ocrx_word' id='word_1_175' title='bbox 1911 1575 2221 1645; x_wconf 87' lang='lat' dir='ltr'><strong>imperatori</strong></span> <span class='ocrx_word' id='word_1_176' title='bbox 2281 1577 2400 1642; x_wconf 83' lang='lat' dir='ltr'><strong>fuit,</strong></span> <span class='ocrx_word' id='word_1_177' title='bbox 2467 1577 2672 1632; x_wconf 90' lang='lat' dir='ltr'><strong>verenti</strong></span> <span class='ocrx_word' id='word_1_178' title='bbox 2700 1593 2763 1631; x_wconf 92' lang='lat' dir='ltr'><strong>ne</strong></span> <span class='ocrx_word' id='word_1_179' title='bbox 2817 1592 2926 1646; x_wconf 90' lang='lat' dir='ltr'><strong>quo</strong></span> <span class='ocrx_word' id='word_1_180' title='bbox 2973 1576 3115 1632; x_wconf 83' lang='lat' dir='ltr'><strong>forte</strong></span> <span class='ocrx_word' id='word_1_181' title='bbox 3166 1577 3220 1630; x_wconf 92' lang='lat' dir='ltr'><strong>in</strong></span> <span class='ocrx_word' id='word_1_182' title='bbox 3292 1576 3411 1631; x_wconf 89' lang='lat' dir='ltr'><strong>loco</strong></span> <span class='ocrx_word' id='word_1_183' title='bbox 3457 1578 3610 1632; x_wconf 84' lang='lat' dir='ltr'><strong>subsi-</strong></span> 
     </span>
    </p>
   </div>
   <div class='ocr_carea' id='block_1_22' title="bbox 383 1665 3609 1741">
    <p class='ocr_par' dir='ltr' id='par_1_22' title="bbox 383 1665 3609 1741">
     <span class='ocr_line' id='line_1_22' title="bbox 383 1665 3609 1741; baseline -0 -17"><span class='ocrx_word' id='word_1_184' title='bbox 383 1669 625 1724; x_wconf 77' lang='lat' dir='ltr'><strong>dentium</strong></span> <span class='ocrx_word' id='word_1_185' title='bbox 677 1667 993 1723; x_wconf 89' lang='lat' dir='ltr'><strong>insidiarum</strong></span> <span class='ocrx_word' id='word_1_186' title='bbox 1040 1666 1254 1736; x_wconf 67' lang='lat' dir='ltr'><strong>Scythae</strong></span> <span class='ocrx_word' id='word_1_187' title='bbox 1308 1667 1509 1720; x_wconf 84' lang='lat' dir='ltr'><strong>conscii</strong></span> <span class='ocrx_word' id='word_1_188' title='bbox 1570 1667 1620 1720; x_wconf 93' lang='lat' dir='ltr'><strong>in</strong></span> <span class='ocrx_word' id='word_1_189' title='bbox 1682 1682 1775 1722; x_wconf 85' lang='lat' dir='ltr'><strong>eas</strong></span> <span class='ocrx_word' id='word_1_190' title='bbox 1825 1677 1941 1722; x_wconf 84' lang='lat' dir='ltr'><strong>astu</strong></span> <span class='ocrx_word' id='word_1_191' title='bbox 1986 1665 2257 1725; x_wconf 80' lang='lat' dir='ltr'><strong>Romanos</strong></span> <span class='ocrx_word' id='word_1_192' title='bbox 2297 1669 2575 1740; x_wconf 89' lang='lat' dir='ltr'><strong>abreptum</strong></span> <span class='ocrx_word' id='word_1_193' title='bbox 2613 1671 2772 1736; x_wconf 91' lang='lat' dir='ltr'><strong>irent;</strong></span> <span class='ocrx_word' id='word_1_194' title='bbox 2841 1671 3029 1741; x_wconf 87' lang='lat' dir='ltr'><strong>sicque</strong></span> <span class='ocrx_word' id='word_1_195' title='bbox 3095 1670 3301 1725; x_wconf 90' lang='lat' dir='ltr'><strong>nostris</strong></span> <span class='ocrx_word' id='word_1_196' title='bbox 3347 1677 3437 1722; x_wconf 83' lang='lat' dir='ltr'><strong>aut</strong></span> <span class='ocrx_word' id='word_1_197' title='bbox 3479 1671 3609 1726; x_wconf 67' lang='lat' dir='ltr'><strong>caesis</strong></span> 
     </span>
    </p>
   </div>
   <div class='ocr_carea' id='block_1_23' title="bbox 387 1759 3611 1832">
    <p class='ocr_par' dir='ltr' id='par_1_23' title="bbox 387 1759 3611 1832">
     <span class='ocr_line' id='line_1_23' title="bbox 387 1759 3611 1832; baseline -0.001 -15"><span class='ocrx_word' id='word_1_198' title='bbox 387 1772 477 1817; x_wconf 92' lang='lat' dir='ltr'><strong>aut</strong></span> <span class='ocrx_word' id='word_1_199' title='bbox 506 1761 739 1816; x_wconf 81' lang='lat' dir='ltr'><strong>vicissim</strong></span> <span class='ocrx_word' id='word_1_200' title='bbox 778 1759 1105 1830; x_wconf 81' lang='lat' dir='ltr'><strong>fugientibus</strong></span> <span class='ocrx_word' id='word_1_201' title='bbox 1138 1759 1476 1814; x_wconf 78' lang='lat' dir='ltr'><strong>insidiatores</strong></span> <span class='ocrx_word' id='word_1_202' title='bbox 1518 1775 1639 1814; x_wconf 92' lang='lat' dir='ltr'><strong>eum</strong></span> <span class='ocrx_word' id='word_1_203' title='bbox 1675 1760 1822 1828; x_wconf 87' lang='lat' dir='ltr'><strong>prius</strong></span> <span class='ocrx_word' id='word_1_204' title='bbox 1870 1759 2150 1830; x_wconf 82' lang='lat' dir='ltr'><strong>fugacibus</strong></span> <span class='ocrx_word' id='word_1_205' title='bbox 2176 1777 2408 1832; x_wconf 78' lang='lat' dir='ltr'><strong>pugnam</strong></span> <span class='ocrx_word' id='word_1_206' title='bbox 2477 1763 2742 1817; x_wconf 84' lang='lat' dir='ltr'><strong>acriorem</strong></span> <span class='ocrx_word' id='word_1_207' title='bbox 2798 1763 3170 1817; x_wconf 87' lang='lat' dir='ltr'><strong>instaurareut</strong></span> <span class='ocrx_word' id='word_1_208' title='bbox 3224 1775 3416 1829; x_wconf 85' lang='lat' dir='ltr'><strong>magna</strong></span> <span class='ocrx_word' id='word_1_209' title='bbox 3480 1760 3611 1818; x_wconf 78' lang='lat' dir='ltr'><strong>clade</strong></span> 
     </span>
    </p>
   </div>
   <div class='ocr_carea' id='block_1_24' title="bbox 394 1853 3611 1925">
    <p class='ocr_par' dir='ltr' id='par_1_24' title="bbox 394 1853 3611 1925">
     <span class='ocr_line' id='line_1_24' title="bbox 394 1853 3611 1925; baseline -0.001 -16"><span class='ocrx_word' id='word_1_210' title='bbox 394 1855 550 1910; x_wconf 84' lang='lat' dir='ltr'><strong>modo</strong></span> <span class='ocrx_word' id='word_1_211' title='bbox 608 1855 961 1909; x_wconf 60' lang='lat' dir='ltr'><strong>vincentium.</strong></span> <span class='ocrx_word' id='word_1_212' title='bbox 1027 1853 1318 1906; x_wconf 78' lang='lat' dir='ltr'><strong>Conventis</strong></span> <span class='ocrx_word' id='word_1_213' title='bbox 1375 1867 1500 1922; x_wconf 86' lang='lat' dir='ltr'><strong>ergo</strong></span> <span class='ocrx_word' id='word_1_214' title='bbox 1554 1853 1820 1907; x_wconf 86' lang='lat' dir='ltr'><strong>laboriose</strong></span> <span class='ocrx_word' id='word_1_215' title='bbox 1872 1869 1967 1923; x_wconf 91' lang='lat' dir='ltr'><strong>per</strong></span> <span class='ocrx_word' id='word_1_216' title='bbox 2037 1855 2400 1925; x_wconf 87' lang='lat' dir='ltr'><strong>equitationes</strong></span> <span class='ocrx_word' id='word_1_217' title='bbox 2465 1859 2684 1911; x_wconf 78' lang='lat' dir='ltr'><strong>crebras</strong></span> <span class='ocrx_word' id='word_1_218' title='bbox 2719 1854 3169 1924; x_wconf 90' lang='lat' dir='ltr'><strong>commonitisque</strong></span> <span class='ocrx_word' id='word_1_219' title='bbox 3201 1853 3472 1922; x_wconf 83' lang='lat' dir='ltr'><strong>plerisque</strong></span> <span class='ocrx_word' id='word_1_220' title='bbox 3503 1867 3611 1908; x_wconf 75' lang='lat' dir='ltr'><strong>suo-</strong></span> 
     </span>
    </p>
   </div>
   <div class='ocr_carea' id='block_1_25' title="bbox 390 1943 3608 2014">
    <p class='ocr_par' dir='ltr' id='par_1_25' title="bbox 390 1943 3608 2014">
     <span class='ocr_line' id='line_1_25' title="bbox 390 1943 3608 2014; baseline -0.001 -13"><span class='ocrx_word' id='word_1_221' title='bbox 390 1964 526 2010; x_wconf 86' lang='lat' dir='ltr'><strong>rum,</strong></span> <span class='ocrx_word' id='word_1_222' title='bbox 555 1957 609 1999; x_wconf 91' lang='grc' dir='ltr'>ιιι</span> <span class='ocrx_word' id='word_1_223' title='bbox 637 1945 816 2000; x_wconf 80' lang='lat' dir='ltr'><strong>frenos</strong></span> <span class='ocrx_word' id='word_1_224' title='bbox 839 1943 1461 2014; x_wconf 84' lang='lat' dir='ltr'><strong>reﬂecterentequisque</strong></span> <span class='ocrx_word' id='word_1_225' title='bbox 1479 1947 1716 2013; x_wconf 84' lang='lat' dir='ltr'><strong>requiem</strong></span> <span class='ocrx_word' id='word_1_226' title='bbox 1738 1947 1949 2008; x_wconf 82' lang='lat' dir='ltr'><strong>darent.</strong></span> <span class='ocrx_word' id='word_1_227' title='bbox 1989 1947 2286 2003; x_wconf 81' lang='lat' dir='ltr'><strong>incolumes</strong></span> <span class='ocrx_word' id='word_1_228' title='bbox 2317 1950 2530 2004; x_wconf 82' lang='lat' dir='ltr'><strong>re-luxit</strong></span> <span class='ocrx_word' id='word_1_229' title='bbox 2565 1950 2864 2004; x_wconf 86' lang='lat' dir='ltr'><strong>universos.</strong></span> <span class='ocrx_word' id='word_1_230' title='bbox 2908 1948 3000 2003; x_wconf 90' lang='lat' dir='ltr'><strong>Sic</strong></span> <span class='ocrx_word' id='word_1_231' title='bbox 3029 1964 3092 2001; x_wconf 91' lang='lat' dir='ltr'><strong>ea</strong></span> <span class='ocrx_word' id='word_1_232' title='bbox 3123 1947 3208 2001; x_wconf 88' lang='lat' dir='ltr'><strong>die</strong></span> <span class='ocrx_word' id='word_1_233' title='bbox 3248 1947 3409 2001; x_wconf 91' lang='lat' dir='ltr'><strong>ambo</strong></span> <span class='ocrx_word' id='word_1_234' title='bbox 3472 1961 3499 1999; x_wconf 89' lang='lat' dir='ltr'><strong>a</strong></span> <span class='ocrx_word' id='word_1_235' title='bbox 3560 1962 3608 2002; x_wconf 84' lang='lat' dir='ltr'><strong>se</strong></span> 
     </span>
    </p>
   </div>
   <div class='ocr_carea' id='block_1_26' title="bbox 384 2035 3602 2112">
    <p class='ocr_par' dir='ltr' id='par_1_26' title="bbox 384 2035 3602 2112">
     <span class='ocr_line' id='line_1_26' title="bbox 384 2035 3602 2112; baseline 0.001 -21"><span class='ocrx_word' id='word_1_236' title='bbox 384 2039 611 2094; x_wconf 76' lang='lat' dir='ltr'><strong>invicem</strong></span> <span class='ocrx_word' id='word_1_237' title='bbox 642 2038 916 2093; x_wconf 85' lang='lat' dir='ltr'><strong>exercitus</strong></span> <span class='ocrx_word' id='word_1_238' title='bbox 947 2037 1196 2110; x_wconf 85' lang='lat' dir='ltr'><strong>disjuucti</strong></span> <span class='ocrx_word' id='word_1_239' title='bbox 1223 2047 1369 2101; x_wconf 88' lang='lat' dir='ltr'><strong>sunt,</strong></span> <span class='ocrx_word' id='word_1_240' title='bbox 1402 2035 1658 2107; x_wconf 87' lang='lat' dir='ltr'><strong>Scythico</strong></span> <span class='ocrx_word' id='word_1_241' title='bbox 1716 2039 1767 2091; x_wconf 92' lang='lat' dir='ltr'><strong>in</strong></span> <span class='ocrx_word' id='word_1_242' title='bbox 1837 2039 2012 2108; x_wconf 80' lang='lat' dir='ltr'><strong>fugam</strong></span> <span class='ocrx_word' id='word_1_243' title='bbox 2055 2056 2234 2104; x_wconf 85' lang='lat' dir='ltr'><strong>verso,</strong></span> <span class='ocrx_word' id='word_1_244' title='bbox 2271 2042 2512 2098; x_wconf 80' lang='lat' dir='ltr'><strong>Romano</strong></span> <span class='ocrx_word' id='word_1_245' title='bbox 2541 2059 2662 2097; x_wconf 91' lang='lat' dir='ltr'><strong>eum</strong></span> <span class='ocrx_word' id='word_1_246' title='bbox 2697 2058 2796 2099; x_wconf 87' lang='lat' dir='ltr'><strong>suo</strong></span> <span class='ocrx_word' id='word_1_247' title='bbox 2856 2045 3184 2112; x_wconf 90' lang='lat' dir='ltr'><strong>imperatore</strong></span> <span class='ocrx_word' id='word_1_248' title='bbox 3219 2038 3510 2095; x_wconf 71' lang='lat' dir='ltr'><strong>manifesta:</strong></span> <span class='ocrx_word' id='word_1_249' title='bbox 3535 2041 3602 2095; x_wconf 85' lang='lat' dir='ltr'><strong>vi-</strong></span> 
     </span>
    </p>
   </div>
   <div class='ocr_carea' id='block_1_27' title="bbox 383 2129 3604 2214">
    <p class='ocr_par' dir='ltr' id='par_1_27' title="bbox 383 2129 3604 2214">
     <span class='ocr_line' id='line_1_27' title="bbox 383 2129 3604 2214; baseline 0.001 -28"><span class='ocrx_word' id='word_1_250' title='bbox 383 2134 572 2188; x_wconf 74' lang='lat' dir='ltr'><strong>ctoria:</strong></span> <span class='ocrx_word' id='word_1_251' title='bbox 611 2142 860 2202; x_wconf 88' lang='lat' dir='ltr'><strong>compote</strong></span> <span class='ocrx_word' id='word_1_252' title='bbox 915 2131 966 2184; x_wconf 93' lang='lat' dir='ltr'><strong>in</strong></span> <span class='ocrx_word' id='word_1_253' title='bbox 1022 2129 1236 2214; x_wconf 77' lang='lat' dir='ltr'><strong>propria</strong></span> <span class='ocrx_word' id='word_1_254' title='bbox 1279 2141 1458 2184; x_wconf 87' lang='lat' dir='ltr'><strong>castra</strong></span> <span class='ocrx_word' id='word_1_255' title='bbox 1515 2129 1794 2186; x_wconf 88' lang='lat' dir='ltr'><strong>redeunte.</strong></span> <span class='ocrx_word' id='word_1_256' title='bbox 1855 2131 1988 2186; x_wconf 86' lang='lat' dir='ltr'><strong>Victi</strong></span> <span class='ocrx_word' id='word_1_257' title='bbox 2019 2131 2233 2204; x_wconf 66' lang='lat' dir='ltr'><strong>Srynba:</strong></span> <span class='ocrx_word' id='word_1_258' title='bbox 2273 2145 2327 2190; x_wconf 90' lang='lat' dir='ltr'><strong>et</strong></span> <span class='ocrx_word' id='word_1_259' title='bbox 2361 2136 2532 2191; x_wconf 90' lang='lat' dir='ltr'><strong>victos</strong></span> <span class='ocrx_word' id='word_1_260' title='bbox 2567 2137 2798 2192; x_wconf 85' lang='lat' dir='ltr'><strong>confessi</strong></span> <span class='ocrx_word' id='word_1_261' title='bbox 2835 2135 3317 2206; x_wconf 83' lang='lat' dir='ltr'><strong>Bulgaropbygum</strong></span> <span class='ocrx_word' id='word_1_262' title='bbox 3359 2135 3494 2188; x_wconf 89' lang='lat' dir='ltr'><strong>inter</strong></span> <span class='ocrx_word' id='word_1_263' title='bbox 3553 2149 3604 2188; x_wconf 84' lang='lat' dir='ltr'><strong>ac</strong></span> 
     </span>
    </p>
   </div>
   <div class='ocr_carea' id='block_1_28' title="bbox 385 2223 1476 2298">
    <p class='ocr_par' dir='ltr' id='par_1_28' title="bbox 385 2223 1476 2298">
     <span class='ocr_line' id='line_1_28' title="bbox 385 2223 1476 2298; baseline -0.003 -17"><span class='ocrx_word' id='word_1_264' title='bbox 385 2243 601 2298; x_wconf 88' lang='lat' dir='ltr'><strong>parvam</strong></span> <span class='ocrx_word' id='word_1_265' title='bbox 635 2223 870 2280; x_wconf 69' lang='lat' dir='ltr'><strong>Nicaeam</strong></span> <span class='ocrx_word' id='word_1_266' title='bbox 907 2223 1255 2278; x_wconf 80' lang='lat' dir='ltr'><strong>tabernacula</strong></span> <span class='ocrx_word' id='word_1_267' title='bbox 1288 2225 1476 2278; x_wconf 78' lang='lat' dir='ltr'><strong>fixere.</strong></span> 
     </span>
    </p>
   </div>
   <div class='ocr_carea' id='block_1_29' title="bbox 454 2316 1960 2390">
    <p class='ocr_par' dir='ltr' id='par_1_29' title="bbox 454 2317 1952 2390">
     <span class='ocr_line' id='line_1_29' title="bbox 454 2317 1952 2390; baseline -0.003 -14"><span class='ocrx_word' id='word_1_268' title='bbox 454 2322 648 2376; x_wconf 85' lang='lat' dir='ltr'><strong>Adulta</strong></span> <span class='ocrx_word' id='word_1_269' title='bbox 680 2335 841 2390; x_wconf 92' lang='lat' dir='ltr'><strong>porro</strong></span> <span class='ocrx_word' id='word_1_270' title='bbox 870 2318 980 2388; x_wconf 82' lang='lat' dir='ltr'><strong>jam</strong></span> <span class='ocrx_word' id='word_1_271' title='bbox 1011 2317 1216 2383; x_wconf 88' lang='lat' dir='ltr'><strong>hieme,</strong></span> <span class='ocrx_word' id='word_1_272' title='bbox 1265 2318 1477 2387; x_wconf 86' lang='lat' dir='ltr'><strong>putavit</strong></span> <span class='ocrx_word' id='word_1_273' title='bbox 1506 2320 1800 2388; x_wconf 89' lang='lat' dir='ltr'><strong>imperator</strong></span> <span class='ocrx_word' id='word_1_274' title='bbox 1831 2333 1861 2373; x_wconf 89' lang='lat' dir='ltr'><strong>e</strong></span> <span class='ocrx_word' id='word_1_275' title='bbox 1895 2333 1952 2372; x_wconf 89' lang='lat' dir='ltr'><strong>re</strong></span> 
     </span>
    </p>
   </div>
   <div class='ocr_carea' id='block_1_30' title="bbox 2064 2316 3610 2390">
    <p class='ocr_par' dir='ltr' id='par_1_30' title="bbox 2131 2316 3610 2390">
     <span class='ocr_line' id='line_1_30' title="bbox 2131 2316 3610 2390; baseline -0.003 -16"><span class='ocrx_word' id='word_1_276' title='bbox 2131 2319 2412 2390; x_wconf 85' lang='grc' dir='ltr'>Χειμῶνος</span> <span class='ocrx_word' id='word_1_277' title='bbox 2471 2319 2526 2373; x_wconf 79' lang='grc' dir='ltr'><strong>δὲ</strong></span> <span class='ocrx_word' id='word_1_278' title='bbox 2578 2319 2680 2390; x_wconf 71' lang='grc' dir='ltr'><strong>ἤδη</strong></span> <span class='ocrx_word' id='word_1_279' title='bbox 2723 2319 3246 2381; x_wconf 79' lang='grc' dir='ltr'>ἐπικαταλαϐόντος,</span> <span class='ocrx_word' id='word_1_280' title='bbox 3277 2317 3386 2370; x_wconf 83' lang='grc' dir='ltr'>δεῖν</span> <span class='ocrx_word' id='word_1_281' title='bbox 3435 2316 3610 2385; x_wconf 76' lang='grc' dir='ltr'>ἔγνωό</span> 
     </span>
    </p>
   </div>
   <div class='ocr_carea' id='block_1_31' title="bbox 387 2409 1951 2480">
    <p class='ocr_par' dir='ltr' id='par_1_31' title="bbox 387 2409 1951 2480">
     <span class='ocr_line' id='line_1_31' title="bbox 387 2409 1951 2480; baseline -0.006 -10"><span class='ocrx_word' id='word_1_282' title='bbox 387 2418 527 2480; x_wconf 79' lang='lat' dir='ltr'><strong>fore,</strong></span> <span class='ocrx_word' id='word_1_283' title='bbox 552 2413 600 2468; x_wconf 92' lang='lat' dir='ltr'><strong>si</strong></span> <span class='ocrx_word' id='word_1_284' title='bbox 633 2409 1168 2477; x_wconf 89' lang='lat' dir='ltr'><strong>Constantinopolim</strong></span> <span class='ocrx_word' id='word_1_285' title='bbox 1201 2409 1426 2473; x_wconf 85' lang='lat' dir='ltr'><strong>rediret,</strong></span> <span class='ocrx_word' id='word_1_286' title='bbox 1451 2424 1556 2478; x_wconf 89' lang='lat' dir='ltr'><strong>quo</strong></span> <span class='ocrx_word' id='word_1_287' title='bbox 1579 2420 1633 2464; x_wconf 90' lang='lat' dir='ltr'><strong>et</strong></span> <span class='ocrx_word' id='word_1_288' title='bbox 1663 2425 1722 2464; x_wconf 91' lang='lat' dir='ltr'><strong>se</strong></span> <span class='ocrx_word' id='word_1_289' title='bbox 1748 2409 1951 2477; x_wconf 88' lang='lat' dir='ltr'><strong>ipsum,</strong></span> 
     </span>
    </p>
   </div>
   <div class='ocr_carea' id='block_1_32' title="bbox 388 2501 1959 2572">
    <p class='ocr_par' dir='ltr' id='par_1_32' title="bbox 388 2501 1959 2572">
     <span class='ocr_line' id='line_1_32' title="bbox 388 2501 1959 2572; baseline -0.006 -10"><span class='ocrx_word' id='word_1_290' title='bbox 388 2518 444 2562; x_wconf 88' lang='lat' dir='ltr'><strong>et</strong></span> <span class='ocrx_word' id='word_1_291' title='bbox 475 2503 731 2572; x_wconf 83' lang='lat' dir='ltr'><strong>majorem</strong></span> <span class='ocrx_word' id='word_1_292' title='bbox 767 2514 978 2571; x_wconf 86' lang='lat' dir='ltr'><strong>partem</strong></span> <span class='ocrx_word' id='word_1_293' title='bbox 1016 2501 1317 2565; x_wconf 81' lang='lat' dir='ltr'><strong>exercitus,</strong></span> <span class='ocrx_word' id='word_1_294' title='bbox 1352 2516 1382 2554; x_wconf 90' lang='lat' dir='ltr'><strong>e</strong></span> <span class='ocrx_word' id='word_1_295' title='bbox 1411 2501 1568 2568; x_wconf 79' lang='lat' dir='ltr'><strong>longa</strong></span> <span class='ocrx_word' id='word_1_296' title='bbox 1603 2509 1658 2554; x_wconf 92' lang='lat' dir='ltr'><strong>et</strong></span> <span class='ocrx_word' id='word_1_297' title='bbox 1689 2501 1833 2553; x_wconf 83' lang='lat' dir='ltr'><strong>varia</strong></span> <span class='ocrx_word' id='word_1_298' title='bbox 1883 2510 1959 2553; x_wconf 89' lang='lat' dir='ltr'><strong>tot</strong></span> 
     </span>
    </p>
   </div>
   <div class='ocr_carea' id='block_1_33' title="bbox 393 2591 1958 2666">
    <p class='ocr_par' dir='ltr' id='par_1_33' title="bbox 393 2591 1958 2666">
     <span class='ocr_line' id='line_1_33' title="bbox 393 2591 1958 2666; baseline -0.006 -11"><span class='ocrx_word' id='word_1_299' title='bbox 393 2601 750 2655; x_wconf 88' lang='lat' dir='ltr'><strong>certaminum</strong></span> <span class='ocrx_word' id='word_1_300' title='bbox 783 2597 1097 2666; x_wconf 73' lang='lat' dir='ltr'><strong>fatigatione</strong></span> <span class='ocrx_word' id='word_1_301' title='bbox 1136 2595 1399 2649; x_wconf 86' lang='lat' dir='ltr'><strong>reficeret.</strong></span> <span class='ocrx_word' id='word_1_302' title='bbox 1442 2592 1639 2648; x_wconf 89' lang='lat' dir='ltr'><strong>Divisis</strong></span> <span class='ocrx_word' id='word_1_303' title='bbox 1667 2608 1796 2662; x_wconf 85' lang='lat' dir='ltr'><strong>ergo</strong></span> <span class='ocrx_word' id='word_1_304' title='bbox 1819 2591 1958 2646; x_wconf 83' lang='lat' dir='ltr'><strong>bifa-</strong></span> 
     </span>
    </p>
   </div>
   <div class='ocr_carea' id='block_1_34' title="bbox 394 2683 1958 2759">
    <p class='ocr_par' dir='ltr' id='par_1_34' title="bbox 394 2683 1958 2759">
     <span class='ocr_line' id='line_1_34' title="bbox 394 2683 1958 2759; baseline -0.008 -12"><span class='ocrx_word' id='word_1_305' title='bbox 394 2694 530 2748; x_wconf 73' lang='lat' dir='ltr'><strong>riam</strong></span> <span class='ocrx_word' id='word_1_306' title='bbox 561 2690 754 2759; x_wconf 84' lang='lat' dir='ltr'><strong>copiis,</strong></span> <span class='ocrx_word' id='word_1_307' title='bbox 789 2689 930 2759; x_wconf 87' lang='lat' dir='ltr'><strong>quod</strong></span> <span class='ocrx_word' id='word_1_308' title='bbox 959 2701 1142 2742; x_wconf 83' lang='lat' dir='ltr'><strong>earum</strong></span> <span class='ocrx_word' id='word_1_309' title='bbox 1173 2687 1342 2754; x_wconf 85' lang='lat' dir='ltr'><strong>magis</strong></span> <span class='ocrx_word' id='word_1_310' title='bbox 1380 2694 1624 2756; x_wconf 80' lang='lat' dir='ltr'><strong>vegetum</strong></span> <span class='ocrx_word' id='word_1_311' title='bbox 1658 2683 1958 2753; x_wconf 85' lang='lat' dir='ltr'><strong>integrum-</strong></span> 
     </span>
    </p>
   </div>
   <div class='ocr_carea' id='block_1_35' title="bbox 387 2775 1960 2856">
    <p class='ocr_par' dir='ltr' id='par_1_35' title="bbox 387 2775 1960 2856">
     <span class='ocr_line' id='line_1_35' title="bbox 387 2775 1960 2856; baseline -0.004 -19"><span class='ocrx_word' id='word_1_312' title='bbox 387 2800 497 2856; x_wconf 84' lang='lat' dir='ltr'><strong>que</strong></span> <span class='ocrx_word' id='word_1_313' title='bbox 529 2783 654 2847; x_wconf 86' lang='lat' dir='ltr'><strong>fuit,</strong></span> <span class='ocrx_word' id='word_1_314' title='bbox 689 2781 740 2836; x_wconf 91' lang='lat' dir='ltr'><strong>id</strong></span> <span class='ocrx_word' id='word_1_315' title='bbox 787 2779 1165 2850; x_wconf 89' lang='lat' dir='ltr'><strong>opponendum</strong></span> <span class='ocrx_word' id='word_1_316' title='bbox 1223 2777 1474 2832; x_wconf 83' lang='lat' dir='ltr'><strong>hostibus</strong></span> <span class='ocrx_word' id='word_1_317' title='bbox 1510 2777 1686 2831; x_wconf 86' lang='lat' dir='ltr'><strong>adhuc</strong></span> <span class='ocrx_word' id='word_1_318' title='bbox 1736 2775 1960 2830; x_wconf 86' lang='lat' dir='ltr'><strong>armatis</strong></span> 
     </span>
    </p>
   </div>
   <div class='ocr_carea' id='block_1_36' title="bbox 389 2869 1962 2946">
    <p class='ocr_par' dir='ltr' id='par_1_36' title="bbox 389 2869 1962 2946">
     <span class='ocr_line' id='line_1_36' title="bbox 389 2869 1962 2946; baseline -0.01 -13"><span class='ocrx_word' id='word_1_319' title='bbox 389 2877 610 2946; x_wconf 76' lang='lat' dir='ltr'><strong>reliquit</strong></span> <span class='ocrx_word' id='word_1_320' title='bbox 661 2875 860 2931; x_wconf 83' lang='lat' dir='ltr'><strong>ibidem</strong></span> <span class='ocrx_word' id='word_1_321' title='bbox 903 2872 1004 2926; x_wconf 84' lang='lat' dir='ltr'><strong>sub</strong></span> <span class='ocrx_word' id='word_1_322' title='bbox 1052 2886 1184 2926; x_wconf 84' lang='lat' dir='ltr'><strong>cura</strong></span> <span class='ocrx_word' id='word_1_323' title='bbox 1253 2870 1446 2924; x_wconf 84' lang='lat' dir='ltr'><strong>ducum</strong></span> <span class='ocrx_word' id='word_1_324' title='bbox 1492 2869 1743 2934; x_wconf 89' lang='lat' dir='ltr'><strong>duorum,</strong></span> <span class='ocrx_word' id='word_1_325' title='bbox 1795 2869 1962 2938; x_wconf 73' lang='lat'><strong>218</strong></span> 
     </span>
    </p>
   </div>
   <div class='ocr_carea' id='block_1_37' title="bbox 390 2959 1964 3037">
    <p class='ocr_par' dir='ltr' id='par_1_37' title="bbox 390 2959 1964 3037">
     <span class='ocr_line' id='line_1_37' title="bbox 390 2959 1964 3037; baseline -0.008 -10"><span class='ocrx_word' id='word_1_326' title='bbox 390 2969 616 3027; x_wconf 67' lang='lat' dir='ltr'><strong>Jiannis</strong></span> <span class='ocrx_word' id='word_1_327' title='bbox 674 2983 870 3037; x_wconf 86' lang='lat' dir='ltr'><strong>nempe</strong></span> <span class='ocrx_word' id='word_1_328' title='bbox 919 2975 975 3021; x_wconf 89' lang='lat' dir='ltr'><strong>et</strong></span> <span class='ocrx_word' id='word_1_329' title='bbox 1023 2962 1553 3019; x_wconf 83' lang='lat' dir='ltr'><strong>Maurocataealonis</strong></span> <span class='ocrx_word' id='word_1_330' title='bbox 1613 2959 1848 3026; x_wconf 82' lang='lat' dir='ltr'><strong>Nieolai,</strong></span> <span class='ocrx_word' id='word_1_331' title='bbox 1897 2963 1964 3015; x_wconf 89' lang='lat' dir='ltr'><strong>de</strong></span> 
     </span>
    </p>
   </div>
   <div class='ocr_carea' id='block_1_38' title="bbox 392 3051 1961 3136">
    <p class='ocr_par' dir='ltr' id='par_1_38' title="bbox 392 3051 1961 3136">
     <span class='ocr_line' id='line_1_38' title="bbox 392 3051 1961 3136; baseline -0.008 -19"><span class='ocrx_word' id='word_1_332' title='bbox 392 3080 620 3136; x_wconf 73' lang='lat' dir='ltr'><strong>quiorum</strong></span> <span class='ocrx_word' id='word_1_333' title='bbox 671 3071 900 3130; x_wconf 85' lang='lat' dir='ltr'><strong>utroque</strong></span> <span class='ocrx_word' id='word_1_334' title='bbox 955 3073 1099 3128; x_wconf 72' lang='lat' dir='ltr'><strong>saepe</strong></span> <span class='ocrx_word' id='word_1_335' title='bbox 1144 3057 1395 3127; x_wconf 89' lang='lat' dir='ltr'><strong>superius</strong></span> <span class='ocrx_word' id='word_1_336' title='bbox 1456 3055 1781 3110; x_wconf 87' lang='lat' dir='ltr'><strong>mentionem</strong></span> <span class='ocrx_word' id='word_1_337' title='bbox 1826 3051 1961 3107; x_wconf 83' lang='lat' dir='ltr'><strong>feci-</strong></span> 
     </span>
    </p>
   </div>
   <div class='ocr_carea' id='block_1_39' title="bbox 395 3145 1963 3221">
    <p class='ocr_par' dir='ltr' id='par_1_39' title="bbox 395 3145 1963 3221">
     <span class='ocr_line' id='line_1_39' title="bbox 395 3145 1963 3221; baseline -0.01 -9"><span class='ocrx_word' id='word_1_338' title='bbox 395 3174 537 3220; x_wconf 88' lang='lat' dir='ltr'><strong>mus,</strong></span> <span class='ocrx_word' id='word_1_339' title='bbox 573 3158 699 3211; x_wconf 89' lang='lat' dir='ltr'><strong>dato</strong></span> <span class='ocrx_word' id='word_1_340' title='bbox 733 3154 866 3221; x_wconf 82' lang='lat' dir='ltr'><strong>ipsis</strong></span> <span class='ocrx_word' id='word_1_341' title='bbox 914 3154 1190 3215; x_wconf 76' lang='lat' dir='ltr'><strong>mandato,</strong></span> <span class='ocrx_word' id='word_1_342' title='bbox 1225 3149 1646 3220; x_wconf 64' lang='lat' dir='ltr'><strong>praeoccupandi</strong></span> <span class='ocrx_word' id='word_1_343' title='bbox 1700 3145 1963 3216; x_wconf 58' lang='lat' dir='ltr'><strong>prasidiis</strong></span> 
     </span>
    </p>
   </div>
   <div class='ocr_carea' id='block_1_40' title="bbox 394 3240 1963 3318">
    <p class='ocr_par' dir='ltr' id='par_1_40' title="bbox 394 3240 1963 3318">
     <span class='ocr_line' id='line_1_40' title="bbox 394 3240 1963 3318; baseline -0.01 -14"><span class='ocrx_word' id='word_1_344' title='bbox 394 3250 607 3306; x_wconf 83' lang='lat' dir='ltr'><strong>idoneis</strong></span> <span class='ocrx_word' id='word_1_345' title='bbox 625 3248 822 3318; x_wconf 85' lang='lat' dir='ltr'><strong>Oppida</strong></span> <span class='ocrx_word' id='word_1_346' title='bbox 842 3244 1076 3314; x_wconf 79' lang='lat' dir='ltr'><strong>singula,</strong></span> <span class='ocrx_word' id='word_1_347' title='bbox 1112 3259 1178 3298; x_wconf 89' lang='lat' dir='ltr'><strong>ne</strong></span> <span class='ocrx_word' id='word_1_348' title='bbox 1203 3244 1254 3295; x_wconf 89' lang='lat' dir='ltr'><strong>in</strong></span> <span class='ocrx_word' id='word_1_349' title='bbox 1283 3240 1611 3312; x_wconf 79' lang='lat' dir='ltr'><strong>Scytharum</strong></span> <span class='ocrx_word' id='word_1_350' title='bbox 1635 3246 1963 3308; x_wconf 83' lang='lat' dir='ltr'><strong>potestatein</strong></span> 
     </span>
    </p>
   </div>
   <div class='ocr_carea' id='block_1_41' title="bbox 395 3342 1038 3407">
    <p class='ocr_par' dir='ltr' id='par_1_41' title="bbox 395 3342 1038 3407">
     <span class='ocr_line' id='line_1_41' title="bbox 395 3342 1038 3407; baseline -0.011 -11"><span class='ocrx_word' id='word_1_351' title='bbox 395 3342 519 3398; x_wconf 86' lang='lat' dir='ltr'><strong>veni</strong></span> <span class='ocrx_word' id='word_1_352' title='bbox 532 3354 589 3394; x_wconf 88' lang='lat' dir='ltr'><strong>re</strong></span> <span class='ocrx_word' id='word_1_353' title='bbox 647 3345 975 3407; x_wconf 83' lang='lat' dir='ltr'><strong>cogerentur</strong></span> <span class='ocrx_word' id='word_1_354' title='bbox 1023 3351 1038 3389; x_wconf 88' lang='lat'><strong>:</strong></span> 
     </span>
    </p>
   </div>
   <div class='ocr_carea' id='block_1_42' title="bbox 400 3420 1965 3502">
    <p class='ocr_par' dir='ltr' id='par_1_42' title="bbox 400 3420 1965 3502">
     <span class='ocr_line' id='line_1_42' title="bbox 400 3420 1965 3502; baseline -0.013 -10"><span class='ocrx_word' id='word_1_355' title='bbox 400 3433 671 3502; x_wconf 85' lang='lat' dir='ltr'><strong>cendique</strong></span> <span class='ocrx_word' id='word_1_356' title='bbox 691 3446 755 3485; x_wconf 81' lang='lat' dir='ltr'><strong>ex</strong></span> <span class='ocrx_word' id='word_1_357' title='bbox 804 3428 1024 3499; x_wconf 82' lang='lat' dir='ltr'><strong>regione</strong></span> <span class='ocrx_word' id='word_1_358' title='bbox 1055 3425 1308 3480; x_wconf 85' lang='lat' dir='ltr'><strong>universa</strong></span> <span class='ocrx_word' id='word_1_359' title='bbox 1349 3423 1558 3494; x_wconf 90' lang='lat' dir='ltr'><strong>pedites</strong></span> <span class='ocrx_word' id='word_1_360' title='bbox 1589 3420 1827 3476; x_wconf 89' lang='lat' dir='ltr'><strong>rusticos</strong></span> <span class='ocrx_word' id='word_1_361' title='bbox 1860 3434 1965 3473; x_wconf 88' lang='lat' dir='ltr'><strong>una</strong></span> 
     </span>
    </p>
   </div>
   <div class='ocr_carea' id='block_1_43' title="bbox 399 3513 1966 3593">
    <p class='ocr_par' dir='ltr' id='par_1_43' title="bbox 399 3513 1966 3593">
     <span class='ocr_line' id='line_1_43' title="bbox 399 3513 1966 3593; baseline -0.011 -11"><span class='ocrx_word' id='word_1_362' title='bbox 399 3542 523 3582; x_wconf 87' lang='lat' dir='ltr'><strong>cum</strong></span> <span class='ocrx_word' id='word_1_363' title='bbox 552 3523 812 3593; x_wconf 87' lang='lat' dir='ltr'><strong>plaustris</strong></span> <span class='ocrx_word' id='word_1_364' title='bbox 835 3533 900 3585; x_wconf 85' lang='lat' dir='ltr'><strong>ct</strong></span> <span class='ocrx_word' id='word_1_365' title='bbox 928 3522 1103 3576; x_wconf 82' lang='lat' dir='ltr'><strong>bobus</strong></span> <span class='ocrx_word' id='word_1_366' title='bbox 1141 3519 1258 3587; x_wconf 82' lang='lat' dir='ltr'><strong>ipsa</strong></span> <span class='ocrx_word' id='word_1_367' title='bbox 1305 3516 1667 3571; x_wconf 79' lang='lat' dir='ltr'><strong>trahentibus.</strong></span> <span class='ocrx_word' id='word_1_368' title='bbox 1701 3513 1820 3568; x_wconf 85' lang='lat' dir='ltr'><strong>Jam</strong></span> <span class='ocrx_word' id='word_1_369' title='bbox 1853 3521 1966 3566; x_wconf 91' lang='lat' dir='ltr'><strong>tum</strong></span> 
     </span>
    </p>
   </div>
   <div class='ocr_carea' id='block_1_44' title="bbox 398 3602 1968 3685">
    <p class='ocr_par' dir='ltr' id='par_1_44' title="bbox 398 3602 1968 3685">
     <span class='ocr_line' id='line_1_44' title="bbox 398 3602 1968 3685; baseline -0.011 -13"><span class='ocrx_word' id='word_1_370' title='bbox 398 3617 542 3673; x_wconf 90' lang='lat' dir='ltr'><strong>enim</strong></span> <span class='ocrx_word' id='word_1_371' title='bbox 567 3615 855 3685; x_wconf 83' lang='lat' dir='ltr'><strong>providens</strong></span> <span class='ocrx_word' id='word_1_372' title='bbox 879 3613 1104 3683; x_wconf 90' lang='lat' dir='ltr'><strong>parabat</strong></span> <span class='ocrx_word' id='word_1_373' title='bbox 1125 3625 1245 3681; x_wconf 78' lang='lat' dir='ltr'><strong>quae</strong></span> <span class='ocrx_word' id='word_1_374' title='bbox 1279 3609 1342 3662; x_wconf 88' lang='lat' dir='ltr'><strong>ad</strong></span> <span class='ocrx_word' id='word_1_375' title='bbox 1376 3607 1773 3676; x_wconf 82' lang='lat' dir='ltr'><strong>expeditimtem</strong></span> <span class='ocrx_word' id='word_1_376' title='bbox 1825 3602 1968 3658; x_wconf 90' lang='lat' dir='ltr'><strong>veris</strong></span> 
     </span>
    </p>
   </div>
   <div class='ocr_carea' id='block_1_45' title="bbox 402 3694 1966 3776">
    <p class='ocr_par' dir='ltr' id='par_1_45' title="bbox 402 3694 1966 3776">
     <span class='ocr_line' id='line_1_45' title="bbox 402 3694 1966 3776; baseline -0.009 -15"><span class='ocrx_word' id='word_1_377' title='bbox 402 3703 762 3776; x_wconf 83' lang='lat' dir='ltr'><strong>insequentis,</strong></span> <span class='ocrx_word' id='word_1_378' title='bbox 786 3719 888 3772; x_wconf 82' lang='lat' dir='ltr'><strong>qua</strong></span> <span class='ocrx_word' id='word_1_379' title='bbox 918 3712 1170 3757; x_wconf 89' lang='lat' dir='ltr'><strong>conatum</strong></span> <span class='ocrx_word' id='word_1_380' title='bbox 1218 3713 1434 3754; x_wconf 89' lang='lat' dir='ltr'><strong>omnem</strong></span> <span class='ocrx_word' id='word_1_381' title='bbox 1465 3696 1751 3750; x_wconf 90' lang='lat' dir='ltr'><strong>intendere</strong></span> <span class='ocrx_word' id='word_1_382' title='bbox 1782 3694 1966 3748; x_wconf 83' lang='lat' dir='ltr'><strong>decre-</strong></span> 
     </span>
    </p>
   </div>
   <div class='ocr_carea' id='block_1_46' title="bbox 403 3785 1967 3867">
    <p class='ocr_par' dir='ltr' id='par_1_46' title="bbox 403 3785 1967 3867">
     <span class='ocr_line' id='line_1_46' title="bbox 403 3785 1967 3867; baseline -0.01 -17"><span class='ocrx_word' id='word_1_383' title='bbox 403 3808 551 3854; x_wconf 80' lang='lat' dir='ltr'><strong>verat</strong></span> <span class='ocrx_word' id='word_1_384' title='bbox 586 3808 644 3850; x_wconf 90' lang='lat' dir='ltr'><strong>ut</strong></span> <span class='ocrx_word' id='word_1_385' title='bbox 693 3796 928 3867; x_wconf 78' lang='lat' dir='ltr'><strong>Scythas</strong></span> <span class='ocrx_word' id='word_1_386' title='bbox 955 3792 1267 3856; x_wconf 89' lang='lat' dir='ltr'><strong>debellaret,</strong></span> <span class='ocrx_word' id='word_1_387' title='bbox 1312 3790 1413 3845; x_wconf 89' lang='lat' dir='ltr'><strong>sibi</strong></span> <span class='ocrx_word' id='word_1_388' title='bbox 1462 3786 1743 3857; x_wconf 82' lang='lat' dir='ltr'><strong>profutura</strong></span> <span class='ocrx_word' id='word_1_389' title='bbox 1779 3785 1967 3854; x_wconf 84' lang='lat' dir='ltr'><strong>Opina-</strong></span> 
     </span>
    </p>
   </div>
   <div class='ocr_carea' id='block_1_47' title="bbox 1092 3326 1968 3404">
    <p class='ocr_par' dir='ltr' id='par_1_47' title="bbox 1092 3326 1968 3404">
     <span class='ocr_line' id='line_1_47' title="bbox 1092 3326 1968 3404; baseline -0.008 -17"><span class='ocrx_word' id='word_1_390' title='bbox 1092 3344 1353 3404; x_wconf 59' lang='lat' dir='ltr'><strong>praeterea</strong></span> <span class='ocrx_word' id='word_1_391' title='bbox 1405 3328 1736 3385; x_wconf 88' lang='lat' dir='ltr'><strong>corradendi</strong></span> <span class='ocrx_word' id='word_1_392' title='bbox 1793 3326 1968 3382; x_wconf 82' lang='lat' dir='ltr'><strong>abdu-</strong></span> 
     </span>
    </p>
   </div>
   <div class='ocr_carea' id='block_1_48' title="bbox 2060 2403 3604 2484">
    <p class='ocr_par' dir='ltr' id='par_1_48' title="bbox 2060 2403 3604 2484">
     <span class='ocr_line' id='line_1_48' title="bbox 2060 2403 3604 2484; baseline -0.005 -18"><span class='ocrx_word' id='word_1_393' title='bbox 2060 2414 2414 2484; x_wconf 76' lang='grc' dir='ltr'><strong>αὐτοκράτωρ</strong></span> <span class='ocrx_word' id='word_1_394' title='bbox 2454 2415 2532 2474; x_wconf 85' lang='grc' dir='ltr'>είς</span> <span class='ocrx_word' id='word_1_395' title='bbox 2562 2413 2659 2483; x_wconf 79' lang='grc' dir='ltr'><strong>τὴν</strong></span> <span class='ocrx_word' id='word_1_396' title='bbox 2683 2409 3069 2482; x_wconf 74' lang='grc' dir='ltr'><strong>βασιλεύουσαν</strong></span> <span class='ocrx_word' id='word_1_397' title='bbox 3093 2407 3433 2473; x_wconf 75' lang='grc' dir='ltr'>ἐπανελθεῖν,</span> <span class='ocrx_word' id='word_1_398' title='bbox 3472 2403 3604 2478; x_wconf 75' lang='grc' dir='ltr'><strong>ὲφ⁹ᾧ</strong></span> 
     </span>
    </p>
   </div>
   <div class='ocr_carea' id='block_1_49' title="bbox 2061 2500 3610 2572">
    <p class='ocr_par' dir='ltr' id='par_1_49' title="bbox 2061 2500 3610 2572">
     <span class='ocr_line' id='line_1_49' title="bbox 2061 2500 3610 2572; baseline -0.003 -16"><span class='ocrx_word' id='word_1_399' title='bbox 2061 2504 2251 2557; x_wconf 82' lang='grc' dir='ltr'>ἑαυτόν</span> <span class='ocrx_word' id='word_1_400' title='bbox 2279 2521 2335 2556; x_wconf 87' lang='grc' dir='ltr'><strong>τε</strong></span> <span class='ocrx_word' id='word_1_401' title='bbox 2361 2503 2454 2557; x_wconf 71' lang='grc' dir='ltr'><strong>καὶ</strong></span> <span class='ocrx_word' id='word_1_402' title='bbox 2479 2503 2538 2555; x_wconf 85' lang='grc' dir='ltr'><strong>τὸ</strong></span> <span class='ocrx_word' id='word_1_403' title='bbox 2567 2503 2728 2556; x_wconf 71' lang='grc' dir='ltr'>πλέον</span> <span class='ocrx_word' id='word_1_404' title='bbox 2754 2502 2846 2554; x_wconf 83' lang='grc' dir='ltr'>τοῦ</span> <span class='ocrx_word' id='word_1_405' title='bbox 2888 2501 3256 2572; x_wconf 74' lang='grc' dir='ltr'>στρατοπέδου</span> <span class='ocrx_word' id='word_1_406' title='bbox 3291 2500 3395 2552; x_wconf 85' lang='grc' dir='ltr'><strong>τῶν</strong></span> <span class='ocrx_word' id='word_1_407' title='bbox 3428 2500 3610 2552; x_wconf 80' lang='grc' dir='ltr'>πολλῶν</span> 
     </span>
    </p>
   </div>
   <div class='ocr_carea' id='block_1_50' title="bbox 2061 2592 3610 2666">
    <p class='ocr_par' dir='ltr' id='par_1_50' title="bbox 2061 2592 3610 2666">
     <span class='ocr_line' id='line_1_50' title="bbox 2061 2592 3610 2666; baseline -0.006 -14"><span class='ocrx_word' id='word_1_408' title='bbox 2061 2592 2286 2666; x_wconf 64' lang='grc' dir='ltr'>ἁγὼσων</span> <span class='ocrx_word' id='word_1_409' title='bbox 2321 2594 2831 2666; x_wconf 76' lang='grc' dir='ltr'>ἑπανακτήσασθαι.</span> <span class='ocrx_word' id='word_1_410' title='bbox 2883 2593 3201 2664; x_wconf 74' lang='grc' dir='ltr'>Διελόμενος</span> <span class='ocrx_word' id='word_1_411' title='bbox 3241 2592 3333 2646; x_wconf 79' lang='grc' dir='ltr'><strong>οὖν</strong></span> <span class='ocrx_word' id='word_1_412' title='bbox 3356 2593 3445 2654; x_wconf 71' lang='grc' dir='ltr'>τὰς</span> <span class='ocrx_word' id='word_1_413' title='bbox 3480 2592 3610 2644; x_wconf 80' lang='grc' dir='ltr'>δυνά-</span> 
     </span>
    </p>
   </div>
   <div class='ocr_carea' id='block_1_51' title="bbox 2063 2684 3608 2759">
    <p class='ocr_par' dir='ltr' id='par_1_51' title="bbox 2063 2684 3608 2759">
     <span class='ocr_line' id='line_1_51' title="bbox 2063 2684 3608 2759; baseline -0.006 -15"><span class='ocrx_word' id='word_1_414' title='bbox 2063 2709 2205 2759; x_wconf 77' lang='grc' dir='ltr'>μεις,</span> <span class='ocrx_word' id='word_1_415' title='bbox 2247 2691 2342 2743; x_wconf 71' lang='grc' dir='ltr'>καὶ</span> <span class='ocrx_word' id='word_1_416' title='bbox 2383 2693 2462 2751; x_wconf 77' lang='grc' dir='ltr'><strong>εἰς</strong></span> <span class='ocrx_word' id='word_1_417' title='bbox 2517 2688 2810 2743; x_wconf 82' lang='grc' dir='ltr'>ἀντίπαλον</span> <span class='ocrx_word' id='word_1_418' title='bbox 2869 2690 3064 2758; x_wconf 84' lang='grc' dir='ltr'>μοῖραν</span> <span class='ocrx_word' id='word_1_419' title='bbox 3104 2687 3410 2756; x_wconf 83' lang='grc' dir='ltr'><strong>ἀποκρίνας</strong></span> <span class='ocrx_word' id='word_1_420' title='bbox 3451 2684 3608 2736; x_wconf 79' lang='grc' dir='ltr'>ὀπόσοι</span> 
     </span>
    </p>
   </div>
   <div class='ocr_carea' id='block_1_52' title="bbox 2063 2773 3610 2851">
    <p class='ocr_par' dir='ltr' id='par_1_52' title="bbox 2063 2773 3610 2851">
     <span class='ocr_line' id='line_1_52' title="bbox 2063 2773 3610 2851; baseline -0.006 -17"><span class='ocrx_word' id='word_1_421' title='bbox 2063 2781 2414 2851; x_wconf 71' lang='grc' dir='ltr'>εὐψυχότεροι</span> <span class='ocrx_word' id='word_1_422' title='bbox 2442 2777 2535 2832; x_wconf 81' lang='grc' dir='ltr'>τοῦ</span> <span class='ocrx_word' id='word_1_423' title='bbox 2570 2777 2770 2840; x_wconf 75' lang='grc' dir='ltr'>παντὸς</span> <span class='ocrx_word' id='word_1_424' title='bbox 2797 2773 3383 2846; x_wconf 37' lang='grc' dir='ltr'>ἦσανηστρατεὺματος</span> <span class='ocrx_word' id='word_1_425' title='bbox 3440 2774 3610 2842; x_wconf 62' lang='lat' dir='ltr'><strong>impi-</strong></span> 
     </span>
    </p>
   </div>
   <div class='ocr_carea' id='block_1_53' title="bbox 2063 2868 3608 2941">
    <p class='ocr_par' dir='ltr' id='par_1_53' title="bbox 2063 2868 3608 2941">
     <span class='ocr_line' id='line_1_53' title="bbox 2063 2868 3608 2941; baseline -0.006 -13"><span class='ocrx_word' id='word_1_426' title='bbox 2063 2892 2161 2937; x_wconf 80' lang='grc' dir='ltr'>νας</span> <span class='ocrx_word' id='word_1_427' title='bbox 2193 2873 2399 2926; x_wconf 76' lang='grc' dir='ltr'>τούτων</span> <span class='ocrx_word' id='word_1_428' title='bbox 2426 2874 2516 2926; x_wconf 83' lang='grc' dir='ltr'><strong>τόν</strong></span> <span class='ocrx_word' id='word_1_429' title='bbox 2538 2888 2596 2923; x_wconf 86' lang='grc' dir='ltr'><strong>τε</strong></span> <span class='ocrx_word' id='word_1_430' title='bbox 2635 2871 2889 2941; x_wconf 78' lang='grc' dir='ltr'>Ἰωάννην</span> <span class='ocrx_word' id='word_1_431' title='bbox 2923 2870 3018 2922; x_wconf 84' lang='grc' dir='ltr'><strong>καὶ</strong></span> <span class='ocrx_word' id='word_1_432' title='bbox 3071 2869 3164 2921; x_wconf 83' lang='grc' dir='ltr'><strong>τὸν</strong></span> <span class='ocrx_word' id='word_1_433' title='bbox 3198 2868 3608 2937; x_wconf 75' lang='grc' dir='ltr'>Μαυροκατακα-</span> 
     </span>
    </p>
   </div>
   <div class='ocr_carea' id='block_1_54' title="bbox 2063 2953 3607 3034">
    <p class='ocr_par' dir='ltr' id='par_1_54' title="bbox 2063 2953 3607 3034">
     <span class='ocr_line' id='line_1_54' title="bbox 2063 2953 3607 3034; baseline -0.006 -14"><span class='ocrx_word' id='word_1_434' title='bbox 2063 2965 2174 3020; x_wconf 89' lang='grc' dir='ltr'><strong>λὼν</strong></span> <span class='ocrx_word' id='word_1_435' title='bbox 2197 2965 2465 3019; x_wconf 74' lang='grc' dir='ltr'>Νικόλαον</span> <span class='ocrx_word' id='word_1_436' title='bbox 2489 2961 2869 3034; x_wconf 73' lang='grc' dir='ltr'>προεϐάλλετο,</span> <span class='ocrx_word' id='word_1_437' title='bbox 2891 2963 3017 3031; x_wconf 67' lang='grc' dir='ltr'>περὶ</span> <span class='ocrx_word' id='word_1_438' title='bbox 3037 2953 3112 3014; x_wconf 82' lang='grc' dir='ltr'>ὧν</span> <span class='ocrx_word' id='word_1_439' title='bbox 3143 2959 3401 3018; x_wconf 77' lang='grc' dir='ltr'>πολλάκις</span> <span class='ocrx_word' id='word_1_440' title='bbox 3426 2957 3607 3025; x_wconf 72' lang='grc' dir='ltr'>φθάσας</span> 
     </span>
    </p>
   </div>
   <div class='ocr_carea' id='block_1_55' title="bbox 2065 3049 3607 3126">
    <p class='ocr_par' dir='ltr' id='par_1_55' title="bbox 2065 3049 3607 3126">
     <span class='ocr_line' id='line_1_55' title="bbox 2065 3049 3607 3126; baseline -0.009 -14"><span class='ocrx_word' id='word_1_441' title='bbox 2065 3060 2093 3112; x_wconf 88' lang='grc' dir='ltr'><strong>ό</strong></span> <span class='ocrx_word' id='word_1_442' title='bbox 2128 3059 2285 3126; x_wconf 78' lang='grc' dir='ltr'>λόγος</span> <span class='ocrx_word' id='word_1_443' title='bbox 2342 3055 2634 3125; x_wconf 75' lang='grc' dir='ltr'>ἐδήλωσεν,</span> <span class='ocrx_word' id='word_1_444' title='bbox 2669 3053 3047 3123; x_wconf 78' lang='grc' dir='ltr'>ἐντειλάμενος</span> <span class='ocrx_word' id='word_1_445' title='bbox 3097 3052 3285 3114; x_wconf 77' lang='grc' dir='ltr'>αὐτοῖς</span> <span class='ocrx_word' id='word_1_446' title='bbox 3325 3053 3384 3105; x_wconf 79' lang='grc' dir='ltr'>ἐν</span> <span class='ocrx_word' id='word_1_447' title='bbox 3421 3049 3607 3118; x_wconf 74' lang='grc' dir='ltr'>ἑκάστῳ</span> 
     </span>
    </p>
   </div>
   <div class='ocr_carea' id='block_1_56' title="bbox 2070 3145 3610 3223">
    <p class='ocr_par' dir='ltr' id='par_1_56' title="bbox 2070 3145 3610 3223">
     <span class='ocr_line' id='line_1_56' title="bbox 2070 3145 3610 3223; baseline -0.009 -18"><span class='ocrx_word' id='word_1_448' title='bbox 2070 3153 2169 3223; x_wconf 77' lang='grc' dir='ltr'><strong>μὲν</strong></span> <span class='ocrx_word' id='word_1_449' title='bbox 2201 3149 2310 3204; x_wconf 80' lang='grc' dir='ltr'><strong>τῶν</strong></span> <span class='ocrx_word' id='word_1_450' title='bbox 2337 3148 2627 3219; x_wconf 75' lang='grc' dir='ltr'>πολιχνίων</span> <span class='ocrx_word' id='word_1_451' title='bbox 2678 3145 3036 3216; x_wconf 81' lang='grc' dir='ltr'>ἀποχρῶντας</span> <span class='ocrx_word' id='word_1_452' title='bbox 3070 3145 3388 3210; x_wconf 75' lang='grc' dir='ltr'>εἰσαγαγεῖν</span> <span class='ocrx_word' id='word_1_453' title='bbox 3422 3157 3610 3210; x_wconf 67' lang='grc' dir='ltr'>στρατια</span> 
     </span>
    </p>
   </div>
   <div class='ocr_carea' id='block_1_57' title="bbox 2068 3232 3608 3313">
    <p class='ocr_par' dir='ltr' id='par_1_57' title="bbox 2068 3232 3608 3313">
     <span class='ocr_line' id='line_1_57' title="bbox 2068 3232 3608 3313; baseline -0.01 -13"><span class='ocrx_word' id='word_1_454' title='bbox 2068 3247 2212 3308; x_wconf 80' lang='grc' dir='ltr'>ὡτας</span> <span class='ocrx_word' id='word_1_455' title='bbox 2242 3248 2318 3306; x_wconf 82' lang='lat' dir='ltr'><strong>si;</strong></span> <span class='ocrx_word' id='word_1_456' title='bbox 2351 3243 2450 3313; x_wconf 80' lang='grc' dir='ltr'><strong>τὴν</strong></span> <span class='ocrx_word' id='word_1_457' title='bbox 2490 3240 2668 3295; x_wconf 79' lang='grc' dir='ltr'>αὐτῶν</span> <span class='ocrx_word' id='word_1_458' title='bbox 2702 3238 2962 3310; x_wconf 70' lang='grc' dir='ltr'>φρουρὰν,</span> <span class='ocrx_word' id='word_1_459' title='bbox 2997 3235 3195 3301; x_wconf 75' lang='grc' dir='ltr'>πεζοὺς</span> <span class='ocrx_word' id='word_1_460' title='bbox 3256 3235 3311 3288; x_wconf 82' lang='grc' dir='ltr'><strong>δὲ</strong></span> <span class='ocrx_word' id='word_1_461' title='bbox 3334 3232 3391 3298; x_wconf 76' lang='grc' dir='ltr'>ἐξ</span> <span class='ocrx_word' id='word_1_462' title='bbox 3421 3233 3608 3300; x_wconf 68' lang='grc' dir='ltr'>ἁπάσης</span> 
     </span>
    </p>
   </div>
   <div class='ocr_carea' id='block_1_58' title="bbox 2068 3317 3608 3409">
    <p class='ocr_par' dir='ltr' id='par_1_58' title="bbox 2068 3317 3608 3409">
     <span class='ocr_line' id='line_1_58' title="bbox 2068 3317 3608 3409; baseline -0.012 -17"><span class='ocrx_word' id='word_1_463' title='bbox 2068 3339 2166 3402; x_wconf 81' lang='grc' dir='ltr'><strong>τῆς</strong></span> <span class='ocrx_word' id='word_1_464' title='bbox 2193 3317 2376 3409; x_wconf 68' lang='grc' dir='ltr'>χωρας</span> <span class='ocrx_word' id='word_1_465' title='bbox 2407 3337 2542 3406; x_wconf 78' lang='grc' dir='ltr'>μετὰ</span> <span class='ocrx_word' id='word_1_466' title='bbox 2575 3331 2798 3404; x_wconf 82' lang='grc' dir='ltr'>ἁμαξῶν</span> <span class='ocrx_word' id='word_1_467' title='bbox 2825 3333 2918 3385; x_wconf 71' lang='grc' dir='ltr'><strong>καὶ</strong></span> <span class='ocrx_word' id='word_1_468' title='bbox 2951 3329 3058 3383; x_wconf 84' lang='grc' dir='ltr'><strong>τῶν</strong></span> <span class='ocrx_word' id='word_1_469' title='bbox 3117 3327 3324 3390; x_wconf 81' lang='grc' dir='ltr'>ταύτας</span> <span class='ocrx_word' id='word_1_470' title='bbox 3381 3325 3608 3378; x_wconf 78' lang='grc' dir='ltr'>ἑλκόντων</span> 
     </span>
    </p>
   </div>
   <div class='ocr_carea' id='block_1_59' title="bbox 2074 3415 3606 3500">
    <p class='ocr_par' dir='ltr' id='par_1_59' title="bbox 2074 3415 3606 3500">
     <span class='ocr_line' id='line_1_59' title="bbox 2074 3415 3606 3500; baseline -0.012 -16"><span class='ocrx_word' id='word_1_471' title='bbox 2074 3431 2212 3500; x_wconf 83' lang='grc' dir='ltr'>βοῶν</span> <span class='ocrx_word' id='word_1_472' title='bbox 2244 3426 2515 3492; x_wconf 81' lang='grc' dir='ltr'>ἐξελάσαι.</span> <span class='ocrx_word' id='word_1_473' title='bbox 2543 3425 2877 3494; x_wconf 82' lang='grc' dir='ltr'>Βουλόμενος</span> <span class='ocrx_word' id='word_1_474' title='bbox 2908 3422 3016 3492; x_wconf 82' lang='grc' dir='ltr'>γὰρ</span> <span class='ocrx_word' id='word_1_475' title='bbox 3072 3420 3235 3491; x_wconf 71' lang='grc' dir='ltr'>ἔαρος</span> <span class='ocrx_word' id='word_1_476' title='bbox 3284 3415 3606 3488; x_wconf 79' lang='grc' dir='ltr'>ἐφισταμένου</span> 
     </span>
    </p>
   </div>
   <div class='ocr_carea' id='block_1_60' title="bbox 2071 3503 3608 3590">
    <p class='ocr_par' dir='ltr' id='par_1_60' title="bbox 2071 3503 3608 3590">
     <span class='ocr_line' id='line_1_60' title="bbox 2071 3503 3608 3590; baseline -0.013 -16"><span class='ocrx_word' id='word_1_477' title='bbox 2071 3523 2169 3590; x_wconf 77' lang='grc' dir='ltr'><strong>τῆς</strong></span> <span class='ocrx_word' id='word_1_478' title='bbox 2214 3519 2355 3572; x_wconf 78' lang='grc' dir='ltr'><strong>κατὰ</strong></span> <span class='ocrx_word' id='word_1_479' title='bbox 2409 3517 2514 3570; x_wconf 83' lang='grc' dir='ltr'><strong>τῶν</strong></span> <span class='ocrx_word' id='word_1_480' title='bbox 2572 3514 2794 3568; x_wconf 85' lang='grc' dir='ltr'>Σκυθῶν</span> <span class='ocrx_word' id='word_1_481' title='bbox 2865 3510 3279 3582; x_wconf 84' lang='grc' dir='ltr'>καρτερώτερον</span> <span class='ocrx_word' id='word_1_482' title='bbox 3331 3503 3608 3572; x_wconf 79' lang='grc' dir='ltr'>ἀνθέξεσθαι</span> 
     </span>
    </p>
   </div>
   <div class='ocr_carea' id='block_1_61' title="bbox 2076 3596 3607 3680">
    <p class='ocr_par' dir='ltr' id='par_1_61' title="bbox 2076 3596 3607 3680">
     <span class='ocr_line' id='line_1_61' title="bbox 2076 3596 3607 3680; baseline -0.013 -16"><span class='ocrx_word' id='word_1_483' title='bbox 2076 3611 2253 3680; x_wconf 79' lang='grc' dir='ltr'>μάχης</span> <span class='ocrx_word' id='word_1_484' title='bbox 2283 3605 2624 3676; x_wconf 81' lang='grc' dir='ltr'>προεμελὲτα</span> <span class='ocrx_word' id='word_1_485' title='bbox 2657 3621 2715 3655; x_wconf 90' lang='grc' dir='ltr'><strong>τε</strong></span> <span class='ocrx_word' id='word_1_486' title='bbox 2762 3604 2857 3655; x_wconf 78' lang='grc' dir='ltr'>καὶ</span> <span class='ocrx_word' id='word_1_487' title='bbox 2887 3599 3183 3672; x_wconf 74' lang='grc' dir='ltr'>ηὑτρέπιζε</span> <span class='ocrx_word' id='word_1_488' title='bbox 3210 3601 3280 3650; x_wconf 84' lang='grc' dir='ltr'>τὰ</span> <span class='ocrx_word' id='word_1_489' title='bbox 3315 3596 3607 3650; x_wconf 79' lang='grc' dir='ltr'>συνοίσοντα.</span> 
     </span>
    </p>
   </div>
   <div class='ocr_carea' id='block_1_62' title="bbox 2076 3681 3608 3766">
    <p class='ocr_par' dir='ltr' id='par_1_62' title="bbox 2076 3681 3608 3766">
     <span class='ocr_line' id='line_1_62' title="bbox 2076 3681 3608 3766; baseline -0.016 -10"><span class='ocrx_word' id='word_1_490' title='bbox 2076 3704 2232 3756; x_wconf 77' lang='grc' dir='ltr'>Οὖτω</span> <span class='ocrx_word' id='word_1_491' title='bbox 2267 3698 2395 3766; x_wconf 80' lang='grc' dir='ltr'>γοῦν</span> <span class='ocrx_word' id='word_1_492' title='bbox 2429 3697 2645 3751; x_wconf 78' lang='grc' dir='ltr'>ᾶπαντα</span> <span class='ocrx_word' id='word_1_493' title='bbox 2673 3694 2988 3764; x_wconf 72' lang='grc' dir='ltr'>διαθέμενος</span> <span class='ocrx_word' id='word_1_494' title='bbox 3044 3689 3401 3763; x_wconf 72' lang='grc' dir='ltr'>ἐπανέρχεται</span> <span class='ocrx_word' id='word_1_495' title='bbox 3427 3683 3543 3754; x_wconf 80' lang='grc' dir='ltr'>πρὸς</span> <span class='ocrx_word' id='word_1_496' title='bbox 3563 3681 3608 3732; x_wconf 63' lang='grc' dir='ltr'>τὺ</span> 
     </span>
    </p>
   </div>
   <div class='ocr_carea' id='block_1_63' title="bbox 2077 3790 2385 3855">
    <p class='ocr_par' dir='ltr' id='par_1_63' title="bbox 2077 3790 2385 3855">
     <span class='ocr_line' id='line_1_63' title="bbox 2077 3790 2385 3855; baseline -0.026 -11"><span class='ocrx_word' id='word_1_497' title='bbox 2077 3790 2385 3855; x_wconf 61' lang='grc' dir='ltr'>Βυζάντιον.</span> 
     </span>
    </p>
   </div>
   <div class='ocr_carea' id='block_1_64' title="bbox 404 3877 1969 3953">
    <p class='ocr_par' dir='ltr' id='par_1_64' title="bbox 404 3877 1969 3953">
     <span class='ocr_line' id='line_1_64' title="bbox 404 3877 1969 3953; baseline -0.011 -7"><span class='ocrx_word' id='word_1_498' title='bbox 404 3893 580 3946; x_wconf 86' lang='lat' dir='ltr'><strong>batur.</strong></span> <span class='ocrx_word' id='word_1_499' title='bbox 620 3888 773 3944; x_wconf 88' lang='lat' dir='ltr'><strong>llune</strong></span> <span class='ocrx_word' id='word_1_500' title='bbox 799 3888 850 3940; x_wconf 95' lang='lat' dir='ltr'><strong>in</strong></span> <span class='ocrx_word' id='word_1_501' title='bbox 888 3885 1104 3941; x_wconf 91' lang='lat' dir='ltr'><strong>modum</strong></span> <span class='ocrx_word' id='word_1_502' title='bbox 1139 3882 1417 3953; x_wconf 86' lang='lat' dir='ltr'><strong>dispositis</strong></span> <span class='ocrx_word' id='word_1_503' title='bbox 1451 3881 1722 3945; x_wconf 74' lang='lat' dir='ltr'><strong>euntibus,</strong></span> <span class='ocrx_word' id='word_1_504' title='bbox 1761 3877 1969 3948; x_wconf 78' lang='lat' dir='ltr'><strong>Byzan-</strong></span> 
     </span>
    </p>
   </div>
   <div class='ocr_carea' id='block_1_65' title="bbox 405 3980 875 4036">
    <p class='ocr_par' dir='ltr' id='par_1_65' title="bbox 405 3980 875 4036">
     <span class='ocr_line' id='line_1_65' title="bbox 405 3980 875 4036; baseline -0.009 0"><span class='ocrx_word' id='word_1_505' title='bbox 405 3982 536 4036; x_wconf 87' lang='lat' dir='ltr'><strong>tiuut</strong></span> <span class='ocrx_word' id='word_1_506' title='bbox 567 3980 875 4034; x_wconf 74' lang='lat' dir='ltr'><strong>revertitur.</strong></span> 
     </span>
    </p>
   </div>
   <div class='ocr_carea' id='block_1_66' title="bbox 417 4202 720 4213">
    <p class='ocr_par' dir='ltr' id='par_1_66' title="bbox 417 4202 720 4213">
     <span class='ocr_line' id='line_1_66' title="bbox 417 4202 720 4213; baseline -0.02 0"><span class='ocrx_word' id='word_1_507' title='bbox 417 4203 582 4213; x_wconf 39' lang='lat'><strong>——._.-.</strong></span> <span class='ocrx_word' id='word_1_508' title='bbox 593 4203 664 4210; x_wconf 68' lang='grc'><strong>...-</strong></span> <span class='ocrx_word' id='word_1_509' title='bbox 671 4202 720 4209; x_wconf 82' lang='grc'><strong>-.-.</strong></span> 
     </span>
    </p>
   </div>
   <div class='ocr_carea' id='block_1_67' title="bbox 417 4217 516 4232">
    <p class='ocr_par' dir='ltr' id='par_1_67' title="bbox 417 4217 516 4232">
     <span class='ocr_line' id='line_1_67' title="bbox 417 4217 516 4232; baseline -0.03 0"><span class='ocrx_word' id='word_1_510' title='bbox 417 4217 516 4232; x_wconf 70' lang='grc' dir='ltr'><strong>,οσ-</strong></span> 
     </span>
    </p>
   </div>
   <div class='ocr_carea' id='block_1_68' title="bbox 1217 4191 2218 4216">
    <p class='ocr_par' dir='ltr' id='par_1_68' title="bbox 1217 4191 1592 4200">
     <span class='ocr_line' id='line_1_68' title="bbox 1217 4191 1592 4200; baseline -0.005 -6"><span class='ocrx_word' id='word_1_511' title='bbox 1217 4191 1550 4200; x_wconf 46' lang='lat' dir='ltr'><strong>_____j,,</strong></span> <span class='ocrx_word' id='word_1_512' title='bbox 1566 4191 1592 4193; x_wconf 57' lang='lat'><strong>,,</strong></span> 
     </span>
    </p>
   </div>
   <div class='ocr_carea' id='block_1_69' title="bbox 1024 4335 3034 4496">
    <p class='ocr_par' dir='ltr' id='par_1_69' title="bbox 1024 4335 3034 4496">
     <span class='ocr_line' id='line_1_69' title="bbox 1024 4335 3034 4496; baseline -0.017 1"><span class='ocrx_word' id='word_1_513' title='bbox 1024 4363 1582 4496; x_wconf 82' lang='grc' dir='ltr'>ΑΝΝΗΣ</span> <span class='ocrx_word' id='word_1_514' title='bbox 1657 4355 1997 4486; x_wconf 89' lang='grc' dir='ltr'><strong>ΤΗΣ</strong></span> <span class='ocrx_word' id='word_1_515' title='bbox 2075 4335 3034 4479; x_wconf 80' lang='grc' dir='ltr'><strong>ΚΟΜΝΗΝΗΣ</strong></span> 
     </span>
    </p>
   </div>
   <div class='ocr_carea' id='block_1_70' title="bbox 1414 4581 2638 4688">
    <p class='ocr_par' dir='ltr' id='par_1_70' title="bbox 1414 4581 2638 4688">
     <span class='ocr_line' id='line_1_70' title="bbox 1414 4581 2638 4688; baseline -0.02 1"><span class='ocrx_word' id='word_1_516' title='bbox 1414 4588 2040 4688; x_wconf 83' lang='grc' dir='ltr'><strong>ΑΛΕΞΙΑΔΟΣ</strong></span> <span class='ocrx_word' id='word_1_517' title='bbox 2115 4587 2479 4678; x_wconf 87' lang='grc' dir='ltr'>ΛΟΓΟΣ</span> <span class='ocrx_word' id='word_1_518' title='bbox 2521 4581 2638 4670; x_wconf 90' lang='lat' dir='ltr'><strong>H&#39;.</strong></span> 
     </span>
    </p>
   </div>
   <div class='ocr_carea' id='block_1_71' title="bbox 1993 4808 2064 4820">
    <p class='ocr_par' dir='ltr' id='par_1_71' title="bbox 1993 4808 2064 4820">
     <span class='ocr_line' id='line_1_71' title="bbox 1993 4808 2064 4820; baseline -0.028 0"><span class='ocrx_word' id='word_1_519' title='bbox 1993 4808 2064 4820; x_wconf 76' lang='lat'><em>_</em></span> 
     </span>
    </p>
   </div>
   <div class='ocr_carea' id='block_1_72' title="bbox 1234 4945 2832 5091">
    <p class='ocr_par' dir='ltr' id='par_1_72' title="bbox 1234 4945 2832 5091">
     <span class='ocr_line' id='line_1_72' title="bbox 1234 4945 2832 5091; baseline -0.017 1"><span class='ocrx_word' id='word_1_520' title='bbox 1234 4964 1774 5091; x_wconf 64' lang='lat' dir='ltr'><strong>ANNIE</strong></span> <span class='ocrx_word' id='word_1_521' title='bbox 1917 4945 2832 5085; x_wconf 72' lang='lat' dir='ltr'><strong>COMNEN/E</strong></span> 
     </span>
    </p>
   </div>
   <div class='ocr_carea' id='block_1_73' title="bbox 1310 5183 2954 5310">
    <p class='ocr_par' dir='ltr' id='par_1_73' title="bbox 1310 5183 2954 5310">
     <span class='ocr_line' id='line_1_73' title="bbox 1310 5183 2954 5310; baseline -0.018 2"><span class='ocrx_word' id='word_1_522' title='bbox 1310 5213 1959 5310; x_wconf 84' lang='lat' dir='ltr'><strong>ALEXIADIS</strong></span> <span class='ocrx_word' id='word_1_523' title='bbox 2034 5207 2384 5299; x_wconf 74' lang='lat' dir='ltr'><strong>LIBER</strong></span> <span class='ocrx_word' id='word_1_524' title='bbox 2471 5183 2702 5295; x_wconf 84' lang='lat' dir='ltr'><strong>VIII</strong></span> <span class='ocrx_word' id='word_1_525' title='bbox 2943 5197 2954 5206; x_wconf 91' lang='grc'><strong>·</strong></span> 
     </span>
    </p>
   </div>
   <div class='ocr_carea' id='block_1_74' title="bbox 1727 5569 2508 5650">
    <p class='ocr_par' dir='ltr' id='par_1_74' title="bbox 1727 5569 2508 5650">
     <span class='ocr_line' id='line_1_74' title="bbox 1727 5569 2508 5650; baseline -0.031 1"><span class='ocrx_word' id='word_1_526' title='bbox 1727 5575 1893 5650; x_wconf 78' lang='grc'><strong>219</strong></span> <span class='ocrx_word' id='word_1_527' title='bbox 1937 5569 2508 5637; x_wconf 84' lang='lat' dir='ltr'><strong>ARGUMENTUM.</strong></span> 
     </span>
    </p>
   </div>
   <div class='ocr_carea' id='block_1_75' title="bbox 499 5661 3604 5856">
    <p class='ocr_par' dir='ltr' id='par_1_75' title="bbox 499 5661 3604 5856">
     <span class='ocr_line' id='line_1_75' title="bbox 499 5661 3604 5856; baseline -0.02 -73"><span class='ocrx_word' id='word_1_528' title='bbox 499 5713 893 5856; x_wconf 55' lang='lat' dir='ltr'><strong>Debeclllatur:</strong></span> <span class='ocrx_word' id='word_1_529' title='bbox 926 5727 1074 5849; x_wconf 50' lang='lat' dir='ltr'><strong>tcurln</strong></span> <span class='ocrx_word' id='word_1_530' title='bbox 1104 5708 1352 5791; x_wconf 81' lang='lat' dir='ltr'><strong>Scythis</strong></span> <span class='ocrx_word' id='word_1_531' title='bbox 1382 5705 1627 5789; x_wconf 83' lang='lat' dir='ltr'><strong>ingenti</strong></span> <span class='ocrx_word' id='word_1_532' title='bbox 1661 5701 1904 5785; x_wconf 78' lang='lat' dir='ltr'><strong>praeiio,</strong></span> <span class='ocrx_word' id='word_1_533' title='bbox 1944 5715 2071 5781; x_wconf 87' lang='lat' dir='ltr'><strong>quo</strong></span> <span class='ocrx_word' id='word_1_534' title='bbox 2108 5712 2261 5777; x_wconf 82' lang='lat' dir='ltr'><strong>gens</strong></span> <span class='ocrx_word' id='word_1_535' title='bbox 2289 5693 2584 5758; x_wconf 83' lang='lat' dir='ltr'><strong>universa</strong></span> <span class='ocrx_word' id='word_1_536' title='bbox 2614 5703 2743 5752; x_wconf 87' lang='lat' dir='ltr'><strong>uno</strong></span> <span class='ocrx_word' id='word_1_537' title='bbox 2776 5686 2878 5750; x_wconf 90' lang='lat' dir='ltr'><strong>die</strong></span> <span class='ocrx_word' id='word_1_538' title='bbox 2909 5681 3120 5747; x_wconf 86' lang='lat' dir='ltr'><strong>deleta</strong></span> <span class='ocrx_word' id='word_1_539' title='bbox 3158 5682 3276 5744; x_wconf 86' lang='lat' dir='ltr'><strong>est.</strong></span> <span class='ocrx_word' id='word_1_540' title='bbox 3315 5661 3604 5749; x_wconf 82' lang='lat' dir='ltr'><strong>Conspira-</strong></span> 
     </span>
     <span class='ocr_line' id='line_1_76' title="bbox 499 5797 3388 5856; baseline -0.012 0"><span class='ocrx_word' id='word_1_541' title='bbox 499 5813 631 5856; x_wconf 84' lang='lat' dir='ltr'><strong>mes</strong></span> <span class='ocrx_word' id='word_1_542' title='bbox 713 5809 807 5855; x_wconf 70' lang='lat' dir='ltr'><strong>um</strong></span> <span class='ocrx_word' id='word_1_543' title='bbox 887 5807 918 5852; x_wconf 90' lang='lat' dir='ltr'><strong>e</strong></span> <span class='ocrx_word' id='word_1_544' title='bbox 952 5807 1022 5852; x_wconf 91' lang='lat' dir='ltr'><strong>ec</strong></span> <span class='ocrx_word' id='word_1_545' title='bbox 1053 5805 1127 5853; x_wconf 82' lang='lat' dir='ltr'><strong>ae.</strong></span> <span class='ocrx_word' id='word_1_546' title='bbox 3385 5797 3388 5800; x_wconf 91' lang='grc'><strong>-</strong></span> 
     </span>
    </p>
   </div>
   <div class='ocr_carea' id='block_1_76' title="bbox 425 5797 3388 5866">
    <p class='ocr_par' dir='ltr' id='par_1_76' title="bbox 425 5797 3388 5866">
     <span class='ocr_line' id='line_1_77' title="bbox 425 5797 3388 5866; baseline -0.022 0"><span class='ocrx_word' id='word_1_547' title='bbox 425 5801 631 5866; x_wconf 85' lang='lat' dir='ltr'><strong>tiones</strong></span> <span class='ocrx_word' id='word_1_548' title='bbox 667 5797 807 5856; x_wconf 70' lang='lat' dir='ltr'><strong>dum</strong></span> <span class='ocrx_word' id='word_1_549' title='bbox 843 5797 1127 5853; x_wconf 82' lang='lat' dir='ltr'><strong>detectae.</strong></span> <span class='ocrx_word' id='word_1_550' title='bbox 3385 5797 3388 5800; x_wconf 77' lang='lat'><strong>.</strong></span> 
     </span>
    </p>
   </div>
  </div>
