3798 6600
106 418 191 480 ﬁlii

108 530 171 582 vel
200 526 244 579 in
279 522 559 585 vestibulo,
594 521 670 575 vel
706 520 756 574 in
787 520 994 591 postica
1032 522 1214 592 templi
1252 536 1403 592 parte
1438 522 1694 577 continua

105 626 221 676 hunc
254 618 529 670 tumultum
560 616 1152 685 Scytbicum:quantlo
1210 620 1394 671 audita
1456 618 1695 685 undique

1289 410 1706 472 ALEXIADIS
1748 411 1894 472 LIB.
1941 412 2110 473 VIII.

1733 522 1995 591 religione
2064 538 2418 591 perseverare
2485 528 2930 593 consuevissent,
2997 545 3169 602 usque
3242 541 3309 592 ad

1733 619 1977 687 exempla
2010 621 2354 688 gliscentium
2385 624 2628 691 quatidie
2660 624 2911 680 licentius
2937 634 2991 680 et
3021 642 3311 695 quoscutno

106 725 186 777 que
222 708 321 775 jam
368 708 555 761 obices
586 708 997 764 transilicutium
1044 709 1465 778 grassationum,
1500 719 1624 773 tam
1666 724 1833 779 prope
1864 718 2128 767 terrorem
2157 717 2536 779 admm'ernnt,
2583 728 2640 771 ut
2704 733 2840 788 quos
2870 730 3142 776 consueta
3219 736 3311 774 re-

103 798 205 866 ligio
228 800 459 852 trahebat
489 801 555 853 ad
587 801 987 855 venerationem
1022 804 1187 857 vicini
1226 804 1500 873 martyris,
1553 815 1620 856 ne
1697 812 1881 871 portas
1930 804 2145 873 quidem
2200 808 2413 876 aperire
2464 808 2706 880 Byzantii
2757 823 2903 867 metu
2980 815 3308 881 Scytharum

102 894 341 946 auderent.

165 983 301 1035 Ἀλλὰ
323 983 492 1035 ταῦτα
522 984 618 1053 μὲν
636 987 705 1039 τὰ
734 985 791 1050 ἐξ
807 988 1035 1055 ἠπείρου
1067 990 1165 1059 τῆς
1196 990 1433 1060 ἑσπέρας
1461 1004 1629 1058 προσ·
1657 992 1703 1049 Α

103 1079 294 1130 πεσόντα
320 1076 392 1145 τῷ
422 1076 786 1148 αὐτοκράτορι
811 1080 979 1136 δεινά.
1008 1083 1081 1134 Οὐ
1115 1084 1298 1151 μέντοι
1332 1099 1394 1149 γε
1418 1081 1536 1134 οὐδὲ
1562 1079 1630 1131 τὰ

102 1172 208 1225 κατὰ
228 1169 484 1223 θάλατταν
512 1171 721 1233 ἁνέτως
752 1166 916 1241 εἶχεν,
952 1173 1085 1226 ἀλλὰ
1132 1173 1225 1226 κα)¹
1255 1172 1374 1225 λίαν
1409 1176 1630 1224 ἐπικιν-

104 1265 249 1327 δύνως,
276 1264 363 1313 τοῦ
390 1261 581 1332 Τζαχᾶ
604 1260 758 1327 αὖθις
781 1265 965 1317 στόλον
994 1265 1339 1335 κτησαμένου
1363 1265 1427 1327 ⁸³,
1454 1264 1543 1316 καὶ
1562 1263 1629 1315 τὰ

100 1356 214 1425 ετρᾶ
233 1353 494 1407 θάλατταν
524 1355 736 1408 ἅπαντα
783 1358 1231 1427 κατατρέχοντος.
1262 1356 1387 1410 Ἐπὶ
1418 1356 1631 1420 τούτοις

102 1447 169 1502 οἷν
205 1450 229 1500 ό
259 1447 509 1517 βασιλεὺς
558 1450 747 1517 ἠνιᾶτο
789 1452 887 1501 καὶ
938 1449 1207 1519 ἤσχαλλεν
1251 1449 1630 1520 ἁπανταχόθεν

103 1542 373 1613 βαλλόμενος
389 1543 510 1602 ταῖς
529 1543 829 1612 φροντίσιν.
868 1542 923 1595 Ἐ
934 1544 1118 1595 πειδὰν
1136 1543 1180 1595 δ’
1203 1543 1409 1613 ἠγγέλη
1432 1542 1521 1594 τού
1531 1560 1626 1612 τῳ,

100 1637 154 1695 ὠς
175 1633 257 1702 ἤδη
288 1633 377 1699 καὶ
403 1632 631 1684 πλείονα
660 1631 850 1685 στόλον
885 1633 949 1686 ἐκ
970 1632 1080 1685 τῶν
1104 1633 1389 1703 παραλίων
1423 1634 1631 1701 κτησά-

104 1742 240 1796 μενος,
268 1728 293 1778 ό
319 1722 563 1794 Τζαχᾶς,
613 1726 709 1778 καὶ
740 1725 836 1789 τὰς
868 1726 1209 1789 ἐπιλοίπους,
1264 1719 1339 1778 ὧν
1372 1724 1627 1796 προφθά-

102 1836 173 1878 σας
191 1816 401 1884 κατέσχε
425 1818 634 1887 νήσων,
670 1818 975 1889 πορθήσας,
1029 1819 1119 1870 καὶ¹
1152 1818 1297 1871 κατὰ
1327 1818 1436 1870 τῶν
1465 1819 1629 1871 ἐσπε-

103 1910 199 1978 ρίων
218 1906 395 1978 χωρῶν
417 1906 753 1962 διανοεῖσθαι
783 1911 1192 1980 ἐπικεχείρηκε,
1223 1910 1315 1963 καὶ
1343 1912 1475 1980 πρὸς
1494 1911 1617 1974 τοὺς

100 2000 261 2063 Σκύθας
295 1999 771 2071 διαπεμπόμενος,
827 2003 1182 2055 συνεϐούλευε
1215 2003 1314 2069 τὴν
1348 2002 1629 2074 Χερρόνη-

101 2112 165 2146 σον
186 2093 487 2146 καταλαϐεῖν
510 2111 522 2124 ο
555 2095 621 2146 οὐ
657 2094 765 2164 μὴν
818 2095 939 2147 οὐδὲ
967 2094 1026 2147 τὸ
1058 2097 1121 2148 ἐκ
1150 2094 1251 2164 τῆς
1279 2094 1417 2165 ἐῴας
1454 2110 1624 2164 προσ-

100 2184 301 2253 εληλυθὸς
332 2184 405 2253 τῷ
436 2186 809 2256 αὐτοκράτορι
843 2186 1262 2256 μισθοφορικὸν,
1310 2187 1415 2240 τῶν
1447 2187 1628 2258 Τούρ-

99 2293 181 2328 κων
200 2276 342 2344 φημὶ,
402 2275 711 2348 συνεχώρει
741 2277 840 2341 τὰς
872 2279 1009 2348 πρὸς
1040 2277 1205 2330 αὑτὸν
1253 2278 1489 2343 σπονδὰς
1525 2280 1625 2351 ἁρ-

102 2337 467 2439 ραγείξτηρείν,
521 2337 856 2438 ύῖπϐσχέσεσι
904 2337 1172 2441 γρησταῖς
1206 2337 1538 2437 ὑποσαίνων,
1565 2337 1625 2425 ἐἰ
1657 2337 1698 2391 Β

99 2459 163 2512 τίν
201 2458 564 2529 αὐτοκράτορα
621 2450 1022 2524 καταλιπόντες
1079 2462 1230 2532 αύτῷ
1299 2466 1628 2535 προσχωρή-

101 2569 214 2605 σαιεν
240 2553 279 2582 ⁸⁸
300 2565 314 2581 ⁸
362 2550 540 2604 ταῦτα
571 2554 735 2620 γνοὺς
762 2555 790 2606 ό
824 2553 1099 2623 βασιλεὺς,
1133 2556 1256 2608 ἐπεὶ
1291 2556 1360 2609 τά
1390 2573 1451 2609 τε
1486 2557 1629 2611 κατὰ

100 2642 315 2696 θάλατταν
341 2644 407 2696 τά
434 2660 495 2696 τε
529 2644 673 2697 κατὰ
702 2645 802 2714 τὴν
828 2646 1055 2716 ἤπειρον
1079 2646 1197 2699 λίαν
1241 2648 1429 2713 κακῶς
1474 2648 1628 2721 αὐτῷ

97 2734 327 2799 διετίθετο,
352 2735 447 2788 καὶ
479 2738 509 2788 ὁ
534 2737 748 2805 χειμὼν
783 2736 1030 2807 σςροδρῶς
1070 2739 1114 2769 ¹¹
1144 2740 1495 2810 ἐπικείμενος
1526 2744 1627 2807 τὰς

100 2823 263 2886 ἐξόδους
289 2824 640 2878 παντάπασιν
693 2826 924 2891 ἔκλαιεν,
977 2826 1120 2893 ὥστε
1156 2829 1291 2899 μηδὲ
1323 2830 1630 2900 ἀποζυγοῦ-

102 2916 193 2966 σθαι
228 2914 315 2976 τὰς
344 2915 450 2967 τῶν
486 2916 815 2986 οἰκημάτων
869 2916 1042 2988 θύρας
1076 2919 1166 2972 διὰ
1212 2919 1274 2973 τὸ
1303 2924 1403 2992 τῆς
1449 2922 1628 2992 χιόνος

100 3004 328 3076 ἑπιϐριθὲς
358 3005 589 3077 (συνέϐη
623 3008 733 3078 γὰρ
782 3008 905 3061 τότε
955 3009 1156 3080 πολλὴν
1194 3012 1624 3083 ἐπιφορηθῆναι,

103 3100 171 3150 καὶ
191 3100 307 3167 ὅσην
348 3099 524 3163 οὐδείς
556 3118 648 3155 πω
679 3102 946 3171 πρότερον
982 3102 1269 3173 ἔγνωκεν),
1297 3105 1371 3167 ὼς
1402 3106 1518 3159 ἐνὸν
1538 3106 1627 3161 διὰ

101 3190 387 3259 γραμμάτων
413 3175 797 3263 ἁπᾶνταχόθεν
844 3193 1068 3249 ἔσπευδε
1109 3195 1503 3268 μισθοφορικὸν
1534 3217 1628 3269 με-

100 3286 477 3342 τακαλέσασθαι.
537 3287 650 3341 Τοῦ
709 3289 863 3360 ἡλίου
896 3290 953 3343 δέ
1012 3290 1112 3361 τὴν
1164 3292 1389 3363 ἐαρινὴν
1417 3293 1626 3367 τροπὴν

100 3378 259 3449 ἀτάρτι
312 3381 837 3451 καταλαμϐάνοντος
902 3383 1051 3454 (ἐπεὶ
1110 3386 1204 3439 καὶ
1235 3387 1265 3439 ὁ
1302 3387 1366 3440 ἐκ
1406 3387 1513 3441 τῶν
1541 3405 1627 3440 νε-

102 3471 187 3537 φῶν
238 3473 631 3544 ἀπειλούμενος
689 3474 929 3545 πόλεμος
983 3476 1161 3549 ᾤχετο
1189 3518 1205 3544 ,
1273 3478 1367 3531 καὶ
1434 3481 1467 3549 ἡ
1539 3479 1627 3534 θά-

102 3561 228 3616 λαττα
286 3564 376 3618 τοῦ
442 3565 625 3637 θυμοῦ
693 3568 1057 3638 μετεϐέϐλητο
1107 3570 1212 3641 "),
1279 3571 1391 3625 δεῖν
1452 3571 1627 3639 ἐλογί-

102 3671 235 3721 σατο,
291 3657 638 3728 ἑκατέρωθεν
704 3658 813 3711 τῶν
888 3660 1152 3713 ἐναντίων
1220 3660 1696 3736 ἐπικειμένων,ο

101 3746 149 3798 τὰ
172 3748 289 3801 κατὰ
317 3749 593 3805 θάλατταν
629 3751 831 3820 μᾶλλον
864 3752 1218 3820 καταλαϐεῖν,
1252 3753 1337 3807 ἵνα
1366 3754 1502 3825 ὁμοῦ
1526 3753 1624 3808 καὶ

102 3841 181 3902 τοῖς
221 3844 561 3912 ναυσιπόροις
602 3842 816 3912 ἐχθροῖς
865 3846 1065 3913 ῥᾳδίως
1121 3846 1223 3917 ἔχῃ
1254 3845 1299 3877 ³³
1366 3844 1623 3898 ἀντικαθ-

104 3928 321 3995 ίστασθαι,
334 3934 584 4004 καὶπρὸς
598 3934 722 3996 τοὺς
739 3935 797 3998 ἐξ
816 3935 1045 4005 ἠπείρου
1066 3935 1304 4006 εὐχερῶς
1330 3935 1620 4007 μάχεσθαι.

103 4021 396 4094 Παραχρῆμα
452 4026 638 4080 τοίνυν
691 4026 784 4079 τὸν
851 4028 1105 4097 Καίσαρα
1170 4028 1484 4098 Νικηφόρον
1534 4027 1625 4081 τὸν

102 4112 385 4185 Μελισσηνὸν
420 4116 755 4181 ἀποστείλας
804 4120 1158 4188 μετεκαλεῖτο
1191 4118 1382 4172 θᾶττον
1410 4119 1441 4190 ἢ
1469 4121 1624 4188 λόγος

100 4206 172 4276 τὴν
194 4205 337 4261 Λίνον
372 4210 487 4280 ('59)
518 4208 875 4264 καταλαϐεῖν.
917 4210 1157 4278 Ἐφοασε
1186 4213 1292 4281 γὰρ
1322 4212 1410 4265 διὰ
1442 4229 1625 4281 γραμ-

104 4298 247 4363 μάτων
287 4300 535 4369 δηλώσας
588 4300 948 4366 συλλέξασθαι
987 4304 1216 4365 ὁπόσους
1252 4302 1318 4355 ἂν
1368 4303 1620 4373 δυνηθείη

100 4388 172 4439 δία
210 4390 307 4441 ἀπᾶ
349 4389 461 4443 τῶν
523 4391 631 4462 ήδη
690 4392 1139 4463 ἐστρατευμένων
1179 4394 1446 4463 (ἐκείνους
1514 4396 1623 4465 γὰρ

101 4478 266 4541 φθάσας
290 4481 363 4543 είς
398 4481 499 4543 τὰς
534 4482 720 4544 πόλεις
754 4483 1039 4553 ἁπανταχῆ
1092 4483 1187 4554 τῆς
1228 4484 1495 4554 Ἐσπέρας
1542 4485 1624 4538 δι-

101 4570 323 4639 έσπειρεν,
353 4566 509 4642 seu};
541 4576 801 4644 φρουρεῖν
841 4573 909 4627 τὰ
959 4573 1267 4645 κυριώτερα
1314 4575 1423 4629 τῶν
1471 4577 1624 4629 πολι-

101 4663 262 4727 χνίων),
281 4665 411 4717 ἀλλὰ
446 4666 594 4718 κατὰ
628 4666 794 4737 μέρος
824 4666 1135 4730 νεολέκτους
1161 4667 1476 4733 καταλέγων
1497 4669 1626 4721 ὁπό-

102 4766 233 4815 σοιτε
266 4754 324 4807 ἐκ
346 4755 697 4826 Βουλγάρων,
740 4758 835 4811 καὶ
886 4757 1075 4810 ὀπόσοι
1108 4756 1198 4810 τὸν
1254 4758 1461 4827 νομάδα
1509 4758 1624 4829 βίον

102 4844 260 4897 samo
286 4846 548 4918 (Βλάχους
600 4849 821 4911 τούτους
855 4850 887 4919 ἡ
931 4849 1086 4918 κοινὴ
1140 4848 1329 4902 καλεῖν
1364 4845 1471 4903 οἶδε
1500 4851 1621 4904 διὰ-

102 4934 266 5003 λεκτος)
308 4942 404 4995 καὶ
464 4947 594 5007 τοὺς
639 4942 863 4997 ἄλλοθεν
898 4943 955 5009 ἐξ
1002 4943 1228 4997 ἀπασῶν
1274 4943 1383 4997 τῶν
1429 4945 1622 5016 χωρῶν

1804 987 1927 1045 Haec
1973 989 2090 1046 fere
2136 1007 2233 1059 per
2275 992 2645 1049 continentem
2679 996 2957 1049 occiduam
2994 987 3309 1065 impetatori

1732 1083 1960 1137 adversa
1989 1085 2293 1153 contigere.
2328 1082 2438 1138 Nec
2484 1099 2616 1137 vero
2648 1102 2735 1139 res
2788 1088 3058 1143 maritima
3114 1093 3309 1143 remis-

1730 1173 1845 1228 sius
1878 1172 2109 1228 habebat
2143 1192 2157 1228 :
2195 1176 2324 1243 quin
2360 1175 2543 1244 potius
2578 1176 2630 1229 in
2675 1178 2843 1231 multo
2875 1182 3125 1237 maximo.
3159 1182 3307 1248 peri-

1732 1264 1855 1317 culo
1892 1266 2234 1327 versabatur,
2267 1267 2483 1322 Tzaclta
2513 1284 2636 1321 cum
2686 1283 2876 1322 rursus
2910 1271 3175 1323 aedificata
3215 1287 3306 1325 ar-

1731 1367 1981 1426 malaque
2004 1358 2179 1413 classe
2204 1361 2423 1427 impuoe
2442 1362 2620 1415 omnia
2644 1363 3022 1431 pervolitante,
3044 1379 3306 1432 oramque

1730 1448 1840 1502 late
1863 1465 2076 1503 omnem
2106 1451 2426 1521 insulasque
2451 1468 2513 1506 ac
2544 1465 2735 1523 portus
2768 1455 3014 1523 piraticis
3041 1457 3307 1510 incursio-

1731 1541 1889 1596 nibus
1952 1542 2264 1598 inlestante.
2328 1543 2734 1599 Vulnerabatur
2802 1548 2887 1600 bis
2944 1552 3307 1617 undecunque

1731 1629 2078 1686 alilueutihus
2109 1635 2319 1687 nuntiis
2359 1635 2710 1703 imperatoris
2746 1636 2994 1701 animus;
3048 1649 3101 1690 et
3152 1640 3304 1707 quasi

1730 1724 1950 1778 assidua
1985 1726 2131 1779 omni
2165 1742 2228 1780 ex
2265 1737 2417 1794 parte
2444 1726 2782 1795 jaculatione
2822 1729 3030 1798 petitus
3060 1730 3303 1798 gravium

1729 1826 1782 1869 et
1806 1831 2024 1885 semper
2056 1820 2355 1872 recentium
2391 1834 2668 1885 curarum,
2694 1820 2880 1875 dolere
2915 1829 3089 1892 magis
3124 1833 3176 1875 et
3220 1824 3303 1876 la-

1732 1910 1958 1961 mentari
1999 1909 2267 1977 publicam
2302 1918 2528 1976 sortem,
2558 1926 2719 1979 quam
2748 1914 3077 1984 excogitare,
3105 1916 3299 1967 nedum

1732 1998 1948 2059 aliene.
1992 2000 2289 2052 remedium
2321 2010 2397 2052 tot
2434 2002 2616 2066 malis,
2659 2011 2751 2055 ant
2796 2003 2846 2056 in
2885 2014 2990 2057 tam
3046 2004 3304 2073 impedita

1733 2092 2085 2161 perplexitate
2110 2108 2294 2147 rerum
2335 2094 2713 2166 qualecunque
2740 2096 3022 2150 consilium
3046 2099 3305 2166 expeti-re

1730 2194 1975 2255 poterat:
2013 2186 2295 2254 multoque
2343 2186 2522 2240 minus
2569 2198 2854 2259 postquam
2896 2187 3114 2241 allatum
3168 2202 3305 2255 pra:-

1731 2285 1880 2333 terea
1913 2285 2020 2338 est,
2058 2284 2273 2329 auctam
2337 2276 2684 2332 vehementer
2728 2294 2758 2332 a
2811 2278 3024 2331 Tzaclta
3075 2277 3301 2331 clas<em

1729 2367 2071 2436 congregatis
2104 2382 2169 2421 ex
2206 2382 2301 2421 ora
2334 2367 2587 2421 universa
2636 2368 2909 2422 maritima
2948 2369 3150 2435 ingenti
3198 2384 3305 2422 nn-

1729 2475 1879 2513 mero
1935 2458 2093 2513 novis
2148 2458 2419 2525 navibus;
2478 2474 2599 2511 cum
2662 2461 2763 2515 hoc
2817 2460 3191 2529 supplemento
3248 2461 3302 2514 in

1727 2551 1910 2604 animo
1940 2550 2142 2605 habere
2208 2550 2497 2604 barbarum
2557 2552 2807 2621 reliquis,
2860 2568 2997 2622 quas
3062 2554 3304 2605 nondum

1726 2644 1828 2697 sibi
1856 2645 2183 2711 subiecerat,
2212 2643 2404 2697 insulis
2435 2646 2680 2709 \‘aslztlis,
2703 2646 2961 2698 occiduas
2995 2645 3303 2712 irruptione

1728 2736 1900 2790 valida
1950 2746 2157 2790 tentare
2204 2737 2492 2806 regiones:
2533 2739 2775 2805 adeoque
2807 2735 2915 2804 jam
2963 2736 3142 2805 egisse
3192 2752 3290 2805 per

1728 2830 2088 2889 internuntios
2116 2846 2238 2883 cum
2278 2829 2497 2900 Scythis
2538 2828 3018 2882 utCltersnnesutn
3066 2843 3303 2897 occupa-

1726 2935 1868 2977 rent.
1934 2921 2295 2976 Nuntiabatur
2350 2933 2404 2975 et
2458 2921 2587 2975 illud
2631 2936 2646 2974 :
2705 2922 3061 2976 iutervertere
3114 2921 3302 2985 conari

1727 3015 1996 3070 Tzacbam
2062 3016 2311 3068 eumdem
2390 3014 2591 3066 auxilia
2670 3028 2789 3083 qua:
2857 3014 3152 3083 imperator
3233 3014 3301 3067 ab

1728 3109 1948 3163 Oriente
2010 3106 2111 3160 sibi
2185 3106 2452 3173 promissa
2513 3104 2818 3157 Turcorum
2877 3105 3227 3173 exspectabat
3283 3118 3300 3157 :

1726 3204 2196 3267 Congregatasque
2225 3194 2336 3263 jam
2371 3195 2691 3248 mercenarii
2728 3194 2915 3250 militis
2946 3197 3136 3264 copias
3160 3193 3303 3247 Tur-

1729 3292 1881 3349 cicas
1932 3291 2221 3361 promissis
2279 3298 2333 3344 et
2378 3290 2582 3357 spebus
2637 3289 2843 3358 magnis
2897 3290 2965 3342 ab
3000 3289 3303 3343 emissariis

1727 3383 1958 3436 Tzacltze
1993 3390 2232 3434 tentatas
2273 3388 2329 3432 ιιι
2363 3393 2389 3431 a
2425 3378 2628 3433 ftedere
2660 3394 2781 3431 cum
2836 3378 3096 3433 Romanis
3140 3389 3302 3448 pacto

1729 3474 2018 3535 resilirent,
2052 3472 2117 3526 ad
2146 3486 2314 3540 seque
2348 3471 2527 3537 potius
2575 3484 2837 3537 suamque
2886 3469 3161 3532 militiam,
3215 3483 3299 3522 ro-

1731 3568 1860 3622 licm
1921 3568 2279 3634 imperatore,
2334 3576 2393 3616 se
2444 3558 2780 3625 conferrent,
2836 3562 3163 3630 simulatque
3208 3575 3302 3615 co-

1732 3662 1869 3731 piam
1902 3658 2081 3729 pabuli
2114 3658 2177 3710 ad
2220 3654 2473 3709 alendum
2513 3654 2811 3722 equitatmn
2859 3655 3109 3708 idoneam
3145 3654 3298 3708 insu-

1726 3754 1921 3817 larum,
1972 3765 2134 3819 quam
2185 3748 2583 3809 meditabatur,
2636 3745 3035 3813 depraadatioue
3083 3759 3301 3811 compa-

1727 3854 1922 3899 rasset.
1953 3844 2032 3897 Ad
2074 3844 2219 3896 hunc
2252 3848 2361 3893 tam
2398 3839 2656 3892 miserum
2710 3837 2968 3890 Romana:
3019 3836 3097 3889 rei
3154 3846 3298 3890 terra

1724 3935 1887 3990 simul
1938 3934 2183 4001 marique
2219 3946 2281 3985 ac
2338 3930 2703 4000 periculosum
2758 3936 2957 3981 statum
3007 3927 3299 3982 accedebat

1726 4030 2122 4083 incoonnodnm
2163 4023 2408 4077 adversae
2465 4020 2853 4090 tetnpesmtis:
2907 4018 3296 4073 commercium

1729 4136 1865 4189 perte
1911 4134 2071 4172 omne
2100 4118 2306 4169 viarum
2346 4125 2399 4168 et
2448 4114 2894 4169 commcationem
2940 4112 3082 4165 ultro
3128 4115 3300 4165 citro-

1726 4228 1831 4282 que
1874 4212 2185 4265 nuntiorum
2218 4207 2518 4262 fmdissima
2545 4216 2657 4259 tum
2693 4205 2869 4258 hieme
2886 4203 3300 4259 vehementibus

1726 4302 1977 4374 procellis
2011 4299 2429 4354 intercludente.
2459 4296 2701 4351 Tradunt
2736 4310 2840 4348 non
2873 4293 3006 4347 alias
3032 4293 3301 4347 Conslan-

1728 4392 1951 4463 tinopoli
1985 4392 2105 4461 plus
2140 4390 2279 4444 nivis
2310 4388 2473 4443 simul
2514 4388 2711 4447 visum,
2744 4387 2818 4439 ita
2852 4394 2910 4438 ut
2961 4384 3077 4454 ejus
3126 4384 3299 4438 inusi-

1728 4495 1839 4540 tato
1898 4484 2136 4552 pondere
2189 4481 2536 4553 praégravatis
2583 4479 2740 4534 tectis
2799 4476 3019 4539 aedium,
3064 4475 3300 4543 hincque

1727 4588 2004 4646 portarum
2068 4571 2579 4642 superliminarilms
2621 4567 2913 4638 depressis,
2966 4565 3134 4618 valva:
3188 4579 3298 4618 non

1726 4670 1959 4739 amplius
1990 4668 2134 4738 jngis
2165 4669 2433 4721 ostiorum
2465 4663 2727 4717 committi
2776 4659 3131 4729 coaptarique
3173 4672 3298 4725 pos-
3390 4708 3395 4713 ,

1728 4776 1869 4820 seut.
1899 4764 2099 4817 Tamen
2137 4776 2202 4814 ne
2233 4772 2364 4816 tunc
2397 4758 2615 4829 quidem
2666 4754 2905 4807 cessavit
2948 4766 2976 4802 a
3020 4748 3295 4801 mittendis

1728 4868 1942 4909 omnem
1975 4853 2262 4921 inpartem
2296 4848 2503 4904 nuntiis
2537 4860 2599 4899 ac
2629 4842 2847 4905 litteris,
2891 4839 3089 4908 quibus
3122 4844 3299 4888 matu~

1729 4947 1834 4999 rari
1866 4942 2183 4999 conductitii
2213 4941 2399 4994 militis
2428 4938 2667 4992 delectus
2696 4944 3016 5002 magnopere
3049 4927 3292 4996 urgebat.

102 5031 379 5100 ἐρχομένους
424 5036 627 5098 ἱππέας
658 5051 719 5089 τε
753 5034 848 5089 καὶ
891 5032 1111 5097 πεζούς.
1168 5034 1339 5098 Αὐτὸς
1385 5034 1442 5087 δὲ
1495 5037 1621 5099 τοὺς

1730 5035 1918 5090 Postea
1952 5048 2266 5101 veroquam
2299 5031 2412 5085 sole
2446 5031 2511 5082 ad
2556 5025 2708 5081 verni
2760 5020 3070 5090 aaquiuoctii
3113 5016 3294 5069 cardi-

103 5121 169 5173 τοῦ
214 5126 446 5197 Φλάντρα
513 5126 897 5191 πεντακοσίους
964 5126 1200 5189 Κελτοὺς
1256 5126 1322 5179 ἐκ
1370 5126 1620 5196 Νικομη-

103 5210 209 5276 ida;
253 5215 359 5287 (40)
414 5217 917 5288 μεταπεμψάμενος
978 5215 1119 5286 μετὰ
1172 5214 1283 5268 τῶν
1339 5215 1618 5283 συγγενῶν

1727 5142 1849 5182 nem
1902 5140 2184 5195 progreSso
2218 5138 2335 5191 'pax
2395 5123 2461 5175 ab
2495 5119 2695 5174 aethere
2742 5115 2879 5180 fuit,
2923 5112 3145 5165 nubium
3193 5108 3297 5161 mi-

1726 5218 1847 5283 nis,
1912 5229 2305 5285 ventorumque
2362 5228 2425 5268 ac
2511 5209 2771 5263 ﬂuctuum
2850 5217 2970 5261 sese
3052 5199 3294 5255 tumulti-

1083 5332 1280 5392 Variae
1316 5330 1617 5393 lectiones
1661 5349 1753 5399 ex,
1790 5339 1933 5397 cod.
1980 5333 2251 5394 Coislin.

154 5425 189 5457 ¹⁹
232 5430 577 5497 κτισαμένου.

103 5488 212 5550 λετο.
276 5496 319 5529 ’³
366 5488 509 5569 (xm.

655 5431 703 5463 ’⁸
742 5430 1228 5502 προσχωρήσαιεν,
1269 5427 1509 5496 ὁπηνίκα
1548 5428 1645 5492 τὰς
1672 5431 1867 5500 κριθὰς
1895 5432 2195 5486 καταλάϐοι
2222 5448 2235 5462 ο
2262 5428 2458 5484 ταῦτα.

2554 5425 2599 5457 ’ί
2631 5420 2879 5494 σφοδρός.
2983 5417 3029 5450 ⁸⁸
3059 5413 3293 5489 μετεδά·

1120 5638 1259 5699 Car.
1292 5634 1621 5698 Dufresnii
1646 5637 1749 5698 Du
1778 5636 1992 5717 Cangii
2028 5641 2221 5697 notes.

160 5763 249 5829 (39)
272 5760 466 5820 Αἶνον.
497 5764 635 5821 Urbs
659 5764 928 5831 Thracias,
961 5762 1342 5831 Villharduino
1374 5762 1527 5818 Aine.

161 5823 249 5901 μυ)
282 5834 379 5889 Ἐκ
412 5836 795 5906 Νικομηδίας.
854 5823 952 5890 Ubi
997 5834 1197 5888 milites
1252 5830 1614 5887 Flaudreuses

1730 5826 1945 5883 locarat
1972 5832 2128 5880 antea
2164 5823 2407 5881 Alexius.
