3798 6572
426 369 534 432 639

1730 373 1956 435 ΑΝΝιΕ
1993 366 2378 434 (ΖΟΜΝΕΝᾸΞ
3539 381 3622 446 δίο

423 491 576 539 sunt.
607 481 746 537 Tum
777 487 1000 554 rogante
1029 483 1358 554 imperatore
1393 499 1511 556 quae
1541 500 1702 542 causa
1740 487 1923 556 inopin

2129 483 2570 554 ιεόαστοκρατωρ
2603 483 2741 545 τέως
2787 481 2886 534 οὐκ
2920 480 3331 550 ἀντεφθέγξατο,
3376 483 3482 541 ἀλλ’
3515 490 3629 549 ὀνιι.

426 578 692 631 adventus
720 576 900 629 esset?
927 575 1195 632 lsaacius:
1229 576 1366 644 Tua,
1398 578 1614 648 inquit,
1655 594 1823 634 causa
1864 579 2006 633 veni.

425 666 616 720 Alexio
637 679 763 718 vero
784 665 885 718 sibi
923 667 1205 720 molestum
1229 683 1349 723 esse
1380 668 1620 723 oﬂiciose
1645 670 2007 737 significante,

427 758 570 824 quod
603 755 772 809 frater
804 757 977 810 inutili
1011 760 1093 812 sui
1141 775 1268 813 cura
1307 767 1516 813 tantum
1573 761 1776 816 laboris
1818 770 2009 815 exant-

422 847 611 911 lasset,
649 847 781 900 nihil
827 849 1230 904 sebastocrator
1265 851 1511 921 reposuit
1543 869 1556 905 :
1596 853 1833 909 nondum
1888 868 2009 906 ma-

428 947 607 992 turum
669 947 918 994 statuens
977 943 1044 994 de
1095 942 1188 997 filii
1249 945 1460 1014 negotio
1525 946 1704 1014 loqui,
1745 946 1923 1016 quoad
1975 961 2006 1000 α

428 1029 766 1099 Dyrrhachio
820 1049 958 1102 quos
1007 1037 1357 1104 exspectabat
1408 1037 1682 1106 acciperet
1747 1038 2006 1105 nuntios,

424 1120 545 1188 ejus
578 1121 856 1191 diligentia
897 1139 1055 1192 quem
1087 1140 1152 1180 eo
1184 1129 1542 1197 praemiserat.
1593 1128 1726 1183 Nam
1771 1130 1837 1184 ad
1895 1131 2009 1198 pri-

398 1225 568 1266 ‘mam
596 1228 787 1267 auram
843 1215 1049 1271 sinistri
1083 1220 1149 1273 de
1198 1220 1307 1275 filio
1341 1221 1578 1277 rumoris
1606 1222 2010 1276 sebastocrator

424 1301 778 1363 brevissimas‘
801 1309 1010 1365 litteras
1041 1327 1139 1380 per
1164 1321 1445 1368 strenuum
1476 1329 1755 1370 cursorem
1792 1314 1860 1370 ad
1880 1329 2008 1370 eum

424 1388 748 1462 destinarat.
792 1400 990 1468 quibus
1014 1403 1241 1473 jubebat
1275 1404 1555 1460 confestim
1584 1419 1708 1460 eum
1744 1406 1812 1461 ad
1842 1407 2011 1478 impe-

425 1496 660 1544 ratorem
681 1493 939 1546 accedere
979 1510 994 1550 :
1033 1494 1098 1547 ad
1123 1509 1284 1564 quem
1310 1505 1363 1550 et
1384 1496 1498 1566 ipse
1520 1499 2007 1568 przeoccupandum

423 1583 777 1652 parandaque
832 1588 1016 1640 omnia
1071 1589 1352 1658 purgando
1407 1589 1622 1644 crimini
1673 1588 1789 1658 jam
1865 1606 2010 1648 nunc

426 1673 710 1730 festinaret
745 1677 1160 1747 Philippopolim
1197 1698 1212 1732 :
1243 1680 1314 1733 ibi
1350 1683 1760 1750 pra'stolaturus
1809 1684 2010 1739 adven-

424 1771 538 1816 tum
573 1764 688 1830 filii,
724 1766 1027 1826 celerrime,
1055 1775 1111 1820 ut
1145 1770 1396 1836 sperabat
1429 1813 1442 1833 ,
1491 1781 1543 1825 et
1595 1786 1819 1827 necesse
1846 1781 2006 1840 erat,

425 1867 491 1907 eo
517 1856 822 1910 accursuri.
861 1855 934 1910 Ea
966 1858 1371 1914 sebastocrator
1404 1862 1691 1931 Opperiens
1744 1874 1854 1916 tum
1887 1867 2010 1932 qui-

426 1945 548 2000 dem
595 1946 728 2001 nihil
783 1948 928 2003 aliud
981 1949 1085 2005 nisi
1121 1951 1270 2004 vultu
1323 1964 1375 2006 et
1412 1954 1786 2010 familiaritate
1839 1957 2012 2012 solitis

423 2040 596 2098 fratre
631 2046 869 2100 salutato
896 2085 911 2111 ,
948 2047 1000 2100 in
1053 2048 1385 2118 assignatum
1438 2052 1540 2120 ipsi
1599 2053 2009 2107 tabernaculum

423 2136 713 2190 concessit.
745 2135 945 2192 Verum
990 2141 1148 2209 paulo
1197 2151 1316 2212 post
1373 2146 1574 2198 missus
1629 2147 1695 2197 ad
1746 2144 2010 2200 Joannem

428 2227 741 2282 tabellarius
773 2245 966 2302 magno
999 2249 1160 2286 cursu
1187 2231 1450 2288 Isaai-inm
1494 2240 1742 2291 convenit
1771 2275 1785 2300 ,
1825 2240 2011 2306 proxi-

427 2333 577 2372 mum
606 2317 834 2376 JOannis
867 2323 1038 2391 ipsius
1065 2325 1356 2379 adventum
1394 2331 1669 2384 nuntians.
1701 2328 1836 2383 Tum
1883 2348 2012 2387 vero

426 2409 473 2462 is
511 2409 654 2464 velut
685 2427 742 2466 se
772 2415 920 2467 omni
952 2416 1280 2483 suspicionis
1309 2418 1677 2486 periculujatn
1700 2421 2009 2477 defunctum

423 2502 782 2570 existimans,
821 2508 1015 2562 ﬁducia
1047 2523 1308 2578 concepta
1357 2512 1742 2583 spiritibusque
1790 2515 2016 2583 majori-

425 2592 528 2646 bus
553 2635 567 2659 ,
615 2595 999 2660 imperatorem
1033 2601 1147 2654 adit
1179 2603 1534 2672 itnplacidtts,
1579 2607 1828 2675 iramque
1870 2610 2012 2662 haud

425 2685 645 2740 dubiam
675 2689 936 2743 anhelans
987 2692 1040 2744 in
1093 2707 1186 2747 eos
1216 2693 1382 2765 239
1422 2696 1512 2766 qui
1563 2697 1790 2766 primam
1842 2702 2015 2769 suspi-

426 2777 601 2831 cionis
650 2779 716 2831 de
769 2777 979 2835 Joanne
1041 2785 1373 2838 mentium-ui
1433 2787 1572 2855 apud
1630 2789 2010 2856 imperatorem

423 2867 710 2926 fecissent.
767 2869 921 2926 Hunc
951 2875 1023 2926 ita
1073 2877 1288 2930 turbide
1333 2879 1680 2933 accedentem
1736 2880 2015 2950 Augustus

423 2969 614 3014 contra
663 2962 909 3026 intuitus,
943 2979 1254 3034 quanquam
1321 2969 1585 3024 intellexit
1629 2971 1813 3024 statim
1864 2988 2016 3026 com-

423 3051 682 3106 mOIiouis
712 3070 953 3117 causam,
999 3069 1345 3126 permutatus
1393 3071 1570 3116 tanien
1619 3063 1858 3119 officiose
1891 3076 2009 3131 est,

2112 575 2333 646 ρώττων
2360 573 2428 648 ἦν
2450 576 2518 631 τά
2567 574 2678 629 ἀπὸ
2740 571 2834 627 τοῦ
2885 573 3190 646 Δυρραχίου
3240 577 3371 644 μετὰ
3407 579 3489 633 τοῦ
3523 599 3629 655 προ.

2111 669 2454 739 πεμφθέντος
2497 667 2630 737 παρ’
2669 666 2837 721 αὑτοῦ
2873 667 3315 737 κομισθησόμενα
3361 673 3624 745 μηνύματα.

2111 760 2223 812 Καὶ
2248 759 2357 830 γὰρ
2387 760 2504 831 ἅμα
2552 760 2630 829 τῷ
2661 760 3020 830 ἑνωτισθῆναι
3049 761 3118 814 τὰ
3152 760 3503 834 θρυλλούμενα
3524 774 3626 842 περὶ

2108 853 2206 906 τοῦ
2230 853 2349 906 υίοῦ
2386 852 2575 918 αὐτοῦ,
2623 853 2945 906 δισύλλαδον
2975 854 3284 924 ἐγχαράξας
3334 858 3457 928 πρὸς
3500 864 3627 918 αὐτὸν

2109 945 2366 1016 γράμμα,
2387 945 2830 1016 παρεκελεύσατο
2853 947 3044 1000 θᾶττον
3066 948 3200 1019 πρὸς
3211 947 3631 1025 τδῆαῦτσκράτορα

2112 1036 2370 1106 φοιτῆσαι
2404 1053 2420 1070 ⁶
2475 1037 2550 1100 ὡς
2598 1038 2690 1091 καὶ
2743 1038 2909 1090 αὐτὸν
2938 1039 3025 1091 ἐπ’
3055 1039 3201 1109 αὐτῷ
3245 1041 3408 1111 τούτῳ
3436 1044 3518 1097 τοῦ
3549 1049 3628 1102 Βυ.

2114 1128 2334 1191 ζαντίου
2365 1129 2726 1199 ἐξεληλυθότα
2749 1130 2885 1198 πρὸς
2898 1129 3323 1185 Φιλιππούπολιν
3344 1134 3626 1206 ἐπείγεσθαι,

2111 1218 2196 1283 ἐφ’
2227 1209 2272 1284 ᾧ
2303 1217 2369 1270 τὰ
2400 1219 2520 1271 κατ’
2554 1217 2720 1271 αὐτοῦ
2750 1219 2884 1288 πρὸς
2909 1220 2998 1274 τδν
3030 1220 3398 1292 αὐτοκράτορα
3445 1224 3628 1298 alarm-

2111 1309 2272 1362 θέντα
2297 1311 2643 1374 κατασεῖσαι,
2684 1311 2754 1364 τά
2807 1313 2995 1366 εἰκότα
3035 1312 3173 1384 πρὸς
3220 1314 3310 1367 τὸν
3341 1316 3540 1385 ἀδελφὸν
3559 1322 3630 1374 καὶ

2113 1400 2341 1470 βασιλέα
2385 1404 2747 1472 ὁμιλήσαντα·
2800 1405 2917 1473 ἅμα
2957 1404 3013 1457 δὲ
3068 1405 3164 1458 καὶ
3209 1406 3306 1476 τὴν
3343 1407 3491 1460 αὐτοῦ
3527 1410 3632 1481 πρὸς

2113 1495 2274 1547 αὑτὸν
2293 1495 2695 1565 ἐγκαρτερῆσαι
2730 1495 2934 1566 ἄφιξιν.
2979 1497 3367 1568 ’Υποχωρήσας
3387 1499 3436 1552 δὲ
3459 1500 3548 1554 ἀπὸ
3559 1504 3631 1557 τοῦ

2115 1585 2380 1654 βασιλέως
2412 1588 2491 1651 είς
2521 1586 2619 1656 τὴν
2647 1588 3100 1659 ἀποτεταγμένην
3127 1587 3276 1657 αὐτῷ
3309 1591 3496 1661 σκηνὴν
3513 1593 3634 1646 ἄπει-

2113 1696 2217 1732 σιν.
2241 1680 2506 1750 Παραχρῆ
2516 1695 2591 1748 μα
2617 1678 2673 1732 δὲ
2692 1679 2787 1733 καὶ
2817 1680 2846 1732 ὁ
2869 1680 3003 1750 πρὸς
3027 1680 3120 1734 τὸν
3160 1681 3411 1751 Ἰωάννην
3442 1684 3627 1739 amna-

2045 1819 2082 1878 Β
2111 1770 2228 1833 λεὶς
2270 1771 2838 1841 γραμματοκομιστὴς
2889 1772 3150 1843 δρομαῖος
3210 1771 3427 1826 εἴσεισιν
3469 1777 3636 1830 ἐκεῖθεν

2115 1857 2450 1920 ἐπανελθὼν,
2498 1859 2595 1929 τὴν
2627 1859 2722 1912 τοῦ
2769 1860 3016 1913 Ἰωάννου
3047 1861 3403 1929 ἀπαγγέλλων
3446 1862 3632 1918 ἔλευσιν.

2117 1953 2228 2018 Τῆς
2257 1951 2495 2020 ὑποψίας
2526 1951 2621 2004 οὖν
2645 1952 2950 2020 τηνικαῦτα
2981 1956 3010 2006 ὁ
3039 1953 3479 2024 σεδαστοκράτωρ
3500 1958 3637 2010 ἀπαλ-

2117 2043 2307 2110 λαγεδς
2335 2047 2428 2097 καὶ
2461 2047 2765 2114 κρείττοσιν
2793 2048 3118 2118 άναῤῥώσας
3163 2049 3349 2101 ἑαυτὸν
3385 2050 3635 2120 λογισμοῖς,

2115 2138 2293 2206 θυμοῦ
2341 2137 2604 2203 πλησθεὶς
2660 2141 2802 2192 κατὰ
2839 2140 2945 2193 τῶν
2977 2141 3208 2210 πρώτως
3242 2142 3637 2210 είσηγησαμίιων

2113 2229 2182 2282 τὰ
2209 2230 2346 2283 κατὰ
2399 2229 2493 2283 τοῦ
2541 2231 2659 2284 υίοῠ
2720 2232 2909 2296 αὐτοῦ,
2958 2233 3363 2301 τεταραγμένος
3407 2234 3526 2303 πρὸς
3569 2234 3638 2290 τὸν

2116 2320 2339 2390 βασιλέα
2390 2321 2584 2392 εἰσῄει·
2636 2321 2738 2374 sse
2789 2321 3066 2391 βασιλεὺς,
3097 2322 3284 2375 τοῦτον
3331 2322 3637 2391 θεασάμενος,

2115 2412 2346 2479 ἐγνώκει
2405 2414 2505 2483 μὲν
2559 2414 2807 2478 παρευθὺ
2865 2415 2963 2482 τὴν
2992 2415 3197 2477 αἰτίαν,
3229 2414 3406 2483 ἠρώτα
3427 2415 3468 2468 δ’
3505 2415 3638 2484 ὅμως,

2115 2506 2264 2564 ὅπως
2332 2504 2468 2574 ἔχοι.
2517 2505 2576 2557 ’0
2625 2506 2713 2566 δὲ,
2785 2503 3012 2572 Κακῶς,
3055 2505 3184 2574 ἔφη,
3216 2507 3283 2569 ἐξ
3333 2509 3506 2572 αἰτίας
3530 2507 3639 2573 σῆς.

2115 2594 2250 2647 Οὐδὲ
2291 2594 2399 2663 γὰρ
2437 2594 2571 2657 ὅλως
2626 2595 2717 2646 τὸν
2767 2594 2940 2663 θυμὸν
2999 2594 3454 2664 περιυλακτσῦντα
3502 2597 3641 2664 χαλιν-

2115 2688 2350 2756 αγωγεῖν
2381 2687 2646 2756 ἠπίστατο
2665 2701 2678 2714 ·
2713 2687 3054 2756 παρεφέρετο
3087 2686 3142 2738 δὲ
3199 2688 3292 2738 καὶ
3320 2687 3418 2739 ὑπὸ
3447 2686 3577 2756 ψιλοῦ
3602 2690 3638 2740 εξ

2115 2780 2272 2851 ἔτυχε
2307 2780 2576 2850 ῥήματος.
2620 2778 2743 2830 Ἐπὶ
2779 2778 2989 2841 τούτοις
3023 2779 3079 2831 δὲ
3137 2778 3229 2830 καὶ
3268 2779 3387 2832 ἄλλο
3431 2798 3476 2832 τι
3510 2798 3640 2850 προσ-

2114 2872 2268 2926 έθετο
2289 2872 2483 2938 λέγων·
2517 2872 2599 2924 Οὐ
2625 2871 2919 2923 τοσοῦτον
2935 2869 3084 2923 κατὰ
3104 2870 3214 2937 τῆς
3237 2867 3350 2937 σῆς
3363 2873 3641 2939 λε.1ὐπημαι

2109 2965 2438 3028 ,ϐασιλείας
2474 2962 2626 3015 ὅσον
2687 2962 2839 3015 κατὰ
2869 2963 3105 3015 τουτου)
3147 2963 3260 3032 (τὸν
3301 2963 3548 3030 Ἀδριανδν
3585 2963 3643 3033 τῷ

2115 3055 2364 3124 δακτύλῳ
2389 3054 2695 3122 ὑποδείξας)
2715 3054 3271 3122 καταψευόομένιν.
3297 3057 3426 3124 Πρὸς
3447 3054 3642 3106 ταῦ-δαδὶ

421 3143 580 3195 σαιὶιι⁹
607 3143 806 3199 salvae?
837 3157 888 3200 et
912 3187 926 3210 ,
964 3159 1017 3201 ut
1052 3166 1106 3203 se
1147 3150 1405 3205 haberet?
1431 3153 1515 3206 cui
1566 3153 1674 3216 ille,
1725 3154 1884 3220 Male,

2146 3151 2166 3180 ³
2184 3151 2212 3202 ὁ
2235 3147 2414 3217 πραῢς
2438 3148 2644 3206 ἐκεῖνος
2673 3145 2765 3199 καὶ
2783 3147 2912 3214 ἡδὺς
2939 3145 3194 3214 βασιλεὺς
3215 3145 3469 3200 οἰδποῦν
3490 3145 3645 3214 ἐφ’)ἐς.

422 3233 566 3301 quit,
606 3235 820 3306 ejusque
853 3240 1170 3295 incommodi
1197 3253 1252 3296 tu
1312 3244 1420 3312 ipse
1450 3262 1612 3300 causa
1639 3265 1716 3301 es.
1765 3246 1856 3302 Sic
1887 3259 2006 3302 erat

423 3322 702 3394 lsaacius;
736 3345 1008 3398 nunquam
1065 3335 1259 3387 invita
1311 3336 1571 3392 didicerat
1624 3339 1717 3393 irae
1769 3341 2009 3395 habenas

425 3419 730 3485 moderari,
763 3431 817 3476 et
845 3433 964 3478 erat
997 3426 1193 3493 oppido
1226 3427 1526 3495 irritabilis,
1562 3431 1632 3484 ita
1668 3442 1725 3484 ut
1754 3433 1835 3487 vel
1860 3435 2009 3488 verbi

426 3509 693 3578 simplicis
739 3514 916 3569 minus
973 3516 1114 3570 forte
1163 3520 1301 3588 grati
1357 3523 1631 3577 auditione
1700 3523 2007 3580 efferretur.

427 3596 601 3653 Porro
638 3602 743 3658 illis
777 3612 886 3658 tam
922 3607 1317 3672 stoorachosis,
1354 3610 1469 3666 h:ec
1519 3613 1688 3666 nihilo
1717 3615 2010 3684 placidiora

427 3707 554 3748 mox
585 3695 834 3766 adjunxit
862 3715 876 3751 :
914 3697 1024 3752 Nec
1049 3700 1320 3767 majestati
1339 3713 1446 3758 tua:
1475 3714 1679 3760 tantum
1713 3719 2008 3776 succenseo,

426 3798 681 3850 quantum
709 3787 833 3841 huic
867 3790 1184 3858 (Adrianum
1219 3793 1384 3863 ding
1418 3797 1781 3869 monstrabat)
1808 3799 2015 3853 calum-

429 3879 575 3931 niose
603 3881 840 3936 mentito.
867 3881 947 3934 Ad
977 3896 1040 3935 ea
1079 3884 1228 3940 mitis
1260 3885 1349 3940 ille
1395 3903 1458 3942 ac
1493 3889 1680 3942 suavis
1719 3890 2016 3957 imperator

426 3983 650 4037 prorsus
684 3971 816 4024 nihil
852 3977 1130 4043 reposuit;
1164 3987 1320 4030 norat
1341 3977 1480 4031 enim
1503 3994 1605 4049 qua
1637 3989 1754 4033 arte
1782 3980 2018 4049 ﬂagran-

431 4071 536 4115 tem
559 4062 891 4118 iracundiam
913 4069 1154 4136 germani
1178 4069 1412 4124 mulcere
1432 4085 1494 4126 ac
1515 4073 1707 4127 sedare
1724 4082 2016 4139 oporteret:

430 4151 523 4204 sed
575 4152 641 4205 ad
691 4168 1007 4208 consessum
1056 4157 1255 4211 invitat
1299 4158 1522 4214 fratrem
1566 4177 1690 4215 cum
1733 4161 2023 4216 Melisseno

431 4241 736 4310 Nicephoro
751 4244 985 4309 Cmsare,
1005 4256 1058 4300 et
1082 4249 1402 4317 quihusdam
1421 4253 1540 4306 aliis
1556 4255 2025 4321 consanguinitate

432 4337 564 4404 ipsis
590 4337 778 4390 intima
810 4349 903 4389 aut
935 4338 1195 4395 afﬁnitate
1234 4343 1580 4412 conjunctis;
1634 4346 1667 4398 ii
1693 4347 1793 4400 Soli
1821 4347 2026 4400 circulo

434 4441 648 4484 Secreto
706 4431 1047 4488 disserebant
1112 4436 1252 4490 inter
1310 4453 1370 4493 se
1433 4439 1498 4492 de
1555 4439 1620 4494 iis
1663 4456 1784 4509 qua:
1833 4453 2020 4495 contra

431 4525 698 4580 Joannem
730 4539 888 4582 erant
911 4529 1076 4584 dicta.
1116 4531 1187 4586 Ut
1217 4541 1395 4585 autem
1435 4535 1604 4587 sensit
1633 4532 1870 4588 lsaacius
1912 4545 2018 4587 tant

435 4616 780 4672 Melisscnum
813 4637 974 4689 quam
1007 4623 1302 4676 Adriannm
1359 4623 1774 4678 fratrem'suum
1806 4626 2021 4692 nltliqttc

436 4709 489 4762 in
530 4709 694 4761 lilium
726 4726 881 4762 suum
915 4711 1116 4776 invehi,
1151 4715 1454 4779 ernmpenti
1499 4715 1612 4782 jam
1658 4719 1828 4784 impar
1865 4717 2021 4768 cohi-

437 4799 612 4854 bendo
659 4802 944 4855 stomacho
979 4805 1222 4858 trucibus
1275 4806 1574 4858 Adrianum
1639 4807 1749 4871 ﬁgit
1802 4811 2019 4873 oculis,

439 4890 708 4958 simulque
738 4893 1104 4946 comminatur
1151 4895 1431 4948 vulsnrum
1488 4913 1545 4949 se
1598 4899 1697 4966 ipsi
1753 4898 2019 4962 barbam,

437 4981 862 5052 eichturuntque
895 4995 950 5037 ut
980 4986 1324 5041 condisceret
1349 5005 1450 5040 non
1473 4991 1685 5042 mentiri
1721 4992 2020 5058 propalam,

440 5085 492 5127 et
526 5076 720 5129 talibus
749 5077 1077 5146 ‘propinquis
1128 5079 1510 5144 imperatorem
1563 5080 1760 5132 orbare
1813 5083 2018 5135 conari.

440 5167 554 5217 “ac.
577 5167 689 5220 vice
707 5183 1013 5220 sermonum
1034 5169 1289 5238 appulsus
1311 5170 1398 5237 qui
1415 5171 1741 5225 adventabat
1763 5171 2020 5236 Joannes,

440 5263 623 5312 statim
677 5259 814 5312 intra
865 5260 1116 5313 intimum
1169 5261 1298 5330 regii
1352 5261 1685 5315 tabernaculi
1721 5263 1896 5316 velum
1936 5266 2023 5315 ad-

442 5350 639 5404 missus
666 5360 768 5413 est,
805 5351 988 5419 ibique
1016 5367 1198 5406 coram
1231 5352 1401 5407 audiit
1423 5369 1543 5423 quae
1591 5365 1780 5407 contra
1842 5355 2019 5423 ipsum

439 5438 886 5506 disputabantur;
915 5455 1018 5494 non
1047 5450 1223 5494 tamen
1265 5441 1318 5494 in
1351 5442 1426 5495 rei
1473 5443 1790 5496 subsellium
1824 5453 1917 5495 aut
1957 5443 2020 5498 ad

440 5531 745 5595 emituinis,
807 5531 1123 5586 criminisve
1171 5533 1432 5602 purgandi
1504 5534 1882 5587 necessitatem
1939 5545 2023 5588 est

2112 3239 2260 3304 ξατο.
2298 3237 2591 3304 Ἐγίνωσκε
2614 3237 2743 3306 γαρ,
2765 3237 2915 3300 ὅπως
2936 3235 3125 3299 ζέοντα
3145 3237 3234 3291 τὸν
3257 3237 3417 3306 θυμλιν
3433 3231 3645 3303 τᾶδελςςοΰ

2114 3330 2480 3387 καταπαύσει.
2517 3326 2988 3398 Συγκαθεσθέντες
3013 3324 3106 3380 οὖν
3137 3328 3327 3396 ἄμφω,
3365 3328 3488 3394 μετὰ
3508 3326 3546 3356 ⁷⁸
3569 3323 3642 3378 τοῦ

2116 3422 2456 3491 Μελισσηνοῦ
2512 3421 2829 3490 Νικησρόρου
2864 3420 2956 3474 τοῦ
2985 3416 3264 3488 Καίσαρος
3289 3418 3376 3472 καί
3401 3436 3541 3470 τινων
3561 3417 3643 3471 τῶν

2119 3517 2176 3582 ἐξ
2207 3516 2436 3584 αἵματος
2482 3514 2572 3564 καὶ
2604 3513 2924 3580 ἀγχιστεξας
2958 3512 3348 3580 προσηκόντων
3397 3509 3565 3571 αὐτοὺς
3588 3508 3640 3572 ⁷³,

2124 3608 2274 3676 μόνοι
2301 3604 2436 3676 πρὸς
2462 3603 2721 3674 ἀλλήλους
2743 3604 2980 3672 ὡμίλουν
3010 3603 3137 3673 περί
3167 3602 3276 3656 τῶν
3301 3605 3430 3655 κατὰ
3457 3600 3536 3654 τοῦ
3569 3601 3648 3652 ’1ου

2122 3702 2282 3754 ἁννου
2309 3697 2608 3771 ῥηθέντων.
2641 3697 2729 3759 Ὣς
2759 3695 2814 3748 δὲ
2837 3698 2926 3748 τὸν
2957 3697 3301 3764 Μελιτσηνδν
3332 3697 3419 3748 καὶ
3444 3697 3523 3748 τὸν
3547 3697 3646 3748 [διον

2121 3790 2352 3860 ἀδελφὸν
2393 3789 2673 3860 Ἀδριανδν
2736 3789 3187 3859 κατατρέχοντας
3215 3787 3646 3859 ὲσχηματισμένως

2124 3882 2218 3937 τοῦ
2266 3883 2398 3937 ἰδίου
2431 3881 2549 3935 υἱοῦ
2583 3881 2754 3952 ἐώρα.
2804 3878 2960 3944 αὖθις
3017 3882 3109 3934 τὸν
3148 3880 3322 3951 θυμὸν
3351 3879 3647 3949 παφλάζοντα

2129 3973 2204 4044 μὴ
2233 3973 2488 4044 δυνηθεὶς
2526 3974 2846 4042 κατασχεῖν,
2876 3971 3043 4042 δριμὺ
3089 3972 3231 4041 πρὸς
3276 3971 3366 4025 τὸν
3425 3967 3648 4038 napum

2124 4063 2410 4128 ἀτενίσας,
2437 4061 2674 4129 ψιλώσαι
2707 4063 2800 4113 τὸν
2860 4059 3025 4113 αὐτοῦ
3059 4058 3302 4128 πώγωνα
3345 4057 3646 4127 ἡπειλήσατο,

2124 4158 2219 4211 καὶ
2245 4155 2457 4220 διδάξαι
2493 4153 2566 4226 μὴ
2594 4153 2894 4226 προφανῶς
2930 4153 3271 4222 ψευδόμενον
3290 4150 3522 4205 τοιούτων
3547 4165 3650 4215 συγ-

2125 4251 2299 4319 γενῶν
2335 4249 2708 4318 άποστερῆσαι
2739 4246 2834 4299 τὸν
2863 4246 3086 4316 βασιλέα
3107 4247 3420 4316 ἐπιχειρεῖν.
3456 4244 3531 4296 Ἔν
3550 4240 3643 4294 τού-

2129 4359 2243 4404 τοις
2279 4343 2306 4394 ὁ
2333 4339 2590 4406 Ἰωάννης
2618 4337 2910 4400 κατέλαϐε,
2944 4335 3041 4388 καὶ
3071 4337 3412 4406 παραχρῆμα
3434 4335 3548 4386 εἴσω
3575 4329 3648 4398 τῆς

2134 4435 2420 4504 βασιλικῆς
2449 4434 2656 4502 σκηνῆς
2703 4431 3012 4501 εἰσάγεται,
3049 4433 3146 4484 καὶ
3174 4431 3389 4483 πάντων
3426 4428 3520 4480 τῶν
3559 4424 3652 4478 κατ’

2135 4527 2300 4581 αὑτοῦ
2333 4527 2677 4593 λαληθέντων
2730 4525 2940 4578 ἀκούει.
2980 4527 3052 4577 Οὐ
3093 4527 3277 4596 μέντοι
3304 4541 3362 4590 γε
3395 4524 3468 4585 είς
3500 4519 3650 4586 ἐξέτα-

2133 4637 2218 4671 σιν
2245 4618 2380 4679 ὅλως
2407 4619 2620 4685 ἄγεται,
2658 4619 2784 4669 ἀλλ’
2811 4619 2840 4670 ὁ
2871 4617 3207 4687 κατάκριτος
3242 4615 3506 4683 ἐλεύθερος
3539 4612 3652 4664 ἵστα·

2131 4727 2247 4774 ται,
2286 4709 2379 4762 τοῦ
2409 4709 2677 4778 βασιλέως
2723 4708 2860 4779 πρὸς
2901 4709 3063 4763 αὐτὸν
3090 4710 3337 4771 εἰπόντος
3363 4722 3376 4738 ⁶
3409 4705 3544 4774 Πρὸς
3573 4701 3653 4754 τίτν

2131 4802 2250 4854 σὺν
2304 4801 2531 4866 πατέρα
2589 4799 2684 4854 καὶ
2749 4801 3021 4869 ἀδελφὸν
3071 4801 3221 4870 ἐμὸν
3275 4795 3517 4869 ἀφορῶν,
3553 4793 3650 4848 οὐδ’

2129 4891 2394 4946 ἀκοῦσαι
2455 4891 2575 4944 τῶν
2603 4890 2753 4944 κατὰ
2795 4893 2912 4946 σοῦ
2957 4894 3351 4960 λαληθέντων
3395 4889 3650 4957 ἀνέχομαι.

2137 4987 2288 5038 Ἕσο
2312 4985 2527 5038 τοίνυν
2569 4984 2904 5053 ἀμερίμνως
2940 4984 3162 5054 διάγων
3186 4986 3266 5050 ὡς
3301 4985 3364 5037 τι)
3391 4983 3649 5048 πρότερον.

2134 5077 2320 5131 Ταῦτα
2357 5077 2456 5146 μὲν
2477 5072 2570 5130 οὖν
2601 5078 2818 5130 ἅπαντα
2841 5078 2991 5138 ἐντὸς
3006 5079 3105 5146 τῆς
3125 5074 3411 5146 βασιλικῆς
3438 5066 3651 5144 ἐρῥίιθηη

2135 5174 2364 5241 σκηνῆς,
2419 5170 2597 5240 μόνων
2631 5170 2740 5222 τῶν
2771 5170 3096 5237 «συγγενῶν,
3142 5169 3348 5222 ὀθνείου
3391 5166 3444 5218 δὲ
3480 5159 3650 5218 οὐδενὸς

2135 5263 2423 5330 παρόντος.
2456 5258 2614 5315 Οὕτω
2654 5259 2786 5320 γοῦν
2813 5260 2921 5312 τῶν
2950 5259 3290 5328 λαληθέντων
3321 5259 3355 5329 ἢ
3381 5249 3652 5327 μελετηθένὅ

2135 5371 2242 5406 των
2277 5354 2407 5416 ἴσως
2438 5354 2481 5384 ⁷⁷
2517 5352 3017 5415 κατευνασθὲντων,
3047 5353 3137 5406 τὸν
3169 5352 3298 5405 ίδιον
3344 5341 3652 5414 ἀδελφὺν,τδ“θ

2136 5441 2620 5512 σεδαστοκράτορά
2665 5459 2808 5512 φημι
2857 5441 3154 5506 Ἰσαάκιον,
3193 5431 3652 5512 μετακαλεσάμενος

2135 5536 2231 5589 σὺν
2262 5535 2411 5605 αὑτῷ
2432 5535 2747 5606 τῷἰωάννῃ
2773 5535 2868 5589 καὶ
2902 5535 3002 5606 υίῷ
3034 5534 3222 5602 αὐτοῦ,
3247 5531 3412 5588 πολλὰ
3437 5523 3652 5600 ὁμιλήσας

1527 5673 1723 5732 Var-im
1751 5672 2066 5733 iectimes
2096 5687 2172 5732 ex
2206 5669 2350 5732 cod.
2389 5669 2661 5732 Coislin.

511 5794 559 5826 "
592 5793 754 5849 Deest
793 5797 986 5851 vocula
1020 5797 1096 5851 δέ.
1175 5801 1220 5830 ⁷⁸
1263 5797 1422 5851 κατά.
1504 5797 1548 5829 ⁷³
1585 5797 1786 5863 αὐτοῖς.

1866 5801 1911 5832 ⁷⁸
1942 5797 2161 5869 ἐρρέθη.

2240 5797 2281 5830 ⁷⁷
2319 5798 2452 5853 ίσον.
