3798 6566
428 399 534 462 667

1747 390 1973 454 ᾹΝΝίΕ
1999 387 2382 453 ΟΟΜΝΕΝᾹΞ
3557 388 3646 454 668

433 511 632 564 iterum
668 507 904 563 vastavit
949 505 1232 561 ditionem.
1283 503 1530 574 Cumque
1565 515 1659 574 per
1705 503 1756 557 id
1793 513 2003 568 tempus

2118 500 2179 552 '0
2221 500 2277 553 δὲ
2335 497 2604 562 Βολκάνος
2649 497 2776 562 τοὺς
2798 497 3056 570 ’ὁμήρους
3105 497 3524 567 ἀπαιτούμενος,
3565 502 3646 555 οὔκ

435 617 542 654 non
573 600 872 654 destitisset
906 599 1205 666 imperator
1231 597 1496 650 refricare
1527 595 1627 665 ipsi
1661 611 1757 664 per
1784 592 2008 648 crebras

433 693 650 747 litteras
725 691 1046 746 memoriam
1105 699 1388 759 pactorum
1446 698 1862 753 conventorum,
1920 687 2008 742 ille

433 793 618 836 tamen
656 784 891 851 superba
929 770 1282 836 contumacia
1311 797 1369 836 se
1417 781 1716 845 involvens,
1750 781 1804 833 in
1834 779 2006 834 obsti-

435 876 654 929 natione
702 875 929 944 negandi
977 873 1286 928 obﬁrmavit
1333 874 1596 928 animum.
1633 872 1796 943 Igitur
1824 874 2008 940 Auguo

434 973 552 1021 stus
578 966 718 1021 bello
741 968 978 1035 experiri
1005 977 1246 1033 coactus,
1269 966 1530 1021 Joannem
1560 964 2009 1020 sebastucratoris

435 1057 623 1111 fratris
660 1059 742 1111 sui
771 1058 940 1111 tilium
973 1057 1040 1112 ad
1071 1072 1128 1112 se
1155 1058 1478 1113 accersitum
1509 1057 2010 1122 sttﬂicientihusque

434 1145 760 1200 instructum
800 1148 972 1216 cepiis
999 1149 1264 1202 adversus
1293 1148 1587 1203 Bolcanum
1627 1149 1792 1202 misit.
1833 1148 2009 1202 Carte-

437 1253 560 1292 run;
614 1237 874 1306 Joannes,
927 1241 1128 1309 quippe
1183 1241 1492 1308 inexpertus
1537 1241 1658 1294 belli
1707 1239 1924 1309 juvenis
1957 1248 2011 1293 et

437 1328 614 1382 calida
671 1331 965 1399 cupiditate
1012 1332 1307 1402 pugnandi,
1357 1347 1642 1386 successus
1690 1332 2010 1402 plerumque

437 1421 752 1476 cunctantis
783 1438 965 1477 moras
996 1432 1311 1491 exspectare
1361 1440 1465 1478 non
1496 1427 1792 1491 sustinens,
1825 1428 2007 1479 statim

439 1513 725 1584 Lipenium
760 1517 1036 1586 profectus
1067 1531 1334 1584 amneque
1363 1517 1484 1572 illac
1530 1518 1732 1573 ﬂuente
1780 1520 1845 1573 ad
1889 1518 2007 1587 Jugi

439 1609 655 1662 radices
705 1609 961 1676 trajecit),
1041 1611 1288 1678 proxime
1347 1610 1770 1679 Sphcntzanium
1830 1624 2008 1666 castra

436 1702 638 1766 posuit.
667 1700 782 1756 Non
811 1702 965 1757 latuit
996 1703 1288 1758 Bulcattum
1322 1707 1537 1772 quicum
1575 1706 1648 1760 illi
1705 1722 1794 1760 res
1821 1716 1965 1760 esset
1991 1724 2006 1771 ;

440 1792 695 1848 frustrari
756 1811 887 1864 ergo
928 1796 1223 1863 juvenilem
1282 1799 1678 1868 impatientiam
1730 1801 2006 1869 prmliandi

2110 593 2282 646 ἐδίδου
2305 591 2549 655 τούτους,
2581 588 2698 644 ἀλλ’
2727 589 2943 662 ἡμέραν
2977 589 3036 656 ἐξ
3060 590 3276 662 ἡμέρας
3307 590 3644 659 ὑπερετίθετο.

2123 682 2405 736 Ἐνιαυτοῦ
2457 695 2517 734 τε
2545 682 2712 752 μήπω
2747 681 3142 752 παρῳχηκότος
3200 680 3356 742 ὅλου,
3400 675 3545 743 αὖθις
3583 684 3647 747 εἰς

2111 774 2392 845 προνομὴν
2436 773 2928 842 τῶνπῬωμαῐκῶν
2972 774 3166 843 χωρῶν
3212 771 3538 838 ἐξεληλύθει.
3560 775 3649 828 Καὶ

2109 865 2399 935 διαφόρους
2423 865 2643 935 γραφάς
2684 863 2776 917 τοῦ
2807 863 3208 931 αὐτοκράτορος
3237 862 3521 929 δεξάμενος
3543 863 3648 916 ἀνα-

2114 957 2520 1028 μιμνήσκοντος
2543 956 2706 1010 αὐτὸν
2725 955 2835 1008 τῶν
2875 955 3162 1022 συνθηκῶν
3201 954 3300 1008 καὶ
3339 954 3649 1022 ὑποσχέσεων

2110 1047 2176 1110 ἃς
2223 1046 2436 1116 φθάσας
2481 1047 2618 1117 πρὸς
2670 1044 2834 1100 αὑτὸν
2881 1044 3200 1113 ἐποιήσατο,
3256 1041 3366 1094 οὐδ’
3399 1041 3560 1102 οὑτως
3597 1045 3649 1094 1'1

2112 1140 2469 1210 ὑπεσχημένα
2523 1139 2740 1192 τελέσαι
2790 1137 2969 1209 ἤθελε.
3029 1133 3539 1202 Μεταπεμψάμενος
3578 1133 3650 1186 οὑν

2110 1229 2139 1282 ὸ
2171 1229 2422 1299 βασιλεὺς
2467 1229 2717 1300 Ἰωάννην
2757 1229 2848 1281 τὸν
2893 1228 3008 1280 υἱὸν
3039 1225 3134 1280 τοῦ
3182 1224 3653 1293 σεϐαστοκράτορος

2112 1323 2205 1375 καὶ
2245 1320 2580 1390 αὑταδέλφου
2633 1319 2798 1374 αὐτοῦ
2847 1320 2983 1374 κατ’
3015 1318 3181 1372 αὑτοῦ
3227 1316 3505 1383 ἐξέπεμψε
3545 1318 3652 1384 μετὰ

2111 1414 2441 1484 ἀποχρώσης
2481 1415 2782 1479 δυνάμεως,
2815 1415 2840 1466 ὁ
2883 1410 2940 1464 δέ
2980 1406 3070 1464 οἷα
3110 1408 3543 1480 ἀπειροπόλεμος
3582 1408 3653 1459 καὶ

2115 1507 2404 1574 σιραδάζων
2453 1507 2528 1570 ώς
2567 1507 2685 1567 νέος
2736 1505 2871 1576 πρὸς
2915 1504 3116 1574 μάχας,
3167 1501 3420 1556 ἀπελθὼν
3464 1501 3554 1553 καὶ
3583 1502 3652 1554 τὸν

2109 1600 2204 1654 τοῦ
2241 1598 2495 1652 Λιπενίου
2533 1599 2778 1667 ποταμὸν
2821 1598 3015 1661 διαϐὰς
3060 1596 3191 1666 περὶ
3239 1596 3368 1656 τοὺς
3409 1594 3655 1662 πρόποδας

2110 1691 2204 1744 τοῦ
2266 1687 2440 1753 Ζυγοῦ
2490 1687 2724 1740 κατευθὺ
2778 1686 2871 1739 τοῦ
2927 1685 3287 1751 Σφεντζανίου
3340 1682 3431 1735 τὸν
3470 1682 3656 1752 χάρακα

2113 1782 2373 1852 ἐπήξατο.
2425 1782 2540 1834 (ιὺκ
2589 1779 2746 1832 ἔλαϐε
2801 1779 2847 1812 ³⁸
2891 1778 3049 1832 τοῦτο
3097 1777 3188 1831 τὸν
3234 1776 3523 1830 Βολκάνσν.
3569 1778 3656 1830 Καὶ

439 1889 702 1956 optimum
769 1891 997 1952 ducens,
1065 1892 1465 1947 adolescentem
1523 1909 1588 1949 ex
1652 1904 1768 1949 tuto
1829 1897 2008 1950 missis

2118 1846 2274 1926 πάλιν
2320 1873 2449 1943 περὶ
2485 1873 2709 1943 εἰρήνης
2759 1871 2852 1924 καὶ
2899 1871 3037 1940 πρὸς
3080 1869 3244 1924 αὑτὸν
3294 1869 3514 1937 ἠρώτα,
3560 1868 3657 1920 ὑπι-

437 1980 648 2033 nuntiis
687 1995 784 2048 per
842 1983 1194 2038 tractationes
1234 1996 1482 2048 versutas
1520 1989 1854 2057 aggreditur.
1910 1989 2013 2042 Pa—

438 2083 557 2122 cem
587 2069 726 2124 ultro
781 2086 1033 2140 poscens,
1101 2091 1261 2142 quam
1326 2091 1387 2130 se
1451 2076 1708 2146 deinceps
1744 2094 1862 2130 cum
1909 2079 2012 2134 ﬁde

436 2161 706 2216 cultorum
788 2163 1163 2230 pollicebatur,
1223 2169 1586 2237 daturumque
1638 2169 1854 2224 obsides
1880 2186 2012 2237 quos

440 2263 565 2304 ante
596 2255 942 2320 promiserat.
978 2256 1155 2312 Verba
1192 2260 1305 2314 haec
1337 2271 1496 2315 erant
1527 2272 1582 2316 et
1613 2261 2010 2317 ludiﬁcationes

439 2358 625 2410 mene,
657 2361 762 2414 quo
785 2363 1060 2403 aversosa
1092 2367 1219 2406 cura
1271 2352 1420 2416 belli,
1475 2363 1528 2408 et
1587 2354 1656 2408 ab
1709 2357 2011 2412 attentione

439 2434 696 2489 custodiae
742 2437 807 2492 ad
864 2439 1299 2509 intempestivam
1347 2443 1594 2499 ﬁduciam
1644 2449 1900 2502 remissos
1947 2463 2012 2502 ex

439 2523 735 2590 improviso
787 2529 1008 2585 adortus
1052 2533 1407 2600 opprimeret.
1468 2535 1628 2605 253
1703 2537 1846 2592 Sane
1897 2539 2012 2607 ipse

440 2613 727 2684 llnlranus,
761 2620 884 2674 dttm
937 2622 1003 2676 de
1057 2624 1142 2679 his
1175 2624 1416 2682 Joannes
1466 2629 1818 2695 deliberabat,
1849 2646 2008 2699 quam

441 2702 852 2771 diligentissime
879 2720 1140 2781 armatus,
1175 2715 1225 2769 in
1257 2715 1531 2783 procinctu
1560 2718 1624 2772 ad
1656 2719 2008 2788 irruptionem

442 2798 680 2852 subitam
714 2814 852 2857 erat.
899 2804 1158 2874 Adeoque
1183 2807 1293 2875 jam
1331 2808 1450 2879 ipso
1482 2811 1858 2878 proficiscente
1891 2829 2009 2867 cmn

442 2885 720 2944 instructis
747 2892 919 2961 copiis
938 2896 1002 2947 ad
1023 2896 1298 2954 Romanos
1329 2900 1463 2955 nihil
1489 2901 1667 2957 minus
1694 2903 2010 2973 cogitantes,

443 2993 787 3044 pra-currens
843 2987 1142 3042 monachus
1203 2991 1468 3061 quispiam
1551 2993 1755 3050 indicat
1816 2995 2012 3052 Joanni

440 3071 734 3124 adventare
766 3073 993 3140 bouem,
1028 3078 1184 3147 idque
1211 3091 1530 3137 constanter
1562 3083 1810 3139 aliirmat.
1841 3086 2011 3152 Quem

2115 1966 2445 2037 σχνούμενος
2478 1968 2572 2018 καὶ
2609 1967 2736 2028 τοὺς
2762 1964 3176 2037 ὑπεσχημένους
3227 1963 3474 2032 ὁμήρους
3502 1960 3656 2013 δοῦναι

2113 2060 2210 2112 καὶ
2239 2057 2484 2128 καθαράν
2511 2058 2611 2128 τὴν
2653 2061 2878 2130 εἰρήνην
2914 2059 3053 2129 μετὰ
3100 2060 3211 2110 τῶν
3262 2055 3551 2125 Ῥωμαίων
3584 2054 3656 2108 τοῦ

2112 2151 2300 2204 λοιποῦ
2327 2154 2582 2221 τηρῆσαι.
2612 2152 2771 2206 Ἀλλά
2819 2152 2993 2205 ταῦτα
3040 2150 3138 2221 μὲν
3172 2152 3228 2202 ἐν
3277 2148 3468 2219 μόναις
3507 2146 3659 2216 ψιλαῖς

2115 2243 2499 2314 ὑποσχέσεσιν,
2533 2243 2692 2306 αὑτὸς
2747 2243 2804 2296 δὲ
2836 2230 3162 2310 ἐξωπλίζετο
3198 2239 3492 2309 ἀγνώστοις
3538 2239 3658 2292 αὐτῶ

2115 2335 2468 2404 προσϐαλεῖν.
2514 2336 2622 2389 Καὶ
2662 2336 2763 2405 τῆς
2802 2337 2938 2407 πρὸς
2977 2336 3066 2389 τὸν
3099 2333 3361 2401 Ἰωάννην
3413 2328 3657 2400 φερούσης

2113 2431 2206 2482 τοῦ
2236 2427 2510 2482 Βολκάνου
2540 2427 2823 2497 ἁψαμένου
2863 2426 3094 2497 μοναχός
3137 2442 3222 2487 τις
3257 2421 3658 2492 προκαταλαϐὼν

2113 2521 2174 2572 τὸ
2205 2517 2579 2590 μελετώμενον
2621 2515 3054 2586 ἀπαγγέλλειτῴ
3099 2515 3338 2582 Ἰωάννῃ,
3376 2512 3466 2564 καὶ
3514 2527 3659 2562 κατα·

2113 2613 2408 2685 λαμϐάνειν
2437 2613 2527 2664 τὸν
2573 2609 2764 2681 ἐχθρὸν
2789 2611 2888 2682 ἤδη
2927 2609 3308 2678 διισχυρίζετο.
3347 2607 3409 2659 '0
3455 2603 3508 2657 δὲ
3545 2601 3661 2672 μετὰ

2117 2705 2290 2776 θυμοῦ
2321 2704 2513 2757 τοῦτον
2544 2702 2932 2773 ἀπεπέμψατο,
2971 2701 3212 2772 ψεύστην
3252 2699 3347 2752 καὶ
3394 2696 3660 2751 ἀπατεῶνα

2113 2799 2426 2854 ἀποκαλῶν.
2474 2797 2634 2851 Ἀλλὰ
2689 2797 2748 2850 τὸ
2795 2796 2975 2868 ἔργον,
3015 2796 3106 2848 τὸν
3145 2794 3303 2861 λόγον
3344 2789 3659 2863 προέφθασεν

2117 2888 2511 2943 πιστώσασθαι.
2557 2887 2770 2950 Νυκτὸς
2810 2887 2917 2956 γὰρ
2960 2886 3298 2939 ἐπεισπεσὼν
3349 2881 3512 2951 αὐτῷ,
3544 2879 3660 2930 πολ-

2113 2985 2239 3047 λοὺς
2272 2983 2370 3052 μέν
2400 2982 2507 3036 τῶν
2550 2981 2899 3056 στρατιωτῶν
2931 2978 3078 3042 ἐντὸς
3107 2977 3214 3032 τῶν
3245 2975 3454 3030 σκευῶν
3484 2972 3657 3034 ἀνεῖλε,

2117 3077 2302 3131 πολλοὶ
2341 3076 2397 3130 δὲ
2427 3076 2522 3128 καὶ
2552 3075 2856 3144 ἀνακράτος
2885 3073 3179 3143 φεύγοντες
3221 3073 3342 3130 ταῖς
3380 3069 3540 3130 δίναις
3568 3064 3658 3126 Ϊτοῦ

444 3158 536 3215 ille
567 3177 686 3215 cum
721 3168 1001 3221 Stomacho
1056 3185 1156 3224 nec
1204 3171 1322 3226 sine
1378 3177 1702 3230 contumelia
1737 3189 1789 3230 nt
1840 3178 2006 3232 levem

2118 3169 2266 3222 κάτω
2306 3169 2515 3239 ῥέοντος
2549 3167 2793 3237 ποταμοῦ
2831 3165 3240 3238 παρασυρέντες
3280 3160 3656 3229 ἀπεπνίγησαν.

440 3258 496 3304 et
528 3268 785 3321 nugaeem
815 3256 1123 3327 nulliusqne
1159 3261 1278 3315 tidei
1319 3263 1593 3318 hominem
1649 3266 1850 3332 rejicit.
1907 3269 2014 3324 Sed

449 3357 570 3394 mox
609 3343 766 3399 tidem
805 3350 1051 3403 monachi
1088 3367 1172 3406 res
1201 3352 1329 3422 ipsa:
1359 3368 1674 3410 sanxerunt.
1724 3357 1937 3414 lrrunnt
1965 3362 2015 3414 in

446 3431 686 3489 Romana
717 3448 896 3492 castra
932 3455 1028 3508 per
1058 3453 1267 3496 noctem
1311 3445 1567 3501 Dalmata:
1594 3449 1729 3503 duce
1762 3450 2016 3519 Bolcano,

445 3524 730 3579 creduntur
758 3529 896 3583 intra
929 3532 1281 3588 tabernacula
1319 3537 1571 3606 imparati
1607 3540 1848 3609 plet-ique
1880 3543 2018 3596 mili-

451 3620 585 3680 tum,
614 3616 701 3670 alii
756 3623 961 3690 trepida
1014 3635 1229 3680 ruentes
1283 3627 1428 3696 fuga,
1482 3632 1531 3683 itt
1583 3635 1886 3700 proximum
1925 3650 2021 3704 per

443 3720 682 3762 errorem
717 3721 770 3764 et
805 3713 1062 3783 impetum
1115 3720 1327 3789 abrepti
1379 3720 1580 3778 ﬂumen
1628 3727 1788 3794 aquis
1837 3727 2018 3783 hausti

443 3799 670 3866 perit-re.
707 3801 864 3858 Pauci
895 3808 1090 3875 quibus
1123 3812 1342 3882 aliquod
1381 3815 1545 3869 rolmr
1568 3819 1736 3871 animi
1771 3830 1824 3873 et
1854 3820 2018 3876 oﬂirii

444 3888 702 3956 regitatio
735 3897 1233 3970 superfuit,raptim
1267 3919 1362 3972 per
1390 3905 1640 3961 tenebras
1671 3909 2022 3968 tabernaculo

441 3976 664 4037 Joannis
695 3987 942 4054 quaasito,
969 4005 1065 4060 pro
1093 4007 1159 4048 eo
1185 4003 1407 4051 strenue
1441 4009 1776 4066 pugnarunt,
1800 4010 2022 4060 eatenus

446 4075 662 4140 quidem
705 4089 765 4132 ut
801 4080 988 4134 ducem
1025 4087 1210 4155 utique
1236 4103 1392 4142 suum
1425 4105 1454 4143 a
1488 4092 1634 4145 etcde
1665 4103 1758 4146 aut
1791 4094 2026 4148 servitu-

447 4176 506 4256 te
563 4165 935 4227 liberaverint.
987 4175 1080 4229 Sic
1137 4178 1411 4249 dissipatis
1464 4183 1758 4238 maximam
1814 4194 2022 4256 partem

450 4253 712 4315 Romanis
759 4266 955 4333 copiis,
995 4267 1261 4324 Bolcanus
1307 4273 1422 4328 suis
1465 4277 1780 4330 convocatis
1815 4253 2021 4346 VJugnm

444 4348 660 4438 rediens
713 4368 834 4409 eum
895 4357 959 4412 iis
1007 4363 1329 4418 conscendit
1376 4380 1544 4436 prope
1599 4366 2021 4438 Spbentzanium

447 4437 730 4498 insistens.
763 4444 864 4500 Eos
894 4449 1073 4505 intuiti
1111 4454 1201 4522 qui
1252 4471 1376 4510 cum
1430 4437 1649 4513 Joanne
1692 4475 2019 4528 supererant

446 4535 723 4600 perpauci,
779 4552 877 4592 nec
931 4541 1035 4594 ulla
1070 4542 1179 4611 jam
1211 4559 1276 4600 ex
1307 4557 1460 4617 parte
1514 4552 1580 4604 ad
1624 4556 2018 4608 conserendum

448 4635 569 4676 cum
608 4625 819 4695 integro
848 4639 903 4685 et
934 4634 1140 4689 victore
1201 4636 1468 4710 longeque
1508 4645 1887 4700 numerosiore
1921 4647 2021 4702 bo-

447 4722 531 4768 ste
561 4723 805 4784 praelium
837 4737 1018 4792 pares,
1053 4727 1190 4782 nihil
1245 4746 1306 4786 se
1339 4734 1506 4788 tutius
1548 4750 1706 4804 posse
1739 4739 2022 4796 consulere

447 4813 729 4893 putarunt,
788 4826 947 4881 quam
1004 4827 1062 4870 ut
1132 4817 1354 4876 ﬂumine
1406 4823 1631 4893 traiecto
1685 4829 2020 4884 recederent.

413 4948 415 4950 .
446 4890 720 4954 Promotis
751 4917 879 4972 ergo
909 4907 975 4960 ad
1003 4909 1386 4967 duodecimum
1441 4930 1470 4969 a
1503 4914 1729 4986 Lipenio
1783 4921 2019 4974 stadium

445 4990 644 5046 caSIris
692 4992 932 5051 Joannes
1003 5013 1258 5070 reputans
1304 5021 1428 5061 cum
1479 5009 1561 5063 his
1621 5010 1694 5063 ita
1737 5012 2020 5068 diminutis

444 5081 615 5150 copiis
664 5090 998 5155 provinciam
1052 5110 1214 5164 quam
1267 5110 1483 5168 gereret
1537 5100 1784 5156 obtinere
1834 5119 1892 5157 se
1928 5105 2018 5158 tali

2134 3259 2350 3313 Ὁπόσοι
2405 3259 2462 3311 δέ
2513 3258 2918 3328 σταθηροτέρας
2973 3256 3200 3325 γνώμης
3250 3248 3391 3323 ἦσαν
3447 3251 3535 3319 τὴν
3578 3244 3659 3299 τοῦ

2121 3352 2366 3406 Ἰωάννου
2397 3350 2836 3420 ἀναζητήσαντες
2879 3347 3082 3420 σκηνὴν
3109 3345 3366 3416 ἐκθύμως
3398 3341 3660 3414 μαχόμενοι

2119 3443 2325 3514 ταύτην
2351 3443 2444 3496 ἐπὶ
2480 3441 2678 3496 ταυτοῦ
2710 3441 2865 3511 μόγις
2905 3440 3254 3510 διετήρησαν.
3281 3436 3440 3492 Οὕτω
3463 3431 3580 3502 γοῦν
3611 3428 3661 3480 τὸ

2124 3541 2224 3611 μὲν
2248 3539 2496 3590 πλεῖστον
2517 3535 2612 3590 τοῦ
2649 3533 2955 3603 Ῥωμαῖκοῦ
2985 3533 3392 3605 στρατεύματος
3419 3525 3658 3600 ῷχετο.’0

2121 3631 2177 3684 δὲ
2224 3629 2490 3692 Βολκάνος
2523 3628 2648 3690 τοὺς
2688 3627 2847 3690 ίδίους
2887 3625 3285 3694 ἀναλεξάμενος
3319 3624 3413 3677 καὶ
3451 3619 3658 3676 ἀνελθὼν

2122 3723 2214 3776 τοῦ
2256 3721 2431 3790 Ζυγοῦ
2465 3721 2608 3774 κατά
2650 3721 2711 3772 τὸ
2755 3718 3115 3789 Σφεντζάνιον
3162 3716 3315 3787 ἔστη.
3351 3717 3416 3769 Οἱ
3457 3713 3496 3767 δ’
3539 3711 3657 3781 ἀμφὶ

2122 3815 2211 3869 τὸν
2235 3815 2302 3866 Ἰυ
2322 3816 2488 3885 άννην
2524 3812 2749 3875 τούτους
2793 3811 3152 3880 θεασάμενοι,
3196 3808 3368 3873 ὀλίγοι
3405 3806 3547 3866 ὅντες
3582 3801 3659 3854 καὶ

2127 3907 2202 3979 μὴ
2259 3907 2398 3980 μετά
2447 3907 2714 3960 τοσούτων
2769 3901 3035 3974 μάχεσθαι
3079 3900 3391 3969 δυνάμενοι,
3437 3893 3656 3950 ἐϐουλεύο

2126 4017 2288 4054 σαντο
2308 4001 2389 4061 είς
2417 3997 2658 4051 τοὺπίσω
2683 3995 3012 4064 διαπεράσαι
3053 3991 3144 4045 τὸν
3174 3989 3446 4059 ποταμόν.
3485 3985 3656 4040 Τούτου

2123 4095 2180 4147 δέ
2226 4089 2514 4161 γεγονότος
2556 4089 2603 4121 ⁸⁸
2658 4086 3137 4157 καταλαμϐάνουσι
3169 4083 3229 4135 τὸ
3267 4082 3516 4134 Λιπένιον
3551 4076 3658 4128 ὡσεὶ

2122 4183 2328 4236 δώδεκα
2363 4179 2608 4242 σταδίους
2634 4178 2822 4233 τούτου
2867 4176 3066 4246 ἀπέχον
3097 4175 3162 4240 ⁸⁸,
3194 4173 3448 4227 ἐπιπλέον
3475 4170 3514 4224 δ’
3552 4170 3657 4222 ἀντ·

2125 4278 2268 4346 ἔχειν
2291 4315 2306 4338 ,
2352 4274 2477 4335 τοὺς
2541 4273 2823 4335 πλείστους
2861 4268 3240 4333 ἀπολωλεκὼς,
3274 4265 3349 4336 μὴ
3380 4266 3657 4331 δυνάμενος,

2123 4371 2222 4437 τὴν
2258 4365 2393 4438 πρὸς
2423 4366 2466 4397 δ’
2497 4365 2597 4434 τὴν
2642 4362 3035 4434 βασιλεύουσαν
3070 4361 3376 4430 ἀνεζήτησε
3401 4379 3413 4391 υ
3457 4355 3564 4428 κᾷθ’
3587 4351 3658 4405 οὖς

2124 4477 2234 4522 τως
2264 4455 2616 4530 τεθαρρηκώς
2647 4455 2674 4506 ὀ
2707 4453 2995 4518 Βολκάνος,
3025 4453 3098 4515 ώς
3143 4452 3216 4522 μή
3247 4467 3390 4513 τινος
3414 4448 3503 4502 τοῦ
3534 4449 3653 4500 ἀντιο

2128 4550 2528 4618 καθισταμένου
2575 4546 3041 4617 περιλειφθέντος,
3079 4543 3324 4614 ὲληῒζετο
3372 4544 3465 4604 τὰς
3507 4555 3653 4608 παραυ

2127 4643 2385 4712 κειμένας
2422 4641 2602 4701 πόλεις
2643 4639 2735 4692 καὶ
2770 4640 2971 4707 χώρας.
3027 4637 3134 4690 Καὶ
3157 4637 3264 4689 τῶν
3298 4635 3533 4688 Σκοπίων
3562 4632 3655 4695 ,τὴν

2127 4737 2231 4801 ἔξω
2259 4732 2440 4805 χώραν
2471 4732 2691 4794 τελείως
2725 4729 2994 4801 ὴρίπωσε,
3027 4728 3086 4780 τὸ
3110 4727 3166 4781 δέ
3200 4744 3251 4779 τι
3283 4728 3377 4779 καὶ
3416 4737 3650 4778 κιτειιαν·

2130 4846 2242 4892 σεν,
2275 4825 2334 4878 οὑ
2391 4826 2548 4897 μέχρι
2590 4824 2648 4897 δὲ
2692 4821 2904 4885 τούτου,
2936 4819 3073 4874 ἀλλὰ
3123 4820 3218 4872 καὶ
3263 4818 3356 4871 τὸν
3393 4809 3652 4870 Πόλοϐον⁸³

2129 4923 2220 4973 καὶ
2259 4895 2401 4990 ἄχρι⁷
2442 4895 2678 4988 Βρανέας
2720 4915 2766 4947 ⁸⁸
2799 4913 3013 4982 φθάσας
3061 4912 3157 4966 καὶ
3203 4910 3419 4982 δῃώσας
3455 4910 3651 4965 ἅπαντα,

2131 5010 2331 5080 πολλήν
2354 5025 2412 5060 τε
2447 5007 2595 5060 λείαν
2627 5004 2838 5058 ἐκεῖθεν
2861 5003 3212 5073 ἀφελόμενος.
3242 5005 3322 5065 είς
3351 5003 3446 5069 τὴν
3479 4997 3651 5051 οἰκείαν

2131 5099 2436 5168 ὑπέστρεψε
2469 5099 2583 5166 χώρ
2595 5112 2675 5150 ιν.

446 5179 688 5272 {emporia
720 5197 822 5236 non
875 5201 1054 5254 posse,
1093 5189 1614 5260 Constantinopolim
1671 5211 1731 5249 se
1751 5200 2002 5250 contulit.
2047 5196 2181 5250 Tum
2224 5194 2490 5247 ltolcanns
2544 5199 2699 5244 aucta
2754 5187 3106 5250 conﬁdentia,
3143 5187 3255 5256 jam
3344 5198 3466 5238 cura
3548 5179 3656 5232 liber

413 5266 1004 5357 ’ίτηιηίηθηιεειιοειίε.
1059 5283 1257 5349 praedis
1324 5285 1548 5354 agendis
1637 5287 2084 5357 incnrsandisque
2126 5286 2476 5341 licentissime
2523 5282 2779 5336 Romana:
2831 5280 3049 5334 ditionis
3108 5280 3256 5349 pagis
3314 5286 3367 5332 el
3403 5276 3534 5346 agris
3586 5284 3659 5341 per

445 5356 616 5448 θίίξπη
648 5360 928 5432 ίηευιηιίιε
968 5387 1033 5425 ac
1082 5376 1356 5443 regionem
1391 5379 1613 5447 quidem
1666 5380 1880 5448 Scopiis
1928 5356 2371 5447 cirrttmpnsitam
2440 5377 2672 5430 vastavit
2762 5377 2920 5441 plane
2970 5387 3188 5426 omnem
3239 5381 3296 5426 et
3382 5367 3661 5425 deformat-it

456 5445 636 5503 minis
669 5464 831 5519 ²¹¹ί1υθ
886 5458 1173 5528 incendiis,
1226 5465 1362 5518 ultra
1420 5469 1552 5537 quin
1609 5470 1774 5524 etiam
1847 5470 2051 5524 crudeli
2130 5471 2357 5522 avaritia
2395 5477 2681 5534 provertus
2714 5465 2972 5519 Potohttm
3026 5466 3281 5519 sttniliter
3332 5465 3662 5524 desttutim'!

453 5551 623 5604 usque
658 5539 896 5600 Braneus
925 5563 1117 5605 cuncta
1150 5555 1450 5612 latrociniis
1482 5562 1754 5628 exhausit,
1808 5564 2095 5630 pr.edaque
2123 5573 2351 5614 onustus
2383 5557 2602 5613 do'nnm
2639 5559 2818 5611 rediit.

1541 5697 1736 5759 Vario:
1798 5697 2106 5758 lectiones
2137 5713 2212 5757 ex
2249 5695 2392 5756 cod.
2432 5694 2705 5754 Coistin.

567 5807 612 5841 ³¹
636 5806 818 5866 ἔλαθε.
922 5814 964 5846 ⁸ο
993 5818 1286 5889 γενομένου
1385 5823 1423 5852 ⁸⁸
1447 5825 1758 5896 ἀπέχοντος.
1856 5828 1990 5890 δ’ὡς
2018 5828 2174 5897 πρὸς.
2275 5824 2570 5878 ³¹Πὸλοϐον
2603 5826 2946 5881 καταλαϐών.
3025 5829 3069 5860 ⁸⁵
3107 5826 3362 5897 Βρανίας.
