3798 6572
486 371 592 432 675

1767 364 1988 425 ΑΝΝᾸΞ
2028 359 2412 423 (ΞΟΜΝΕΝίΕ

3582 367 3662 430 ὖῗθ

490 482 681 537 ciliciis
711 496 775 536 ac
803 477 1109 546 beneﬂciis,
1136 477 1247 532 imo
1274 475 1540 532 charitate
1571 489 1631 529 ac
1658 472 1936 528 blanditiis
1966 489 2052 543 pa-

2165 471 2392 542 ποιῆσαι
2419 466 2752 524 ἐσπούδασεν
2795 466 2862 522 ἄν
2882 483 2895 498 ⁶
2927 460 3082 530 οὗτος
3105 464 3206 520 δὲό
3234 466 3555 542 αὐτοκράτωρ
3584 478 3660 540 τὰς

492 573 666 628 ternis
695 572 841 626 velut
871 570 1121 640 proprios
1150 569 1288 622 filios
1314 566 1746 637 amplexabatur.
1775 564 1889 632 Quo
1914 566 2056 620 enim

488 678 601 718 non
639 663 784 731 ipsos
820 661 1057 729 benigno
1081 659 1251 725 dicto,
1281 675 1388 728 quo
1420 674 1524 712 non
1561 658 1702 712 facto
1749 657 1958 712 liberali
1995 672 2060 712 ac

488 756 754 811 benevolo
786 754 1055 809 consolari
1081 762 1313 808 conatus
1339 754 1458 807 est?
1489 767 1652 820 quam
1684 752 1921 821 denique
1953 767 2057 805 non

493 849 562 902 de
593 848 756 902 rebus
797 862 860 899 ac
910 847 1214 901 commodis
1246 861 1433 899 eorum
1469 846 1863 914 providentiam
1908 858 2055 898 sum-

490 938 822 1008 psi'tquue
847 954 971 992 cum
1011 953 1286 1007 nunquau.
1328 937 1529 992 invidia
1578 947 1824 992 cessaret
1872 951 1899 987 a
1948 935 2061 988 suis

490 1031 543 1083 in
569 1045 665 1084 eos
693 1029 1026 1098 ejacuIandis
1057 1029 1199 1084 telis.
1239 1028 1434 1082 Verum
1469 1044 1576 1097 quo
1615 1028 1786 1097 magis
1839 1027 1890 1080 id
1939 1040 2058 1093 age-

490 1121 624 1174 bant
653 1120 1075 1174 calumniatores
1103 1133 1160 1173 ιιι
1196 1119 1430 1174 assiduis
1476 1119 1528 1194 in
1557 1133 1654 1173 eos
1702 1117 2059 1171 delationibus

492 1213 842 1282 imperatoris
874 1214 1113 1265 animum
1139 1213 1554 1275 exacerbarent,
1583 1218 1734 1264 tanto
1765 1211 2060 1278 imperator

485 1302 605 1372 ipse
640 1303 831 1371 majori
859 1302 1079 1358 eosdem
1102 1302 1304 1356 auxilio
1335 1317 1399 1355 ac
1424 1302 1672 1370 praesidio
1707 1301 2055 1368 dignabatur,

488 1394 749 1448 blandum
797 1409 1013 1462 semper
1039 1394 1106 1448 iis
1145 1394 1375 1448 arrisum
1412 1407 1770 1462 serenatnque
1812 1408 1875 1446 ac
1915 1393 2062 1446 rcni-

485 1486 704 1556 dentem
735 1485 997 1541 exhibens
1028 1484 1240 1547 faciem,
1283 1485 1547 1554 planeque
1601 1499 1709 1554 prae
1755 1500 1814 1540 se
1856 1486 2059 1548 terens,

490 1591 612 1631 sese
645 1577 951 1631 rationibus
982 1579 1222 1645 ipsorum
1259 1584 1422 1645 atque
1469 1576 1807 1631 ornamentis
1855 1588 2058 1632 attenta

487 1683 706 1736 semper
747 1668 1079 1736 cogitatione
1105 1669 1438 1737 prospicere.
1468 1669 1622 1724 Alius
1669 1670 1888 1737 quidem
1938 1671 2059 1728 istis

485 1758 660 1812 editos
697 1758 988 1821 natalibus,
1031 1758 1152 1812 istis
1200 1760 1453 1827 praeditos
1504 1760 1722 1814 dotibus
1777 1772 2060 1830 suspectos

2162 563 2268 617 τῶν
2303 561 2515 615 πολλῶν
2548 560 2690 614 κατὰ
2727 560 2837 614 τῶν
2870 559 3010 612 νέων
3053 559 3364 628 εἰσηγήσεις
3399 561 3514 630 παρ’
3547 565 3662 620 οὐδὲν

2163 655 2386 714 ἐτίθετο,
2414 652 2614 723 ἐξόχως
2651 651 2874 712 τούτους
2911 649 3104 718 φιλῶν,
3153 648 3247 718 τὴν
3293 648 3461 718 μέντοι
3497 655 3664 726 μητέρι

2161 747 2369 800 τούτων
2403 746 2671 800 Εὺδοκίαν
2707 747 2799 796 καὶ
2827 743 3044 812 δωρεῶν
3084 740 3247 805 ἀξιῶν
3295 743 3384 793 καὶ
3425 745 3568 813 τιμῆς
3590 747 3665 816 τῆς

2165 836 2551 906 προσηκούσης
2585 834 2918 904 βασιλίσσαις
2957 832 3030 902 μὴ
3068 831 3398 902 ἀποστερῶν,
3441 835 3524 886 καὶ
3552 837 3665 904 αὐτῷ

2160 929 2216 981 δὲ
2260 928 2336 998 τῷ
2385 927 2686 999 Νικηφόρῳ
2749 926 2847 997 τὴν
2900 927 2997 996 τῆς
3050 925 3212 994 νήσου
3272 924 3482 993 Κρήτης
3532 927 3665 999 ἀρχὴν

2162 1017 2384 1072 ἀνέθετο
2407 1021 2485 1080 εἰς
2515 1017 2837 1086 ἐνδιαίτημα
2883 1016 3034 1068 ἴδιον.
3063 1012 3223 1068 ’Δλλὰ
3259 1012 3425 1066 ταῦτα
3451 1014 3536 1082 μὲν
3559 1019 3581 1068 ὁ
3602 1017 3668 1086 βσ-

2164 1110 2368 1169 σιλεύς.
2403 1111 2621 1164 Τούτων
2646 1109 2702 1162 δὲ.
2733 1110 2761 1160 ὁ
2793 1108 2892 1176 μὲν
2922 1109 3072 1160 Λέων
3119 1108 3456 1174 φρονήματος
3484 1105 3547 1158 ὢν
3572 1107 3666 1175 ἀγα-

2164 1201 2261 1254 θοῦ
2286 1203 2382 1256 καὶ
2397 1202 2623 1272 γνώμης
2644 1201 2957 1269 ἐλευθέρας,
2979 1199 3123 1269 ὁρῶν
3142 1199 3198 1251 δὲ
3224 1199 3318 1251 καὶ
3342 1198 3435 1268 τὴν
3457 1198 3666 1267 βασιλέως

2162 1296 2240 1356 εἰς
2270 1294 2466 1356 αὐτοὺς
2498 1292 2805 1362 εὐμένειαν,
2843 1290 3068 1360 ἔστεργε
3107 1289 3204 1357 τὴν
3243 1287 3498 1357 λαχοῦσαν
3519 1291 3670 1342 ἐπανορ

2163 1385 2469 1455 παυόμενος
2513 1377 2625 1436 οἷον
2672 1383 2762 1436 ἐπὶ
2794 1386 2905 1445 τοῖς
2936 1380 3169 1451 παροῦσι
3197 1381 3334 1433 κατὰ
3354 1380 3439 1432 τὸν
3462 1381 3668 1432 εἰπόντιο

2162 1475 2416 1546 Σπάρταν
2457 1473 2669 1545 ἔλαχες,
2703 1474 2907 1527 ταύταν
2940 1473 2984 1504 ⁸⁸
3019 1473 3234 1541 κόσμει.
3279 1471 3337 1520 ’0
3369 1471 3420 1522 δέ
3454 1487 3510 1538 γε
3543 1471 3673 1540 Non;

2163 1568 2330 1638 φόρος
2363 1567 2627 1638 δύσοργος
2649 1566 2744 1620 καὶ
2769 1565 3077 1636 βαρύμηνις
3103 1561 3179 1616 ὢν
3203 1562 3296 1616 καὶ
3321 1561 3673 1632 βυσσοδομεύων

2162 1660 2302 1712 κατὰ
2337 1659 2433 1712 τοῦ
2477 1658 2909 1728 αὐτοκράτορος,
2948 1657 3041 1708 καὶ
3081 1655 3438 1724 τυραννήσειν
3486 1651 3674 1720 μελετῶν

2162 1753 2262 1806 ούκ
2290 1751 2525 1804 ἐπαύετο
2555 1750 2624 1805 ⁸ο.
2659 1749 3023 1821 ’Υποϐρύχιον
3063 1747 3119 1801 δὲ
3159 1747 3307 1816 ὅμως
3336 1740 3443 1812 εἶχε
3473 1743 3557 1814 τὴν
3590 1743 3676 1812 βοτ-

490 1850 770 1904 babnisset
825 1849 1096 1914 homines,
1151 1860 1205 1904 et
1252 1851 1400 1905 velut
1454 1867 1556 1905 non
1604 1852 1795 1907 dubios
1846 1828 2052 1924 imperii

2163 1847 2284 1918 λήν.
2311 1849 2450 1918 Ἤδη
2482 1847 2538 1900 δὲ
2571 1847 2665 1900 καὶ
2698 1845 2792 1900 τοῦ
2816 1846 2976 1915 ἔργου
3004 1842 3414 1912 ἀπαρξάμενος,
3442 1840 3674 1907 γνησιώτε-

486 1946 713 2000 aemulos
744 1946 935 2000 tollere
962 1947 1026 2000 de
1049 1947 1354 2016 mediojam
1375 1951 1441 2002 ab
1473 1949 1593 2018 ipso
1623 1950 1886 2019 principio
1913 1949 2059 2004 omni

486 2046 604 2091 arte
637 2051 700 2092 ac
732 2038 926 2093 cona’tu
957 2038 1272 2094 studuiss:t.
1321 2039 1391 2093 At
1435 2039 1525 2094 hic
1582 2041 1878 2109 imperatur
1925 2043 2060 2096 adeo

489 2130 694 2185 nullum
725 2145 960 2200 unquam
989 2145 1054 2185 ex
1085 2144 1146 2184 se
1176 2131 1281 2186 tale
1304 2132 1592 2202 concipere
1633 2133 1918 2188 consilium
1963 2151 2060 2204 po-

488 2223 613 2283 tuit,
641 2230 786 2276 utne
825 2221 1174 2275 suadentium
1213 2223 1430 2291 quidem
1478 2224 1708 2278 subinde
1768 2227 1891 2278 talia
1924 2227 2060 2280 mul-

488 2323 668 2367 torum
700 2329 938 2382 unquam
986 2315 1289 2368 orationem
1329 2316 1632 2380 admiserit,
1679 2332 1892 2387 semper
1931 2334 2060 2374 cou-

483 2415 637 2458 stans
689 2405 741 2458 in
797 2407 1250 2474 reprtesentandis
1300 2406 1490 2462 olliciis
1543 2410 1758 2464 eximite
1813 2411 1865 2465 in
1906 2414 2052 2480 ipsos

483 2496 910 2562 benevolentiae;
975 2492 1127 2552 adeo'
1179 2499 1394 2567 quidem
1451 2508 1510 2554 ut
1569 2510 1794 2556 matrem
1845 2519 2060 2574 quoque

486 2587 729 2654 ipsorum
759 2586 1054 2641 Eudociatn
1093 2598 1145 2641 et
1177 2591 1333 2644 donis
1383 2605 1807 2660 prosequeretor
1860 2596 2058 2652 libera-

484 2678 650 2743 libus,
715 2690 766 2733 et
820 2679 964 2734 nulla
1024 2681 1246 2736 bonuris
1295 2692 1446 2749 parte
1491 2685 1583 2752 qui
1623 2685 1822 2740 deferri
1859 2689 2058 2745 soleret

483 2768 924 2838 impcralricibtts
983 2770 1408 2826 defraudandatn
1456 2775 1719 2843 voluerit;
1755 2777 2057 2848 Nicephoro

488 2861 617 2929 quin
647 2860 809 2914 etiam
845 2862 967 2916 huic
996 2862 1100 2932 ipsi
1147 2879 1254 2933 quo
1308 2864 1375 2918 de
1421 2867 1633 2935 agimus
1681 2872 1730 2923 in
1783 2876 2054 2941 propriam

481 2967 544 3006 ac
571 2953 897 3022 peculiarem
937 2956 1335 3023 possessionem
1399 2968 1454 3012 et
1499 2959 1840 3018 domicilium
1880 2965 2057 3021 Creta:

478 3043 670 3097 insulae
713 3046 1070 3113 principatum
1117 3049 1506 3116 assignat-erit.
1550 3052 1714 3123 257
1763 3055 1940 3126 Atque
1989 3073 2052 3112 ex

2165 1942 2257 2011 ρόν
2281 1958 2392 1994 τισι
2426 1939 2786 2014 προσωμίλει.
2816 1939 2929 1992 Ούκ
2963 1937 3224 1990 ἐλάνθανε
3252 1933 3406 1986 τοῦτο
3433 1934 3547 1994 τοὺς
3571 1931 3676 1982 πλεῖν

2165 2049 2358 2096 στους⁶
2399 2033 2466 2086 δι’
2499 2027 2572 2085 ὧν
2605 2032 2698 2084 καὶ
2742 2033 2822 2094 εἰς
2855 2029 2955 2092 τὰς
3003 2029 3172 2090 ἀκοὶῖς
3210 2025 3408 2093 ἔφθανε
3449 2024 3531 2077 τοῦ
3562 2023 3675 2092 ﬁnt-

2161 2123 2320 2188 λέως.
2365 2123 2423 2175 Ὀ
2462 2122 2518 2176 δὲ
2566 2121 2819 2193 βασιλεὺς
2852 2120 3034 2174 καινόν
3058 2137 3110 2172 τι
3159 2116 3331 2170 ποιῶν
3375 2118 3676 2186 μεταπεμπό-

2166 2234 2329 2286 μενος
2363 2217 2591 2278 τούτους
2641 2217 2699 2267 ἐν
2750 2215 2961 2283 καιροῖς
3013 2210 3300 2282 ἁρμοδίοις
3350 2209 3444 2260 οὐκ
3481 2207 3674 2274 ἐνέφαινε

2165 2309 2264 2377 μὲν
2296 2310 2353 2360 τὸ
2379 2306 2670 2371 ἀκουσθέν,
2703 2305 2919 2373 εύφυὼς
2955 2303 3009 2356 δὲ
3049 2303 3287 2374 παρῄνει
3331 2300 3422 2354 καὶ
3449 2301 3508 2352 τὰ
3534 2300 3676 2352 εἰκότα

2164 2398 2544 2453 συνεϐούλευε.
2595 2399 2706 2450 Καὶ
2767 2397 2879 2465 ὅσῳ
2938 2393 3137 2465 μᾶλλον
3192 2393 3293 2462 τῆς
3343 2390 3603 2459 ἐπιϐουλῆς
3635 2394 3676 2442 ἐν

2160 2493 2362 2562 γνώσει
2431 2491 2676 2560 ἐγίνετο,
2732 2489 2970 2542 τοσούτω
3038 2484 3246 2555 μᾶλλον
3312 2482 3676 2552 ἐλευθερώτερον

2160 2586 2298 2656 πρὸς
2341 2585 2539 2644 αὐτοὺς
2597 2581 2879 2646 διετίθετο,
2936 2578 3078 2632 οὕτω
3130 2578 3451 2648 βουλόμενος
3501 2573 3674 2635 τούτους

2160 2674 2444 2746 κερδάνειν
2472 2673 2539 2728 ⁸³.
2572 2672 2712 2726 Ἀλλ’
2736 2674 2763 2724 ὁ
2786 2669 2979 2740 Αἰθίοψ
3009 2669 3110 2722 οὐκ
3136 2665 3490 2720 ἐλευκαίνετο.
3519 2665 3676 2732 Ἐμενε

2159 2771 2266 2840 γὰρ
2307 2770 2334 2820 ό
2369 2768 2530 2830 αύτὶς
2563 2767 2654 2818 καὶ
2693 2764 2970 2836 μετεδίδου
3023 2762 3120 2831 τῆς
3159 2760 3340 2830 λύμης
3395 2759 3587 2817 ὁπόσοις
3628 2757 3675 2808 ἂν

2161 2859 2565 2930 προσεπέλασε,
2601 2857 2725 2918 τοὺς
2753 2855 2859 2921 μὲν
2887 2854 2955 2908 δι’
2995 2855 3200 2923 ὅρκων,
3244 2850 3370 2912 τοὺς
3407 2847 3458 2901 δὲ
3497 2845 3554 2898 δι’
3579 2846 3677 2897 ὑπο-

2161 2951 2400 3022 σχέσεων
2451 2948 2931 3019 σφετεριζόμενος.
2987 2945 3095 2998 Τοῦ
3152 2945 3253 3012 μὲν
3285 2937 3378 2996 οὖν
3423 2937 3582 2992 κοινοῦ
3607 2936 3675 2987 τοῦ

2163 3043 2396 3110 στρατοῦ
2438 3043 2496 3094 οὐ
2558 3040 2812 3094 τοσοῦτον
2864 3037 3058 3107 ἔμελλε
3115 3036 3195 3106 τῷ
3245 3033 3562 3105 Νικηφόρῳο
3603 3031 3676 3099 ἥδη

481 3138 634 3192 hisce
666 3137 928 3192 fratribus
957 3139 1116 3206 alter,
1151 3143 1242 3210 qui
1276 3141 1384 3196 Leo
1415 3145 1726 3210 vocabatur,
1774 3123 2050 3216 pla—citliori

2159 3135 2268 3205 γὰρ
2317 3136 2556 3196 ἅπαντες
2595 3132 2732 3202 πρὸς
2785 3133 2949 3186 αὐτὸν
2984 3127 3386 3184 ἀπονενεύκασι
3411 3141 3424 3154 ⁸
3463 3123 3561 3177 ἀλλ’
3589 3123 3677 3182 ὅλος

479 3227 640 3282 ﬁctus
687 3229 890 3292 indole,
941 3231 1306 3301 ingenuoque,
1344 3249 1443 3290 nec
1491 3235 1668 3290 hebeti
1716 3239 1780 3292 ad
1836 3255 2051 3294 sensum

479 3321 671 3387 gratim
698 3321 954 3388 praeditus
1005 3323 1210 3386 animo,
1248 3325 1516 3380 sinceram
1554 3328 1608 3381 itt
1632 3342 1690 3382 se
1731 3331 2051 3387 cltaritatetn

479 3408 826 3474 imperatoris
871 3421 926 3464 et
978 3411 1138 3468 facile
1192 3416 1432 3485 agnovit,
1492 3427 1546 3470 et
1586 3430 1773 3474 mutuo
1825 3437 2054 3490 pensare

479 3501 689 3553 studuit
717 3499 910 3554 affectu
945 3520 958 3556 :
994 3504 1458 3574 acquiesceusque
1506 3508 1759 3575 prmsenti
1799 3508 2050 3576 fortuna},

479 3609 642 3658 quam
677 3605 790 3646 erat
825 3593 1074 3664 Spartam
1105 3607 1316 3665 nactus,
1349 3597 1400 3651 in
1432 3613 1518 3664 ea,
1543 3599 1699 3668 juxta
1743 3612 1896 3658 vetns
1931 3619 2053 3657 ver—

405 3670 410 3676 ’
481 3685 633 3746 bum,
683 3689 996 3739 cxornanda
1045 3702 1273 3742 securus
1324 3689 1656 3746 elaborabat.
1715 3691 2053 3762 Nicephorus

477 3777 721 3831 ferocior
753 3787 970 3842 natura,
1018 3763 1604 3850 itnpotentioribusque
1647 3795 1888 3840 aestuans
1941 3803 2056 3841 mo-

481 3865 651 3928 tibus,
690 3867 965 3922 volutabat
1002 3883 1219 3937 semper
1265 3872 1448 3925 animo
1494 3875 1846 3940 cogitationes
1899 3876 2052 3929 inva-

472 3953 665 4007 dcnda:
699 3957 1026 4027 tyrannidis,
1075 3969 1130 4011 et
1175 3958 1538 4014 defectionem
1595 3962 2053 4032 rebellionemque

473 4047 736 4101 adversus
787 4048 1170 4118 imperatorem
1224 4051 1526 4104 machinari
1577 4067 1682 4106 non
1729 4055 2050 4114 desistebat.

478 4137 580 4190 Diu
643 4147 822 4192 tamen
895 4155 1153 4192 arcanum
1210 4141 1397 4196 habuit
1449 4143 1756 4200 consilium.
1811 4144 2048 4201 Tandem

478 4237 750 4296 maturum
801 4242 976 4294 ratus,
1011 4247 1294 4300 capessere
1322 4249 1457 4302 opus
1495 4245 1551 4288 et
1599 4236 1674 4288 rei
1713 4252 1920 4306 magnae
1966 4238 2050 4292 in-

470 4321 706 4376 formare
735 4337 924 4376 orsqu
955 4338 1262 4394 aggressus,
1290 4327 1639 4382 lamiliariora
1693 4329 1852 4384 solito
1886 4330 2052 4399 erepit

471 4413 964 4481 all'euarecolloqui
980 4432 1100 4470 cum
1122 4416 1285 4472 certis
1305 4419 1817 4486 ltOtninibtts,flrtttis
1843 4423 2050 4476 scilicet

2160 3224 2293 3294 πρὸς
2328 3225 2451 3285 τοὺς
2487 3226 2820 3293 μεγιστᾶνας
2857 3224 2898 3252 ⁸⁸
2941 3217 3350 3282 ἀπονενευκὼς,
3378 3215 3478 3268 τῶν
3499 3229 3550 3265 τε
3577 3213 3678 3281 ἡγε-

2160 3316 2338 3386 μόνων
2370 3315 2464 3369 καὶ
2502 3315 2609 3368 τῶν
2664 3317 2730 3386 ’τῇ
2781 3314 3071 3382 συγκλήτῳ
3113 3308 3542 3378 κατειλεγμένων
3578 3319 3677 3372 προ-

2157 3410 2360 3479 κρίτων
2407 3408 2618 3479 ἀνδρῶν
2665 3407 2866 3478 πολλὴν
2921 3406 3179 3477 φροντίδα
3237 3402 3544 3471 ποιούμενος
3579 3400 3678 3451 ὐπο-

2156 3506 2365 3557 ποιεῖτο
2398 3503 2440 3535 “
2474 3500 2693 3563 αύτούς.
2717 3497 2826 3552 Ἦν
2864 3500 2973 3569 γὰρ
3005 3499 3103 3570 τὴν
3136 3499 3311 3568 φρένα
3350 3497 3444 3566 μὲν
3474 3493 3679 3559 ὀξύτερος

2155 3597 2504 3667 ἀμφιστόμου
2539 3593 2724 3662 ξίφους
2777 3594 2911 3661 (78),
2955 3592 3222 3660 στάσιμος
3269 3589 3323 3643 δέ
3367 3585 3609 3655 οὐδαμῶς,
3645 3582 3678 3633 εἰ

2160 3690 2235 3761 μὴ
2263 3691 2387 3742 ὅσον
2431 3687 2566 3759 πρὸς
2613 3685 2672 3739 τὸ
2723 3686 3082 3756 τυραννήσειν
3132 3683 3193 3735 τὸ
3265 3680 3577 3750 ἀμετάθετον
3620 3679 3681 3725 ὲν-

2175 3777 2450 3831 εεεῐκνυτο
2475 3792 2489 3806 ·
2519 3776 2775 3847 μελιχρὸς
2805 3778 2860 3829 ἐν
2893 3774 3089 3842 λόγοις,
3124 3776 3181 3824 ἐν
3201 3769 3624 3840 συνανοστροφαίς
3647 3764 3680 3793 ⁸⁸

2155 3870 2322 3940 ἡδὺς,
2375 3867 2880 3939 ταπεινοφροσύνην
2949 3866 3047 3935 μὲν
3109 3866 3185 3925 ὡς
3253 3861 3534 3929 ἀλωπεκῆν
3582 3873 3678 3908 ποτε

2153 3959 2637 4031 περιϐαλλόμενος·
2667 3959 2814 4012 ἐστιν
2845 3957 2938 4010 οὖν
2967 3957 3060 4010 καὶ
3089 3957 3148 4009 τὸ
3166 3954 3448 4026 θυμοειδὲς
3478 3950 3679 4016 καθάπερ

2153 4052 2290 4104 λέων
2323 4053 2606 4122 ἐμφαίνων
2640 4051 2796 4110 ποτὲ.
2825 4050 3106 4122 ῥωμαλέος
3153 4049 3252 4102 καὶ
3301 4048 3434 4117 πρὸς
3467 4046 3679 4112 γίγαντας

2152 4143 2575 4214 ἐγκαυχώμενος
2613 4143 2971 4213 ἁμ.λλᾶσθαι,
3007 4140 3296 4210 σιτόχρους
3330 4140 3428 4210 τὴν
3461 4137 3586 4205 ὄψιν,
3615 4133 3682 4184 εὖ·

2153 4236 2253 4308 ρὺς
2292 4239 2361 4288 τὰ
2403 4237 2624 4307 στέρνα,
2663 4236 2988 4306 ὑπερωμεας
3025 4237 3134 4287 τῶν
3177 4233 3301 4285 τότε
3336 4229 3520 4300 καιροῦ
3546 4228 3680 4280 ὄντων

2150 4329 2381 4400 ἀνδρῶν.
2417 4330 2478 4382 El
2532 4329 2587 4382 δὲ
2629 4327 2985 4399 σφαιρίζοντα
3030 4325 3220 4380 τοῦτον
3278 4320 3388 4378 εἶδέ
3439 4339 3534 4385 τις,
3569 4319 3608 4369 εἰ
3639 4317 3680 4368 δέ

2155 4421 2550 4492 ἱππαζόμενον,
2585 4423 2635 4474 ει
2672 4422 2729 4474 δὲ
2773 4420 2950 4473 ὀϊστὸν
2997 4418 3313 4487 πέμποντα,
3351 4418 3398 4468 εὶ
3435 4415 3548 4483 δόρυ
3577 4428 3680 4479 κρι-

473 4503 816 4572 adjutoribus
850 4504 1110 4561 facinoris
1149 4507 1385 4575 futuris;
1417 4527 1536 4578 quae
1582 4528 1668 4566 res
1711 4523 1764 4566 et
1799 4517 2045 4569 animad-

2158 4513 2424 4576 Βαίνοντα,
2459 4518 2552 4567 καὶ
2600 4515 2868 4576 ἱππασίας
2922 4511 3270 4580 ποιούμενον,
3331 4509 3506 4577 θαῦμα
3545 4506 3679 4556 ὲδῧκει

474 4611 635 4650 versa
665 4599 846 4650 statim
876 4606 929 4651 et
964 4610 1213 4667 suspecta
1269 4602 1366 4654 fuit
1417 4603 1682 4669 plurimis,
1717 4605 1860 4660 unde
1897 4606 2046 4660 brevi

472 4689 539 4739 ad
591 4689 938 4754 imperatoris
987 4705 1148 4745 aures
1202 4693 1427 4747 occulta:
1480 4696 1734 4748 coitionis
1790 4697 2045 4754 iudicium

475 4782 742 4843 pervenit.
773 4782 834 4830 At
875 4779 966 4832 ille
1001 4795 1139 4834 nova
1171 4781 1406 4848 quadam
1439 4785 1670 4846 ratione,
1708 4799 1806 4839 nec
1837 4789 2045 4842 caeteris

469 4868 522 4920 in
563 4869 654 4922 tali
691 4884 822 4924 casu
857 4875 1053 4924 usitata
1101 4871 1463 4939 principibus,
1498 4887 1557 4926 se
1620 4877 1804 4942 gessit.
1839 4878 2042 4933 Accen-

468 4961 595 5013 stvit
656 4964 720 5015 ad
775 4978 835 5016 se
889 4978 1081 5032 nempe
1142 4964 1463 5030 coojuratos
1519 4965 1783 5034 singulos,
1834 4968 2041 5027 idoneis

468 5059 737 5115 quemque
779 5052 1141 5118 temporibus,
1170 5065 1373 5119 eosque
1402 5053 1454 5105 in
1482 5068 1695 5106 summa
1731 5057 2040 5116 dissimula-

2147 4607 2336 4659 καινὸν
2379 4607 2631 4672 θεᾶσθαι,
2661 4609 2906 4677 ἑκεχὴνει
2945 4624 3003 4658 τε
3050 4608 3144 4659 καὶ
3180 4606 3344 4674 μόλον
3375 4604 3435 4658 ού
3465 4597 3680 4668 πεπηγὼε

2143 4694 2231 4770 ἦν.
2264 4701 2361 4754 Διά
2393 4701 2552 4754 τοῦτο
2582 4702 2676 4755 καὶ
2705 4700 2904 4770 μᾶλλον
2935 4703 3034 4769 τὴν
3063 4699 3174 4752 τῶν
3205 4698 3420 4750 πολλῶν
3452 4692 3678 4746 ἐπεσπᾶτο

2145 4793 2381 4848 εὔνοιαν.
2409 4794 2673 4846 Τοσοῦτον
2697 4794 2754 4846 δὲ
2778 4794 2838 4847 τὸ
2869 4793 3313 4863 σπουδαζόμενον
3339 4791 3484 4861 αὐτῷ
3508 4787 3677 4858 προῄει,

2143 4886 2218 4948 ὡς
2258 4888 2349 4938 καὶ
2381 4887 2545 4940 αὐτὸν
2576 4887 2619 4918 ⁸⁸
2657 4885 2741 4938 ἐπ’
2775 4887 2977 4957 ἀδελφῇ
3010 4885 3106 4938 τοῦ
3141 4885 3540 4954 αὐτοκράτορος
3567 4896 3678 4946 γαμ-

2149 4976 2278 5046 ϐρὸν
2311 4978 2531 5048 Μιχαὴλ
2563 4977 2654 5031 τὸν
2690 4979 3009 5047 Ταρωνίτην
3053 4977 3130 5047 τῷ
3159 4977 3254 5029 τοῦ
3303 4973 3680 5044 Πανυπίρσεύά-

2151 5083 2276 5120 στου
2309 5069 2622 5138 τιμώμενον
2647 5070 2924 5139 ἀξιώματι
2952 5071 3421 5140 ὑποποιήσασθαι.

468 5139 612 5194 lioue
672 5139 843 5194 auditi
905 5142 1079 5194 nuntii
1110 5155 1177 5195 ac
1221 5143 1549 5198 susDicionis
1604 5159 1738 5210 sum,
1783 5151 2046 5218 appositis
2083 5161 2426 5214 sertnOuihus
2459 5161 2524 5214 ad
2561 5161 2796 5215 cilicium
2835 5159 3100 5231 fidemque
3176 5139 3518 5225 hortabatur,
3576 5147 3678 5211 coti-

1560 5235 1763 5298 Variae
1806 5236 2115 5308 lectiones
2159 5265 2236 5309 ex
2278 5253 2417 5311 cod.
2451 5253 2722 5314 Coisliu.

541 5333 585 5364 ”
617 5332 827 5397 ἔλαϐες,
853 5331 1080 5400 ταύτην.

463 5405 722 5456 εποιεῖτο.

799 5404 844 5433 ⁸⁸
863 5408 1348 5476 συναναστροφαῖς.
1425 5406 1469 5437 ⁵⁸
1496 5404 1659 5459 αὑτὸν
1681 5404 1798 5462 τόν.

1157 5334 1199 5364 ⁶⁰
1229 5337 1521 5404 τυραννεῖν
1562 5338 1918 5406 συμμελετῶν
1963 5346 2064 5400 οὐκ
2111 5350 2410 5406 ἐπαύσατο.

2508 5353 2551 5385 ⁶¹
2588 5354 2891 5425 κερδανεῖν.
2980 5356 3025 5387 ⁸³
3058 5355 3444 5425 μεγιστάνους.
3544 5350 3677 5400 ⁶³ὖπο

1548 5500 1687 5559 Car.
1720 5499 2051 5565 Dufresnii
2088 5507 2184 5567 Dtt
2219 5508 2438 5587 Cangii
2464 5518 2651 5572 notae.

540 5595 652 5676 (7_8)
703 5597 1018 5676 Ὀξύςερος
1046 5598 1424 5676 ἀμφιστόμου
1453 5599 1688 5676 είςςορς.
1713 5603 1873 5676 347
1904 5603 2040 5676 Tra-

469 5666 559 5720 (ιιι
578 5666 815 5722 Joannes
843 5666 1107 5738 Villatttts‘,
1135 5666 1250 5722 ιιι).
1290 5666 1340 5729 ν,
1368 5685 1490 5738 cap.
1518 5666 1856 5735 Βδίαῆιιῖιῖ
1901 5673 2036 5728 Gui-

470 5738 620 5810 tloui,
649 5752 678 5790 a
725 5753 833 5807 quo
873 5740 1017 5810 ponti
1065 5737 1223 5792 Cnidi
1271 5737 1452 5792 Italici,
1494 5743 1754 5810 originem
1806 5747 2031 5807 ducunt,

472 5805 757 5862 Bisacutte‘
798 5808 1022 5863 inditttm
1094 5821 1434 5877 cognomen,
1507 5805 1723 5880 propter
1793 5805 2030 5869 animum

2145 5611 2272 5684 ejus
2297 5613 2670 5684 multiplicem.
2731 5613 2821 5667 Est
2855 5624 3030 5668 autem
3070 5618 3313 5669 buamta
3339 5658 3352 5679 ,
3373 5614 3673 5684 ἀμφὶστομας

2143 5691 2194 5802 tet
2224 5681 2476 5754 δίστομος
2531 5684 2710 5752 ἀξίνη.
2763 5692 2820 5738 ιιι
2844 5699 3008 5756 supra
3057 5701 3086 5739 a
3136 5685 3296 5742 nobis
3325 5681 3424 5742 est
3454 5681 3672 5742 observa-

2166 5767 2274 5803 ιιιιι.
