3798 6576
152 388 239 452 επ
1341 378 1666 439 ALEXIAE

1790 380 1932 438 LIB.
1976 379 2082 441 ΙΧ.
3250 388 3356 449 (.78

150 496 337 560 simque
360 486 582 542 salubria
616 486 811 555 qitietis
856 486 1173 539 adamaud'e.
1209 484 1406 552 dabat;
1452 497 1505 541 et
1556 502 1663 554 quo
1702 486 1989 540 clariorem
2023 487 2078 539 in
2125 486 2243 540 dies
2278 488 2700 554 conspirationis
2764 491 2981 547 illorum
3044 507 3234 552 contra
3306 517 3365 553 ee

152 589 355 645 notitiam
384 583 793 651 assequebatur,
822 597 887 635 eo
932 597 1054 635 cum
1124 581 1205 636 eis
1267 582 1631 636 contideutius
1680 591 1733 635 et
1775 582 2054 637 liberalius
2081 583 2293 651 agebat,
2326 586 2408 639 sic
2439 586 2707 642 demereri
2741 592 2957 647 animos
3004 593 3246 658 ipsorum
3278 597 3361 650 si-

145 684 275 749 hique
299 677 574 730 conciliare
605 678 842 728 studens.
872 675 976 729 Sed
1003 673 1321 744 [Ethiopem
1350 686 1408 727 ut
1437 677 1662 728 multum
1704 675 1903 728 laveris
1938 677 2076 729 haud
2111 678 2292 729 album
2348 678 2540 735 facias.
2590 682 2721 736 Erat
2788 701 3005 756 semper
3075 690 3217 742 idem
3272 690 3363 746 Ni-

144 778 386 843 ceptiorns,
461 784 558 822 nec
592 769 780 821 vitium
858 768 909 820 iu
961 783 1020 821 se
1071 784 1225 822 suum
1276 768 1576 828 cohibens,
1638 768 1742 821 late
1786 768 2115 836 propagabat
2178 773 2557 838 contagiouem
2605 780 2893 843 quamdam
2941 784 3257 838 rebellionis
3306 786 3362 837 in

143 881 443 938 quoscunque
475 866 780 918 accederet.
804 864 938 916 alios
976 864 1260 929 promissis
1295 864 1651 931 simplicibus,
1729 862 1863 916 alios
1938 862 2353 930 interpositione
2412 866 2843 934 jurameutorum
2892 874 2992 927 sibi
3042 877 3362 945 adjungens.

142 968 199 1017 Ac
226 964 268 1011 in
300 955 631 1009 multitudine
658 954 869 1023 quidem
903 955 1118 1007 militari
1148 964 1202 1007 et
1237 970 1464 1023 corpore
1531 955 1807 1008 exercitus
1832 955 1947 1009 suis
1984 956 2232 1022 partibus
2260 960 2579 1023 asserendo,
2655 978 2758 1015 non
2829 966 3058 1019 multum
3146 972 3364 1033 putabat

142 1052 466 1110 laborandum.
499 1047 619 1099 Jam
656 1051 799 1101 enim
831 1048 971 1101 haud
1001 1050 1159 1101 dubie
1184 1065 1373 1101 omnes
1407 1052 1459 1102 in
1480 1050 1662 1117 ipsum
1708 1049 2136 1116 propendebant.
2188 1048 2243 1102 In
2290 1065 2354 1105 eo
2385 1061 2527 1105 totus
2559 1064 2677 1107 erat
2705 1066 2761 1107 ut
2844 1071 3127 1125 magnates
3196 1061 3365 1130 ipsos,

144 1161 225 1201 tam
254 1144 329 1210 qui
365 1140 710 1208 dignitatibus
747 1141 1072 1195 militaribus
1122 1141 1177 1193 in
1217 1142 1413 1195 castris
1443 1143 1776 1204 eminebant,
1850 1158 2011 1211 quam
2080 1143 2172 1210 qui
2246 1146 2601 1214 magistratus
2649 1149 3019 1217 amplissimos
3071 1154 3123 1205 in
3203 1170 3366 1222 repu-

143 1243 247 1295 tilica
281 1249 519 1307 gererent
558 1247 613 1291 et
666 1238 925 1291 eximium
976 1239 1315 1291 auctoritatis
1366 1238 1415 1290 iu
1468 1246 1657 1289 senatu
1700 1236 1873 1289 locum
1916 1238 2245 1302 obtinerent,
2297 1240 2399 1292 sibi
2436 1240 2586 1293 omni
2673 1257 2802 1295 cura
2857 1246 3232 1301 demereretur
3302 1266 3366 1307 ac

142 1338 411 1390 devinciret.
442 1334 582 1399 Ergo
612 1349 705 1387 eos
740 1333 945 1386 nullum
979 1333 1137 1387 ﬁnem
1173 1332 1462 1402 prensandi
1500 1331 1753 1386 faciebat.
1790 1331 1853 1383 Et
1884 1332 2117 1386 habebat
2189 1342 2422 1387 mentem
2494 1336 2790 1389 acutiorem
2875 1341 3097 1406 ancipiti
3165 1346 3366 1410 gladio,

142 1436 211 1486 sed
241 1430 456 1483 instabili
487 1445 708 1498 semper
749 1428 968 1483 levitate
1013 1430 1276 1482 volitabat
1312 1446 1324 1481 :
1360 1428 1559 1480 nullam
1591 1427 1656 1479 ad
1699 1426 1860 1480 aliam
1894 1427 2009 1483 fere
2032 1429 2414 1497 cogitationem
2452 1446 2573 1483 cum
2676 1432 2852 1501 aliqua
2905 1440 3206 1489 conStantia
3276 1458 3369 1505 ap—

148 1528 314 1595 pelletis
346 1525 997 1592 animum,prmerquam
1028 1525 1093 1575 ad
1173 1522 1521 1576 ambitionem
1588 1521 1915 1588 occupandae
1974 1525 2295 1592 tyrannidis.
2390 1523 2561 1577 Homo
2617 1537 2735 1579 erat
2811 1545 3064 1583 sermone
3114 1531 3367 1602 blandus,

138 1618 477 1673 consuetudine
498 1618 675 1667 comis
707 1616 984 1669 modestia:
1009 1630 1066 1668 se
1093 1616 1409 1683 plerumque
1433 1612 1663 1681 quadam
1701 1613 1900 1678 specie,
1948 1624 2203 1683 tanquam
2260 1616 2397 1684 pelle
2450 1618 2660 1684 vnlpina
2732 1618 3015 1686 obtegens,
3103 1624 3196 1675 sed
3258 1641 3364 1679 non

138 1726 234 1767 raro
256 1712 299 1761 in
320 1706 690 1761 occasionibus
714 1706 1140 1761 excaudeseendi
1209 1721 1326 1759 sese
1408 1702 1733 1758 exercebant
1800 1703 1970 1757 leonis
2029 1720 2233 1773 ungues
2283 1716 2335 1759 et
2392 1708 2593 1763 rabies.
2637 1708 2821 1760 Robur
2873 1721 2994 1762 erat
3058 1711 3196 1766 fastu
3250 1719 3365 1780 pari

136 1804 454 1870 coiijuncntm,
488 1800 693 1866 quibus
726 1814 786 1853 se
817 1800 1018 1867 giganti
1052 1798 1339 1867 quantovis
1366 1813 1549 1865 parem
1603 1798 1653 1849 in
1694 1796 2067 1862 belligerando
2094 1798 2445 1869 gloriabatur.
2479 1800 2745 1856 Tritieeus
2814 1804 2962 1857 color
2996 1807 3126 1865 oris,
3193 1808 3359 1860 latum

137 1910 314 1967 pectus;
346 1895 465 1948 totis
491 1896 735 1949 humeris
770 1894 1044 1947 eminebat
1076 1910 1237 1957 supra
1265 1903 1526 1947 staturam
1566 1908 1753 1946 eorum
1791 1893 1882 1962 qui
1948 1901 2076 1947 tunc
2143 1905 2299 1949 erant
2354 1896 2654 1950 hominum.
2728 1896 2899 1951 Porro
2946 1898 3058 1953 sive
3123 1900 3226 1965 pila
3284 1900 3359 1951 Iu-

137 1996 269 2049 deret,
301 2004 387 2041 seu
421 2002 623 2055 equum
656 1988 965 2053 domitaret,
1014 2004 1109 2043 seu
1163 1988 1406 2058 jaculuin
1439 1990 1724 2057 expediret
1764 1988 1818 2051 in
1857 2004 2106 2059 scopum,
2161 2007 2256 2043 seu
2317 1991 2528 2045 hastam
2585 2003 2856 2062 quateret,
2910 2010 3003 2047 seu
3056 1996 3348 2047 simulacra

136 2090 268 2143 cieret
320 2083 587 2151 equeStris
638 2099 854 2154 pttgnte,
887 2083 1233 2138 admirationi
1298 2086 1671 2154 spectantibus
1709 2092 1849 2149 erat,
1888 2086 2020 2139 nihil
2052 2087 2151 2139 nisi
2188 2088 2339 2141 hiare
2376 2103 2439 2141 ac
2510 2099 2730 2157 stupere
2818 2090 3140 2145 valentibus.
3191 2094 3359 2161 258

140 2182 195 2235 Ea
224 2197 297 2235 res
324 2180 721 2235 incredibiliter
744 2180 913 2233 valuit
948 2182 1013 2233 ad
1049 2179 1285 2235 favorem
1314 2180 1673 2235 multitudinis
1712 2182 1813 2250 ipsi
1872 2182 2297 2235 conciliandam.
2356 2182 2464 2237 Nec
2524 2184 2693 2250 plebis
2751 2185 2907 2237 modo
2999 2186 3112 2239 haec
3179 2189 3355 2239 studia

134 2285 287 2339 erant;
324 2274 589 2344 siquidem
628 2272 857 2327 Michael
884 2272 1143 2328 Taronita
1215 2291 1374 2341 quem
1438 2275 1737 2345 imperator
1778 2274 2262 2345 panhypersehasti
2328 2275 2590 2342 dignitate
2650 2285 2903 2328 ornatum
2956 2293 2981 2326 a
3025 2293 3081 2330 se
3138 2278 3354 2343 propria

136 2370 210 2435 ipsi
236 2383 405 2421 sorore
437 2365 488 2418 in
537 2365 953 2418 matrimonium
986 2366 1162 2418 danda
1214 2367 1525 2421 dcvinxisse
1565 2366 1666 2419 sibi
1709 2364 2019 2419 arctissime
2067 2364 2371 2429 videbatur,
2421 2365 2505 2419 his
2558 2366 2658 2417 viri
2741 2367 2960 2419 dotibus
3045 2366 3361 2434 artibusque

135 2460 345 2530 pellecnts
389 2458 505 2528 ejus
561 2468 751 2526 partes
818 2457 1133 2511 domesticis
1186 2458 1467 2513 affectibus
1525 2458 1785 2526 przetulit.

212 2551 316 2602 Α>.λ’
344 2551 688 2603 ὲπανακτέον
718 2548 810 2601 τὸν
854 2549 1011 2619 λόγον
1048 2549 1199 2613 αὖθις
1228 2550 1351 2604 ὅθεν
1386 2550 1662 2621 ἀπερρύη.

1796 2538 1799 2543 ’
1841 2548 1913 2603 Ut
1946 2549 2109 2617 igitur
2139 2564 2204 2602 eo
2239 2550 2530 2603 reducatur
2568 2553 2708 2605 unde
2735 2550 2979 2621 digressa
3014 2558 3191 2608 oratio
3234 2570 3341 2622 est,

137 2641 209 2694 xci.
235 2640 341 2693 καθ’
373 2640 562 2709 εἱρμὸν
607 2642 798 2694 ἑκτέον
840 2642 938 2711 τῆς
985 2642 1310 2712 διηγήσεως.
1356 2643 1413 2696 '0
1450 2644 1549 2714 μὲν
1579 2638 1673 2696 οὖν

137 2733 473 2802 αῦτοκράτωρ,
508 2735 631 2795 τοῖς
674 2732 959 2803 λογισμοῖς
1015 2735 1330 2804 ἀνατρέχων
1388 2733 1446 2798 ἑξ
1499 2727 1671 2804 οὗπερ

134 2822 210 2895 τὴν
232 2824 338 2877 καθ’
366 2823 560 2877 ἑαυτοῦ
605 2823 700 2877 τοῦ
732 2823 1020 2891 Διογένους
1062 2824 1297 2895 μελέτην
1337 2826 1669 2893 ἀνέγνωκεν,

136 2917 207 2968 καὶ
239 2918 370 2978 ὅπως
414 2915 474 2980 ἐξ
512 2916 695 2987 ἀρχῆς
733 2916 901 2985 αὐτῆς
949 2916 1048 2984 τῆς
1096 2916 1261 2970 αὐτοῦ
1312 2918 1673 2989 ἀναρρήσεως

138 3008 298 3075 ἀμφοῖν
324 3008 595 3077 ἐχρήσατο
626 3010 741 3060 τοῖν
771 3007 1044 3075 ἀδελφοῖν,
1089 3008 1295 3075 ὁπόσης
1326 3026 1383 3061 τε
1412 3008 1672 3079 φιλοφρο-

138 3100 267 3167 σύνης
299 3101 388 3152 καὶ
434 3099 769 3167 κηδεμονίας
815 3100 906 3151 ἐπὶ
945 3100 1223 3162 τοσούτοις
1258 3099 1433 3153 ἔτεσιν
1472 3101 1671 3163 αὐτοὺς

136 3189 255 3258 ἠξίου
282 3191 379 3243 κᾶν
402 3190 559 3243 οὐδὲν
591 3190 798 3243 τούτων
827 3190 925 3261 τὴν
960 3189 1052 3243 τοῦ
1092 3190 1408 3262 Νικηφόρον
1442 3192 1669 3263 γνώμην

136 3285 206 3335 ἐπὶ
238 3283 289 3335 τὸ
346 3283 554 3351 βέλτιον
621 3283 1040 3353 μετηλλοίωτεν,
1092 3284 1170 3346 εἰς
1219 3285 1533 3353 ἀμηχανίαν
1582 3286 1671 3338 ὲν-

139 3376 343 3426 έπιπτεν.
366 3370 649 3443 Ταῦτ’,οὗν
669 3376 696 3427 ὀ
724 3374 976 3443 βασιλεὺς
1002 3375 1458 3444 ἀναλογιζόμενος
1489 3377 1668 3431 πάντα

134 3470 207 3520 καὶ
240 3469 373 3530 ὅπως
428 3468 571 3536 μετᾷ
625 3465 684 3519 τὸ
738 3466 1009 3535 σφαλῆναι
1064 3466 1219 3529 αὖθις
1272 3466 1470 3537 εἰσῄει,
1520 3468 1667 3531 ὅπως

134 3558 321 3627 ἁπὼσθη
370 3560 521 3627 παρὰ
567 3557 665 3610 τοῦ
710 3559 968 3611 Τατικίου
1021 3561 1115 3611 καὶ
1156 3558 1317 3627 γνοὺς
1339 3560 1382 3590 ⁸⁵
1419 3560 1567 3621 ὅπως
1606 3558 1668 3610 τὸ

136 3650 387 3718 φινουργὸν
418 3649 667 3719 σιδήριον
700 3649 881 3719 θήγων
908 3649 1029 3703 κατ’
1049 3649 1236 3713 αὑτοῦ,
1263 3648 1490 3719 αἴμασιν
1513 3648 1664 3701 ἀναι·

133 3738 236 3800 siet;
260 3741 464 3791 σπεύδει
509 3740 715 3811 χράναι
763 3741 860 3804 τὰς
908 3743 1117 3811 χεῖρας,
1160 3740 1252 3793 καὶ
1292 3743 1318 3794 ὁ
1358 3741 1496 3804 τέως
1540 3744 1667 3808 ἐφε-

134 3830 298 3899 δρεύων
350 3832 444 3885 καὶ
497 3833 696 3895 νυκτὸς
750 3832 841 3885 τὸν
894 3834 1053 3901 φόνον
1118 3832 1395 3903 ἐπιτηρῶν
1447 3834 1665 3888 τελέσαι

1776 2643 2058 2710 seriesque
2113 2642 2356 2695 hiswrim
2389 2643 2661 2706 reddatur,
2694 2645 2910 2711 Collegit
2960 2662 3019 2700 se
3062 2648 3360 2716 imperator

1776 2734 1861 2787 his
1892 2749 2012 2803 qua:
2048 2735 2333 2788 retulimus
2368 2737 2682 2803 compertis,
2733 2748 2785 2791 et
2824 2754 2887 2791 ex
2927 2755 3030 2792 una
3078 2755 3230 2807 parte
3267 2760 3357 2798 re-

1776 2836 1979 2893 putans
2010 2842 2173 2896 quam
2207 2826 2466 2880 benevole
2492 2843 2551 2880 se.
2590 2843 2617 2879 a
2647 2828 2916 2898 principio
2954 2848 3226 2899 quamque
3274 2836 3356 2888 in-

1774 2917 2058 2985 dulgenter
2082 2933 2144 2969 ac
2177 2925 2403 2987 paterne
2434 2918 2623 2971 ambos
2652 2921 2702 2971 in
2737 2918 2938 2975 fratres
2964 2924 3244 2990 gessisset,
3277 2935 3356 2980 tot

1776 3005 1936 3057 attnis
1975 3004 2318 3058 familiariter
2373 3004 2494 3057 illos
2541 3005 2828 3070 adhibens,
2871 3012 3355 3080 ainantissitnrque

1772 3098 1919 3162 ipsos
1958 3112 2181 3160 curans,
2223 3111 2384 3166 quam
2424 3097 2556 3150 nihil
2613 3108 2790 3151 tamen
2850 3100 2951 3152 ista
2997 3100 3355 3169 profecissent

1772 3188 1838 3241 ad
1868 3188 2232 3242 deliniendum
2283 3188 2441 3255 hujus
2475 3189 2714 3242 animum
2768 3188 3077 3259 Nicepliori,
3128 3195 3353 3249 iteratae

1775 3280 2041 3343 insidias,
2100 3280 2605 3351 (lepreltensamque
2663 3293 2979 3336 nocturnam
3049 3287 3253 3351 sicam,
3297 3298 3353 3341 et

1770 3373 2059 3442 disjectum
2095 3372 2289 3427 Taticii
2338 3389 2566 3427 occursu
2618 3376 3028 3443 sanguinarium
3081 3379 3348 3447 inceptum

1769 3468 2142 3535 expeditarum
2194 3467 2261 3519 ad
2312 3466 2662 3534 parricidium
2698 3482 2976 3528 manuum.
3039 3485 3102 3522 eo
3161 3472 3351 3537 majori

1770 3558 1957 3611 dolore
1988 3572 2085 3610 suo
2118 3557 2521 3620 recordabatur,
2550 3572 2656 3625 quo
2686 3556 2865 3609 minus
2910 3556 3010 3610 sibi
3045 3568 3161 3610 erat
3213 3575 3346 3611 ron-

1771 3650 1917 3703 scius
1942 3648 2067 3702 facti
2102 3648 2267 3703 ullius
2294 3647 2492 3702 dictive
2521 3663 2629 3716 quo
2665 3650 2840 3716 ipsum
2869 3649 3116 3703 lzesissel.
3145 3648 3291 3703 Tam-
3316 3667 3348 3703 n

1771 3751 1889 3794 crat
1940 3740 2334 3794 occurrendum
2390 3739 2709 3793 denuntiato
2762 3740 2999 3807 periculo
3048 3744 3350 3808 grassantis

1772 3833 1993 3885 sceleris
2024 3849 2037 3885 :
2069 3842 2121 3887 et
2152 3846 2273 3885 cum
2307 3831 2442 3885 satis
2472 3841 2744 3884 constaret
2774 3830 3057 3884 imminere
3085 3845 3165 3899 pe;
3186 3834 3345 3886 fidum

135 3924 579 3990 ἀπαρακαλύπτως
637 3924 827 3977 τοῦτον
877 3926 976 3996 ήδη
1041 3926 1397 3989 ὲπισπεύδει,
1449 3926 1665 3988 πολλοῖς

1772 3934 1898 3979 tunc
1929 3940 2049 3979 cum
2086 3926 2322 3978 maxime
2374 3935 2642 3977 nocturna
2694 3922 2997 3991 diurnaque
3047 3926 3349 3979 attentione

134 4016 414 4084 ἐλυμαίνετο
444 4017 753 4086 λογισμοῖς.
796 4017 991 4069 Ἤθελε
1035 4019 1135 4087 μὲν
1161 4016 1254 4070 οὖν
1293 4017 1544 4087 οὐδαμῶς
1574 4019 1665 4071 τὸν

136 4109 350 4178 Διογένην
383 4108 811 4178 μετελεύσεσθαι
842 4109 907 4161 δι’
931 4108 991 4162 δν
1012 4110 1149 4180 πρὸς
1180 4111 1343 4163 αὐτὸν
1378 4110 1665 4181 ἐγκάρδιον

135 4201 355 4268 ἐκέκτητο
393 4202 586 4265 πόθον,
622 4202 824 4271 ἐξόχως
858 4200 947 4253 τὸν
1004 4202 1171 4273 ἄνδρα
1221 4202 1412 4270 φιλῶν.
1456 4201 1661 4267 ’Λίπαξ-

131 4293 282 4354 miti);
321 4294 374 4347 δὲ
426 4294 647 4347 ἅπαντα
700 4292 934 4346 συνελὼν
964 4293 1069 4362 ὅπη
1110 4310 1166 4345 τε
1226 4293 1562 4363 προϐήσεται
1604 4292 1665 4345 τὸ

131 4383 267 4435 δεινὸν
292 4386 503 4448 ἐννοῶν,
552 4386 677 4437 ἐπεὶ
705 4386 796 4437 τὸν
842 4385 973 4455 σιτερλ⁵
1017 4385 1197 4456 ψυχῆς
1242 4386 1487 4438 κίνδυνον
1515 4384 1665 4454 αὐτῷ

134 4476 449 4544 ἐφιστάμενον
487 4478 634 4544 ἔγνω
666 4476 964 4547 πλήττεται
1007 4478 1105 4545 τὴν
1152 4477 1401 4545 καρδίαν.
1439 4477 1551 4529 Καὶ
1585 4478 1664 4539 εἰς

134 4566 175 4616 ἓν
206 4570 258 4619 τὸ
291 4570 391 4620 πᾶν
434 4567 783 4635 συναγαγὼν,
830 4568 940 4619 δεῖν
986 4567 1199 4638 ἔκρινεν
1236 4570 1531 4637 κατασχεῖν
1574 4566 1665 4618 τὸν

135 4660 418 4729 Νικηφόρον.
459 4662 694 4723 Ἐκεῖνος
725 4660 779 4713 δὲ
814 4660 903 4712 τὸν
926 4660 1665 4729 μελετώμενονὲπισπεύδων

135 4752 333 4821 ipsum
361 4755 454 4806 καὶ
491 4753 819 4823 βουλόμενος
851 4752 1045 4814 νυκτὸς
1078 4755 1175 4821 τῆς
1218 4752 1354 4822 πρὸς
1398 4752 1666 4821 Χριστου·

137 4845 305 4907 πόλεως
332 4847 608 4916 φερούσης
653 4845 918 4913 ἅψασθαι,
954 4846 1193 4914 ἑσπέρας
1228 4844 1555 4907 ἀποστείλας
1586 4844 1665 4906 εἰς

136 4937 204 4987 τὸν
224 4939 728 5009 Πορφυρογέννητον
757 4938 1166 4990 Κωνσταντῖνον
1203 4938 1294 4988 τὸν
1329 4935 1549 4989 δοθέντα
1576 4934 1667 4986 αὐ·

135 5028 193 5096 τῷ
218 5032 349 5099 παρὰ
378 5030 469 5082 τοῦ
510 5029 778 5098 βασιλέως
810 5029 1147 5099 ταχυδρὸμον
1191 5028 1356 5081 ἵππον
1377 5030 1591 5097 ῂττεῖτο
1621 5025 1666 5056 (⁷

136 5120 534 5193 ίιπιχαρξσασθαί
582 5124 650 5175 οἱ.
697 5122 757 5175 Ὀ
816 5122 872 5174 δὲ
930 5123 1024 5175 καὶ
1072 5122 1117 5152 ⁸⁸
1156 5123 1434 5183 ἀνένευσε,
1491 5119 1664 5187 λέγων

142 5212 198 5279 μὴ
237 5214 483 5267 δύνασθαι
532 5214 705 5282 δῶρον
744 5213 983 5265 τοιοῦτον
1025 5212 1336 5281 αὑθήμερον
1380 5210 1472 5263 τοῦ
1511 5209 1665 5278 βασι-

139 5301 243 5365 λέως
275 5306 727 5375 ἁποποιήσασθαι.
782 5304 933 5356 Ἐπεὶ
980 5303 1035 5356 δὲ
1086 5304 1297 5374 πρωϊας
1341 5303 1369 5355 ὁ
1413 5300 1664 5371 βασιλεὺς

139 5394 212 5457 τῆς
236 5397 589 5463 προκειμένης
616 5395 741 5448 ὁδοῦ
772 5396 970 5467 ἥψατο,
1008 5398 1293 5449 συνείπετο
1314 5394 1490 5465 τούτῳ
1522 5395 1611 5446 καὶ
1636 5394 1663 5445 ὁ

137 5483 374 5553 Διογένης,
400 5485 493 5537 τοῦ
517 5486 959 5551 διασκεδάζοντος
993 5487 1207 5558 βουλὰς,
1239 5486 1335 5540 καὶ
1366 5485 1660 5555 λογισμοὺς

138 5571 413 5639 ἁθετοῦντος
447 5575 593 5629 λαῶν
629 5577 765 5630 Θεοῦ
799 5579 988 5633 τοῦτον
1031 5581 1359 5652 σφήλαντος,
1384 5599 1664 5652 γνωσιμαο

1769 4019 1822 4071 in
1854 4034 2043 4071 omnes
2077 4018 2392 4072 occasiones
2428 4016 2799 4085 perpetranda:
2836 4019 3019 4079 cmdis,
3050 4032 3153 4067 non
3196 4017 3347 4068 vide-

1768 4108 1928 4162 batur
1982 4107 2427 4162 committendum
2498 4114 2555 4158 ut
2616 4104 3033 4158 dissolutissimo
3098 4106 3345 4174 neglectu

1770 4210 1935 4253 tanta:
1995 4200 2071 4253 rei
2128 4199 2274 4252 salus
2330 4214 2391 4251 ac
2448 4206 2608 4265 caput
2666 4196 2932 4265 principis
2987 4196 3131 4249 ferro
3177 4198 3347 4264 parati

1767 4293 2047 4364 parricida:
2094 4291 2489 4344 incustoditum
2536 4289 2886 4357 objiceretur.
2929 4288 3195 4341 Creternm
3251 4291 3350 4342 ad-

1766 4401 1957 4440 versus
1982 4384 2093 4438 lia-c
2126 4384 2493 4436 intercedente
2519 4392 2703 4434 tenero
2735 4396 2919 4433 amore
2944 4381 3142 4434 veteris
3173 4381 3345 4435 cii-n-

1772 4478 1860 4539 Iis,
1895 4474 2113 4529 decerni
2159 4473 2375 4545 gravius
2421 4474 2553 4526 nihil
2584 4473 2636 4526 in
2672 4482 2782 4525 tam
2825 4487 2951 4525 vere
2999 4481 3215 4539 tamque
3253 4471 3345 4525 diu

1767 4569 2021 4621 dilectum
2060 4564 2352 4635 Diogenem
2403 4564 2469 4617 ab
2503 4566 2835 4632 imperatore
2883 4573 3111 4629 poterat.
3149 4560 3342 4612 Verum

1767 4671 1833 4709 ex
1864 4656 2093 4708 adverso
2119 4662 2439 4707 recurreute
2473 4653 2754 4719 μηρούς
2784 4650 2963 4718 specie
3014 4648 3237 4715 periculi
3289 4656 3345 4699 et

1766 4747 2175 4802 formidolosius
2232 4761 2289 4798 se
2350 4746 2671 4797 admovente
2726 4741 2975 4795 sensibus
3025 4741 3339 4793 insidiarum

1765 4839 1929 4896 semel
1986 4840 2287 4906 iterumque
2332 4835 2790 4909 depreltensarum
2860 4830 3214 4889 discrimine,
3277 4840 3341 4876 ac

1767 4946 1895 4985 cura
1927 4938 2207 4999 perpetua,
2244 4928 2329 4980 vix
2358 4927 2576 4979 tandem
2608 4922 2865 4976 conclusa
2894 4920 3211 4972 deliberatio
3235 4924 3342 4976 est,

1770 5030 2139 5088 statutumque
2180 5017 2466 5072 consilium
2514 5012 2765 5082 Diogenis
2821 5004 3341 5074 comprehendendi.

1766 5113 1884 5181 lp~e
1913 5126 2073 5180 porro
2092 5108 2421 5174 {\icepliorus
2444 5106 2767 5177 admonente
2790 5113 2818 5151 c
2842 5095 3118 5149 inscientia
3150 5091 3336 5157 fugam

1766 5205 1822 5257 in
1884 5212 2156 5271 posterum
2215 5199 2355 5252 diem
2408 5195 2655 5261 cogitans
2701 5203 2890 5243 versus
2953 5182 3338 5248 Cltristopolim

1773 5294 1918 5346 misit
1949 5294 2049 5345 sub
2082 5303 2358 5357 vesperam
2402 5285 2467 5338 ad
2498 5280 2915 5337 Constantinum
2965 5274 3341 5342 l’orpbyrnge-

1774 5390 1940 5439 nitum
1974 5382 2066 5451 qni
2106 5381 2172 5433 ab
2207 5395 2271 5433 eo
2302 5394 2403 5432 suo
2435 5376 2650 5431 nomine
2696 5386 2791 5441 pro
2820 5367 3059 5424 amicitia
3113 5372 3339 5434 peteret,

1771 5487 1829 5530 ut
1860 5475 1962 5530 sibi
1996 5473 2318 5528 concederet
2336 5483 2534 5537 equum
2562 5466 2819 5528 celerem,
2848 5476 3009 5531 quem
3044 5459 3095 5511 in
3122 5454 3339 5524 llOSllllli

1770 5569 2015 5637 digressu
2040 5565 2089 5618 ei
2120 5564 2262 5617 dono
2291 5561 2511 5615 dederat
2533 5559 2827 5630 Augustus.
2862 5550 3340 5609 AtConstantinns

1159 5700 1355 5759 Varite
1382 5699 1693 5761 lectiones
1733 5719 1805 5762 ex
1850 5703 1987 5763 eod.
2022 5700 2278 5763 Coislin.

178 5791 212 5821 "
243 5796 387 5851 Dt‘cst
420 5814 515 5874 vos
548 5796 728 5863 γνούς.
808 5801 847 5829 ’τ
889 5801 1088 5867 ᾐτεῖτο.

1196 5802 1239 5829 θα
1269 5801 1423 5853 [least
1459 5803 1647 5855 vocula
1681 5802 1796 5854 καῖ.
