3798 6574
165 431 240 494 681
1249 503 1260 512 ,
1413 425 1829 488 ALEXIADIS
1865 427 1993 486 LIB
2057 427 2157 490 1x.
3273 429 3379 494 δερ

159 543 293 610 χάριν
323 535 648 605 συγγνώμην
680 533 843 587 αἰτεῖ.
877 531 981 586 Καὶ
1025 531 1081 596 ὃς
1121 533 1178 584 τὶ
1215 533 1364 600 ξέερος
1399 535 1500 586 σὺν
1537 534 1659 601 αὑτᾷ

1873 532 2043 601 icipsi
2098 547 2289 600 utiagno
2337 530 2633 587 domesnco
2684 533 2989 591 sociaverat
3065 537 3371 610 conjugem.

157 627 332 696 κου)εῷ
378 626 585 678 ἐδείκνυ
615 643 629 657 ·
677 623 1055 695 περνοτυπῶν
1103 623 1146 654 ⁷⁸
1195 623 1240 676 δ’
1287 622 1402 691 ἅμα
1450 621 1545 676 καὶ
1596 624 1657 674 ὲκ

1877 637 2005 688 que,
2039 621 2180 690 quod
2237 633 2353 692 post
2434 625 2615 679 omnia
2668 626 2913 681 restabat
2957 642 3146 695 unum,
3177 631 3377 687 infimis

153 719 503 788 θαμϐούμενος
534 720 629 770 καὶ
667 717 808 787 βοῶν
835 716 990 783 ἔλεγε
1015 731 1027 744 ·
1065 714 1198 769 Νῦν
1226 732 1300 770 σε
1329 715 1558 769 δοῦλον
1584 731 1650 768 το

1880 711 2080 774 ecibus,
2115 728 2252 781 quas
2283 713 2480 769 uberes
2515 715 2629 770 veri
2658 718 2861 774 amoris
2887 719 3094 774 indices
3120 721 3380 793 lacrymaa

151 811 274 865 Θεοῦ
305 810 562 877 γνήσιον
595 809 850 877 ἔγνωκα,
877 810 994 860 νῦν
1023 807 1131 860 τὸν
1151 804 1345 876 μέγαν
1377 806 1524 859 Θεὸν
1553 819 1651 859 ovet

1879 803 2224 870 mitabantur,
2266 805 2358 860 diu
2419 805 2623 861 frustra
2651 824 2677 860 a
2709 809 2946 880 Diogene
2996 816 3274 869 contendit
3321 825 3379 871 ut

147 903 312 956 ποντά
336 919 406 954 σε
435 902 505 954 ἐν
533 901 866 970 ὀφθαλμοῖς
885 898 1182 969 τεθέαμαι.
1222 899 1353 953 Ἐπὶ
1378 899 1452 966 τῇ
1482 913 1647 968 σφαγ

1877 896 1987 950 Ivus
2039 913 2161 951 esse
2215 897 2400 963 vellet,
2443 909 2695 955 revocata
2764 903 2928 957 etiam
2999 908 3377 962 recordatione

147 997 237 1063 γὰρ
280 993 349 1060 τῇ
395 993 480 1060 σῇ
525 995 690 1047 τουτὶ
736 993 801 1046 τὸ
848 994 1023 1061 ξίφος
1076 991 1544 1056 κατασκευάσας
1593 1008 1647 1044 stt

1874 990 2170 1044 unorabilis
2215 1002 2462 1056 eventus,
2521 1009 2628 1063 quo
2662 999 2867 1051 moveri
2913 997 3200 1067 Nicepliori
3251 1001 3374 1056 ani-

143 1084 320 1139 λαίὼν
352 1086 611 1148 οἴκοθεν,
643 1084 899 1138 ἐνταῦθα
937 1083 1172 1152 πάρειμι
1203 1083 1294 1150 ἐφ’
1317 1077 1365 1149 ᾧ
1398 1080 1547 1134 κατὰ
1574 1082 1643 1134 τᾶ

1873 1099 1945 1135 nn
1982 1099 2080 1152 par
2132 1093 2252 1136 erat
2289 1094 2442 1138 :tum
2494 1089 2619 1155 quia
2675 1089 2794 1158 ejus
2846 1093 3137 1147 occasione
3199 1096 3373 1162 prima

143 1177 250 1230 σῶν
277 1175 490 1240 ὼθήσω
537 1173 932 1244 σπλάγχνων.
979 1175 1169 1238 "Anuli
1209 1173 1298 1236 δὲ,
1328 1174 1422 1228 καὶ
1447 1173 1561 1238 δὶς,
1589 1189 1643 1224 κι

1875 1183 2148 1228 tanaverat
2172 1175 2569 1246 coniurationis
2593 1181 2850 1249 suspicio,
2886 1189 2996 1235 tum
3023 1183 3105 1236 vel
3139 1186 3375 1240 maxime

143 1273 246 1338 τρὶς
276 1270 445 1323 τοῦτο
481 1268 877 1337 σπασάμενος
904 1267 1182 1336 οὐδαμῶς
1211 1267 1464 1322 ὑπεῖκον
1497 1268 1643 1335 ἓσχο

1874 1264 2053 1319 oui-am
2089 1282 2153 1322 eo
2182 1267 2326 1322 facto
2358 1271 2770 1338 comprobatum
2833 1275 3122 1331 manifeste
3176 1279 3374 1346 fuerat,

138 1362 195 1429 τῇ
216 1363 318 1428 ,ϐίᾳ
359 1360 471 1428 τῆς
513 1359 662 1428 ἐμῆς
696 1363 914 1430 χειρός.
977 1360 1036 1412 Ὀ
1093 1360 1191 1430 μὲν
1245 1361 1356 1430 γὰρ
1409 1359 1638 1430 βασιλείῃ

1875 1371 2050 1413 oesse
2088 1373 2233 1415 cum
2297 1360 2461 1414 vitam
2517 1362 2884 1432 imperatoris,
2922 1375 2972 1420 et
3028 1367 3375 1424 insidiatores

137 1454 408 1523 καθαπερεὶ
451 1453 620 1522 μηδέν
647 1469 700 1506 τι
748 1451 993 1506 τοιοῦτον
1042 1451 1318 1521 ἀκηκοὼς,
1348 1453 1438 1504 ἐπὶ
1476 1451 1637 1504 ταύτο

1876 1465 1915 1505 ιε
1966 1449 2162 1504 nefarii
2210 1451 2319 1507 voti
2349 1468 2454 1506 non
2485 1453 2694 1510 futuros
2721 1467 3020 1526 compotes.
3072 1457 3178 1514 Res
3205 1476 3266 1516 ea
3298 1462 3376 1518 sic

137 1546 384 1613 σχήματος
423 1543 728 1614 θαρσαλέος
763 1545 1034 1616 εἱστήκει.
1073 1545 1420 1615 Συνέδραμον
1453 1543 1510 1597 δὲ
1548 1543 1637 1617 arpi

1886 1541 2094 1595 habuit.
2140 1543 2473 1600 Dccnrrente
2523 1545 2663 1601 forte
2733 1549 3062 1619 imperatore
3106 1552 3372 1608 ludicrum

134 1639 270 1690 αὑτὸν
318 1638 674 1710 παραχρῆμα
721 1637 982 1702 ἅπαντες,
1034 1640 1084 1692 οἱ
1137 1640 1233 1711 μὲν
1281 1640 1634 1711 ἀκροασόμεν

1874 1641 2043 1688 ucstre
2093 1634 2147 1688 in
2204 1650 2370 1691 vacua
2423 1647 2475 1692 et
2534 1640 2736 1708 patenti
2797 1658 2923 1698 area
2980 1645 3159 1714 magni
3189 1647 3374 1714 palatii

133 1731 221 1781 τῶν
243 1728 573 1799 λεγομένων,
604 1733 652 1783 oi
674 1732 731 1785 δὲ
757 1731 1200 1801 ὲκθαμϐούμενοι
1227 1732 1322 1785 ἐπὶ
1365 1731 1600 1798 τούτοις,

1873 1723 2105 1792 ppelasio
2130 1725 2197 1780 ab
2229 1742 2326 1780 usu
2357 1729 2615 1794 vocitata,
2650 1730 2922 1787 Barbarus
2953 1735 3174 1805 quidam
3225 1735 3373 1791 misti

132 1822 178 1874 δὲ
213 1821 552 1893 εὐνούστεροι
599 1824 644 1855 ’⁸
701 1825 837 1896 πρὸς
888 1825 980 1878 τὸν
1035 1825 1415 1896 αὐτοκράτορα
1470 1827 1623 1879 διακε

1849 1817 2006 1871 meris
2041 1833 2106 1872 ex
2137 1817 2388 1874 Armenis
2417 1829 2468 1874 et
2504 1819 2719 1889 Turcis,
2769 1839 2890 1878 cum
2952 1826 3349 1882 animadvertis

133 1929 259 1980 μενοι
289 1914 374 1964 καὶ
405 1913 832 1983 διασπαράττειν
870 1915 1031 1968 αὐτὸν
1063 1917 1404 1986 ἐπεχείρουν,
1443 1915 1543 1970 κᾶν
1584 1917 1633 1970 at‘

1895 1908 2276 1976 imperatorem
2308 1925 2451 1980 equo
2505 1927 2605 1967 suo
2642 1914 2810 1968 altum
2871 1917 3151 1972 anhelanti
3198 1920 3375 1989 respi-

128 2005 201 2062 τὸς
219 2003 438 2073 vstigia-ri
459 2021 542 2068 τε,
580 2010 673 2061 καὶ
695 2010 860 2080 χειρὶ,
895 2010 990 2061 xui.
1015 2011 1229 2078 συχνοῖς
1253 2008 1626 2080 ὲμδριμήμασ

1871 1999 1940 2054 »ᾶί
1967 2000 2195 2070 spatium
2227 2011 2445 2071 captato
2479 2018 2508 2057 a
2536 2013 2733 2060 czetera
2761 2007 2919 2061 turba
2959 2008 3106 2064 brevi
3152 2026 3371 2066 secessu

129 2097 334 2165 ἀπεῖργε
370 2101 467 2165 τῆς
501 2099 899 2168 ἐγχειρήσεως.
937 2099 1004 2152 Τί
1037 2099 1097 2152 τὸ
1130 2101 1224 2152 ἐπὶ
1253 2101 1506 2164 τούτοις;
1538 2100 1629 2152 Ha

1872 2093 2020 2160 lisse,
2053 2094 2228 2149 solum
2279 2095 2392 2149 adit
2450 2095 2554 2151 telo
2589 2109 2830 2154 armatus
2872 2101 2972 2155 sub
3007 2102 3255 2157 vestibus
3289 2102 3372 2155 la-

127 2185 278 2246 τελὰς
321 2188 571 2254 ἀφέσεως
604 2189 630 2238 ὁ
666 2189 864 2255 φονεὺς
912 2191 1125 2252 ἐκεῖνος
1162 2189 1512 2259 παραχρῆμα
1552 2207 1627 2242 τυ·

1864 2196 1932 2240 ne
1957 2225 1972 2251 ,
2027 2185 2292 2257 ﬂexisque
2363 2189 2534 2243 ambit
2596 2192 2864 2262 genibus:
2901 2203 2953 2248 et
2989 2195 3169 2264 specie
3215 2197 3364 2250 omni

126 2278 260 2346 χάνει
290 2281 661 2348 στρατιώτης,
689 2280 790 2332 οὐκ
819 2281 1071 2348 ἀφέσεως
1106 2281 1161 2334 δὲ
1198 2283 1380 2350 μόνον,
1412 2281 1547 2334 ἀλλὰ
1583 2299 1626 2334 tt:

1870 2280 2018 2332 .cntis
2045 2279 2252 2350 aliquid
2277 2292 2555 2351 assumpta
2584 2283 2857 2347 studiose,
2891 2285 3266 2340 misericordis
3303 2287 3370 2340 ad

128 2373 376 2437 μεγίστων
404 2371 655 2440 δωρεῶν·
683 2375 776 2425 ἐπὶ
797 2375 1011 2438 τούτοις
1047 2377 1142 2428 καὶ
1177 2374 1494 2444 ἐλευθερίας
1541 2392 1628 2440 παι

1867 2371 2125 2441 principis
2156 2388 2340 2428 curam
2382 2375 2702 2444 vultumque
2737 2378 2922 2433 vertit.
2965 2378 3106 2448 Ergo
3151 2379 3194 2432 is
3224 2394 3367 2449 equo

125 2463 391 2518 απολαὺει,
447 2465 642 2518 Πολλοὶ
678 2467 778 2534 μὲν
837 2465 930 2518 οὖν
984 2465 1191 2520 τούτων
1243 2465 1338 2520 καὶ
1392 2466 1625 2536 ὀχλοῦντι

1867 2472 2115 2520 uenarum
2163 2475 2394 2522 attractu
2431 2468 2659 2523 reducto
2715 2469 2953 2526 humane
3014 2481 3367 2541 percontatur

125 2557 380 2609 ἐνέκειντο
429 2559 527 2627 τῆς
563 2557 963 2630 βασιλευούσης
997 2559 1341 2630 ἀπελαθῆναι
1381 2560 1474 2612 τὶν
1508 2565 1625 2630 (pavi

1889 2555 2150 2613 homine:
2179 2559 2310 2628 quid
2356 2558 2551 2615 vellet?
2589 2558 2725 2615 Tum
2780 2576 2911 2616 vero
2962 2562 3055 2632 qui
3089 2563 3368 2618 mendicus

121 2650 337 2702 ἐκεῖνον’
361 2652 389 2702 ὁ
411 2650 467 2702 δὲ
495 2653 594 2704 οὐκ
625 2653 894 2718 ἐπείθετο,
921 2653 1095 2721 λέγων
1117 2667 1132 2683 ⁸
1183 2655 1316 2706 Ἐὰν
1338 2653 1426 2722 μὴ
1456 2654 1621 2722 Κύρυ

1872 2652 2064 2706 ebatur
2092 2652 2349 2706 sicarium
2394 2667 2452 2707 se
2483 2652 2737 2723 prodens,
2786 2670 2950 2709 manu
3003 2656 3251 2726 capulum
3280 2671 3369 2710 ar-

120 2741 342 2810 φυλάξῃ
374 2745 578 2805 πόλιν,
606 2746 692 2808 εις
713 2744 918 2812 μάτην
946 2747 1344 2814 ἠγιούπνησεν
1374 2750 1405 2801 ό
1433 2747 1620 2816 ερτυλὰι

1866 2744 1946 2798 nit
1970 2743 2294 2798 dissimulati
2330 2744 2594 2800 hactenus
2621 2746 2805 2816 gladii,
2838 2747 3133 2816 valideqne
3154 2749 3366 2803 incum-

120 2849 251 2885 οων.
292 2836 516 2887 Λοιπὸν
561 2836 683 2900 Θεῷ
726 2836 1092 2908 ἐπεύχεσθαι
1121 2837 1215 2892 δεῖ
1239 2837 1354 2907 τὴν
1379 2838 1620 2908 ήμετέρο

1868 2851 1912 2891 IS
1941 2834 2008 2889 ad
2034 2836 2428 2892 extrahendum
2478 2837 2678 2892 frustra
2707 2837 2829 2904 fuit,
2857 2855 3167 2909 quanquam
3200 2856 3368 2911 Semel

118 2924 328 2979 ἐκεῖθεν
364 2926 834 2997 ἐξαιτουμένους
897 2929 1198 2999 διαμονὴν
1239 2931 1338 2984 καὶ
1377 2930 1618 3000 φρουράν

1869 2928 2058 2983 iterum
2120 2927 2426 2989 instaurato
2483 2937 2702 2983 conatu.
2758 2927 2923 2984 Haesit
2973 2929 3116 2983 enim
3165 2932 3369 3002 vaginae

129 3014 540 3087 Ὑπεψιθύριζον
593 3016 688 3072 οὖν
718 3035 873 3082 τινες
926 3018 1068 3088 μετὰ
1100 3021 1199 3089 τῆς
1245 3019 1340 3072 τοῦ
1381 3020 1629 3087 Διογένοι⁴

1868 3034 1991 3089 nper
2024 3021 2182 3091 quasi
2219 3031 2511 3076 concretus
2542 3020 2714 3087 ensis,
2748 3022 2967 3092 vimque
3000 3023 3270 3078 trahentis
3303 3039 3368 3080 ac

117 3111 320 3180 γνώμης
347 3112 425 3181 τῷ
451 3113 546 3166 τοῦ
577 3113 986 3184 αὐτοκράτορος
1011 3115 1156 3187 φόνῳ
1185 3115 1617 3184 ὲπικεχειρηκέν.

1867 3111 2043 3166 'arium
2082 3111 2372 3165 consilium
2409 3126 2540 3167 casu
2581 3111 2722 3167 felici
2751 3112 3016 3169 destituit.
3050 3111 3146 3168 llic
3173 3113 3367 3184 depre-

116 3204 190 3255 τὸν
217 3204 383 3274 ἄνδρα
415 3209 646 3274 ἐκεῖνον,
676 3208 779 3263 κᾶν
820 3211 848 3263 ὁ
881 3207 1138 3278 βασιλεὺς
1169 3208 1278 3262 οὐδ’
1308 3208 1445 3271 ὅλως
1476 3208 1616 3277 ζητεῖ]

1865 3219 1978 3260 isus
2033 3204 2324 3274 parricida,
2373 3221 2479 3259 non
2529 3204 2702 3260 defuit
2745 3204 2848 3260 sibi
2909 3214 3120 3269 tamen,
3183 3205 3275 3260 sed
3313 3205 3365 3260 in

115 3297 303 3360 τούτοις
335 3303 448 3361 τοῖς
475 3300 654 3368 λόγοις
690 3303 758 3354 τὰ
789 3297 927 3364 ὦτα,
995 3302 1132 3356 ἀλλὰ
1159 3301 1360 3371 μᾶλλον
1389 3299 1615 3372 ἐΰαρυμε

1869 3298 2156 3368 ιρεηιὶοιιο
2181 3297 2524 3368 perpetrandi
2563 3297 2724 3368 ccepti
2761 3299 3006 3366 abiectus
3040 3299 3188 3353 humi
3221 3314 3369 3353 men-

118 3388 190 3440 viz
240 3391 366 3443 κατ’
402 3393 609 3455 αὐτῶν,
674 3395 932 3448 τοσοῦτον
983 3394 1150 3448 αὑτοῦ
1213 3393 1542 3464 ἀνεχόμενος
1599 3394 1618 3444 ἀ

1869 3405 1965 3445 :em
1997 3391 2380 3462 panitentiam
2431 3391 2834 3460 supplicatione
2863 3389 3154 3444 verborum
3189 3388 3369 3444 fallaci

119 3482 296 3552 μέχρις
333 3484 499 3538 αὐτοῦ
537 3485 741 3557 λαιμοῦ
777 3489 878 3556 τῆς
921 3490 1147 3558 ἀκωκῆς
1175 3487 1270 3541 τοῦ
1308 3488 1501 3554 ξίφους
1535 3485 1619 3554 φοι

1867 3486 2101 3542 rfcrebat
2153 3485 2365 3540 veniam
2442 3485 2744 3554 postulans.
2798 3485 2964 3558 260
3029 3484 3196 3554 Cujus
3249 3501 3367 3540 vero

115 3576 291 3644 νούσης
330 3579 420 3631 τὸν
459 3579 770 3646 ἀγνοοῦντα
814 3581 1233 3652 ὑποκρίνεσθαι.
1301 3580 1463 3634 Ἀλλὰ
1499 3577 1615 3632 ταῦ·

1869 3595 1968 3643 ναξ,
2034 3593 2331 3634 conversus
2381 3578 2446 3632 ad
2507 3579 2683 3648 ipsum
2739 3579 3042 3648 impensius
3093 3581 3368 3648 Augusms

114 3667 414 3733 μὲνοῦτως.
1783 3673 1980 3740 inquit,
2029 3672 2236 3725 ueniam
2287 3671 2464 3741 petis?
2528 3670 2666 3724 Tum
2733 3672 2823 3726 ille
2878 3672 3088 3740 \‘aginm
3152 3671 3365 3725 aﬂixant

111 3761 496 3816 demonstrabat
549 3762 743 3823 sicam,
798 3777 1088 3832 pectusque
1134 3765 1291 3820 simul
1344 3780 1498 3820 suum
1539 3765 1771 3819 tundens
1807 3765 1952 3819 haud
2014 3764 2178 3818 dubie
2223 3765 2483 3819 attonitus
2547 3765 2816 3820 clamabat
2852 3782 2866 3819 :
2900 3764 3055 3818 Nunc
3133 3767 3241 3817 scio
3312 3773 3360 3816 te

109 3871 262 3908 serum
297 3855 395 3909 Dei
424 3875 534 3911 esse
560 3875 790 3923 servum,
817 3876 955 3912 nunc
995 3861 1074 3912 tui
1106 3859 1321 3913 tutelam
1382 3862 1527 3914 cordi
1558 3876 1668 3915 esse
1706 3863 1906 3930 superis
1935 3878 2158 3931 agnosco
2215 3862 2342 3927 ipsis
2365 3860 2532 3914 oculis
2585 3859 2848 3914 convictus
2883 3875 2901 3913 :
2944 3857 3198 3924 siquidem
3243 3871 3364 3909 cum

110 3952 397 4004 accesserim
427 3953 498 4006 ad
537 3963 584 4008 te
613 3958 877 4006 instructu
931 3957 1028 4008 hoc
1065 3971 1184 4009 euse
1211 3957 1448 4010 atltuatn
1514 3957 1706 4010 cwdem
1781 3968 1990 4024 parato,
2058 3956 2147 4009 ubi
2210 3957 2544 4025 perpetrandi
2603 3955 2863 4022 facinoris
2918 3963 3118 4021 tempus
3179 3949 3356 4019 adfuit

106 4043 347 4111 stringere
377 4047 549 4110 ipsum
581 4048 773 4100 iterum
813 4060 858 4101 et
893 4050 1042 4102 tertio
1085 4058 1306 4101 conatus
1354 4064 1455 4117 quo
1485 4050 1536 4100 in
1571 4059 1660 4101 tua
1701 4048 1903 4102 uiscera
1934 4048 2229 4113 canderem,
2259 4059 2498 4112 expertus
2529 4061 2716 4118 prmter
2759 4063 2900 4117 spem
2962 4059 3076 4099 sum
3167 4052 3358 4096 contu-

105 4149 285 4186 litarem
311 4136 462 4187 illum
497 4147 545 4190 et
578 4140 760 4191 ntanui
799 4140 1010 4207 obsequi
1042 4135 1388 4193 recusantem.
1417 4141 1575 4194 Stetit
1601 4142 1681 4195 his
1720 4142 1920 4195 auditis
1947 4142 2001 4194 in
2035 4143 2258 4212 vestigio
2291 4142 2545 4197 inunotus
2605 4151 2659 4197 et
2713 4141 3139 4210 imperturbatus
3185 4139 3362 4207 impe-

105 4238 254 4295 rator,
283 4229 446 4299 pl.~.ne
490 4242 747 4299 tanquam
781 4232 884 4286 alia
921 4233 1101 4287 omnia
1123 4233 1454 4288 dicerentur.
1492 4233 1808 4289 Concursus
1848 4250 2010 4301 porro
2031 4234 2174 4288 circa
2201 4249 2323 4288 eum
2360 4244 2577 4304 repente
2601 4233 2842 4290 omnium
2863 4245 2943 4288 cst
2975 4232 3188 4298 factus;
3231 4232 3367 4286 alia-

105 4336 203 4376 rum
239 4339 406 4378 nosse
451 4325 787 4390 cupientiqu
826 4325 959 4393 quid
1011 4327 1085 4380 rei
1159 4338 1336 4392 esset;
1408 4329 1635 4381 aliorum
1683 4344 1742 4383 re
1781 4341 2086 4399 perspecta,
2126 4327 2460 4381 mirantium.
2493 4325 2666 4382 Fuere
2693 4327 2784 4396 qui
2811 4327 3078 4382 eltaritate
3117 4326 3357 4396 impera-

105 4416 219 4470 toris
260 4417 540 4487 prtecipua
573 4418 699 4471 elati
731 4420 1040 4486 discerpere
1067 4421 1390 4488 parricidam
1426 4421 1849 4491 aggrederentur
1886 4437 1900 4474 :
1940 4437 2076 4490 quos
2098 4430 2227 4474 nutu
2263 4435 2534 4490 manuque
2559 4435 2622 4475 ac
2685 4419 2847 4474 minis
2907 4417 3024 4490 ipse
3072 4417 3347 4473 submovit

104 4509 388 4578 imperator
471 4527 781 4582 nocereque
839 4513 1043 4568 infelici
1097 4516 1286 4580 vetuit,
1345 4516 1710 4586 cuisprmter
1785 4517 2028 4570 criminis
2078 4515 2306 4586 gratiam
2374 4515 2520 4584 larga
2578 4513 2741 4570 etiam
2817 4513 2956 4567 dona
3033 4511 3355 4575 cumulavit,

100 4604 283 4670 quibus
321 4604 494 4658 libere
517 4606 678 4672 atque
727 4604 945 4674 impune
975 4605 1175 4662 lruitus
1217 4607 1263 4662 is
1313 4607 1510 4662 deinde
1541 4618 1664 4663 est:
1711 4622 1778 4661 ne
1812 4607 1940 4662 illud
1973 4608 2188 4677 quidem
2241 4608 2491 4678 quamvis
2545 4606 2868 4677 importunis
2917 4613 3080 4675 atque
3150 4605 3360 4657 instan-

104 4694 230 4752 tibus
299 4697 638 4751 esambitum
686 4698 939 4766 precibus
1001 4699 1295 4768 impetrare
1356 4702 1661 4756 valentibus
1736 4701 1955 4766 amicis,
2009 4710 2067 4754 ut
2142 4702 2278 4755 tanti
2339 4700 2458 4756 ausi
2515 4709 2856 4770 compertum
2910 4697 3168 4753 sicarium
3224 4693 3360 4749 urbe

102 4790 274 4844 saltem
313 4790 461 4860 regia
493 4790 712 4859 juberet
735 4791 1004 4858 exsulare,
1041 4793 1282 4862 Augusto
1310 4811 1527 4850 causam
1561 4811 1656 4849 cur
1698 4805 1952 4851 renuerct
1993 4796 2078 4850 his
2110 4796 2290 4850 verbis
2335 4805 2658 4864 exponente,
2693 4808 2888 4862 nempe
2929 4807 2944 4847 :
2979 4790 3094 4845 Nisi
3179 4787 3364 4841 Domi-

101 4898 184 4934 nus
213 4885 525 4937 custodierit
559 4885 824 4937 ciuitatem
858 4885 1062 4953 frustra
1104 4885 1286 4949 uigilat
1342 4889 1433 4956 qui
1506 4887 1736 4942 custodit
1779 4904 1914 4942 eam.
1949 4887 2016 4941 In
2054 4887 2146 4942 Dei
2179 4887 2342 4942 tutela
2376 4888 2722 4956 prwsidioque
2771 4884 2957 4940 salutis
2988 4892 3036 4936 et
3056 4878 3356 4934 securitatis

99 4991 196 5040 spes
225 4993 411 5029 ποιέω
446 4977 616 5029 omnis
649 4993 710 5029 ac
751 4978 893 5030 ratio
913 4977 1015 5029 sita
1049 4990 1144 5031 est.
1179 4976 1320 5030 Ilinc
1367 4979 1720 5048 exspectanda
1759 4979 2099 5048 precibusque
2158 4996 2220 5033 ac
2274 4979 2531 5048 patientia
2586 4974 2928 5046 promcrenda
2979 4972 3115 5025 bona
3173 4977 3365 5024 cuncta

98 5076 224 5121 sunt.
261 5070 537 5122 Craterum
573 5069 678 5131 iam
709 5078 824 5122 tum
889 5069 1200 5134 percrebuit
1247 5072 1490 5126 susurris
1529 5071 1667 5126 clam
1709 5072 2054 5141 serpentibus
2099 5073 2483 5142 quorumdam,
2521 5086 2551 5126 e
2582 5069 2704 5123 sinu
2768 5083 2832 5122 ac
2897 5064 3168 5120 sententia
3232 5063 3359 5116 Dio-

99 5159 236 5223 genis
284 5160 595 5229 profectum
660 5159 805 5212 hunc
899 5174 1274 5229 percussorem
1327 5161 1397 5215 ad
1481 5171 1739 5217 conatum
1780 5163 2003 5220 sceleris
2052 5163 2259 5218 infandi
2293 5183 2308 5219 :
2339 5176 2394 5217 at
2427 5178 2522 5218 eos
2559 5165 2852 5229 imperator
2881 5175 2948 5213 ne
2993 5159 3184 5212 audire
3229 5155 3360 5225 qui-

99 5251 206 5301 dem
263 5251 584 5314 sustinens,
649 5251 806 5320 quasi
863 5261 1070 5308 temere
1128 5253 1468 5322 suspicantes
1541 5269 1665 5309 cum
1707 5258 1994 5312 stomacho
2029 5258 2342 5328 repellebat,
2397 5256 2721 5311 obfirmatus
2797 5267 2968 5322 usque
3043 5251 3181 5305 adeo
3223 5251 3357 5305 sim-

101 5345 323 5413 plicitate
357 5347 497 5402 bene
524 5347 593 5400 de
620 5348 812 5414 quovis
855 5348 1130 5418 opinandi,
1169 5359 1227 5404 ut
1263 5365 1330 5406 ne
1353 5349 1423 5406 ab
1454 5351 1756 5422 eoquidem
1785 5356 1874 5423 qui
1900 5358 2046 5410 clare
2105 5355 2468 5426 sibijngulum
2537 5354 2755 5407 admoto
2823 5361 3084 5403 mucrone
3132 5352 3361 5414 peteret,

100 5450 328 5495 metuere
361 5440 644 5496 sinistrum
675 5443 879 5512 aliquid
913 5459 1073 5513 posse
1097 5446 1390 5504 videretur.

159 5533 200 5584 Τ
203 5534 384 5589 ούτων
414 5533 508 5590 οὖν
538 5540 859 5607 ἀναμνήσας
887 5538 1049 5590 αὐτὸν
1081 5541 1108 5591 ὁ
1137 5539 1312 5610 μέγας
1341 5539 1659 5614 δομέστικος

1862 5543 1985 5598 Ilmc
2037 5542 2249 5610 aliaque
2304 5554 2429 5594 cum
2496 5543 2798 5606 exponeret
2858 5532 3078 5604 Diogeni
3136 5541 3362 5598 magnus

102 5630 185 5679 sta":
230 5629 509 5700 μηδαμῶς
560 5633 790 5697 πείθων,
827 5632 1146 5703 προσελθὼν
1193 5637 1538 5708 ἀπαγγέλλει
1584 5657 1602 5694 σι

1861 5637 2142 5702 mesticus,
2181 5649 2290 5704 quo
2343 5648 2467 5688 eum
2519 5633 2584 5686 ad
2636 5627 3036 5685 confessionem
3099 5619 3361 5693 designati

1175 5752 1376 5816 Variae
1408 5753 1722 5820 lectiones
1753 5772 1832 5818 ex
1865 5754 2004 5816 cod.
2053 5750 2324 5816 Coislin.

171 5843 213 5870 “
247 5846 694 5914 στερνοκτυπῶν.
769 5846 814 5878 ⁷³
837 5845 1214 5918 εὐνούστερον.

425 5939 692 6000 Pauor“
735 5943 850 6002 GR.
885 5943 1156 6004 CXXXI.

2971 5929 3048 5992 22
