3798 6600
430 575 491 613 ea
526 574 612 614 res
643 555 831 612 ltabuit
867 567 1126 626 cognatos
1186 557 1732 627 consanguineosque
1789 558 1906 628 ejus
1947 573 2010 613 ac

429 649 737 704 exteros'ei
770 663 832 702 ex
871 649 1051 702 animo
1083 649 1385 703 studentes.
1423 649 1462 702 li
1491 664 1646 705 acres
1697 649 1898 721 alioqui
1947 664 2010 704 ac

433 742 600 797 fortes
630 742 753 804 viri,
790 749 846 793 ut
872 752 1027 795 erant
1056 755 1252 811 magno
1275 741 1489 810 impulsi
1520 751 1688 805 metu,
1720 757 1786 797 ne
1818 742 2009 797 videli-

429 833 844 902 cetcongregati
877 833 1198 900 prazvalente
1222 848 1448 888 numero
1475 833 1736 903 coniurati
1773 831 2007 888 furorem

429 923 480 978 in
513 923 745 993 aliquem
793 933 1162 994 erumperent,
1201 925 1430 980 consilio
1457 927 1595 980 inter
1620 940 1679 980 se
1709 925 1911 990 habito,
1942 925 2010 980 de

427 1030 537 1083 quo
577 1015 809 1069 celatum
836 1016 1218 1083 imperatorem
1252 1018 1559 1081 voluerunt,
1601 1015 1717 1084 ejus
1749 1017 2010 1087 intempe-

427 1108 600 1173 stiva),
632 1116 688 1161 ut
719 1107 1001 1176 putabant,
1046 1109 1346 1163 clementiae
1411 1109 1589 1175 diﬁisi,
1654 1110 2010 1166 decreverunt

427 1199 710 1252 sera‘ndatn
750 1199 802 1252 in
835 1198 1026 1268 vulgus
1056 1198 1253 1254 famam
1290 1215 1409 1269 quae
1449 1217 1544 1271 pro
1597 1209 1746 1255 certo
1781 1200 2012 1254 afﬁrma-

429 1296 512 1341 ret
547 1299 881 1344 excaecatum
915 1290 1024 1360 jam
1056 1305 1178 1345 esse
1214 1290 1526 1362 Diogenem.
1597 1289 1901 1346 Valiturum
1958 1293 2008 1346 id

426 1377 692 1444 putabant
743 1379 796 1432 in
840 1393 960 1434 eam
1011 1391 1241 1448 partem,
1293 1391 1349 1434 ut
1394 1380 1436 1433 si
1469 1381 1557 1450 qui
1587 1382 1881 1449 periclitari
1915 1397 2011 1451 pro

428 1465 664 1534 Diogene
713 1468 969 1538 quamdiu
1027 1469 1073 1524 is
1109 1470 1161 1522 in
1223 1484 1318 1539 spe
1376 1468 1512 1524 foret
1574 1471 1734 1542 263
1800 1464 2008 1541 imperii

429 1560 784 1628 adipiscendi,
841 1561 1013 1630 parati
1067 1570 1290 1628 essent,
1356 1562 1686 1616 sustinerent
1750 1564 2007 1633 impetum

429 1663 772 1721 mentemque
805 1660 1076 1706 mutarent
1106 1653 1194 1707 ubi
1243 1653 1596 1719 constitisset,
1633 1655 1874 1710 inutilem
1899 1657 2010 1724 jam

430 1741 580 1796 illum
630 1743 859 1811 imperio
919 1741 1120 1796 factum
1178 1745 1478 1798 anissionc
1542 1747 1842 1800 oculorum.
1903 1747 2012 1802 Nec

428 1847 615 1885 rumor
655 1832 742 1886 hic
797 1832 969 1885 solum
1001 1831 1140 1899 fuit;
1200 1849 1350 1900 nam,
1410 1845 1467 1888 ut
1501 1845 1685 1906 postea
1745 1837 2007 1905 dicemus,

426 1929 478 1982 in
511 1940 622 1976 rem
649 1939 829 1978 sermo
857 1925 1140 1992 processit.
1176 1926 1302 1980 Inde
1356 1927 1444 1980 ubi
1501 1907 1874 1998 postridiantis
1928 1934 2009 1986 sol

423 2026 586 2079 supra
623 2012 892 2066 ﬁnitorem
920 2028 1146 2067 serenus
1174 2013 1397 2080 eﬁ'ulsit,
1431 2015 1746 2084 quicunque
1779 2017 1942 2069 alieni
1971 2033 1998 2069 a

426 2105 807 2171 eonjnratione
837 2104 1093 2173 Diogenis
1121 2115 1297 2170 erant,
1343 2115 1452 2159 tum
1506 2107 1817 2175 praztoriani
1874 2108 2013 2161 mili-

425 2203 528 2260 tes,
553 2192 709 2261 primi
741 2209 939 2263 magno
970 2205 1123 2247 metu
1161 2209 1224 2249 ac
1259 2197 1439 2249 Studio
1465 2197 1531 2250 ad
1568 2197 1856 2266 Angustale
1883 2213 2010 2251 con-

425 2282 617 2348 ﬂuunt,
669 2284 721 2338 Ιιὶ
777 2285 999 2339 ensibus
1050 2286 1304 2350 accincti,
1359 2286 1414 2340 bi
1447 2288 1614 2342 ltastis
1668 2290 1885 2355 armati,
1919 2289 2009 2344 alii

415 2389 637 2444 magna
673 2373 830 2429 molis
863 2375 1071 2430 ferreas
1105 2377 1447 2446 rhompbaaas
1498 2393 1792 2448 suspensas
1819 2396 1883 2433 ex
1916 2381 2016 2434 Int-

428 2469 596 2522 meris
625 2467 890 2523 habentes
927 2483 941 2522 :
972 2483 1164 2522 omnes
1221 2469 1476 2525 continua
1511 2471 1785 2540 utrimque
1823 2473 2011 2544 dispo-

426 2559 514 2612 Siti
545 2557 708 2623 serie,
739 2557 1378 2628 soliumimperatorisin
1415 2558 1642 2614 formam
1679 2562 2010 2628 semicirculi

427 2660 556 2704 sunt
611 2649 901 2720 complexi,
965 2665 1070 2704 non
1104 2653 1172 2706 ad
1231 2651 1490 2724 honorem
1543 2652 1722 2723 magis
1759 2670 1917 2722 quam
1945 2658 2012 2712 ad

424 2741 738 2811 praesidium
771 2741 1137 2811 imperatoris.
1193 2740 1332 2795 Iram
1377 2741 1517 2795 haud
1549 2743 1766 2797 dubiam
1828 2743 2013 2812 reique

425 2834 677 2903 gerendae
701 2839 953 2902 paratum
988 2831 1244 2902 impetum
1281 2831 1519 2887 vultibus
1556 2833 1790 2887 universi
1819 2833 2012 2903 praefe-

430 2922 643 2986 rebant,
699 2936 764 2975 ac
814 2921 856 2975 si
891 2935 997 2974 non
1040 2935 1354 2984 mucrones,
1399 2910 1574 2974 'eerte
1629 2923 1839 2975 animos
1895 2932 2016 2977 cote

429 3015 660 3081 quadam
691 3011 1084 3082 indignationis
1137 3012 1363 3067 irritata:
1415 3011 1704 3067 acuebant.
1766 3011 2015 3068 Proxime

428 3106 654 3172 Augusti
687 3104 869 3158 sedem
900 3081 1185 3168 ac-corpus
1224 3105 1413 3159 ordine
1445 3106 1717 3175 utrimque
1753 3105 1804 3158 in
1847 3105 2014 3161 armis

428 3196 603 3250 astitit
638 3193 739 3250 ﬁes
776 3195 893 3264 ipse
916 3193 1238 3260 nobilitatis,
1298 3203 1563 3264 quotquot
1627 3197 2010 3262 imperatorem

429 3286 795 3358 cognationis,
840 3286 1142 3354 sanguinis,
1187 3295 1276 3338 aut
1303 3285 1580 3340 a'ﬁinitatis
1609 3286 2012 3342 necessitudine

430 3373 825 3443 contingebant
859 3391 873 3427 :
907 3372 1122 3442 longius
1154 3375 1462 3444 prmtoriani
1495 3390 1559 3429 ac
1596 3376 1796 3430 milites
1831 3376 2010 3430 czeteri

430 3468 622 3519 dextra
648 3465 894 3534 laevaque
917 3466 1290 3534 producebant
1309 3466 1599 3520 terriﬁcam
1633 3465 1850 3520 seriem.
1875 3466 2012 3520 Tum

429 3558 707 3626 Augustus
737 3557 788 3610 in
821 3556 958 3610 solio
995 3557 1268 3625 apparuit,
1301 3569 1412 3610 non
1446 3556 1590 3625 regie
1623 3555 1793 3626 magis
1849 3571 2010 3625 quam

433 3648 741 3702 militariter
787 3649 1032 3704 indutus.
1096 3647 1421 3714 Snggestum
1477 3663 1587 3702 non
1645 3647 1701 3702 in
1761 3663 2011 3719 magnam

432 3740 774 3795 altitudinem
807 3749 1078 3795 evectum.
1114 3732 1374 3809 Princeps
1438 3755 1543 3794 non
1573 3740 1848 3810 jprocerus
1889 3755 2013 3795 cor-

431 3847 587 3902 pore,
621 3833 840 3901 insuper
869 3831 1032 3885 animi
1064 3830 1329 3886 modestia
1382 3830 1677 3885 fastuosam
1713 3831 2014 3885 sublimita-

433 3939 539 3981 tem
573 3941 675 3980 non
729 3923 1036 3981 aﬁ‘ectabat.
1096 3921 1380 3979 Substrata
1447 3935 1627 3978 tamen
1695 3939 1827 3978 auro
1857 3923 2015 3979 sedes

429 4017 551 4081 fuit,
585 4031 744 4086 quant
777 4024 832 4070 et
865 4029 1098 4082 superne
1131 4013 1421 4068 imminens
1469 4029 1533 4068 ex
1568 4028 1704 4068 auro
1737 4014 1865 4068 item
1895 4028 2014 4066 um-

431 4109 569 4161 bella
607 4107 922 4162 decorabat.
955 4105 1130 4174 Caput
1173 4105 1519 4174 imperatoris
1552 4119 1755 4159 corona
1787 4113 2014 4174 .tectum

430 4210 549 4253 erat
572 4215 810 4269 superne
844 4199 1052 4262 clausa,
1091 4197 1258 4252 facies
1284 4198 1445 4253 solito
1477 4198 1753 4252 ardentior
1789 4206 2016 4252 conten-

433 4297 582 4346 tione
635 4293 747 4360 ipsa
785 4290 986 4359 negmii
1042 4305 1105 4344 ac
1147 4290 1373 4360 periculi
1432 4289 1715 4358 praesentis
1771 4290 2015 4343 innatum

433 4383 687 4434 ruborem
748 4381 801 4433 in
853 4379 1206 4434 iutensiorem
1267 4389 1550 4433 saturante
1610 4393 1925 4449 purpuram.
1959 4378 2014 4431 In

435 4490 542 4526 uno
571 4472 734 4526 deﬁxi
771 4471 934 4537 oeuli,
965 4472 1129 4526 altius
1159 4471 1420 4540 quiddam
1449 4472 1818 4539 attentiusque
1869 4469 2018 4540 cogi-

435 4567 600 4620 tantis
657 4564 894 4634 speciem
936 4564 1173 4617 edebant
1202 4562 1656 4632 :multorumque
1687 4561 1844 4630 quasi
1875 4576 2012 4617 con-

434 4660 586 4709 tltctu
630 4656 968 4710 internorum
1005 4669 1281 4709 sensuum
1313 4654 1594 4707 mstuantis
1623 4653 1811 4716 animi,
1842 4652 2012 4710 facies

433 4763 488 4802 et
512 4756 734 4803 obtutus
768 4748 969 4802 indicia
1003 4743 1362 4801 monstrabat.
1397 4743 1807 4798 Concurrebant
1827 4745 2009 4799 cuncti

436 4840 642 4907 pariter
696 4837 1002 4902 conterriti,
1058 4837 1166 4890 imo
1189 4835 1522 4890 consternati
1567 4849 1633 4886 ac
1663 4842 1871 4889 tantum
1900 4850 2008 4888 non

437 4930 735 4984 exanimati
777 4937 948 4992 metu,
999 4926 1197 4995 quippe
1225 4939 1360 4992 quos
1391 4925 1584 4994 partim
1615 4923 1761 4978 velut
1783 4924 2008 4978 inﬁxum

435 5020 693 5074 uitalibus
719 5019 878 5074 telum
902 5019 1093 5086 quovis
1116 5015 1306 5070 aculeo
1337 5014 1518 5069 acrius
1562 5024 1828 5084 pungeret
1865 5015 2018 5083 cogi-

438 5125 561 5166 tata:
593 5111 910 5167 defectionis
941 5106 1293 5171 conscientia,
1329 5105 1520 5175 partim
1562 5106 1823 5161 sollicitas
1849 5105 2019 5160 habe-

435 5218 519 5258 ret
546 5213 723 5258 status
749 5216 930 5256 rerum
965 5213 1224 5266 praesens,
1256 5212 1326 5252 ne
1365 5212 1470 5265 qua
1507 5196 1560 5250 in
1596 5197 1740 5266 ipsos
1781 5195 2024 5265 suspicio

437 5295 682 5352 criminis
733 5303 1132 5365 aspergeretur.
1186 5289 1244 5344 In
1305 5291 1390 5344 his
1442 5291 1591 5344 curis
1642 5288 1776 5343 muti
1829 5303 2020 5344 omnes

443 5389 706 5445 testibulo
761 5387 1011 5441 astabant
1070 5383 1395 5454 augustalis,
1422 5382 1476 5436 in
1509 5389 1680 5451 porta:
1736 5383 2019 5436 custodem

438 5485 609 5536 oculis
667 5479 908 5534 intentis.
963 5478 1093 5532 Erat
1145 5479 1191 5532 is
1239 5475 1482 5531 Taticius
1541 5474 1624 5527 vir
1677 5483 1936 5528 strenuus
1969 5481 2024 5528 et

435 5575 714 5644 prudens;
747 5571 832 5626 cui
861 5586 982 5624 cum
1015 5570 1164 5624 nictu
1198 5568 1339 5624 oculi
1367 5565 1654 5621 annuisset
1706 5564 2005 5633 imperator

1738 449 1958 509 ΑΝΝΕ
2000 449 2382 511 ΕΟΜΝΕΝΑΞ

3530 468 3611 528 Ε83

2039 565 2084 620 Α
2112 576 2210 622 τας
2252 560 2345 612 καὶ
2392 557 2451 612 τὸ
2479 557 2669 613 δοκοῦν
2721 562 2867 632 αυτῷ
2909 562 3325 634 διαπράξασθαι,
3352 571 3511 628 ὁπόσαι
3552 584 3613 634 εἰς

2112 651 2203 704 τὸν
2240 651 2620 722 αὐτοκράτορα
2655 653 2819 708 πόθον
2855 657 3146 724 ἐγκάρδιον
3194 659 3423 730 ἔτρεφον,
3459 670 3546 721 τῶν
3570 689 3613 725 τε

2113 742 2170 808 ἐξ
2197 742 2428 812 αἵματος
2456 745 2549 797 καλ⁸
2594 745 2912 814 ἀγχιστείας
2955 747 3104 818 αὐτῷ
3137 753 3513 821 προσηκόντων,
3543 763 3614 813 καὶ

2110 833 2296 886 ὀπόσοι
2345 833 2574 905 πατρῷα
2604 835 2650 866 ⁸³
2678 836 3010 906 θεράποντες
3066 839 3185 892 τότε
3231 843 3482 910 παρῆσαν.
3519 847 3617 918 '03.-

2113 925 2438 996 ϐριμοεργοὶ
2491 927 2585 980 καὶ
2629 931 2812 998 ταχεῖς
2873 931 2970 1000 μὲν
3028 931 3259 984 συνιδεῖν
3313 933 3371 986 τὸ
3429 939 3614 1007 μέλλον,

2112 1016 2356 1085 ἁγχίνοοι
2397 1019 2443 1049 ⁸⁸
2474 1017 2528 1071 δὲ
2576 1018 2638 1071 τὸ
2691 1023 2936 1073 συνοῖσον
2992 1021 3049 1074 ἐν
3101 1022 3354 1094 ἀσκέπτῳ
3386 1033 3620 1098 καταπρά-

2114 1108 2312 1174 ξασθαι
2375 1110 2596 1180 χρόνῳ,
2654 1111 2888 1174 δεδιότες
2949 1116 3145 1182 μήπως
3192 1117 3257 1185 τῇ
3323 1119 3432 1186 μετ’
3486 1121 3619 1191 αὐτὴν

2110 1201 2206 1253 τοῦ
2283 1200 2526 1272 πλήθους
2601 1204 3004 1274 συρῤεύσαντος
3054 1208 3450 1277 ἐφορμήσαντές
3508 1229 3621 1277 τινες

2111 1295 2502 1364 διαμελίσωσιν
2546 1297 2709 1350 αὐτον
2755 1300 2844 1350 ἐπὶ
2887 1298 2981 1351 τοῦ
3021 1299 3212 1368 θρόνου
3261 1302 3497 1366 πολλάκις
3523 1304 3620 1377 eiei}

2115 1386 2218 1438 ὑπὸ
2245 1387 2316 1440 τὰ
2338 1388 2519 1459 ἄμφια
2547 1389 2827 1460 φέροντες,
2855 1390 3044 1460 ὥσπερ
3072 1390 3201 1442 ποτὲ
3225 1392 3421 1454 ἐκεῖνος
3452 1397 3475 1446 ὁ
3500 1413 3622 1463 σφαι-

2115 1479 2320 1551 ρίζοντι
2351 1482 2523 1552 τούτῳ
2558 1484 2614 1536 ἐν
2663 1484 2907 1552 σχήματι
2947 1481 3242 1552 προσαίτου
3280 1485 3532 1554 προελθὼν
3565 1488 3623 1554 (τὺ

2113 1572 2168 1624 δέ
2195 1573 2294 1626 οὐκ
2323 1573 2490 1644 ἄλλην
2518 1571 2630 1644 εἶχε
2678 1574 2776 1646 τὴν
2806 1575 3106 1645 θεραπείαν
3131 1577 3161 1642 ἦ
3204 1573 3264 1629 τὸ
3295 1576 3390 1638 τὰς
3419 1577 3536 1644 πρὸς
3555 1582 3625 1630 τὸν

2113 1667 2377 1735 Διογένην
2418 1667 2675 1720 ἁπάντων
2724 1669 2996 1738 περιελεῖν
3019 1667 3263 1730 ἐλπίδας,
3283 1667 3377 1736 τὴν
3406 1668 3499 1720 τῶν
3533 1670 3627 1722 wi-

2113 1778 2206 1810 του
2270 1761 2538 1829 ὀμμάτων
2588 1760 2664 1822 ὡς
2732 1762 2788 1813 ἐν
2846 1761 3186 1830 παραϐύστῳ
3235 1762 3628 1830 διαφημισάντων

2117 1858 2504 1927 ἐκτύιρλωσιν),
2543 1858 3038 1929 μεταπεμψάμενοί
3074 1875 3228 1921 τινας
3271 1859 3623 1927 διαπέμπονται

2117 1953 2241 2011 τοὺς
2299 1950 2460 2003 τοῦτο
2529 1951 2668 2020 πρὸς
2738 1954 2949 2015 πάντας
3023 1951 3536 2020 διακηρυκεύσοντας
3587 1956 3629 2005 ἐν

2113 2042 2486 2112 ἀπορρήτοις,
2533 2043 2638 2096 κᾶν
2688 2042 2813 2111 μηδ’
2872 2043 2952 2108 εἰς
3011 2043 3133 2096 νοῦν
3180 2043 3334 2096 οὔπω
3363 2045 3520 2117 ,τοῦτο
3559 2045 3628 2095 τοῦ

2113 2133 2515 2202 αὖτοκράτορος
2537 2135 2671 2198 ὅλως
2703 2135 2876 2206 ἀνῄει.
2913 2137 2971 2189 '0
3006 2137 3061 2188 δὲ
3089 2135 3248 2200 λόγος
3276 2129 3423 2196 οὗτος
3448 2134 3536 2187 κᾶν
3563 2137 3633 2203 ψι-

2114 2221 2204 2285 λῆς
2236 2226 2343 2276 τότ’
2378 2220 2465 2296 ἦν,
2499 2227 2578 2288 εἰς
2614 2227 2777 2296 ἔργον
2826 2228 2974 2294 ὅμως
3017 2227 3362 2296 προύὸέόηκε
3394 2228 3457 2296 ξ’,
3487 2229 3630 2291 καθὼς

2113 2317 2142 2369 ό
2191 2316 2346 2383 λόγος
2399 2320 2695 2388 κατωτέρω
2747 2319 3165 2390 διατρινώσηεν
3207 2319 3276 2374 ⁸⁸³.
3331 2318 3485 2372 Ἐπὰν
3534 2321 3634 2374 δέό

2113 2413 2261 2485 ἥλιος
2293 2413 2387 2465 τοῦ
2431 2413 2706 2484 ὁρίζοντος
2749 2413 3068 2482 ὑπερκύψας
3113 2413 3365 2482 λαμπρὸς
3407 2412 3632 2482 ἀνέθορεν,

2113 2507 2302 2561 ὁπόσοι
2331 2507 2436 2561 τῶν
2482 2507 2613 2576 περὶ
2655 2508 2746 2559 τὸν
2773 2507 3152 2577 αὐτοκράτορα
3209 2505 3284 2575 μὴ
3313 2509 3404 2575 τῆς
3437 2505 3518 2557 τοῦ
3544 2508 3635 2558 Διο-

2048 1914 2088 1967 Β

2114 2602 2306 2668 γένους
2338 2599 2517 2670 λύμης
2543 2599 2918 2669 μετειλήχασι,
2936 2599 3028 2652 καὶ
3055 2599 3213 2652 αὐτοὶ
3236 2599 3291 2651 δὲ
3311 2601 3358 2652 οἱ
3388 2599 3534 2652 πάλαι
3553 2601 3636 2650 τῶν

2117 2692 2414 2762 βασιλικῶν
2474 2693 2741 2759 σωμάτων
2802 2692 3124 2760 τεταγμένοι
3183 2690 3418 2758 φύλακες
3474 2691 3637 2758 πρῶτοι

2115 2783 2252 2852 πρὸς
2284 2783 2382 2852 τὴν
2428 2781 2716 2852 βασιλικὴν
2763 2784 3002 2852 ἐχώρουν
3050 2783 3282 2853 σκηνὴν,
3333 2784 3380 2834 οἱ
3414 2781 3502 2851 μὲν
3540 2781 3637 2848 ξίφη

2117 2874 2574 2946 περιεζωσμένοι,
2611 2877 2660 2926 οἱ
2691 2874 2747 2926 δέ
2785 2874 2988 2942 δόρατα
3025 2872 3070 2904 ⁸³
3101 2873 3385 2942 φέροντες,
3413 2873 3456 2924 οἱ
3491 2871 3639 2932 δὲτὰς

2117 2967 2514 3038 βαρυσιδήρους
2549 2966 2825 3037 ῥομφαίας
2861 2967 2954 3018 ἐπὶ
2999 2965 3108 3018 τῶν
3157 2963 3328 3031 ὥριων
3355 2966 3567 3033 ἔχοντες,
3592 2965 3639 3014 ἐκ

2115 3061 2483 3129 διαστήματός
2513 3076 2660 3120 τινος
2691 3059 2783 3112 τοῦ
2811 3057 3090 3128 βασιλικοῦ
3127 3057 3325 3126 θρόνου
3356 3059 3431 3119 εἰς
3459 3072 3640 3134 μηνοςι-

2115 3152 2202 3216 δὲς
2240 3151 2426 3221 σχῆμα
2461 3151 2689 3212 ἑαυτοὺς
2737 3149 2911 3204 ίλαδὶν
2945 3152 3413 3219 καταστήσαντες,
3455 3149 3536 3198 καὶ
3559 3141 3641 3198 οἷοι

2037 3249 2080 3308 C
2115 3244 2610 3313 ἐναγκαλισάμενοι
2642 3243 2734 3294 τὸν
2757 3243 3134 3312 αὐτοκράτορα
3156 3241 3321 3312 θυμῷ
3355 3238 3644 3308 στρατηγοῦ·

2116 3353 2268 3408 μενοι
2310 3337 2510 3400 πάντες
2542 3335 2636 3388 καὶ
2671 3334 2950 3404 θήγοντες.
2991 3335 3094 3387 κᾶν
3144 3333 3225 3404 μὴ
3261 3333 3330 3387 τὰ
3360 3333 3499 3399 ξίφη,
3539 3331 3645 3384 ἀλλὰ

2112 3432 2211 3492 τὰς
2239 3429 2486 3500 καρδίας.
2515 3429 2680 3482 Ὅσον
2701 3427 2760 3481 δέ
2785 3427 2831 3460 ⁹⁰
2859 3426 3121 3495 συγγενὲς
3149 3427 3214 3493 ἐξ
3246 3425 3474 3495 αῐματός
3496 3441 3546 3476 τε
3570 3423 3643 3476 καὶ

2114 3524 2430 3594 ἀγχιστείας
2475 3521 2648 3591 τούτῳ
2673 3521 2716 3552 ⁸⁸
2750 3521 3022 3590 προσῆκον
3057 3520 3233 3589 ἀγχοῦ
3279 3519 3372 3572 τοῦ
3405 3514 3642 3588 βασιλικοῦ

2115 3617 2306 3688 θρόνου
2347 3615 2432 3685 ἐφ’
2460 3615 2696 3685 ἑκάτερα
2734 3614 2974 3666 ἵσταντο.
3007 3613 3262 3677 Δεξιόθεν
3283 3613 3339 3665 δὲ
3374 3613 3463 3665 καὶ
3489 3610 3540 3674 ἐξ
3572 3609 3644 3661 εύ-

2113 3710 2348 3780 ωνύμων
2378 3708 2558 3777 ἕτεροι
2587 3705 2914 3758 καθίσταντο
2962 3705 3333 3759 ὑπασπισταί.
3373 3705 3430 3756 ’0
3453 3703 3502 3754 δὲ
3526 3703 3647 3772 βασι·

2112 3803 2236 3864 λεὺς
2272 3801 2366 3853 ἐπὶ
2410 3800 2588 3852 θώκου
2638 3796 2868 3867 φοϐερὸς
2899 3797 3276 3868 προύκάθητο,
3309 3797 3368 3849 ού
3397 3795 3646 3866 pssimi);

2113 3889 2446 3961 ἐσταλμένος
2497 3887 2698 3957 μᾶλλον
2746 3887 2779 3956 ἢ
2835 3886 3273 3958 στρατιωτικῶς,
3315 3887 3437 3940 οὐδὲ
3461 3887 3503 3918 ’³
3542 3885 3646 3936 πολὺ

2117 3983 2393 4054 μετέωρος
2443 3983 2604 4034 όποῖα
2647 3978 2719 4032 τὰ
2749 3979 2958 4031 ἐκείνου
3003 3979 3077 4046 μὴ
3113 3977 3426 4048 ἐπηρμέναι.
3470 3975 3646 4048 Xpusb;

2112 4073 2168 4126 δὲ
2187 4073 2335 4140 ὅμως
2355 4069 2445 4124 τὸν
2467 4067 2656 4139 θρόνον
2694 4067 3012 4138 ὑπήλειφεν,
3056 4067 3156 4120 ὑπε
3167 4069 3486 4138 ρανεστήκει
3507 4083 3556 4119 τε
3575 4065 3648 4134 τὴν

2115 4164 2383 4234 κεφαλήν.
2418 4160 2758 4215 Συνέσταλτο
2787 4159 2845 4212 δέ
2892 4159 3083 4212 τούτου
3114 4159 3176 4210 τὸ
3207 4160 3534 4221 ἐπισκύνιον,
3572 4158 3648 4226 τὴν

2113 4258 2171 4313 δὲ
2203 4256 2436 4326 παρειὰν
2469 4252 2732 4308 ἐπιπλέον
2764 4253 2883 4305 τότε
2914 4253 2942 4305 ό
2973 4250 3122 4320 ἁγὼν
3173 4252 3566 4322 κατεφοίνισσε,
3601 4250 3651 4301 τὰ

2114 4351 2170 4404 δέ
2199 4349 2424 4419 ὄμματα
2451 4345 2743 4417 πεπηγότα
2785 4345 2880 4396 ἐπὶ
2911 4343 3159 4407 συννοίας
3189 4345 3285 4397 καὶ
3322 4345 3495 4412 πλήρη
3523 4341 3652 4392 ἐνθυ-

2119 4442 2388 4514 μημάτων
2445 4437 2821 4507 ὑπεμαινοντα
2854 4435 2901 4467 ⁸⁸
2930 4434 3028 4505 τὴν
3054 4435 3263 4504 ψυχήν.
3317 4434 3560 4486 Συνέθεον
3610 4429 3654 4480 δέ

2115 4531 2354 4592 ἅπαντες
2409 4523 2547 4596 ὁμοῦ
2592 4523 2985 4594 πεφοϐημένοι,
3055 4523 3150 4576 καὶ
3192 4524 3296 4586 τὰς
3367 4522 3531 4591 ψυχὰς
3585 4536 3654 4587 μι-

2119 4623 2254 4694 κροῦ
2292 4624 2349 4684 ἐς
2397 4621 2533 4691 ἀέρα
2585 4618 2691 4671 ὑπὸ
2722 4615 3110 4686 ἐξερεύξασθαι
3151 4615 3330 4684 φόϐου
3359 4615 3405 4648 ’δ
3437 4610 3656 4674 ὲκῦιαζό·

2122 4732 2273 4788 μενοι
2301 4715 2370 4782 ’⁸,
2404 4712 2512 4766 τῶν
2568 4710 2668 4782 μὲν
2711 4709 2966 4778 ὀξύτερον
3013 4706 3204 4777 βέλους
3241 4707 3348 4760 ὑπὸ
3394 4707 3489 4776 τῆς
3535 4704 3655 4769 σφῷν

2120 4810 2478 4881 συνειδήσεως
2516 4803 2913 4874 κεντουμένων,
2946 4801 3058 4854 τῶν
3091 4801 3147 4855 δὲ
3188 4802 3294 4870 τὴν
3329 4803 3517 4869 καινὴν
3552 4802 3658 4851 bno-

2117 4905 2246 4976 ψιαν
2285 4900 2554 4954 δεδιότων.
2581 4896 2740 4966 Φωνὴ
2771 4896 2826 4948 δέ
2852 4911 2934 4956 τις
2968 4893 3102 4966 παρ’
3133 4891 3354 4952 οὐδενὺ;
3385 4883 3657 4960 ἐξηκούετο,

2115 4995 2231 5053 ἀλλ’
2256 4992 2442 5056 ἀτενὲς
2483 4989 2621 5062 πρὸς
2645 4989 2736 5041 τὸν
2766 4987 3110 5056 ἐφεστηκότα
3138 4989 3206 5055 τῇ
3247 4985 3392 5056 πύλῃ
3431 4986 3523 5053 τῆς
3549 4998 3657 5046 ext,-

2122 5091 2221 5161 νῆς
2257 5083 2616 5145 ἀπονεύοντες
2655 5079 2988 5149 ἐπτοημένοι
3021 5079 3376 5149 εἱστήκεσαν.
3430 5077 3575 5143 ’Δνὴρ
3614 5072 3656 5123 δὲ

2127 5181 2284 5245 οὗτος
2340 5179 2433 5233 καὶ⁴
2461 5178 2640 5230 εἰπεῖν
2668 5172 2890 5235 συνετὸς
2914 5171 3011 5224 καὶ
3046 5169 3508 5242 καταπράξασθαι
3531 5167 3660 5219 δυνα-

2116 5281 2230 5345 τδς,
2263 5262 2520 5334 Τατίκιος
2572 5268 2748 5336 τούτῳ
2796 5267 2858 5334 τὸ
2899 5265 3092 5336 ὄνομα.
3140 5265 3334 5335 Τούτῳ
3363 5266 3391 5316 ό
3443 5258 3660 5332 βασιλεὺς

2118 5368 2460 5428 ἐνατενισας,
2508 5361 2694 5416 δοῦναι
2745 5361 2857 5420 τοῖς
2900 5358 3100 5423 ἐξωθεν
3132 5359 3179 5392 ³⁸
3210 5358 3320 5427 τὴν
3365 5355 3558 5411 εῐσοδον
3595 5349 3662 5403 διὰ

2119 5465 2216 5520 τοῦ
2275 5459 2588 5530 βλέμματος
2643 5453 2922 5522 ἐνέφηνεν.
2977 5452 3038 5504 Ὀ
3080 5452 3136 5504 δὲ
3195 5451 3540 5520 παραχρῆμα,
3587 5443 3663 5506 τῆς

2122 5555 2326 5612 εἰσόδου
2351 5551 2562 5612 τούτοις
2593 5545 2935 5618 παραχωρεῖ.
2973 5544 3033 5595 '0
3061 5545 3104 5579 ’τ
3128 5543 3182 5597 δὲ
3210 5543 3424 5614 καίπερ
3445 5537 3663 5601 δεδιότες»

2041 4565 2088 4623 ι)

1515 5696 1728 5760 Variae
1762 5696 2080 5760 lectiones
2119 5711 2196 5756 ex
2225 5690 2368 5765 eod.
2400 5683 2667 5747 Coislin.

512 5832 555 5864 ⁵³
586 5832 877 5904 πρώηνίοῑ.
951 5830 997 5862 ³⁸
1022 5827 1291 5904 ἀγχίνοες.
1342 5823 1802 5904 Μ⁸¹¹ηιτροδέ6ηκιεἒ

443 5908 492 5938 ⁸⁸
525 5904 678 5964 μηδὲ.

1897 5820 1943 5852 ³⁸
1965 5817 2316 5888 τρανώσειεν.

758 5903 802 5936 ⁸³
832 5887 1264 5962 ὑπεμφαξνοντα.
1342 5897 1388 5929 ’⁵
1427 5887 1530 5947 ύπδ
1549 5887 1715 5961 φόὸού
1751 5887 2159 5960 ἐξερεύξαίσθαι.

2423 5809 2469 5842 ⁸⁸
2507 5809 2675 5878 δώρα.

2236 5886 2280 5918 ⁸⁸
2308 5879 2639 5952 βιαζόμενοι.

2775 5808 2822 5840 ⁸⁸
2860 5807 3022 5862 Deest
3067 5809 3260 5864 vocula
3296 5811 3376 5865 δέ.
3453 5808 3491 5840 ⁸⁸
3526 5798 3664 5867 αὐτῷ·

2716 5879 2762 5910 ⁹⁶
2793 5877 2917 5941 ἔξω.
2999 5881 3042 5911 ’⁷
3069 5883 3136 5934 oi.
