  <div class='ocr_page' id='page_1' title='image "/cluster/home/n/w/nwhite01/storage/ocr_20150623/131/hvd.32044019208263/369.png"; bbox 0 0 3798 6566; ppageno 0'>
   <div class='ocr_carea' id='block_1_1' title="bbox 525 390 636 456">
    <p class='ocr_par' dir='ltr' id='par_1_1' title="bbox 525 390 636 456">
     <span class='ocr_line' id='line_1_1' title="bbox 525 390 636 456; baseline 0 0"><span class='ocrx_word' id='word_1_1' title='bbox 525 390 636 456; x_wconf 82' lang='grc'><strong>’103</strong></span> 
     </span>
    </p>
   </div>
   <div class='ocr_carea' id='block_1_2' title="bbox 1825 375 2466 440">
    <p class='ocr_par' dir='ltr' id='par_1_2' title="bbox 1825 375 2466 440">
     <span class='ocr_line' id='line_1_2' title="bbox 1825 375 2466 440; baseline -0.002 -2"><span class='ocrx_word' id='word_1_2' title='bbox 1825 379 2050 440; x_wconf 64' lang='lat' dir='ltr'><strong>ANNIE</strong></span> <span class='ocrx_word' id='word_1_3' title='bbox 2080 375 2466 437; x_wconf 69' lang='grc' dir='ltr'><strong>(ΖΟΜΝΕΝᾹΞ</strong></span> 
     </span>
    </p>
   </div>
   <div class='ocr_carea' id='block_1_3' title="bbox 3613 387 3685 447">
    <p class='ocr_par' dir='ltr' id='par_1_3' title="bbox 3613 387 3685 447">
     <span class='ocr_line' id='line_1_3' title="bbox 3613 387 3685 447; baseline 0.028 -2"><span class='ocrx_word' id='word_1_4' title='bbox 3613 387 3685 447; x_wconf 70' lang='lat' dir='ltr'><strong>illi</strong></span> 
     </span>
    </p>
   </div>
   <div class='ocr_carea' id='block_1_4' title="bbox 531 489 2090 572">
    <p class='ocr_par' dir='ltr' id='par_1_4' title="bbox 531 496 2090 572">
     <span class='ocr_line' id='line_1_4' title="bbox 531 496 2090 572; baseline -0.006 -13"><span class='ocrx_word' id='word_1_5' title='bbox 531 504 805 560; x_wconf 85' lang='lat' dir='ltr'><strong>mulanter</strong></span> <span class='ocrx_word' id='word_1_6' title='bbox 832 499 1116 572; x_wconf 81' lang='lat' dir='ltr'><strong>imperium</strong></span> <span class='ocrx_word' id='word_1_7' title='bbox 1157 498 1462 553; x_wconf 66' lang='lat' dir='ltr'><strong>umectabat.</strong></span> <span class='ocrx_word' id='word_1_8' title='bbox 1495 496 1612 550; x_wconf 82' lang='lat' dir='ltr'><strong>Fuit</strong></span> <span class='ocrx_word' id='word_1_9' title='bbox 1668 497 1766 549; x_wconf 84' lang='lat' dir='ltr'><strong>hoc</strong></span> <span class='ocrx_word' id='word_1_10' title='bbox 1819 513 1928 551; x_wconf 88' lang='lat' dir='ltr'><strong>non</strong></span> <span class='ocrx_word' id='word_1_11' title='bbox 1973 497 2090 552; x_wconf 83' lang='lat' dir='ltr'><strong>leve</strong></span> 
     </span>
    </p>
   </div>
   <div class='ocr_carea' id='block_1_5' title="bbox 2196 489 3683 572">
    <p class='ocr_par' dir='ltr' id='par_1_5' title="bbox 2196 489 3683 562">
     <span class='ocr_line' id='line_1_5' title="bbox 2196 489 3683 562; baseline 0.007 -19"><span class='ocrx_word' id='word_1_12' title='bbox 2196 493 2242 544; x_wconf 89' lang='grc' dir='ltr'>οἱ</span> <span class='ocrx_word' id='word_1_13' title='bbox 2274 490 2593 560; x_wconf 74' lang='grc' dir='ltr'>τρυφῶντες</span> <span class='ocrx_word' id='word_1_14' title='bbox 2628 491 2768 562; x_wconf 75' lang='grc' dir='ltr'>μετὰ</span> <span class='ocrx_word' id='word_1_15' title='bbox 2815 491 2905 544; x_wconf 81' lang='grc' dir='ltr'><strong>τὸν</strong></span> <span class='ocrx_word' id='word_1_16' title='bbox 2959 490 3121 560; x_wconf 70' lang='grc' dir='ltr'><strong>⁴κόρον</strong></span> <span class='ocrx_word' id='word_1_17' title='bbox 3177 489 3683 562; x_wconf 72' lang='grc' dir='ltr'>ἐπιτραγηματίζοντιι</span> 
     </span>
    </p>
   </div>
   <div class='ocr_carea' id='block_1_6' title="bbox 529 591 2100 660">
    <p class='ocr_par' dir='ltr' id='par_1_6' title="bbox 529 591 2100 660">
     <span class='ocr_line' id='line_1_6' title="bbox 529 591 2100 660; baseline -0.003 -9"><span class='ocrx_word' id='word_1_18' title='bbox 529 597 835 651; x_wconf 88' lang='lat' dir='ltr'><strong>auctarium</strong></span> <span class='ocrx_word' id='word_1_19' title='bbox 869 604 946 649; x_wconf 91' lang='lat' dir='ltr'><strong>tot</strong></span> <span class='ocrx_word' id='word_1_20' title='bbox 981 594 1192 647; x_wconf 90' lang='lat' dir='ltr'><strong>illarum</strong></span> <span class='ocrx_word' id='word_1_21' title='bbox 1246 591 1691 660; x_wconf 77' lang='lat' dir='ltr'><strong>gravissimarum</strong></span> <span class='ocrx_word' id='word_1_22' title='bbox 1734 607 2100 647; x_wconf 67' lang='lat' dir='ltr'><strong>mrumnarum</strong></span> 
     </span>
    </p>
   </div>
   <div class='ocr_carea' id='block_1_7' title="bbox 531 683 2105 757">
    <p class='ocr_par' dir='ltr' id='par_1_7' title="bbox 531 683 2105 757">
     <span class='ocr_line' id='line_1_7' title="bbox 531 683 2105 757; baseline -0.003 -14"><span class='ocrx_word' id='word_1_23' title='bbox 531 688 725 757; x_wconf 88' lang='lat' dir='ltr'><strong>quibus</strong></span> <span class='ocrx_word' id='word_1_24' title='bbox 758 687 973 740; x_wconf 76' lang='lat' dir='ltr'><strong>fortuna</strong></span> <span class='ocrx_word' id='word_1_25' title='bbox 1002 699 1122 737; x_wconf 83' lang='lat' dir='ltr'><strong>cum</strong></span> <span class='ocrx_word' id='word_1_26' title='bbox 1173 684 1501 753; x_wconf 79' lang='lat' dir='ltr'><strong>imperatore</strong></span> <span class='ocrx_word' id='word_1_27' title='bbox 1532 683 1724 738; x_wconf 81' lang='lat' dir='ltr'><strong>Alexio</strong></span> <span class='ocrx_word' id='word_1_28' title='bbox 1769 686 1924 754; x_wconf 80' lang='lat' dir='ltr'><strong>quasi</strong></span> <span class='ocrx_word' id='word_1_29' title='bbox 1977 699 2105 752; x_wconf 87' lang='lat' dir='ltr'><strong>pro-</strong></span> 
     </span>
    </p>
   </div>
   <div class='ocr_carea' id='block_1_8' title="bbox 532 776 2102 843">
    <p class='ocr_par' dir='ltr' id='par_1_8' title="bbox 532 776 2102 843">
     <span class='ocr_line' id='line_1_8' title="bbox 532 776 2102 843; baseline 0.001 -12"><span class='ocrx_word' id='word_1_30' title='bbox 532 781 701 835; x_wconf 78' lang='lat' dir='ltr'><strong>fessas</strong></span> <span class='ocrx_word' id='word_1_31' title='bbox 733 778 1048 832; x_wconf 72' lang='lat' dir='ltr'><strong>inimicitias</strong></span> <span class='ocrx_word' id='word_1_32' title='bbox 1079 791 1362 839; x_wconf 78' lang='lat' dir='ltr'><strong>exercens,</strong></span> <span class='ocrx_word' id='word_1_33' title='bbox 1392 778 1644 831; x_wconf 80' lang='lat' dir='ltr'><strong>virtutem</strong></span> <span class='ocrx_word' id='word_1_34' title='bbox 1691 776 1808 843; x_wconf 85' lang='lat' dir='ltr'><strong>ejus</strong></span> <span class='ocrx_word' id='word_1_35' title='bbox 1833 787 1910 832; x_wconf 87' lang='lat' dir='ltr'><strong>tot</strong></span> <span class='ocrx_word' id='word_1_36' title='bbox 1942 778 2102 833; x_wconf 87' lang='lat' dir='ltr'><strong>annis</strong></span> 
     </span>
    </p>
   </div>
   <div class='ocr_carea' id='block_1_9' title="bbox 527 869 2102 940">
    <p class='ocr_par' dir='ltr' id='par_1_9' title="bbox 527 869 2102 940">
     <span class='ocr_line' id='line_1_9' title="bbox 527 869 2102 940; baseline -0.001 -14"><span class='ocrx_word' id='word_1_37' title='bbox 527 871 823 927; x_wconf 75' lang='lat' dir='ltr'><strong>exercitam</strong></span> <span class='ocrx_word' id='word_1_38' title='bbox 855 871 1138 924; x_wconf 81' lang='lat' dir='ltr'><strong>habuerat.</strong></span> <span class='ocrx_word' id='word_1_39' title='bbox 1175 869 1498 939; x_wconf 79' lang='lat' dir='ltr'><strong>Quanquam</strong></span> <span class='ocrx_word' id='word_1_40' title='bbox 1536 885 1682 924; x_wconf 89' lang='lat' dir='ltr'><strong>nunc</strong></span> <span class='ocrx_word' id='word_1_41' title='bbox 1725 869 1892 923; x_wconf 80' lang='lat' dir='ltr'><strong>videri</strong></span> <span class='ocrx_word' id='word_1_42' title='bbox 1928 871 2102 940; x_wconf 86' lang='lat' dir='ltr'><strong>possit</strong></span> 
     </span>
    </p>
   </div>
   <div class='ocr_carea' id='block_1_10' title="bbox 515 961 2099 1031">
    <p class='ocr_par' dir='ltr' id='par_1_10' title="bbox 515 961 2099 1031">
     <span class='ocr_line' id='line_1_10' title="bbox 515 961 2099 1031; baseline 0.003 -19"><span class='ocrx_word' id='word_1_43' title='bbox 515 962 779 1029; x_wconf 74' lang='lat' dir='ltr'><strong>iniuriam</strong></span> <span class='ocrx_word' id='word_1_44' title='bbox 834 963 1144 1016; x_wconf 88' lang='lat' dir='ltr'><strong>cumulasse</strong></span> <span class='ocrx_word' id='word_1_45' title='bbox 1184 963 1534 1026; x_wconf 77' lang='lat' dir='ltr'><strong>contumelia,</strong></span> <span class='ocrx_word' id='word_1_46' title='bbox 1587 961 1928 1031; x_wconf 77' lang='lat' dir='ltr'><strong>lulibrioque</strong></span> <span class='ocrx_word' id='word_1_47' title='bbox 1974 979 2099 1018; x_wconf 91' lang='lat' dir='ltr'><strong>cum</strong></span> 
     </span>
    </p>
   </div>
   <div class='ocr_carea' id='block_1_11' title="bbox 419 1053 2099 1126">
    <p class='ocr_par' dir='ltr' id='par_1_11' title="bbox 419 1053 2099 1126">
     <span class='ocr_line' id='line_1_11' title="bbox 419 1053 2099 1126; baseline 0.001 -18"><span class='ocrx_word' id='word_1_48' title='bbox 419 1121 428 1126; x_wconf 88' lang='lat'><em>_</em></span> <span class='ocrx_word' id='word_1_49' title='bbox 526 1053 726 1108; x_wconf 89' lang='lat' dir='ltr'><strong>damno</strong></span> <span class='ocrx_word' id='word_1_50' title='bbox 751 1055 930 1119; x_wconf 66' lang='lat' dir='ltr'><strong>misso,</strong></span> <span class='ocrx_word' id='word_1_51' title='bbox 957 1053 1116 1106; x_wconf 85' lang='lat' dir='ltr'><strong>simul</strong></span> <span class='ocrx_word' id='word_1_52' title='bbox 1147 1069 1363 1118; x_wconf 88' lang='lat' dir='ltr'><strong>nocere,</strong></span> <span class='ocrx_word' id='word_1_53' title='bbox 1383 1054 1543 1107; x_wconf 87' lang='lat' dir='ltr'><strong>simul</strong></span> <span class='ocrx_word' id='word_1_54' title='bbox 1576 1055 1806 1110; x_wconf 85' lang='lat' dir='ltr'><strong>irridere</strong></span> <span class='ocrx_word' id='word_1_55' title='bbox 1837 1055 2099 1120; x_wconf 77' lang='lat' dir='ltr'><strong>voluisse,</strong></span> 
     </span>
    </p>
   </div>
   <div class='ocr_carea' id='block_1_12' title="bbox 529 1143 2102 1214">
    <p class='ocr_par' dir='ltr' id='par_1_12' title="bbox 529 1143 2102 1214">
     <span class='ocr_line' id='line_1_12' title="bbox 529 1143 2102 1214; baseline -0.003 -14"><span class='ocrx_word' id='word_1_56' title='bbox 529 1145 632 1200; x_wconf 84' lang='lat' dir='ltr'><strong>hac</strong></span> <span class='ocrx_word' id='word_1_57' title='bbox 662 1144 828 1202; x_wconf 75' lang='lat' dir='ltr'><strong>veluti</strong></span> <span class='ocrx_word' id='word_1_58' title='bbox 861 1144 1064 1197; x_wconf 77' lang='lat' dir='ltr'><strong>comica</strong></span> <span class='ocrx_word' id='word_1_59' title='bbox 1095 1143 1272 1198; x_wconf 87' lang='lat' dir='ltr'><strong>fabula</strong></span> <span class='ocrx_word' id='word_1_60' title='bbox 1314 1154 1436 1213; x_wconf 91' lang='lat' dir='ltr'><strong>post</strong></span> <span class='ocrx_word' id='word_1_61' title='bbox 1468 1153 1544 1195; x_wconf 88' lang='lat' dir='ltr'><strong>tot</strong></span> <span class='ocrx_word' id='word_1_62' title='bbox 1573 1145 1863 1214; x_wconf 72' lang='lat' dir='ltr'><strong>tragoedias</strong></span> <span class='ocrx_word' id='word_1_63' title='bbox 1894 1146 1947 1198; x_wconf 91' lang='lat' dir='ltr'><strong>in</strong></span> <span class='ocrx_word' id='word_1_64' title='bbox 1983 1161 2102 1201; x_wconf 78' lang='lat' dir='ltr'><strong>sce-</strong></span> 
     </span>
    </p>
   </div>
   <div class='ocr_carea' id='block_1_13' title="bbox 527 1233 2098 1304">
    <p class='ocr_par' dir='ltr' id='par_1_13' title="bbox 527 1233 2098 1304">
     <span class='ocr_line' id='line_1_13' title="bbox 527 1233 2098 1304; baseline 0.002 -16"><span class='ocrx_word' id='word_1_65' title='bbox 527 1251 652 1288; x_wconf 85' lang='lat' dir='ltr'><strong>nam</strong></span> <span class='ocrx_word' id='word_1_66' title='bbox 688 1237 888 1290; x_wconf 83' lang='lat' dir='ltr'><strong>danda.</strong></span> <span class='ocrx_word' id='word_1_67' title='bbox 909 1233 1119 1288; x_wconf 80' lang='lat' dir='ltr'><strong>Etenim</strong></span> <span class='ocrx_word' id='word_1_68' title='bbox 1152 1245 1208 1289; x_wconf 93' lang='lat' dir='ltr'><strong>ut</strong></span> <span class='ocrx_word' id='word_1_69' title='bbox 1239 1237 1290 1288; x_wconf 92' lang='lat' dir='ltr'><strong>in</strong></span> <span class='ocrx_word' id='word_1_70' title='bbox 1320 1236 1493 1304; x_wconf 90' lang='lat' dir='ltr'><strong>epulis</strong></span> <span class='ocrx_word' id='word_1_71' title='bbox 1544 1236 1936 1304; x_wconf 83' lang='lat' dir='ltr'><strong>intempestivis</strong></span> <span class='ocrx_word' id='word_1_72' title='bbox 1963 1239 2098 1294; x_wconf 86' lang='lat' dir='ltr'><strong>asoti</strong></span> 
     </span>
    </p>
   </div>
   <div class='ocr_carea' id='block_1_14' title="bbox 527 1325 2100 1399">
    <p class='ocr_par' dir='ltr' id='par_1_14' title="bbox 527 1325 2100 1399">
     <span class='ocr_line' id='line_1_14' title="bbox 527 1325 2100 1399; baseline 0.002 -17"><span class='ocrx_word' id='word_1_73' title='bbox 527 1325 702 1382; x_wconf 87' lang='lat' dir='ltr'><strong>solent</strong></span> <span class='ocrx_word' id='word_1_74' title='bbox 737 1328 846 1394; x_wconf 77' lang='lat' dir='ltr'><strong>jam</strong></span> <span class='ocrx_word' id='word_1_75' title='bbox 883 1327 1078 1389; x_wconf 86' lang='lat' dir='ltr'><strong>saturi,</strong></span> <span class='ocrx_word' id='word_1_76' title='bbox 1109 1328 1456 1383; x_wconf 88' lang='lat' dir='ltr'><strong>solidioribus</strong></span> <span class='ocrx_word' id='word_1_77' title='bbox 1487 1329 1622 1383; x_wconf 85' lang='lat' dir='ltr'><strong>cibis</strong></span> <span class='ocrx_word' id='word_1_78' title='bbox 1654 1329 1976 1399; x_wconf 81' lang='lat' dir='ltr'><strong>absumptis,</strong></span> <span class='ocrx_word' id='word_1_79' title='bbox 2006 1345 2100 1399; x_wconf 89' lang='lat' dir='ltr'><strong>per</strong></span> 
     </span>
    </p>
   </div>
   <div class='ocr_carea' id='block_1_15' title="bbox 528 1419 2100 1490">
    <p class='ocr_par' dir='ltr' id='par_1_15' title="bbox 528 1419 2100 1490">
     <span class='ocr_line' id='line_1_15' title="bbox 528 1419 2100 1490; baseline 0.004 -18"><span class='ocrx_word' id='word_1_80' title='bbox 528 1420 797 1472; x_wconf 87' lang='lat' dir='ltr'><strong>secundas</strong></span> <span class='ocrx_word' id='word_1_81' title='bbox 828 1433 1043 1473; x_wconf 87' lang='lat' dir='ltr'><strong>mensas</strong></span> <span class='ocrx_word' id='word_1_82' title='bbox 1075 1419 1209 1472; x_wconf 79' lang='lat' dir='ltr'><strong>levia</strong></span> <span class='ocrx_word' id='word_1_83' title='bbox 1244 1430 1562 1490; x_wconf 84' lang='lat' dir='ltr'><strong>tragemata,</strong></span> <span class='ocrx_word' id='word_1_84' title='bbox 1613 1422 1718 1476; x_wconf 89' lang='lat' dir='ltr'><strong>liba</strong></span> <span class='ocrx_word' id='word_1_85' title='bbox 1767 1423 1994 1487; x_wconf 89' lang='lat' dir='ltr'><strong>mellita,</strong></span> <span class='ocrx_word' id='word_1_86' title='bbox 2046 1433 2100 1478; x_wconf 88' lang='lat' dir='ltr'><strong>et</strong></span> 
     </span>
    </p>
   </div>
   <div class='ocr_carea' id='block_1_16' title="bbox 525 1510 2099 1586">
    <p class='ocr_par' dir='ltr' id='par_1_16' title="bbox 525 1510 2099 1586">
     <span class='ocr_line' id='line_1_16' title="bbox 525 1510 2099 1586; baseline 0.005 -22"><span class='ocrx_word' id='word_1_87' title='bbox 525 1510 580 1564; x_wconf 94' lang='lat' dir='ltr'><strong>id</strong></span> <span class='ocrx_word' id='word_1_88' title='bbox 617 1525 788 1580; x_wconf 87' lang='lat' dir='ltr'><strong>genus</strong></span> <span class='ocrx_word' id='word_1_89' title='bbox 828 1514 1082 1582; x_wconf 85' lang='lat' dir='ltr'><strong>cupedias</strong></span> <span class='ocrx_word' id='word_1_90' title='bbox 1113 1528 1176 1566; x_wconf 91' lang='lat' dir='ltr'><strong>ac</strong></span> <span class='ocrx_word' id='word_1_91' title='bbox 1206 1513 1526 1568; x_wconf 80' lang='lat' dir='ltr'><strong>scitamenta</strong></span> <span class='ocrx_word' id='word_1_92' title='bbox 1559 1513 1885 1570; x_wconf 66' lang='lat' dir='ltr'><strong>deliniendze</strong></span> <span class='ocrx_word' id='word_1_93' title='bbox 1927 1532 2099 1586; x_wconf 88' lang='lat' dir='ltr'><strong>appo-</strong></span> 
     </span>
    </p>
   </div>
   <div class='ocr_carea' id='block_1_17' title="bbox 525 1605 2099 1664">
    <p class='ocr_par' dir='ltr' id='par_1_17' title="bbox 525 1605 2099 1664">
     <span class='ocr_line' id='line_1_17' title="bbox 525 1605 2099 1664; baseline 0.003 -7"><span class='ocrx_word' id='word_1_94' title='bbox 525 1618 658 1657; x_wconf 77' lang='lat' dir='ltr'><strong>nere</strong></span> <span class='ocrx_word' id='word_1_95' title='bbox 693 1621 905 1660; x_wconf 72' lang='lat' dir='ltr'><strong>nausea!</strong></span> <span class='ocrx_word' id='word_1_96' title='bbox 939 1624 952 1659; x_wconf 85' lang='lat'><strong>:</strong></span> <span class='ocrx_word' id='word_1_97' title='bbox 985 1606 1062 1660; x_wconf 88' lang='lat' dir='ltr'><strong>sic</strong></span> <span class='ocrx_word' id='word_1_98' title='bbox 1104 1605 1190 1659; x_wconf 90' lang='lat' dir='ltr'><strong>ubi</strong></span> <span class='ocrx_word' id='word_1_99' title='bbox 1221 1605 1288 1658; x_wconf 83' lang='lat' dir='ltr'><strong>ad</strong></span> <span class='ocrx_word' id='word_1_100' title='bbox 1321 1606 1630 1661; x_wconf 87' lang='lat' dir='ltr'><strong>satietatem</strong></span> <span class='ocrx_word' id='word_1_101' title='bbox 1669 1608 1952 1664; x_wconf 75' lang='lat' dir='ltr'><strong>inanltavit</strong></span> <span class='ocrx_word' id='word_1_102' title='bbox 1994 1609 2099 1662; x_wconf 89' lang='lat' dir='ltr'><strong>im-</strong></span> 
     </span>
    </p>
   </div>
   <div class='ocr_carea' id='block_1_18' title="bbox 527 1695 2095 1774">
    <p class='ocr_par' dir='ltr' id='par_1_18' title="bbox 527 1695 2095 1774">
     <span class='ocr_line' id='line_1_18' title="bbox 527 1695 2095 1774; baseline 0.006 -26"><span class='ocrx_word' id='word_1_103' title='bbox 527 1695 680 1763; x_wconf 88' lang='lat' dir='ltr'><strong>perio</strong></span> <span class='ocrx_word' id='word_1_104' title='bbox 716 1695 953 1760; x_wconf 82' lang='lat' dir='ltr'><strong>fortuna,</strong></span> <span class='ocrx_word' id='word_1_105' title='bbox 987 1705 1061 1752; x_wconf 88' lang='lat' dir='ltr'><strong>tot</strong></span> <span class='ocrx_word' id='word_1_106' title='bbox 1092 1699 1479 1753; x_wconf 89' lang='lat' dir='ltr'><strong>rebelliouibus</strong></span> <span class='ocrx_word' id='word_1_107' title='bbox 1503 1701 1744 1756; x_wconf 83' lang='lat' dir='ltr'><strong>virorum</strong></span> <span class='ocrx_word' id='word_1_108' title='bbox 1773 1702 2095 1774; x_wconf 85' lang='lat' dir='ltr'><strong>inclytorum</strong></span> 
     </span>
    </p>
   </div>
   <div class='ocr_carea' id='block_1_19' title="bbox 525 1782 2093 1858">
    <p class='ocr_par' dir='ltr' id='par_1_19' title="bbox 525 1782 2093 1858">
     <span class='ocr_line' id='line_1_19' title="bbox 525 1782 2093 1858; baseline 0.008 -23"><span class='ocrx_word' id='word_1_109' title='bbox 525 1797 587 1836; x_wconf 87' lang='lat' dir='ltr'><strong>ac</strong></span> <span class='ocrx_word' id='word_1_110' title='bbox 623 1782 842 1839; x_wconf 80' lang='lat' dir='ltr'><strong>fortium</strong></span> <span class='ocrx_word' id='word_1_111' title='bbox 884 1789 1145 1843; x_wconf 84' lang='lat' dir='ltr'><strong>adversus</strong></span> <span class='ocrx_word' id='word_1_112' title='bbox 1190 1789 1570 1858; x_wconf 85' lang='lat' dir='ltr'><strong>imperatorem</strong></span> <span class='ocrx_word' id='word_1_113' title='bbox 1616 1792 1864 1847; x_wconf 73' lang='lat' dir='ltr'><strong>Alexium</strong></span> <span class='ocrx_word' id='word_1_114' title='bbox 1910 1795 2093 1850; x_wconf 89' lang='lat' dir='ltr'><strong>conci-</strong></span> 
     </span>
    </p>
   </div>
   <div class='ocr_carea' id='block_1_20' title="bbox 528 1872 2096 1950">
    <p class='ocr_par' dir='ltr' id='par_1_20' title="bbox 528 1872 2096 1950">
     <span class='ocr_line' id='line_1_20' title="bbox 528 1872 2096 1950; baseline 0.008 -24"><span class='ocrx_word' id='word_1_115' title='bbox 528 1872 728 1935; x_wconf 85' lang='lat' dir='ltr'><strong>tandis,</strong></span> <span class='ocrx_word' id='word_1_116' title='bbox 763 1875 924 1929; x_wconf 85' lang='lat' dir='ltr'><strong>etiam</strong></span> <span class='ocrx_word' id='word_1_117' title='bbox 960 1879 1104 1931; x_wconf 91' lang='lat' dir='ltr'><strong>hunc</strong></span> <span class='ocrx_word' id='word_1_118' title='bbox 1156 1882 1310 1948; x_wconf 90' lang='lat' dir='ltr'><strong>quasi</strong></span> <span class='ocrx_word' id='word_1_119' title='bbox 1360 1882 1734 1950; x_wconf 86' lang='lat' dir='ltr'><strong>artolaganum</strong></span> <span class='ocrx_word' id='word_1_120' title='bbox 1789 1885 2096 1939; x_wconf 86' lang='lat' dir='ltr'><strong>ambustum</strong></span> 
     </span>
    </p>
   </div>
   <div class='ocr_carea' id='block_1_21' title="bbox 524 1963 2101 2044">
    <p class='ocr_par' dir='ltr' id='par_1_21' title="bbox 524 1963 2101 2044">
     <span class='ocr_line' id='line_1_21' title="bbox 524 1963 2101 2044; baseline 0.011 -27"><span class='ocrx_word' id='word_1_121' title='bbox 524 1963 730 2034; x_wconf 86' lang='lat' dir='ltr'><strong>inopia,</strong></span> <span class='ocrx_word' id='word_1_122' title='bbox 781 1977 833 2019; x_wconf 87' lang='lat' dir='ltr'><strong>et</strong></span> <span class='ocrx_word' id='word_1_123' title='bbox 883 1970 1178 2025; x_wconf 89' lang='lat' dir='ltr'><strong>ambitione</strong></span> <span class='ocrx_word' id='word_1_124' title='bbox 1221 1973 1367 2040; x_wconf 84' lang='lat' dir='ltr'><strong>regni</strong></span> <span class='ocrx_word' id='word_1_125' title='bbox 1433 1974 1658 2028; x_wconf 85' lang='lat' dir='ltr'><strong>ridicula</strong></span> <span class='ocrx_word' id='word_1_126' title='bbox 1705 1974 2029 2044; x_wconf 86' lang='lat' dir='ltr'><strong>fumantem,</strong></span> <span class='ocrx_word' id='word_1_127' title='bbox 2071 1993 2101 2034; x_wconf 87' lang='lat' dir='ltr'><strong>e</strong></span> 
     </span>
    </p>
   </div>
   <div class='ocr_carea' id='block_1_22' title="bbox 519 2054 2098 2128">
    <p class='ocr_par' dir='ltr' id='par_1_22' title="bbox 519 2054 2098 2128">
     <span class='ocr_line' id='line_1_22' title="bbox 519 2054 2098 2128; baseline 0.009 -23"><span class='ocrx_word' id='word_1_128' title='bbox 519 2054 706 2118; x_wconf 77' lang='lat' dir='ltr'><strong>cinere</strong></span> <span class='ocrx_word' id='word_1_129' title='bbox 735 2057 1010 2112; x_wconf 88' lang='lat' dir='ltr'><strong>sublatum</strong></span> <span class='ocrx_word' id='word_1_130' title='bbox 1043 2059 1167 2113; x_wconf 93' lang='lat' dir='ltr'><strong>ludo</strong></span> <span class='ocrx_word' id='word_1_131' title='bbox 1187 2063 1419 2128; x_wconf 88' lang='lat' dir='ltr'><strong>quodam</strong></span> <span class='ocrx_word' id='word_1_132' title='bbox 1456 2063 1709 2118; x_wconf 89' lang='lat' dir='ltr'><strong>insolenti</strong></span> <span class='ocrx_word' id='word_1_133' title='bbox 1747 2067 1797 2119; x_wconf 89' lang='lat' dir='ltr'><strong>in</strong></span> <span class='ocrx_word' id='word_1_134' title='bbox 1832 2065 2098 2122; x_wconf 82' lang='lat' dir='ltr'><strong>ferculum</strong></span> 
     </span>
    </p>
   </div>
   <div class='ocr_carea' id='block_1_23' title="bbox 522 2149 2091 2236">
    <p class='ocr_par' dir='ltr' id='par_1_23' title="bbox 522 2149 2091 2236">
     <span class='ocr_line' id='line_1_23' title="bbox 522 2149 2091 2236; baseline 0.01 -35"><span class='ocrx_word' id='word_1_135' title='bbox 522 2149 740 2203; x_wconf 80' lang='lat' dir='ltr'><strong>extulit.</strong></span> <span class='ocrx_word' id='word_1_136' title='bbox 783 2150 1113 2206; x_wconf 88' lang='lat' dir='ltr'><strong>Dementiam</strong></span> <span class='ocrx_word' id='word_1_137' title='bbox 1141 2170 1301 2222; x_wconf 88' lang='lat' dir='ltr'><strong>porro</strong></span> <span class='ocrx_word' id='word_1_138' title='bbox 1332 2158 1659 2220; x_wconf 80' lang='lat' dir='ltr'><strong>impudentis</strong></span> <span class='ocrx_word' id='word_1_139' title='bbox 1693 2171 1897 2232; x_wconf 66' lang='lat' dir='ltr'><strong>agyrtaa</strong></span> <span class='ocrx_word' id='word_1_140' title='bbox 1930 2161 2091 2236; x_wconf 84' lang='lat' dir='ltr'><strong>plane</strong></span> 
     </span>
    </p>
   </div>
   <div class='ocr_carea' id='block_1_24' title="bbox 519 2243 2103 2322">
    <p class='ocr_par' dir='ltr' id='par_1_24' title="bbox 519 2243 2103 2322">
     <span class='ocr_line' id='line_1_24' title="bbox 519 2243 2103 2322; baseline 0.012 -31"><span class='ocrx_word' id='word_1_141' title='bbox 519 2247 897 2296; x_wconf 87' lang='lat' dir='ltr'><strong>contemneute</strong></span> <span class='ocrx_word' id='word_1_142' title='bbox 927 2243 1142 2309; x_wconf 79' lang='lat' dir='ltr'><strong>Alexio,</strong></span> <span class='ocrx_word' id='word_1_143' title='bbox 1203 2263 1303 2301; x_wconf 88' lang='lat' dir='ltr'><strong>nec</strong></span> <span class='ocrx_word' id='word_1_144' title='bbox 1353 2250 1643 2316; x_wconf 85' lang='lat' dir='ltr'><strong>quidquam</strong></span> <span class='ocrx_word' id='word_1_145' title='bbox 1693 2263 1882 2306; x_wconf 86' lang='lat' dir='ltr'><strong>contra</strong></span> <span class='ocrx_word' id='word_1_146' title='bbox 1938 2271 2103 2322; x_wconf 91' lang='lat' dir='ltr'><strong>oppo-</strong></span> 
     </span>
    </p>
   </div>
   <div class='ocr_carea' id='block_1_25' title="bbox 526 2335 2100 2416">
    <p class='ocr_par' dir='ltr' id='par_1_25' title="bbox 526 2335 2100 2416">
     <span class='ocr_line' id='line_1_25' title="bbox 526 2335 2100 2416; baseline 0.011 -31"><span class='ocrx_word' id='word_1_147' title='bbox 526 2346 661 2386; x_wconf 83' lang='lat' dir='ltr'><strong>nere</strong></span> <span class='ocrx_word' id='word_1_148' title='bbox 697 2335 828 2386; x_wconf 89' lang='lat' dir='ltr'><strong>tanti</strong></span> <span class='ocrx_word' id='word_1_149' title='bbox 861 2335 1117 2404; x_wconf 79' lang='lat' dir='ltr'><strong>ducente,</strong></span> <span class='ocrx_word' id='word_1_150' title='bbox 1150 2338 1289 2393; x_wconf 88' lang='lat' dir='ltr'><strong>haud</strong></span> <span class='ocrx_word' id='word_1_151' title='bbox 1342 2343 1591 2395; x_wconf 88' lang='lat' dir='ltr'><strong>cessabat</strong></span> <span class='ocrx_word' id='word_1_152' title='bbox 1630 2353 1808 2398; x_wconf 88' lang='lat' dir='ltr'><strong>tamen</strong></span> <span class='ocrx_word' id='word_1_153' title='bbox 1843 2345 2036 2416; x_wconf 78' lang='lat' dir='ltr'><strong>fungus</strong></span> <span class='ocrx_word' id='word_1_154' title='bbox 2069 2365 2100 2403; x_wconf 87' lang='lat' dir='ltr'><strong>e</strong></span> 
     </span>
    </p>
   </div>
   <div class='ocr_carea' id='block_1_26' title="bbox 525 2422 2098 2506">
    <p class='ocr_par' dir='ltr' id='par_1_26' title="bbox 525 2422 2098 2506">
     <span class='ocr_line' id='line_1_26' title="bbox 525 2422 2098 2506; baseline 0.013 -34"><span class='ocrx_word' id='word_1_155' title='bbox 525 2422 668 2474; x_wconf 80' lang='lat' dir='ltr'><strong>vallo</strong></span> <span class='ocrx_word' id='word_1_156' title='bbox 699 2438 795 2492; x_wconf 88' lang='lat' dir='ltr'><strong>per</strong></span> <span class='ocrx_word' id='word_1_157' title='bbox 822 2425 976 2480; x_wconf 77' lang='lat' dir='ltr'><strong>trivia</strong></span> <span class='ocrx_word' id='word_1_158' title='bbox 1007 2438 1062 2481; x_wconf 88' lang='lat' dir='ltr'><strong>ct</strong></span> <span class='ocrx_word' id='word_1_159' title='bbox 1094 2431 1412 2499; x_wconf 79' lang='lat' dir='ltr'><strong>angiportus</strong></span> <span class='ocrx_word' id='word_1_160' title='bbox 1445 2448 1502 2484; x_wconf 88' lang='lat' dir='ltr'><strong>se</strong></span> <span class='ocrx_word' id='word_1_161' title='bbox 1536 2434 1812 2487; x_wconf 80' lang='lat' dir='ltr'><strong>venditare</strong></span> <span class='ocrx_word' id='word_1_162' title='bbox 1840 2453 1938 2506; x_wconf 89' lang='lat' dir='ltr'><strong>pro</strong></span> <span class='ocrx_word' id='word_1_163' title='bbox 1971 2454 2098 2494; x_wconf 78' lang='lat' dir='ltr'><strong>vero</strong></span> 
     </span>
    </p>
   </div>
   <div class='ocr_carea' id='block_1_27' title="bbox 528 2514 2101 2595">
    <p class='ocr_par' dir='ltr' id='par_1_27' title="bbox 528 2514 2101 2595">
     <span class='ocr_line' id='line_1_27' title="bbox 528 2514 2101 2595; baseline 0.012 -29"><span class='ocrx_word' id='word_1_164' title='bbox 528 2514 762 2584; x_wconf 77' lang='lat' dir='ltr'><strong>Diogene</strong></span> <span class='ocrx_word' id='word_1_165' title='bbox 795 2536 808 2571; x_wconf 88' lang='lat'><strong>:</strong></span> <span class='ocrx_word' id='word_1_166' title='bbox 852 2518 1263 2588; x_wconf 87' lang='lat' dir='ltr'><strong>indignantibus</strong></span> <span class='ocrx_word' id='word_1_167' title='bbox 1301 2535 1410 2576; x_wconf 91' lang='lat' dir='ltr'><strong>tum</strong></span> <span class='ocrx_word' id='word_1_168' title='bbox 1442 2525 1564 2577; x_wconf 83' lang='lat' dir='ltr'><strong>aliis</strong></span> <span class='ocrx_word' id='word_1_169' title='bbox 1596 2526 1686 2595; x_wconf 87' lang='lat' dir='ltr'><strong>qui</strong></span> <span class='ocrx_word' id='word_1_170' title='bbox 1727 2528 1967 2582; x_wconf 79' lang='lat' dir='ltr'><strong>fraudem</strong></span> <span class='ocrx_word' id='word_1_171' title='bbox 2001 2545 2101 2584; x_wconf 84' lang='lat' dir='ltr'><strong>no-</strong></span> 
     </span>
    </p>
   </div>
   <div class='ocr_carea' id='block_1_28' title="bbox 521 2614 2098 2690">
    <p class='ocr_par' dir='ltr' id='par_1_28' title="bbox 521 2614 2098 2690">
     <span class='ocr_line' id='line_1_28' title="bbox 521 2614 2098 2690; baseline 0.011 -30"><span class='ocrx_word' id='word_1_172' title='bbox 521 2618 663 2672; x_wconf 83' lang='lat' dir='ltr'><strong>rant,</strong></span> <span class='ocrx_word' id='word_1_173' title='bbox 703 2619 815 2664; x_wconf 93' lang='lat' dir='ltr'><strong>tum</strong></span> <span class='ocrx_word' id='word_1_174' title='bbox 857 2614 1089 2666; x_wconf 79' lang='lat' dir='ltr'><strong>maxime</strong></span> <span class='ocrx_word' id='word_1_175' title='bbox 1118 2617 1358 2670; x_wconf 89' lang='lat' dir='ltr'><strong>omnium</strong></span> <span class='ocrx_word' id='word_1_176' title='bbox 1411 2617 1694 2672; x_wconf 73' lang='lat' dir='ltr'><strong>Theoilora</strong></span> <span class='ocrx_word' id='word_1_177' title='bbox 1752 2620 2098 2690; x_wconf 86' lang='lat' dir='ltr'><strong>imperatoris</strong></span> 
     </span>
    </p>
   </div>
   <div class='ocr_carea' id='block_1_29' title="bbox 520 2703 2099 2784">
    <p class='ocr_par' dir='ltr' id='par_1_29' title="bbox 520 2703 2099 2784">
     <span class='ocr_line' id='line_1_29' title="bbox 520 2703 2099 2784; baseline 0.009 -29"><span class='ocrx_word' id='word_1_178' title='bbox 520 2716 728 2768; x_wconf 81' lang='lat' dir='ltr'><strong>sorore,</strong></span> <span class='ocrx_word' id='word_1_179' title='bbox 769 2703 1023 2774; x_wconf 84' lang='lat' dir='ltr'><strong>Diogenis</strong></span> <span class='ocrx_word' id='word_1_180' title='bbox 1058 2709 1298 2773; x_wconf 84' lang='lat' dir='ltr'><strong>ejusdem</strong></span> <span class='ocrx_word' id='word_1_181' title='bbox 1336 2710 1492 2762; x_wconf 83' lang='lat' dir='ltr'><strong>vidua</strong></span> <span class='ocrx_word' id='word_1_182' title='bbox 1535 2711 1722 2765; x_wconf 88' lang='lat' dir='ltr'><strong>relicta</strong></span> <span class='ocrx_word' id='word_1_183' title='bbox 1758 2731 1773 2766; x_wconf 90' lang='lat'><strong>:</strong></span> <span class='ocrx_word' id='word_1_184' title='bbox 1805 2730 1926 2782; x_wconf 66' lang='lat' dir='ltr'><strong>qum</strong></span> <span class='ocrx_word' id='word_1_185' title='bbox 1978 2727 2099 2784; x_wconf 89' lang='lat' dir='ltr'><strong>post</strong></span> 
     </span>
    </p>
   </div>
   <div class='ocr_carea' id='block_1_30' title="bbox 522 2794 2098 2872">
    <p class='ocr_par' dir='ltr' id='par_1_30' title="bbox 522 2794 2098 2872">
     <span class='ocr_line' id='line_1_30' title="bbox 522 2794 2098 2872; baseline 0.011 -28"><span class='ocrx_word' id='word_1_186' title='bbox 522 2794 1014 2860; x_wconf 88' lang='lat' dir='ltr'><strong>compertissimam</strong></span> <span class='ocrx_word' id='word_1_187' title='bbox 1049 2799 1150 2852; x_wconf 84' lang='lat' dir='ltr'><strong>viri</strong></span> <span class='ocrx_word' id='word_1_188' title='bbox 1181 2802 1380 2854; x_wconf 66' lang='lat' dir='ltr'><strong>caedem</strong></span> <span class='ocrx_word' id='word_1_189' title='bbox 1424 2804 1723 2856; x_wconf 86' lang='lat' dir='ltr'><strong>monastica</strong></span> <span class='ocrx_word' id='word_1_190' title='bbox 1754 2805 2098 2872; x_wconf 82' lang='lat' dir='ltr'><strong>professione</strong></span> 
     </span>
    </p>
   </div>
   <div class='ocr_carea' id='block_1_31' title="bbox 517 2888 2093 2960">
    <p class='ocr_par' dir='ltr' id='par_1_31' title="bbox 517 2888 2093 2960">
     <span class='ocr_line' id='line_1_31' title="bbox 517 2888 2093 2960; baseline 0.011 -22"><span class='ocrx_word' id='word_1_191' title='bbox 517 2895 794 2952; x_wconf 86' lang='lat' dir='ltr'><strong>suscepta,</strong></span> <span class='ocrx_word' id='word_1_192' title='bbox 859 2888 1166 2958; x_wconf 76' lang='lat' dir='ltr'><strong>religiosam</strong></span> <span class='ocrx_word' id='word_1_193' title='bbox 1222 2893 1386 2946; x_wconf 84' lang='lat' dir='ltr'><strong>vitam</strong></span> <span class='ocrx_word' id='word_1_194' title='bbox 1435 2893 1848 2960; x_wconf 79' lang='lat' dir='ltr'><strong>diligentissime</strong></span> <span class='ocrx_word' id='word_1_195' title='bbox 1910 2900 2093 2954; x_wconf 89' lang='lat' dir='ltr'><strong>colere</strong></span> 
     </span>
    </p>
   </div>
   <div class='ocr_carea' id='block_1_32' title="bbox 519 2977 2097 3050">
    <p class='ocr_par' dir='ltr' id='par_1_32' title="bbox 519 2977 2097 3050">
     <span class='ocr_line' id='line_1_32' title="bbox 519 2977 2097 3050; baseline 0.013 -22"><span class='ocrx_word' id='word_1_196' title='bbox 519 2986 780 3044; x_wconf 71' lang='lat' dir='ltr'><strong>cmperat,</strong></span> <span class='ocrx_word' id='word_1_197' title='bbox 812 2977 914 3031; x_wconf 89' lang='lat' dir='ltr'><strong>sibi</strong></span> <span class='ocrx_word' id='word_1_198' title='bbox 941 2979 1275 3050; x_wconf 63' lang='lat' dir='ltr'><strong>uniﬁDeoque</strong></span> <span class='ocrx_word' id='word_1_199' title='bbox 1303 2984 1793 3042; x_wconf 77' lang='lat' dir='ltr'><strong>vacans.‘Tandem</strong></span> <span class='ocrx_word' id='word_1_200' title='bbox 1829 2992 2097 3048; x_wconf 77' lang='lat' dir='ltr'><strong>excitatus</strong></span> 
     </span>
    </p>
   </div>
   <div class='ocr_carea' id='block_1_33' title="bbox 520 3068 2094 3149">
    <p class='ocr_par' dir='ltr' id='par_1_33' title="bbox 520 3068 2094 3149">
     <span class='ocr_line' id='line_1_33' title="bbox 520 3068 2094 3149; baseline 0.013 -30"><span class='ocrx_word' id='word_1_201' title='bbox 520 3068 822 3136; x_wconf 87' lang='lat' dir='ltr'><strong>imperator</strong></span> <span class='ocrx_word' id='word_1_202' title='bbox 846 3071 1267 3128; x_wconf 79' lang='lat' dir='ltr'><strong>circumforanej</strong></span> <span class='ocrx_word' id='word_1_203' title='bbox 1317 3077 1648 3144; x_wconf 80' lang='lat' dir='ltr'><strong>pervicacia,</strong></span> <span class='ocrx_word' id='word_1_204' title='bbox 1684 3094 1842 3149; x_wconf 85' lang='lat' dir='ltr'><strong>quem</strong></span> <span class='ocrx_word' id='word_1_205' title='bbox 1894 3081 2094 3140; x_wconf 88' lang='lat' dir='ltr'><strong>frustra</strong></span> 
     </span>
    </p>
   </div>
   <div class='ocr_carea' id='block_1_34' title="bbox 2204 582 3684 664">
    <p class='ocr_par' dir='ltr' id='par_1_34' title="bbox 2204 582 3684 664">
     <span class='ocr_line' id='line_1_34' title="bbox 2204 582 3684 664; baseline 0.004 -30"><span class='ocrx_word' id='word_1_206' title='bbox 2204 583 2314 635; x_wconf 83' lang='grc' dir='ltr'>τῶν</span> <span class='ocrx_word' id='word_1_207' title='bbox 2348 583 2702 654; x_wconf 80' lang='grc' dir='ltr'><strong>μελιπήκτων</strong></span> <span class='ocrx_word' id='word_1_208' title='bbox 2756 584 2878 637; x_wconf 69' lang='grc' dir='ltr'>τινὰ</span> <span class='ocrx_word' id='word_1_209' title='bbox 2925 582 3372 654; x_wconf 86' lang='grc' dir='ltr'>προσφερόμενοι,</span> <span class='ocrx_word' id='word_1_210' title='bbox 3425 585 3546 640; x_wconf 75' lang='grc' dir='ltr'>οὕτω</span> <span class='ocrx_word' id='word_1_211' title='bbox 3589 593 3684 664; x_wconf 73' lang='grc' dir='ltr'>δῆτα</span> 
     </span>
    </p>
   </div>
   <div class='ocr_carea' id='block_1_35' title="bbox 2206 671 3684 756">
    <p class='ocr_par' dir='ltr' id='par_1_35' title="bbox 2206 671 3684 756">
     <span class='ocr_line' id='line_1_35' title="bbox 2206 671 3684 756; baseline 0.006 -31"><span class='ocrx_word' id='word_1_212' title='bbox 2206 675 2299 726; x_wconf 73' lang='grc' dir='ltr'><strong>καὶ</strong></span> <span class='ocrx_word' id='word_1_213' title='bbox 2333 677 2367 744; x_wconf 82' lang='grc' dir='ltr'><strong>ἡ</strong></span> <span class='ocrx_word' id='word_1_214' title='bbox 2398 674 2505 727; x_wconf 86' lang='grc' dir='ltr'><strong>τῶν</strong></span> <span class='ocrx_word' id='word_1_215' title='bbox 2543 671 2832 744; x_wconf 85' lang='grc' dir='ltr'>Ῥωμαίων</span> <span class='ocrx_word' id='word_1_216' title='bbox 2893 675 3030 746; x_wconf 84' lang='grc' dir='ltr'><strong>τύχη</strong></span> <span class='ocrx_word' id='word_1_217' title='bbox 3078 674 3291 738; x_wconf 79' lang='grc' dir='ltr'><strong>πολλοῖς</strong></span> <span class='ocrx_word' id='word_1_218' title='bbox 3343 677 3684 756; x_wconf 79' lang='grc' dir='ltr'>ἐπορχησαμένη</span> 
     </span>
    </p>
   </div>
   <div class='ocr_carea' id='block_1_36' title="bbox 2206 765 3686 843">
    <p class='ocr_par' dir='ltr' id='par_1_36' title="bbox 2206 765 3686 843">
     <span class='ocr_line' id='line_1_36' title="bbox 2206 765 3686 843; baseline 0.003 -26"><span class='ocrx_word' id='word_1_219' title='bbox 2206 767 2398 827; x_wconf 84' lang='grc' dir='ltr'>κακοῖς</span> <span class='ocrx_word' id='word_1_220' title='bbox 2435 766 2530 818; x_wconf 71' lang='grc' dir='ltr'><strong>καὶ</strong></span> <span class='ocrx_word' id='word_1_221' title='bbox 2567 765 2830 837; x_wconf 77' lang='grc' dir='ltr'><strong>διακορὴς</strong></span> <span class='ocrx_word' id='word_1_222' title='bbox 2860 769 3118 836; x_wconf 79' lang='grc' dir='ltr'>γεγονυῖα</span> <span class='ocrx_word' id='word_1_223' title='bbox 3149 768 3262 830; x_wconf 84' lang='grc' dir='ltr'>τοῖς</span> <span class='ocrx_word' id='word_1_224' title='bbox 3291 769 3528 834; x_wconf 80' lang='grc' dir='ltr'><strong>τοιούτοις</strong></span> <span class='ocrx_word' id='word_1_225' title='bbox 3551 774 3686 843; x_wconf 72' lang='grc' dir='ltr'>ψευδν.</span> 
     </span>
    </p>
   </div>
   <div class='ocr_carea' id='block_1_37' title="bbox 2205 856 3688 930">
    <p class='ocr_par' dir='ltr' id='par_1_37' title="bbox 2205 856 3688 930">
     <span class='ocr_line' id='line_1_37' title="bbox 2205 856 3688 930; baseline 0.006 -21"><span class='ocrx_word' id='word_1_226' title='bbox 2205 856 2487 910; x_wconf 89' lang='grc' dir='ltr'>ϐασιλεῦσι</span> <span class='ocrx_word' id='word_1_227' title='bbox 2511 857 2605 910; x_wconf 75' lang='grc' dir='ltr'><strong>τὸν</strong></span> <span class='ocrx_word' id='word_1_228' title='bbox 2641 857 2866 928; x_wconf 81' lang='grc' dir='ltr'><strong>βασιλέα</strong></span> <span class='ocrx_word' id='word_1_229' title='bbox 2920 857 3304 927; x_wconf 75' lang='grc' dir='ltr'><strong>προσέπαιζεν.</strong></span> <span class='ocrx_word' id='word_1_230' title='bbox 3342 858 3397 912; x_wconf 89' lang='lat'><strong>&#39;0</strong></span> <span class='ocrx_word' id='word_1_231' title='bbox 3441 863 3592 930; x_wconf 85' lang='grc' dir='ltr'>μέντοι</span> <span class='ocrx_word' id='word_1_232' title='bbox 3622 871 3688 921; x_wconf 70' lang='grc' dir='ltr'><strong>αὖ-</strong></span> 
     </span>
    </p>
   </div>
   <div class='ocr_carea' id='block_1_38' title="bbox 2203 948 3683 1020">
    <p class='ocr_par' dir='ltr' id='par_1_38' title="bbox 2203 948 3683 1020">
     <span class='ocr_line' id='line_1_38' title="bbox 2203 948 3683 1020; baseline 0.009 -20"><span class='ocrx_word' id='word_1_233' title='bbox 2203 948 2497 1019; x_wconf 85' lang='grc' dir='ltr'>τοκράτωρ</span> <span class='ocrx_word' id='word_1_234' title='bbox 2524 950 2849 1020; x_wconf 82' lang='grc' dir='ltr'>κατεφρόνει</span> <span class='ocrx_word' id='word_1_235' title='bbox 2883 950 2994 1002; x_wconf 86' lang='grc' dir='ltr'><strong>τῶν</strong></span> <span class='ocrx_word' id='word_1_236' title='bbox 3036 949 3347 1020; x_wconf 78' lang='grc' dir='ltr'>λεγομένων</span> <span class='ocrx_word' id='word_1_237' title='bbox 3387 955 3683 1014; x_wconf 72' lang='grc' dir='ltr'>παντάπασιν.</span> 
     </span>
    </p>
   </div>
   <div class='ocr_carea' id='block_1_39' title="bbox 2216 1039 3688 1114">
    <p class='ocr_par' dir='ltr' id='par_1_39' title="bbox 2216 1039 3688 1114">
     <span class='ocr_line' id='line_1_39' title="bbox 2216 1039 3688 1114; baseline 0.036 -52"><span class='ocrx_word' id='word_1_238' title='bbox 2216 1040 2372 1092; x_wconf 54' lang='grc' dir='ltr'>,Επεὶ</span> <span class='ocrx_word' id='word_1_239' title='bbox 2399 1039 2490 1094; x_wconf 68' lang='grc' dir='ltr'><strong>δνδ</strong></span> <span class='ocrx_word' id='word_1_240' title='bbox 2519 1041 2831 1112; x_wconf 70' lang='grc' dir='ltr'>χαρακηνδς</span> <span class='ocrx_word' id='word_1_241' title='bbox 2845 1040 2956 1111; x_wconf 88' lang='grc'><strong>(88)</strong></span> <span class='ocrx_word' id='word_1_242' title='bbox 2990 1043 3090 1095; x_wconf 85' lang='grc' dir='ltr'><strong>κάν</strong></span> <span class='ocrx_word' id='word_1_243' title='bbox 3117 1044 3235 1096; x_wconf 75' lang='grc' dir='ltr'>ταῖς</span> <span class='ocrx_word' id='word_1_244' title='bbox 3257 1042 3478 1110; x_wconf 78' lang='grc' dir='ltr'>ἀγυιαῖς,</span> <span class='ocrx_word' id='word_1_245' title='bbox 3502 1047 3586 1100; x_wconf 81' lang='grc' dir='ltr'>κάν</span> <span class='ocrx_word' id='word_1_246' title='bbox 3607 1053 3688 1114; x_wconf 69' lang='grc' dir='ltr'>ταῖς</span> 
     </span>
    </p>
   </div>
   <div class='ocr_carea' id='block_1_40' title="bbox 2203 1131 3688 1205">
    <p class='ocr_par' dir='ltr' id='par_1_40' title="bbox 2203 1131 3688 1205">
     <span class='ocr_line' id='line_1_40' title="bbox 2203 1131 3688 1205; baseline 0 -19"><span class='ocrx_word' id='word_1_247' title='bbox 2203 1131 2462 1200; x_wconf 68' lang='grc' dir='ltr'>ἀμφόδοις</span> <span class='ocrx_word' id='word_1_248' title='bbox 2497 1135 2553 1186; x_wconf 86' lang='grc' dir='ltr'><strong>ἐν</strong></span> <span class='ocrx_word' id='word_1_249' title='bbox 2578 1134 2740 1186; x_wconf 77' lang='grc' dir='ltr'>παντὶ</span> <span class='ocrx_word' id='word_1_250' title='bbox 2774 1134 2954 1204; x_wconf 82' lang='grc' dir='ltr'>καιρῷ</span> <span class='ocrx_word' id='word_1_251' title='bbox 2977 1135 3203 1188; x_wconf 87' lang='grc' dir='ltr'>τοιαῦτα</span> <span class='ocrx_word' id='word_1_252' title='bbox 3229 1135 3404 1205; x_wconf 85' lang='grc' dir='ltr'>ληρῶν</span> <span class='ocrx_word' id='word_1_253' title='bbox 3429 1139 3518 1191; x_wconf 72' lang='grc' dir='ltr'>οὐκ</span> <span class='ocrx_word' id='word_1_254' title='bbox 3569 1142 3688 1196; x_wconf 78' lang='grc' dir='ltr'>ἐπαὺ.</span> 
     </span>
    </p>
   </div>
   <div class='ocr_carea' id='block_1_41' title="bbox 2206 1223 3688 1305">
    <p class='ocr_par' dir='ltr' id='par_1_41' title="bbox 2206 1223 3688 1305">
     <span class='ocr_line' id='line_1_41' title="bbox 2206 1223 3688 1305; baseline 0.007 -26"><span class='ocrx_word' id='word_1_255' title='bbox 2206 1245 2318 1288; x_wconf 90' lang='grc' dir='ltr'>ετο,</span> <span class='ocrx_word' id='word_1_256' title='bbox 2380 1223 2512 1297; x_wconf 81' lang='grc' dir='ltr'>ἦλθε</span> <span class='ocrx_word' id='word_1_257' title='bbox 2542 1227 2714 1280; x_wconf 89' lang='grc' dir='ltr'>ταῦτα</span> <span class='ocrx_word' id='word_1_258' title='bbox 2750 1230 2830 1290; x_wconf 85' lang='grc' dir='ltr'><strong>είς</strong></span> <span class='ocrx_word' id='word_1_259' title='bbox 2874 1228 3042 1290; x_wconf 69' lang='grc' dir='ltr'>ἀκοάς</span> <span class='ocrx_word' id='word_1_260' title='bbox 3077 1231 3176 1297; x_wconf 77' lang='grc' dir='ltr'><strong>τῆς</strong></span> <span class='ocrx_word' id='word_1_261' title='bbox 3221 1229 3451 1292; x_wconf 75' lang='grc' dir='ltr'>’Δλεξίου</span> <span class='ocrx_word' id='word_1_262' title='bbox 3475 1233 3555 1284; x_wconf 81' lang='grc' dir='ltr'><strong>τοῦ</strong></span> <span class='ocrx_word' id='word_1_263' title='bbox 3599 1254 3688 1305; x_wconf 58' lang='lat' dir='ltr'><strong>x91-</strong></span> 
     </span>
    </p>
   </div>
   <div class='ocr_carea' id='block_1_42' title="bbox 2205 1319 3691 1396">
    <p class='ocr_par' dir='ltr' id='par_1_42' title="bbox 2205 1319 3691 1396">
     <span class='ocr_line' id='line_1_42' title="bbox 2205 1319 3691 1396; baseline 0.006 -25"><span class='ocrx_word' id='word_1_264' title='bbox 2205 1320 2426 1382; x_wconf 75' lang='grc' dir='ltr'>τοῦντος</span> <span class='ocrx_word' id='word_1_265' title='bbox 2451 1320 2690 1390; x_wconf 78' lang='grc' dir='ltr'><strong>ἀδελφῆς</strong></span> <span class='ocrx_word' id='word_1_266' title='bbox 2713 1319 3021 1390; x_wconf 80' lang='grc' dir='ltr'>Θεοδώρας,</span> <span class='ocrx_word' id='word_1_267' title='bbox 3041 1321 3134 1373; x_wconf 68' lang='grc' dir='ltr'>καὶ</span> <span class='ocrx_word' id='word_1_268' title='bbox 3160 1319 3393 1388; x_wconf 78' lang='grc' dir='ltr'>ὁμεύνου</span> <span class='ocrx_word' id='word_1_269' title='bbox 3422 1322 3502 1374; x_wconf 82' lang='grc' dir='ltr'><strong>τοῦ</strong></span> <span class='ocrx_word' id='word_1_270' title='bbox 3538 1327 3691 1396; x_wconf 64' lang='lat' dir='ltr'><strong>ave:sz-</strong></span> 
     </span>
    </p>
   </div>
   <div class='ocr_carea' id='block_1_43' title="bbox 2207 1412 3690 1483">
    <p class='ocr_par' dir='ltr' id='par_1_43' title="bbox 2207 1412 3690 1483">
     <span class='ocr_line' id='line_1_43' title="bbox 2207 1412 3690 1483; baseline 0.005 -20"><span class='ocrx_word' id='word_1_271' title='bbox 2207 1412 2393 1471; x_wconf 77' lang='grc' dir='ltr'>θέντος</span> <span class='ocrx_word' id='word_1_272' title='bbox 2449 1413 2660 1466; x_wconf 83' lang='grc' dir='ltr'>ἐκείνου</span> <span class='ocrx_word' id='word_1_273' title='bbox 2727 1412 2844 1466; x_wconf 88' lang='grc' dir='ltr'>υίοῦ</span> <span class='ocrx_word' id='word_1_274' title='bbox 2896 1412 2992 1465; x_wconf 90' lang='grc' dir='ltr'><strong>τοῦ</strong></span> <span class='ocrx_word' id='word_1_275' title='bbox 3055 1413 3357 1479; x_wconf 78' lang='grc' dir='ltr'>Διογένους.</span> <span class='ocrx_word' id='word_1_276' title='bbox 3422 1413 3479 1466; x_wconf 81' lang='grc' dir='ltr'>Ἤ</span> <span class='ocrx_word' id='word_1_277' title='bbox 3522 1417 3568 1470; x_wconf 79' lang='grc' dir='ltr'>δὲ</span> <span class='ocrx_word' id='word_1_278' title='bbox 3603 1422 3690 1483; x_wconf 70' lang='grc' dir='ltr'>τοὺς</span> 
     </span>
    </p>
   </div>
   <div class='ocr_carea' id='block_1_44' title="bbox 2201 1503 3689 1583">
    <p class='ocr_par' dir='ltr' id='par_1_44' title="bbox 2201 1503 3689 1583">
     <span class='ocr_line' id='line_1_44' title="bbox 2201 1503 3689 1583; baseline 0.005 -28"><span class='ocrx_word' id='word_1_279' title='bbox 2201 1503 2405 1573; x_wconf 80' lang='grc' dir='ltr'>λήρους</span> <span class='ocrx_word' id='word_1_280' title='bbox 2477 1504 2722 1564; x_wconf 77' lang='grc' dir='ltr'><strong>ἐκείνους</strong></span> <span class='ocrx_word' id='word_1_281' title='bbox 2789 1505 2863 1575; x_wconf 79' lang='grc' dir='ltr'>μὴ</span> <span class='ocrx_word' id='word_1_282' title='bbox 2937 1505 3180 1576; x_wconf 84' lang='grc' dir='ltr'>φέρουσα</span> <span class='ocrx_word' id='word_1_283' title='bbox 3251 1503 3455 1575; x_wconf 74' lang='grc' dir='ltr'>ἤχθετο.</span> <span class='ocrx_word' id='word_1_284' title='bbox 3503 1509 3602 1561; x_wconf 69' lang='grc' dir='ltr'><strong>Ἐπὶ</strong></span> <span class='ocrx_word' id='word_1_285' title='bbox 3646 1517 3689 1583; x_wconf 72' lang='grc' dir='ltr'>τῇ</span> 
     </span>
    </p>
   </div>
   <div class='ocr_carea' id='block_1_45' title="bbox 2206 1595 3690 1666">
    <p class='ocr_par' dir='ltr' id='par_1_45' title="bbox 2206 1595 3690 1666">
     <span class='ocr_line' id='line_1_45' title="bbox 2206 1595 3690 1666; baseline 0.004 -20"><span class='ocrx_word' id='word_1_286' title='bbox 2206 1598 2387 1665; x_wconf 74' lang='grc' dir='ltr'>σφαγῇ</span> <span class='ocrx_word' id='word_1_287' title='bbox 2457 1595 2569 1666; x_wconf 81' lang='grc' dir='ltr'>γὰρ</span> <span class='ocrx_word' id='word_1_288' title='bbox 2627 1596 2858 1665; x_wconf 73' lang='grc' dir='ltr'>τάνδρὸς</span> <span class='ocrx_word' id='word_1_289' title='bbox 2909 1595 3001 1648; x_wconf 74' lang='grc' dir='ltr'>τὸν</span> <span class='ocrx_word' id='word_1_290' title='bbox 3056 1599 3264 1665; x_wconf 72' lang='grc' dir='ltr'>μονήρη</span> <span class='ocrx_word' id='word_1_291' title='bbox 3323 1595 3429 1665; x_wconf 82' lang='grc' dir='ltr'>βίον</span> <span class='ocrx_word' id='word_1_292' title='bbox 3469 1599 3690 1664; x_wconf 63' lang='grc' dir='ltr'>ἠλλάξατο,</span> 
     </span>
    </p>
   </div>
   <div class='ocr_carea' id='block_1_46' title="bbox 2201 1686 3693 1760">
    <p class='ocr_par' dir='ltr' id='par_1_46' title="bbox 2201 1686 3693 1760">
     <span class='ocr_line' id='line_1_46' title="bbox 2201 1686 3693 1760; baseline 0.005 -22"><span class='ocrx_word' id='word_1_293' title='bbox 2201 1686 2292 1738; x_wconf 80' lang='grc' dir='ltr'><strong>τὸν</strong></span> <span class='ocrx_word' id='word_1_294' title='bbox 2325 1687 2626 1756; x_wconf 79' lang='grc' dir='ltr'>ἀσκητικὸν</span> <span class='ocrx_word' id='word_1_295' title='bbox 2654 1687 3030 1760; x_wconf 84' lang='grc' dir='ltr'>ἀκριϐέστατα</span> <span class='ocrx_word' id='word_1_296' title='bbox 3069 1687 3455 1758; x_wconf 76' lang='grc' dir='ltr'>μετεληλυθυϊα</span> <span class='ocrx_word' id='word_1_297' title='bbox 3481 1689 3593 1758; x_wconf 77' lang='grc' dir='ltr'>βίον,</span> <span class='ocrx_word' id='word_1_298' title='bbox 3628 1696 3693 1745; x_wconf 70' lang='grc' dir='ltr'>οιαὶ</span> 
     </span>
    </p>
   </div>
   <div class='ocr_carea' id='block_1_47' title="bbox 2209 1779 3695 1851">
    <p class='ocr_par' dir='ltr' id='par_1_47' title="bbox 2209 1779 3695 1851">
     <span class='ocr_line' id='line_1_47' title="bbox 2209 1779 3695 1851; baseline 0.003 -19"><span class='ocrx_word' id='word_1_299' title='bbox 2209 1779 2326 1848; x_wconf 80' lang='grc' dir='ltr'><strong>Θεῷ</strong></span> <span class='ocrx_word' id='word_1_300' title='bbox 2359 1780 2505 1849; x_wconf 86' lang='grc' dir='ltr'>μόνῳ</span> <span class='ocrx_word' id='word_1_301' title='bbox 2536 1781 2974 1851; x_wconf 76' lang='grc' dir='ltr'>προσανέχουσα.</span> <span class='ocrx_word' id='word_1_302' title='bbox 3022 1780 3080 1832; x_wconf 87' lang='lat'><strong>&#39;0</strong></span> <span class='ocrx_word' id='word_1_303' title='bbox 3113 1780 3169 1832; x_wconf 84' lang='grc' dir='ltr'>δὲ</span> <span class='ocrx_word' id='word_1_304' title='bbox 3209 1781 3563 1850; x_wconf 78' lang='grc' dir='ltr'>αὐτοκράτωρ,</span> <span class='ocrx_word' id='word_1_305' title='bbox 3609 1788 3695 1837; x_wconf 71' lang='grc' dir='ltr'>ἐπεὶ</span> 
     </span>
    </p>
   </div>
   <div class='ocr_carea' id='block_1_48' title="bbox 2213 1871 3696 1943">
    <p class='ocr_par' dir='ltr' id='par_1_48' title="bbox 2213 1871 3696 1943">
     <span class='ocr_line' id='line_1_48' title="bbox 2213 1871 3696 1943; baseline 0.002 -20"><span class='ocrx_word' id='word_1_306' title='bbox 2213 1871 2353 1940; x_wconf 84' lang='grc' dir='ltr'><strong>μετά</strong></span> <span class='ocrx_word' id='word_1_307' title='bbox 2387 1872 2650 1942; x_wconf 82' lang='grc' dir='ltr'>δευτέραν</span> <span class='ocrx_word' id='word_1_308' title='bbox 2678 1873 2774 1925; x_wconf 64' lang='grc' dir='ltr'><strong>καλ⁵</strong></span> <span class='ocrx_word' id='word_1_309' title='bbox 2807 1873 3001 1943; x_wconf 78' lang='grc' dir='ltr'>τρίτην</span> <span class='ocrx_word' id='word_1_310' title='bbox 3033 1873 3358 1943; x_wconf 87' lang='grc' dir='ltr'>παραίνεσιν</span> <span class='ocrx_word' id='word_1_311' title='bbox 3383 1873 3411 1925; x_wconf 84' lang='grc' dir='ltr'><strong>ό</strong></span> <span class='ocrx_word' id='word_1_312' title='bbox 3436 1873 3574 1943; x_wconf 77' lang='grc' dir='ltr'>λῆρος</span> <span class='ocrx_word' id='word_1_313' title='bbox 3595 1879 3696 1928; x_wconf 73' lang='grc' dir='ltr'>ἐκεῖ.</span> 
     </span>
    </p>
   </div>
   <div class='ocr_carea' id='block_1_49' title="bbox 2201 1963 3694 2036">
    <p class='ocr_par' dir='ltr' id='par_1_49' title="bbox 2201 1963 3694 2036">
     <span class='ocr_line' id='line_1_49' title="bbox 2201 1963 3694 2036; baseline 0.001 -20"><span class='ocrx_word' id='word_1_314' title='bbox 2201 1982 2288 2026; x_wconf 82' lang='grc' dir='ltr'><strong>νος</strong></span> <span class='ocrx_word' id='word_1_315' title='bbox 2319 1965 2416 2034; x_wconf 72' lang='grc' dir='ltr'><strong>οὐχ</strong></span> <span class='ocrx_word' id='word_1_316' title='bbox 2449 1965 2744 2036; x_wconf 75' lang='grc' dir='ltr'>ἡσύχαζεν,</span> <span class='ocrx_word' id='word_1_317' title='bbox 2778 1967 2837 2028; x_wconf 84' lang='grc' dir='ltr'><strong>ἐς</strong></span> <span class='ocrx_word' id='word_1_318' title='bbox 2878 1965 3141 2035; x_wconf 86' lang='grc' dir='ltr'>Χερσῶνα</span> <span class='ocrx_word' id='word_1_319' title='bbox 3202 1963 3389 2017; x_wconf 82' lang='grc' dir='ltr'>τοῦτον</span> <span class='ocrx_word' id='word_1_320' title='bbox 3418 1968 3694 2027; x_wconf 68' lang='grc' dir='ltr'>ἀποστείλας,</span> 
     </span>
    </p>
   </div>
   <div class='ocr_carea' id='block_1_50' title="bbox 2201 2053 3695 2130">
    <p class='ocr_par' dir='ltr' id='par_1_50' title="bbox 2201 2053 3695 2130">
     <span class='ocr_line' id='line_1_50' title="bbox 2201 2053 3695 2130; baseline 0.002 -22"><span class='ocrx_word' id='word_1_321' title='bbox 2201 2055 2517 2126; x_wconf 71' lang='grc' dir='ltr'>ἔμφρουρον</span> <span class='ocrx_word' id='word_1_322' title='bbox 2549 2053 2692 2110; x_wconf 78' lang='grc' dir='ltr'>εἶναι</span> <span class='ocrx_word' id='word_1_323' title='bbox 2722 2057 3190 2128; x_wconf 82' lang='grc' dir='ltr'>παρεκελεύσατο.</span> <span class='ocrx_word' id='word_1_324' title='bbox 3234 2057 3438 2110; x_wconf 82' lang='grc' dir='ltr'>Ἐκεῖσε</span> <span class='ocrx_word' id='word_1_325' title='bbox 3477 2058 3524 2110; x_wconf 81' lang='grc' dir='ltr'>δὲ</span> <span class='ocrx_word' id='word_1_326' title='bbox 3566 2077 3695 2130; x_wconf 75' lang='grc' dir='ltr'>παρι-</span> 
     </span>
    </p>
   </div>
   <div class='ocr_carea' id='block_1_51' title="bbox 2200 2148 3696 2219">
    <p class='ocr_par' dir='ltr' id='par_1_51' title="bbox 2200 2148 3696 2219">
     <span class='ocr_line' id='line_1_51' title="bbox 2200 2148 3696 2219; baseline 0.001 -19"><span class='ocrx_word' id='word_1_327' title='bbox 2200 2148 2520 2216; x_wconf 82' lang='grc' dir='ltr'>γενόμενος,</span> <span class='ocrx_word' id='word_1_328' title='bbox 2569 2149 2760 2212; x_wconf 79' lang='grc' dir='ltr'>νυκτὸς</span> <span class='ocrx_word' id='word_1_329' title='bbox 2804 2151 3162 2219; x_wconf 84' lang='grc' dir='ltr'>ἀνερχόμενος</span> <span class='ocrx_word' id='word_1_330' title='bbox 3183 2148 3274 2202; x_wconf 74' lang='grc' dir='ltr'><strong>διὰ</strong></span> <span class='ocrx_word' id='word_1_331' title='bbox 3305 2149 3394 2201; x_wconf 87' lang='grc' dir='ltr'><strong>τοῦ</strong></span> <span class='ocrx_word' id='word_1_332' title='bbox 3423 2150 3602 2219; x_wconf 80' lang='grc' dir='ltr'>τείχους</span> <span class='ocrx_word' id='word_1_333' title='bbox 3634 2158 3696 2208; x_wconf 64' lang='grc' dir='ltr'>καὶ</span> 
     </span>
    </p>
   </div>
   <div class='ocr_carea' id='block_1_52' title="bbox 2201 2242 3697 2312">
    <p class='ocr_par' dir='ltr' id='par_1_52' title="bbox 2201 2242 3697 2312">
     <span class='ocr_line' id='line_1_52' title="bbox 2201 2242 3697 2312; baseline 0.003 -19"><span class='ocrx_word' id='word_1_334' title='bbox 2201 2242 2554 2310; x_wconf 86' lang='grc' dir='ltr'>προκύπτων,</span> <span class='ocrx_word' id='word_1_335' title='bbox 2575 2245 2690 2306; x_wconf 80' lang='grc' dir='ltr'>τοῖς</span> <span class='ocrx_word' id='word_1_336' title='bbox 2723 2243 2966 2312; x_wconf 83' lang='grc' dir='ltr'>συνήθως</span> <span class='ocrx_word' id='word_1_337' title='bbox 2995 2242 3228 2311; x_wconf 83' lang='grc' dir='ltr'>φοιτῶσι</span> <span class='ocrx_word' id='word_1_338' title='bbox 3289 2243 3535 2310; x_wconf 84' lang='grc' dir='ltr'>Κομάνοις</span> <span class='ocrx_word' id='word_1_339' title='bbox 3576 2245 3697 2312; x_wconf 65' lang='grc' dir='ltr'>ἔξιτε</span> 
     </span>
    </p>
   </div>
   <div class='ocr_carea' id='block_1_53' title="bbox 2152 2333 3697 2405">
    <p class='ocr_par' dir='ltr' id='par_1_53' title="bbox 2152 2333 3697 2405">
     <span class='ocr_line' id='line_1_53' title="bbox 2152 2333 3697 2405; baseline 0.001 -19"><span class='ocrx_word' id='word_1_340' title='bbox 2152 2377 2154 2379; x_wconf 93' lang='grc'><strong>.</strong></span> <span class='ocrx_word' id='word_1_341' title='bbox 2203 2334 2325 2400; x_wconf 74' lang='lat' dir='ltr'><strong>pla;</strong></span> <span class='ocrx_word' id='word_1_342' title='bbox 2348 2335 2508 2403; x_wconf 77' lang='grc' dir='ltr'>χάριν</span> <span class='ocrx_word' id='word_1_343' title='bbox 2541 2336 2635 2387; x_wconf 80' lang='grc' dir='ltr'>καὶ</span> <span class='ocrx_word' id='word_1_344' title='bbox 2663 2333 2759 2386; x_wconf 91' lang='grc' dir='ltr'><strong>τοῦ</strong></span> <span class='ocrx_word' id='word_1_345' title='bbox 2798 2335 2866 2388; x_wconf 82' lang='grc' dir='ltr'>τὰ</span> <span class='ocrx_word' id='word_1_346' title='bbox 2900 2335 3036 2404; x_wconf 81' lang='grc' dir='ltr'>πρὸς</span> <span class='ocrx_word' id='word_1_347' title='bbox 3066 2335 3262 2405; x_wconf 78' lang='grc' dir='ltr'>χρείαν</span> <span class='ocrx_word' id='word_1_348' title='bbox 3296 2335 3492 2388; x_wconf 83' lang='grc' dir='ltr'>ἐκεῖθεν</span> <span class='ocrx_word' id='word_1_349' title='bbox 3533 2338 3697 2404; x_wconf 77' lang='grc' dir='ltr'>κομίζεο</span> 
     </span>
    </p>
   </div>
   <div class='ocr_carea' id='block_1_54' title="bbox 2201 2423 3698 2492">
    <p class='ocr_par' dir='ltr' id='par_1_54' title="bbox 2201 2423 3698 2492">
     <span class='ocr_line' id='line_1_54' title="bbox 2201 2423 3698 2492; baseline 0.001 -16"><span class='ocrx_word' id='word_1_350' title='bbox 2201 2424 2324 2476; x_wconf 87' lang='grc' dir='ltr'>σθαι</span> <span class='ocrx_word' id='word_1_351' title='bbox 2379 2424 2525 2488; x_wconf 81' lang='grc' dir='ltr'>άπαξ</span> <span class='ocrx_word' id='word_1_352' title='bbox 2565 2423 2659 2477; x_wconf 78' lang='grc' dir='ltr'>καὶ</span> <span class='ocrx_word' id='word_1_353' title='bbox 2687 2425 2767 2487; x_wconf 76' lang='grc' dir='ltr'><strong>δὶς</strong></span> <span class='ocrx_word' id='word_1_354' title='bbox 2798 2425 3090 2492; x_wconf 82' lang='grc' dir='ltr'>ὁμιλήσας.</span> <span class='ocrx_word' id='word_1_355' title='bbox 3131 2424 3226 2476; x_wconf 72' lang='grc' dir='ltr'><strong>καὶ</strong></span> <span class='ocrx_word' id='word_1_356' title='bbox 3279 2424 3480 2486; x_wconf 85' lang='grc' dir='ltr'>πίστεις</span> <span class='ocrx_word' id='word_1_357' title='bbox 3507 2426 3606 2487; x_wconf 78' lang='grc' dir='ltr'>δοὺς</span> <span class='ocrx_word' id='word_1_358' title='bbox 3634 2428 3698 2478; x_wconf 74' lang='grc' dir='ltr'><strong>καί</strong></span> 
     </span>
    </p>
   </div>
   <div class='ocr_carea' id='block_1_55' title="bbox 2199 2514 3696 2587">
    <p class='ocr_par' dir='ltr' id='par_1_55' title="bbox 2199 2514 3696 2587">
     <span class='ocr_line' id='line_1_55' title="bbox 2199 2514 3696 2587; baseline 0.003 -21"><span class='ocrx_word' id='word_1_359' title='bbox 2199 2514 2402 2580; x_wconf 85' lang='grc' dir='ltr'>λαϐὼν,</span> <span class='ocrx_word' id='word_1_360' title='bbox 2453 2516 2541 2570; x_wconf 85' lang='grc' dir='ltr'><strong>διά</strong></span> <span class='ocrx_word' id='word_1_361' title='bbox 2600 2517 2884 2569; x_wconf 89' lang='grc' dir='ltr'>καλωδίων</span> <span class='ocrx_word' id='word_1_362' title='bbox 2950 2520 3145 2580; x_wconf 76' lang='grc' dir='ltr'>νυκτὸς</span> <span class='ocrx_word' id='word_1_363' title='bbox 3200 2518 3395 2570; x_wconf 74' lang='grc' dir='ltr'>ἐαυτὸν</span> <span class='ocrx_word' id='word_1_364' title='bbox 3461 2518 3696 2587; x_wconf 71' lang='grc' dir='ltr'>δεσμήσις,</span> 
     </span>
    </p>
   </div>
   <div class='ocr_carea' id='block_1_56' title="bbox 2199 2607 3697 2679">
    <p class='ocr_par' dir='ltr' id='par_1_56' title="bbox 2199 2607 3697 2679">
     <span class='ocr_line' id='line_1_56' title="bbox 2199 2607 3697 2679; baseline 0.001 -19"><span class='ocrx_word' id='word_1_365' title='bbox 2199 2607 2472 2676; x_wconf 74' lang='grc' dir='ltr'>ἐχαλάσθη</span> <span class='ocrx_word' id='word_1_366' title='bbox 2509 2608 2602 2660; x_wconf 90' lang='grc' dir='ltr'><strong>τοῦ</strong></span> <span class='ocrx_word' id='word_1_367' title='bbox 2633 2609 2875 2678; x_wconf 83' lang='grc' dir='ltr'>τείχους.</span> <span class='ocrx_word' id='word_1_368' title='bbox 2911 2608 3445 2679; x_wconf 86' lang='grc' dir='ltr'>Συμπαραλαϐόντες</span> <span class='ocrx_word' id='word_1_369' title='bbox 3485 2610 3533 2662; x_wconf 84' lang='grc' dir='ltr'>δὲ</span> <span class='ocrx_word' id='word_1_370' title='bbox 3559 2611 3697 2662; x_wconf 75' lang='grc' dir='ltr'>τοῦτον</span> 
     </span>
    </p>
   </div>
   <div class='ocr_carea' id='block_1_57' title="bbox 2198 2698 3700 2771">
    <p class='ocr_par' dir='ltr' id='par_1_57' title="bbox 2198 2698 3700 2771">
     <span class='ocr_line' id='line_1_57' title="bbox 2198 2698 3700 2771; baseline 0.003 -21"><span class='ocrx_word' id='word_1_371' title='bbox 2198 2701 2244 2750; x_wconf 89' lang='grc' dir='ltr'><strong>οί</strong></span> <span class='ocrx_word' id='word_1_372' title='bbox 2283 2700 2526 2766; x_wconf 89' lang='grc' dir='ltr'>Κομάνοι</span> <span class='ocrx_word' id='word_1_373' title='bbox 2567 2700 2704 2770; x_wconf 72' lang='grc' dir='ltr'>πρὸς</span> <span class='ocrx_word' id='word_1_374' title='bbox 2729 2698 2826 2771; x_wconf 78' lang='grc' dir='ltr'>τὴν</span> <span class='ocrx_word' id='word_1_375' title='bbox 2861 2700 2998 2753; x_wconf 81' lang='grc' dir='ltr'>ἰδίαν</span> <span class='ocrx_word' id='word_1_376' title='bbox 3027 2700 3281 2770; x_wconf 83' lang='grc' dir='ltr'>ἀπῄεσαν</span> <span class='ocrx_word' id='word_1_377' title='bbox 3309 2702 3506 2770; x_wconf 70' lang='grc' dir='ltr'>χώραν-</span> <span class='ocrx_word' id='word_1_378' title='bbox 3552 2704 3700 2754; x_wconf 74' lang='grc' dir='ltr'>Συνσνο</span> 
     </span>
    </p>
   </div>
   <div class='ocr_carea' id='block_1_58' title="bbox 2196 2788 3698 2859">
    <p class='ocr_par' dir='ltr' id='par_1_58' title="bbox 2196 2788 3698 2859">
     <span class='ocr_line' id='line_1_58' title="bbox 2196 2788 3698 2859; baseline -0.001 -17"><span class='ocrx_word' id='word_1_379' title='bbox 2196 2788 2480 2858; x_wconf 74' lang='grc' dir='ltr'>λιξόμενος</span> <span class='ocrx_word' id='word_1_380' title='bbox 2519 2789 2576 2842; x_wconf 83' lang='grc' dir='ltr'><strong>δέ</strong></span> <span class='ocrx_word' id='word_1_381' title='bbox 2611 2789 2824 2852; x_wconf 81' lang='grc' dir='ltr'>τούτοις</span> <span class='ocrx_word' id='word_1_382' title='bbox 2863 2791 2948 2858; x_wconf 83' lang='grc' dir='ltr'>ἐφ’</span> <span class='ocrx_word' id='word_1_383' title='bbox 2992 2791 3197 2851; x_wconf 75' lang='grc' dir='ltr'>ἱκανὸν,</span> <span class='ocrx_word' id='word_1_384' title='bbox 3234 2793 3292 2852; x_wconf 81' lang='grc' dir='ltr'><strong>ἐς</strong></span> <span class='ocrx_word' id='word_1_385' title='bbox 3321 2789 3554 2843; x_wconf 82' lang='grc' dir='ltr'>τοσοῦτον</span> <span class='ocrx_word' id='word_1_386' title='bbox 3575 2793 3698 2859; x_wconf 79' lang='grc' dir='ltr'>συνή-</span> 
     </span>
    </p>
   </div>
   <div class='ocr_carea' id='block_1_59' title="bbox 2197 2879 3700 2952">
    <p class='ocr_par' dir='ltr' id='par_1_59' title="bbox 2197 2879 3700 2952">
     <span class='ocr_line' id='line_1_59' title="bbox 2197 2879 3700 2952; baseline 0.001 -20"><span class='ocrx_word' id='word_1_387' title='bbox 2197 2879 2383 2940; x_wconf 84' lang='grc' dir='ltr'>λασεν,</span> <span class='ocrx_word' id='word_1_388' title='bbox 2418 2880 2489 2944; x_wconf 88' lang='grc' dir='ltr'>ὡς</span> <span class='ocrx_word' id='word_1_389' title='bbox 2525 2882 2620 2933; x_wconf 73' lang='grc' dir='ltr'>καὶ</span> <span class='ocrx_word' id='word_1_390' title='bbox 2650 2881 2873 2950; x_wconf 78' lang='grc' dir='ltr'>βασιλέα</span> <span class='ocrx_word' id='word_1_391' title='bbox 2899 2883 3064 2936; x_wconf 78' lang='grc' dir='ltr'>αὐτὸν</span> <span class='ocrx_word' id='word_1_392' title='bbox 3115 2883 3502 2951; x_wconf 78' lang='grc' dir='ltr'>κατονομάζειν</span> <span class='ocrx_word' id='word_1_393' title='bbox 3524 2885 3622 2952; x_wconf 72' lang='grc' dir='ltr'>ἤδη.</span> <span class='ocrx_word' id='word_1_394' title='bbox 3655 2886 3700 2934; x_wconf 82' lang='lat'><strong>0‘.</strong></span> 
     </span>
    </p>
   </div>
   <div class='ocr_carea' id='block_1_60' title="bbox 2197 2973 3699 3044">
    <p class='ocr_par' dir='ltr' id='par_1_60' title="bbox 2197 2973 3699 3044">
     <span class='ocr_line' id='line_1_60' title="bbox 2197 2973 3699 3044; baseline -0.003 -18"><span class='ocrx_word' id='word_1_395' title='bbox 2197 2974 2282 3037; x_wconf 83' lang='grc' dir='ltr'><strong>δέ,</strong></span> <span class='ocrx_word' id='word_1_396' title='bbox 2319 2973 2548 3042; x_wconf 85' lang='grc' dir='ltr'>αἴμασιν</span> <span class='ocrx_word' id='word_1_397' title='bbox 2598 2973 2907 3044; x_wconf 84' lang='grc' dir='ltr'>ἀνθρώπων</span> <span class='ocrx_word' id='word_1_398' title='bbox 2959 2975 3198 3042; x_wconf 78' lang='grc' dir='ltr'>λαφύξαι</span> <span class='ocrx_word' id='word_1_399' title='bbox 3271 2975 3583 3043; x_wconf 73' lang='grc' dir='ltr'>ίμειρόμενοι</span> <span class='ocrx_word' id='word_1_400' title='bbox 3635 2975 3699 3024; x_wconf 70' lang='grc' dir='ltr'><strong>καὶ</strong></span> 
     </span>
    </p>
   </div>
   <div class='ocr_carea' id='block_1_61' title="bbox 2198 3065 3700 3136">
    <p class='ocr_par' dir='ltr' id='par_1_61' title="bbox 2198 3065 3700 3136">
     <span class='ocr_line' id='line_1_61' title="bbox 2198 3065 3700 3136; baseline -0.002 -18"><span class='ocrx_word' id='word_1_401' title='bbox 2198 3065 2378 3135; x_wconf 83' lang='grc' dir='ltr'>κρεῶν</span> <span class='ocrx_word' id='word_1_402' title='bbox 2421 3067 2779 3136; x_wconf 80' lang='grc' dir='ltr'>ἀνθρωπίνων</span> <span class='ocrx_word' id='word_1_403' title='bbox 2813 3067 3198 3136; x_wconf 79' lang='grc' dir='ltr'>ἐμφορηθῆναι</span> <span class='ocrx_word' id='word_1_404' title='bbox 3242 3068 3336 3120; x_wconf 70' lang='grc' dir='ltr'><strong>καὶ</strong></span> <span class='ocrx_word' id='word_1_405' title='bbox 3371 3067 3512 3119; x_wconf 83' lang='grc' dir='ltr'>λείαν</span> <span class='ocrx_word' id='word_1_406' title='bbox 3552 3066 3700 3135; x_wconf 80' lang='grc' dir='ltr'>πολλὴν</span> 
     </span>
    </p>
   </div>
   <div class='ocr_carea' id='block_1_62' title="bbox 2141 1826 2180 1882">
    <p class='ocr_par' dir='ltr' id='par_1_62' title="bbox 2141 1826 2180 1882">
     <span class='ocr_line' id='line_1_62' title="bbox 2141 1826 2180 1882; baseline 0 0"><span class='ocrx_word' id='word_1_407' title='bbox 2141 1826 2180 1882; x_wconf 79' lang='grc' dir='ltr'><strong><em>Β</em></strong></span> 
     </span>
    </p>
   </div>
   <div class='ocr_carea' id='block_1_63' title="bbox 517 3159 2090 3246">
    <p class='ocr_par' dir='ltr' id='par_1_63' title="bbox 517 3159 2090 3246">
     <span class='ocr_line' id='line_1_63' title="bbox 517 3159 2090 3246; baseline 0.011 -33"><span class='ocrx_word' id='word_1_408' title='bbox 517 3159 714 3213; x_wconf 90' lang='lat' dir='ltr'><strong>iterum</strong></span> <span class='ocrx_word' id='word_1_409' title='bbox 747 3177 808 3215; x_wconf 92' lang='lat' dir='ltr'><strong>ac</strong></span> <span class='ocrx_word' id='word_1_410' title='bbox 845 3165 1006 3218; x_wconf 90' lang='lat' dir='ltr'><strong>tertio</strong></span> <span class='ocrx_word' id='word_1_411' title='bbox 1057 3177 1494 3232; x_wconf 87' lang='lat' dir='ltr'><strong>commonueral,</strong></span> <span class='ocrx_word' id='word_1_412' title='bbox 1528 3170 1864 3229; x_wconf 89' lang='lat' dir='ltr'><strong>Chersonam</strong></span> <span class='ocrx_word' id='word_1_413' title='bbox 1921 3177 2090 3246; x_wconf 88' lang='lat' dir='ltr'><strong>ipsum</strong></span> 
     </span>
    </p>
   </div>
   <div class='ocr_carea' id='block_1_64' title="bbox 2196 3159 3700 3246">
    <p class='ocr_par' dir='ltr' id='par_1_64' title="bbox 2199 3159 3700 3230">
     <span class='ocr_line' id='line_1_64' title="bbox 2199 3159 3700 3230; baseline -0.002 -18"><span class='ocrx_word' id='word_1_414' title='bbox 2199 3162 2262 3213; x_wconf 85' lang='grc' dir='ltr'><strong>ἐκ</strong></span> <span class='ocrx_word' id='word_1_415' title='bbox 2289 3162 2387 3227; x_wconf 83' lang='grc' dir='ltr'><strong>τῆς</strong></span> <span class='ocrx_word' id='word_1_416' title='bbox 2412 3159 2702 3230; x_wconf 82' lang='grc' dir='ltr'>ἡμεδαπῆς</span> <span class='ocrx_word' id='word_1_417' title='bbox 2750 3159 3077 3224; x_wconf 73' lang='grc' dir='ltr'>ἐπισυνάξαι</span> <span class='ocrx_word' id='word_1_418' title='bbox 3113 3159 3422 3230; x_wconf 84' lang='grc' dir='ltr'>πάτροκλον</span> <span class='ocrx_word' id='word_1_419' title='bbox 3468 3159 3700 3230; x_wconf 77' lang='grc' dir='ltr'>εὑρηκότες</span> 
     </span>
    </p>
   </div>
   <div class='ocr_carea' id='block_1_65' title="bbox 515 3253 2096 3326">
    <p class='ocr_par' dir='ltr' id='par_1_65' title="bbox 515 3253 2096 3326">
     <span class='ocr_line' id='line_1_65' title="bbox 515 3253 2096 3326; baseline 0.013 -21"><span class='ocrx_word' id='word_1_420' title='bbox 515 3253 800 3322; x_wconf 78' lang='lat' dir='ltr'><strong>relegavit,</strong></span> <span class='ocrx_word' id='word_1_421' title='bbox 830 3255 1085 3324; x_wconf 85' lang='lat' dir='ltr'><strong>deditque</strong></span> <span class='ocrx_word' id='word_1_422' title='bbox 1105 3275 1326 3326; x_wconf 87' lang='lat' dir='ltr'><strong>operam</strong></span> <span class='ocrx_word' id='word_1_423' title='bbox 1358 3271 1414 3313; x_wconf 91' lang='lat' dir='ltr'><strong>ut</strong></span> <span class='ocrx_word' id='word_1_424' title='bbox 1452 3263 1561 3317; x_wconf 92' lang='lat' dir='ltr'><strong>illic</strong></span> <span class='ocrx_word' id='word_1_425' title='bbox 1596 3265 1648 3317; x_wconf 94' lang='lat' dir='ltr'><strong>in</strong></span> <span class='ocrx_word' id='word_1_426' title='bbox 1695 3271 1944 3322; x_wconf 77' lang='lat' dir='ltr'><strong>custodia</strong></span> <span class='ocrx_word' id='word_1_427' title='bbox 1999 3271 2096 3326; x_wconf 87' lang='lat' dir='ltr'><strong>ha-</strong></span> 
     </span>
    </p>
   </div>
   <div class='ocr_carea' id='block_1_66' title="bbox 515 3343 2094 3430">
    <p class='ocr_par' dir='ltr' id='par_1_66' title="bbox 515 3343 2094 3430">
     <span class='ocr_line' id='line_1_66' title="bbox 515 3343 2094 3430; baseline 0.016 -32"><span class='ocrx_word' id='word_1_428' title='bbox 515 3343 758 3401; x_wconf 86' lang='lat' dir='ltr'><strong>beretur.</strong></span> <span class='ocrx_word' id='word_1_429' title='bbox 807 3348 880 3401; x_wconf 89' lang='lat' dir='ltr'><strong>lbi</strong></span> <span class='ocrx_word' id='word_1_430' title='bbox 917 3358 1071 3405; x_wconf 86' lang='lat' dir='ltr'><strong>turre</strong></span> <span class='ocrx_word' id='word_1_431' title='bbox 1109 3353 1420 3418; x_wconf 81' lang='lat' dir='ltr'><strong>conclusus,</strong></span> <span class='ocrx_word' id='word_1_432' title='bbox 1454 3358 1520 3411; x_wconf 85' lang='lat' dir='ltr'><strong>de</strong></span> <span class='ocrx_word' id='word_1_433' title='bbox 1549 3369 1708 3414; x_wconf 88' lang='lat' dir='ltr'><strong>nocte</strong></span> <span class='ocrx_word' id='word_1_434' title='bbox 1741 3378 1968 3430; x_wconf 75' lang='lat' dir='ltr'><strong>surgens</strong></span> <span class='ocrx_word' id='word_1_435' title='bbox 1995 3365 2094 3422; x_wconf 85' lang='lat' dir='ltr'><strong>de-</strong></span> 
     </span>
    </p>
   </div>
   <div class='ocr_carea' id='block_1_67' title="bbox 518 3435 2094 3522">
    <p class='ocr_par' dir='ltr' id='par_1_67' title="bbox 518 3435 2094 3522">
     <span class='ocr_line' id='line_1_67' title="bbox 518 3435 2094 3522; baseline 0.019 -39"><span class='ocrx_word' id='word_1_436' title='bbox 518 3449 622 3500; x_wconf 91' lang='lat' dir='ltr'><strong>que</strong></span> <span class='ocrx_word' id='word_1_437' title='bbox 652 3435 891 3491; x_wconf 79' lang='lat' dir='ltr'><strong>fenestra</strong></span> <span class='ocrx_word' id='word_1_438' title='bbox 927 3441 1266 3509; x_wconf 84' lang='lat' dir='ltr'><strong>despectans,</strong></span> <span class='ocrx_word' id='word_1_439' title='bbox 1299 3461 1603 3503; x_wconf 86' lang='lat' dir='ltr'><strong>sermonem</strong></span> <span class='ocrx_word' id='word_1_440' title='bbox 1639 3454 1835 3522; x_wconf 68' lang='lat' dir='ltr'><strong>smpius</strong></span> <span class='ocrx_word' id='word_1_441' title='bbox 1867 3459 2094 3513; x_wconf 87' lang='lat' dir='ltr'><strong>contulit</strong></span> 
     </span>
    </p>
   </div>
   <div class='ocr_carea' id='block_1_68' title="bbox 517 3525 2094 3610">
    <p class='ocr_par' dir='ltr' id='par_1_68' title="bbox 517 3525 2094 3610">
     <span class='ocr_line' id='line_1_68' title="bbox 517 3525 2094 3610; baseline 0.017 -34"><span class='ocrx_word' id='word_1_442' title='bbox 517 3539 640 3578; x_wconf 89' lang='lat' dir='ltr'><strong>cum</strong></span> <span class='ocrx_word' id='word_1_443' title='bbox 708 3525 1009 3591; x_wconf 89' lang='lat' dir='ltr'><strong>Comanis,</strong></span> <span class='ocrx_word' id='word_1_444' title='bbox 1071 3535 1382 3588; x_wconf 88' lang='lat' dir='ltr'><strong>commercii</strong></span> <span class='ocrx_word' id='word_1_445' title='bbox 1450 3541 1814 3610; x_wconf 71' lang='lat' dir='ltr'><strong>parandaeque</strong></span> <span class='ocrx_word' id='word_1_446' title='bbox 1867 3561 2094 3603; x_wconf 70' lang='lat' dir='ltr'><strong>annonae</strong></span> 
     </span>
    </p>
   </div>
   <div class='ocr_carea' id='block_1_69' title="bbox 517 3619 2093 3708">
    <p class='ocr_par' dir='ltr' id='par_1_69' title="bbox 517 3619 2093 3708">
     <span class='ocr_line' id='line_1_69' title="bbox 517 3619 2093 3708; baseline 0.015 -38"><span class='ocrx_word' id='word_1_447' title='bbox 517 3631 680 3670; x_wconf 82' lang='lat' dir='ltr'><strong>causa</strong></span> <span class='ocrx_word' id='word_1_448' title='bbox 714 3619 840 3672; x_wconf 88' lang='lat' dir='ltr'><strong>illuc</strong></span> <span class='ocrx_word' id='word_1_449' title='bbox 889 3623 1302 3681; x_wconf 85' lang='lat' dir='ltr'><strong>ventitantibtts.</strong></span> <span class='ocrx_word' id='word_1_450' title='bbox 1356 3629 1596 3684; x_wconf 83' lang='lat' dir='ltr'><strong>Tandem</strong></span> <span class='ocrx_word' id='word_1_451' title='bbox 1658 3635 1761 3688; x_wconf 83' lang='lat' dir='ltr'><strong>fide</strong></span> <span class='ocrx_word' id='word_1_452' title='bbox 1819 3641 2093 3708; x_wconf 85' lang='lat' dir='ltr'><strong>utrimque</strong></span> 
     </span>
    </p>
   </div>
   <div class='ocr_carea' id='block_1_70' title="bbox 517 3702 2091 3793">
    <p class='ocr_par' dir='ltr' id='par_1_70' title="bbox 517 3702 2091 3793">
     <span class='ocr_line' id='line_1_70' title="bbox 517 3702 2091 3793; baseline 0.018 -38"><span class='ocrx_word' id='word_1_453' title='bbox 517 3702 641 3756; x_wconf 80' lang='lat' dir='ltr'><strong>data</strong></span> <span class='ocrx_word' id='word_1_454' title='bbox 674 3720 768 3772; x_wconf 88' lang='lat' dir='ltr'><strong>per</strong></span> <span class='ocrx_word' id='word_1_455' title='bbox 807 3706 1012 3770; x_wconf 87' lang='lat' dir='ltr'><strong>funem,</strong></span> <span class='ocrx_word' id='word_1_456' title='bbox 1049 3713 1659 3782; x_wconf 75' lang='lat' dir='ltr'><strong>(Iomanisjuvantilms,</strong></span> <span class='ocrx_word' id='word_1_457' title='bbox 1702 3725 1766 3776; x_wconf 92' lang='lat' dir='ltr'><strong>ad</strong></span> <span class='ocrx_word' id='word_1_458' title='bbox 1799 3726 1943 3793; x_wconf 85' lang='lat' dir='ltr'><strong>ipsos</strong></span> <span class='ocrx_word' id='word_1_459' title='bbox 1993 3702 2091 3784; x_wconf 85' lang='lat' dir='ltr'><strong>de-</strong></span> 
     </span>
    </p>
   </div>
   <div class='ocr_carea' id='block_1_71' title="bbox 517 3792 2088 3889">
    <p class='ocr_par' dir='ltr' id='par_1_71' title="bbox 517 3792 2088 3889">
     <span class='ocr_line' id='line_1_71' title="bbox 517 3792 2088 3889; baseline 0.02 -44"><span class='ocrx_word' id='word_1_460' title='bbox 517 3792 734 3862; x_wconf 87' lang='lat' dir='ltr'><strong>labitur,</strong></span> <span class='ocrx_word' id='word_1_461' title='bbox 780 3814 900 3852; x_wconf 91' lang='lat' dir='ltr'><strong>cum</strong></span> <span class='ocrx_word' id='word_1_462' title='bbox 961 3800 1136 3870; x_wconf 91' lang='lat' dir='ltr'><strong>iisque</strong></span> <span class='ocrx_word' id='word_1_463' title='bbox 1186 3804 1253 3857; x_wconf 86' lang='lat' dir='ltr'><strong>ad</strong></span> <span class='ocrx_word' id='word_1_464' title='bbox 1320 3815 1494 3863; x_wconf 90' lang='lat' dir='ltr'><strong>terras</strong></span> <span class='ocrx_word' id='word_1_465' title='bbox 1551 3809 2088 3889; x_wconf 86' lang='lat' dir='ltr'><strong>ipsorumdelatus,</strong></span> 
     </span>
    </p>
   </div>
   <div class='ocr_carea' id='block_1_72' title="bbox 516 3882 2090 3978">
    <p class='ocr_par' dir='ltr' id='par_1_72' title="bbox 516 3882 2090 3978">
     <span class='ocr_line' id='line_1_72' title="bbox 516 3882 2090 3978; baseline 0.017 -43"><span class='ocrx_word' id='word_1_466' title='bbox 516 3882 826 3952; x_wconf 86' lang='lat' dir='ltr'><strong>ibidemque</strong></span> <span class='ocrx_word' id='word_1_467' title='bbox 881 3903 1250 3947; x_wconf 88' lang='lat' dir='ltr'><strong>commoratus</strong></span> <span class='ocrx_word' id='word_1_468' title='bbox 1299 3895 1637 3964; x_wconf 87' lang='lat' dir='ltr'><strong>aliquandiu,</strong></span> <span class='ocrx_word' id='word_1_469' title='bbox 1691 3912 1894 3958; x_wconf 86' lang='lat' dir='ltr'><strong>tantum</strong></span> <span class='ocrx_word' id='word_1_470' title='bbox 1945 3882 2090 3978; x_wconf 82' lang='lat' dir='ltr'><strong>apud</strong></span> 
     </span>
    </p>
   </div>
   <div class='ocr_carea' id='block_1_73' title="bbox 515 3970 2092 4060">
    <p class='ocr_par' dir='ltr' id='par_1_73' title="bbox 515 3970 2092 4060">
     <span class='ocr_line' id='line_1_73' title="bbox 515 3970 2092 4060; baseline 0.019 -39"><span class='ocrx_word' id='word_1_471' title='bbox 515 3970 785 4025; x_wconf 73' lang='lat' dir='ltr'><strong>Barbaros</strong></span> <span class='ocrx_word' id='word_1_472' title='bbox 819 3976 921 4028; x_wconf 88' lang='lat' dir='ltr'><strong>sibi</strong></span> <span class='ocrx_word' id='word_1_473' title='bbox 953 3975 1085 4031; x_wconf 85' lang='lat' dir='ltr'><strong>fecit</strong></span> <span class='ocrx_word' id='word_1_474' title='bbox 1128 3978 1248 4034; x_wconf 80' lang='lat' dir='ltr'><strong>fidei</strong></span> <span class='ocrx_word' id='word_1_475' title='bbox 1285 3991 1342 4035; x_wconf 89' lang='lat' dir='ltr'><strong>ut</strong></span> <span class='ocrx_word' id='word_1_476' title='bbox 1374 3984 1672 4052; x_wconf 85' lang='lat' dir='ltr'><strong>imperator</strong></span> <span class='ocrx_word' id='word_1_477' title='bbox 1712 3990 1780 4043; x_wconf 88' lang='lat' dir='ltr'><strong>ab</strong></span> <span class='ocrx_word' id='word_1_478' title='bbox 1820 3991 1952 4060; x_wconf 81' lang='lat' dir='ltr'><strong>ipsis</strong></span> <span class='ocrx_word' id='word_1_479' title='bbox 1981 3970 2092 4050; x_wconf 40' lang='lat' dir='ltr'><strong>Iac-</strong></span> 
     </span>
    </p>
   </div>
   <div class='ocr_carea' id='block_1_74' title="bbox 515 4062 2085 4140">
    <p class='ocr_par' dir='ltr' id='par_1_74' title="bbox 515 4062 2085 4140">
     <span class='ocr_line' id='line_1_74' title="bbox 515 4062 2085 4140; baseline 0.017 -27"><span class='ocrx_word' id='word_1_480' title='bbox 515 4062 864 4120; x_wconf 81' lang='lat' dir='ltr'><strong>clamaretur.</strong></span> <span class='ocrx_word' id='word_1_481' title='bbox 901 4067 1037 4122; x_wconf 85' lang='lat' dir='ltr'><strong>Hinc</strong></span> <span class='ocrx_word' id='word_1_482' title='bbox 1064 4085 1226 4136; x_wconf 90' lang='lat' dir='ltr'><strong>porro</strong></span> <span class='ocrx_word' id='word_1_483' title='bbox 1279 4073 1440 4128; x_wconf 92' lang='lat' dir='ltr'><strong>iidem</strong></span> <span class='ocrx_word' id='word_1_484' title='bbox 1475 4074 1550 4128; x_wconf 92' lang='lat' dir='ltr'><strong>illi</strong></span> <span class='ocrx_word' id='word_1_485' title='bbox 1580 4077 1831 4136; x_wconf 89' lang='lat' dir='ltr'><strong>sitientes</strong></span> <span class='ocrx_word' id='word_1_486' title='bbox 1867 4081 2085 4140; x_wconf 89' lang='lat' dir='ltr'><strong>humani</strong></span> 
     </span>
    </p>
   </div>
   <div class='ocr_carea' id='block_1_75' title="bbox 512 4156 2085 4235">
    <p class='ocr_par' dir='ltr' id='par_1_75' title="bbox 512 4156 2085 4235">
     <span class='ocr_line' id='line_1_75' title="bbox 512 4156 2085 4235; baseline 0.015 -29"><span class='ocrx_word' id='word_1_487' title='bbox 512 4156 818 4220; x_wconf 80' lang='lat' dir='ltr'><strong>sanguinis,</strong></span> <span class='ocrx_word' id='word_1_488' title='bbox 846 4168 902 4211; x_wconf 90' lang='lat' dir='ltr'><strong>et</strong></span> <span class='ocrx_word' id='word_1_489' title='bbox 940 4158 1267 4216; x_wconf 81' lang='lat' dir='ltr'><strong>inﬂammata</strong></span> <span class='ocrx_word' id='word_1_490' title='bbox 1303 4165 1599 4233; x_wconf 88' lang='lat' dir='ltr'><strong>cupiditate</strong></span> <span class='ocrx_word' id='word_1_491' title='bbox 1641 4171 1925 4235; x_wconf 86' lang='lat' dir='ltr'><strong>concitati,</strong></span> <span class='ocrx_word' id='word_1_492' title='bbox 1973 4183 2085 4230; x_wconf 91' lang='lat' dir='ltr'><strong>tum</strong></span> 
     </span>
    </p>
   </div>
   <div class='ocr_carea' id='block_1_76' title="bbox 513 4246 2086 4335">
    <p class='ocr_par' dir='ltr' id='par_1_76' title="bbox 513 4246 2086 4335">
     <span class='ocr_line' id='line_1_76' title="bbox 513 4246 2086 4335; baseline 0.015 -37"><span class='ocrx_word' id='word_1_493' title='bbox 513 4246 794 4313; x_wconf 71' lang='lat' dir='ltr'><strong>explendae</strong></span> <span class='ocrx_word' id='word_1_494' title='bbox 828 4250 1084 4320; x_wconf 83' lang='lat' dir='ltr'><strong>iugluviei</strong></span> <span class='ocrx_word' id='word_1_495' title='bbox 1129 4253 1405 4309; x_wconf 87' lang='lat' dir='ltr'><strong>hominum</strong></span> <span class='ocrx_word' id='word_1_496' title='bbox 1434 4259 1715 4322; x_wconf 88' lang='lat' dir='ltr'><strong>carnibus,</strong></span> <span class='ocrx_word' id='word_1_497' title='bbox 1746 4271 1856 4316; x_wconf 87' lang='lat' dir='ltr'><strong>tum</strong></span> <span class='ocrx_word' id='word_1_498' title='bbox 1891 4269 2086 4335; x_wconf 53' lang='lat' dir='ltr'><strong>praedis</strong></span> 
     </span>
    </p>
   </div>
   <div class='ocr_carea' id='block_1_77' title="bbox 514 4339 2082 4428">
    <p class='ocr_par' dir='ltr' id='par_1_77' title="bbox 514 4339 2082 4428">
     <span class='ocr_line' id='line_1_77' title="bbox 514 4339 2082 4428; baseline 0.017 -41"><span class='ocrx_word' id='word_1_499' title='bbox 514 4351 578 4388; x_wconf 86' lang='lat' dir='ltr'><strong>ac</strong></span> <span class='ocrx_word' id='word_1_500' title='bbox 645 4339 833 4406; x_wconf 89' lang='lat' dir='ltr'><strong>spoliis</strong></span> <span class='ocrx_word' id='word_1_501' title='bbox 891 4358 955 4396; x_wconf 77' lang='lat' dir='ltr'><strong>ex</strong></span> <span class='ocrx_word' id='word_1_502' title='bbox 1020 4344 1264 4399; x_wconf 81' lang='lat' dir='ltr'><strong>Romana</strong></span> <span class='ocrx_word' id='word_1_503' title='bbox 1305 4348 1510 4404; x_wconf 90' lang='lat' dir='ltr'><strong>ditione</strong></span> <span class='ocrx_word' id='word_1_504' title='bbox 1566 4354 1794 4420; x_wconf 87' lang='lat' dir='ltr'><strong>patriam</strong></span> <span class='ocrx_word' id='word_1_505' title='bbox 1849 4357 2082 4428; x_wconf 90' lang='lat' dir='ltr'><strong>inopiam</strong></span> 
     </span>
    </p>
   </div>
   <div class='ocr_carea' id='block_1_78' title="bbox 511 4431 2078 4518">
    <p class='ocr_par' dir='ltr' id='par_1_78' title="bbox 511 4431 2078 4518">
     <span class='ocr_line' id='line_1_78' title="bbox 511 4431 2078 4518; baseline 0.013 -37"><span class='ocrx_word' id='word_1_506' title='bbox 511 4431 818 4497; x_wconf 84' lang='lat' dir='ltr'><strong>supplendi,</strong></span> <span class='ocrx_word' id='word_1_507' title='bbox 852 4437 1250 4503; x_wconf 80' lang='lat' dir='ltr'><strong>expeditionem</strong></span> <span class='ocrx_word' id='word_1_508' title='bbox 1304 4440 1358 4494; x_wconf 89' lang='lat' dir='ltr'><strong>in</strong></span> <span class='ocrx_word' id='word_1_509' title='bbox 1404 4439 1679 4498; x_wconf 81' lang='lat' dir='ltr'><strong>Romanos</strong></span> <span class='ocrx_word' id='word_1_510' title='bbox 1718 4448 2078 4518; x_wconf 89' lang='lat' dir='ltr'><strong>adornabant,</strong></span> 
     </span>
    </p>
   </div>
   <div class='ocr_carea' id='block_1_79' title="bbox 513 4519 2084 4606">
    <p class='ocr_par' dir='ltr' id='par_1_79' title="bbox 513 4519 2084 4606">
     <span class='ocr_line' id='line_1_79' title="bbox 513 4519 2084 4606; baseline 0.018 -38"><span class='ocrx_word' id='word_1_511' title='bbox 513 4519 852 4587; x_wconf 88' lang='lat' dir='ltr'><strong>plausibilem</strong></span> <span class='ocrx_word' id='word_1_512' title='bbox 881 4539 940 4581; x_wconf 87' lang='lat' dir='ltr'><strong>se</strong></span> <span class='ocrx_word' id='word_1_513' title='bbox 981 4537 1170 4582; x_wconf 85' lang='lat' dir='ltr'><strong>nactos</strong></span> <span class='ocrx_word' id='word_1_514' title='bbox 1201 4532 1547 4586; x_wconf 87' lang='lat' dir='ltr'><strong>occasionem</strong></span> <span class='ocrx_word' id='word_1_515' title='bbox 1592 4536 1694 4589; x_wconf 90' lang='lat' dir='ltr'><strong>rati</strong></span> <span class='ocrx_word' id='word_1_516' title='bbox 1741 4552 1806 4590; x_wconf 91' lang='lat' dir='ltr'><strong>ac</strong></span> <span class='ocrx_word' id='word_1_517' title='bbox 1852 4550 2084 4606; x_wconf 66' lang='lat' dir='ltr'><strong>praetex-</strong></span> 
     </span>
    </p>
   </div>
   <div class='ocr_carea' id='block_1_80' title="bbox 514 4615 2085 4698">
    <p class='ocr_par' dir='ltr' id='par_1_80' title="bbox 514 4615 2085 4698">
     <span class='ocr_line' id='line_1_80' title="bbox 514 4615 2085 4698; baseline 0.017 -32"><span class='ocrx_word' id='word_1_518' title='bbox 514 4620 652 4674; x_wconf 86' lang='lat' dir='ltr'><strong>tum.</strong></span> <span class='ocrx_word' id='word_1_519' title='bbox 693 4615 853 4672; x_wconf 73' lang='grc' dir='ltr'>Γαιηθί</span> <span class='ocrx_word' id='word_1_520' title='bbox 908 4620 1070 4686; x_wconf 90' lang='lat' dir='ltr'><strong>hujus</strong></span> <span class='ocrx_word' id='word_1_521' title='bbox 1100 4622 1351 4678; x_wconf 85' lang='lat' dir='ltr'><strong>videlicet</strong></span> <span class='ocrx_word' id='word_1_522' title='bbox 1406 4626 1631 4694; x_wconf 73' lang='lat' dir='ltr'><strong>Augusti</strong></span> <span class='ocrx_word' id='word_1_523' title='bbox 1692 4641 1975 4698; x_wconf 83' lang='lat' dir='ltr'><strong>paternum</strong></span> <span class='ocrx_word' id='word_1_524' title='bbox 2032 4637 2085 4692; x_wconf 92' lang='lat' dir='ltr'><strong>in</strong></span> 
     </span>
    </p>
   </div>
   <div class='ocr_carea' id='block_1_81' title="bbox 512 4706 2085 4782">
    <p class='ocr_par' dir='ltr' id='par_1_81' title="bbox 512 4706 2085 4782">
     <span class='ocr_line' id='line_1_81' title="bbox 512 4706 2085 4782; baseline 0.016 -24"><span class='ocrx_word' id='word_1_525' title='bbox 512 4706 766 4762; x_wconf 73' lang='lat' dir='ltr'><strong>thronum</strong></span> <span class='ocrx_word' id='word_1_526' title='bbox 812 4712 1156 4768; x_wconf 80' lang='lat' dir='ltr'><strong>restituendi.</strong></span> <span class='ocrx_word' id='word_1_527' title='bbox 1197 4712 1474 4770; x_wconf 77' lang='lat' dir='ltr'><strong>Arcanum</strong></span> <span class='ocrx_word' id='word_1_528' title='bbox 1511 4718 1653 4774; x_wconf 89' lang='lat' dir='ltr'><strong>istud</strong></span> <span class='ocrx_word' id='word_1_529' title='bbox 1687 4732 1869 4777; x_wconf 87' lang='lat' dir='ltr'><strong>tamen</strong></span> <span class='ocrx_word' id='word_1_530' title='bbox 1901 4727 2085 4782; x_wconf 89' lang='lat' dir='ltr'><strong>consi-</strong></span> 
     </span>
    </p>
   </div>
   <div class='ocr_carea' id='block_1_82' title="bbox 511 4797 2085 4885">
    <p class='ocr_par' dir='ltr' id='par_1_82' title="bbox 511 4797 2085 4885">
     <span class='ocr_line' id='line_1_82' title="bbox 511 4797 2085 4885; baseline 0.017 -34"><span class='ocrx_word' id='word_1_531' title='bbox 511 4797 642 4853; x_wconf 91' lang='lat' dir='ltr'><strong>lium</strong></span> <span class='ocrx_word' id='word_1_532' title='bbox 707 4802 976 4858; x_wconf 90' lang='lat' dir='ltr'><strong>habebant</strong></span> <span class='ocrx_word' id='word_1_533' title='bbox 1023 4825 1037 4860; x_wconf 91' lang='lat'><strong>:</strong></span> <span class='ocrx_word' id='word_1_534' title='bbox 1095 4805 1298 4862; x_wconf 88' lang='lat' dir='ltr'><strong>frustra</strong></span> <span class='ocrx_word' id='word_1_535' title='bbox 1354 4808 1405 4861; x_wconf 89' lang='lat' dir='ltr'><strong>id</strong></span> <span class='ocrx_word' id='word_1_536' title='bbox 1462 4810 1700 4879; x_wconf 91' lang='lat' dir='ltr'><strong>quidem,</strong></span> <span class='ocrx_word' id='word_1_537' title='bbox 1761 4814 2085 4885; x_wconf 86' lang='lat' dir='ltr'><strong>imperatore</strong></span> 
     </span>
    </p>
   </div>
   <div class='ocr_carea' id='block_1_83' title="bbox 510 4895 2081 4980">
    <p class='ocr_par' dir='ltr' id='par_1_83' title="bbox 510 4895 2081 4980">
     <span class='ocr_line' id='line_1_83' title="bbox 510 4895 2081 4980; baseline 0.015 -35"><span class='ocrx_word' id='word_1_538' title='bbox 510 4895 761 4961; x_wconf 87' lang='lat' dir='ltr'><strong>quamvis</strong></span> <span class='ocrx_word' id='word_1_539' title='bbox 823 4899 1075 4952; x_wconf 88' lang='lat' dir='ltr'><strong>abstrusa</strong></span> <span class='ocrx_word' id='word_1_540' title='bbox 1150 4909 1495 4967; x_wconf 89' lang='lat' dir='ltr'><strong>penetrante.</strong></span> <span class='ocrx_word' id='word_1_541' title='bbox 1559 4902 1699 4974; x_wconf 89' lang='lat' dir='ltr'><strong>Ergo</strong></span> <span class='ocrx_word' id='word_1_542' title='bbox 1764 4907 1857 4964; x_wconf 88' lang='lat' dir='ltr'><strong>ille</strong></span> <span class='ocrx_word' id='word_1_543' title='bbox 1917 4927 2081 4980; x_wconf 88' lang='lat' dir='ltr'><strong>quam</strong></span> 
     </span>
    </p>
   </div>
   <div class='ocr_carea' id='block_1_84' title="bbox 511 4986 2084 5069">
    <p class='ocr_par' dir='ltr' id='par_1_84' title="bbox 511 4986 2084 5069">
     <span class='ocr_line' id='line_1_84' title="bbox 511 4986 2084 5069; baseline 0.016 -33"><span class='ocrx_word' id='word_1_544' title='bbox 511 4986 778 5042; x_wconf 83' lang='lat' dir='ltr'><strong>maximas</strong></span> <span class='ocrx_word' id='word_1_545' title='bbox 815 5001 987 5058; x_wconf 90' lang='lat' dir='ltr'><strong>potest</strong></span> <span class='ocrx_word' id='word_1_546' title='bbox 1021 4992 1204 5061; x_wconf 90' lang='lat' dir='ltr'><strong>copias</strong></span> <span class='ocrx_word' id='word_1_547' title='bbox 1231 4993 1448 5048; x_wconf 85' lang='lat' dir='ltr'><strong>instruit</strong></span> <span class='ocrx_word' id='word_1_548' title='bbox 1503 5007 1808 5069; x_wconf 86' lang='lat' dir='ltr'><strong>armalque,</strong></span> <span class='ocrx_word' id='word_1_549' title='bbox 1857 5015 2084 5060; x_wconf 58' lang='lat' dir='ltr'><strong>cetera-</strong></span> 
     </span>
    </p>
   </div>
   <div class='ocr_carea' id='block_1_85' title="bbox 511 5083 2082 5168">
    <p class='ocr_par' dir='ltr' id='par_1_85' title="bbox 511 5083 2082 5168">
     <span class='ocr_line' id='line_1_85' title="bbox 511 5083 2082 5168; baseline 0.017 -41"><span class='ocrx_word' id='word_1_550' title='bbox 511 5092 614 5145; x_wconf 87' lang='lat' dir='ltr'><strong>que</strong></span> <span class='ocrx_word' id='word_1_551' title='bbox 636 5092 789 5146; x_wconf 84' lang='lat' dir='ltr'><strong>parat</strong></span> <span class='ocrx_word' id='word_1_552' title='bbox 821 5097 942 5149; x_wconf 80' lang='lat' dir='ltr'><strong>qua:</strong></span> <span class='ocrx_word' id='word_1_553' title='bbox 968 5084 1032 5136; x_wconf 89' lang='lat' dir='ltr'><strong>ad</strong></span> <span class='ocrx_word' id='word_1_554' title='bbox 1075 5083 1437 5140; x_wconf 87' lang='lat' dir='ltr'><strong>resistendum</strong></span> <span class='ocrx_word' id='word_1_555' title='bbox 1475 5087 1728 5146; x_wconf 85' lang='lat' dir='ltr'><strong>Comanis</strong></span> <span class='ocrx_word' id='word_1_556' title='bbox 1781 5103 1933 5162; x_wconf 84' lang='lat' dir='ltr'><strong>putat</strong></span> <span class='ocrx_word' id='word_1_557' title='bbox 1981 5114 2082 5168; x_wconf 81' lang='lat' dir='ltr'><strong>op-</strong></span> 
     </span>
    </p>
   </div>
   <div class='ocr_carea' id='block_1_86' title="bbox 510 5171 2082 5260">
    <p class='ocr_par' dir='ltr' id='par_1_86' title="bbox 510 5171 2082 5260">
     <span class='ocr_line' id='line_1_86' title="bbox 510 5171 2082 5260; baseline 0.019 -42"><span class='ocrx_word' id='word_1_558' title='bbox 510 5180 758 5236; x_wconf 86' lang='lat' dir='ltr'><strong>portuna.</strong></span> <span class='ocrx_word' id='word_1_559' title='bbox 793 5171 976 5229; x_wconf 81' lang='lat' dir='ltr'><strong>Valles</strong></span> <span class='ocrx_word' id='word_1_560' title='bbox 1027 5177 1170 5231; x_wconf 89' lang='lat' dir='ltr'><strong>enim</strong></span> <span class='ocrx_word' id='word_1_561' title='bbox 1224 5189 1487 5248; x_wconf 84' lang='lat' dir='ltr'><strong>angustas</strong></span> <span class='ocrx_word' id='word_1_562' title='bbox 1529 5181 1580 5234; x_wconf 89' lang='lat' dir='ltr'><strong>in</strong></span> <span class='ocrx_word' id='word_1_563' title='bbox 1633 5183 1894 5242; x_wconf 89' lang='lat' dir='ltr'><strong>limitibus</strong></span> <span class='ocrx_word' id='word_1_564' title='bbox 1946 5205 2082 5260; x_wconf 86' lang='lat' dir='ltr'><strong>quas</strong></span> 
     </span>
    </p>
   </div>
   <div class='ocr_carea' id='block_1_87' title="bbox 2196 3252 3700 3322">
    <p class='ocr_par' dir='ltr' id='par_1_87' title="bbox 2196 3252 3700 3322">
     <span class='ocr_line' id='line_1_87' title="bbox 2196 3252 3700 3322; baseline -0.001 -16"><span class='ocrx_word' id='word_1_565' title='bbox 2196 3252 2384 3306; x_wconf 86' lang='grc' dir='ltr'>τοῦτον</span> <span class='ocrx_word' id='word_1_566' title='bbox 2420 3252 2697 3322; x_wconf 84' lang='grc' dir='ltr'>πρόφασιν</span> <span class='ocrx_word' id='word_1_567' title='bbox 2731 3253 2874 3306; x_wconf 83' lang='grc' dir='ltr'>κατὰ</span> <span class='ocrx_word' id='word_1_568' title='bbox 2907 3253 3008 3321; x_wconf 89' lang='grc' dir='ltr'><strong>τῆς</strong></span> <span class='ocrx_word' id='word_1_569' title='bbox 3056 3252 3350 3322; x_wconf 85' lang='grc' dir='ltr'>Ῥωμαίων</span> <span class='ocrx_word' id='word_1_570' title='bbox 3399 3254 3700 3322; x_wconf 58' lang='lat' dir='ltr'><strong>rava-sparti;</strong></span> 
     </span>
    </p>
   </div>
   <div class='ocr_carea' id='block_1_88' title="bbox 2197 3347 3698 3418">
    <p class='ocr_par' dir='ltr' id='par_1_88' title="bbox 2197 3347 3698 3418">
     <span class='ocr_line' id='line_1_88' title="bbox 2197 3347 3698 3418; baseline -0.001 -18"><span class='ocrx_word' id='word_1_571' title='bbox 2197 3349 2242 3381; x_wconf 80' lang='grc'><strong>³¹</strong></span> <span class='ocrx_word' id='word_1_572' title='bbox 2268 3350 2516 3418; x_wconf 85' lang='grc' dir='ltr'>χωρῆσαι</span> <span class='ocrx_word' id='word_1_573' title='bbox 2551 3347 2930 3412; x_wconf 78' lang='grc' dir='ltr'>ἐϐουλεύοντο,</span> <span class='ocrx_word' id='word_1_574' title='bbox 2959 3347 3034 3410; x_wconf 86' lang='grc' dir='ltr'>ὡς</span> <span class='ocrx_word' id='word_1_575' title='bbox 3058 3347 3221 3417; x_wconf 82' lang='grc' dir='ltr'>δῆθεν</span> <span class='ocrx_word' id='word_1_576' title='bbox 3258 3347 3337 3418; x_wconf 82' lang='grc' dir='ltr'>τῷ</span> <span class='ocrx_word' id='word_1_577' title='bbox 3365 3348 3584 3418; x_wconf 81' lang='grc' dir='ltr'>πατρῴῳ</span> <span class='ocrx_word' id='word_1_578' title='bbox 3613 3349 3698 3399; x_wconf 73' lang='grc' dir='ltr'><strong>τοῦ-</strong></span> 
     </span>
    </p>
   </div>
   <div class='ocr_carea' id='block_1_89' title="bbox 2199 3437 3700 3511">
    <p class='ocr_par' dir='ltr' id='par_1_89' title="bbox 2199 3437 3700 3511">
     <span class='ocr_line' id='line_1_89' title="bbox 2199 3437 3700 3511; baseline -0.002 -17"><span class='ocrx_word' id='word_1_579' title='bbox 2199 3459 2291 3494; x_wconf 87' lang='grc' dir='ltr'><strong>τον</strong></span> <span class='ocrx_word' id='word_1_580' title='bbox 2324 3440 2718 3510; x_wconf 81' lang='grc' dir='ltr'>ἐγκαθιδρῦσαι</span> <span class='ocrx_word' id='word_1_581' title='bbox 2741 3439 2937 3510; x_wconf 84' lang='grc' dir='ltr'>θρόνῳ.</span> <span class='ocrx_word' id='word_1_582' title='bbox 2970 3441 3078 3493; x_wconf 71' lang='grc' dir='ltr'><strong>Καὶ</strong></span> <span class='ocrx_word' id='word_1_583' title='bbox 3128 3441 3573 3511; x_wconf 83' lang='grc' dir='ltr'>ἀπαιωρουμένην</span> <span class='ocrx_word' id='word_1_584' title='bbox 3596 3437 3700 3509; x_wconf 75' lang='grc' dir='ltr'>εἶχον</span> 
     </span>
    </p>
   </div>
   <div class='ocr_carea' id='block_1_90' title="bbox 2195 3531 3700 3603">
    <p class='ocr_par' dir='ltr' id='par_1_90' title="bbox 2195 3531 3700 3603">
     <span class='ocr_line' id='line_1_90' title="bbox 2195 3531 3700 3603; baseline -0.003 -18"><span class='ocrx_word' id='word_1_585' title='bbox 2195 3533 2329 3595; x_wconf 84' lang='grc' dir='ltr'>τέως</span> <span class='ocrx_word' id='word_1_586' title='bbox 2382 3532 2610 3601; x_wconf 82' lang='grc' dir='ltr'>ταυτηνὶ</span> <span class='ocrx_word' id='word_1_587' title='bbox 2664 3533 2762 3603; x_wconf 82' lang='grc' dir='ltr'>τὴν</span> <span class='ocrx_word' id='word_1_588' title='bbox 2807 3531 3022 3603; x_wconf 79' lang='grc' dir='ltr'>βουλήν.</span> <span class='ocrx_word' id='word_1_589' title='bbox 3069 3532 3182 3585; x_wconf 79' lang='grc' dir='ltr'><strong>Οὐκ</strong></span> <span class='ocrx_word' id='word_1_590' title='bbox 3245 3533 3405 3586; x_wconf 74' lang='grc' dir='ltr'>ἔλαθε</span> <span class='ocrx_word' id='word_1_591' title='bbox 3462 3533 3609 3584; x_wconf 81' lang='grc' dir='ltr'>ταῦτα</span> <span class='ocrx_word' id='word_1_592' title='bbox 3638 3533 3700 3581; x_wconf 67' lang='grc' dir='ltr'><strong>τὸν</strong></span> 
     </span>
    </p>
   </div>
   <div class='ocr_carea' id='block_1_91' title="bbox 2195 3625 3700 3696">
    <p class='ocr_par' dir='ltr' id='par_1_91' title="bbox 2195 3625 3700 3696">
     <span class='ocr_line' id='line_1_91' title="bbox 2195 3625 3700 3696; baseline -0.001 -20"><span class='ocrx_word' id='word_1_593' title='bbox 2195 3626 2600 3695; x_wconf 79' lang='grc' dir='ltr'>αὐτοκράτορα.</span> <span class='ocrx_word' id='word_1_594' title='bbox 2630 3625 2824 3678; x_wconf 83' lang='grc' dir='ltr'>Ἔνθεν</span> <span class='ocrx_word' id='word_1_595' title='bbox 2855 3643 2934 3678; x_wconf 90' lang='grc' dir='ltr'><strong>τοι</strong></span> <span class='ocrx_word' id='word_1_596' title='bbox 2962 3626 3056 3678; x_wconf 78' lang='grc' dir='ltr'>καὶ</span> <span class='ocrx_word' id='word_1_597' title='bbox 3085 3626 3185 3687; x_wconf 77' lang='grc' dir='ltr'>τὰς</span> <span class='ocrx_word' id='word_1_598' title='bbox 3220 3625 3474 3696; x_wconf 86' lang='grc' dir='ltr'>δυνάμεις</span> <span class='ocrx_word' id='word_1_599' title='bbox 3498 3626 3561 3687; x_wconf 83' lang='grc' dir='ltr'>ὡς</span> <span class='ocrx_word' id='word_1_600' title='bbox 3581 3625 3700 3678; x_wconf 71' lang='grc' dir='ltr'>δυνα-</span> 
     </span>
    </p>
   </div>
   <div class='ocr_carea' id='block_1_92' title="bbox 2191 3714 3702 3788">
    <p class='ocr_par' dir='ltr' id='par_1_92' title="bbox 2191 3714 3702 3788">
     <span class='ocr_line' id='line_1_92' title="bbox 2191 3714 3702 3788; baseline -0.003 -20"><span class='ocrx_word' id='word_1_601' title='bbox 2191 3714 2284 3768; x_wconf 77' lang='grc' dir='ltr'><strong>τὸν</strong></span> <span class='ocrx_word' id='word_1_602' title='bbox 2313 3714 2581 3781; x_wconf 59' lang='lat' dir='ltr'><strong>egentia-5</strong></span> <span class='ocrx_word' id='word_1_603' title='bbox 2615 3733 2675 3768; x_wconf 87' lang='grc' dir='ltr'><strong>τε</strong></span> <span class='ocrx_word' id='word_1_604' title='bbox 2705 3717 2798 3769; x_wconf 72' lang='grc' dir='ltr'><strong>καὶ</strong></span> <span class='ocrx_word' id='word_1_605' title='bbox 2825 3715 2961 3785; x_wconf 82' lang='grc' dir='ltr'>πρὸς</span> <span class='ocrx_word' id='word_1_606' title='bbox 2984 3715 3082 3784; x_wconf 76' lang='grc' dir='ltr'>τὴν</span> <span class='ocrx_word' id='word_1_607' title='bbox 3108 3715 3218 3768; x_wconf 84' lang='grc' dir='ltr'>τῶν</span> <span class='ocrx_word' id='word_1_608' title='bbox 3253 3715 3536 3788; x_wconf 87' lang='grc' dir='ltr'>Βαρϐάρων</span> <span class='ocrx_word' id='word_1_609' title='bbox 3567 3715 3702 3783; x_wconf 74' lang='grc' dir='ltr'>μάχην</span> 
     </span>
    </p>
   </div>
   <div class='ocr_carea' id='block_1_93' title="bbox 2193 3806 3703 3878">
    <p class='ocr_par' dir='ltr' id='par_1_93' title="bbox 2193 3806 3703 3878">
     <span class='ocr_line' id='line_1_93' title="bbox 2193 3806 3703 3878; baseline -0.001 -20"><span class='ocrx_word' id='word_1_610' title='bbox 2193 3807 2539 3877; x_wconf 77' lang='grc' dir='ltr'>ἡτοιμάζετοο</span> <span class='ocrx_word' id='word_1_611' title='bbox 2567 3806 2636 3860; x_wconf 84' lang='grc' dir='ltr'>τὰ</span> <span class='ocrx_word' id='word_1_612' title='bbox 2661 3808 2770 3875; x_wconf 78' lang='grc' dir='ltr'><strong>γάρ</strong></span> <span class='ocrx_word' id='word_1_613' title='bbox 2793 3808 2976 3876; x_wconf 86' lang='grc' dir='ltr'>τέμπη</span> <span class='ocrx_word' id='word_1_614' title='bbox 2993 3848 3008 3872; x_wconf 92' lang='grc'><strong>,</strong></span> <span class='ocrx_word' id='word_1_615' title='bbox 3042 3807 3186 3877; x_wconf 79' lang='grc' dir='ltr'>άπερ</span> <span class='ocrx_word' id='word_1_616' title='bbox 3217 3807 3524 3878; x_wconf 84' lang='grc' dir='ltr'>κλεισούρας</span> <span class='ocrx_word' id='word_1_617' title='bbox 3551 3810 3578 3874; x_wconf 72' lang='grc' dir='ltr'>ἡ</span> <span class='ocrx_word' id='word_1_618' title='bbox 3603 3808 3703 3858; x_wconf 54' lang='lat' dir='ltr'><strong>tam-</strong></span> 
     </span>
    </p>
   </div>
   <div class='ocr_carea' id='block_1_94' title="bbox 2191 3895 3701 3967">
    <p class='ocr_par' dir='ltr' id='par_1_94' title="bbox 2191 3895 3701 3967">
     <span class='ocr_line' id='line_1_94' title="bbox 2191 3895 3701 3967; baseline -0.004 -14"><span class='ocrx_word' id='word_1_619' title='bbox 2191 3917 2276 3960; x_wconf 89' lang='grc' dir='ltr'><strong>τις</strong></span> <span class='ocrx_word' id='word_1_620' title='bbox 2327 3895 2433 3952; x_wconf 74' lang='grc' dir='ltr'>οἶδε</span> <span class='ocrx_word' id='word_1_621' title='bbox 2480 3900 2699 3967; x_wconf 81' lang='grc' dir='ltr'>γλῶσσα</span> <span class='ocrx_word' id='word_1_622' title='bbox 2730 3900 2936 3964; x_wconf 81' lang='grc' dir='ltr'>καλεῖν,</span> <span class='ocrx_word' id='word_1_623' title='bbox 2966 3900 3041 3957; x_wconf 83' lang='grc' dir='ltr'>ὡς</span> <span class='ocrx_word' id='word_1_624' title='bbox 3093 3898 3338 3967; x_wconf 76' lang='grc' dir='ltr'>ἔφαμεν,</span> <span class='ocrx_word' id='word_1_625' title='bbox 3406 3898 3592 3967; x_wconf 79' lang='grc' dir='ltr'>φθάσας</span> <span class='ocrx_word' id='word_1_626' title='bbox 3629 3899 3701 3966; x_wconf 71' lang='grc' dir='ltr'><strong>ἣϊη</strong></span> 
     </span>
    </p>
   </div>
   <div class='ocr_carea' id='block_1_95' title="bbox 2192 3987 3702 4062">
    <p class='ocr_par' dir='ltr' id='par_1_95' title="bbox 2192 3987 3702 4062">
     <span class='ocr_line' id='line_1_95' title="bbox 2192 3987 3702 4062; baseline -0.005 -17"><span class='ocrx_word' id='word_1_627' title='bbox 2192 3991 2651 4061; x_wconf 86' lang='grc' dir='ltr'>κατωχυρὼσατο.</span> <span class='ocrx_word' id='word_1_628' title='bbox 2708 3991 2917 4060; x_wconf 79' lang='grc' dir='ltr'>Καιροῦ</span> <span class='ocrx_word' id='word_1_629' title='bbox 2974 3990 3032 4044; x_wconf 77' lang='grc' dir='ltr'><strong>δὲ</strong></span> <span class='ocrx_word' id='word_1_630' title='bbox 3112 3991 3563 4062; x_wconf 80' lang='grc' dir='ltr'>παρεληλυθότος,</span> <span class='ocrx_word' id='word_1_631' title='bbox 3615 3987 3702 4040; x_wconf 65' lang='grc' dir='ltr'>ἐπεὶ</span> 
     </span>
    </p>
   </div>
   <div class='ocr_carea' id='block_1_96' title="bbox 2188 4080 3700 4153">
    <p class='ocr_par' dir='ltr' id='par_1_96' title="bbox 2188 4080 3700 4153">
     <span class='ocr_line' id='line_1_96' title="bbox 2188 4080 3700 4153; baseline -0.005 -17"><span class='ocrx_word' id='word_1_632' title='bbox 2188 4084 2250 4136; x_wconf 81' lang='grc' dir='ltr'>τὸ</span> <span class='ocrx_word' id='word_1_633' title='bbox 2276 4084 2603 4153; x_wconf 88' lang='grc' dir='ltr'>παρίστριον</span> <span class='ocrx_word' id='word_1_634' title='bbox 2632 4082 2760 4145; x_wconf 75' lang='grc' dir='ltr'>τοὺς</span> <span class='ocrx_word' id='word_1_635' title='bbox 2789 4081 3078 4151; x_wconf 85' lang='grc' dir='ltr'>Κομάνους</span> <span class='ocrx_word' id='word_1_636' title='bbox 3111 4083 3251 4150; x_wconf 87' lang='grc' dir='ltr'>μετὰ</span> <span class='ocrx_word' id='word_1_637' title='bbox 3285 4080 3380 4135; x_wconf 89' lang='grc' dir='ltr'><strong>τοῦ</strong></span> <span class='ocrx_word' id='word_1_638' title='bbox 3416 4081 3700 4151; x_wconf 75' lang='grc' dir='ltr'>ψευδωνύμου</span> 
     </span>
    </p>
   </div>
   <div class='ocr_carea' id='block_1_97' title="bbox 2191 4173 3703 4244">
    <p class='ocr_par' dir='ltr' id='par_1_97' title="bbox 2191 4173 3703 4244">
     <span class='ocr_line' id='line_1_97' title="bbox 2191 4173 3703 4244; baseline -0.005 -15"><span class='ocrx_word' id='word_1_639' title='bbox 2191 4173 2525 4230; x_wconf 77' lang='grc' dir='ltr'>καταλαϐεῖν</span> <span class='ocrx_word' id='word_1_640' title='bbox 2553 4173 2867 4244; x_wconf 83' lang='grc' dir='ltr'>μεμαθήκει</span> <span class='ocrx_word' id='word_1_641' title='bbox 2901 4173 3031 4236; x_wconf 81' lang='grc' dir='ltr'>τοὺς</span> <span class='ocrx_word' id='word_1_642' title='bbox 3050 4174 3118 4226; x_wconf 78' lang='grc' dir='ltr'><strong>τά</strong></span> <span class='ocrx_word' id='word_1_643' title='bbox 3145 4173 3348 4243; x_wconf 83' lang='grc' dir='ltr'>πρῶτα</span> <span class='ocrx_word' id='word_1_644' title='bbox 3374 4175 3462 4227; x_wconf 85' lang='grc' dir='ltr'><strong>τοῦ</strong></span> <span class='ocrx_word' id='word_1_645' title='bbox 3500 4189 3703 4242; x_wconf 79' lang='grc' dir='ltr'>στρατιω-</span> 
     </span>
    </p>
   </div>
   <div class='ocr_carea' id='block_1_98' title="bbox 2188 4265 3702 4338">
    <p class='ocr_par' dir='ltr' id='par_1_98' title="bbox 2188 4265 3702 4338">
     <span class='ocr_line' id='line_1_98' title="bbox 2188 4265 3702 4338; baseline -0.007 -13"><span class='ocrx_word' id='word_1_646' title='bbox 2188 4270 2342 4325; x_wconf 85' lang='grc' dir='ltr'>τικοῦ</span> <span class='ocrx_word' id='word_1_647' title='bbox 2379 4269 2768 4338; x_wconf 86' lang='grc' dir='ltr'>συντάγματος</span> <span class='ocrx_word' id='word_1_648' title='bbox 2820 4266 3090 4338; x_wconf 84' lang='grc' dir='ltr'>φέροντας</span> <span class='ocrx_word' id='word_1_649' title='bbox 3141 4269 3241 4321; x_wconf 73' lang='grc' dir='ltr'>καὶ</span> <span class='ocrx_word' id='word_1_650' title='bbox 3293 4271 3487 4331; x_wconf 78' lang='grc' dir='ltr'>αὐτοὺς</span> <span class='ocrx_word' id='word_1_651' title='bbox 3538 4268 3592 4336; x_wconf 80' lang='grc' dir='ltr'><strong>δὴ</strong></span> <span class='ocrx_word' id='word_1_652' title='bbox 3613 4265 3702 4324; x_wconf 70' lang='grc' dir='ltr'>τοὺς</span> 
     </span>
    </p>
   </div>
   <div class='ocr_carea' id='block_1_99' title="bbox 2186 4356 3703 4431">
    <p class='ocr_par' dir='ltr' id='par_1_99' title="bbox 2186 4356 3703 4431">
     <span class='ocr_line' id='line_1_99' title="bbox 2186 4356 3703 4431; baseline -0.005 -15"><span class='ocrx_word' id='word_1_653' title='bbox 2186 4363 2312 4416; x_wconf 84' lang='grc' dir='ltr'>καθ’</span> <span class='ocrx_word' id='word_1_654' title='bbox 2369 4356 2508 4429; x_wconf 76' lang='grc' dir='ltr'>αἷμα</span> <span class='ocrx_word' id='word_1_655' title='bbox 2541 4363 2636 4414; x_wconf 78' lang='grc' dir='ltr'>καὶ</span> <span class='ocrx_word' id='word_1_656' title='bbox 2685 4358 2745 4424; x_wconf 81' lang='grc' dir='ltr'><strong>ἐξ</strong></span> <span class='ocrx_word' id='word_1_657' title='bbox 2808 4359 3125 4430; x_wconf 84' lang='grc' dir='ltr'>ἀγχιστείας</span> <span class='ocrx_word' id='word_1_658' title='bbox 3181 4359 3334 4431; x_wconf 81' lang='grc' dir='ltr'>αὐτῷ</span> <span class='ocrx_word' id='word_1_659' title='bbox 3391 4361 3703 4430; x_wconf 70' lang='grc' dir='ltr'>προσήκοντας</span> 
     </span>
    </p>
   </div>
   <div class='ocr_carea' id='block_1_100' title="bbox 2188 4448 3700 4520">
    <p class='ocr_par' dir='ltr' id='par_1_100' title="bbox 2188 4448 3700 4520">
     <span class='ocr_line' id='line_1_100' title="bbox 2188 4448 3700 4520; baseline -0.006 -13"><span class='ocrx_word' id='word_1_660' title='bbox 2188 4451 2538 4520; x_wconf 81' lang='grc' dir='ltr'>συναγαγὼν,</span> <span class='ocrx_word' id='word_1_661' title='bbox 2583 4452 2632 4504; x_wconf 88' lang='grc' dir='ltr'><strong>εί</strong></span> <span class='ocrx_word' id='word_1_662' title='bbox 2667 4450 2773 4520; x_wconf 86' lang='grc' dir='ltr'>χρὴ</span> <span class='ocrx_word' id='word_1_663' title='bbox 2807 4449 2928 4502; x_wconf 85' lang='grc' dir='ltr'>κατ’</span> <span class='ocrx_word' id='word_1_664' title='bbox 2957 4450 3140 4504; x_wconf 80' lang='grc' dir='ltr'>αὐτῶν</span> <span class='ocrx_word' id='word_1_665' title='bbox 3174 4451 3382 4516; x_wconf 75' lang='grc' dir='ltr'>ἐξιέναι</span> <span class='ocrx_word' id='word_1_666' title='bbox 3425 4448 3700 4504; x_wconf 80' lang='grc' dir='ltr'>ἐϐουλεύετο.</span> 
     </span>
    </p>
   </div>
   <div class='ocr_carea' id='block_1_101' title="bbox 2189 4537 3703 4614">
    <p class='ocr_par' dir='ltr' id='par_1_101' title="bbox 2189 4537 3703 4614">
     <span class='ocr_line' id='line_1_101' title="bbox 2189 4537 3703 4614; baseline -0.009 -14"><span class='ocrx_word' id='word_1_667' title='bbox 2189 4546 2416 4600; x_wconf 82' lang='grc' dir='ltr'>Πάντων</span> <span class='ocrx_word' id='word_1_668' title='bbox 2446 4543 2503 4596; x_wconf 79' lang='grc' dir='ltr'>δὲ</span> <span class='ocrx_word' id='word_1_669' title='bbox 2535 4541 2677 4612; x_wconf 82' lang='grc' dir='ltr'>πρὸς</span> <span class='ocrx_word' id='word_1_670' title='bbox 2729 4539 2888 4594; x_wconf 87' lang='grc' dir='ltr'>τοῦτο</span> <span class='ocrx_word' id='word_1_671' title='bbox 2918 4540 3101 4594; x_wconf 80' lang='grc' dir='ltr'>αὐτῶν</span> <span class='ocrx_word' id='word_1_672' title='bbox 3158 4543 3544 4614; x_wconf 82' lang='grc' dir='ltr'>ἀπειργόντων,</span> <span class='ocrx_word' id='word_1_673' title='bbox 3585 4537 3703 4595; x_wconf 77' lang='grc' dir='ltr'>αὐτὸς</span> 
     </span>
    </p>
   </div>
   <div class='ocr_carea' id='block_1_102' title="bbox 2186 4627 3703 4705">
    <p class='ocr_par' dir='ltr' id='par_1_102' title="bbox 2186 4627 3703 4705">
     <span class='ocr_line' id='line_1_102' title="bbox 2186 4627 3703 4705; baseline -0.01 -15"><span class='ocrx_word' id='word_1_674' title='bbox 2186 4634 2366 4705; x_wconf 83' lang='grc' dir='ltr'>ἐαυτῷ</span> <span class='ocrx_word' id='word_1_675' title='bbox 2401 4631 2680 4687; x_wconf 88' lang='grc' dir='ltr'>πιστεύειν</span> <span class='ocrx_word' id='word_1_676' title='bbox 2725 4629 2828 4683; x_wconf 83' lang='grc' dir='ltr'><strong>οὐκ</strong></span> <span class='ocrx_word' id='word_1_677' title='bbox 2869 4627 3016 4700; x_wconf 77' lang='grc' dir='ltr'>εἶχεν</span> <span class='ocrx_word' id='word_1_678' title='bbox 3073 4629 3200 4684; x_wconf 77' lang='grc' dir='ltr'>οὔτε</span> <span class='ocrx_word' id='word_1_679' title='bbox 3261 4634 3369 4702; x_wconf 80' lang='grc' dir='ltr'>μὴν</span> <span class='ocrx_word' id='word_1_680' title='bbox 3394 4635 3498 4693; x_wconf 83' lang='grc' dir='ltr'>τοῖς</span> <span class='ocrx_word' id='word_1_681' title='bbox 3535 4627 3703 4684; x_wconf 77' lang='grc' dir='ltr'>οἰκείοις</span> 
     </span>
    </p>
   </div>
   <div class='ocr_carea' id='block_1_103' title="bbox 2185 4715 3702 4801">
    <p class='ocr_par' dir='ltr' id='par_1_103' title="bbox 2185 4715 3702 4801">
     <span class='ocr_line' id='line_1_103' title="bbox 2185 4715 3702 4801; baseline -0.011 -18"><span class='ocrx_word' id='word_1_682' title='bbox 2185 4729 2377 4801; x_wconf 70' lang='grc' dir='ltr'>ἢθελεν</span> <span class='ocrx_word' id='word_1_683' title='bbox 2417 4725 2702 4794; x_wconf 83' lang='grc' dir='ltr'>λογισμοῖς</span> <span class='ocrx_word' id='word_1_684' title='bbox 2736 4722 3072 4794; x_wconf 75' lang='grc' dir='ltr'>χρήσασθαι,</span> <span class='ocrx_word' id='word_1_685' title='bbox 3127 4723 3268 4776; x_wconf 83' lang='grc' dir='ltr'>ἀλλὰ</span> <span class='ocrx_word' id='word_1_686' title='bbox 3297 4724 3358 4777; x_wconf 78' lang='grc' dir='ltr'>τὸ</span> <span class='ocrx_word' id='word_1_687' title='bbox 3389 4725 3493 4776; x_wconf 83' lang='grc' dir='ltr'>πᾶν</span> <span class='ocrx_word' id='word_1_688' title='bbox 3521 4719 3587 4788; x_wconf 81' lang='grc' dir='ltr'>τῷ</span> <span class='ocrx_word' id='word_1_689' title='bbox 3618 4715 3702 4783; x_wconf 78' lang='grc' dir='ltr'><strong>Θεῷ</strong></span> 
     </span>
    </p>
   </div>
   <div class='ocr_carea' id='block_1_104' title="bbox 2183 4808 3702 4889">
    <p class='ocr_par' dir='ltr' id='par_1_104' title="bbox 2183 4808 3702 4889">
     <span class='ocr_line' id='line_1_104' title="bbox 2183 4808 3702 4889; baseline -0.013 -13"><span class='ocrx_word' id='word_1_690' title='bbox 2183 4819 2521 4889; x_wconf 85' lang='grc' dir='ltr'>ἀναθέμενος</span> <span class='ocrx_word' id='word_1_691' title='bbox 2554 4815 2614 4880; x_wconf 81' lang='grc' dir='ltr'>ἐξ</span> <span class='ocrx_word' id='word_1_692' title='bbox 2636 4814 2849 4868; x_wconf 82' lang='grc' dir='ltr'>ἐκείνου</span> <span class='ocrx_word' id='word_1_693' title='bbox 2873 4813 2972 4884; x_wconf 81' lang='grc' dir='ltr'>τὴν</span> <span class='ocrx_word' id='word_1_694' title='bbox 2995 4815 3180 4884; x_wconf 90' lang='grc' dir='ltr'>κρίσιν</span> <span class='ocrx_word' id='word_1_695' title='bbox 3212 4817 3418 4886; x_wconf 65' lang='grc' dir='ltr'><strong>⁴ᾐτεῖτο.</strong></span> <span class='ocrx_word' id='word_1_696' title='bbox 3461 4808 3702 4878; x_wconf 79' lang='grc' dir='ltr'>Τοιγαροῦν</span> 
     </span>
    </p>
   </div>
   <div class='ocr_carea' id='block_1_105' title="bbox 2191 4903 3703 4979">
    <p class='ocr_par' dir='ltr' id='par_1_105' title="bbox 2191 4903 3703 4979">
     <span class='ocr_line' id='line_1_105' title="bbox 2191 4903 3703 4979; baseline -0.011 -12"><span class='ocrx_word' id='word_1_697' title='bbox 2191 4913 2439 4972; x_wconf 65' lang='grc' dir='ltr'>ἅπαντας</span> <span class='ocrx_word' id='word_1_698' title='bbox 2484 4904 3000 4979; x_wconf 82' lang='grc' dir='ltr'>μετακαλεσάμενος</span> <span class='ocrx_word' id='word_1_699' title='bbox 3036 4905 3132 4958; x_wconf 87' lang='grc' dir='ltr'><strong>τοῦ</strong></span> <span class='ocrx_word' id='word_1_700' title='bbox 3166 4903 3446 4974; x_wconf 73' lang='grc' dir='ltr'>ἱερατικοῦ</span> <span class='ocrx_word' id='word_1_701' title='bbox 3470 4903 3553 4955; x_wconf 73' lang='grc' dir='ltr'><strong>καί</strong></span> <span class='ocrx_word' id='word_1_702' title='bbox 3579 4914 3703 4968; x_wconf 64' lang='lat' dir='ltr'><strong>aspa-</strong></span> 
     </span>
    </p>
   </div>
   <div class='ocr_carea' id='block_1_106' title="bbox 2188 4993 3702 5067">
    <p class='ocr_par' dir='ltr' id='par_1_106' title="bbox 2188 4993 3702 5067">
     <span class='ocr_line' id='line_1_106' title="bbox 2188 4993 3702 5067; baseline -0.008 -10"><span class='ocrx_word' id='word_1_703' title='bbox 2188 5001 2444 5058; x_wconf 85' lang='grc' dir='ltr'>τιωτικοῦ</span> <span class='ocrx_word' id='word_1_704' title='bbox 2505 4999 2811 5067; x_wconf 85' lang='grc' dir='ltr'>καταλόγου</span> <span class='ocrx_word' id='word_1_705' title='bbox 2869 5001 2951 5062; x_wconf 83' lang='grc' dir='ltr'>εἰς</span> <span class='ocrx_word' id='word_1_706' title='bbox 3007 4998 3108 5064; x_wconf 79' lang='grc' dir='ltr'>τὴν</span> <span class='ocrx_word' id='word_1_707' title='bbox 3161 4997 3256 5050; x_wconf 88' lang='grc' dir='ltr'><strong>τοῦ</strong></span> <span class='ocrx_word' id='word_1_708' title='bbox 3305 4996 3438 5049; x_wconf 81' lang='grc' dir='ltr'>Θεοῦ</span> <span class='ocrx_word' id='word_1_709' title='bbox 3498 4993 3702 5058; x_wconf 72' lang='grc' dir='ltr'>Μεγάλην</span> 
     </span>
    </p>
   </div>
   <div class='ocr_carea' id='block_1_107' title="bbox 2187 5087 3702 5170">
    <p class='ocr_par' dir='ltr' id='par_1_107' title="bbox 2187 5087 3702 5170">
     <span class='ocr_line' id='line_1_107' title="bbox 2187 5087 3702 5170; baseline -0.013 -16"><span class='ocrx_word' id='word_1_710' title='bbox 2187 5098 2486 5170; x_wconf 81' lang='grc' dir='ltr'>ἐκκλησίαν</span> <span class='ocrx_word' id='word_1_711' title='bbox 2549 5096 2794 5164; x_wconf 74' lang='grc' dir='ltr'>ἑσπέρας</span> <span class='ocrx_word' id='word_1_712' title='bbox 2835 5095 3020 5165; x_wconf 76' lang='grc' dir='ltr'>φοιτᾷ.</span> <span class='ocrx_word' id='word_1_713' title='bbox 3061 5093 3172 5147; x_wconf 77' lang='grc' dir='ltr'><strong>Καὶ</strong></span> <span class='ocrx_word' id='word_1_714' title='bbox 3199 5090 3369 5146; x_wconf 79' lang='grc' dir='ltr'>αὑτοῦ</span> <span class='ocrx_word' id='word_1_715' title='bbox 3401 5091 3465 5161; x_wconf 78' lang='grc' dir='ltr'>δὴ</span> <span class='ocrx_word' id='word_1_716' title='bbox 3501 5087 3580 5142; x_wconf 88' lang='grc' dir='ltr'><strong>τοῦ</strong></span> <span class='ocrx_word' id='word_1_717' title='bbox 3624 5101 3702 5136; x_wconf 77' lang='grc' dir='ltr'>τια-</span> 
     </span>
    </p>
   </div>
   <div class='ocr_carea' id='block_1_108' title="bbox 2189 5171 3703 5262">
    <p class='ocr_par' dir='ltr' id='par_1_108' title="bbox 2189 5171 3703 5262">
     <span class='ocr_line' id='line_1_108' title="bbox 2189 5171 3703 5262; baseline -0.014 -17"><span class='ocrx_word' id='word_1_718' title='bbox 2189 5191 2457 5262; x_wconf 85' lang='grc' dir='ltr'>τριάρχου</span> <span class='ocrx_word' id='word_1_719' title='bbox 2515 5186 2786 5239; x_wconf 86' lang='grc' dir='ltr'>Νικολάου</span> <span class='ocrx_word' id='word_1_720' title='bbox 2829 5185 2875 5217; x_wconf 83' lang='grc'>³³</span> <span class='ocrx_word' id='word_1_721' title='bbox 2902 5185 3011 5256; x_wconf 88' lang='lat'><strong>(89)</strong></span> <span class='ocrx_word' id='word_1_722' title='bbox 3046 5183 3314 5252; x_wconf 85' lang='grc' dir='ltr'>παρόντος</span> <span class='ocrx_word' id='word_1_723' title='bbox 3382 5179 3588 5250; x_wconf 62' lang='grc' dir='ltr'>(ἔφθασε</span> <span class='ocrx_word' id='word_1_724' title='bbox 3625 5171 3703 5241; x_wconf 79' lang='grc' dir='ltr'>γὰρ</span> 
     </span>
    </p>
   </div>
   <div class='ocr_carea' id='block_1_109' title="bbox 1536 5273 2690 5349">
    <p class='ocr_par' dir='ltr' id='par_1_109' title="bbox 1536 5273 2690 5349">
     <span class='ocr_line' id='line_1_109' title="bbox 1536 5273 2690 5349; baseline 0.006 -16"><span class='ocrx_word' id='word_1_725' title='bbox 1536 5273 1739 5338; x_wconf 72' lang='lat' dir='ltr'><strong>Variaa</strong></span> <span class='ocrx_word' id='word_1_726' title='bbox 1764 5278 2079 5348; x_wconf 88' lang='lat' dir='ltr'><strong>lectiones</strong></span> <span class='ocrx_word' id='word_1_727' title='bbox 2121 5303 2201 5349; x_wconf 81' lang='lat' dir='ltr'><strong>ex</strong></span> <span class='ocrx_word' id='word_1_728' title='bbox 2234 5283 2377 5347; x_wconf 90' lang='lat' dir='ltr'><strong>cod.</strong></span> <span class='ocrx_word' id='word_1_729' title='bbox 2423 5279 2690 5342; x_wconf 88' lang='lat' dir='ltr'><strong>Coislin.</strong></span> 
     </span>
    </p>
   </div>
   <div class='ocr_carea' id='block_1_110' title="bbox 584 5366 1684 5448">
    <p class='ocr_par' dir='ltr' id='par_1_110' title="bbox 584 5366 1684 5448">
     <span class='ocr_line' id='line_1_110' title="bbox 584 5366 1684 5448; baseline 0.011 -27"><span class='ocrx_word' id='word_1_730' title='bbox 584 5368 628 5400; x_wconf 83' lang='lat'><strong>&quot;</strong></span> <span class='ocrx_word' id='word_1_731' title='bbox 658 5366 1022 5446; x_wconf 74' lang='grc' dir='ltr'>πανστρατιᾷ.</span> <span class='ocrx_word' id='word_1_732' title='bbox 1115 5375 1163 5407; x_wconf 85' lang='grc'><em>³³</em></span> <span class='ocrx_word' id='word_1_733' title='bbox 1185 5375 1356 5448; x_wconf 90' lang='grc' dir='ltr'>κυροῦ</span> <span class='ocrx_word' id='word_1_734' title='bbox 1384 5377 1684 5434; x_wconf 83' lang='grc' dir='ltr'>Νικολάου.</span> 
     </span>
    </p>
   </div>
   <div class='ocr_carea' id='block_1_111' title="bbox 1580 5468 2692 5549">
    <p class='ocr_par' dir='ltr' id='par_1_111' title="bbox 1580 5468 2692 5549">
     <span class='ocr_line' id='line_1_111' title="bbox 1580 5468 2692 5549; baseline -0.004 -15"><span class='ocrx_word' id='word_1_735' title='bbox 1580 5473 1722 5534; x_wconf 85' lang='lat' dir='ltr'><strong>Car.</strong></span> <span class='ocrx_word' id='word_1_736' title='bbox 1756 5471 2084 5534; x_wconf 87' lang='lat' dir='ltr'><strong>Dufresnii</strong></span> <span class='ocrx_word' id='word_1_737' title='bbox 2111 5476 2212 5536; x_wconf 87' lang='lat' dir='ltr'><strong>Du</strong></span> <span class='ocrx_word' id='word_1_738' title='bbox 2255 5468 2480 5549; x_wconf 77' lang='lat' dir='ltr'><strong>Cangii</strong></span> <span class='ocrx_word' id='word_1_739' title='bbox 2503 5476 2692 5530; x_wconf 67' lang='lat' dir='ltr'><strong>notua.</strong></span> 
     </span>
    </p>
   </div>
   <div class='ocr_carea' id='block_1_112' title="bbox 583 5565 2080 5648">
    <p class='ocr_par' dir='ltr' id='par_1_112' title="bbox 583 5565 2080 5648">
     <span class='ocr_line' id='line_1_112' title="bbox 583 5565 2080 5648; baseline 0.009 -30"><span class='ocrx_word' id='word_1_740' title='bbox 583 5565 804 5648; x_wconf 38' lang='lat'><strong>(88)-&#39;0</strong></span> <span class='ocrx_word' id='word_1_741' title='bbox 858 5573 1222 5648; x_wconf 73' lang='grc' dir='ltr'>χρρακηνός.</span> <span class='ocrx_word' id='word_1_742' title='bbox 1286 5571 1484 5644; x_wconf 89' lang='lat' dir='ltr'><strong>Supra,</strong></span> <span class='ocrx_word' id='word_1_743' title='bbox 1544 5576 1608 5628; x_wconf 85' lang='grc' dir='ltr'><strong>ἐκ</strong></span> <span class='ocrx_word' id='word_1_744' title='bbox 1667 5575 1763 5629; x_wconf 82' lang='grc' dir='ltr'><strong>τοῦ</strong></span> <span class='ocrx_word' id='word_1_745' title='bbox 1817 5577 2080 5648; x_wconf 81' lang='grc' dir='ltr'>χάρακος,</span> 
     </span>
    </p>
   </div>
   <div class='ocr_carea' id='block_1_113' title="bbox 513 5639 1001 5706">
    <p class='ocr_par' dir='ltr' id='par_1_113' title="bbox 513 5639 1001 5706">
     <span class='ocr_line' id='line_1_113' title="bbox 513 5639 1001 5706; baseline 0.008 -18"><span class='ocrx_word' id='word_1_746' title='bbox 513 5639 788 5706; x_wconf 75' lang='lat' dir='ltr'><strong>gregarius</strong></span> <span class='ocrx_word' id='word_1_747' title='bbox 823 5641 1001 5692; x_wconf 89' lang='lat' dir='ltr'><strong>miles.</strong></span> 
     </span>
    </p>
   </div>
   <div class='ocr_carea' id='block_1_114' title="bbox 587 5707 2081 5782">
    <p class='ocr_par' dir='ltr' id='par_1_114' title="bbox 587 5707 2081 5782">
     <span class='ocr_line' id='line_1_114' title="bbox 587 5707 2081 5782; baseline 0.006 -22"><span class='ocrx_word' id='word_1_748' title='bbox 587 5707 697 5782; x_wconf 78' lang='lat'><strong>(-_9)</strong></span> <span class='ocrx_word' id='word_1_749' title='bbox 738 5707 1068 5782; x_wconf 72' lang='grc' dir='ltr'>Νικολάου.</span> <span class='ocrx_word' id='word_1_750' title='bbox 1108 5711 1364 5766; x_wconf 86' lang='lat' dir='ltr'><strong>Nicolaus</strong></span> <span class='ocrx_word' id='word_1_751' title='bbox 1392 5716 1688 5770; x_wconf 91' lang='lat' dir='ltr'><strong>monachus</strong></span> <span class='ocrx_word' id='word_1_752' title='bbox 1743 5717 1810 5769; x_wconf 90' lang='lat' dir='ltr'><strong>ad</strong></span> <span class='ocrx_word' id='word_1_753' title='bbox 1848 5716 2081 5782; x_wconf 85' lang='lat' dir='ltr'><strong>patriar-</strong></span> 
     </span>
    </p>
   </div>
   <div class='ocr_carea' id='block_1_115' title="bbox 514 5775 2077 5855">
    <p class='ocr_par' dir='ltr' id='par_1_115' title="bbox 514 5775 2077 5855">
     <span class='ocr_line' id='line_1_115' title="bbox 514 5775 2077 5855; baseline 0.008 -28"><span class='ocrx_word' id='word_1_754' title='bbox 514 5775 722 5855; x_wconf 46' lang='lat' dir='ltr'><strong>r‘halem</strong></span> <span class='ocrx_word' id='word_1_755' title='bbox 751 5780 932 5855; x_wconf 62' lang='lat' dir='ltr'><strong>sedem</strong></span> <span class='ocrx_word' id='word_1_756' title='bbox 959 5782 1210 5855; x_wconf 50' lang='lat' dir='ltr'><strong>evehitur</strong></span> <span class='ocrx_word' id='word_1_757' title='bbox 1259 5783 1454 5855; x_wconf 50' lang='lat' dir='ltr'><strong>inflict.</strong></span> <span class='ocrx_word' id='word_1_758' title='bbox 1497 5784 1549 5855; x_wconf 64' lang='grc'>7,</span> <span class='ocrx_word' id='word_1_759' title='bbox 1584 5801 1674 5840; x_wconf 90' lang='lat' dir='ltr'><strong>an.</strong></span> <span class='ocrx_word' id='word_1_760' title='bbox 1714 5775 1879 5849; x_wconf 78' lang='grc'>1000,</span> <span class='ocrx_word' id='word_1_761' title='bbox 1921 5787 2077 5855; x_wconf 86' lang='lat' dir='ltr'><strong>juxta</strong></span> 
     </span>
    </p>
   </div>
   <div class='ocr_carea' id='block_1_116' title="bbox 513 5845 2077 5924">
    <p class='ocr_par' dir='ltr' id='par_1_116' title="bbox 513 5845 2077 5924">
     <span class='ocr_line' id='line_1_116' title="bbox 513 5845 2077 5924; baseline 0.007 -26"><span class='ocrx_word' id='word_1_762' title='bbox 513 5845 728 5904; x_wconf 66' lang='lat' dir='ltr'><strong>Gut-cos</strong></span> <span class='ocrx_word' id='word_1_763' title='bbox 781 5846 941 5916; x_wconf 70' lang='lat'><strong>6592,</strong></span> <span class='ocrx_word' id='word_1_764' title='bbox 1004 5850 1205 5908; x_wconf 78' lang='lat' dir='ltr'><strong>Christi</strong></span> <span class='ocrx_word' id='word_1_765' title='bbox 1274 5851 1432 5910; x_wconf 74' lang='lat' dir='ltr'><strong>l08-l.</strong></span> <span class='ocrx_word' id='word_1_766' title='bbox 1500 5853 1637 5910; x_wconf 85' lang='lat' dir='ltr'><strong>llinc</strong></span> <span class='ocrx_word' id='word_1_767' title='bbox 1700 5845 2077 5924; x_wconf 74' lang='lat' dir='ltr'><strong>corrigendum</strong></span> 
     </span>
    </p>
   </div>
   <div class='ocr_carea' id='block_1_117' title="bbox 2194 5568 3702 5644">
    <p class='ocr_par' dir='ltr' id='par_1_117' title="bbox 2194 5568 3702 5644">
     <span class='ocr_line' id='line_1_117' title="bbox 2194 5568 3702 5644; baseline -0.008 -14"><span class='ocrx_word' id='word_1_768' title='bbox 2194 5576 2450 5632; x_wconf 90' lang='lat' dir='ltr'><strong>mendum</strong></span> <span class='ocrx_word' id='word_1_769' title='bbox 2482 5573 2627 5640; x_wconf 88' lang='lat' dir='ltr'><strong>quod</strong></span> <span class='ocrx_word' id='word_1_770' title='bbox 2663 5572 2717 5644; x_wconf 89' lang='lat' dir='ltr'><strong>in</strong></span> <span class='ocrx_word' id='word_1_771' title='bbox 2766 5572 3067 5644; x_wconf 57' lang='lat' dir='ltr'><strong>gersionem</strong></span> <span class='ocrx_word' id='word_1_772' title='bbox 3129 5574 3371 5644; x_wconf 89' lang='lat' dir='ltr'><strong>irrepsit.</strong></span> <span class='ocrx_word' id='word_1_773' title='bbox 3437 5573 3632 5644; x_wconf 62' lang='lat' dir='ltr'><strong>Esslant</strong></span> <span class='ocrx_word' id='word_1_774' title='bbox 3667 5568 3702 5619; x_wconf 87' lang='lat' dir='ltr'><strong>in</strong></span> 
     </span>
    </p>
   </div>
   <div class='ocr_carea' id='block_1_118' title="bbox 2193 5641 3702 5722">
    <p class='ocr_par' dir='ltr' id='par_1_118' title="bbox 2193 5641 3702 5722">
     <span class='ocr_line' id='line_1_118' title="bbox 2193 5641 3702 5722; baseline -0.003 -22"><span class='ocrx_word' id='word_1_775' title='bbox 2193 5645 2524 5700; x_wconf 89' lang='lat' dir='ltr'><strong>Bibliotheca</strong></span> <span class='ocrx_word' id='word_1_776' title='bbox 2574 5643 2742 5722; x_wconf 87' lang='lat' dir='ltr'><strong>regis_</strong></span> <span class='ocrx_word' id='word_1_777' title='bbox 2762 5641 3216 5722; x_wconf 77' lang='lat' dir='ltr'><strong>Christianissimi</strong></span> <span class='ocrx_word' id='word_1_778' title='bbox 3242 5641 3370 5699; x_wconf 76' lang='lat' dir='ltr'><strong>cod.</strong></span> <span class='ocrx_word' id='word_1_779' title='bbox 3396 5643 3524 5722; x_wconf 77' lang='lat' dir='ltr'><strong>_9l2,</strong></span> <span class='ocrx_word' id='word_1_780' title='bbox 3558 5652 3702 5722; x_wconf 60' lang='lat' dir='ltr'><strong>mmmf</strong></span> 
     </span>
    </p>
   </div>
   <div class='ocr_carea' id='block_1_119' title="bbox 2191 5714 3702 5780">
    <p class='ocr_par' dir='ltr' id='par_1_119' title="bbox 2191 5714 3702 5780">
     <span class='ocr_line' id='line_1_119' title="bbox 2191 5714 3702 5780; baseline -0.002 -10"><span class='ocrx_word' id='word_1_781' title='bbox 2191 5718 2418 5770; x_wconf 88' lang='lat' dir='ltr'><strong>chorum</strong></span> <span class='ocrx_word' id='word_1_782' title='bbox 2473 5714 2834 5780; x_wconf 86' lang='lat' dir='ltr'><strong>quorumdam</strong></span> <span class='ocrx_word' id='word_1_783' title='bbox 2867 5723 3022 5766; x_wconf 73' lang='lat' dir='ltr'><strong>extra</strong></span> <span class='ocrx_word' id='word_1_784' title='bbox 3069 5714 3341 5768; x_wconf 84' lang='lat' dir='ltr'><strong>civitatem</strong></span> <span class='ocrx_word' id='word_1_785' title='bbox 3381 5714 3702 5780; x_wconf 66' lang='lat' dir='ltr'><strong>Acouutiortlm</strong></span> 
     </span>
    </p>
   </div>
   <div class='ocr_carea' id='block_1_120' title="bbox 2187 5779 3702 5854">
    <p class='ocr_par' dir='ltr' id='par_1_120' title="bbox 2187 5779 3702 5854">
     <span class='ocr_line' id='line_1_120' title="bbox 2187 5779 3702 5854; baseline -0.006 -16"><span class='ocrx_word' id='word_1_786' title='bbox 2187 5779 2550 5854; x_wconf 63' lang='lat' dir='ltr'><strong>Quaestiones,</strong></span> <span class='ocrx_word' id='word_1_787' title='bbox 2591 5792 2656 5854; x_wconf 77' lang='lat' dir='ltr'><strong>et</strong></span> <span class='ocrx_word' id='word_1_788' title='bbox 2683 5781 2754 5854; x_wconf 76' lang='lat' dir='ltr'><strong>ad</strong></span> <span class='ocrx_word' id='word_1_789' title='bbox 2776 5798 2890 5854; x_wconf 10' lang='lat' dir='ltr'><strong>reas</strong></span> <span class='ocrx_word' id='word_1_790' title='bbox 2912 5797 3169 5850; x_wconf 71' lang='lat' dir='ltr'><strong>responsa</strong></span> <span class='ocrx_word' id='word_1_791' title='bbox 3199 5784 3388 5854; x_wconf 83' lang='lat' dir='ltr'><strong>synodi</strong></span> <span class='ocrx_word' id='word_1_792' title='bbox 3419 5784 3512 5838; x_wconf 84' lang='lat' dir='ltr'><strong>sub</strong></span> <span class='ocrx_word' id='word_1_793' title='bbox 3533 5779 3702 5834; x_wconf 82' lang='lat' dir='ltr'><strong>Nicolao</strong></span> 
     </span>
    </p>
   </div>
   <div class='ocr_carea' id='block_1_121' title="bbox 2187 5851 3221 5927">
    <p class='ocr_par' dir='ltr' id='par_1_121' title="bbox 2187 5851 3221 5927">
     <span class='ocr_line' id='line_1_121' title="bbox 2187 5851 3221 5927; baseline -0.004 -19"><span class='ocrx_word' id='word_1_794' title='bbox 2187 5851 2500 5927; x_wconf 82' lang='lat' dir='ltr'><strong>patriarcha</strong></span> <span class='ocrx_word' id='word_1_795' title='bbox 2542 5859 2596 5907; x_wconf 84' lang='lat' dir='ltr'><strong>ct.</strong></span> <span class='ocrx_word' id='word_1_796' title='bbox 2635 5851 2821 5906; x_wconf 78' lang='lat' dir='ltr'><strong>Alexio</strong></span> <span class='ocrx_word' id='word_1_797' title='bbox 2855 5852 3049 5908; x_wconf 77' lang='lat' dir='ltr'><strong>Coinu.</strong></span> <span class='ocrx_word' id='word_1_798' title='bbox 3089 5855 3221 5924; x_wconf 89' lang='lat' dir='ltr'><strong>imp.</strong></span> 
     </span>
    </p>
   </div>
  </div>
