3798 6566
484 411 588 479 ’111

1782 393 2011 478 ΑΝΝΑξ
2051 391 2078 452 c

2183 381 2430 447 ΙΝΕΝΕ
3578 371 3658 434 ’ἳιὲ

487 531 656 584 stum,
709 519 864 590 cujus
915 516 1018 571 iste
1078 509 1273 584 nebulo
1327 522 1388 564 se
1437 504 1641 578 prolem
1676 473 2063 564 mentiebatur,

2183 495 2225 548 ςέ
2259 507 2324 559 γε
2371 483 2735 559 ψευδώνυμος.
2774 475 3033 532 τοσοῦτον
3089 473 3574 547 ἀπηναισχύντησεν,
3607 483 3660 545 ὡς

2242 586 2252 590 -
2300 583 2320 590 Α
2361 583 2382 590 ..
2476 579 2490 590 ι
2547 577 2562 590 ι
2624 575 2666 590 ος
2723 572 2748 590 Α
2793 572 2804 590 ο
2904 569 3090 590 L,',__-.
3130 565 3496 590 ____-..---_'_9___-
3547 571 3600 590 ηρ

489 612 848 668 admiratione
878 617 1094 674 captum
1132 605 1401 658 virtutum
1449 596 1688 669 Bryenii,
1746 608 1904 670 quem
1963 606 2064 646 nec

492 706 671 774 parvis
705 716 802 756 nec
849 698 1026 752 dubiis
1080 690 1470 762 experimentis
1518 695 1863 751 compererat
1908 683 2066 751 longe

490 796 731 848 ()tllltltllll
769 792 1050 860 prudentia
1084 796 1246 854 atque
1290 783 1505 854 ingenio
1535 780 1700 850 276
1734 795 1764 848 p
1798 775 2069 831 aastantis-

491 888 714 948 sitnum,
748 890 897 936 recto
928 881 1254 947 sinceraque
1283 876 1464 929 animo
1504 874 1700 936 virum,
1739 883 1981 923 veracem
2010 867 2066 918 in

490 990 765 1039 sermone,
797 975 849 1028 in
882 973 1028 1026 omni
1070 972 1194 1023 vitae
1227 986 1323 1023 usu
1357 979 1521 1037 atque
1567 963 1740 1019 ollicio
1776 961 2063 1016 candidum

493 1069 709 1137 lucique
759 1082 822 1120 ac
871 1064 1237 1119 simulationis
1287 1069 1601 1129 expertem,
1639 1056 1922 1111 aﬂ'ectasse
1962 1051 2065 1107 sibi

492 1165 784 1232 adjungere
815 1158 1219 1215 necessitudine
1249 1172 1411 1225 quam
1445 1153 1778 1211 arctissiuta,
1809 1158 1862 1202 et
1896 1147 2070 1216 ipsius

493 1253 636 1307 haud
686 1265 829 1321 a‘gre
877 1249 1172 1303 accedente
1219 1261 1484 1300 consensu
1533 1248 1872 1295 contractam
1933 1237 2071 1289 inter

493 1345 647 1412 ipsos
683 1353 924 1396 mutuam
961 1338 1236 1408 quandam
1270 1331 1644 1404 germanitatis
1673 1330 2018 1396 adoptionem
2052 1341 2066 1378 :

495 1437 652 1505 Cujus
707 1434 830 1503 jure
889 1433 1085 1502 planus
1139 1429 1239 1482 iste
1293 1425 1596 1479 Romanum
1652 1419 1966 1488 Diogenem,
2027 1415 2071 1470 si

496 1528 678 1597 placet
710 1525 947 1592 superis,
982 1519 1311 1591 agnoscebat
1362 1526 1644 1585 patruum,
1675 1521 1729 1565 ct
1774 1525 1839 1579 ca
1876 1507 2070 1562 ﬁtiUt'ia

497 1618 848 1674 incumbebat
907 1617 959 1668 in
1023 1613 1308 1668 consilium
1366 1604 1751 1672 Adrianopolis
1805 1600 2068 1669 pcteudtu.

497 1709 636 1764 Sunt
674 1707 897 1762 Barbari
930 1721 1118 1760 omnes
1151 1702 1288 1757 levis
1323 1698 1702 1764 iustabilisque
1737 1695 1954 1755 mentis,
1991 1692 2075 1744 in-

497 1798 670 1866 deque
701 1799 765 1849 ad
806 1794 1030 1864 quasvis
1058 1792 1368 1846 suasionum
1400 1791 1546 1841 vices
1587 1783 1816 1838 naturali
1842 1783 2071 1848 quadam

499 1891 825 1958 proprietate
856 1886 1170 1940 mobilitatis
1217 1881 1474 1952 expositi.
1529 1876 1836 1947 Magnificis
1889 1875 2069 1942 itaque

503 1979 996 2049 Pscuilo—Diogcnis
1049 1977 1396 2032 sermonibus
1452 1972 1593 2026 haud
1654 1983 1797 2039 agre
1854 1965 2070 2038 impulsi

2107 1852 2486 1942 ΒΔιογένους,
2544 1871 2638 1924 τοῦ
2707 1872 2768 1922 ὲκ
2825 1863 3202 1937 προαιρέσεως

2166 586 2264 637 καὶ
2298 583 2442 634 θεῖον
2473 577 2562 630 ἐπ’
2613 572 2873 643 ἀληθείας
2900 569 3090 622 τοῦτον
3130 565 3513 636 κατονομάζειν.
3546 571 3662 626 Οὕτω

2169 677 2267 748 μὲν
2316 670 2410 726 οὖν
2465 669 2536 721 τὰ
2591 667 2686 720 τοῦ
2743 662 3102 733 ψευδωνύμου
3153 659 3497 728 τεχνάσματα.
3538 663 3589 714 0i
3623 666 3662 718 δὲ

2167 767 2422 838 Κομάνοι
2453 763 2527 825 ὡς
2564 759 2844 831 Βάρῦαροι
2871 755 2933 808 τὸ
2965 757 3164 824 κοῦφον
3193 754 3282 804 καὶ
3327 751 3663 825 εὐμετάϐλητον

2169 860 2397 930 φυσικόν
2447 875 2499 909 τι
2562 849 3035 924 παρακολούθημα
3085 845 3403 916 κεκτημένοι
3450 847 3664 902 πείθονται

2166 957 2282 1010 τοῖς
2313 948 2478 1004 αὑτοῦ
2507 947 2719 1013 λόγοις,
2755 946 2848 998 καὶ
2871 940 3378 1010 καταλαμϐάνοντες
3403 937 3489 1010 τὴν
3528 940 3663 1010 Ἀδρι.

2168 1043 2466 1098 ανούπολιν
2521 1040 2722 1104 ἔξωθεν
2774 1039 2872 1106 τῆς
2929 1037 3140 1096 πόλεως
3187 1028 3383 1102 ταύτης
3417 1033 3666 1102 ηὐλίσαντο,

2169 1138 2265 1190 ἐπὶ
2296 1132 2712 1203 τεσσαράκοντα
2783 1129 2878 1183 καὶ
2918 1125 3060 1179 ὀκτὼ
3109 1124 3342 1196 ἡμέραις
3392 1124 3668 1196 καθεκάπην

2171 1230 2425 1297 πολέμων
2450 1227 2970 1297 συγκροτουμένων.
3007 1221 3119 1273 Καὶ
3147 1218 3254 1288 γὰρ
3287 1216 3333 1269 οἱ
3365 1216 3587 1285 νεώτεροι
3602 1220 3670 1272 καὶ

2173 1323 2309 1392 πρὶς
2362 1321 2604 1387 πόλεμον
2677 1315 3044 1383 σςαὸάζοντες
3102 1309 3225 1363 καθ’
3268 1309 3467 1378 ἡμέραν
3509 1309 3672 1380 ἐξερχό.

2176 1430 2351 1484 μενοι,
2405 1411 2679 1479 πολέμους
2753 1405 2983 1475 συχνοὺς
3057 1401 3196 1472 μετὰ
3256 1400 3358 1451 τῶν
3431 1400 3670 1470 Βαρὸἁρων

2176 1505 2561 1573 συνεκρότουν.
2593 1500 2906 1570 Νικηφόρος
2937 1498 2965 1550 ὁ
3003 1494 3292 1564 Βρυέννιος
3326 1492 3439 1543 ἐπεὶ
3469 1493 3661 1545 κάτωθεν

2174 1597 2328 1667 παρὰ
2350 1594 2444 1649 τοῦ
2462 1592 2820 1664 ψευδωνύμου
2849 1590 3116 1658 ἐζητεῖτο,
3139 1584 3406 1654 πυργόθεν
3429 1583 3672 1654 προκύψας,

2174 1692 2276 1744 ὅσα
2313 1706 2375 1757 γε
2404 1689 2509 1741 ἀπὸ
2574 1687 2671 1755 τῆ;
2705 1683 2898 1751 φωνῆς
2947 1679 3043 1733 τοῦ
3090 1675 3286 1746 ἀνδρὸς
3319 1675 3676 1753 τεκμαιρόμενος

2177 1782 2329 1850 ἔλεγε
2369 1782 2504 1850 μήτε
2535 1779 2649 1830 υἱον
2684 1776 2847 1828 αὑτὸν
2887 1772 3282 1840 ἐπιγινώσκειν
3332 1765 3583 1830 Ῥωμανοῦ
3607 1765 3674 1816 τοῦ

3287 1857 3497 1926 ἀδελφοῦ
3556 1855 3676 1910 αὖτοῦ

2177 1965 2627 2038 χρηματίσαντος
2682 1964 2756 2026 ὡς
2802 1961 3022 2029 εἴρηται
3090 1957 3254 2010 δποῖα
3301 1953 3437 2020 φιλεῖ
3478 1951 3679 2010 πολλάκις

497 2074 720 2130 Comani
754 2071 1176 2142 proficiscuntur
1211 2064 1641 2134 Adrianopolim,
1693 2069 1746 2128 et
1793 2067 1945 2112 extra
1999 2057 2075 2110 ci-

2183 2057 2444 2121 γίνεσθαι,
2488 2057 2583 2108 καὶ
2609 2056 2693 2108 ὅτι
2727 2056 2752 2106 ὁ
2775 2053 2862 2105 ἐπ’
2899 2049 3130 2121 ἀληθείᾳ.
3165 2047 3282 2108 υἱὸς
3309 2043 3466 2098 αὑτοῦ
3497 2043 3564 2103 εἰς
3592 2043 3678 2092 Ἀνο

499 2167 730 2218 vitalem
758 2173 940 2216 castra
980 2161 1181 2213 locant.
1220 2158 1519 2227 Pugnatum
1566 2152 1638 2208 ibi
1693 2161 1772 2205 est
1803 2147 2078 2204 continuis

2183 2149 2423 2217 τιόχειαν
2459 2143 2720 2216 ἀνῃρέθη.
2756 2142 2943 2194 Ταῦτα
2971 2139 3141 2193 εἰπὼν
3197 2133 3318 2206 μετ’
3352 2129 3582 2203 αἰσχύνης
3617 2132 3680 2183 τὶν

499 2258 694 2312 diebus
721 2268 845 2310 octo
880 2270 1042 2322 supra
1093 2247 1472 2320 quadraginta.
1505 2244 1771 2300 Iuventus
1813 2239 1956 2294 enim
1996 2238 2077 2292 ci-

2184 2237 2486 2309 ὑποκριτὴν
2545 2235 2931 2305 ἀπεπέμψατο.

501 2349 687 2403 vitatis
737 2348 855 2417 ejus
905 2347 1122 2417 egregie
1183 2357 1396 2413 pugnax
1453 2338 1657 2392 nullum
1719 2335 1858 2389 diem
1920 2330 2072 2386 abire
2105 2331 2440 2401 patiebatur,
2498 2329 2678 2399 quoad
2763 2328 2870 2380 illic
2929 2322 3225 2379 substitere
3291 2318 3518 2381 Comani,
3591 2316 3682 2381 quin

500 2454 846 2512 erumperet,
906 2454 1250 2510 pugnamque
1308 2451 1429 2489 cum
1484 2432 1552 2486 iis
1614 2435 1950 2483 consereret.
2013 2424 2083 2476 At
2152 2422 2490 2492 Nicephorus
2549 2419 2821 2494 ‘Bryenius
2874 2417 3078 2471 nuntiis
3135 2412 3477 2484 psendonytni
3517 2414 3684 2461 vocatus

503 2534 558 2589 in
591 2549 792 2604 partes,
846 2535 910 2586 ad
962 2531 1293 2600 colloquium
1344 2524 1643 2582 consensit.
1677 2519 2076 2586 Prolerensque
2102 2526 2268 2587 caput
2300 2531 2330 2571 e
2388 2514 2648 2569 nitrniuut
2713 2523 2884 2574 turre,
2947 2511 3035 2562 ubi
3063 2521 3254 2560 vocem
3305 2503 3581 2574 impostoris
3617 2519 3686 2553 au-

504 2629 658 2692 divit,
688 2629 864 2682 fassns
895 2626 1112 2696 quidem
1148 2635 1231 2678 est
1255 2639 1313 2678 se
1340 2623 1638 2675 fraternam
1674 2631 1796 2670 cum
1875 2614 2121 2681 Augusto
2167 2611 2402 2679 DiOgene
2461 2610 2586 2662 dum
2635 2608 2843 2662 vireret
2895 2602 3210 2658 alliuitatem
3287 2600 3519 2662 coluisse,
3565 2595 3685 2648 lilium

504 2736 718 2791 quoque
754 2722 870 2790 ejus
914 2689 1183 2788 praeclare
1229 2715 1330 2770 sibi
1389 2721 1445 2766 et
1503 2719 1686 2764 uotum
1741 2717 1796 2762 et
1849 2705 2076 2759 charum
2107 2707 2282 2774 quoad
2313 2702 2581 2772 superfuit
2606 2701 2916 2760 exstitisse;
2957 2712 3080 2752 nam
3145 2695 3193 2749 is
3243 2692 3372 2763 quin
3436 2691 3556 2756 apud
3605 2689 3686 2742 An-

504 2815 760 2870 tiochiam
795 2784 1108 2866 inter—fectus
1140 2811 1233 2871 sit,
1269 2807 1474 2861 nullum
1503 2821 1624 2860 esse
1668 2805 1914 2858 dubium.
1963 2800 2214 2871 Improbe
2289 2798 2456 2866 igitur
2517 2807 2679 2864 atque
2757 2794 3098 2862 impudenter
3168 2785 3344 2857 agere
3375 2802 3488 2842 eum
3536 2784 3607 2851 qui
3647 2798 3687 2835 se

502 2906 892 2971 alloqueretur,
915 2900 1263 2954 manifestum
1287 2899 1594 2952 iuvasorem
1614 2894 1776 2950 alieni
1806 2893 2068 2950 nominis.
2120 2892 2252 2944 Cum
2279 2890 2361 2944 his
2383 2891 2668 2944 confusum
2697 2884 3084 2954 explosnmque
3135 2889 3474 2951 personatqu
3519 2877 3686 2930 miluum

504 3001 836 3058 amandavit.

575 3096 708 3151 Cum
741 3109 870 3148 vero
905 3092 957 3146 in
989 3102 1098 3146 tam
1148 3090 1370 3158 longum
1415 3098 1628 3158 tempus
1673 3090 2078 3157 oppugnatione

505 3187 836 3258 procedente
869 3185 1102 3238 arctiora
1134 3180 1276 3252 apud
1327 3181 1584 3234 obsessos
1627 3179 1808 3233 omnia
1862 3179 2074 3240 tierent,

507 3279 726 3348 scriptis
776 3277 809 3329 ii
861 3276 928 3328 ad
978 3275 1361 3342 imperatorem
1401 3272 1600 3326 litteris
1647 3269 1846 3324 auxilia
1896 3279 2080 3338 petere

508 3370 684 3425 coacti
719 3378 868 3422 sunt.
917 3365 963 3419 Is
990 3363 1262 3432 extemplo
1314 3363 1534 3418 mandat
1575 3361 1930 3417 Constantino
1981 3360 2081 3412 En-

510 3458 790 3529 phorlteno
821 3465 878 3508 ut
907 3454 1112 3509 selecto
1143 3452 1243 3506 sibi
1283 3466 1345 3504 ex
1377 3451 1546 3520 copiis
1579 3451 1837 3505 comitum
1861 3450 1951 3517 qui
1981 3447 2081 3502 sub

512 3553 631 3619 ipso
662 3557 820 3602 erant
855 3547 1052 3600 idoneo
1088 3558 1317 3598 numero
1368 3542 1588 3596 fortium
1642 3540 1871 3594 militum
1917 3547 2080 3593 noctu

509 3639 920 3708 Adrianopolim
955 3637 1332 3706 ingrederetur
1384 3649 1480 3702 per
1533 3648 1653 3687 eam
1705 3641 1914 3700 partem
1959 3645 2085 3700 qua:

510 3732 934 3788 Calathadorum
973 3728 1192 3782 dicitur.
1245 3725 1436 3780 Paruit
1483 3722 1778 3789 Catacalo;
1834 3722 2084 3789 viamque

513 3823 800 3878 ccul‘estim
856 3823 1133 3889 ingressus
1178 3833 1297 3887 qua:
1331 3816 1480 3871 dueit
1537 3814 1873 3870 Orestiadem
1920 3811 2085 3865 'l'esti-

512 3917 674 3969 nabat
732 3929 827 3981 spe
884 3913 1084 3981 optima
1142 3909 1362 3963 fallendi
1415 3907 1708 3972 Comauos,
1771 3914 1824 3959 et
1860 3904 1929 3960 iis
1978 3917 2082 3956 non

511 4005 926 4077 advertentibus
962 4003 1016 4056 in
1053 4002 1241 4056 urbem
1273 4001 1342 4054 ab
1379 3999 1485 4052 illis
1515 3999 1822 4060 obsessam,
1855 4012 1882 4050 a
1931 4005 2086 4064 parte

512 4103 693 4156 minus
719 4077 1008 4159 custodita,
1046 4094 1387 4164 peuetrandi.
1422 4090 1624 4146 Verum
1653 4089 1869 4145 fortuna
1902 4099 2085 4158 coepto

510 4193 706 4248 defuit.
757 4188 890 4242 Nam
949 4187 1162 4241 odorati
1219 4183 1503 4240 consilium
1559 4182 1676 4252 ejus
1728 4197 1922 4252 magno
1974 4191 2084 4232 tum

515 4298 744 4338 numero
790 4278 1312 4347 circnmequilantes
1374 4273 1615 4336 Barbari,
1679 4273 1806 4327 totis
1863 4273 1915 4324 in
1959 4285 2083 4324 eum

515 4371 741 4427 habenis
769 4369 1006 4432 inveCti,
1063 4365 1318 4421 recedere
1369 4373 1616 4418 coactum
1675 4362 1836 4415 etiam
1885 4361 2086 4414 acriter

516 4466 745 4520 insecuti
772 4472 918 4516 sunt.
948 4460 1065 4526 Quo
1098 4468 1338 4527 tempore
1367 4456 1522 4510 ducis
1547 4455 1787 4525 ejusdem
1818 4451 2086 4506 Constan-

518 4557 612 4608 tini
652 4552 1000 4608 Catacalonis
1035 4550 1177 4602 [ilius
1222 4547 1562 4616 Nicepltorus
1614 4545 1705 4613 qni
1759 4554 1942 4612 postea
1995 4556 2084 4595 so-

2269 3080 2419 3134 Ἐπεὶ
2449 3078 2505 3130 δὲ
2559 3076 2608 3128 οἱ
2650 3074 2802 3138 ἐντὸς
2856 3070 3360 3142 παρεκτεινομένου
3408 3067 3493 3121 τοῦ
3543 3066 3690 3135 καιροῦ

2185 3171 2502 3227 ὲστενοῦντο
2572 3169 2699 3238 ἤδη,
2759 3165 2848 3219 διὰ
2893 3163 3112 3234 γραφῆς
3180 3164 3449 3232 ᾐτήσαντο
3499 3158 3692 3228 βοήθειαν

2187 3265 2339 3336 παρὰ
2380 3261 2476 3315 τοῦ
2529 3257 2956 3328 αὐτοκράτορος.
3005 3255 3066 3308 '0
3121 3255 3180 3308 δὲ
3225 3253 3462 3321 παρευθὺ
3501 3266 3690 3320 παρακε-

2183 3358 2399 3410 λεύεται
2443 3349 2842 3420 Κωνσταντίνῳ
2891 3349 2970 3420 τῷ
3036 3345 3376 3417 Εὕφορόηνῷ
3427 3342 3691 3413 ἀποχρῶσαν

2185 3445 2567 3504 ἀποδιελέσθαι
2644 3443 2877 3510 δύναμιν
2955 3440 3064 3493 τῶν
3153 3439 3250 3492 ὑπ’
3337 3437 3490 3491 αὐτὸν
3561 3435 3692 3501 κομή-

2183 3558 2293 3595 των
2342 3539 2478 3609 (97),
2529 3535 2622 3590 καὶ
2659 3536 2748 3589 διὰ
2783 3533 2979 3596 νυκτὸς
3032 3531 3148 3602 μετ’
3181 3529 3366 3584 αὐτῶν
3416 3530 3488 3591 εἰς
3526 3526 3692 3593 Ἀδριι·

2184 3631 2436 3686 νούπολιν
2489 3631 2576 3683 διὰ
2613 3627 2704 3681 τοῦ
2741 3628 2940 3698 μέρους
2972 3624 3080 3679 τῶν
3113 3623 3446 3677 Καλαθάδων
3467 3619 3692 3673 εἰσελθεῖν.

2185 3726 2295 3778 Καὶ
2347 3724 2374 3776 ὁ
2438 3719 2780 3776 Κατακαλὼν
2857 3717 3204 3788 παραχρῆμα
3286 3715 3386 3781 τῆς
3451 3712 3570 3781 πρὸς
3624 3708 3693 3774 τὴν

2195 3815 2512 3887 Ὀρεσιιᾴιδι
2577 3810 2853 3882 φερούσης
2922 3811 3120 3880 εἴχετο,
3203 3809 3324 3878 μετ’
3386 3801 3692 3873 ἀγαθῶντῶν

2186 3911 2416 3964 ἐλπίδων
2447 3905 2714 3977 λήσεσθαι
2748 3904 2877 3967 τοὺς
2925 3902 3220 3972 Κομάνους
3272 3901 3525 3969 οἰόμενος.
3575 3893 3694 3947 ’Δλλέι

2185 4003 2523 4072 διημάρτανε
2576 3998 2668 4051 τοῦ
2725 3995 2956 4050 σκοποῦ.
3019 3993 3348 4062 Αἰσθὸμενοι
3396 3990 3496 4061 γὰρ
3549 3984 3692 4040 τούτου

2188 4092 2580 4148 πολλαπλάσιοι
2605 4088 2908 4160 τηνικαῦτα.
2921 4088 2965 4120 ⁸⁷
3000 4086 3438 4154 ὲξιππασάμενοι
3461 4083 3545 4135 καὶ
3569 4094 3696 4147 προσ-

2187 4185 2482 4247 ϐαλόντες,
2535 4179 2829 4234 ἀπώσαντό
2889 4196 2951 4231 τε
3009 4179 3089 4240 εἰς
3151 4177 3398 4229 τούπίσω
3447 4174 3532 4226 καὶ
3573 4168 3696 4234 ὀξέως

2189 4270 2436 4324 ἐδίωκον.
2502 4269 2775 4336 Ὀπηνίκα
2818 4267 2916 4320 καὶ
2961 4266 2988 4318 ὁ
3035 4263 3228 4318 τούτου
3285 4264 3398 4326 υἱὸς
3447 4258 3697 4328 Νικηφόρος

2187 4363 2282 4416 καὶ
2303 4363 2440 4432 ἐμὸς
2484 4362 2565 4423 εἰς
2615 4359 2842 4430 ὕστερον
2893 4357 3246 4430 χρηματίσας
3279 4354 3516 4425 γαμϐρὸς
3547 4353 3624 4404 ἐπὶ
3650 4349 3697 4416 τῇ

2191 4455 2308 4525 μετ’
2342 4453 2445 4518 ἐμὲ
2475 4452 2678 4522 ἀδελφῇ
2728 4455 2794 4521 τῇ
2842 4449 3349 4521 Πορφυρογεννήτῳ
3374 4445 3564 4514 Μαρίᾳ,
3601 4441 3696 4509 δόρυ

2194 4548 2410 4618 μακρὸν
2459 4545 2970 4613 ἐναγκαλισάμενος
3013 4543 3111 4596 κα)⁸
3160 4541 3502 4610 συναντήσας
3526 4536 3577 4601 ἐξ
3597 4537 3694 4589 ὑπο-

515 4661 694 4700 rorem
739 4659 910 4698 meam
943 4652 1074 4696 natu
1105 4641 1370 4694 minorem
1420 4637 1647 4692 Mariam
1706 4634 2078 4704 Porphyroge-

2191 4641 2432 4710 στροφῆς
2467 4639 2558 4692 τὸν
2603 4637 2869 4690 διώκοντα
2917 4636 3119 4698 αὐτοὺς
3159 4635 3206 4668 ⁸⁸
3242 4634 3478 4704 Σκύθην,
3522 4631 3697 4696 πλήττει

517 4738 684 4792 uitam
710 4738 764 4790 in
798 4733 1146 4789 matrimonio
1172 4730 1381 4797 habuit,
1408 4731 1621 4784 hastam
1653 4728 1862 4798 longam
1897 4735 2085 4781 ansato

515 4829 738 4885 brachio
771 4828 1098 4898 protendens
1120 4826 1298 4880 subito
1321 4836 1614 4877 conversus
1636 4832 1738 4886 est,
1767 4829 1816 4874 et
1855 4820 2086 4889 primum

518 4921 841 4976 instantium
898 4920 1036 4989 ipsis
1097 4917 1418 4988 Scytharum
1469 4914 1524 4968 in
1588 4912 1818 4967 adverso
1877 4910 2088 4966 fodiens

518 5024 739 5081 pectore
779 5013 926 5066 humi
964 5019 1236 5065 mortuum
1275 5007 1484 5062 afﬂixit.
1538 5004 1667 5058 Erat
1715 5006 1992 5059 enimvero
2043 5004 2089 5057 is

513 5107 732 5174 juvenis
763 5103 828 5158 ad
860 5117 1050 5157 omnes
1085 5100 1339 5155 militaris
1362 5096 1520 5153 ollicii
1553 5106 1735 5166 partes
1766 5112 1830 5150 ac
1857 5094 2084 5150 functio-

515 5212 613 5253 nes
660 5197 823 5267 277
884 5195 1063 5250 varias
1113 5194 1310 5248 decore
1369 5204 1434 5246 ac
1474 5198 1696 5245 strenue
1742 5187 2020 5243 obeundas
2051 5200 2082 5240 a

2194 4732 2337 4784 κατὰ
2407 4731 2466 4784 τὸ
2544 4730 2795 4799 στέρνον,
2857 4729 2886 4780 ὁ
2955 4728 3002 4781 δ’
3058 4726 3225 4789 εὐθὺς
3303 4725 3492 4796 νεκρὸς
3546 4721 3697 4774 ἔκειτο.

2193 4819 2316 4878 Οἵδε
2350 4823 2458 4892 γὰρ
2487 4821 2574 4873 ἐπ’
2613 4819 2841 4891 ἀληθείᾳ.
2872 4819 2999 4888 δόρυ
3051 4818 3366 4888 κραδαινειν
3424 4818 3505 4869 καὶ
3548 4811 3700 4865 ἀσπίδα

2192 4914 2674 4986 περιφράττεσθαι.
2739 4914 2852 4967 Καὶ
2905 4913 3278 4983 ἱππαζόμενον
3330 4913 3394 4965 ἄν
3445 4925 3523 4970 τις
3576 4901 3698 4956 αὑτὸν

2193 5010 2480 5072 ἐθεάσατο,
2541 5009 2602 5061 οὐ
2644 5005 2914 5076 Ῥωμαῖον
2935 5007 2980 5039 ⁸⁸
3011 5006 3232 5060 εἴκασεν
3264 5002 3424 5067 εἶναι,
3458 4999 3578 5053 ἀλλὰ
3597 4995 3700 5059 No;-

2198 5100 2432 5170 μανόθεν
2487 5099 2598 5170 (98)
2647 5099 2850 5172 ἥκειν·
2906 5096 3092 5166 θαῦμα
3137 5098 3248 5168 γὰρ
3299 5093 3368 5166 ἦν
3411 5097 3439 5148 ὁ
3478 5089 3699 5146 νεανίσκος

2193 5195 2401 5256 ἐκεῖνος
2441 5192 2913 5263 ὲξιππαζόμενος,
2946 5192 3042 5245 καὶ
3073 5191 3241 5254 ὅντως
3285 5189 3599 5259 φιλοτίμημα
3629 5179 3704 5247 φά·

1551 5299 1749 5362 Variae
1777 5299 2083 5364 lectiones
2115 5320 2192 5366 ex
2228 5305 2372 5366 eod.
2408 5305 2671 5367 Coislin.

619 5409 666 5442 "
692 5413 854 5469 Deest
879 5426 979 5466 vox
1009 5409 1331 5482 τηνικαῦτα.
1405 5403 1450 5436 ⁸⁸
1482 5401 1644 5457 Deest
1673 5415 1778 5455 vox
1811 5403 2031 5468 αὐτούς.

2183 5406 2458 5478 Ῥωμαῖον
2487 5407 2607 5477 μιν.

1585 5526 1728 5587 Car.
1763 5523 2099 5586 Dufresuii
2142 5524 2234 5586 Du
2267 5521 2487 5599 Cangii
2527 5525 2728 5580 notia.

589 5633 700 5703 (97)
733 5632 1038 5701 Κομήτων.
1071 5629 1236 5702 349
1263 5625 1542 5683 Gallorum
1576 5627 1741 5698 forte,
1774 5631 1864 5699 qui
1900 5626 2090 5680 Alexio

516 5723 583 5762 eo
625 5720 740 5759 :Bvo
768 5708 1072 5758 merebant.

593 5776 705 5846 (98)
771 5773 1215 5846 Νορμαννόθεν.
1268 5773 1364 5827 Est
1417 5775 1706 5846 hae_e,__non
1761 5769 2091 5846 Normanno-

521 5841 642 5902 rum
669 5841 859 5910 modo,
885 5841 978 5900 Sed
1012 5845 1175 5900 etiam
1203 5846 1445 5900 omnium
1476 5842 1749 5899 Gallorum
1806 5841 1923 5894 laus
1949 5851 2088 5908 pra:-

2197 5626 2380 5692 cipua,
2415 5623 2558 5691 quod
2593 5618 2871 5688 equitandi
2895 5617 3117 5692 peritia,
3152 5625 3205 5670 et
3223 5613 3500 5692 equitatus
3552 5606 3699 5692 robore

2199 5685 2412 5746 eri-teris
2435 5685 2761 5745 nationibus
2787 5685 3176 5755 pragcellereut.
3210 5689 3388 5745 Anna,
3426 5685 3512 5735 lib.
3548 5685 3700 5755 mpig-

2199 5743 2497 5816 nos'ka
2528 5762 2637 5830 γὰρ
2671 5743 2877 5830 Κελτὸς
2909 5759 3051 5828 ἀνὴρ
3109 5759 3213 5819 πᾶς
3248 5743 3592 5830 ἐποχούμενος
3630 5743 3702 5813 μὲν

2199 5825 2654 5901 ἀνύποιστοςτῆν
2682 5829 2859 5900 ὁρμὴν
2889 5825 3105 5898 καὶ-τὴν
3137 5830 3261 5882 θέαν
3289 5825 3454 5879 ἐστίν.
