3798 6602
403 291 500 359 751

1704 299 1929 361 ANNAE
1967 301 2343 365 COMNEN/E
3275 341 3288 366 ι

3535 317 3629 381 ’152

407 412 732 481 perforetur,
787 423 836 467 et
873 413 1038 466 lorica
1068 411 1356 481 quantovis
1391 425 1495 466 acre
1532 426 1732 482 rigens,
1781 430 1887 468 non
1917 429 1978 469 ea

2090 418 2651 487 τείχειὲμπεπτωκὸς
2696 422 2963 492 μεγίστης
3011 423 3240 487 πόλεως,
3283 425 3439 495 ῆὲπὶ
3469 430 3627 484 τᾶνδον

408 501 578 556 solum
633 511 787 572 parte
838 518 939 572 qua
997 503 1158 556 telum
1208 500 1427 570 excipit,
1480 518 1667 558 verum
1716 504 1879 559 etiam
1930 506 1980 560 iu

409 593 631 648 adversa
669 594 954 661 superﬁcie
1008 606 1101 660 per
1152 591 1436 661 trajectum
1469 591 1734 648 diametro
1784 610 1981 664 corpus

412 684 929 750 transverberatur;
985 685 1120 737 adeo
1171 683 1302 737 nihil
1338 683 1476 738 hunc
1510 686 1674 738 ictum
1732 686 1980 741 frustrari

405 785 602 844 potest.
628 775 766 842 Quin
785 779 946 828 etiarn
985 774 1162 828 ferunt
1196 776 1454 846 ejusmodi
1487 777 1575 831 teli
1597 779 1711 833 acie
1739 779 1980 850 transﬁgi

408 868 620 934 signum
650 882 866 921 :cneum
897 908 910 921 .
947 877 996 920 et
1045 867 1087 921 si
1137 869 1404 922 iuuenibus
1448 869 1686 925 civitatis
1739 873 1985 925 maxima:

407 959 702 1027 impactum
739 960 920 1023 fuerit,
954 973 1264 1012 mucronem
1311 961 1684 1026 perterebrata
1731 977 1886 1014 muro
1920 962 1984 1017 ab

407 1049 649 1102 interiori
679 1050 825 1104 urbis
848 1063 1000 1120 parte
1030 1051 1379 1119 spectandum
1405 1067 1464 1106 se
1487 1053 1648 1118 dare;
1693 1063 1782 1106 aut
1814 1062 1982 1119 certe,

406 1144 452 1198 si
485 1146 721 1198 crassior
749 1159 936 1197 murus
971 1143 1154 1206 fuerit,
1199 1155 1370 1198 totum
1400 1144 1454 1199 in
1488 1146 1604 1215 ejus
1642 1146 1815 1199 medio
1849 1150 1986 1200 lmi-

405 1243 552 1290 stum
586 1244 751 1306 atque
803 1237 1048 1290 abditum
1108 1252 1348 1292 manere.
1385 1237 1532 1291 Talis
1584 1238 1829 1307 quz‘cdam
1870 1253 1986 1291 ma-

405 1332 565 1384 china
625 1341 844 1400 tzangra
893 1339 1009 1394 est;
1067 1330 1423 1382 daemonicum
1498 1329 1652 1399 plane
1706 1329 1984 1381 inventum

404 1422 715 1476 hominibus
748 1420 1055 1491 perdendis.
1085 1419 1359 1490 Siquidem
1394 1435 1552 1487 quem
1585 1421 1685 1472 hoc
1717 1431 1986 1481 tormento

407 1513 576 1581 pestis
623 1527 851 1566 excussa
887 1510 1200 1580 perculerit,
1244 1510 1606 1563 miserrimam
1645 1508 1814 1564 semel
1841 1509 1984 1562 abri-

406 1604 505 1672 pit,
541 1605 655 1658 sine
688 1605 908 1656 remedii
940 1618 1053 1670 spe,
1087 1600 1202 1655 sine
1233 1599 1402 1670 plagae
1433 1615 1598 1654 sensu
1631 1600 1982 1654 morientem.

408 1695 647 1750 Mariano
682 1696 845 1762 igitur
878 1694 1135 1747 emissum
1169 1700 1390 1762 tzau‘gra
1418 1690 1656 1759 jaeulum
1686 1690 1740 1744 in
1776 1690 1982 1758 galeam

2090 509 2371 579 προῦκυψε
2407 510 2501 563 τοῦ
2529 511 2715 582 βέλους
2738 515 2770 581 ἡ
2805 515 2982 587 ἀκμὴ,
3017 517 3356 588 ἥὲνδεδυκδς
3401 519 3534 572 κατὰ
3581 525 3628 577 τὺ

2091 600 2254 668 μέσον
2290 601 2382 654 τοῦ
2408 601 2892 673 τείχους,ιάφανὲς
2935 607 3148 674 γέγονε.
3189 607 3261 660 Τὸ
3301 608 3402 675 μὲν
3441 605 3524 663 οὗν
3549 612 3630 681 τῆς

2068 688 2330 762 ¹τζόιγροις
2361 695 2592 762 πρᾶγμα
2624 693 2868 747 τοιοῦτόν
2889 696 3036 748 ἐστιν
3065 696 3138 759 ὼς
3160 697 3329 759 ὅντως
3359 697 3628 767 δαιμόνιον,

2087 784 2185 835 ὁδὲ
2212 785 2528 853 πειρασθεὶς
2551 785 2651 854 τῆς
2676 787 2741 839 ὲκ
2777 786 2970 841 τούτου
3005 787 3217 856 πληγῆς
3247 789 3562 853 ἀθλιώτατος
3575 794 3630 857 ’⁷,

2087 876 2428 945 ἀναισθήτως
2493 877 2877 946 ἀποθνήσκων,
2930 881 3022 932 καὶ
3087 879 3224 948 μηδὲ
3276 878 3380 948 τῆς
3447 879 3632 950 πληγῆς

2087 967 2262 1036 ὁπόση
2295 967 2378 1031 τίς
2428 971 2575 1023 ἐστιν
2606 970 3017 1040 αἰσθανόμενος,
3055 971 3128 1023 Τὸ
3160 970 3257 1040 μὲν
3298 965 3392 1024 οὖν
3421 971 3524 1024 άπὸ
3554 975 3633 1040 τῆς

2085 1057 2337 1128 τζάγρας
2371 1058 2523 1128 βέλος
2560 1060 2800 1130 ἐμπεσὸν
2833 1060 2911 1130 τῷ
2936 1061 3092 1130 ἄκρῳ
3122 1061 3218 1130 τῆς
3254 1059 3504 1130 κόρυθος,
3538 1061 3634 1131 δεῇ.

2086 1151 2258 1216 λασεν,
2285 1150 2456 1220 αὐτὴν
2483 1151 2760 1216 ἁποπτὰν,
2797 1151 2908 1205 οὐδ’
2938 1151 3067 1222 ἄχρι
3100 1153 3290 1221 τριχὸς
3321 1151 3415 1204 τοῦ
3443 1153 3630 1222 Μαριαο

2090 1242 2181 1295 νοῦ
2219 1241 2592 1310 ἐφαψάμενον·
2625 1243 2856 1311 Πρόνοια
2886 1243 2992 1312 γὰρ
3019 1242 3299 1312 άπεῖρξεν.
3357 1240 3416 1292 Ὀ
3441 1240 3494 1292 δὲ
3526 1259 3632 1310 γορ-

2089 1330 2200 1396 γῶς
2231 1330 2389 1383 ἄλλον
2411 1330 2554 1384 κατὰ
2572 1328 2664 1382 τοῦ
2688 1330 2928 1399 κὸμητος
2959 1331 3213 1397 ἐπαφιεὶς
3243 1329 3443 1392 ὀϊστὸν,
3477 1329 3631 1398 πλήτ-

2086 1439 2168 1474 τει
2228 1421 2417 1474 τοῦτον
2487 1422 2630 1474 κατὰ
2689 1420 2784 1475 τοῦ
2845 1421 3148 1490 βραχίονος,
3195 1419 3254 1482 ὃς
3309 1419 3407 1490 τὴν
3461 1421 3634 1474 ἀσπίδα

2088 1514 2397 1584 διατρήσας
2450 1513 2540 1566 τόν
2603 1531 2662 1566 τε
2721 1513 3014 1582 φολιδωτὸν
3065 1511 3393 1583 διεληλυθὼς
3440 1511 3636 1579 θώρακα

2089 1590 2183 1656 καὶ
2214 1603 2386 1671 αὐτῆς
2415 1600 2596 1671 ἥψατο
2625 1601 2724 1672 τῆς
2758 1601 3024 1669 πλευρᾶς.
3073 1600 3275 1669 Ἱερεὺς
3308 1599 3363 1651 δέ
3388 1617 3467 1662 τις
3497 1600 3634 1653 Λατῖ-

2090 1709 2176 1751 νος
2205 1691 2662 1758 τρισκαιδέκατος
2713 1690 2998 1760 τυγχάνων
3035 1689 3143 1743 τῶν
3182 1689 3281 1740 σὺν
3309 1687 3454 1754 αὑτῴ
3485 1706 3633 1757 μαχο-

405 1787 652 1841 incidcns
683 1800 988 1848 summania
1022 1781 1254 1853 dilIregit
1301 1782 1510 1847 obiter,
1561 1783 1679 1852 ejus
1720 1783 1978 1837 verticem

2095 1782 2296 1852 μένων,
2357 1782 2516 1835 τοῦτο
2582 1779 2946 1852 θεασάμενος,
2986 1781 3300 1851 πρυμνόθεν
3356 1778 3635 1850 ἱστάμενος,

405 1875 769 1939 transvolans,
826 1881 986 1940 caput
1015 1872 1192 1942 ipsum
1246 1885 1310 1924 ne
1343 1870 1520 1939 capilli
1565 1870 1783 1940 quidem
1823 1883 1980 1927 tenus

403 1969 643 2032 strinxit,
701 1966 809 2020 Deo
865 1974 1200 2034 protegente.
1261 1961 1511 2018 lrritatus
1570 1965 1720 2018 ferox
1765 1964 1981 2034 juvenis

407 2058 568 2114 telum
614 2057 774 2110 librat
823 2059 875 2108 in
926 2056 1139 2110 comitis
1187 2056 1481 2110 collineans
1517 2046 1840 2122 brachiumj
1883 2073 1982 2113 nec

404 2147 679 2201 aberravit
716 2155 810 2198 aut
842 2145 1054 2214 repulsa
1108 2148 1299 2215 sagitta
1332 2159 1434 2211 est,
1484 2151 1576 2203 sed
1631 2152 1980 2206 transadacto

403 2239 589 2310 clypeo
623 2254 721 2309 per
766 2239 1010 2292 intimam
1043 2247 1097 2292 et
1149 2240 1322 2307 ipsam
1380 2241 1426 2294 vi
1465 2242 1750 2309 trajectam
1800 2242 1981 2296 lorica:

400 2333 655 2386 laminam
688 2331 824 2384 latus
854 2330 1034 2384 hausit
1064 2331 1189 2383 viri.
1245 2330 1371 2384 Erat
1405 2331 1721 2386 intimorum
1750 2335 1977 2388 commi-

401 2423 630 2477 litonum
691 2421 909 2476 comitis
982 2423 1137 2476 istius
1190 2423 1379 2478 tertius
1432 2425 1673 2480 decimus
1726 2428 1980 2481 sacerdos

403 2515 630 2570 Latinus
685 2517 925 2585 quidam.
967 2515 1129 2585 292
1189 2515 1237 2569 ls
1295 2516 1675 2572 aniu‘iadvcrso
1732 2533 1761 2572 e
1817 2519 1976 2588 puppi

401 2607 626 2663 Mariaui
659 2622 790 2660 ausu
825 2607 877 2661 in
914 2608 1191 2672 comitem,
1226 2607 1414 2662 multis
1447 2609 1682 2662 vicissim
1713 2609 1980 2666 ulciscens

394 2699 630 2769 jactibus
687 2700 995 2754 Marianum
1069 2700 1240 2767 petiit,
1313 2715 1412 2756 nec
1462 2701 1635 2771 ipsum
1693 2713 1978 2772 propterea

398 2801 726 2858 cessantem,
760 2791 852 2846 sed
882 2801 936 2846 et
970 2805 1066 2859 pro
1111 2805 1168 2845 se
1201 2801 1526 2861 pugnantem
1555 2795 1727 2863 ipsum
1758 2805 1980 2852 strenue

398 2894 456 2939 et
488 2899 614 2939 suos
663 2885 728 2938 ad
781 2898 1040 2954 generose
1098 2899 1209 2938 rem
1259 2887 1552 2955 gerendam
1617 2888 1976 2947 animantem.

399 2976 583 3048 Pugna
632 2976 703 3032 ibi
739 2977 1048 3032 conseritur
1077 2986 1184 3031 tam
1214 2977 1438 3034 cruenta
1469 2989 1531 3033 ut
1581 2978 1758 3036 Latini
1792 2997 1978 3038 sacer-

399 3065 545 3124 dotis
576 3066 777 3122 milites
827 3082 929 3138 qna
964 3068 1276 3125 vulneribus
1323 3069 1610 3138 debilitati,
1661 3088 1766 3142 qua
1801 3090 1976 3146 pugna

397 3161 530 3216 fessi
569 3161 731 3215 tertio
765 3161 1005 3214 mutandi
1035 3162 1193 3215 novis
1216 3162 1633 3219 succedentibus
1667 3165 1884 3223 fuerint.
1911 3168 1979 3223 At

399 3255 658 3310 sacerdos
695 3252 878 3307 multis
932 3252 1104 3323 plagis
1159 3251 1475 3318 transﬁxus,
1524 3270 1824 3325 cruoreque
1871 3260 1979 3314 cir-

343 3389 346 3391 λ
399 3346 721 3409 cumﬂuens,
749 3345 1027 3413 perstabat
1059 3352 1238 3399 tamen
1269 3346 1322 3400 in
1353 3347 1472 3402 loco
1492 3347 1630 3403 idem
1652 3348 1980 3421 intrepidus.

397 3436 516 3493 Non
547 3437 690 3492 enim
720 3452 838 3506 qua:
873 3439 1010 3507 apud
1053 3453 1149 3492 nos
1177 3440 1321 3504 viget
1351 3441 1704 3496 sacerdotalis
1738 3443 1982 3499 lenitatis

398 3530 685 3600 disciplina
720 3529 927 3583 Latinis
975 3531 1027 3582 in
1059 3547 1152 3584 usu
1183 3546 1396 3600 quoque
1428 3543 1531 3588 est.
1589 3533 1699 3589 Nos
1735 3537 1984 3590 videlicet

399 3624 575 3680 sacris
633 3621 769 3692 jussi
824 3623 1124 3696 canonibus
1175 3637 1239 3676 ac
1285 3623 1514 3693 legibus,
1565 3626 1983 3697 evangelicoque

399 3713 531 3784 ipso
556 3715 796 3783 persuasi
828 3716 1095 3784 dagmate,
1141 3715 1417 3772 sancimus
1447 3717 1573 3771 illud
1602 3717 1980 3776 observatione

398 3807 655 3862 inviolata
687 3807 857 3880 teneri
889 3807 1105 3860 solitum
1143 3824 1156 3860 :
1199 3806 1274 3861 Ne
1306 3807 1558 3878 stringas,
1595 3825 1661 3864 ne
1693 3811 1976 3881 inclames,

395 3912 464 3954 ne
512 3908 718 3968 tangas,
753 3900 1007 3956 sacerdos
1039 3900 1182 3953 enim
1214 3913 1294 3956 es.
1339 3903 1406 3955 At
1450 3903 1713 3958 barbarus
1756 3903 1981 3961 Latinus

399 3989 560 4045 simul
617 4000 780 4061 atque
815 3992 1064 4046 initiatus
1114 3993 1287 4047 sacris
1323 3994 1593 4062 primitias
1625 3997 1879 4051 saeritieii
1915 3998 1980 4052 li-

397 4084 627 4147 liaverit,
675 4084 864 4154 clypeo
915 4087 1097 4138 statim
1133 4085 1184 4136 in
1238 4085 1425 4140 laavam
1468 4086 1694 4153 inserto,
1736 4101 1984 4161 correpta

396 4175 450 4229 in
480 4177 760 4230 dexteram
791 4176 1110 4245 vibrataque
1137 4176 1344 4242 lancea,
1374 4177 1533 4234 simul
1567 4180 1806 4236 divinum
1841 4198 1988 4238 como

2089 1876 2293 1939 πολλὰς
2350 1875 2562 1945 βολίδας
2622 1874 2764 1928 κατὰ
2825 1876 2921 1928 τοῦ
2987 1874 3271 1945 Μαριανοῦ
3331 1874 3636 1942 ἐξέπεμιξεν.

2102 1969 2245 2022 Ἀλλ’
2272 1968 2380 2021 οὐδ’
2411 1970 2437 2020 ὁ
2466 1967 2741 2038 Μαριανὺς
2795 1967 3055 2028 ἐνεδίδου,
3110 1967 3271 2028 αὑτός
3302 1983 3361 2018 τε
3407 1965 3637 2034 ἐκθύμως

2092 2061 2404 2132 μαχόμενος
2429 2061 2524 2113 καὶ
2548 2062 2661 2123 τοῖς
2696 2059 2788 2112 ὑπ’
2820 2059 2982 2112 αὐτὸν
3009 2061 3167 2111 τοῦτο
3223 2057 3638 2128 παρακελευόμε-

2089 2178 2200 2224 νος,
2231 2161 2306 2222 ὼς
2338 2159 2632 2229 τρισσάκις
2683 2157 2809 2220 τοὺς
2868 2155 3007 2227 μετά
3059 2154 3154 2207 τοῦ
3196 2154 3430 2207 Λατίνου
3471 2155 3638 2225 ἱερέως

2089 2250 2508 2322 ὑπαλλαχθῆναι
2552 2249 3025 2319 τιτρωσκομένους
3073 2265 3133 2300 τε
3183 2250 3272 2300 καὶ
3333 2247 3637 2310 κοπιῶντας.

2087 2344 2197 2398 Καὶ
2232 2343 2393 2406 αὐτὸς
2415 2342 2472 2395 δὲ
2502 2343 2528 2394 ὁ
2564 2341 2746 2410 ἱερεὺς
2773 2337 2876 2392 κᾶν
2908 2338 3113 2401 πολλὰς
3141 2338 3239 2401 τὰς
3275 2339 3484 2406 πληγὰς
3513 2337 3640 2391 δεδε-

2089 2435 2288 2506 γμένος
2322 2429 2390 2504 ἦν
2436 2432 2637 2502 καὶτῷ
2678 2431 2792 2503 ἰδίῳ
2835 2431 3031 2501 αἵματι
3067 2431 3480 2501 περιρεὸμενος,
3537 2427 3639 2480 ἀλλ’

2087 2529 2235 2598 ὅμως
2278 2527 2540 2597 ἄτρεστος
2563 2520 2654 2596 ἦν.
2695 2525 2767 2578 Οὐ
2795 2523 2904 2592 γὰρ
2959 2524 3103 2575 κατὰ
3157 2523 3224 2574 τὰ
3255 2522 3394 2573 αὐτὰ
3446 2521 3567 2589 ἡμῖν
3593 2537 3638 2571 τε

2088 2622 2179 2674 καὶ
2217 2621 2329 2682 τοῖς
2379 2617 2634 2681 Λατίνοις
2685 2620 2814 2687 περὶ
2860 2617 2970 2669 τῶν
3025 2616 3342 2686 ἱερωμένων
3400 2614 3636 2665 δέδοκται.

2101 2713 2242 2767 Ἀλλ’
2275 2715 2439 2784 ἡμεῖς
2468 2713 2567 2782 μὲν
2615 2710 2994 2781 ὲντετάγμεθα
3021 2710 3067 2741 ’⁸
3103 2708 3258 2777 παρά
3309 2725 3367 2758 τε
3399 2706 3501 2758 τῶν
3559 2722 3639 2755 κα-

2089 2807 2261 2860 νόνων
2293 2808 2388 2860 καὶ
2416 2807 2597 2876 νόμων
2648 2806 2744 2859 καὶ
2807 2805 2901 2858 τοῦ
2957 2801 3319 2871 εὖαγγελικοῦ
3375 2800 3637 2867 δόγματος,

2087 2900 2180 2969 Μὴ
2213 2899 2387 2972 θίξῃς,
2427 2898 2503 2968 μὴ
2530 2899 2760 2970 γρύξῃς,
2795 2898 2868 2967 μὴ
2896 2895 3032 2967 ἅψῃ,
3087 2892 3388 2963 ἱερωμένος
3419 2891 3520 2960 γάρ
3550 2883 3593 2940 εἷ
3623 2903 3636 2918 ·

2087 2995 2115 3046 ὁ
2160 2990 2216 3044 δέ
2246 3007 2329 3043 τοι
2373 2989 2650 3059 βάρϐαρος
2699 2989 2931 3049 Λατῖνος
2979 2983 3091 3055 (39)
3157 2986 3275 3054 ἅμα
3331 2999 3391 3035 τε
3437 2981 3499 3034 τὰ
3539 2980 3638 3034 θεῖα

2092 3083 2529 3154 μεταχειριεῖται
2560 3080 2656 3133 καὶ
2683 3078 2779 3149 τὴν
2809 3078 3011 3131 ἀσπίδα
3035 3077 3129 3130 ἐπὶ
3155 3075 3248 3130 τοῦ
3288 3073 3444 3127 λαιοῦ
3500 3073 3641 3140 etips-

2088 3193 2204 3240 νος,
2235 3175 2334 3228 καὶ
2369 3173 2429 3225 τὸ
2460 3173 2588 3242 δόρυ
2621 3173 2689 3243 τῇ
2710 3169 2860 3240 δεξιᾷ
2887 3167 3422 3236 ἐναγκαλισάμενος,
3447 3161 3568 3232 ὁμοῦ
3589 3177 3636 3212 τε

2093 3266 2422 3337 μεταδίδωσι
2455 3263 2550 3316 τοῦ
2577 3262 2724 3314 θείου
2751 3260 3001 3331 σώματός
3027 3276 3085 3310 τε
3122 3259 3216 3310 καὶ
3259 3256 3508 3324 αἵματος,
3559 3252 3637 3303 καὶ

2091 3358 2272 3426 φόνιον
2300 3357 2421 3426 ὁρᾷ,
2456 3356 2553 3408 καὶ
2587 3355 2837 3424 αἱμάτων
2874 3352 3016 3421 ἀνὴρ
3048 3352 3191 3404 κατὰ
3236 3348 3329 3400 τὸν
3383 3344 3638 3397 Δαυῖτικὸν

2083 3447 2300 3519 ψαλμὸν
2354 3447 2588 3514 γίνεται.
2647 3444 2833 3506 Οὕτως
2886 3441 3004 3494 ἐστὶ
3063 3440 3124 3493 τὸ
3172 3439 3448 3509 βάρϐαρον
3501 3433 3638 3519 τοῦτο

2087 3517 2270 3606 γένος,
2306 3538 2408 3607 οὐχ
2463 3531 2627 3607 ἧττον
2685 3533 2964 3604 ἱερατικὸν
2995 3531 3027 3601 ἢ
3063 3528 3449 3600 φιλοπόλεμον.
3495 3517 3639 3582 Οὗτος

2087 3631 2267 3684 τοίνυν
2313 3628 2551 3700 ὸρέκτης
2616 3625 2878 3697 μᾶλλονῆ
2916 3624 3120 3693 ἱερεὺς,
3157 3620 3296 3691 ὁμοῦ
3329 3637 3388 3672 τε
3440 3619 3529 3672 καὶ
3555 3617 3637 3684 τὴν

2092 3721 2374 3793 ἱερατικὴν
2413 3719 2607 3786 στολὴν
2646 3716 3016 3770 ἐνεδιδύσκετο
3039 3714 3133 3767 καὶ
3161 3713 3261 3781 τὴν
3295 3709 3486 3779 κώπην
3520 3723 3633 3777 μετ-

2087 3813 2410 3882 εχειρίζετο,
2470 3810 2564 3862 καὶ
2599 3807 2734 3879 πρὸς
2783 3795 3039 3860 ναυτικὸν
3087 3803 3329 3872 πόλεμον
3365 3801 3456 3853 καὶ
3480 3801 3631 3869 μάχην

2089 3905 2290 3976 ἀφώρα
2319 3903 2462 3958 κατὰ
2492 3901 2716 3962 ταύτὸν,
2749 3899 2843 3952 καὶ
2875 3898 3122 3968 θαλάσσῃ
3174 3895 3270 3947 καὶ
3301 3893 3519 3963 ἀνδράσι
3551 3906 3634 3958 μσς

2092 4000 2343 4071 χόμενοςι
2377 3997 2445 4052 τά
2473 3996 2584 4066 γὰρ
2614 3993 2863 4066 ἡμέτερα
2903 3991 3154 4058 καθάπερ
3183 3987 3357 4056 ἔφθην
3390 3984 3633 4054 εἱρηχυία,

2089 4093 2188 4161 τῆς
2233 4089 2445 4161 Ἀαρὼν
2499 4089 2597 4142 καὶ
2630 4085 2878 4148 Μωσέως
2915 4083 3010 4138 καὶ¹
3064 4079 3159 4134 τοῦ
3190 4077 3315 4134 καθ’
3341 4079 3482 4149 ἡμᾶς
3515 4071 3637 4141 πρώ-

2087 4203 2182 4238 του
2216 4176 2520 4255 ἀρχιερέως
2560 4181 2654 4251 ὲξή
2666 4195 2884 4251 ρτηται.

397 4269 639 4323 inimicat
686 4282 884 4336 corpus
933 4284 994 4319 ac
1076 4269 1418 4336 sanguinem,
1472 4271 1630 4326 simul
1681 4282 1897 4329 torvum
1952 4291 2015 4332 ac
2045 4278 2453 4347 sanguinarium
2488 4285 2691 4340 tuetur,
2758 4272 3046 4340 designans
3073 4267 3140 4322 ad
3166 4263 3367 4321 caedem
3422 4260 3632 4316 homines

1473 4363 1672 4426 Variae
1712 4365 2018 4430 lectiones
2056 4386 2130 4430 ex
2176 4368 2321 4432 eod.
2355 4366 2625 4427 Coislin.

468 4461 510 4492 "
532 4459 866 4514 ἀθλιώτατα.
965 4463 1009 4493 ’⁸
1045 4460 1435 4531 ἐντετάλμεθα.

1468 4560 1600 4620 Car.
1640 4557 1956 4620 Dufresnii
1996 4561 2085 4620 Du
2121 4557 2334 4634 Cangii
2371 4565 2557 4617 notae.

467 4663 579 4732 ('59)
605 4659 880 4732 ᾼατῖνος.
907 4660 958 4712 lit
987 4664 1146 4714 etiam
1171 4661 1377 4732 Latinis
1411 4661 1681 4732 olijeetum
1710 4677 1736 4713 a
1765 4659 1968 4715 Graecis
2003 4667 2043 4720 D
2075 4679 2123 4717 (τ.
2149 4663 2207 4722 5;
2239 4660 2402 4731 359
2428 4658 2632 4732 Liptin.
2653 4673 2701 4709 c.
2723 4655 3203 4732 2_;_Vcr_mei‘ie_nse,
3222 4672 3320 4732 an.
3347 4656 3468 4732 7212,
3496 4655 3628 4732 c_._l_t_i;

393 4730 584 4790 scribit
619 4730 810 4784 Petrus
840 4735 1058 4785 Uiacou.
1093 4732 1187 4784 lib.
1228 4747 1276 4783 Iv
1306 4731 1500 4785 Chron.
1541 4731 1726 4786 Casin.
1754 4746 1801 4784 c.
1846 4731 1969 4797 H7,

394 4804 534 4872 apud
563 4817 721 4871 quem
761 4800 981 4854 Graecus
1020 4806 1094 4855 sic
1133 4801 1342 4872 Latino
1375 4801 1534 4854 inlert
1572 4819 1585 4854 :
1619 4799 1686 4853 In
1738 4803 1979 4854 occiden-

396 4870 494 4926 tali
549 4870 760 4926 climate
821 4873 1180 4939 propheticum
1213 4870 1345 4923 illud
1383 4872 1617 4924 videmus
1654 4872 1925 4938 impletum
1960 4889 1976 4926 :

397 4947 518 4999 Erit
552 4954 606 4996 ut
639 4941 861 5010 populus
896 4943 970 4994 sic
994 4943 1258 5003 sacerdos,
1294 4957 1409 4993 cum
1443 4943 1712 5008 pontifices
1740 4940 1807 4993 ad
1845 4942 1980 4997 belta

398 5015 692 5081 prodeant,
761 5025 812 5063 ιιι
850 5027 984 5077 papa
1018 5025 1182 5067 tester
1241 5012 1581 5064 Innocentius
1639 5011 1787 5077 facit.
1829 5012 1982 5076 Quod

395 5086 606 5152 quidem
635 5123 649 5147 ,
697 5092 753 5134 ut
782 5088 851 5134 ait
896 5090 1085 5136 l'e‘rus
1119 5081 1574 5152 Datniantts,rlili.
1608 5096 1657 5134 Iv
1679 5119 1694 5145 ,
1731 5082 1887 5149 epist.
1923 5084 1978 5148 9,

394 5151 527 5207 satis
566 5157 768 5206 videtur
800 5155 1085 5205 absurtum
1113 5192 1127 5217 ,
1180 5163 1233 5204 ut
1273 5153 1374 5219 ipsi
1437 5151 1646 5204 Domini
1683 5153 1978 5205 sacerdotes

395 5234 677 5284 nttentent,
709 5224 846 5291 quod
877 5225 1043 5276 turbis
1084 5223 1387 5290 vulgaribus
1417 5221 1744 5290 prohibetur,
1768 5230 1814 5274 et
1842 5225 1978 5290 quod

396 5296 564 5347 verbis
603 5297 909 5362 impugaant
938 5333 952 5356 ,
1003 5295 1244 5360 operibus
1278 5305 1538 5346 asserunt.
1595 5291 1656 5345 Et
1704 5307 1834 5345 sane
1873 5311 1977 5347 nou

397 5366 596 5433 injuria
627 5367 676 5417 iit
705 5364 906 5417 nostris
941 5367 1247 5434 olijeelutn;
1285 5378 1406 5416 nam
1437 5366 1537 5417 etsi
1584 5364 1696 5429 lege
1719 5363 1980 5416 ecclesia-

397 5439 534 5490 Stica
577 5445 628 5488 et
660 5434 1012 5488 conciliorqu
1051 5435 1350 5488 canonibus
1379 5449 1528 5487 arma
1560 5441 1795 5486 tractare
1825 5442 1974 5486 veta-

396 5516 586 5558 rentur
622 5506 954 5576 sacerdotes,
983 5520 1124 5572 saepe
1163 5516 1342 5558 tamen
1376 5505 1603 5576 legimus
1636 5504 1765 5572 ipsis
1803 5505 1974 5556 inter-

397 5576 566 5628 fuisse
604 5575 823 5646 pra-liis,
876 5576 926 5628 in
984 5576 1156 5646 iisque
1213 5576 1416 5630 acriter
1436 5575 1761 5630 dimicasse.
1796 5576 1972 5641 Atque

395 5659 563 5716 pravo
599 5645 736 5716 mori
786 5645 874 5716 isti
920 5645 1302 5700 ascribendum
1327 5685 1342 5711 ,
1377 5649 1520 5716 quod
1554 5661 1716 5716 arma
1739 5656 1972 5716 tractare

401 5714 494 5768 aut
522 5715 665 5771 ferre
691 5714 905 5770 clericis
958 5716 1285 5770 interdieant
1313 5714 1511 5784 passim
1549 5715 1772 5769 concilia
1799 5715 1970 5769 Galli—

401 5799 538 5843 cana
572 5797 626 5844 et
663 5785 1044 5857 provincialia,
1079 5785 1390 5856 llerdense,
1425 5802 1470 5844 c.
1520 5786 1584 5852 l;
1623 5784 1904 5842 Matiscon.
1957 5805 1971 5843 ι

2079 4725 2526 4787 Codex'Caroliii.
2551 4728 2711 4794 epist.
2747 4727 2851 4792 '77;
2883 4727 3126 4795 Capitula
3159 4727 3358 4781 selecta
3383 4725 3548 4780 Caroli
3572 4728 3626 4795 ll,

2079 4817 2169 4856 an.
2209 4798 2335 4863 800,
2374 4814 2492 4866 cap.
2528 4793 2595 4861 2,7
2623 4797 2678 4860 ὅ,
2711 4795 2742 4849 4
2778 4807 2831 4850 et
2863 4797 2918 4861 5,
2949 4793 3089 4865 apud
3130 4797 3407 4850 Sirmond.
3449 4807 3565 4849 tom.
3599 4793 3630 4848 ll

2078 4871 2283 4926 Concit.
2305 4885 2323 4934 ;
2345 4867 2992 4937 Capitularejepiscopor.
3025 4882 3116 4920 an.
3151 4866 3278 4929 802,
3311 4881 3359 4920 c.
3394 4868 3487 4937 18;
3512 4871 3626 4937 apud

2080 4933 2354 5004 eumdem,
2395 4933 2604 4993 Concil.
2656 4933 2897 5006 Mogunt.
2957 4951 3047 4990 an.
3099 4937 3226 4999 813,
3280 4951 3332 4990 c.
3372 4936 3467 5000 i7;
3523 4933 3631 4988 Mel-

2082 5013 2269 5077 dense,
2328 5025 2419 5062 an.
2469 5007 2593 5063 845.
2629 5022 2676 5061 c.
2713 5007 2816 5071 57;
2866 5006 3102 5076 Capitol.
3139 5006 3366 5077 llerardi
3418 5008 3628 5074 aretiiep.

2083 5075 2393 5137 Turonens.
2431 5094 2549 5148 cap.
2586 5078 2677 5141 50,
2737 5078 2871 5144 IIS;
2925 5075 3227 5148 Concilium
3277 5075 3625 5148 Metense,_an.

2081 5153 2206 5218 888,
2244 5166 2293 5205 c.
2326 5150 2378 5212 6,
2411 5145 2518 5203 ειοζ
2554 5148 2836 5218 Observat
2859 5162 3028 5218 porro
3050 5146 3341 5218 cardinalis
3372 5145 3626 5218 Baronius,

2081 5239 2172 5277 an.
2193 5217 2336 5284 7888,
2370 5218 2762 5273 exsecrandum
2793 5217 2949 5286 plane
2982 5217 3071 5272 diu
3111 5217 3413 5270 istiusmodi
3447 5217 3626 5286 facinus

2080 5294 2369 5349 inolevisse
2402 5292 2452 5343 iu
2483 5288 2691 5348 Galliis.
2724 5285 2925 5340 ut'tam
2958 5287 3220 5355 episcopi,
3249 5301 3408 5354 quam
3438 5285 3626 5337 abbates

2079 5367 2146 5419 ad
2179 5362 2316 5418 bella
2353 5360 2733 5430 procederent,
2768 5359 2818 5410 in
2853 5360 3032 5411 hostes
3053 5358 3356 5430 irruerent,
3397 5356 3628 5430 caederent

2081 5436 2247 5505 ipsos,
2280 5425 2427 5486 etab
2465 5431 2596 5505 ipsis
2632 5431 2972 5505 caederentur
2991 5445 3017 5505 ς.
3046 5427 3278 5505 jureque
3309 5425 3626 5505 conqueritur

2082 5498 2148 5560 ab
2179 5505 2297 5572 ejus
2324 5498 2585 5572 temporis
2613 5500 2976 5572 scriptoribus
3008 5498 3256 5552 laudatos
3307 5498 3518 5567 reperiri
3547 5509 3627 5547 no-

2081 5569 2227 5630 mine
2256 5573 2465 5627 bellica:
2501 5569 2854 5632 fortitudinis,
2892 5584 3014 5621 eum
3063 5577 3322 5636 tanquam
3379 5578 3626 5620 sacrorum

2080 5660 2346 5699 canonum
2378 5641 2690 5704 violatores,
2747 5649 2801 5693 et
2837 5641 3074 5692 muneris
3119 5640 3406 5706 pastoralis
3449 5649 3495 5690 et
3547 5651 3626 5688 no-

2081 5718 2243 5771 minis
2273 5714 2580 5767 desertores
2610 5709 2914 5765 detestandi
2940 5710 3186 5766 fuisseut.
3221 5709 3350 5765 Vide
3378 5711 3625 5765 Uiscrtal.

2081 5789 2146 5842 ad
2179 5783 2444 5842 .Ioinvilla:
2472 5796 2591 5852 pag.
2625 5781 2714 5836 50.
