3780 6556
168 360 249 428 761
1419 350 1610 409 ALEX
1623 347 1679 408 [.1

1877 353 2006 416 LIB.
2048 355 2126 418 X.
2207 427 2209 430 ⁴

3259 353 3366 418 7ῦὶ

168 479 214 530 τὸ
237 471 528 545 μεταίχμιον
585 466 962 521 ἀποστενωθὲν
1018 465 1329 530 θεάσαιντο,
1376 466 1675 536 τηνικαῦτα

1885 467 1956 522 ris
2004 473 2172 536 urbts,
2230 469 2424 527 surdos
2457 471 2524 526 ad
2551 479 2741 542 pacata
2782 469 2988 532 omnia,
3036 479 3148 524 tum
3187 471 3364 523 enitu-

163 573 251 630 τοῖς
274 561 703 631 συνεφεπομένοις
733 562 919 624 αὐτοῖς
965 559 1212 626 τοξόταις
1262 563 1677 631 παρακελευσά-

165 675 294 729 μενος
326 655 547 715 πυκνοὺς
570 652 866 723 ἐκπέμψαι.
905 654 1032 716 τοὺς
1084 654 1302 718 ὀϊστοὺς
1372 656 1516 709 κατὰ
1571 656 1680 709 τῶν

163 747 328 805 ίτεπων,
355 741 409 795 οὐ
439 743 543 792 τῶν
571 741 976 811 ὲποχουμένων,
1011 741 1141 805 ὅλας
1170 741 1327 812 ἡνίας
1371 742 1512 796 κατὰ
1574 743 1682 796 τῶν

161 836 360 893 Λατίνων
407 833 603 888 λῦσαι·
644 833 707 886 τὸ
767 834 867 904 μὲν
906 834 994 888 ἴνα
1049 834 1233 888 ἵππων
1293 836 1682 906 πληττομένων

159 926 465 996 ἁποπαύηται
496 923 556 978 τὸ
585 925 718 979 πολὺ
751 926 850 996 τῆς
875 927 1051 998 ὁρμῆς
1075 926 1185 980 τῶν
1215 926 1440 982 Κελτῶν
1466 929 1560 983 καὶ
1604 931 1679 1000 μὴ

160 1021 318 1094 ῥᾳδίως
351 1018 481 1070 κατὰ
515 1015 620 1070 τῶν
664 1017 957 1086 Ῥωμαίων
980 1019 1350 1087 ίππάζωνται,
1399 1021 1462 1075 τὸ
1513 1022 1569 1076 δέ
1624 1040 1678 1076 τι

155 1113 231 1167 ὁ⁸⁸
257 1111 335 1164 καὶ
366 1110 556 1180 μᾶλλον
588 1111 674 1164 ἵνα
719 1115 793 1184 μὴ
813 1113 1140 1183 Χριστιανοὶ
1170 1115 1516 1171 κτείνωνται.
1554 1116 1682 1171 Ἐκ-

158 1206 308 1273 etiam;
333 1202 502 1255 τοίνυν
533 1203 592 1255 τὸ
624 1203 907 1274 βασιλικὸν
943 1208 1303 1280 ἀπεπλὴρουν
1327 1210 1680 1282 πρόσταγμα,

158 1297 327 1358 καὶτὰς
357 1294 524 1358 πύλας
561 1298 1028 1364 ἀναπετάσαντες,
1062 1303 1158 1355 καὶ
1214 1302 1345 1355 ποτὲ
1409 1303 1509 1372 μὲν
1559 1303 1685 1369 τοὺς

159 1391 351 1463 ῥυτῆρας
378 1389 494 1442 κατ’
519 1389 699 1443 αὐτῶν
730 1392 1046 1456 ἐνδιδόντες,
1078 1394 1211 1446 ποτὲ
1242 1393 1298 1446 δὲ
1329 1394 1459 1458 τοὺς
1482 1395 1682 1457 ἵππους

156 1481 578 1551 ἀνασειράζοντες,
642 1484 917 1538 κτείνουσι
983 1488 1081 1556 μὲν
1168 1487 1420 1553 πολλοὺς,
1512 1486 1682 1554 ὀλίγοι

153 1575 253 1641 δ’ἐξ
293 1575 460 1629 αὐτῶν
512 1577 653 1630 κατὰ
683 1580 915 1648 ταυτηνὶ
938 1578 1038 1649 τὴν
1080 1580 1297 1650 ἡμέραν
1339 1579 1680 1650 ἐτρώθησαν.

183 1659 277 1719 ὗτοί
329 1666 421 1735 μὲν
450 1663 544 1718 οὖν
608 1668 908 1740 ὲρῤέσοων.
979 1670 1039 1723 Ὀ
1070 1673 1116 1726 δ’
1162 1673 1296 1744 ἐμὸς
1344 1675 1612 1744 δεσπότης
1655 1678 1682 1729 ὁ

151 1761 327 1828 Καίσαρ
346 1758 768 1828 ἀναλαϐόμενος,
800 1761 874 1824 ὡς
907 1762 1150 1832 εἴρηται,
1180 1765 1308 1827 τοὺς
1339 1766 1439 1835 τῆς
1468 1767 1682 1833 τοξείας

150 1851 391 1921 εἰδήμονας
409 1852 500 1904 ἐπὶ
538 1852 650 1904 τῶν
689 1852 916 1924 πύργων
980 1855 1166 1910 ἵστατο
1218 1859 1332 1920 τοῖς
1371 1858 1681 1928 Βαρΰὰροις

149 1939 570 2008 ἐπιτοξαζόμενος.
631 1941 742 1994 Καὶ
812 1942 1011 2006 πάντες
1066 1943 1166 2013 μὲν
1219 1941 1366 2014 εἶχον
1417 1946 1546 2012 τόξα
1590 1949 1685 2001 καὶ

149 2031 332 2100 εὔστοχα
383 2032 473 2082 καὶ
518 2032 947 2088 εὒουόολώτατα
999 2035 1083 2067 ⁸³·
1129 2037 1339 2091 νεανίαι
1388 2039 1495 2110 γὰρ
1543 2034 1684 2110 ἦσαν

149 2123 411 2192 σύμπαντες
476 2124 580 2192 οὐχ
628 2125 830 2196 ἥττους
892 2125 992 2178 τοῦ
1062 2126 1367 2198 Ὁμηρικοῦ
1430 2127 1682 2201 Τεύκρου

147 2218 205 2276 είς
235 2214 432 2284 τοξικὴν
461 2216 786 2289 ἐμπειρίαν.
823 2217 898 2270 Τὸ
941 2217 995 2272 δὲ
1031 2219 1181 2284 τόξον
1235 2220 1328 2272 τοῦ
1383 2223 1682 2294 Καίσαρος,

155 2307 436 2370 ’Λπόλλωνος
468 2304 537 2378 ἦν
567 2309 679 2381 ἄρα
725 2309 882 2374 τόξον
905 2311 1251 2382 αὐτόχρημαο
1275 2313 1396 2367 οὐδὲ
1431 2315 1540 2384 γὰρ
1562 2318 1685 2370 κατ’

143 2400 333 2460 ἐκείνους
359 2402 478 2460 τοὺς
518 2400 865 2469 Ὁμηρικοὺς
895 2400 1166 2472 Ἕλληνας
1183 2403 1414 2472 νευρήν
1428 2406 1545 2474 μὲν
1568 2425 1683 2475 μα-

143 2488 210 2553 ζῷ,
236 2490 370 2553 τόξῳ
403 2489 471 2542 δὲ
501 2490 770 2560 σίδηρον
786 2487 889 2564 ἦγέ
908 2510 969 2546 τε
989 2495 1085 2548 καὶ
1107 2494 1414 2566 ὲφήρμοττε
1447 2515 1686 2569 κυνηγε-

139 2581 221 2634 τῶν
240 2583 421 2651 ἀρετὴν
443 2583 865 2654 ἐνδεικνύμενος
889 2585 1010 2639 κατ’
1031 2585 1296 2652 ἐκείνους,
1323 2589 1440 2640 ἀλλ’
1490 2590 1642 2644 ὥσπε
1652 2609 1683 2662 ρ

139 2693 200 2737 τις
226 2676 482 2746 Ἠρακλῆς
504 2680 588 2742 ἐξ
600 2677 916 2732 ἀθανάτων
940 2678 1136 2742 τόξων
1159 2683 1532 2750 θανασίμους
1547 2683 1686 2738 ἀπέο

137 2781 326 2833 πεμαεν
339 2767 614 2834 ὀϊστοὺς,
637 2774 730 2821 καὶ
751 2761 924 2839 οὗπερ
946 2770 1012 2822 ἂν
1041 2772 1367 2839 στοχάσαιτο
1396 2791 1686 2827 κατευστο-

139 2857 220 2927 χῶν
269 2862 310 2912 εί
345 2862 500 2930 μόνον
567 2863 837 2934 θελήσειε.
870 2866 977 2918 Καὶ
1016 2865 1124 2936 γὰρ
1154 2868 1212 2919 ὲν
1235 2867 1415 2931 ἄλλοις
1451 2873 1682 2941 καιροῖς,

139 2952 335 3014 ὁπηνίκα
390 2955 594 3018 καιρὸς
633 2957 845 3024 ἀγῶνος
885 2959 977 3011 καὶ
1011 2958 1192 3028 μάχης
1233 2963 1440 3030 παρῆν,
1501 2963 1684 3017 ὅντινα

138 3043 208 3094 καὶ
245 3047 425 3099 σκοπὸν
451 3046 506 3099 ἐῢ
523 3063 639 3112 ετο,
664 3049 828 3113 εὐθὺς
850 3049 949 3102 οὐκ
991 3051 1218 3121 ἄστοχον
1242 3053 1485 3117 ἔϐαλλεν,
1519 3058 1613 3110 καὶ

136 3139 187 3189 ἂν
208 3139 339 3208 μέρει
373 3142 777 3206 ἐπετοξάσατο,
811 3144 1160 3197 κατ’ὲκείνου
1176 3146 1268 3199 τοῦ
1301 3147 1499 3217 μέρους
1518 3151 1681 3215 εὐθὺς
1709 3169 1753 3228 C

133 3230 414 3300 ἐτίτρωσκεν
443 3234 506 3285 die
527 3234 564 3285 ί·
597 3234 772 3298 οὕτως
809 3236 1032 3306 ίσχυρὸν
1065 3237 1235 3291 ἔτεινε
1265 3239 1420 3303 τόξον
1469 3243 1678 3307 ἐκεῖνος

136 3324 202 3374 καὶ
229 3322 360 3390 βέλος
386 3325 549 3392 ἠφίει
579 3325 860 3394 ὀξύτατον,
892 3329 994 3381 κάν
1023 3330 1090 3399 τῇ
1120 3328 1305 3401 τοξείᾳ
1325 3331 1380 3384 δὲ
1410 3335 1506 3386 καὶ
1535 3334 1679 3406 ὑπὲρ

134 3414 202 3466 τὸν
239 3417 463 3487 Τεῦκρον
525 3419 692 3471 αὐτον
728 3421 818 3472 καὶ
865 3422 992 3484 τοὺς
1040 3423 1279 3487 Αἴαντας
1328 3427 1674 3497 φαινόμενος.

144 3508 270 3558 Ἀλλὰ
300 3511 498 3580 καίπερ
536 3511 778 3575 τοιοῦτος
820 3511 912 3580 ὣν,
927 3513 1117 3574 δεδιὼς
1151 3515 1214 3569 τὸ
1245 3517 1345 3586 τῆς
1373 3518 1418 3549 ⁸⁸
1465 3519 1679 3588 ἡμέρας

134 3600 370 3668 αἰδέσιμον
419 3606 519 3656 καὶ
561 3604 660 3674 τὴν
707 3605 802 3657 τοῦ
856 3606 1262 3677 αὐτοκράτορος
1297 3610 1678 3678 παραγγελίαν

135 3693 372 3761 ἐγκάρδιον
427 3695 599 3766 ἔχων,
646 3696 817 3750 ἔτεινε
874 3698 971 3767 μὲν
1021 3699 1174 3765 τόξον
1209 3701 1418 3770 ἰταμῶς
1453 3702 1678 3766 τούτους

135 3786 200 3835 καὶ
255 3786 454 3854 ἀλόγως
514 3792 632 3851 τοῖς
691 3792 902 3859 τείχεσι
960 3791 1303 3856 πελάζοντας
1358 3795 1523 3864 ὁρῶν,
1584 3795 1678 3847 καὶ

134 3876 265 3947 κυνέῃ
312 3881 398 3930 καὶ
446 3880 683 3933 ἀσπίσιν
725 3883 951 3944 ἑαυτοὺς
989 3885 1467 3952 περιφράττοντας
1495 3885 1554 3937 τὸ
1591 3885 1679 3955 βέ-

131 3967 200 4030 λος
245 3969 443 4024 ἐτίθετο
506 3974 573 4039 τῇ
630 3975 822 4042 νευρᾷ,
884 3974 999 4026 ἀλλ’
1043 3976 1193 4039 ὅμως
1249 3976 1452 4046 ἄστοχα
1507 3977 1677 4032 Θέλων

131 4060 336 4125 ἔϐαλλεν,
363 4065 501 4115 ὅπου
544 4065 645 4133 μὲν
679 4065 807 4117 εἴσω
836 4066 1096 4136 πέμπων,
1132 4067 1266 4120 ὅπου
1298 4069 1355 4121 δὲ
1383 4070 1476 4122 καὶ
1509 4072 1676 4142 ὕπερ-

131 4151 350 4218 πέμπων.
405 4155 533 4208 Κᾶν
581 4156 641 4208 δὲ
686 4156 774 4209 διὰ
813 4156 910 4227 τὴν
962 4159 1270 4212 ἐνεστῶσαν
1302 4162 1518 4230 ἡμέραν
1576 4165 1679 4214 ὑπ-

129 4246 370 4299 εστέλλετο
401 4247 686 4316 εὐστόμως
714 4249 854 4301 κατὰ
880 4249 986 4301 τῶν
1023 4251 1277 4303 Λατίνων
1331 4253 1534 4322 βαλεῖν,
1561 4255 1676 4308 ἀλλ’

129 4334 225 4388 ἐπεὶ
260 4339 482 4402 Λατῖνός
532 4355 616 4400 τις
674 4339 864 4408 ἰταμὸς
895 4342 989 4394 καὶ
1019 4341 1383 4411 ἀναίσχυντος
1414 4345 1474 4396 οὐ
1512 4346 1675 4414 μόνον

126 4428 242 4480 κατὰ
286 4431 390 4483 τῶν
447 4430 661 4484 ἄνωθεν
711 4432 1014 4502 ἱσταμένων
1066 4435 1307 4497 πυκνοὺς
1356 4435 1674 4502 ἐξέπεμπεν

1787 574 1914 614 vero
1962 560 2069 614 alio
2120 563 2358 618 remedio
2410 571 2622 630 tempus
2671 577 2831 633 egere
2869 571 3040 625 ratus,
3102 574 3364 631 generum

1785 654 2014 723 primunt
2043 655 2282 710 manium
2318 659 2550 711 accersit
2588 672 2743 711 suum
2768 654 3131 722 Nicephorum
3164 655 3362 707 ‘menm

1783 744 2076 808 Cmsarem,
2109 747 2268 817 eique
2307 749 2538 818 imperat
2579 759 2636 803 ut
2668 749 2801 802 viris
2835 763 3018 801 secum
3053 747 3365 800 fortissimis

1787 843 2081 909 assumptis
2125 858 2189 896 ex
2235 857 2464 896 numero
2496 857 2680 896 eorum
2713 842 2803 912 qui
2843 842 3010 912 296
3046 850 3162 894 arte
3193 839 3365 909 sagit-

1778 929 1930 985 tandi
1966 942 2287 1002 praestarent
2316 949 2574 987 coronam
2625 949 2900 988 murorum
2951 948 3190 1002 superne
3220 933 3363 986 obti-

1787 1037 2231 1096 neret,’suosquc
2268 1026 2376 1082 illic
2409 1027 2740 1095 jaculalores
2788 1027 2942 1097 longa
2992 1027 3132 1081 serie
3181 1027 3363 1094 dispo-

1787 1129 1962 1185 neret,
2006 1121 2272 1174 mandans
2305 1122 2370 1174 iis
2410 1131 2467 1174 ιιι
2498 1136 2658 1190 quam
2703 1120 3035 1174 creberrima
3068 1134 3133 1173 ex
3165 1117 3276 1174 alto
3309 1119 3363 1172 in

1786 1212 1970 1267 Gallos
2011 1212 2112 1265 tela
2163 1213 2460 1278 mitterent,
2503 1210 2594 1265 scd
2628 1210 2888 1280 pleraque
2924 1211 3166 1275 innoxia,
3203 1210 3368 1264 aber-

1787 1307 1996 1358 ratione
2027 1305 2315 1370 affectata;
2349 1319 2457 1358 non
2486 1303 2628 1358 enim
2667 1302 2899 1356 interfici
2942 1301 3154 1355 volebat
3195 1302 3366 1368 impec

1789 1413 1935 1450 ratur
1993 1399 2340 1460 bostes,»tum
2404 1395 2693 1466 religioni,
2751 1403 2809 1446 ut
2872 1393 3148 1458 diximus,
3213 1392 3363 1457 diei,

1787 1501 1896 1542 tum
1947 1491 2182 1560 propria:
2231 1489 2436 1544 lenitati
2487 1499 2542 1543 et
2615 1485 2857 1540 civilium
2925 1485 3185 1541 bellorum
3240 1486 3366 1539 odio

1785 1583 1997 1636 cuidam
2042 1583 2228 1636 innato
2256 1579 2502 1636 serviens
2534 1599 2547 1634 :
2586 1580 2828 1649 satisque
2863 1577 3125 1642 habebat,
3153 1576 3195 1630 si
3229 1577 3366 1630 den-

1787 1672 1862 1726 sis
1891 1671 2175 1725 missilium
2226 1670 2496 1726 imbribus
2521 1683 2587 1724 ex
2619 1669 2729 1722 alto
2752 1667 3057 1738 ejaculatis,
3087 1666 3366 1721 conliden-

1790 1762 2061 1817 tissimum
2101 1777 2270 1832 genus
2303 1771 2514 1815 terrore
2567 1768 2750 1829 posset
2801 1759 2985 1828 aliquo
3047 1758 3362 1827 percellcrc.

1785 1852 1985 1906 Eodem
2021 1862 2264 1922 tempore
2305 1853 2650 1920 eruptionem
2684 1851 2909 1906 instruit
2938 1850 3100 1905 Sltlllll
3138 1849 3368 1903 consilio

1789 1947 1959 2015 magis
2009 1946 2312 2014 speciosam
2353 1959 2515 2014 quam
2570 1943 2957 2011 perniciosam.
3017 1941 3369 1996 Lcctissimos

1788 2039 1953 2092 duces
1980 2054 2102 2091 cum
2139 2037 2252 2092 suis
2281 2052 2553 2106 quemque
2578 2036 2894 2091 cohortibus
2937 2046 3142 2103 partem
3194 2033 3370 2086 maxi-

1787 2145 1930 2185 mam
1962 2130 2259 2184 instructos
2295 2129 2550 2192 arcubus,
2599 2127 2886 2182 nonnullos
2918 2137 3160 2180 armatos
3193 2124 3368 2194 longis

1786 2221 2008 2277 lanceis.
2065 2220 2285 2289 prodire
2332 2219 2510 2273 subito
2545 2217 2699 2286 jubet
2738 2232 2798 2272 ea
2832 2226 2984 2286 porta
3018 2232 3136 2284 quae
3175 2225 3368 2269 sancto

1786 2311 2031 2367 Romano
2055 2320 2135 2365 est
2161 2310 2431 2380 proxima,
2484 2310 2669 2376 sicque
2720 2308 3098 2361 vehementem
3131 2306 3365 2374 impresc

1796 2402 2003 2460 sionem
2034 2412 2312 2457 ostentare
2347 2401 2508 2456 hosti.
2553 2400 2702 2455 Ordo
2741 2400 2987 2452 euntium
3021 2397 3108 2452 hic
3141 2411 3258 2450 erat
3302 2397 3369 2451 ab

1788 2497 2115 2567 imperatore
2160 2494 2512 2564 praescriptus
2560 2493 2698 2561 ipso.
2744 2490 3096 2544 llastatorum
3139 2489 3371 2559 quisque

1787 2591 1928 2644 inter
1957 2590 2202 2658 arquitas
2237 2589 2370 2641 duos
2412 2586 2690 2655 clypeatos
2738 2586 2849 2638 ibat
2892 2584 3107 2636 medius
3139 2597 3370 2650 quorum

1786 2685 2013 2754 objectis
2049 2683 2326 2751 utrimque
2369 2683 2533 2736 cetris
2561 2680 2970 2748 protegebatur.
3001 2675 3101 2730 Sic
3138 2677 3370 2741 (Περοδί-

1787 2775 1856 2829 tis
1902 2775 2140 2829 edictum
2174 2783 2230 2825 ut
2283 2772 2431 2825 lente
2482 2771 2532 2823 in
2593 2771 2808 2823 hostem
2852 2767 3134 2827 vadereut,
3183 2766 3368 2835 paucis

1788 2865 2006 2919 interim
2068 2863 2368 2934 sagittariis
2427 2861 2491 2914 ad
2521 2859 2703 2914 Gallos
2759 2861 2970 2913 eminus
3020 2856 3370 2912 lacessendos

1787 2957 2104 3028 pra-missis.
2138 2955 2344 3021 Quibus
2379 2949 2690 3024 mandatum
2731 2967 2798 3004 ne
2823 2966 2984 3004 unam
3015 2951 3272 3002 continuo
3315 2950 3366 3001 in

1787 3061 1996 3120 partem
2051 3049 2413 3108 intuerentur,
2477 3045 2570 3098 sed
2623 3044 2818 3098 crebro
2876 3043 2980 3096 huc
3021 3041 3256 3110 illucque
3309 3054 3370 3094 se

1787 3151 2082 3198 verterent.
2118 3141 2220 3197 Ubi
2271 3141 2406 3194 satis
2449 3139 2664 3192 admota
2699 3151 2877 3206 pugna
2910 3143 3076 3198 esset,
3109 3143 3367 3200 angusto-

1787 3237 2026 3307 quejam
2070 3233 2247 3302 spatio
2279 3232 2424 3286 acies
2461 3231 2749 3293 distarent,
2785 3238 2896 3283 tum
2934 3241 3069 3296 quos
3101 3225 3167 3279 ad
3195 3225 3364 3277 latera

1789 3327 2045 3384 lancearii
2098 3325 2410 3393 sagittarios
2449 3322 2755 3386 haberent,
2789 3320 3040 3390 juberent
3083 3317 3159 3371 uti
3201 3331 3366 3379 arcu,

1789 3421 2112 3477 collimando
2160 3418 2215 3470 in
2258 3429 2425 3482 equos
2453 3412 2698 3475 hostiles,
2733 3410 3004 3480 parcendo
3038 3407 3368 3466 sessoribus,

1789 3512 1951 3568 simul
1997 3511 2098 3578 ipsi
2145 3523 2265 3562 cum
2313 3505 2377 3559 iis
2422 3505 2624 3572 pariter
2687 3500 2928 3555 remissis
2977 3497 3205 3551 habenis
3257 3506 3370 3550 toto

1786 3617 2049 3673 equorum
2087 3601 2285 3668 impetu
2318 3598 2371 3650 in
2409 3595 2592 3649 Gallos
2632 3593 3038 3648 inveherentur.
3084 3588 3177 3643 llis
3219 3603 3372 3641 nem-

1788 3713 1853 3765 pe
1899 3697 2058 3746 rebus
2091 3690 2340 3759 sperabat
2374 3703 2433 3742 se
2468 3695 2884 3740 consecuturum
2931 3681 3226 3750 Augustus,
3257 3679 3370 3746 pri-

1789 3804 1934 3842 mum
1973 3795 2028 3839 ut
2062 3785 2217 3852 equis
2256 3779 2554 3834 vulneratis
2585 3774 2947 3831 formidabilis
2986 3772 3076 3826 ille
3107 3769 3371 3824 Romanis

1788 3881 1998 3948 primus
2059 3874 2248 3931 Gallici
2319 3873 2595 3933 equitatus
2656 3869 2887 3936 impetus
2949 3866 3366 3929 languesceret,

1787 3971 1984 4027 deinde
2019 3969 2071 4023 id
2099 3965 2242 4037 quod
2266 3964 2606 4034 potissimum
2640 3959 2880 4028 optabat,
2914 3965 2973 4010 ut
3005 3970 3166 4024 quam
3205 3953 3368 4006 mini-

1787 4081 1937 4120 mum
1993 4059 2289 4117 Christiani
2349 4052 2624 4121 sanguinis
2687 4050 3024 4104 funderetur.
3097 4044 3370 4099 Fecerunt

1790 4163 1844 4216 hi
1902 4157 2047 4229 quod
2092 4153 2226 4224 iussi
2279 4159 2335 4205 et
2366 4148 2539 4204 valvis
2571 4151 2793 4213 repente
2839 4139 3132 4210 patefactis
3171 4138 3224 4189 in
3267 4135 3371 4190 ho-

1789 4228 1934 4306 stent
1959 4251 2184 4310 vadunt,
2213 4243 2371 4312 equis
2405 4241 2566 4293 modo
2598 4234 2877 4298 admissis,
2905 4233 3064 4287 modo
3099 4228 3362 4292 reductis,

1788 4347 2105 4412 impetuque
2133 4348 2249 4390 arte
2274 4334 2422 4386 varia
2450 4331 2764 4400 dispensata
2783 4368 2796 4391 ,
2828 4333 2884 4378 at
2911 4338 2978 4379 eo
3002 4336 3282 4384 successu,
3305 4329 3366 4374 ut

1789 4411 1939 4489 multi
1978 4446 2042 4486 eo
2080 4429 2165 4482 die
2195 4423 2496 4480 ceciderint
2528 4419 2766 4474 hostium
2789 4455 2805 4481 ,
2863 4431 2927 4470 ex
2954 4414 3160 4469 nostris
3204 4411 3363 4481 pauci

124 4516 324 4584 ὀϊστοὺς,
373 4522 520 4576 ἀλλὰ
569 4526 666 4576 καὶ
699 4527 766 4595 τῇ
800 4525 906 4595 ἰδίᾳ
951 4525 1224 4596 διαλέκτῳ
1257 4529 1432 4582 πολλὰ
1482 4529 1676 4597 φωνῶν

1879 4532 2043 4579 ttaxat
2093 4516 2362 4572 vulnerati
2407 4512 2632 4567 fuerint.
2671 4509 2873 4562 Verum
2923 4505 3008 4559 his
3047 4503 3266 4558 omissis
3298 4502 3366 4556 ad

123 4610 335 4682 ὑϐρίζειν
366 4617 574 4682 ἐδόκει,
603 4617 769 4671 τείνει
812 4619 910 4688 μὲν
943 4619 1064 4673 κατ’
1095 4620 1262 4673 αὐτοῦ
1299 4622 1327 4673 ό
1362 4622 1584 4693 Καῖσαρ
1618 4624 1680 4676 τὸ

123 4703 268 4766 τόξον.
296 4708 402 4760 Τοῦ
433 4709 479 4760 δ’
514 4711 613 4778 οὐχ
643 4708 794 4762 ἆλιον
827 4710 980 4780 βέλος
1039 4711 1233 4781 ἔκθορε
1284 4714 1489 4784 χειρὸς,
1542 4713 1681 4768 ἀλλά

121 4795 341 4866 διέτρησε
375 4801 480 4870 μὲν
508 4801 598 4854 τὸν
628 4802 814 4872 οερεόν
848 4803 890 4834 ⁸⁷
919 4821 934 4834 ⁸
968 4803 1058 4855 τὸν
1109 4804 1166 4856 δὲ
1221 4805 1515 4872 φολιδωτὸν
1566 4805 1679 4859 θὼ-

125 4907 244 4958 ρακα
281 4895 379 4944 σὺν
431 4893 587 4964 αὐτῷ
627 4894 821 4948 διελὼν
871 4895 1134 4967 βραχίωνι
1164 4897 1208 4928 ⁸⁵
1259 4899 1324 4967 τῇ
1371 4899 1582 4968 πλευρᾷ
1621 4898 1680 4952 τὸ

123 4984 247 5052 βέλος
285 4986 664 5058 περιέπειρεν.
711 4989 768 5041 ’0
804 4988 849 5040 δ’
876 4989 1038 5052 εὐθὺς
1075 4989 1290 5057 ἄφωνος
1331 4991 1512 5043 ἔκειτο
1579 5009 1674 5060 χα-

121 5080 258 5147 μᾶζε,
291 5084 435 5134 κατὰ
467 5083 558 5136 τον
587 5085 841 5154 ποιητήν.
871 5085 1030 5154 Φωνὴ
1065 5084 1112 5136 δ’
1138 5085 1368 5154 οὐρανὸν
1410 5080 1537 5153 ἧκε,
1569 5085 1678 5136 τῶν

120 5175 200 5243 μὲν
229 5177 730 5244 ἑπαγγαλλομένων
759 5179 804 5210 δ’
832 5175 908 5245 τῷ
938 5179 1201 5244 Καίσαρι,
1230 5176 1339 5229 τῶν
1371 5176 1430 5228 δὲ
1465 5177 1558 5228 ἐπὶ
1602 5178 1678 5245 τῷ

121 5267 412 5320 πεπτωκότι
446 5269 884 5338 ὀλοφυρομένων.
922 5270 1222 5340 Καρτερῶς
1253 5269 1298 5321 δ’
1323 5269 1368 5301 ⁵ο
1401 5265 1493 5321 οὖν
1523 5268 1677 5331 αὺθις

118 5357 209 5408 τῶν
259 5377 318 5412 τε
375 5362 591 5414 ἱππέων
642 5363 851 5415 ἐκεῖθεν
882 5366 925 5396 ⁸¹
963 5363 1312 5431 μαχομένων,
1361 5362 1470 5414 τῶν
1502 5377 1562 5412 τε
1620 5363 1680 5413 ὲν

120 5449 212 5510 τοῖς
238 5451 481 5521 τείχεσιν
513 5453 849 5522 ἱσταμένων,
885 5453 1057 5524 βαρὺς
1088 5454 1182 5505 καὶ
1212 5451 1385 5514 δεινὸς
1421 5452 1478 5517 ἐξ
1503 5453 1680 5521 ἀμφο-

117 5538 266 5609 τέρων
290 5543 678 5614 ἀνερριπίζετο
711 5544 971 5612 πόλεμος.
1025 5544 1332 5596 Ἐπιϐαλὼν
1363 5543 1412 5596 δ’
1447 5538 1602 5605 αὖθις
1637 5543 1664 5594 ὁ

1781 4638 1839 4676 se
1887 4633 1984 4674 suo
2052 4628 2136 4668 me
2182 4610 2301 4680 iure
2351 4616 2509 4662 vorat
2563 4602 2818 4659 dominus
2866 4613 3020 4653 meus
3073 4596 3275 4650 Caesar.
3317 4593 3368 4647 ls

1780 4729 1905 4768 cum
1970 4707 2182 4780 peritis,
2237 4711 2297 4758 ut
2331 4701 2538 4756 dictum
2585 4706 2691 4760 est,
2737 4691 3036 4762 sagittariis
3100 4687 3369 4742 insidebat

1783 4817 1963 4860 turres
1993 4813 2231 4871 superne
2269 4794 2523 4850 hostibus
2557 4790 2871 4844 imminens.
2903 4786 3100 4839 Arcum
3136 4780 3366 4849 quisque

1781 4912 1935 4951 suum
1999 4903 2105 4945 tam
2156 4889 2272 4958 ipse
2311 4899 2474 4955 quam
2504 4879 2699 4948 singuli
2757 4878 2876 4946 ejus
2922 4875 3155 4929 comites
3199 4871 3366 4924 babe-

1779 4993 1928 5044 baut.
1973 4985 2041 5039 Et
2079 4997 2143 5036 eo
2195 4979 2247 5033 bi
2299 4975 2517 5046 quidem
2549 4973 2842 5026 utebantur
2872 4967 3112 5037 egregie,
3155 4978 3255 5018 nec
3298 4961 3366 5016 iis

1779 5079 2066 5147 quisquam
2106 5080 2201 5124 aut
2239 5067 2562 5122 collinearet
2597 5061 2822 5124 certius,
2898 5066 2990 5110 aut
3037 5055 3238 5109 rectius
3267 5067 3368 5106 ex-

1779 5145 2080 5234 peditiusve
2104 5162 2337 5214 laxatam
2362 5153 2624 5210 chordam
2661 5150 2924 5212 tenderet,
2953 5159 3162 5201 tensam
3203 5145 3358 5198 laxa-

1781 5268 1885 5312 ret.
1915 5257 2125 5324 Quippe
2155 5252 2368 5305 illorum
2397 5261 2555 5302 nemo
2587 5240 2874 5310 sagittandi
2920 5238 3114 5306 peritia
3157 5235 3356 5289 llomeo

1786 5353 1900 5407 rico
1958 5349 2048 5403 illo
2108 5345 2319 5400 Teucro
2367 5337 2716 5394 concederet.
2775 5333 2844 5387 At
2893 5329 3092 5385 Caesari
3173 5342 3363 5383 arcum

1785 5442 2162 5501 commodasse
2200 5451 2354 5492 suum
2392 5434 2506 5501 ipse
2547 5431 2705 5498 longe
2732 5419 2981 5495 jaculans
3034 5424 3168 5479 deus
3206 5419 3362 5493 vide-

1787 5540 1968 5600 batur,
2007 5533 2140 5586 adeo
2176 5529 2220 5582 is
2259 5527 2618 5580 nihilominus
2659 5519 2936 5574 eminebat
2971 5531 3131 5585 supra
3187 5513 3364 5568 socios

1172 5661 1370 5721 Variae
1402 5659 1702 5721 lectiones
1734 5670 1810 5716 ex
1843 5648 1987 5711 cod.
2026 5641 2301 5706 Coislin.

124 5821 140 5851 ⁸
179 5754 219 5784 ⁵⁸
255 5755 296 5805 ὅ-
424 5757 466 5786 ⁸⁵
505 5761 790 5815 εὖῦνὶόολα.

147 5822 159 5850 ι
197 5825 353 5851 2.,.Ξ...
372 5845 418 5851 η.

147 5822 159 5850 ι
197 5826 208 5850 2

292 5794 302 5841 ι
424 5761 466 5786 ⁸⁵
505 5761 790 5815 εὖῦνὶόολα.
903 5762 944 5793 ⁸⁸
978 5763 1072 5831 τὴν
1133 5761 1328 5830 αὐτῆς.

196 5841 277 5877 Ξκῑ
291 5844 441 5879 ινων.

1447 5760 1488 5791 ⁸⁷
1532 5757 1748 5828 Ουρεόν.

1877 5751 1918 5781 ⁸⁸
1954 5744 2221 5820 βραχίονι.
2358 5740 2401 5773 ¹⁸⁹
2431 5737 2906 5807 ὲπαγαλλομένων.
3018 5733 3063 5764 ⁵⁰
3094 5729 3255 5783 Deest
3291 5725 3359 5778 δ’.
