3780 6568
413 393 525 460 ’163
1703 385 1906 449 ΑΝΝᾸ

2104 383 2348 446 [NEN/E
3519 388 3597 458 ibi

420 527 582 584 quam
621 510 812 583 Apollo
845 524 1010 578 supra
1035 507 1329 565 Teucrum.
1366 503 1485 562 Non
1519 504 1609 562 hic
1636 519 1788 568 sane,
1820 509 1880 557 ut

2105 497 2466 569 αὐτοκράτωρ
2505 495 2605 560 τὰς
2637 495 2774 560 ἰδίας
2804 493 3088 565 δυνάμεις,
3129 491 3206 558 εἰς
3228 495 3387 565 φυγὴν
3412 497 3490 564 τὰς
3520 508 3597 560 τῶν

415 605 556 675 apud
611 601 903 658 Homerum
934 602 1146 666 Graeci,
1180 617 1394 656 nervum
1421 613 1696 661 mammae,
1743 605 1908 653 costtet

1626 613 1696 661 te,
1743 605 2000 664 costteque
2109 590 2360 646 Λατίνων
2391 588 2781 662 προύτρέψατο
2811 586 3119 658 φάλαγγας.

413 699 666 768 sagittam
757 695 1015 764 aptabant
1071 703 1247 748 tractu
1310 695 1481 758 vario,
1534 689 1832 745 venatoria:
1905 687 2169 740 duntaxat
2230 682 2508 753 specimen
2558 681 2784 737 edentes
2863 679 3034 746 artis,
3104 679 3194 733 sed
3267 682 3393 735 velut
3439 687 3600 754 quidam

413 793 696 853 Hercules,
737 789 860 844 Tela
892 789 1183 842 immortali
1207 786 1427 841 tethalia
1471 785 1701 838 destinat
1734 797 1886 862 arcu,
1923 792 2041 846 quae
2070 775 2270 830 frustra
2305 775 2544 843 elIugere
2582 774 2707 846 quis
2738 780 2954 844 speret.
2984 771 3030 826 Si
3075 771 3230 842 297
3261 779 3402 828 modo
3444 778 3487 833 in
3513 797 3603 839 ctua

413 887 505 941 ille
565 874 846 938 eolliuiare
933 879 1067 933 tanti
1126 878 1384 943 duxerit;
1431 875 1564 930 nihil
1614 875 1758 928 enim
1816 869 2036 940 petebat
2075 867 2348 937 quodnon
2375 875 2786 934 assequeretur,
2821 863 2949 918 nulli
2981 863 3130 919 serio
3161 865 3440 922 minabatur
3487 888 3604 942 quem

415 996 522 1034 non
581 977 786 1030 feriret.
841 971 1027 1041 Neque
1072 973 1175 1027 hoc
1225 971 1327 1026 ista
1367 969 1540 1023 solum
1587 967 1872 1022 occasione
1914 969 1978 1020 de
2011 979 2115 1037 qua
2141 964 2358 1032 loquor,
2387 960 2856 1017 animadversum.
2903 959 3053 1016 Alias
3105 970 3160 1015 et
3214 960 3352 1027 alibi,
3410 979 3606 1032 quecun.

415 1089 522 1143 que
559 1071 753 1125 ludicri
784 1066 1126 1131 certaminis,
1157 1074 1250 1119 aut
1287 1065 1398 1118 veri
1434 1062 1603 1132 praelii
1634 1061 1788 1130 copia
1813 1074 1874 1114 se
1905 1059 2074 1122 dedit,
2111 1056 2372 1126 quidquid
2446 1063 2541 1109 aut
2608 1069 2989 1124 quemcunque
3058 1053 3161 1110 sibi
3222 1069 3310 1124 pro
3361 1073 3498 1130 scepo
3521 1080 3608 1129 pro-

414 1163 616 1234 posuit,
658 1161 817 1231 plane
850 1157 1119 1229 percussit
1161 1155 1268 1210 ic‘tu
1318 1153 1636 1208 inevitabili.
1682 1151 1820 1218 Quid
1860 1166 2057 1220 corpus
2113 1149 2269 1204 dico?
2346 1146 2725 1217 qualecunque
2809 1147 3062 1216 quamvis
3138 1146 3405 1213 minutum,
3476 1155 3611 1223 cuius-

417 1273 634 1325 cunque
706 1253 1012 1309 membrum
1065 1261 1159 1305 aut
1201 1260 1410 1321 partem
1465 1249 1628 1303 let-ire
1720 1247 2049 1300 collimando
2118 1253 2365 1314 cuperet,
2427 1244 2611 1298 statim
2671 1241 2893 1312 displosi
2951 1242 3040 1298 teli
3092 1242 3236 1297 acies
3267 1243 3458 1314 ﬁgebat.
3507 1252 3613 1306 Adeo

416 1359 576 1426 longe
623 1355 840 1408 Teucro
896 1360 950 1403 et
1018 1349 1214 1416 Aiaces
1267 1363 1456 1403 omnes
1499 1345 1682 1400 Caesar
1737 1344 2001 1426 Bryenius
2068 1343 2263 1397 robore
2324 1341 2583 1395 tendendi
2653 1355 2850 1405 arcus,
2927 1350 2983 1396 et
3040 1341 3315 1396 celeritate
3374 1346 3613 1403 excutiendi

412 1447 581 1518 iaculi
647 1443 975 1499 antecellere
1028 1441 1338 1495 videbatur.
1385 1439 1652 1492 Caeterum
1731 1443 2010 1504 utcunque
2051 1433 2174 1490 talis
2200 1449 2264 1488 ac
2294 1443 2476 1488 tantus
2511 1433 2562 1487 in
2602 1444 2718 1488 arte
2737 1433 3011 1504 iaculandi
3041 1430 3164 1496 fuit,
3205 1441 3372 1490 tamen
3426 1453 3525 1494 euut
3572 1455 3609 1498 et

416 1543 523 1598 diei
589 1539 776 1610 religio
815 1552 990 1604 sacrae
1079 1544 1132 1590 et
1191 1533 1502 1586 mandatum
1567 1529 1911 1598 imperatoris
1967 1530 2038 1583 ita
2119 1528 2357 1598 placavit
2432 1528 2703 1591 hostibus,
2770 1539 2827 1582 ut
2871 1529 2940 1583 iis
2975 1531 3226 1602 quamvis
3255 1530 3398 1585 iratis
3433 1541 3478 1586 et
3516 1541 3614 1591 mori

419 1634 753 1686 merentibus
785 1631 972 1684 volens
995 1635 1264 1698 parceret.
1314 1625 1378 1678 Et
1425 1624 1641 1677 obstare
1677 1623 1801 1676 licet
1830 1620 2094 1676 simulans
2125 1622 2178 1674 in
2211 1637 2308 1676 eos
2340 1619 2587 1690 galeatos
2629 1622 3017 1692 clypeatosque
3091 1637 3154 1676 ac
3221 1637 3280 1677 se
3337 1633 3435 1680 toto
3486 1626 3619 1685 lurore

418 1727 776 1780 admoventes
811 1723 1082 1777 mamith
1122 1734 1358 1788 superne
1396 1733 1702 1786 repugnans
1733 1715 2092 1782 iacularetur,
2121 1715 2429 1769 voluntaria
2503 1728 2682 1770 tamen
2745 1715 3119 1770 misericordia
3191 1717 3431 1786 perdebat
3481 1721 3619 1788 ictum,

425 1822 534 1876 alio
565 1833 725 1888 quam
771 1817 824 1870 in
863 1815 1044 1870 vitalia
1090 1815 1409 1881 declinans;
1468 1813 1742 1868 interdum
1798 1822 1853 1864 et
1897 1811 2012 1865 solo
2085 1810 2316 1878 strepitu
2401 1821 2607 1867 terrere
2651 1822 2963 1868 contentus.
3020 1811 3297 1880 Expressit
3353 1822 3508 1869 tamen
3547 1818 3621 1870 im-

425 1923 660 1983 portuna
702 1909 1046 1963 contumacia
1091 1908 1446 1977 quantumvis
1489 1906 1772 1976 ignoscere
1817 1914 2010 1974 parato
2051 1904 2254 1959 letbale
2287 1904 2485 1959 vulnus
2518 1906 2683 1960 unius
2723 1921 2753 1961 e
2794 1904 3005 1962 Latinis
3063 1906 3357 1962 Thrasonis
3422 1916 3622 1964 amentia.

428 2003 482 2056 Is
557 2017 661 2055 non
713 2009 1002 2056 contentus
1063 2000 1410 2056 creberrimis
1467 2015 1632 2069 quam
1715 1997 2022 2052 rectissime
2094 1996 2320 2052 vibratis
2387 2012 2622 2068 superne
2661 1997 2714 2052 in
2749 1999 2890 2053 muri
2915 2012 3118 2054 corona
3145 2002 3620 2072 stantessagittisas-

429 2091 587 2147 sidue
615 2093 907 2161 lacessere,
945 2093 1107 2148 etiam
1142 2094 1326 2162 lingua
1357 2092 1572 2162 propria
1605 2091 1773 2146 multa
1803 2089 2226 2157 vociferabatur,
2259 2107 2379 2162 qua:
2403 2107 2536 2146 sono
2569 2092 2710 2161 ipso,
2778 2091 2905 2147 licet
2955 2107 3142 2147 rerum
3201 2095 3496 2148 sententiam
3544 2112 3618 2149 non

419 2189 731 2259 perciperes
760 2229 774 2253 ,
831 2187 1225 2242 contumeliose
1273 2187 1469 2255 iactari
1535 2187 1912 2256 probroseque
1961 2183 2012 2236 in
2051 2197 2153 2238 nos
2182 2192 2494 2253 appareret.
2529 2183 2582 2238 In
2612 2187 2755 2238 hunc
2785 2185 2862 2240 sic
2891 2185 3152 2240 meritum
3219 2184 3436 2241 intendit
3485 2201 3622 2246 arcu-

424 2281 642 2347 Caesar;
701 2291 758 2334 at
821 2280 898 2334 illi
943 2295 1038 2350 per
1079 2280 1327 2351 clypeum
1374 2293 1579 2349 perque
1648 2279 1874 2332 interius
1927 2275 2165 2330 thoracis
2213 2277 2464 2332 adactum
2519 2278 2681 2332 telum
2763 2279 2916 2334 lateri
2958 2278 3238 2336 brachium
3280 2282 3489 2336 censuit.
3527 2281 3626 2338 Tum

422 2393 554 2434 vero
625 2379 716 2434 ille
759 2380 980 2448 quidem
1063 2378 1312 2448 dejeclus
1363 2378 1528 2431 humo
1591 2389 1881 2445 mutasque
1929 2373 2171 2443 iacebat.
2217 2373 2455 2428 Vocibus
2485 2383 2541 2429 at
2604 2375 2791 2431 mixtis
2847 2375 3123 2444 perfertur
3150 2379 3202 2432 in
3240 2377 3431 2433 aethera
3451 2379 3626 2445 clamor,

421 2482 732 2525 nostrorum
755 2469 956 2526 Caesari
991 2470 1426 2540 gratulantium:
1499 2468 1738 2523 hostium
1807 2469 1888 2522 sui
1947 2466 2244 2522 Thrasonis
2291 2467 2444 2522 clade
2495 2481 2561 2522 ac
2605 2481 2734 2522 casu
2798 2469 3117 2526 dolentium.
3169 2469 3304 2527 Hinc
3347 2471 3447 2541 iam
3493 2484 3631 2529 coorta

427 2566 613 2635 gravis
662 2582 838 2634 pugna
885 2574 990 2627 est,
1041 2565 1243 2618 nostris
1297 2580 1404 2617 uno
1439 2575 1680 2632 tempore
1709 2563 1798 2631 qui
1852 2562 2110 2616 exierant
2137 2562 2414 2630 equitibus
2443 2570 2498 2614 et
2531 2561 2615 2616 his
2647 2563 2716 2617 de
2783 2579 2939 2620 muro
3000 2566 3305 2636 sagittariis
3368 2567 3416 2621 in
3472 2567 3630 2621 hostem

422 2657 778 2714 Vehementer
847 2654 1309 2710 incumbentibus.
1359 2655 1478 2719 Quo
1567 2651 1923 2706 nihilominus
1973 2660 2250 2718 perstaute
2307 2653 2563 2707 submisit
2614 2655 2678 2707 ad
2729 2665 3032 2710 extremum
3106 2656 3397 2726 imperator
3438 2657 3632 2725 proprias

425 2749 595 2819 ipsius
664 2753 891 2820 copias;
971 2763 1201 2818 quarum
1270 2750 1504 2802 adventu
1564 2745 1877 2812 impetuque
1926 2745 2228 2800 recentium
2316 2743 2475 2801 facile
2568 2745 2700 2802 lusa:
2746 2747 3050 2816 fugataque
3138 2747 3444 2804 Latinorum
3505 2753 3632 2819 copia

425 2843 600 2898 fuere.
2959 2821 2990 2844 ³

503 2936 774 2991 Postridie
788 2936 941 3006 llugo
974 2934 1251 3016 proiectus
1279 2935 1343 2990 ad
1366 2933 1789 2992 Gotthol‘redum
1819 2946 1996 2990 auctet

2184 2935 2264 3006 Τῇ
2303 2932 2359 2986 δὲ
2400 2931 2520 3001 μετ’
2547 2931 2721 3002 αὐτὴν
2751 2929 3005 2985 ἀπελθὼν
3032 2933 3061 2987 ὁ
3092 2927 3269 2997 Οὗϐος
3305 2932 3410 3002 (53)
3444 2935 3631 2990 auvz60ti-

426 3031 476 3088 ei
497 3043 825 3100 magnopere
846 3027 944 3082 fuit
962 3031 1110 3094 pacis
1127 3043 1191 3082 cu
1206 3045 1254 3082 m
1276 3028 1596 3095 imperatore
1614 3028 1919 3094 faciundtep

2141 3045 2244 3082 ιευε
2286 3027 2365 3096 τῷ
2404 3027 2678 3097 Γοντοφρὲ
2718 3024 2795 3096 τῷ
2826 3025 2920 3079 τοῦ
2963 3025 3236 3096 βασιλέως
3287 3025 3486 3091 ὑπεῖξαι
3513 3026 3634 3096 θελή-

425 3126 707 3184 nuntians,
735 3122 1016 3190 uisi,quod
1041 3121 1293 3190 exigebat
1313 3120 1426 3184 ille,
1457 3120 1668 3174 ﬁdelem
1690 3121 1764 3174 illi
1786 3135 1845 3176 se
1868 3119 1918 3174 lu

2144 3138 2276 3185 ιατι,
2310 3123 2359 3173 εἰ
2394 3121 2469 3190 μὴ
2512 3121 2607 3172 καὶ
2637 3118 2896 3188 δευτέρας
2939 3117 3195 3189 βούλοιτο
3219 3118 3320 3188 τῆς
3350 3116 3522 3172 τούτου
3545 3120 3637 3186 περὶ

432 3229 555 3268 rum
576 3210 930 3281 iureiurando
949 3210 1270 3278 interposito
1287 3210 1576 3278 sponderet
1599 3209 1830 3265 Gotthol‘
1831 3212 1921 3266 red

2147 3213 2188 3266 κὰ
2219 3211 2498 3280 πολεμικὰ
2527 3209 2826 3280 ἐμπειρίας
2873 3210 3070 3276 πεῖραν
3105 3207 3315 3272 λαϐεῖν,
3346 3209 3434 3260 καὶ
3466 3208 3640 3278 ὀμωμο-

427 3304 728 3374 perieulum
747 3317 869 3356 esse
885 3315 1126 3369 praesens
1145 3316 1209 3355 ne
1224 3302 1391 3369 capia:
1405 3301 1572 3371 ipsius
1589 3317 1616 3354 a
1639 3311 1920 3357 veterano:

2149 3307 2277 3357 ιέναι
2318 3301 2570 3371 καθαρὰν
2603 3299 2791 3353 πίστιν
2823 3298 3120 3368 φυλάττειν
3156 3297 3327 3367 αὐτῷ.
3359 3297 3412 3350 '0
3437 3297 3485 3351 δὲ
3518 3297 3642 3349 πολλά

427 3409 490 3448 ce
509 3404 797 3448 veteranas
823 3393 887 3444 ad
914 3406 1128 3445 manum
1167 3390 1398 3445 habente
1428 3391 1668 3462 legiones
1687 3408 1881 3448 novam
1914 3395 1920 3448 i

2153 3397 2306 3450 οὖτον
2348 3394 2746 3464 κατεμέμφετο
2770 3392 2947 3461 λέγων
2973 3409 2987 3423 ·
3020 3391 3104 3445 Σὺ
3147 3392 3228 3458 ὡς
3259 3390 3536 3457 ,βασιλεὺς
3564 3389 3643 3458 τῆς

426 3494 550 3542 rato
595 3485 803 3538 cladem
832 3487 1162 3551 acciperent.
1214 3483 1438 3551 Accepit
1467 3485 1740 3538 hominem
1769 3500 1919 3553 aspet

2152 3490 2275 3554 δίας
2303 3487 2692 3554 ἐξεληλυθὼς
2720 3483 2915 3555 χώρας
2932 3484 3082 3554 μετὰ
3113 3483 3408 3538 τοσούτου
3433 3483 3645 3536 πλούτου

425 3575 836 3639 Gotthol‘redus,
865 3575 1101 3644 indigna,
1121 3584 1179 3628 ut
1201 3579 1444 3644 putabat,
1465 3577 1784 3630 suadentem
1813 3593 1826 3630 :
1849 3576 1918 3631 Tu

2154 3583 2220 3636 :al
2271 3580 2739 3649 στρατεύματος,
2787 3576 2905 3631 νῦν
2947 3576 3012 3641 ἐξ
3052 3575 3259 3644 ὕψους
3301 3574 3562 3628 τοσούτου
3587 3571 3647 3631 είς

424 3667 710 3736 inquiens,
743 3674 1018 3736 postquam
1053 3666 1195 3734 regio
1233 3669 1489 3720 comitatu
1522 3670 1810 3737 spirituque
1846 3685 1917 3738 eg:

2156 3675 2349 3728 ὀὐλου
2383 3670 2558 3736 τάξιν
2585 3669 2802 3724 ἑαυτὸν
2825 3667 3217 3734 συνήλασας.
3248 3666 3388 3721 Εἶτα
3427 3665 3500 3730 ὠς
3534 3663 3649 3732 μέγα

424 3776 516 3815 sus
561 3759 720 3813 domo
763 3775 882 3813 cum
928 3758 1091 3813 tantis
1121 3761 1286 3828 copiis
1313 3773 1359 3813 et
1392 3761 1603 3830 opibus,
1645 3763 1700 3814 in
1744 3762 1917 3832 fortun

2159 3786 2177 3822 t
2237 3763 2626 3834 κατορθωκὼς
2660 3805 2676 3828 ,
2736 3762 2914 3830 κάμοὶ
2974 3760 3224 3814 τοιαῦτα
3275 3755 3650 3826 συμϐουλεύων·

426 3850 881 3918 conditionemque
912 3850 1124 3903 humilis
1159 3852 1369 3904 clientis
1397 3852 1628 3920 abjicere
1661 3861 1710 3905 te
1743 3852 1814 3906 ad
1841 3853 1919 3904 Αιι

2156 3860 2313 3927 iuste.
2344 3855 2403 3909 '0
2427 3856 2507 3918 δὲ,
2527 3853 2747 3922 Ἐχρῆν
2765 3852 2883 3921 μὲν
2913 3847 3090 3918 ἡμᾶς,
3122 3848 3252 3916 ἔφη.
3280 3846 3349 3900 ἐν
3369 3843 3486 3908 ταῖς
3513 3841 3649 3901 ίδιάις

424 3943 576 4012 pedes
601 3944 840 4014 potuisti,
872 3943 1035 3996 etiam
1052 3943 1217 3997 audes
1246 3953 1503 4013 tanquam
1527 3946 1601 3998 rei
1623 3945 1899 4013 prwclara:

2158 3946 2493 4018 προσμένειν
2533 3946 2770 4013 χώραις,
2805 3939 3056 3996 καὶτῶν
3103 3937 3441 4004 ἀλλοτρίων
3481 3931 3651 4001 ἀπέχε-

426 4038 693 4102 conscius,
714 4036 858 4089 ultro
872 4052 1158 4102 provocare
1176 4053 1258 4090 me
1279 4037 1347 4090 ad
1370 4038 1598 4090 imitatio
1609 4053 1724 4091 nem
1739 4039 1837 4101 tui,
1853 4037 1919 4106 £1

2161 4045 2288 4109 θαι,
2320 4039 2449 4093 ἐπεὶ
2483 4037 2552 4092 δὲ
2579 4037 2790 4107 μέχρις
2813 4029 2928 4089 ὦδε
2969 4033 3378 4100 κατήλθομεν,
3399 4027 3602 4093 πολλῆς
3624 4026 3654 4055 "

423 4137 474 4184 et
500 4139 607 4183 tam
645 4145 837 4199 parum
875 4137 1226 4182 consentanea
1266 4146 1396 4184 mea:
1426 4130 1682 4200 dignitati
1717 4131 1916 4185 consult

2165 4135 2236 4204 ῆς
2291 4133 2396 4188 τοῦ
2437 4130 2749 4198 βασιλέως
2795 4126 3162 4197 κηδεμονίας
3202 4125 3485 4193 δεόμενοι,
3514 4119 3558 4171 εὶ
3593 4112 3654 4183 μὴ

424 4222 523 4278 Cui
547 4221 731 4293 liugo,
765 4221 930 4292 Atqui
965 4222 1194 4290 primum
1218 4222 1455 4275 omnium
1489 4223 1786 4292 oportebat,
1820 4223 1912 4293 inq

2166 4227 2248 4294 οἷς
2303 4226 2491 4280 αὐτοῦ
2545 4225 2864 4289 πειθόμεθα
2903 4222 3141 4290 λόγοις,
3170 4219 3285 4271 οὐκ
3338 4215 3516 4284 ἀγαθὰ
3553 4207 3659 4277 ἡμῖν

426 4331 532 4370 non
557 4315 847 4370 excessisse
881 4329 997 4378 nos,
1029 4316 1174 4367 ausis
1216 4315 1498 4383 improbis,
1531 4323 1581 4368 et
1617 4318 1747 4370 votis
1783 4332 1873 4384 spe
1914 4335 1919 4369 π

2165 4289 2527 4388 ὐιιϐήσεται.
2573 4316 2663 4380 Ὠς
2700 4315 2760 4368 δὲ
2827 4289 3111 4368 κενὸντδν
3147 4309 3325 4366 Οὖϐον
3369 4307 3556 4360 ἐκεῖθεν
3596 4299 3658 4363 ἐξ·

427 4407 530 4461 nisi
561 4405 725 4459 dubia
769 4405 1033 4468 subnixis,
1081 4405 1223 4458 ultra
1285 4405 1418 4472 fines
1470 4416 1778 4460 nostrarum
1833 4423 1920 4460 unt

2170 4411 2362 4483 πεμψε,
2392 4407 2833 4480 πληροφορηθεὶς
2861 4408 2887 4459 ὁ
2917 4404 3181 4476 βασιλεὺς
3214 4403 3310 4456 καὶ
3338 4400 3458 4461 τοὺς
3483 4391 3663 4450 ὄπισθεν

427 4515 679 4571 quemque
703 4499 990 4562 ditionum,
1015 4499 1462 4569 cupiditatemque
1483 4509 1640 4568 atque
1667 4502 1919 4570 impetum

2170 4506 2456 4575 ’Z°l*é"°°€
2493 4501 2737 4570 ἐγγίζειν
2776 4499 2880 4570 ἢδη
2917 4498 3195 4568 κομήτας,
3251 4489 3559 4550 ἀποστείλας
3583 4483 3663 4536 τῶν

430 4592 620 4646 alienis
673 4593 826 4646 rebus
864 4591 1194 4645 abstinuisse
1231 4600 1506 4644 contentos
1550 4594 1808 4661 propriis.
1860 4592 1923 4646 Pt

2170 4598 2409 4668 γεμὸνων
2451 4594 2743 4666 ἐκκρίτους
2796 4593 2955 4654 τινας
3015 4592 3158 4658 μετὰ
3210 4588 3321 4641 τῶν
3383 4583 3469 4638 ὑπ’
3505 4577 3663 4669 αὐτοὺς

429 4701 589 4755 quam
631 4690 753 4738 'vero
787 4683 1140 4754 qualicunque
1181 4685 1399 4738 consilio
1429 4684 1529 4738 Ituc
1553 4686 1653 4739 loci
1676 4687 1907 4753 provecti

2170 4665 2433 4760 avditae»),
2468 4665 2785 4756 ἐπέσκηψεν
2821 4680 2979 4746 αὖθις
3017 4675 3524 4751 συμϐουλεύσασθαι
3551 4665 3663 4735 αὐτῷ

428 4793 568 4838 mus,
619 4778 706 4830 ubi
732 4779 844 4831 sine
874 4778 1126 4832 benevola
1165 4794 1294 4831 cura
1333 4786 1384 4830 et
1412 4779 1740 4846 providentia
1775 4780 1888 4848 ejus

2172 4785 2223 4838 at
2273 4780 2700 4847 καταναγκάσαι
2749 4777 3100 4847 διαπεράσαι.
3150 4774 3393 4836 Τούτους
3421 4773 3467 4823 oi
3493 4766 3665 4822 Λατῖνοι

428 4870 512 4922 hic
535 4870 753 4939 imperat
798 4869 933 4924 salvi
972 4887 1083 4924 esse
1115 4887 1217 4924 non
1243 4887 1558 4937 possumus,
1589 4872 1745 4939 plane
1791 4874 1839 4927 si
1875 4889 1921 4926 st

2170 4877 2465 4945 εασάμενοι
2513 4876 2609 4926 καὶ
2664 4873 2800 4945 μηδὲ
2863 4869 3060 4940 μικρὸν
3095 4866 3512 4937 ἀναμείναντες,
3562 4857 3663 4925 μήτε

431 4979 567 5026 mus,
594 4965 724 5017 dare
773 4963 1020 5018 debemus
1088 4981 1325 5032 operam,
1381 4966 1647 5020 audiendo
1685 4983 1766 5034 eo,
1809 4967 1924 5037 ejus

2174 4970 2238 5040 ὴν
2289 4969 2350 5022 τὸ
2398 4968 2444 4999 ³³
2496 4966 2548 5019 τί
2603 4966 2670 5020 ἂν
2717 4965 2994 5035 βούλοιντο
3057 4958 3531 5029 ὲπερωτήσαντες,
3565 4945 3667 5016 πρὸς

429 5055 708 5124 postulatis
756 5058 1060 5119 annuendo,
1124 5067 1179 5110 ut
1215 5058 1387 5124 ipsum
1437 5059 1801 5112 detnereamur
1849 5077 1917 5113 no

2173 5037 2405 5133 ολέμους
2433 5061 2526 5114 καὶ
2557 5061 2731 5130 μάχα;
2763 5059 3027 5128 ἐχώρουν.
3051 5054 3301 5123 Πολέμου
3326 5050 3381 5103 δὲ
3405 5037 3665 5133 ἁναμεταξξ

432 5145 633 5217 alioqui
685 5148 884 5216 frustra
927 5149 1126 5216 felicem
1170 5151 1368 5204 exitum
1446 5167 1758 5219 magnorum
1830 5167 1925 5219 cm]

2178 5131 2505 5229 δρριιγέντος
2563 5151 2812 5223 ἰσχυροῦ,
2853 5150 3152 5202 πίπτουσιν
3191 5145 3254 5211 ἐξ
3306 5137 3556 5229 ἐκατέρου

434 5254 553 5292 rum
601 5243 918 5306 speraturis.
967 5240 1206 5298 Reverso
1250 5242 1471 5314 Hugone
1516 5259 1578 5296 re
1623 5242 1845 5308 inlecta,
1907 5261 1927 5298 ε

2177 5221 2262 5308 ους
2312 5242 2513 5296 ἱκανοί.
2568 5239 2982 5311 Τιτρὼσκονται
3020 5235 3076 5288 δὲ
3108 5235 3154 5287 οἱ
3185 5231 3282 5285 τοῦ
3318 5221 3670 5318 αὐτοκράτορος

434 5327 540 5379 tior
565 5328 784 5404 aliunde
817 5331 992 5384 factus
1021 5331 1321 5400 imperator
1343 5373 1358 5397 ,
1392 5331 1532 5386 alios
1564 5346 1699 5402 quos
1743 5333 1795 5388 in
1833 5335 1927 5388 itin

2179 5337 2328 5389 πόσοι
2383 5333 2880 5404 ἀναισχυντότερον
2905 5329 3055 5399 αὐτῷ
3094 5320 3486 5396 προσέϐαλλον.
3524 5309 3672 5367 Ἐκθυ·

436 5418 720 5474 constabat
757 5434 876 5476 esse
898 5462 913 5488 ,
945 5437 1191 5492 quosque
1219 5424 1614 5481 Gotthofredus
1646 5427 1929 5496 exspectab

2176 5428 2383 5499 ιὸτερον
2420 5427 2478 5480 δὲ
2504 5426 2711 5480 τούτων
2745 5424 3072 5496 μαχομένων
3126 5422 3192 5473 τὰ
3225 5419 3373 5471 νῶτα
3417 5412 3465 5466 οἱ
3495 5407 3669 5464 Λατῖνοι

1511 5544 1717 5608 Varias
1749 5544 2065 5611 lectiones
2095 5565 2170 5610 cx
2199 5545 2344 5608 cod.
2377 5541 2637 5606 Coislin.

509 5637 554 5670 ⁸²
595 5639 746 5693 Deest
781 5656 882 5696 vox
925 5642 1150 5713 πολλῆς.
1226 5646 1272 5678 ⁸³
1305 5643 1466 5703 Deest
1497 5649 1691 5703 vocula
1729 5649 1815 5704 τό.

1525 5763 1664 5824 Car.
1698 5760 2023 5823 Dul‘resnii
2059 5762 2152 5822 Du
2187 5757 2410 5838 Cangii
2446 5764 2636 5821 notte.

515 5859 627 5930 (55)
667 5857 872 5926 Οὗΰος.
909 5860 966 5916 Vi
995 5864 1038 5918 'e
1071 5862 1415 5930 Guibcrtum,
1444 5862 1534 5916 lib.
1565 5877 1624 5918 tt.
1658 5877 1778 5932 cap.
1823 5863 1908 5916 19.
