3780 6602
467 418 573 485 767

1747 415 1970 479 ANNKE
1998 413 2378 477 COMNEN/E

3553 429 3626 493 768

468 528 694 586 fortium
766 532 959 586 itinere
1012 527 1257 584 terrestri
1305 529 1372 582 ad
1436 535 1612 584 castra
1666 529 1853 583 Baulis
1886 531 2035 601 jubet

2142 520 2688 594 παρακελευσάμενος
2745 521 3156 590 καταναγκάσαι
3201 523 3378 578 τούτου
3415 530 3498 602 τὴν
3541 538 3627 594 δια.

474 624 718 689 tendere,
751 635 1018 690 agereque
1053 629 1212 689 prout
1257 634 1343 675 res
1379 616 1547 675 ferret
1587 623 1764 676 modis
1791 623 2040 677 omnibus

471 725 533 768 ut
601 714 999 783 quamprimum
1071 711 1117 767 is
1203 726 1333 767 suos
1383 725 1572 766 omnes
1630 712 1768 765 ultra
1835 711 2035 766 fretum

469 804 654 859 volens
690 804 854 875 299
889 805 1143 859 uulensve
1187 805 1518 875 deportaret.
1560 805 1826 875 Expertus
1864 817 2040 862 tenta—

469 897 666 949 mentis
705 896 894 962 primis
933 895 1082 965 Opus
1111 895 1389 951 Gallorum
1432 897 1643 953 animos
1683 888 1840 953 facile
1872 901 2040 954 sensit

467 985 782 1054 neutiquam
835 998 1056 1054 paratos
1115 989 1182 1042 ad
1227 989 1634 1058 obsequendum
1681 990 2037 1058 imperatori:

469 1078 600 1144 quin
648 1078 810 1131 etiam
864 1078 1160 1133 insolentes
1211 1095 1396 1134 eorum
1437 1082 1488 1134 in
1529 1081 1701 1150 ipsum
1738 1083 1910 1137 minas
1947 1097 2040 1136 au-

468 1166 588 1222 dire
617 1170 846 1238 amplius
885 1186 991 1224 non
1035 1171 1309 1225 sustinens
1340 1173 1610 1241 expedivit
1637 1188 1788 1236 arma
1818 1191 1830 1226 :
1867 1176 2039 1244 magis

468 1256 558 1310 ille
593 1261 809 1328 quidem
840 1264 1143 1316 ostentandi
1177 1263 1356 1318 animo
1387 1280 1546 1334 quam
1593 1264 1857 1319 inferendi
1892 1267 2036 1322 belli.

469 1348 576 1404 Sed
618 1353 775 1424 longe
801 1355 1053 1424 Opinione
1091 1355 1257 1412 falsus
1287 1367 1373 1413 est
1401 1360 1493 1428 qui
1522 1373 1658 1413 vana
1692 1359 2038 1415 simulatione

465 1442 736 1500 inferendi
770 1447 939 1516 pra-lii
976 1457 1240 1504 terrorem
1284 1450 1531 1506 incutere
1562 1467 1620 1506 se
1641 1467 1797 1521 posse
1829 1469 2037 1524 pugna.

466 1536 698 1591 cissimze
760 1540 906 1608 genti
968 1541 1244 1596 credidit:
1295 1543 1480 1611 eisque
1528 1544 1592 1596 ad
1635 1555 1836 1598 metum
1885 1545 2038 1614 obje-

468 1627 670 1682 ctando
714 1643 834 1698 quae
884 1631 937 1684 in
984 1633 1128 1686 votis
1188 1633 1390 1687 habere
1453 1649 1516 1689 ac
1569 1651 1789 1704 sperare
1841 1639 2034 1704 solent,

466 1719 783 1775 adacturum
817 1721 1001 1777 Gallos
1048 1725 1115 1778 ad
1151 1726 1525 1780 maturandam
1559 1727 1930 1795 trajectionem
1979 1745 2038 1784 se

467 1811 846 1869 arbitraretur.
881 1815 1019 1868 Raul
1049 1813 1221 1885 Opum
1261 1817 1503 1882 przelium
1535 1831 1814 1888 parantem
1851 1822 2038 1878 videns

2143 613 2464 682 περαίωσιν.
2515 613 2670 666 Ἐπεὶ
2735 611 2792 666 δὲ
2835 611 3023 666 τοῦτον
3088 612 3231 683 ἐώρα
3291 618 3360 688 τῷ
3418 621 3626 690 βασιλικῷ

2147 705 2412 774 μηδαμῶς
2467 705 2762 760 ὑπείκοντα
2823 705 3228 776 προστάγματι,
3259 685 3365 763 ἀλλ’
3395 685 3629 788 suum:

2141 797 2337 850 τοῦντα
2400 800 2495 865 καὶ
2561 799 2740 852 πολλὰ»
2798 800 2938 852 κατὰ
3001 799 3094 851 τοῦ
3165 799 3415 868 βασιλέως
3475 825 3632 879 φρυατ.

2141 889 2389 960 τόμενον,
2412 890 2778 961 ὁπλισάμενος
2812 889 3173 961 παρετάξατο,
3201 895 3633 969 μορμολυττόμενος

2144 983 2286 1053 τάχα
2316 983 2405 1037 τὸν
2439 983 2740 1055 βάρϐαρον,
2777 984 2872 1037 καὶ
2901 983 2991 1037 διὰ
3027 983 3186 1036 τοῦτο
3222 986 3450 1054 οἰόμενος
3477 992 3634 1047 πείσειν

2143 1075 2310 1128 αὑτὸν
2366 1076 2503 1145 πρὸς
2561 1077 2666 1148 ,τὴν
2725 1077 2963 1147 περαίαν
3021 1077 3458 1136 διαπλωῖσασθαι.
3518 1085 3565 1137 '0
3593 1088 3634 1141 δὲ

2143 1168 2338 1222 θᾶττον
2369 1168 2401 1239 ἢ
2441 1168 2604 1237 λόγος
2637 1169 2778 1239 μετὰ
2817 1170 2932 1222 τῶν
2985 1169 3255 1224 συνόντων
3286 1172 3424 1242 αὐτῷ
3467 1176 3636 1232 Κελτῶν

2142 1261 2616 1332 παραταξάμενος,
2650 1263 2723 1325 ὡς
2746 1263 2882 1314 λέων
2922 1263 3094 1335 ἐχάρη
3125 1263 3340 1334 μεγάλῳ
3367 1265 3450 1318 ἐπὶ
3472 1267 3632 1338 σώματι

2140 1353 2371 1424 κύρσας,
2403 1356 2498 1408 καὶ
2522 1353 2824 1424 τηνικαῦτα
2857 1357 2994 1424 μετὰ
3016 1355 3110 1408 τοῦ
3144 1356 3313 1408 Ὠπου
3353 1357 3504 1425 μέγαν
3530 1365 3635 1414 συνί-

2085 1501 2113 1510 κ
2143 1463 2301 1515 στησι
2356 1446 2611 1516 πόλεμον.
2674 1446 3012 1500 Καταλαϐὼν
3066 1447 3122 1500 δὲ
3180 1449 3275 1500 καὶ
3295 1449 3635 1518 "eumdem;

2140 1537 2449 1600 διαπόντιος
2483 1537 2571 1606 ἐφ’
2598 1532 2642 1606 ᾧ
2666 1537 2888 1601 τούτους
2918 1541 3210 1609 διαπερᾷν.
3236 1539 3343 1592 Καὶ
3367 1541 3635 1612 θεασάμενος

2139 1629 2235 1700 τὴν
2288 1629 2432 1684 κατὰ
2479 1631 2574 1702 τὴν
2625 1633 2855 1702 ἤπειρον
2911 1633 3091 1703 μάχην
3141 1631 3233 1685 καὶ
3289 1634 3404 1696 τοὺς
3454 1635 3636 1700 Κελτοὺς

2143 1721 2482 1793 ἰταμώτερον
2529 1722 2605 1793 τῷ
2655 1722 2953 1792 Ῥωμαϊκῷ
3013 1722 3383 1793 στρατεύματι
3426 1730 3637 1798 προσϐάλ-

2137 1811 2348 1878 λοντας,
2385 1812 2493 1866 τῶν
2539 1813 2682 1884 νηῶν
2737 1814 3096 1882 ἐξεληλυθὼς,
3153 1814 3211 1879 ἐξ
3242 1815 3482 1869 ὀπισθίων
3507 1835 3633 1886 προσ-

463 1901 661 1968 gaudet
708 1910 764 1956 ut
831 1903 1012 1960 oblata
1057 1907 1238 1974 magni
1303 1907 1389 1964 leo
1429 1910 1672 1978 corporis
1716 1925 1882 1979 esca;
1936 1927 2035 1968 nec

2142 1905 2326 1958 ϐάλλει
2378 1905 2472 1959 καὶ
2507 1907 2666 1968 αὐτὸς
2693 1908 2804 1969 τοῖς
2834 1908 3078 1970 Κελτοῖς.
3120 1906 3478 1977 Ἀναιροῦνται
3499 1910 3632 1964 τοίνυν

465 2002 617 2042 mora
661 1990 768 2043 ulla
833 1993 978 2049 dicto
1013 1997 1173 2052 citius
1213 2013 1344 2055 suos
1383 2001 1435 2054 in
1465 2005 1756 2057 adversum
1799 2005 2037 2072 instruit,

460 2075 626 2144 inque
699 2078 871 2147 Opum
927 2084 1199 2140 invehitur
1270 2088 1470 2159 impetu
1537 2093 2038 2150 vehementissimo.

460 2167 626 2223 Forte
671 2172 966 2229 advenerat
998 2177 1185 2231 eodem
1232 2194 1326 2247 per
1366 2196 1517 2235 oram
1554 2184 1723 2239 maris
1779 2186 2039 2254 Pegaslus

461 2271 683 2318 evectus
709 2278 834 2318 cum
864 2267 1090 2322 navibus
1121 2267 1310 2324 Baulis
1333 2272 1541 2341 copias,
1571 2277 1614 2330 si
1649 2275 1697 2329 ei
1725 2281 2039 2345 persuaderi

462 2354 721 2424 trajectio
762 2367 969 2426 posset,
1016 2362 1069 2415 in
1119 2363 1304 2417 Asiam
1331 2371 1804 2436 transportaturis.
1852 2370 1953 2425 Hic
2006 2387 2036 2427 e

460 2448 600 2501 mari
641 2449 956 2516 speculatus
1003 2453 1291 2508 littoralem
1333 2472 1609 2527 pugnam,
1646 2459 1888 2529 satisque
1918 2462 2036 2517 visu

459 2537 582 2607 ipso
618 2542 898 2596 aestimans
939 2543 1081 2599 haud
1134 2561 1288 2612 pares
1331 2550 1398 2602 ad
1435 2561 1734 2605 extremum
1763 2552 2035 2610 Romanos

461 2628 578 2684 fore
619 2632 799 2686 ardori
847 2632 1266 2704 ﬂagrantissimo
1301 2653 1408 2707 quo
1447 2655 1609 2696 ruere
1660 2644 1713 2696 in
1750 2658 1844 2698 eos
1896 2643 2036 2700 Galli

459 2720 571 2790 jam
599 2737 880 2794 ceperant,
932 2729 1140 2786 otiosus
1168 2731 1319 2786 testis
1350 2731 1520 2788 cladis
1551 2749 1769 2790 suorum
1798 2753 1919 2792 esse
1943 2754 2040 2794 no-

462 2813 579 2867 luit.
640 2817 1008 2874 Exscensione
1071 2822 1236 2891 igitur
1288 2833 1512 2892 repente
1577 2825 1720 2881 facta
1774 2827 1956 2883 Gallos
2010 2845 2040 2884 a

464 2908 629 2974 tergo'
660 2907 882 2964 invadit.
940 2911 1130 2968 Czedes
1193 2915 1320 2970 hinc
1381 2916 1718 2984 multorum,
1781 2919 2043 2988 longeque

459 2993 692 3062 plurium
734 2999 976 3053 vulnera.
1009 3001 1218 3066 Quibus
1263 3004 1425 3058 rebus
1493 3003 1664 3058 fracta
1702 3010 2042 3060 contumacia

459 3090 812 3156 superstitum
844 3090 1120 3172 Gallorum
1163 3093 1228 3148 ad
1263 3095 1638 3164 trajectionem
1672 3097 1815 3152 ultro
1846 3108 2040 3167 peten-

2141 1997 2447 2068 τηνικαῦτα
2493 1999 2714 2051 πολλοί·
2770 2000 3015 2053 πλεῖστοι
3055 1999 3112 2052 δὲ
3165 2001 3259 2053 καὶ
3291 1999 3635 2069 τιτρώσκονται,

2143 2089 2241 2142 καὶ
2287 2089 2462 2153 οὕτως
2508 2090 2558 2144 τί
2599 2091 2867 2154 σωθέντες
2906 2090 3310 2144 ἀνακαλοῦνται
3360 2091 3450 2160 τὴν
3497 2092 3640 2146 διαπε-

2146 2181 2394 2251 ραίωσιν.
2439 2183 2498 2234 ’0
2526 2182 2582 2235 δέ
2617 2183 2875 2252 βασιλεὺς
2921 2181 3368 2252 μηχανικώτατος
3414 2184 3480 2236 ὢν
3520 2187 3638 2255 ἀνὴρ,

2145 2274 2483 2344 σκεψάμενος
2541 2275 2616 2344 μὴ
2672 2276 2747 2344 τῷ
2815 2274 3087 2345 Γοντοφρὲ
3145 2273 3428 2338 ἐνωθέντες
3470 2278 3546 2328 καὶ
3592 2279 3638 2330 τὰ

2149 2367 2436 2434 συμϐάντα
2466 2367 2679 2428 τούτοις
2711 2367 3165 2436 ἀφηγησάμενοι,
3197 2363 3380 2416 τοῦτον
3429 2368 3530 2438 κατ’
3570 2369 3638 2418 αύ-

2145 2457 2240 2510 τοῦ
2268 2458 2580 2529 ἐρεθίσωσι,
2615 2459 2714 2526 τὴν
2742 2459 2963 2527 αἴτησιν
3017 2456 3228 2508 τούτων
3275 2456 3502 2525 ἁσμένως
3526 2457 3640 2521 δεξάο

2149 2566 2330 2619 μενος,
2370 2552 2426 2602 ἐν
2475 2549 2683 2610 πλοίοις
2732 2549 2954 2613 τούτους
2989 2549 3192 2617 ἐνίησι,
3233 2549 3324 2601 καὶ
3371 2548 3642 2612 διαποντίους

2149 2641 2282 2709 πρὸς
2310 2641 2396 2692 τὸν
2447 2641 2540 2693 τοῦ
2573 2641 2826 2711 Σωτῆρος
2854 2640 3022 2709 τάφον
3071 2639 3372 2709 ἐκπέμπει,
3417 2639 3552 2692 τοῦτο
3576 2643 3643 2693 καὶ

2142 2734 2325 2789 αὐτῶν
2388 2734 2858 2804 ἐξαιτησαμένων.
2905 2733 3259 2787 Ἀποστέλλει
3315 2733 3369 2786 δὲ
3425 2733 3643 2803 καὶπρὸς

2140 2825 2267 2886 τοὺς
2296 2825 2686 2894 ἐλπιζομένους
2741 2828 2992 2895 κόμητας
3027 2827 3121 2878 καὶ
3158 2823 3530 2895 φιλοφροσύνης
3564 2841 3641 2894 μη·

2144 2916 2257 2969 νύει
2286 2918 2776 2988 ρήματα,χρηστ5ις
2807 2920 2992 2980 αὐτοῖς
3023 2918 3248 2980 ἐλπίδας
3273 2917 3452 2980 διδούς.
3483 2917 3537 2969 Οἳ
3575 2917 3644 2969 καὶ

2145 3009 2545 3070 καταλαὸόντες
2600 3011 2708 3062 πᾶν
2774 3010 2833 3061 τὸ
2889 3009 3362 3079 προσταττόμενον
3413 3005 3645 3078 προθύμως

2147 3101 2284 3170 ἐπλή
2294 3117 2441 3168 ρουν.

459 3182 584 3236 dam
620 3183 867 3238 inclinari
905 3199 1024 3240 sese
1057 3201 1213 3253 passa
1243 3196 1346 3241 est.
1381 3189 1794 3258 Atimperator,
1861 3206 1959 3260 pro
2020 3208 2116 3248 sua
2156 3195 2621 3264 perspicacissima
2691 3194 2972 3264 prudentia
3004 3235 3020 3260 ,
3086 3192 3271 3248 statim
3344 3191 3649 3246 animadverso

462 3291 600 3330 novo
628 3277 898 3345 periculo,
938 3278 982 3332 si
1013 3281 1285 3334 exercitus
1314 3281 1394 3336 sic
1425 3280 1672 3337 irritatus
1701 3283 1890 3338 eadem
1925 3285 2034 3350 via,
2081 3302 2185 3356 qua
2223 3284 2617 3341 Gottbofredus
2645 3286 2803 3354 paulo
2832 3295 2956 3340 ante
2986 3294 3361 3354 praeessent,
3419 3283 3486 3336 ire
3541 3283 3650 3336 sine-

460 3381 612 3424 retur
670 3373 818 3440 (hinc
874 3373 1017 3426 enim
1075 3383 1193 3427 erat
1246 3374 1577 3442 verisimile,
1615 3375 1802 3432 Baulis
1843 3378 2044 3434 milites
2117 3394 2237 3433 mox
2309 3388 2655 3433 assecuturos
2690 3377 3192 3443 Gouhofrcdianos,
3227 3378 3520 3447 impleturus
3545 3375 3650 3445 ipsos

461 3466 698 3534 queri-lis
725 3469 988 3520 adversus
1021 3465 1298 3522 Romanos
1331 3484 1344 3521 :
1381 3465 1642 3536 facileque
1670 3483 2025 3539 persuasuros
2072 3482 2130 3526 ut
2171 3470 2486 3540 conjunctis
2537 3471 2778 3525 consiliis
2819 3482 2872 3524 et
2938 3472 3148 3526 viribus
3201 3471 3447 3526 ultionem
3504 3469 3558 3522 de
3603 3469 3650 3521 iis

461 3559 800 3628 sumerent),
830 3559 1080 3627 petitioni
1129 3559 1346 3626 quidem
1437 3557 1768 3627 perlibenter
1821 3562 2055 3616 annuit:
2121 3571 2377 3618 caeterum
2454 3561 2908 3631 compendiosiori
2965 3561 3424 3630 commodiorique
3465 3559 3570 3628 ipsis
3608 3573 3650 3614 se

461 3653 583 3706 illos
615 3665 722 3719 quo
755 3651 1039 3705 tenderent
1075 3649 1428 3702 deducturum
1476 3646 1559 3701 via
1607 3650 1886 3716 prolitens,
1927 3650 2206 3721 impositos
2248 3652 2299 3706 in
2331 3665 2499 3708 naves
2528 3651 2720 3706 itinere
2790 3651 3059 3708 maritimo
3127 3652 3197 3706 ad
3267 3653 3460 3707 Domini
3515 3653 3652 3722 sepul-

463 3759 615 3799 crum
647 3742 792 3796 misit
820 3759 832 3796 :
866 3741 917 3796 id
947 3741 1077 3810 ipsis
1099 3753 1431 3812 magnopere
1460 3737 1790 3796 volentibus.

533 3837 707 3905 Atque
738 3837 1004 3889 hactenus
1034 3834 1100 3888 de
1131 3833 1330 3888 comite
1360 3831 1552 3889 liable.
1581 3830 1752 3887 Porro
1796 3847 2029 3903 sequen-

2207 3830 2451 3886 Τοιαῦτα
2483 3830 2579 3899 μέν
2602 3829 2694 3882 οὖν
2725 3831 2792 3884 τὰ
2818 3830 2863 3861 ⁸⁸
2894 3830 2987 3882 τοῦ
3027 3830 3271 3899 κόμητος
3312 3828 3502 3882 Ῥαούλ.
3539 3829 3652 3879 Ἀνα-

463 3927 608 3982 tibus
643 3929 815 3994 ipsum
851 3926 1067 3979 infinito
1091 3939 1228 3993 pene
1256 3937 1489 3976 numero
1519 3923 1757 3990 regibus,
1783 3925 2036 3988 ducibus,

463 4019 775 4078 comitibus,
815 4017 1054 4085 ipsisque
1100 4015 1235 4069 adeo
1263 4013 1556 4082 episcopis,
1603 4030 1727 4067 cum
1761 4013 1914 4082 longe
1955 4014 2038 4067 in-

463 4111 964 4165 numerabilissima
996 4106 1344 4161 multitudine
1371 4120 1439 4159 ex
1473 4103 1695 4160 Gallicis
1729 4105 1898 4160 ferme
1922 4122 2036 4159 om-

462 4202 624 4256 nibus
651 4199 947 4270 provinciis
969 4207 1022 4251 et
1047 4196 1356 4266 regionibus
1375 4196 1620 4260 collecta,
1650 4197 1799 4249 misit
1825 4196 2035 4249 obviam

463 4309 592 4349 suos
629 4293 925 4360 imperator
950 4305 1072 4344 cum
1109 4287 1304 4354 litteris
1337 4285 1754 4341 olliciosissimis
1800 4285 1974 4340 fausta
2005 4303 2033 4338 a

463 4399 523 4440 se
561 4384 910 4451 benignaque
942 4381 1124 4435 omnia
1154 4395 1374 4449 sperare
1399 4379 1546 4449 ipsos
1566 4377 1903 4448 jubentibus.
1929 4377 2040 4432 Nec

461 4476 705 4547 vulgaris
757 4476 866 4529 ista
911 4473 1178 4543 sapientia
1221 4471 1318 4525 fuit
1361 4470 1794 4540 praeoccupantis
1844 4469 2040 4524 inﬁdos

463 4569 697 4631 animos,
727 4575 780 4621 et
813 4567 955 4620 ultro
981 4573 1364 4635 reprmsentata
1389 4563 1719 4618 liberalitate
1756 4561 2039 4631 pellicicn-

466 4662 536 4715 tis
567 4660 713 4730 ipsos
748 4651 991 4714 suaviter
1021 4657 1088 4712 ad
1139 4671 1347 4710 morem
1381 4656 1486 4710 sibi
1533 4655 1856 4724 gerendum.
1899 4653 2032 4708 Nam

464 4753 571 4806 hoc
596 4753 662 4806 ab
697 4752 828 4821 ipsis
865 4751 953 4806 tali
1009 4749 1168 4805 modo
1209 4747 1452 4803 deliuitis
1493 4748 1584 4803 ubi
1636 4748 2034 4803 Constantino-

463 4843 628 4913 polim
659 4839 974 4912 pervenere,
1009 4845 1302 4912 imperator
1351 4841 1548 4896 deinde
1597 4840 1854 4895 omnibus
1900 4839 2041 4893 obti-

464 4937 607 4991 nuit.
641 4937 755 4992 Nec
796 4937 970 4990 ollicia
1017 4937 1132 4991 sola
1166 4936 1454 4989 verborum
1487 4942 1662 4986 erant.
1699 4932 1833 4987 Nam
1882 4931 2042 4986 simul

464 5028 855 5098 dabatoperam
879 5044 943 5083 ex
961 5042 1066 5096 quo
1092 5042 1188 5097 per
1209 5035 1380 5080 terras
1398 5025 1628 5094 imperio
1649 5023 2050 5092 snbjectasGal-

2147 3925 2422 3996 ptOplycou
2454 3923 2509 3975 δὲ
2537 3924 2630 3974 καὶ
2663 3923 2852 3992 ἐτέρου
2886 3922 3124 3991 πλήθους
3161 3920 3381 3972 ὄπισθεν
3409 3918 3646 3988 ἐρχομένου

2146 4016 2460 4086 συμμίγδην
2500 4015 2559 4079 ἐξ
2608 4013 2836 4067 ἀπασῶν
2893 4013 3093 4083 μικροῦ
3150 4013 3260 4064 τῶν
3302 4011 3552 4064 Κελτικῶν
3571 4027 3648 4077 χω-

2147 4108 2254 4178 ρῶν
2306 4106 2741 4175 συνειλεγμένων
2793 4106 2930 4174 μετὰ
2979 4104 3089 4156 τῶν
3155 4105 3461 4170 ἀγαγόντων
3503 4101 3649 4159 αὐτοὺς

2145 4199 2451 4270 ἡγεμόνων,
2512 4198 2696 4268 ρηγῶν
2725 4197 2835 4267 (59)
2885 4213 2967 4260 τε,
3005 4196 3098 4248 καὶ
3136 4195 3361 4260 δουκῶν,
3415 4193 3495 4247 καὶ
3521 4191 3650 4260 κομή-

2145 4310 2274 4357 των,
2304 4292 2398 4345 καὶ
2437 4291 2615 4344 αὐτῶν
2655 4292 2986 4352 ἐπισκόπων,
3022 4288 3361 4343 ἀποστέλλων
3391 4287 3415 4337 ό
3442 4281 3651 4350 αὐτοκρά-

2146 4401 2282 4454 τωρ,
2315 4382 2656 4453 φιλοφρόνως
2705 4382 2902 4444 αὐτοὺς
2936 4381 3256 4449 ὑπεδέχετο,
3288 4380 3378 4431 καὶ
3413 4373 3651 4433 ἐπιεικείας

2145 4475 2420 4544 ἐξέπεμπε
2467 4475 2656 4542 λόγους
2704 4475 2887 4536 ὁποῖος
2946 4475 3152 4534 ἐκεῖνος
3200 4472 3366 4533 δεινὸς
3413 4468 3465 4520 τδ
3505 4465 3651 4535 μέλλον

2147 4567 2649 4638 προμηθεύσασθαι,
2677 4567 2768 4619 καὶ
2798 4565 3149 4636 προαρπάσαι
3179 4565 3237 4618 τὸ
3265 4555 3652 4632 συμφέρον.Ἐπι·

2143 4661 2377 4730 σκήπτει
2406 4660 2463 4712 δὲ
2495 4661 2586 4713 καὶ
2614 4653 2680 4712 ⁵τά
2711 4658 2936 4730 ξωαρκῆ
2986 4658 3198 4720 τούτοις
3246 4655 3536 4726 ἐρχομένοις
3566 4651 3653 4700 ἐπι-

2141 4753 2396 4823 χορηγεῖν
2425 4753 2536 4814 τοῖς
2565 4751 2654 4805 ἐπ’
2697 4750 2849 4820 αὐτῷ
2893 4749 3068 4819 τούτῳ
3113 4746 3479 4816 τεταγμένοις,
3507 4742 3568 4803 ὡς
3603 4737 3653 4805 μὴ

2139 4843 2314 4915 λαϐὴν
2350 4845 2548 4908 αὐτοὺς
2589 4845 2648 4897 τὸ
2686 4843 2954 4914 παράπαν
2991 4841 3286 4911 ἐσχηκέναι
3326 4838 3438 4906 μηδ’
3477 4834 3524 4897 ἐξ
3569 4830 3653 4886 οῗίὲ

2143 4929 2236 4988 οὖν
2259 4935 2460 4999 αἰτίας.
2494 4938 2557 4990 Οἱ
2589 4935 2642 4989 δὲ
2679 4936 2818 5006 πρὸς
2860 4935 2957 5005 τὴν
2994 4933 3354 5004 μεγαλόπολιν
3383 4926 3652 4996 ἠπείγοντοΙ

2145 5027 2286 5096 τάχα
2331 5027 2386 5080 δὲ
2437 5025 2558 5080 εἶπέ
2589 5045 2672 5092 τις
2706 5025 2936 5097 ούρανοῦ
2971 5025 3208 5095 ἀστέρας
3239 5020 3375 5074 εἶναι
3407 5016 3596 5071 τούτους
3626 5008 3648 5073 ἧ

465 5121 550 5176 lici
579 5121 852 5177 exercitus
881 5120 1151 5176 habebant
1173 5120 1362 5188 iter,ut
1382 5117 1552 5189 ampla
1579 5117 1708 5186 ipsis
1735 5115 2035 5185 ubicunque

2146 5119 2374 5189 ψάμμον
2398 5121 2549 5190 ’ῖτπρδι
2578 5120 2653 5191 τῷ
2679 5121 2845 5191 χείλει
2867 5121 2968 5191 τῆς
2999 5119 3274 5186 θαλάσσης
3304 5105 3647 5179 ἐκκεχυμένην·

1574 5231 1770 5294 Varia)
1799 5230 2104 5294 lectiones
2129 5251 2207 5296 ex
2233 5234 2376 5296 cod.
2411 5234 2670 5295 Coislin.

534 5337 579 5369 "
611 5335 768 5393 Deest
805 5339 994 5393 vocula
1023 5337 1134 5390 καί.
1212 5337 1258 5368 ⁸⁸
1284 5337 1376 5390 καὶ
1396 5336 1482 5389 τά.

1544 5449 1681 5509 Car.
1711 5446 2038 5509 Dufresnii
2075 5449 2173 5510 Du
2207 5448 2427 5526 Cengii
2463 5453 2651 5507 notae.

547 5573 663 5645 (59)
711 5573 964 5644 Ῥητῶν.
1003 5575 1164 5642 Atqui
1200 5589 1354 5642 reges
1388 5575 1562 5629 nullos
1601 5587 1672 5645 ea
1719 5580 2038 5642 tempestate

470 5644 1022 5715 Hierosolymitanum
1051 5646 1351 5715 arripuisse
1378 5645 1481 5698 iter
1511 5644 1738 5715 legimus
1764 5658 1797 5715 ;Δ
1846 5657 2036 5715 regum

466 5731 597 5770 vero
625 5712 762 5770 filios
813 5716 1036 5782 aliquot,
1092 5712 1356 5777 Francia),
1386 5712 1612 5783 Anglia},
1667 5712 1849 5783 Danim
1880 5730 1893 5765 :
1931 5712 2034 5783 nisi

469 5785 741 5856 Edgarum
770 5781 1278 5856 Adclingumquem
1325 5785 1378 5856 in
1427 5781 1605 5856 regem
1662 5781 2034 5856 Anglig:_ele-

473 5851 616 5910 ctum
648 5856 723 5911 ait
752 5851 1070 5923 Ordcric’us,
1105 5851 1198 5911 lib.
1239 5869 1288 5924 v,
1337 5854 1622 5923 intelligat,
1675 5862 1768 5908 aut
1818 5851 2032 5907 Ericum

2149 5583 2328 5628 Unum:
2362 5587 2564 5644 regem,
2595 5569 2856 5644 qui_circa
2878 5583 2998 5644 _ea__
3027 5575 3266 5634 tempora
3313 5557 3646 5644 Cotirstaut'inn‘:

2147 5645 2307 5712 polim
2337 5628 2580 5711 pervveuit
2607 5628 2852 5712 indeque
2877 5639 2927 5691 in
2959 5628 3191 5712 Cyprum
3231 5632 3457 5712 appulit,
3505 5628 3585 5712 ubi
3609 5630 3648 5712 et

2143 5697 2264 5768 vita:
2282 5697 2422 5768 diem
2452 5711 2644 5765 clausit
2671 5697 3100 5776 ext-remumfuti
3131 5697 3314 5760 narrat
3345 5702 3476 5758 Saxo
3503 5697 3651 5752 Gram-

2143 5787 2393 5853 maticus,
2422 5781 2524 5839 lib.
2562 5796 2638 5836 xu
