3780 6572
155 398 231 462 777

1286 361 1699 426 ALEXIADIS
1743 362 1893 423 LIB.
1938 362 2012 421 Χ.
3178 355 3246 415 77

147 504 266 569 ὁγὰρ
291 489 433 550 δεινὸς
457 482 554 554 (68)
583 477 909 550 Βαῖμοῦντος
939 474 1044 528 τῶν
1068 474 1166 569 μέν
1196 474 1348 569 ὄψων
1372 474 1433 525 οὐ
1462 471 1616 569 μονον

1730 484 2084 534 mus;ccrum
2148 470 2188 519 οἱ
2236 468 2344 522 Ιιαιε
2396 466 2489 521 tibi
2540 465 2673 535 forte
2725 464 2855 519 alibi
2886 463 3108 527 nutrito,
3135 462 3292 517 aliter

145 565 475 656 ἀτξογεύσασθαι
516 575 644 636 ὅλως
676 613 690 638 ,
742 570 858 625 ἀλλ’
917 569 1026 623 οὐδ’
1087 568 1281 639 ἄκροις
1330 565 1617 632 δακτύλοις

147 674 420 751 προσψαῦσαι
468 666 735 735 ἠνέσχετο,
787 660 901 714 ἀλλ’
957 657 1220 711 ἁπώσατό
1242 674 1302 710 τε
1333 658 1496 751 εὐθύς
1524 656 1616 751 καὶ

144 749 287 842 μηδενὶ
314 765 369 816 τὰ
386 762 470 829 τῆς
504 753 921 825 ὑποδραμούσης
950 752 1112 804 αὑτὸν
1146 751 1408 842 ὑπονοίας
1447 749 1616 819 ἐνφή-

142 841 354 922 "tot;
375 848 666 921 παρεστῶσι
691 847 865 899 πάντα
897 844 1153 913 διένειμε,
1185 842 1263 911 τῷ
1298 841 1399 907 μὲν
1434 857 1616 910 φαινο-

140 955 248 1022 μένῳ
287 936 691 1015 φιλοξρονεῖσθαι
718 934 939 995 τούτους
985 933 1437 1001 ὑποκρινόμενος,
1467 934 1533 1000 τῇ
1562 930 1618 981 δν

137 1040 326 1110 ἀληθείᾳ,
358 1032 403 1085 εἴ
440 1048 515 1092 τις
546 1027 728 1089 καλῶς
791 1024 1046 1094 σκοποίη,
1097 1024 1332 1076 θανάτου
1361 1023 1617 1093 κρατῆρα

138 1134 317 1200 κεράσας
339 1124 524 1181 αὐτοῖς.
549 1119 680 1170 Οὐδὲ
704 1117 792 1169 τὸν
810 1116 960 1168 δόλον
984 1116 1329 1184 ἐπέκρυπτε,
1364 1113 1617 1166 τοσοῦτον

137 1213 538 1287 καταφρονητικῶς
572 1210 699 1278 περὶ
731 1209 854 1270 τοὺς
877 1207 968 1259 ὑπ’
1004 1207 1046 1238 ⁸⁸
1071 1205 1233 1258 αὐτὸν
1258 1204 1510 1260 διέκειτο.
1537 1201 1618 1254 Τὰ

136 1316 206 1383 μὲν
242 1309 345 1373 ὠμὰ
389 1306 583 1372 κρέατα
637 1300 777 1354 κατὰ
834 1300 895 1351 τὸ
945 1298 1066 1360 ἐθος
1094 1300 1195 1367 τῆς
1239 1295 1618 1366 ἐνεγκαμένης

134 1407 212 1464 τοῖς
246 1402 371 1459 ἰδίοις
426 1395 694 1464 abortatch
747 1393 1162 1447 κατασκευάσαι
1217 1390 1505 1441 ἐπέταττε.
1538 1389 1617 1457 Τῇ

135 1497 219 1566 μετ’
244 1492 386 1557 αὐτὴν
404 1488 453 1539 δὲ
480 1487 601 1548 τοὺς
624 1486 729 1554 ὄψα
753 1486 797 1520 “
824 1486 1007 1536 ἐκεῖνα
1040 1482 1361 1551 ἐδηδοκότας
1386 1480 1622 1538 ἐπυνθά-

132 1606 216 1642 νετο
244 1589 367 1645 ὅπως
409 1580 599 1642 αὐτοὺς
636 1579 899 1631 διέθεντο.
932 1576 1053 1630 Τῶν
1089 1577 1145 1629 δὲ
1178 1576 1271 1628 καὶ
1290 1576 1407 1628 λίαν
1442 1574 1623 1635 καλῶς

85 1666 93 1681 ί
131 1681 378 1749 είρηκότων,
407 1674 477 1736 ὡς
506 1671 640 1741 μηδὲ
670 1672 766 1740 τῆς
788 1670 1059 1739 τυχούσης
1088 1668 1370 1721 αἰσθέσθαι
1394 1667 1619 1737 βλάϐης,

131 1764 412 1833 ἀποκαλύψας
452 1764 635 1823 αὐτοῖς
668 1765 728 1811 τὸ
774 1760 1087 1829 ἀπόρρητον
1135 1758 1269 1825 ἔφη’
1326 1756 1413 1816 Ὠς
1444 1755 1620 1823 ἔγωγε

1725 570 1956 625 assueto,
1987 560 2159 614 minus
2201 561 2498 626 arriserint,
2552 576 2615 613 en
2661 575 2809 614 escas
2856 558 3087 611 incoctas
3117 555 3291 609 adhuc

1722 670 1839 723 qua:
1869 665 2017 718 prout
2047 653 2271 722 jusseris
2292 653 2482 723 tibique
2512 654 2747 721 sapuerit
2778 650 2985 705 condiri
3009 648 3293 719 pararique

1723 762 1755 797 a
1787 746 1972 813 quibus
2004 745 2141 799 voles
2170 755 2431 811 poterunt.
2476 745 2531 800 Id
2570 745 2648 800 sic
2682 745 2975 812 imperator
3009 738 3293 796 constituit

1725 853 1820 906 pro
1853 852 1948 890 sua
1983 836 2284 891 incredibili
2324 837 2724 892 tractandorum
2754 836 3034 889 hominum
3070 832 3286 902 peritia.

1723 927 1855 982 Cum
1900 930 2064 990 enim,
2102 938 2157 979 ut
2189 929 2397 983 solebat
2441 945 2507 983 cx
2547 928 2696 982 vultu
2732 942 2795 982 ac
2831 936 2961 982 nutu
3008 936 3295 995 penetrare

1728 1022 1779 1073 in
1807 1036 2005 1073 areata
2038 1024 2319 1084 mentium,
2352 1020 2506 1074 facile
2535 1021 2888 1090 comperisset
2935 1020 3293 1074 Baimundnm

1726 1114 1940 1184 ingenio
1985 1128 2107 1167 esse
2142 1092 2327 1166 astuto
2375 1127 2437 1167 ac
2468 1112 2756 1181 suspicaci,
2794 1113 3026 1181 providit
3061 1112 3177 1165 fore
3212 1121 3296 1177 ιιι,

1725 1207 1769 1262 si
1815 1207 1863 1261 ei
1919 1214 2321 1275 apponerentur
2369 1218 2401 1257 a
2455 1204 2723 1259 ministris
2770 1204 3115 1274 imperatoris
3163 1204 3290 1258 olim

1727 1301 1898 1354 hostis
1927 1299 2033 1352 cibi
2059 1298 2222 1362 cocti,
2255 1306 2400 1352 metu
2441 1296 2673 1368 inspersi
2705 1305 2797 1350 aut
2837 1297 3054 1351 admisti
3098 1298 3296 1351 veneni

1730 1401 2012 1460 concepto,
2060 1391 2128 1445 iis
2182 1391 2323 1445 vesci
2381 1388 2890 1445 cunctaretur.Nee
2943 1389 3135 1444 fefellit
3171 1403 3295 1443 eum

1732 1498 1830 1537 sua
1860 1479 2203 1548 conjectura;
2256 1479 2594 1534 Baimundus
2634 1480 2778 1533 enim
2818 1494 2885 1533 ne
2919 1480 3299 1549 summis-qui-

1728 1576 1849 1628 dem
1882 1572 2060 1642 digitis
2085 1571 2429 1641 fcontingere,
2476 1572 2672 1625 nedum
2748 1580 2990 1640 gustare,
3032 1570 3295 1625 sustinuit

1730 1674 1946 1736 paratos
1978 1665 2164 1730 cibos;
2200 1664 2602 1718 obtexittameu
2627 1662 2993 1731 ειιερίοἰοιιοιιι
3019 1672 3296 1720 ostentata

1731 1756 2071 1811 liberalitatis
2127 1755 2341 1824 specie;
2391 1769 2515 1821 nam
2566 1754 2907 1809 simulatione
2952 1755 3298 1824 gratiﬁcandi

133 1855 405 1929 μεμνημένος
422 1852 524 1903 τῶν
554 1851 677 1920 μετ’
696 1848 860 1902 αὑτοῦ
880 1848 1135 1917 πολέμων
1188 1849 1283 1899 καὶ
1317 1846 1415 1915 τῆς
1442 1847 1616 1914 μάχης

1730 1852 2032 1907 astantibus
2084 1861 2274 1906 cuncta
2328 1853 2408 1905 eis
2480 1850 2682 1905 fercula
2753 1850 3055 1916 distribuit,
3107 1864 3300 1906 revera

130 1950 303 2015 ἐκείνης,
326 1945 529 1998 ἐδεδίειν
561 1943 639 2013 μὴ
667 1943 755 1995 τὸν
786 1942 916 2011 ἐμὸν
943 1940 1073 2003 ἴσως
1103 1938 1380 2009 ἐξαρτήσῃ
1400 1939 1445 1969 ⁷⁶
1465 1938 1628 1990 θάνα-

130 2058 208 2102 τον,
232 2037 494 2105 θανάσιμόν
542 2052 598 2085 τι
627 2034 919 2102 φάρμακον
948 2034 1062 2092 τοῖς
1087 2030 1239 2099 ὅψοις
1272 2027 1623 2097 ἐπεμϐαλών.

129 2131 308 2186 Τοιαῦτα
360 2130 449 2198 μὲν
497 2126 661 2180 τοῦτί
708 2124 1075 2194 Βαῖμούντου.
1165 2121 1307 2190 Ἐγὼ
1340 2121 1384 2173 δ’
1428 2120 1625 2173 οὔποτε

130 2221 305 2290 πονηρὸν
326 2217 654 2287 ἐθεασάμην,
698 2218 773 2286 μὴ
811 2214 904 2267 τοῦ
933 2212 1111 2282 ὀρθῶς
1146 2230 1199 2264 τι
1226 2213 1404 2264 ποιεῖν
1433 2211 1623 2280 ττόρρω

128 2332 197 2367 που
238 2316 285 2364 ἐν
336 2312 459 2364 πᾶσι
506 2310 692 2377 λόγοις
750 2309 844 2362 καὶ
901 2305 1203 2376 πρακτέοις
1237 2305 1450 2365 θέοντα,
1481 2305 1619 2370 ὀπη-

126 2407 211 2457 νίιια
257 2405 348 2472 γάρ
391 2418 469 2465 τις
522 2402 629 2469 τῆς
684 2398 981 2470 μεσότητος
1017 2398 1248 2467 ἐκσταίη
1300 2397 1439 2462 πρὸς
1493 2396 1623 2448 ὁπό-

126 2512 236 2566 τερον
256 2495 312 2547 ἂν
337 2494 436 2547 τῶν
492 2492 687 2563 ἄκρων
731 2491 944 2546 νεύσειε
977 2490 1264 2562 πόρρωθεν
1296 2490 1393 2558 τῆς
1421 2489 1625 2560 ἀρετῆς

125 2586 306 2649 ιστηκεν.

1725 1944 1960 2013 pessime
1985 1942 2051 1998 de
2083 1942 2149 1997 iis
2195 1957 2433 2007 merens,
2474 1942 2670 2012 quibus
2700 1941 2854 1997 cibos
2897 1942 3153 2012 opinione
3199 1958 3298 1998 sua

1728 2034 1962 2089 infectos
1997 2042 2051 2087 et
2081 2032 2393 2087 mortiferos
2425 2032 2783 2087 ministraret.
2809 2032 2923 2088 Nec
2950 2031 3299 2089 dissimulare

1723 2128 1917 2181 saltem
1952 2126 2136 2180 dolum
2167 2125 2374 2193 putavit
2405 2125 2559 2189 tanti,
2591 2124 2684 2179 sed
2716 2139 2820 2194 qua
2852 2134 2973 2181 erat
3019 2127 3299 2196 arroganti

1726 2219 1921 2272 ﬁducia
1987 2224 2407 2286 eontemptnque
2453 2215 2711 2285 praeditus
2746 2231 2991 2280 suorum,
3027 2217 3143 2287 ipse
3170 2232 3297 2273 car-

1725 2312 1886 2365 nibus
1916 2310 2021 2365 sibi
2054 2310 2253 2364 oblatis
2286 2311 2465 2364 adhuc
2500 2310 2684 2365 crudis
2713 2325 2863 2365 more
2898 2312 3076 2380 patrio
3106 2327 3134 2366 a
3162 2326 3293 2381 pro-

1730 2405 1863 2471 priis
1889 2404 2083 2472 coqnis
2113 2402 2430 2472 praeparatis
2455 2417 2519 2456 eo
2553 2403 2637 2456 die
2664 2417 2821 2466 usus,
2858 2404 3121 2475 postridie
3170 2419 3300 2461 suos

1735 2497 1947 2563 rogavit
1974 2494 2165 2563 ecquid
2213 2496 2489 2560 Valerent,
2542 2493 2701 2564 303
2737 2503 2791 2550 et
2838 2504 2896 2550 ut
2939 2510 3032 2552 eos
3070 2494 3305 2565 iuvisset

1738 2584 1983 2653 pridiana
2011 2599 2164 2640 coma
2193 2602 2207 2651 ;
2246 2586 2311 2639 iis
2337 2600 2468 2642 vero
2493 2588 2750 2656 prazclare
2784 2602 2843 2643 se
2874 2589 3077 2644 habere
3105 2590 3303 2644 aienti-

124 2678 209 2740 bus,
246 2694 330 2733 nec
369 2678 525 2733 ullum
578 2679 667 2736 vel
717 2680 1002 2735 minimum
1052 2678 1465 2735 incommodum
1511 2680 1773 2742 sensisse,
1842 2682 2003 2751 Atqui
2073 2697 2197 2749 ego,
2247 2682 2421 2751 inquit
2497 2697 2756 2738 arcanum
2838 2683 3118 2755 detegens,
3177 2700 3303 2740 cum

125 2774 322 2825 membria
354 2783 651 2842 repeterem
685 2775 823 2829 bella
852 2776 979 2830 olim
1008 2791 1037 2827 a
1065 2790 1149 2830 me
1177 2785 1325 2846 gesta
1362 2776 1625 2830 adversus
1649 2776 2029 2845 imperatorem
2081 2785 2136 2832 et
2206 2794 2439 2847 pugnam
2523 2779 2666 2833 illam
2712 2795 2817 2849 qua
2861 2782 3035 2847 ipsum
3095 2781 3300 2854 fugavi,

122 2864 173 2915 uti
199 2866 308 2919 cibis
336 2867 445 2935 ejus
492 2867 654 2935 jussu
691 2870 893 2938 paratis
928 2870 1100 2935 nolui,
1151 2870 1346 2923 merito
1378 2882 1624 2923 metuens
1654 2885 1719 2923 ne
1757 2885 2020 2925 venenum
2051 2871 2118 2925 iis
2154 2872 2458 2939 inspersum
2492 2883 2659 2927 esset.
2709 2875 2786 2926 Ita
2849 2874 2938 2929 ille
3004 2889 3137 2929 sane
3207 2878 3303 2930 im-

122 2963 380 3030 prudenter;
411 2966 615 3035 quippe
642 2966 693 3018 id
719 2967 1068 3019 committens
1111 2982 1174 3021 ac
1231 2982 1340 3036 pra:
1409 2982 1466 3019 se
1523 2964 1703 3020 ferens
1727 2967 2077 3036 quamobrem
2130 2984 2157 3022 a
2191 2970 2305 3023 suis
2337 2968 2628 3037 superbum
2679 2967 2763 3021 sui
2812 2968 3124 3041 despectum
3168 2971 3303 3028 ulci-

122 3056 335 3109 sccntibus
363 3058 552 3111 merito
592 3059 913 3126 proderetur
942 3070 1035 3113 aut
1066 3058 1624 3121 deserereturzcujus
1658 3062 1794 3111 tanti
1828 3060 2051 3128 periculi
2088 3061 2258 3114 aleam
2318 3072 2593 3127 utcunque
2654 3062 2859 3133 alioqui
2918 3065 3151 3120 callidus
3216 3068 3302 3120 in-

122 3148 448 3200 consultissitne
498 3158 614 3200 tum
655 3148 804 3215 jeeit.
857 3148 999 3201 Raro
1035 3150 1175 3201 enim
1229 3150 1299 3213 (id
1333 3149 1476 3219 quod
1509 3164 1607 3216 ego
1636 3147 1793 3217 longo
1828 3166 1929 3202 usu
1996 3150 2372 3219 animadverti)
2415 3151 2663 3205 homines
2716 3153 2945 3221 improbi
3004 3156 3296 3226 quidquam

124 3247 228 3289 recte
267 3238 536 3291 consulunt
585 3238 899 3292 iaciuntve:
939 3243 1077 3292 adeo
1119 3256 1304 3292 verum
1378 3251 1463 3292 est
1532 3239 1675 3307 quod
1712 3242 1986 3307 sapientes
2016 3240 2274 3305 seisennt,
2302 3242 2390 3295 ubi
2420 3242 2540 3309 quis
2571 3257 2601 3296 a
2650 3243 3029 3301 mediocritate
3078 3246 3300 3302 virtutis

121 3331 375 3394 excesserit,
409 3330 685 3382 utrumvis
720 3328 773 3381 in
800 3338 1103 3382 extremum
1155 3330 1386 3382 declinet
1434 3345 1620 3397 parum
1654 3328 1916 3382 interesse
1950 3345 1964 3394 ;
1999 3343 2209 3396 semper
2240 3332 2380 3382 enim
2412 3330 2569 3399 longe
2621 3330 2900 3387 intervallo
2950 3334 3018 3389 ab
3073 3336 3302 3392 honesm

116 3422 283 3475 distare.

161 3515 632 3585 Μεταπεμψάμενος
662 3514 755 3569 οὖν
789 3515 877 3569 τὸν
907 3514 1239 3586 Βαῖμοῦντον
1274 3515 1364 3568 τὸν
1394 3517 1600 3586 συνήθη

1782 3515 2044 3569 C:eterum
2087 3514 2379 3580 Augustus,
2416 3514 2677 3569 accersito
2725 3515 2917 3572 deinde
2972 3517 3294 3589 Baimundn,

115 3605 193 3665 τοῖς
210 3605 436 3667 Λατίνοις
470 3608 569 3657 καὶ
608 3605 666 3668 ἐξ
699 3605 864 3658 αὐτοῦ
888 3606 1072 3675 ἐζήτει
1096 3607 1259 3675 ὅρκον
1292 3608 1424 3677 (69).
1456 3606 1516 3660 Ὀ
1542 3610 1616 3673 δὲ,

1731 3616 2049 3660 consuetum
2076 3605 2284 3659 Latinis
2334 3606 2716 3675 jusjurandum
2746 3622 2801 3662 et
2836 3611 2903 3663 ab
2952 3611 3071 3680 ipso
3096 3618 3294 3687 exegit.

111 3700 157 3746 τὰ
182 3698 346 3749 ἑαυτοῦ
384 3700 781 3766 ἐπιστάμενος,
823 3699 918 3751 καὶ
948 3701 1029 3751 ὅτι
1058 3698 1181 3750 οὗτε
1224 3700 1287 3751 ἐκ
1345 3701 1616 3769 ἰτρογόνωεΙ

1730 3698 1838 3753 Nec
1862 3699 2124 3752 dubitavit
2151 3699 2241 3753 ille
2275 3710 2366 3751 aut
2397 3710 2685 3753 cunctatus
2719 3708 2799 3753 est
2830 3702 2909 3754 vel
2940 3706 3081 3771 quod
3115 3710 3294 3761 minus

112 3791 367 3857 περιφανῶν
396 3791 673 3859 ἐγεγόνει,
701 3789 825 3843 οὔτε
849 3791 1152 3861 χρημάτων
1186 3792 1451 3862 εὐπορίαν
1490 3790 1616 3863 εἶχε1

1730 3809 1787 3847 se
1819 3809 1847 3845 a
1880 3794 2095 3860 proavis
2131 3790 2392 3853 nobilem,
2431 3791 2726 3859 minusque
2775 3806 2802 3843 a
2837 3790 3055 3847 fortuna
3102 3798 3296 3864 opibus

107 3882 173 3933 καὶ
200 3885 272 3936 διὰ
294 3886 443 3939 τοῦτο
464 3887 595 3940 οὐδὲ
624 3887 883 3954 δυνάμεις
911 3886 1132 3950 πολλὰς,
1156 3887 1289 3941 ἀλλὰ
1319 3890 1555 3959 μετρίως
1580 3892 1616 3920 ⁷¹

1730 3885 2101 3951 eomitatuque
2155 3882 2483 3935 instructum
2530 3883 2732 3947 sciens,
2786 3897 3004 3937 causam
3041 3900 3143 3939 non
3174 3901 3296 3941 esse

110 3973 212 4025 πάνυ
240 3979 348 4038 τοὺς
376 3978 781 4046 συνεπομένους
836 3978 984 4048 αὐτῷ
1018 3980 1274 4041 Κελτοὺς,
1310 3981 1404 4032 καὶ
1453 3982 1616 4045 ἄλλως

1730 3973 1885 4037 vidit,
1922 3988 2019 4025 cur
2045 3971 2188 4040 quod
2216 3970 2307 4024 alii
2346 3970 2480 4023 Galli
2520 3971 2793 4041 principes
2832 3973 2992 4027 rebus
3039 3978 3295 4030 omnibus

104 4061 294 4128 δὲφύσει
322 4068 583 4136 ἐπίορκος
622 4066 716 4129 ῶν,
751 4070 896 4135 μάλα
925 4067 1222 4138 προθύμως
1250 4067 1327 4136 τῷ
1346 4068 1440 4121 τοῦ
1471 4072 1616 4123 αὐτο·

1732 4062 2140 4131 ρτίυειδιιιίοτεδ
2175 4075 2281 4114 non
2329 4072 2734 4125 recusaverant,
2766 4061 2881 4131 ipse
2920 4064 3244 4121 detrectaret
3277 4086 3292 4123 :

106 4154 315 4225 κρᾶτορος
341 4158 533 4223 ὑπεῖξε
587 4158 873 4228 θελήματι.
920 4155 1250 4229 Κᾷθόῢτως
1289 4162 1316 4213 ὀ
1348 4160 1616 4229 βασιλεὺς,

1730 4153 1810 4207 vel
1834 4154 1977 4221 quod
2009 4154 2170 4207 homo
2206 4153 2275 4207 ad
2312 4153 2592 4222 religionis
2613 4164 2982 4221 contemptum
3007 4157 3292 4224 educatus,

102 4246 271 4310 περὶτὰ
304 4247 563 4315 βασίλεια
594 4249 841 4300 οἰκίσκον
880 4250 1002 4300 τινὰ
1032 4250 1322 4317 ἀφορίσας,
1379 4253 1461 4313 είς
1492 4251 1616 4303 τοῦ·

1730 4254 1780 4300 et
1817 4246 1976 4313 longe
2007 4261 2108 4299 usu
2133 4245 2285 4313 quasi
2313 4244 2546 4313 quadam
2600 4251 2797 4297 natura
2834 4244 3104 4313 perjurus,
3157 4250 3295 4305 ridi.

102 4331 222 4401 Elge;
251 4339 601 4409 κατέστρωσε
662 4340 932 4391 παντοίων
984 4335 1124 4402 εἶδος
1179 4342 1480 4410 χρημάτων
1526 4345 1616 4395 καὶ

1730 4337 1905 4389 culum
1959 4344 2178 4405 putaret
2232 4335 2285 4388 in
2337 4334 2646 4401 iuramento
2702 4336 3075 4406 tergiversari,
3136 4342 3294 4408 cujus

98 4428 288 4493 ἐμοῖσιν,
320 4433 681 4499 χαράγματός
707 4432 816 4501 (70)
847 4449 904 4483 τε
942 4435 1168 4501 χρυσίου
1209 4436 1302 4486 καὶ
1349 4437 1616 4504 ἀργύρου,

1730 4433 1836 4497 ipse
1874 4443 2076 4496 susque
2108 4428 2282 4498 deque
2333 4428 2513 4482 habita
2592 4418 2890 4483 reverentia
2939 4432 3295 4489 nihilominus

100 4515 166 4562 καὶ
200 4519 282 4585 τῆς
315 4521 613 4589 κατωτέρω
650 4520 803 4589 ὕλης,
832 4525 1088 4575 τοσοῦτον
1118 4526 1416 4593 πληρώσας
1446 4530 1505 4576 τὸ
1539 4527 1616 4578 οἴ-

1730 4535 1898 4577 rertus
1934 4533 2099 4588 esset,
2156 4528 2235 4578 eo'
2265 4538 2370 4592 quo
2417 4537 2540 4592 spes
2594 4532 2648 4577 et
2693 4538 2824 4577 usus
2882 4538 3103 4581 vocaret
3150 4542 3296 4585 recta

96 4617 230 4667 κημα,
263 4606 331 4667 ῶς
369 4609 508 4677 μηδὲ
568 4608 807 4677 βαδίζειν
844 4610 1109 4662 δύνασθαί
1160 4628 1282 4663 τινα
1317 4610 1393 4678 τῷ
1426 4611 1616 4679 πλήθει

1730 4616 1962 4669 tendere.
1996 4615 2065 4669 At
2097 4616 2143 4668 ei
2175 4623 2463 4685 postquam
2486 4616 2556 4668 ita
2589 4622 2837 4684 prompte
2867 4631 2930 4670 ac
2960 4619 3291 4685 perlibenter

94 4694 253 4747 τούτων
285 4700 773 4769 συμποδιζόμενον.
819 4701 909 4769 Τῷ
948 4700 1003 4753 δὲ
1044 4702 1294 4769 μέλλοντι
1344 4702 1616 4765 ὑποδεῖξαι

1730 4710 2080 4775 iuramentum
2112 4709 2380 4776 praestitit,
2417 4721 2552 4761 nova
2593 4706 2983 4762 benevolentiae
3032 4725 3144 4762 sua:
3198 4712 3281 4778 pi-

91 4783 223 4837 ταῦτα
250 4789 319 4857 τῷ
348 4790 672 4861 Βιῖμῦῦντῳ
713 4794 1011 4843 ἐπέταττεν
1052 4793 1249 4862 ἀθρόον
1306 4794 1404 4854 τὰς
1442 4794 1615 4855 πύλας

1730 4814 1889 4867 gnora
1922 4798 2109 4863 injecit
2144 4798 2460 4866 imperator.
2491 4796 2715 4851 Curavit
2746 4798 3001 4852 nimirum
3034 4800 3292 4855 conclave

93 4874 405 4937 ἀναπετάσαι.
460 4886 521 4936 Ὀ
569 4883 625 4935 δέ
649 4885 744 4937 ἐπὶ
784 4888 845 4954 τῇ
893 4885 1099 4937 τούτων
1170 4886 1268 4955 es;
1313 4886 1616 4952 ἐκπλαγείς

1730 4891 1999 4961 quoddam
2027 4888 2254 4957 Augusti
2286 4886 2466 4956 palatii
2498 4886 2808 4941 divitiarum
2851 4888 3031 4941 omnis
3076 4890 3288 4957 generis

90 4980 248 5034 φησιν·
270 4972 330 5023 Ei
359 4974 601 5026 τοσαῦτά
630 4992 720 5041 μοι
761 4976 971 5043 προσῆν
996 4978 1279 5046 χρήματα,
1307 4978 1518 5029 πολλῶν
1549 4978 1614 5029 ἂν

1730 4979 2072 5049 nongestione
2125 4978 2197 5031 ita
2261 4976 2543 5046 compleri,
2589 4984 2645 5030 ut
2699 4976 3065 5047 pavimentum
3111 4979 3286 5047 ipsum

89 5057 241 5123 χωρῶν
296 5062 494 5133 κύριος
549 5064 717 5117 πάλαι
766 5067 1043 5135 ἐγεγόνειν
1110 5066 1295 5129 αὐτός.
1361 5068 1469 5121 Καὶ
1514 5069 1613 5131 ὅς’

1730 5070 1966 5124 nummis
1996 5070 2195 5139 passim
2222 5066 2622 5136 monilibusque
2642 5081 2705 5121 ac
2729 5067 2961 5122 attalicis
2987 5071 3289 5125 concbilia-

1119 5180 1319 5241 Varite
1349 5181 1657 5243 lectiones
1686 5199 1762 5244 ex
1791 5180 1933 5243 cod.
1969 5177 2222 5241 Coislin.

136 5270 457 5345 ⁶⁷έμξήναςο
550 5279 595 5310 ⁸⁸
620 5280 728 5335 ἐπ’.
806 5280 850 5313 ⁸⁸
885 5279 954 5334 τὰ
976 5279 1105 5350 ὄψα.
1181 5281 1225 5312 ⁷⁸
1260 5280 1551 5352 ἐξαρτύση.
1630 5283 1671 5314 ⁷⁸
1711 5283 1779 5336 τὰ
1812 5282 1930 5338 τοῦ.
2001 5281 2046 5311 ⁷²
2084 5280 2358 5351 μετρίους.

1116 5402 1253 5463 Car.
1287 5400 1612 5463 Dufresnii
1648 5404 1748 5464 Du
1780 5400 2001 5480 Cangii
2044 5409 2228 5462 notas.

136 5521 228 5589 (68)
256 5523 317 5577 '0
343 5524 460 5592 τὰρ
486 5524 702 5589 δεινός.
724 5523 1059 5577 Boemundus
1084 5523 1226 5576 nullo
1254 5526 1406 5577 modo
1429 5524 1609 5578 Alexio

86 5589 210 5662 ﬁdere
244 5589 449 5662 poterat
477 5636 490 5661 ,
528 5595 701 5662 inquit
746 5595 954 5648 Albert.
1004 5594 1106 5661 Aq.
1142 5595 1231 5647 lib.
1267 5608 1325 5657 tt,
1360 5610 1480 5662 cap.
1521 5595 1588 5648 18

137 5661 250 5733 (69)
273 5662 498 5732 Ἐζήτει
525 5661 730 5731 ὅρκον.
752 5664 1002 5717 Albertus
1032 5664 1133 5732 Aq.
1166 5664 1258 5716 lib.
1282 5679 1343 5725 tt,
1378 5661 1495 5733 cap.
1519 5666 1604 5729 i8;

84 5726 296 5786 Pulcher.
328 5726 421 5786 liti.
470 5751 519 5796 ι,
552 5726 669 5801 cap.
704 5735 771 5798 ις
801 5733 1069 5789 Robertus
1098 5726 1350 5789 Monach.
1403 5726 1497 5790 lib.
1544 5726 1603 5801 tt,

86 5813 179 5868 Ng-
202 5803 264 5857 58
286 5845 299 5869 ,
331 5803 549 5872 Tyrius,
579 5818 632 5858 et
668 5806 779 5857 alii.

368 5902 645 5963 PATROL.
687 5903 804 5961 (3n.
851 5903 1120 5965 CXXXI.

1783 5523 2356 5603 (ἸοὶλΧαράγ-τιιατος.
2390 5521 2554 5603 365,
2591 5521 2846 5603 Albertgs
2908 5521 3040 5603 Λα..
3073 5521 3193 5603 ιιι..
3220 5539 3284 5585 ιι.

1712 5591 1835 5661 cap.
1876 5591 1981 5648 i8:
2021 5592 2315 5661 Statimque
2371 5591 2542 5646 αῖίᾶιᾱ
2594 5601 2716 5646 sunt
2769 5591 3072 5646 Boemundo
3099 5633 3113 5656 ,
3148 5596 3283 5647 sicut

1715 5664 2020 5734 Godefrido,
2058 5679 2273 5715 munera
2305 5662 2425 5715 miri
2460 5673 2508 5716 et
2538 5663 2770 5715 inauditi
2803 5665 3036 5716 thesauri
3064 5664 3115 5715 in
3148 5680 3283 5715 auro

1714 5743 1765 5787 et
1808 5746 2057 5802 argento;
2103 5748 2227 5786 vasa
2274 5748 2475 5801 quoque
2523 5737 2749 5799 pretiosa
2797 5748 2947 5800 apere
2992 5741 3042 5786 et
3100 5734 3284 5785 decore

1715 5807 1877 5857 multo
1911 5805 2193 5868 ampliora,
2226 5819 2384 5872 quam
2412 5813 2467 5857 ut
2493 5803 2558 5857 ab
2589 5804 2767 5863 aliqua
2808 5804 2969 5871 possit
3007 5804 3280 5858 wstimari.

2820 5895 2896 5959 25
