3780 6570
415 431 527 496 795

416 638 650 691 obsessa?
697 639 862 695 latera
922 645 1159 713 undique
1211 645 1457 702 foderrnt
1512 657 1564 703 et
1610 650 1987 718 perterebrare

414 743 764 796 conarentur,
801 736 959 789 simul
996 738 1161 791 additi
1195 748 1248 792 et
1275 741 1361 793 alii
1389 744 1818 797 suliruendorum
1848 762 1983 801 mm-

415 825 561 877 nium
598 836 766 879 artem
800 829 1060 884 callentes
1088 850 1101 883 :
1131 832 1219 902 qui
1258 835 1393 888 clam
1431 836 1689 891 submissi
1722 855 1985 907 muroque

414 915 602 971 intimo
643 921 881 989 appliciti
936 922 1281 979 fundamenta
1321 929 1484 983 turris
1515 929 1632 997 ipsa
1677 943 1987 986 scrutaren-

415 1016 526 1072 tur,
556 1011 945 1082 barpaginibus
973 1018 1252 1074 molientes
1275 1032 1435 1090 atque
1461 1024 1632 1087 uncis,
1661 1026 1987 1078 instrumen-

413 1100 590 1169 tisquc
645 1104 694 1157 id
743 1122 916 1175 genus
971 1108 1163 1164 fvrrcis
1196 1131 1209 1165 :
1242 1116 1437 1179 quibus
1493 1131 1628 1181 quos
1681 1117 1986 1170 evellebant

411 1186 646 1260 lapides,
690 1212 789 1264 pro
833 1199 899 1250 iis
938 1200 1162 1268 singulis
1214 1204 1429 1256 codices
1488 1216 1577 1257 aut
1631 1206 1876 1260 tibicines
1927 1207 1988 1259 li-

413 1298 585 1348 gneos
613 1289 739 1343 moli
774 1294 1104 1349 sustinenda.-
1130 1295 1291 1365 312
1327 1297 1540 1350 interim
1574 1301 1986 1366 supponebant;

1700 444 1929 506 ANN/E
1969 446 2178 509 COMN
2183 447 2282 511 EN
2290 452 2354 511 Ε

415 545 643 601 deerant
703 560 855 603 extra
910 551 1214 607 machinam
1272 553 1375 609 viri
1433 554 1605 611 fortes
1663 559 1753 627 qui
1819 561 1986 615 turris

2104 564 2261 635 ιύτήν
2293 584 2415 621 τινα

3496 490 3575 557 796

2455 568 2669 626 ἐκεῖθεν
2698 572 2981 629 είσιοῦσαν
3017 576 3303 641 θεάσασθαι
3335 595 3427 666 πῦρ
3452 603 3584 673 ἐμϐα,

2091 656 2278 719 λόντες
2327 660 2640 731 ἐνέπρησαν
2690 667 2817 728 τοὺς
2863 671 3123 739 κορμούς.
3154 676 3354 737 Τούτων
3386 656 3432 742 έὲ

2092 749 2420 857 φρωίὶέέτων
2471 755 2668 825 συνέὁη
2856 758 3102 831 Γονάτην
3148 767 3235 819 ἐπὶ
3263 772 3406 829 πλέον
3445 749 3583 857 κλιθη.

2092 858 2181 895 ναι
2214 841 2353 910 (85),
2380 844 2452 906 ὡς
2488 847 2564 915 μὴ
2610 847 2946 902 ἀπολωλέναι
2990 853 3089 922 τὴν
3122 857 3321 927 κλῆσιν.
3359 841 3580 944 Ἐμὸόλοιξ

2089 931 2146 985 δὲ
2198 935 2292 988 καὶ
2339 936 2605 1003 οἰκήμασι
2655 940 2717 993 τὸ
2767 941 3050 998 ἐπίλοιπον
3101 954 3461 1025 περιζώσαντες
3502 931 3584 1024 :53;

2087 1025 2308 1094 τειχῶν,
2344 1030 2438 1081 καὶ
2468 1031 2566 1096 τὴν
2628 1034 2783 1096 ἐκτὸς
2826 1038 3033 1093 τούτων
3080 1039 3401 1120 διακειμένην
3430 1058 3584 1128 τάφρον

2095 1116 2170 1178 ὡς
2192 1117 2248 1169 ἐν
2286 1120 2423 1187 ῥοπῇ
2446 1122 2465 1150 ³
2494 1120 2883 1191 πληρώσαντες
2914 1131 3119 1193 κόνεως
3145 1133 3216 1194 ὡς
3245 1138 3318 1201 εἰς
3361 1116 3471 1210 μίαν

2096 1209 2323 1274 φάνειαν
2377 1212 2716 1283 συναφθῆναι
2745 1221 2868 1282 ταῖς
2919 1222 3006 1289 ἐφ’
3056 1226 3284 1295 ἑκάτερα
3309 1244 3587 1310 παρακειμέ-

2096 1318 2215 1362 ναις
2243 1302 2511 1367 πεδιάσιν,
2546 1304 2620 1367 ὡς
2646 1308 2764 1360 ἐνὸν
2795 1310 2897 1378 τῆς
2928 1313 3240 1385 πολιορκίας
3263 1322 3461 1391 είχοντο.

414 1373 576 1442 idque
603 1382 834 1447 agebant
866 1382 1211 1445 innbscrvati,
1265 1387 1515 1453 quoniam
1546 1388 1634 1456 qui
1674 1399 2105 1474 propugnatores
2177 1392 2327 1447 urbis
2383 1392 2637 1460 petebant
2699 1396 2919 1465 jaculis,
2978 1414 3029 1457 et
3087 1373 3260 1462 niiuas
3309 1373 3588 1474 dstentabant

412 1468 621 1528 insilire
646 1474 697 1531 in
736 1494 915 1534 muros
944 1485 1269 1550 parantium,
1328 1488 1681 1541 attentionem
1750 1466 2122 1545 ‘Nicmensium
2178 1493 2231 1546 in
2285 1509 2341 1548 se
2394 1504 2561 1548 totam
2608 1507 2907 1552 verterant.
2977 1496 3085 1553 Isto
3157 1514 3279 1567 ergo
3340 1507 3590 1564 continuato

413 1563 599 1622 labore
635 1574 970 1628 terebrandte
998 1576 1177 1637 turris,
1214 1579 1425 1632 tandem
1455 1580 1720 1648 lapidibus
1752 1584 2009 1638 eruendis
2040 1586 2312 1655 tignisque
2339 1589 2736 1645 substituendis
2774 1592 2909 1643 adeo
2941 1589 3237 1658 profecutm
3280 1605 3357 1648 est
3406 1607 3457 1649 ut
3506 1600 3587 1667 jam

413 1675 586 1732 u5que
614 1665 856 1719 intimam
930 1670 1068 1721 muri
1126 1672 1465 1735 superficiem
1531 1691 1648 1744 quae
1692 1677 1877 1731 urbem
1932 1678 2152 1747 respicit
2209 1696 2345 1749 Opus
2379 1682 2731 1751 pertingeret.
2771 1682 2844 1735 ita
2878 1691 2932 1735 ut
2959 1684 3112 1737 rimis
3144 1686 3209 1737 ab
3239 1686 3319 1738 illa
3347 1700 3477 1755 parte
3504 1709 3594 1759 pcr-

416 1754 522 1807 viis
579 1757 932 1811 translucerct
990 1759 1124 1816 dies.
1188 1761 1320 1814 Tum
1382 1779 1511 1818 vero
1562 1767 1790 1834 injectus
1848 1769 1988 1836 ignis
2027 1770 2396 1837 supplementa
2432 1772 2521 1825 illa
2551 1773 2728 1842 lignea
2783 1775 3121 1843 consumpsit
3189 1778 3436 1847 molesque
3496 1786 3593 1837 aedi.

416 1844 527 1898 ticii
562 1856 881 1913 superstans
921 1849 1086 1905 l'niido
1140 1854 1455 1909 subsidente
1504 1856 1554 1909 in
1596 1872 1655 1911 se
1688 1858 1932 1912 incubuit
1976 1877 1989 1912 :
2045 1875 2185 1915 novo
2245 1861 2522 1918 allirmans
2548 1874 2741 1918 eventu
2769 1864 3187 1933 appellationem
3212 1876 3425 1921 veterem
3484 1871 3597 1927 incli-

415 1946 555 1989 natze
588 1938 830 2005 ingenua
870 1944 1052 1996 turris.
1088 1941 1339 2010 instabat,
1364 1947 1467 2002 sub
1497 1947 1610 2003 haec
1652 1950 1915 2021 Sangeles
1943 1958 1997 2006 et
2030 1954 2215 2007 caeteri
2261 1970 2360 2023 pro
2389 1969 2448 2011 se
2520 1958 2754 2025 quisque
2794 1956 3197 2011 circumdanda:
3259 1958 3407 2025 vallo,
3454 1974 3599 2030 aggere

414 2027 728 2097 bellicisque
772 2034 1048 2102 operibus,
1084 2038 1350 2092 universa:
1395 2056 1489 2108 per
1526 2044 1790 2098 ambitum
1845 2047 2077 2101 civitati.
2131 2048 2469 2118 Fossatnque
2515 2051 2625 2119 jam
2679 2058 3017 2120 comportata
3066 2063 3209 2106 terra
3281 2052 3354 2108 sic
3410 2055 3595 2122 undique

415 2124 787 2193 oppleverant,
843 2138 899 2185 ut
944 2133 1139 2202 aequali
1199 2148 1480 2206 coarquata
1522 2143 1810 2211 superﬁcie
1859 2158 1980 2200 cum
2021 2147 2232 2215 campis
2263 2148 2656 2216 adjacentibus,
2692 2147 3015 2203 inoﬂ’ersain
3062 2164 3233 2217 usque
3305 2148 3368 2204 ad
3428 2166 3593 2205 murum

417 2222 682 2289 pra-heret
714 2224 870 2281 viam.

491 2308 614 2365 llrc
650 2329 956 2384 quanquam
994 2318 1063 2370 ita
1101 2331 1275 2385 erant,
1324 2331 1502 2377 tamen
1534 2326 1831 2395 imperator
1861 2332 1991 2383 suli-
2030 2330 2067 2382 Β

418 2400 599 2457 ductis
637 2421 888 2462 accurate
919 2411 1241 2475 rationibus,
1274 2416 1473 2481 sepius
1509 2419 1645 2486 apud
1691 2434 1748 2473 se
1781 2429 1991 2474 statue-

419 2503 506 2547 rat
538 2510 872 2566 nequaquam
924 2516 1079 2568 posse
1112 2504 1229 2571 capi
1287 2504 1519 2562 Nicaeam
1553 2525 1581 2562 a
1620 2509 1847 2575 Latinis,
1908 2524 1990 2568 ut-

421 2600 639 2656 cunque
672 2590 745 2644 illi
798 2593 1147 2651 multitudine
1197 2597 1581 2655 innumerabili
1632 2605 1990 2662 abundarent.

421 2675 565 2747 Ergo
591 2678 643 2733 in
672 2693 880 2748 partem
916 2684 1032 2752 ipse
1062 2691 1369 2745 communis
1404 2693 1510 2746 voti
1551 2692 1801 2749 conferre
1852 2695 1992 2764 quod

421 2784 581 2825 suum
605 2782 724 2827 erat
754 2785 904 2829 ratus
929 2790 1316 2846 opportunum,
1352 2799 1603 2851 magnam
1648 2787 1841 2840 confici
1884 2788 1990 2840 vim

416 2861 583 2930 jussit
603 2867 970 2923 machinarum
994 2876 1369 2941 Oppugnandis
1402 2876 1625 2931 urbibus
1646 2879 1944 2934 elﬁcacium
1977 2898 1990 2934 :

421 2971 524 3011 nec
557 2973 741 3012 earum
775 2962 934 3014 modo
962 2978 1192 3031 quarum
1239 2968 1376 3020 ratio
1422 2978 1472 3022 et
1517 2970 1821 3040 designatio
1869 2984 1993 3027 nota

422 3059 566 3113 erat,
617 3051 921 3120 vulgarium
985 3056 1279 3111 artiﬁcium
1332 3059 1569 3116 inventis
1622 3066 1997 3132 experimento

424 3134 792 3210 comprobatis
827 3163 841 3201 :
875 3148 968 3201 sed
1023 3163 1285 3205 novarum
1319 3168 1558 3223 quoque,
1611 3172 1843 3224 quarum
1882 3159 1997 3227 ipse

425 3242 598 3290 artem
631 3237 839 3304 primus
868 3240 1297 3308 excogitaverat,
1347 3245 1618 3316 istamque
1650 3263 1861 3302 omnem
1902 3266 1997 3303 co-

427 3327 572 3395 piam
624 3327 796 3383 Gallis
849 3331 1136 3388 comitibus
1195 3334 1343 3389 misit
1406 3337 1547 3392 haud
1599 3340 1999 3400 dissimulanter

429 3416 757 3474 mirantibus
786 3419 1277 3494 velliberalitatem
1313 3427 1393 3481 vel
1426 3428 1698 3503 ingenium
1742 3433 1993 3503 Augusti.

427 3506 697 3567 Caeterum
728 3513 844 3583 ipse
875 3530 997 3570 cum
1036 3519 1103 3573 iis
1134 3534 1272 3583 quas
1316 3520 1454 3576 forte
1491 3533 1784 3591 prwseiites
1812 3528 1998 3583 habuit

430 3604 795 3663 transfretans
826 3608 996 3677 copiis
1038 3608 1382 3678 Pelecaunm,
1410 3624 1470 3669 ut
1500 3617 1632 3682 dixi,
1666 3621 1858 3681 tenuit,
1894 3622 1997 3676 ibi-

429 3710 537 3761 que
589 3699 789 3754 mansit
839 3717 1004 3770 prope
1052 3704 1230 3758 locum
1279 3704 1601 3776 Mesampela
1648 3722 1916 3777 vocatum,
1968 3730 1995 3768 a

427 3790 711 3845 vinearum
737 3793 989 3850 videlicet
1015 3798 1331 3855 continuata
1366 3801 1729 3866 multitudine.
1762 3807 1997 3860 medium

430 3881 537 3935 late
592 3883 823 3950 spatium
880 3885 1162 3956 implente,
1218 3890 1308 3942 ubi
1367 3900 1427 3943 et
1475 3899 1813 3948 exstructum
1867 3896 1996 3949 olim

431 3975 685 4042 templum
722 3976 914 4031 visitur
950 3979 1006 4032 in
1047 3982 1266 4035 nomine
1301 3981 1486 4038 Sancti
1523 3983 1699 4050 magni
1746 3988 2001 4057 martyris

429 4062 669 4132 Georgii.
703 4067 1073 4135 Propenderat
1110 4071 1400 4141 aliquando
1431 4073 1486 4127 in
1529 4088 1651 4127 eam
1699 4086 1908 4144 partem
1945 4089 2004 4133 ut

431 4156 739 4221 conjunctis
768 4158 880 4213 suis
904 4175 1025 4213 cum
1060 4160 1377 4217 Latinorum
1420 4165 1665 4220 exercitu
1694 4169 1864 4236 copiis
1894 4185 2004 4226 uno

430 4246 659 4302 cuiisilio
689 4258 850 4316 atque
880 4251 1080 4319 impetu
1114 4253 1309 4309 bellum
1342 4256 1600 4314 adversus
1624 4258 1835 4315 atlieatn
1864 4262 2006 4317 Tur-

429 4354 622 4394 corum
654 4352 865 4409 pontem
896 4354 1225 4411 capesseret.
1291 4346 1484 4405 Postea
1532 4357 1713 4406 tamen
1760 4367 1885 4407 eum
1919 4365 2003 4410 ato

436 4442 583 4486 tenta
655 4435 1094 4495 consideratione
1176 4447 1482 4506 reputasset
1552 4442 2003 4501 innumerabilem

435 4522 835 4578 multitudinem
907 4536 1209 4583 castrorum
1276 4529 1686 4600 Francicorum,
1746 4536 2005 4593 adversus

434 4630 597 4681 quam
634 4614 891 4673 Romanae
920 4619 1087 4687 copia:
1118 4620 1320 4675 nullam
1356 4627 1760 4694 proportionem
1781 4644 2004 4699 compa-

436 4709 623 4763 rabilis
664 4712 876 4765 numeri
922 4711 1031 4765 ulla
1065 4727 1131 4767 ex
1165 4722 1317 4782 parte
1376 4718 1512 4771 tueri
1545 4729 1783 4787 possent,
1820 4722 2008 4778 adbarc

435 4800 783 4859 desultoriatn
818 4802 996 4867 gentis
1022 4804 1291 4859 levitatem
1322 4805 1373 4859 in
1409 4807 1655 4863 consiliis
1690 4810 2005 4880 mutandis;

436 4903 696 4960 praeterea
740 4891 957 4947 inlldam
1003 4895 1315 4949 societatem
1350 4896 1668 4965 cupidarum
1694 4906 1751 4954 et
1780 4898 2009 4954 instabi-

434 4986 563 5041 limn
592 4987 875 5050 mentium,
945 4987 1131 5059 Euripi
1179 4991 1286 5044 ritu
1339 5005 1459 5045 sese
1509 4992 1754 5057 assidue,
1786 4992 1839 5047 in
1873 5007 2008 5047 con-

436 5081 603 5132 traria
630 5080 968 5150 plerumque,
1007 5052 1458 5150 reciprocantium
1494 5097 1559 5136 ac
1588 5098 1697 5151 prae
1720 5084 2005 5153 impotenti
2041 5052 2087 5107 Β

438 5173 688 5236 avaritia,
719 5188 818 5242 pro
852 5187 950 5241 spe
974 5188 1135 5243 quam
1166 5174 1417 5231 vilissimi
1453 5175 1631 5230 oblata
1669 5176 1828 5238 lucri,
1862 5193 2002 5232 uxo-

2175 2328 2234 2377 Ὀ
2273 2326 2327 2377 δὲ
2375 2325 2651 2393 βασιλεὺς.
2681 2324 2848 2377 πολλὰ
2888 2325 3153 2387 πολλάκις
3184 2326 3603 2399 ἀκριϐολογιδθμξ·

2096 2429 2223 2478 νο;“
2271 2425 2363 2475 καὶ
2417 2422 2668 2487 διαγνοὺς
2717 2423 3002 2489 ἀμήχανον
3050 2417 3191 2474 εἶναι
3247 2422 3338 2491 τὴν
3380 2425 3600 2477 Nimia-1“

2095 2516 2245 2585 παρά
2282 2514 2389 2566 τῶν
2426 2511 2671 2566 Λατίνων
2703 2511 2932 2575 ἁλῶναι,
2956 2514 3060 2566 κᾶν
3096 2513 3271 2566 πάντα
3301 2508 3605 2582 ὑπερέϐαλλον

2092 2607 2349 2677 ἀριθμὸν,
2395 2607 2456 2657 ὲν
2497 2606 2653 2675 μέρει
2699 2606 2799 2674 μὲν
2829 2608 3060 2657 παντοῖα
3104 2606 3219 2675 εἴδη
3254 2605 3605 2662 ἐλεπόλεωνκι-

2091 2699 2475 2760 τασκευάσας’,
2512 2698 2609 2750 καὶ
2654 2699 2723 2750 τὰ
2765 2697 2944 2750 πλείω
2999 2697 3211 2751 τούτων
3258 2700 3316 2752 οὒ
3354 2700 3474 2753 κατὰ
3514 2704 3606 2763 τοὺς

2091 2793 2202 2846 τῶν
2240 2791 2560 2862 μηχανικῶν
2606 2792 2868 2860 τρόπους,
2922 2790 3058 2843 ἀλλά
3092 2791 3220 2845 καθ’
3255 2792 3468 2863 ἑτέρους¹
3495 2794 3609 2856 τινὰς

2093 2880 2290 2948 λόγους
2317 2880 2464 2949 αὺτῷ
2497 2879 2817 2941 δοκοῦντας,
2850 2880 2879 2932 ὃ
2911 2883 3008 2933 καὶ
3039 2880 3228 2951 θαῦμα
3258 2884 3384 2935 πᾶσι
3411 2886 3608 2951 παρεῖχε,

2094 2976 2211 3036 τοῖς
2252 2975 2492 3042 κόμησιν
2545 2973 2896 3040 ὲκπέπομφε.
2972 2973 3216 3037 Ἐκεῖνος
3263 2974 3318 3026 δὲ
3377 2973 3496 3042 μετά
3531 2974 3610 3027 τῶν

2095 3067 2531 3135 παρατυχόντων
2563 3066 2907 3137 διαπεράσας
2927 3103 2944 3129 ν
2992 3066 3069 3129 ὡς
3102 3065 3205 3136 ἤδη
3239 3063 3435 3132 φθάσας
3456 3064 3611 3130 ὁλόγος

2097 3160 2357 3230 ἐδήλωσε,
2440 3159 2589 3213 κατά
2648 3159 2741 3211 τὸν
2811 3156 3127 3210 Πελεκᾶνον
3178 3156 3431 3226 διέτριϐεν
3480 3154 3611 3224 ἀγχοῦ

2096 3251 2202 3303 τῶν
2248 3250 2658 3319 Μεσαμπέλων,
2688 3242 2751 3304 οὗ
2796 3248 2895 3303 καὶ
2934 3249 3167 3317 τέμενος
3209 3247 3295 3300 ἐπ’
3324 3248 3520 3315 ὀνόματι
3543 3244 3614 3299 τοῦ

2113 3339 2296 3406 ’Δγίου
2318 3340 2809 3409 μεγαλομάρτυρος
2831 3339 3113 3408 Γεωργίου
3143 3338 3307 3392 πάλαι
3332 3336 3613 3406 ᾠκοδόμητο.

2101 3430 2300 3485 Ἤθελε
2362 3431 2463 3501 μὲν
2522 3427 2615 3484 οὖν
2674 3430 2850 3493 οὕτως
2899 3433 2928 3483 ὁ
2977 3429 3337 3501 αὐτοκράτωρ
3386 3430 3505 3498 μετὰ
3534 3427 3614 3478 τῶν

2098 3522 2350 3577 Λατίνων
2405 3524 2549 3577 κατά
2597 3523 2706 3577 τῶν
2741 3522 2920 3576 ἀθέων
2971 3522 3335 3576 συναπελθεῖν
3386 3520 3615 3590 Τούρκων·

2097 3614 2440 3669 ταλαντεύων
2489 3617 2547 3669 δὲ
2599 3616 2701 3672 τὴν
2735 3616 2992 3668 ὑπόθεσιν
3027 3615 3124 3667 καὶ
3167 3615 3230 3667 τὺ
3272 3610 3619 3681 ἀπειροπληθὲς

2104 3707 2200 3760 τοῦ
2245 3706 2561 3776 Φραγγικοῦ
2606 3710 2879 3775 φοσσάτου
2935 3708 3011 3770 ὠς
3065 3708 3208 3775 πρὸς
3262 3705 3323 3758 τὸ
3369 3702 3620 3771 Ῥωμαϊκὸν

2107 3801 2434 3869 στράτευμα
2478 3801 2760 3853 κατανοῶν
2814 3801 3256 3869 ἀνυπέρϐλητον,
3307 3800 3397 3852 καὶ
3425 3797 3511 3865 τὴν
3546 3810 3621 3847 πα·

2106 3892 2440 3962 λίμὸουλον⁶
2488 3893 2599 3947 τῶν
2638 3894 2887 3947 Λατίνων
2940 3892 3173 3962 γνώμην
3204 3895 3268 3944 ἑκ
3308 3889 3500 3960 μακροῦ
3528 3888 3621 3939 ἑπι-

2109 3986 2397 4053 στάμενος,
2429 3986 2639 4057 ἀπέστη
2691 3986 2787 4039 τοῦ
2819 3987 3260 4057 ἐγχειρήματος·
3291 3985 3350 4036 οὐ
3382 3983 3463 4035 διὰ
3500 3977 3625 4031 τοῦτο

2106 4078 2165 4131 δὲ
2210 4078 2395 4148 μόνον,
2428 4077 2570 4133 ἀλλὰ
2620 4077 2804 4132 καὶτὸ
2850 4078 3112 4132 ἀϐέϐαιον
3156 4075 3380 4130 ἐκείνων
3408 4072 3492 4124 καὶ
3530 4068 3625 4121 ἄπι-

2111 4187 2237 4224 στον
2285 4169 2553 4241 προειδὼς
2618 4169 2862 4240 Εὐρίπου
2922 4170 3079 4237 δίκην
3121 4164 3554 4238 μεταφερομένων
3587 4160 3627 4219 ἒς

2109 4259 2374 4313 τάναντία
2419 4258 2684 4322 πολλάκις
2706 4299 2722 4322 ,
2773 4258 2873 4320 τάς
2900 4275 2960 4311 τε
2989 4260 3261 4324 γυναῖκας
3302 4256 3390 4308 καὶ
3419 4254 3479 4307 τὰ
3504 4250 3629 4302 τέκνα

2111 4352 2347 4419 ἑτοίμως
2403 4351 2642 4420 ἐχόντων
2685 4348 2876 4403 ὀϐολοῦ
2920 4348 3040 4411 ἑνὸς
3082 4346 3421 4418 ἀπεμπολείν
3459 4343 3534 4395 διὰ
3569 4356 3631 4405 Qt-

2110 4441 2457 4512 λοχρήματον
2503 4438 2752 4511 γνώμην.
2817 4438 3044 4499 Τούτοις
3081 4439 3189 4507 μὶν
3244 4439 3355 4498 τοῖς
3403 4430 3631 4497 λογισμοῖς

2113 4535 2307 4588 ἑαυτὸν
2338 4533 2416 4605 τῷ
2447 4534 2569 4588 τότε
2592 4534 2612 4565 ⁷
2646 4531 2905 4604 ἀπεῖρξεν
2934 4532 2962 4585 ὁ
2988 4530 3351 4622 αὐτοκράτωρ
3374 4524 3474 4622 τοῦ.
3496 4524 3631 4622 ἐγχει-

2115 4626 2390 4694 ρήματος·
2419 4622 2528 4676 δεῖν
2578 4624 2637 4677 δὲ
2692 4622 2837 4692 ἔγνω
2880 4620 2955 4691 μὴ
3005 4620 3379 4715 συμπαρεῖναι
3426 4614 3513 4715 μιν
3545 4614 3633 4715 ’τοῖς

2114 4716 2359 4778 Κελτοῑς,
2389 4716 2664 4785 τοσαύτην
2692 4715 2751 4768 δὲ
2791 4714 2975 4775 αὐτοῖς
2998 4712 3206 4765 διδόναι
3259 4708 3422 4779 ῥοπὴν
3468 4707 3633 4767 ὁπόσην

2113 4810 2183 4862 ἂν
2205 4809 2300 4862 καὶ
2331 4806 2543 4878 παρών.
2576 4807 2649 4861 Τδ
2676 4806 2769 4860 οὖν
2792 4806 3166 4877 ἐρυμνότατον
3191 4803 3301 4856 τῶν
3331 4801 3423 4869 τῆς
3451 4794 3638 4850 Nmis;

2112 4901 2310 4972 τειχῶν
2330 4900 2639 4971 γινώσκων,
2674 4899 2944 4954 ἀδύνατον
2974 4897 3075 4968 τὴν
3107 4896 3313 4964 ταύτης
3356 4889 3633 4987 mastigia”

2115 4995 2272 5065 παρὰ
2333 4995 2446 5048 τῶν
2499 4992 2751 5048 Λατίνων
2813 4990 3109 5062 ἠπίστατο.
3168 4985 3464 5083 Μανθάνων
3503 4979 3550 5083 δῐξ
3579 4979 3637 5027 ὅτι

2120 5087 2318 5159 ῥαδίως
2354 5086 2443 5140 διὰ
2469 5087 2569 5155 τῆς
2600 5084 3015 5155 παρακειμένης
3052 5080 3253 5150 λίμνης
3287 5076 3394 5149 (86)
3430 5074 3637 5138 δυνάμεις

2112 5178 2309 5241 ἱκανὰς
2372 5180 2468 5231 καὶ
2530 5179 2601 5231 τὰ
2652 5177 2880 5247 ζωαρκῆ
2944 5176 3125 5227 πάντα
3182 5174 3213 5225 ό
3274 5167 3540 5224 σουλτάνος
3582 5159 3639 5218 είς

1501 5304 1704 5366 Variae
1738 5305 2044 5369 lectiones
2071 5325 2146 5370 ex
2178 5310 2320 5372 cod.
2356 5309 2615 5371 Coislin.

512 5401 682 5471 ³ριπῇ
755 5403 779 5435 δ
805 5402 1398 5475 ἀκριϐολογησάμενος.
1472 5407 1494 5440 ⁵
1526 5405 1732 5461 Desunt
1766 5422 1924 5464 voces
1958 5409 2058 5481 τὴν
2080 5411 2341 5466 Νίκαιαν.
2421 5414 2442 5445 ⁸
2474 5411 2833 5481 παλίμϐολον.
2912 5411 2933 5441 ⁷
2964 5408 3121 5471 τέως.

1514 5543 1651 5604 Car.
1685 5541 1998 5605 Dufresnii
2032 5545 2121 5606 Du
2154 5546 2370 5623 Cangii
2399 5554 2593 5606 noue.

515 5657 638 5733 (85)?
657 5660 969 5728 κλιθῆναι.
988 5662 1262 5733 Tudebod.
1291 5662 1380 5716 lib.
1407 5677 1479 5727 tv,
1499 5664 1735 5733 pag.78l
1765 5682 1777 5730 ;
1802 5664 2007 5720 Albert.

439 5728 545 5797 Aq.
588 5731 683 5783 lib.
721 5747 780 5793 ιι,
818 5749 936 5799 cap.
972 5732 1059 5786 56.

519 5800 626 5869 (86)
662 5802 910 5872 Λίμνης.
946 5801 1077 5855 Rem
1110 5814 1328 5856 narrant
1383 5803 1639 5857 Alberttts
1669 5803 1768 5868 Aq.
1809 5804 1899 5857 lib.
1932 5819 1965 5857 ιι
1991 5845 2003 5863 ,

450 5889 567 5942 cap.
602 5872 707 5934 ξολ,
774 5872 1119 5943 llaymuudus
1170 5874 1235 5927 de
1284 5873 1480 5943 Agilem
1545 5889 1665 5942 pag.
1716 5874 1830 5938 141,
1872 5874 2006 5942 Mi;

2122 5666 2347 5741 Rribert.
2410 5666 2552 5741 lion,
2610 5666 2860 5741 lili.__vtt,
2909 5680 3030 5733 pag.
3065 5653 3640 5741 £0;A‘Bal_dric.ll.ili.

2117 5753 2240 5805 933-
2286 5739 2387 5800 96;
2429 5736 2673 5791 Guibcrt.
2715 5737 2805 5790 lib.
2860 5726 3123 5804 ιιιᾌνριιρ.
3158 5726 3231 5796 ⁷8;
3290 5733 3412 5801 'l‘yr.
3462 5726 3542 5779 lib.
3585 5733 3649 5780 Ill,

2118 5824 2235 5875 cap.
2279 5808 2310 5862 6
2340 5822 2391 5862 ιξι
2426 5809 2477 5861 7.
