3780 6570
403 459 514 525 ’199

1701 446 1923 508 ΛΝΝιΕ
1960 443 2341 505 ΟΟΜΝΕΝΑὐ

3486 441 3565 503 800

404 571 563 636 plane
596 566 827 624 sultanis
856 565 1264 622 denuntiatione
1295 565 1486 634 ipsius,
1517 562 1773 616 auxilium
1809 559 1876 615 ab
1911 575 1975 614 eo
2003 587 2015 619 Α

2108 558 2348 626 ,ομαχίαν
2378 551 2799 622 ἑτοιμάσασθαι.
2858 548 3039 602 Ταυτδ
3093 547 3145 599 δὲ
3194 547 3335 601 τοῦτο
3380 553 3570 618 καὶτοῖς

405 658 561 724 cuius
591 658 780 712 ﬁducia
817 666 1080 711 steterant
1109 657 1522 725 desperassent;
1553 653 1835 708 consilium
1875 652 1976 705 ile-

410 751 572 820 nique
605 751 939 814 conclusere,
985 750 1130 802 serio
1179 748 1470 802 tractanda:
1527 761 1649 801 cum
1708 744 1980 798 Butuntite

357 861 364 865 -
408 843 711 896 deditionis.
747 840 1012 893 Evocatus
1040 840 1126 894 ille
1157 841 1221 892 ad
1253 838 1572 906 colloquium
1597 837 1823 890 Auream
1850 834 1981 903 ipsis

411 933 608 986 bullam
639 935 703 984 ad
740 934 791 984 ἰιΙ
820 933 992 1000 ipsum
1021 935 1087 984 ab
1114 932 1358 1002 Angusto
1383 931 1481 985 sibi
1516 930 1766 982 traditam
1797 936 1980 980 osten-

410 1027 510 1088 dit,
543 1041 645 1092 qua
682 1028 1066 1092 promissiones
1120 1041 1282 1093 supra
1332 1024 1547 1077 modum
1579 1019 1896 1088 expetibiles
1926 1024 1982 1070 et

411 1133 562 1185 spem
597 1119 880 1170 vincentes
909 1129 1108 1184 quanta
1131 1117 1361 1170 maxima
1392 1115 1646 1168 ﬁrmitate
1676 1111 1985 1164 saneieban-

413 1220 519 1261 tur.
583 1208 843 1261 Nimirum
897 1208 1195 1275 imperator
1242 1224 1344 1260 non
1399 1206 1559 1258 modo
1606 1201 1984 1271 impunitatem

414 1300 877 1366 securitatemque
925 1300 1219 1368 praestabat
1271 1299 1521 1352 omnibus
1571 1294 1930 1349 certissimam
1969 1308 1982 1346 :

409 1403 600 1442 verum
633 1390 794 1443 etiam
829 1399 882 1443 et
914 1391 1267 1457 pecuniarum
1293 1399 1348 1443 et
1373 1390 1638 1441 bonorum
1672 1382 1987 1452 largitiones

415 1482 628 1549 amplas
664 1481 994 1536 decernebat
1045 1482 1220 1536 sorori
1257 1491 1312 1536 et
1365 1480 1518 1534 uxori
1555 1476 1806 1540 sultanis,
1843 1492 1983 1544 qum,

413 1582 473 1626 ut
503 1576 800 1640 ferebatur,
852 1573 955 1627 ﬁlia
993 1583 1110 1627 erat
1150 1573 1418 1628 Tzachaa:
1449 1584 1623 1638 neque
1657 1568 1779 1621 huic
1811 1568 1986 1622 solum

414 1665 560 1733 rcgia
594 1665 889 1719 liberalitas
907 1666 1302 1726 ostentabatur,
1337 1663 1430 1717 sed
1462 1671 1516 1716 et
1547 1661 1704 1728 plane
1736 1659 1989 1712 omnibus

418 1767 686 1825 quotquot
739 1768 895 1812 erant
957 1758 1148 1811 Nicmze
1209 1756 1460 1811 Barbaris
1515 1768 1707 1824 magna
1767 1751 1987 1820 praemia

2081 649 2309 710 Κελτοῖς
2361 645 2783 714 παρασκευάσαι
2811 641 2904 694 καὶ
2939 638 3105 709 μηδὲν
3158 639 3306 693 πλέον
3330 642 3570 706 αὖτοῖςτε·

2082 740 2417 812 θαρρηκέναι
2470 739 2500 806 ἦ
2539 737 2636 804 τὴν
2666 733 2969 801 κυκλοτερῆ
3023 733 3377 801 τειχομαχίαν,
3417 737 3494 787 καὶ
3516 737 3572 800 ὡς

2081 834 2188 903 χρὴ
2222 831 2525 902 περιζῶσαι
2571 829 2638 881 τὰ
2689 825 2868 894 τείχη,
2901 823 2996 876 καὶ
3031 823 3127 891 τῆς
3169 823 3468 891 πολιορκίας,
3503 830 3573 880 ἀν.

2085 926 2325 994 ίσχοντος
2356 923 2529 991 ἡλίου.
2559 916 2988 986 ἀποπειρᾶσθαι.
3017 915 3088 965 Τὸ
3112 914 3166 966 δὲ
3193 915 3290 983 ἄρα
3310 918 3490 986 μηχανή
3514 935 3575 981 τις

2081 1013 2170 1087 ἦν,
2215 1018 2300 1068 ἵνα
2320 1015 2445 1084 δόξῃ
2473 1015 2586 1074 τοῖς
2612 1010 2837 1072 Κελτοῖς
2868 1008 3089 1076 πολέμῳ
3109 1007 3325 1074 ταυτηνὶ
3349 1007 3434 1076 τὴν
3462 1010 3576 1062 πόλιν

2084 1110 2285 1165 ἁλῶναι
2309 1108 2459 1176 παρὰ
2478 1106 2572 1159 τοῦ
2603 1102 2970 1172 Βουτουμίτου
3005 1102 3101 1152 καὶ
3133 1098 3262 1168 λάθῃ
3306 1100 3360 1149 τδ
3400 1099 3576 1172 μελετη.

2087 1203 2179 1256 θὲν
2208 1203 2359 1268 παρὰ
2386 1198 2480 1252 τοῦ
2510 1197 2913 1268 αὐτοκράτορος
2971 1193 3156 1262 δρᾶμα
3206 1189 3297 1258 τῆς
3329 1191 3579 1258 προδοσίας.

2100 1293 2413 1365 ’Δπόρῤητα
2437 1290 2546 1361 γὰρ
2576 1291 2690 1352 τοῖς
2714 1288 2936 1348 Κελτοῖς
2961 1287 2988 1338 ὁ
3011 1281 3262 1353 βασιλεὺς
3283 1281 3450 1350 ἢθελεν
3477 1281 3581 1336 εἶναι

2087 1387 2157 1439 τὰ
2177 1385 2325 1456 παρὰ
2348 1382 2440 1436 τοῦ
2466 1380 2833 1449 Βουτουμίτου
2864 1372 3285 1443 οίκονομούμενα
3305 1389 3317 1401 ·
3342 1374 3397 1440 τῇ
3425 1372 3471 1424 δὲ
3497 1373 3583 1441 μετ’

2089 1476 2258 1546 αὐτὴν
2281 1475 2340 1528 τὸ
2386 1473 2632 1526 ἐνυάλιον
2671 1468 3043 1535 ἀλαλάξαντες
3073 1465 3131 1530 ἐξ
3157 1463 3399 1532 ἐκατέρου
3429 1463 3586 1531 μέρους

2089 1568 2188 1635 τῆς
2215 1565 2422 1624 πόλεως
2453 1562 2662 1616 ἐκεῖθεν
2691 1560 2789 1630 μὲν
2813 1558 2899 1611 διὰ
2927 1556 3029 1625 τῆς
3073 1553 3298 1623 ἠπείρου
3347 1551 3587 1620 ἐκθυμότε-

2093 1674 2185 1729 ρον
2224 1657 2274 1709 οἱ
2341 1653 2536 1708 Κελτοὶ
2567 1652 2667 1721 τῆς
2725 1648 3041 1717 πολιορκίας
3076 1644 3279 1713 εἴχοντο
3305 1658 3317 1671 ·
3352 1640 3482 1694 ἔνθεν
3520 1643 3589 1694 δ’ὁ

2091 1746 2465 1817 Βουτουμίτης
2512 1746 2592 1805 είς
2638 1742 2738 1803 τὰς
2769 1739 3023 1804 ἐπάλξεις
3070 1730 3398 1802 ἁνεληλυθὼς
3437 1734 3511 1784 καὶ
3543 1733 3591 1784 τὰ

417 1849 879 1917 proponebantur.
909 1849 1001 1904 His
1029 1860 1136 1902 tam
1169 1847 1489 1910 commodis,
1523 1823 1776 1911 tantaque
1807 1852 1990 1894 aucto-

2108 1841 2352 1909 ςκῆπτρα
2404 1836 2498 1890 καὶ
2527 1836 2624 1896 τὰς
2657 1831 2899 1902 σημαίας
2932 1826 3061 1897 περὶ
3095 1824 3164 1878 τὰ
3197 1823 3342 1917 τείχη
3368 1824 3590 1917 natasti].

418 1937 579 1990 ritate
607 1938 672 1990 ad
708 1937 865 1991 ﬁdem
897 1939 1116 1992 munitis
1134 1936 1578 2006 promissionibns
1601 1933 1759 1987 facile
1785 1931 1989 1986 assensi

2108 1947 2194 1992 ra;
2226 1927 2363 1998 μετὰ
2415 1923 2651 1995 βυκίνων
2710 1921 2808 1974 καὶ
2839 1917 3159 1983 σαλπίγγων
3211 1912 3485 1981 ἀνευφήμει
3527 1913 3595 1962 τὸν

414 2027 721 2083 Νίσαξοηςοε
755 2029 915 2083 Turci
952 2031 1102 2085 urbis
1145 2031 1450 2097 ingressum
1484 2028 1802 2096 permittunt
1832 2025 1993 2077 Butu-

2108 2019 2494 2090 ιύτοκράτορα,
2529 2017 2620 2069 καὶ
2655 2013 2828 2075 οὕτως
2859 2010 2917 2063 τὸ
2962 2005 3272 2097 Ῥωμαϊκὸν
3327 2003 3454 2056 ἅπαν
3478 2003 3598 2073 στρά-

419 2120 535 2172 ιηιιῐ
576 2137 592 2174 :
629 2120 719 2188 qui
757 2121 1047 2175 confestim
1083 2095 1292 2174 litteras
1324 2121 1389 2173 ad
1415 2095 1683 2172 Talicium
1725 2118 1815 2170 dat
1854 2115 1991 2169 scri-

2108 2127 2270 2180 εευμα
2297 2110 2428 2162 εἴσω
2451 2105 2690 2168 Νικαίας
2722 2101 2833 2172 (90)
2868 2095 3232 2169 εἰσεληλύθει.

417 2223 539 2280 ptas
564 2212 614 2264 in
657 2213 795 2267 hanc
826 2215 1151 2268 sententiam
1181 2231 1195 2266 :
1225 2213 1388 2284 314
1423 2209 1671 2265 Prwaam
1701 2212 1754 2263 in
1791 2210 2031 2263 manibus
2062 2207 2347 2269 habemus;
2387 2202 2533 2256 nobis
2583 2198 2720 2269 quod
2781 2203 2946 2250 restat
3005 2191 3284 2246 indicenda
3317 2188 3598 2284 expedientiu-

418 2320 518 2374 (με
547 2309 808 2376 aggressio
838 2317 937 2362 est.
979 2307 1114 2374 Fac,
1158 2281 1394 2376 ina—uani,
1449 2319 1502 2361 ut
1552 2317 1600 2360 et
1641 2306 1788 2360 Galli
1819 2307 2014 2358 circum
2047 2317 2224 2356 omnes
2249 2310 2295 2354 et
2332 2308 2386 2352 tu
2410 2295 2574 2351 nihilo
2631 2293 2840 2362 segnius
2885 2289 2955 2342 ad
2987 2287 3240 2342 incultum
3305 2281 3603 2350 experiendum

421 2417 700 2472 murosque
746 2406 1149 2469 perrumpeudos
1187 2407 1482 2473 exsurgatis
1535 2403 1774 2456 condicta
1831 2400 1992 2454 simul
2039 2405 2190 2460 hora,
2249 2411 2368 2448 cras
2417 2394 2618 2446 oriente
2687 2390 2816 2443 sole.
2875 2385 3003 2440 Hec
3055 2384 3130 2436 ita
3181 2379 3530 2435 mandabantur
3558 2384 3601 2428 ut

429 2495 652 2552 sensilia
688 2497 1032 2567 imperatoris
1061 2509 1259 2552 etcum
1287 2497 1654 2552 Nicaeensibus
1703 2496 1994 2550 conventio
2029 2497 2079 2546 in
2134 2489 2347 2546 occulto
2402 2494 2603 2542 essent.
2681 2482 2773 2538 Sic
2828 2481 2970 2533 enim
3049 2477 3375 2536 decreverat,
3441 2471 3608 2539 suisque

425 2591 672 2654 impense
713 2563 1065 2659 praeceperat,
1103 2591 1235 2643 dare
1292 2600 1505 2644 cautam
1573 2603 1792 2658 operam
1842 2601 1908 2641 ne
1947 2583 2082 2656 quid
2117 2583 2237 2650 eius
2269 2581 2348 2636 rei
2381 2579 2446 2634 ad
2483 2577 2726 2633 uetitiatn
2761 2573 3040 2628 Gallorum
3080 2574 3370 2624 emanaret.
3402 2563 3608 2619 Postridie

427 2683 592 2753 igitur
617 2699 738 2737 cum
766 2682 904 2736 Galli
939 2686 1066 2738 dato
1098 2685 1334 2755 undique
1382 2684 1802 2755 oppugnationis
1845 2681 1999 2752 signo
2026 2694 2220 2749 magno
2245 2677 2480 2732 tumultu
2513 2683 2675 2743 atque
2706 2672 2906 2740 impetu
2954 2681 3142 2722 muros
3183 2661 3407 2731 undique
3446 2675 3471 2714 a
3505 2669 3608 2714 terra

427 2786 720 2843 tentarent,
769 2777 1116 2848 Taliciusque
1147 2794 1268 2833 cum
1302 2779 1435 2849 ipsis
1467 2795 1713 2851 magnam
1757 2779 1993 2848 speciem
2026 2789 2311 2831 ascensum
2338 2772 2486 2828 serio
2522 2784 2619 2839 pro
2665 2783 2725 2823 se
2807 2764 3061 2822 conantis
3146 2759 3475 2815 ostenderet:
3519 2770 3611 2812 ecce

429 2867 732 2921 Butumitcs
769 2867 952 2921 subito
982 2883 1011 2921 e
1043 2869 1462 2938 propugnaculis
1500 2871 1657 2938 quasi
1703 2871 1899 2931 victor,
1938 2875 1993 2922 et
2021 2880 2053 2920 a
2093 2880 2190 2922 sua
2247 2872 2408 2932 parte
2474 2861 2683 2916 felicius
2737 2857 2886 2912 aditu
2915 2863 3124 2910 tentato
3160 2851 3268 2907 veti
3300 2862 3508 2916 compos,
3541 2862 3611 2916 ap.

429 2959 633 3031 paruit,
669 2959 974 3028 vexillaque
1001 2958 1244 3014 Romana
1277 2961 1329 3014 in
1357 2961 1538 3030 pinnis
1615 2962 1821 3015 circum
1872 2973 2151 3014 murorum
2215 2955 2404 3026 ﬁgens,
2462 2967 2597 3008 voce
2648 2949 2847 3019 ingenti
2901 2945 3252 3002 buccinarum
3331 2942 3614 3005 tubarumque

429 3064 698 3109 concentu
751 3053 932 3121 adjuta
983 3053 1365 3124 imperatorem
1443 3054 1812 3109 acclamavit:
1881 3053 2068 3121 sicque
2119 3049 2404 3105 universus
2465 3046 2744 3101 Romanus
2804 3041 3076 3096 exercitus
3146 3035 3371 3091 Nicaeam
3423 3033 3611 3086 introdu-

431 3156 553 3203 cttts
591 3157 697 3205 est.

513 3237 608 3293 His
641 3255 705 3294 ex
730 3243 996 3296 sententia
1021 3241 1100 3295 sic
1119 3240 1393 3310 perfectis.
1418 3241 1722 3299 Bntumites
1749 3259 1779 3298 a
1800 3241 2001 3311 duplici
2031 3241 2076 3304 C

434 3345 590 3398 atque
612 3331 714 3384 sibi
741 3347 938 3400 genere
967 3334 1266 3387 cavendum
1311 3337 1376 3387 de
1399 3345 1598 3389 caetero
1625 3336 1834 3390 statuit.
1868 3335 2001 3388 Nam

435 3431 492 3477 et
532 3422 822 3478 multitudo
853 3423 1045 3492 ingens
1080 3433 1134 3480 et
1163 3424 1355 3478 levitas
1386 3426 1790 3496 vehemensque
1818 3438 2007 3482 natura

444 3518 612 3577 atque
648 3512 879 3577 impetus
912 3511 1186 3566 Gallorum
1235 3523 1483 3582 suspecta
1541 3516 1612 3570 illi
1636 3527 1785 3579 erat,
1816 3533 2013 3573 caven-

439 3599 682 3668 dumque
718 3601 834 3656 ideo
866 3603 1090 3670 putabat
1117 3605 1258 3666 neii,
1293 3604 1337 3658 si
1361 3619 1542 3659 arcem
1578 3606 2010 3677 ingrederentur,

439 3707 560 3746 eam
615 3693 717 3746 sibi
783 3705 1116 3762 occuparent
1175 3714 1191 3752 :
1245 3713 1443 3753 rursus
1505 3714 1634 3753 vero
1711 3699 2014 3755 Turcornm

440 3789 690 3850 satrapas
724 3785 813 3851 qni
851 3801 1032 3840 secum
1083 3789 1218 3842 intra
1269 3789 1502 3844 Nica'am
1538 3801 1718 3854 erant,
1769 3794 2016 3846 animad-

441 3875 688 3930 vertebat
720 3887 776 3932 et
813 3885 964 3933 tanto
997 3895 1119 3935 esse
1179 3897 1408 3937 numero
1437 3895 1488 3937 et
1536 3885 1625 3938 tali
1661 3887 1934 3952 copiarum
1958 3902 2021 3941 ac

441 3966 639 4022 virium
671 3968 963 4033 instructu,
991 3981 1070 4036 ut,
1095 3973 1139 4027 si
1169 3975 1330 4028 modo
1359 3975 1582 4038 vellent,
1619 3975 1778 4031 facile
1813 3979 2020 4032 vincire

445 4067 793 4127 mactareque
825 4059 1094 4119 Romanos
1110 4076 1354 4132 possent.
1382 4064 1659 4120 Adversus
1688 4066 1791 4120 hoc
1818 4078 2024 4122 ulrntn-

445 4161 554 4233 que
605 4148 906 4216 periculum
941 4166 1102 4204 unam
1138 4157 1502 4209 communiter
1548 4159 1856 4211 cantionem
1895 4173 2022 4227 pro-

447 4239 583 4293 vidit
617 4241 864 4295 sumendi
909 4244 1013 4298 sibi
1075 4245 1254 4300 claves
1317 4259 1486 4316 portae
1521 4265 1640 4318 quae
1699 4258 1824 4302 tunc
1866 4251 2023 4302 unica

451 4332 692 4397 patebat,
747 4333 866 4388 aliis
899 4337 967 4390 ob
1003 4345 1203 4391 metum
1255 4338 1536 4395 Gallorum
1562 4350 1721 4395 antea
1766 4341 2021 4395 occlusis.

433 4422 532 4476 ‘Eo
586 4425 746 4479 modo
781 4441 900 4482 sese
931 4428 1193 4485 arbitrum
1227 4431 1500 4500 ingressus
1533 4447 1855 4503 egressusve
1889 4449 2028 4499 quo-

452 4515 658 4570 rumvis
696 4516 890 4583 eﬁ‘ecit;
921 4535 1025 4590 qua
1057 4536 1115 4574 re
1144 4522 1276 4576 satis
1302 4523 1518 4577 interim
1541 4525 1807 4578 adversus
1840 4523 2025 4579 Gallos

2191 3232 2251 3287 '0
2299 3231 2357 3286 δὲ
2404 3223 2892 3297 Βουτουμίτης,τὰ
2953 3220 3136 3290 πλήθη
3184 3217 3292 3272 τῶν
3343 3214 3533 3272 Κελτῶν
3553 3231 3617 3280 για

2106 3326 2351 3390 νώσκων,
2370 3323 2462 3375 καὶ
2479 3320 2566 3374 διὰ
2585 3318 2642 3371 τὸ
2667 3318 2764 3386 τῆς
2791 3315 3014 3384 γνώμης
3032 3310 3216 3366 αὐτῶν
3239 3307 3469 3362 ἀϐέϐαιον
3489 3304 3564 3358 καὶ
3577 3303 3619 3356 τὸ

2107 3421 2209 3490 τῆς
2236 3416 2412 3489 ὁρμῆς
2435 3411 2737 3467 ἀκάθεκτον
2765 3408 3039 3468 ὑπόπτους
3073 3403 3214 3473 ἔχων
3241 3400 3427 3462 αὐτοὺς
3536 3397 3619 3490 sic:

2112 3486 2359 3570 ελθόντες
2393 3504 2549 3558 αὐτοὶ
2602 3502 2663 3554 τὸ
2720 3500 2958 3568 κάστρον
3009 3495 3376 3562 κατάσχωσιν,
3429 3489 3546 3558 δρῶν
3582 3486 3621 3537 δὲ

2116 3601 2213 3656 καὶ
2239 3599 2363 3660 τοὺς
2384 3596 2533 3658 ἐντὸς
2565 3591 2850 3663 σατράπας
2883 3587 3107 3648 ἱκανοὺς
3137 3584 3296 3644 ὄντας
3323 3581 3445 3651 1:92»;
3473 3578 3526 3647 ἢν
3552 3575 3624 3627 αὖ·

2117 3694 2209 3756 τδς
2240 3687 2385 3759 εἶχεν
2413 3687 2667 3753 δύναμιν,
2704 3683 2750 3733 εἰ
2786 3681 2946 3750 μόνον
2995 3675 3304 3744 θελήσαιεν,
3351 3671 3443 3759 καὶ-
3458 3667 3624 3759 δεσμεῖν

2120 3755 2218 3838 καλ.
2245 3755 2501 3848 σφάττειν
2521 3771 2762 3835 δυνατῶς
2786 3769 3029 3838 ἔχοντας,
3064 3765 3168 3826 τὰς
3197 3761 3343 3824 κλεῖς
3369 3757 3508 3818 εὐθὺς
3531 3755 3626 3806 ἀνα·

2121 3873 2458 3943 λαμϐάνεται
2480 3867 2578 3936 τῆς
2600 3863 2796 3932 πύλης.
2819 3859 2934 3913 Μία
2959 3857 3069 3926 γὰρ
3086 3855 3224 3917 τέως
3251 3849 3317 3924 ἦν
3341 3853 3373 3922 η
3395 3848 3628 3943 εἰσάγουσα

2123 3937 2218 4021 καλ.
2243 3963 2534 4029 ἐξάγουσα,
2578 3956 2690 4008 τῶν
2724 3953 2899 4007 ἄλλων
2947 3945 3453 4019 προκεκλεισμένων
3471 3939 3542 3992 διὰ
3563 3937 3629 3989 τὸν

2125 4056 2289 4125 φόϐον
2313 4052 2422 4105 τῶν
2453 4045 2877 4120 παρακειμένων
2924 4040 3170 4095 Κελτῶν.
3206 4038 3316 4100 Τάς
3339 4035 3472 4125 κλεῖς
3496 4030 3630 4125 τοίνυν

2125 4119 2355 4213 ταυτησὶ
2383 4143 2479 4210 τῆς
2518 4119 2691 4204 πύλης
2711 4134 2874 4196 αὐτὸς
2899 4131 3062 4201 ἔχων,
3123 4129 3235 4183 δεῖν
3267 4124 3520 4192 ἐλογίσατο
3539 4119 3630 4177 τοὺς

2125 4241 2410 4310 σατράπας
2438 4235 2527 4290 διὰ
2567 4229 2848 4304 μεθοδείας
2870 4225 3203 4289 ἐλαττῶσαι,
3246 4224 3312 4276 ἶν’
3342 4220 3432 4290 ἔχῃ
3461 4215 3632 4313 τούτους

2132 4334 2326 4405 ῥᾳδίως
2350 4322 2839 4396 καταγωνίζεσθαι.
2875 4320 2950 4383 ὡς
2985 4319 3059 4388 μή
3085 4335 3138 4371 τι
3169 4315 3342 4369 δεινὸν
3379 4310 3485 4364 κατ’
3506 4309 3631 4360 αὑτοῦ

2133 4400 2511 4493 μελετήσαιεν.
2536 4409 3052 4481 Μεταπεμπόμενος
3112 4405 3293 4459 τοίνυν
3339 4400 3514 4460 αὐτοὺς
3545 4408 3637 4447 συν·

2130 4485 2379 4568 εϐούλευε
2403 4508 2539 4580 πρὸς
2565 4507 2656 4560 τὸν
2675 4501 3056 4570 αὐτοκράτορα
3089 4494 3444 4566 ἀπέρχεσθαι,
3473 4491 3514 4542 εί
3540 4485 3633 4580 poi-

456 4610 624 4668 tutus,
650 4605 965 4662 intestinum
993 4625 1022 4663 a
1048 4609 1243 4664 Turcis
1275 4612 1573 4680 periculum
1598 4623 1657 4665 ut
1684 4612 2015 4679 amoliretur,

2131 4608 2308 4659 λοιντο
2352 4577 2521 4655 πολλὰ
2546 4615 2606 4652 τε
2634 4597 2895 4668 χρήματα
2931 4591 3146 4647 ἐκεῖθεν
3190 4588 3373 4642 λαϐεῖν
3408 4577 3639 4680 mittat-1;

453 4694 700 4749 minuere
727 4706 1067 4766 satraparum
1092 4714 1374 4754 numerum
1396 4700 1500 4754 hac
1519 4710 1637 4756 arte
1661 4703 1892 4756 adorsns
1924 4710 2027 4756 est.

2128 4697 2428 4766 ἀξιωθῆναι
2462 4691 2743 4761 μεγίστης,
2773 4689 2869 4742 καὶ
2893 4684 3144 4756 ἐτησίους
3179 4679 3485 4747 τυπωθῆναι
3531 4670 3641 4766 iptio-

451 4782 750 4838 Accersivit
771 4762 1088 4854 singillatim
1122 4789 1358 4842 maxime
1386 4789 1620 4844 audaces
1653 4799 2010 4862 potentesque

2128 4762 2341 4860 τιμίας,
2373 4783 2564 4838 πείθει
2587 4783 2715 4845 τοὺς
2749 4777 3048 4849 Τούρκους,
3080 4775 3178 4828 καὶ
3198 4769 3389 4832 νυκτὸς
3417 4762 3641 4862 διανοίγων

453 4873 576 4943 plus
619 4874 741 4930 ideo
767 4853 1050 4947 suspectos
1071 4915 1087 4942 ,
1121 4895 1557 4950 magnopereque
1616 4853 1682 4936 iis
1712 4891 1902 4935 auctor
1923 4853 2015 4937 l‘nit

2131 4853 2423 4936 ἀπέστελλε
2479 4873 2704 4937 τούτους
2741 4870 2830 4924 διὰ
2885 4869 2986 4938 τῆς
3040 4861 3450 4938 παρακειμένης
3489 4853 3640 4950 λίμνης

454 4963 836 5033 imperatorem
866 4972 1102 5033 adirent,
1133 4973 1460 5042 praemiaque
1491 4972 1560 5027 ab
1591 4987 1657 5028 eo
1692 4982 1899 5028 navatze
1931 4975 2012 5044 ips

2131 4973 2345 5042 ὀλίγους
2375 4967 2472 5021 καὶ
2508 4965 2765 5035 συχνάκις
2814 4962 2950 5032 πρός
3002 4976 3060 5011 τε
3095 4958 3190 5010 τὸν
3231 4946 3536 5044 Ῥοδομηρὸν
3567 4942 3642 5044 οιαὶ

451 5072 632 5124 opera:
673 5065 890 5132 cepiosa
923 5074 975 5118 et
1022 5067 1418 5132 perhonoriﬁca
1459 5082 1640 5122 coram
1690 5068 2015 5138 acciperent.

2131 5036 2648 5132 cev-ptﬁoﬁipGapov
2664 5053 2989 5120 Μοναστράν
3009 5051 3150 5120 ἀμφὶ
3167 5050 3228 5102 τὸ
3252 5046 3502 5115 πολίχνιον
3517 5036 3643 5138 sviu-

460 5127 854 5208 Snbostenlans
887 5127 1047 5210 etiam
1085 5173 1235 5228 spem
1265 5160 1535 5230 plerisque
1579 5127 1901 5229 impetrandi
1961 5161 2015 5214 at

2134 5157 2419 5226 τρίϐοντας
2453 5153 2494 5183 ¹¹
2527 5147 2618 5204 τοῦ
2667 5147 2866 5201 οὑτωσί
2897 5161 3014 5207 πως
3056 5143 3150 5195 τοῦ
3208 5138 3374 5210 κυροῦ
3420 5127 3640 5200 Γεωργίθυ

454 5244 696 5312 Augusto
741 5247 1087 5317 magistratus
1127 5265 1432 5322 censusque
1468 5269 1678 5308 annuos
1743 5268 1864 5307 cum
1912 5251 2015 5319 jttrt

2137 5244 2630 5315 ἐπονομαζόμενον,
2664 5237 2980 5306 ἐπισκήψας
3009 5235 3192 5297 αὐτοῖς
3214 5233 3311 5300 ὡς,
3333 5226 3544 5297 ὁπηνίκα
3565 5226 3642 5273 τῶν

1539 5367 1739 5428 Variae
1779 5365 2084 5428 lectiones
2115 5382 2192 5427 ex
2225 5362 2366 5426 cod.
2407 5356 2659 5421 Coislin.

532 5463 576 5497 “
609 5465 1006 5536 διατρίϐοντας.

1561 5578 1693 5639 Car.
1725 5574 2038 5637 Dufresnii
2067 5575 2161 5637 Du
2181 5575 2394 5654 Cangii
2423 5579 2618 5636 notae.

541 5707 650 5775 (90)
681 5707 844 5762 Εἵσω
876 5708 1148 5771 Νικαίας.
1179 5705 1346 5772 Capta
1379 5715 1462 5760 est
1505 5703 1680 5775 Nicaea
1710 5716 1828 5771 post
1875 5705 1907 5759 7
1942 5705 2008 5759 he

2137 5719 2258 5773 caP-
2292 5705 2392 5775 57;
2425 5701 2711 5761 Tudebod.
2752 5701 2847 5757 lib.
2886 5715 2923 5757 ll
2949 5715 2963 5766 ;
2990 5698 3115 5771 Tyr.
3150 5695 3246 5753 lib.
3280 5710 3361 5762 ttt,
3391 5705 3498 5759 cap.
3531 5681 3652 5746 12,01

465 5773 794 5834 bdomadum
831 5778 938 5831 et?)
967 5779 1176 5832 dierum
1213 5776 1573 5830 obsidionem.
1623 5773 1848 5830 Robert.
1891 5775 2034 5828 Mon.
2138 5776 2251 5830 alii.

468 5847 564 5904 lib.
610 5863 665 5916 ι,
725 5845 796 5901 20
835 5845 977 5902 Junii
1029 5863 1117 5902 an.
1173 5846 1343 5913 1097;
1398 5846 1604 5901 Albcrt.
1667 5847 1768 5916 Aq.
1829 5844 1921 5900 lib.
1971 5858 2034 5907 tt,
