3780 6562
195 403 282 468 i’Ol

1455 390 1865 451 ALEXIADIS
1901 389 2050 452 LIB.
2088 390 2190 453 Χῐ.

3310 385 3422 450 802

193 521 312 570 vain;
354 515 639 580 ἀποϐαῖεν,
707 513 1049 582 παραχρῆμα
1085 507 1470 580 ἐκπέμπεσθαι
1530 503 1751 565 τούτους

1868 519 1915 556 ιο
1945 504 2154 559 honore
2208 501 2496 573 imaginis,
2543 500 2742 572 quibus
2797 499 2875 556 illi
2929 499 3072 571 capti
3127 499 3324 569 spebus
3362 511 3419 557 et

194 607 314 677 πρὸς
343 606 434 659 τὸν
481 606 862 674 αὐτοκράτορα
898 605 991 656 καὶ
1029 602 1163 672 μηδὲ
1198 600 1332 670 πρὸς
1367 597 1575 668 βραχύν
1623 612 1746 648 τινα

191 698 362 768 χρόνον
392 697 801 766 παρακατέχειν
832 695 1046 758 αὐτοὺς,
1079 695 1164 745 ἵνα
1201 693 1295 761 μὴ,
1332 687 1596 760 μετὰτῶν
1620 687 1745 740 ὄπι-

190 789 303 840 σθεν
352 786 722 854 πεμπομένων
782 783 1040 853 Τούρκων
1097 781 1408 844 ὲνωΟέντες,
1461 779 1650 832 σκαιόν
1691 793 1744 827 τι

189 872 298 924 κατ’
327 871 507 925 αὐτῶν
541 871 918 942 μελετήσαιεν.
970 869 1044 922 Τὸ
1074 869 1130 922 δὲ
1180 867 1289 938 ἄρα
1341 867 1650 938 προφητεία
1677 861 1747 934 ἦν

188 962 432 1031 ἄντικρυς
451 977 466 992 ⁸
501 962 712 1032 καὶτῆς
742 961 940 1028 πολλῆς
961 959 1054 1034 τοῦ
1084 961 1275 1030 ἀνδρὸς
1307 961 1518 1012 ἐκείνου
1554 962 1746 1026 ἐμπει-

189 1059 296 1126 ρίας
332 1054 638 1124 στοχασμὸς
671 1053 1084 1124 ἀναντίρῤητος.
1117 1053 1225 1106 Καὶ
1250 1053 1358 1122 γὰρ
1385 1050 1494 1104 ἔστ’
1516 1049 1582 1104 ἂν
1609 1049 1744 1118 ταχὺ

187 1148 310 1215 πρὸς
341 1145 433 1198 τὸν
465 1146 850 1218 αὐτοκράτορα
894 1148 1021 1208 τοὺς
1071 1143 1597 1212 καταλαμὸἀνοντας
1663 1139 1750 1201 ἐξ·

186 1245 446 1308 ἔπεμπον,
478 1241 536 1292 ὲν
564 1239 832 1311 ἀσφαλείᾳ
857 1256 918 1292 τε
934 1235 1091 1310 ἦσαν,
1111 1238 1205 1293 καὶ
1224 1238 1397 1301 οὐδεὶς
1427 1238 1608 1300 αὐτοῖς
1630 1236 1746 1290 κίν-

185 1333 326 1392 δυνος
354 1328 689 1399 ἐφειστήκει.
734 1329 905 1383 Ἐπὰν
942 1329 998 1382 δὲ
1024 1328 1513 1392 ἀναπεπτώκεσαν,
1544 1328 1572 1379 ὁ
1599 1327 1750 1395 παρὰ

184 1422 282 1473 τῶν
312 1420 610 1490 Βαρϐάρων
641 1419 734 1482 οὒς
780 1421 886 1490 ἄρα
939 1419 1362 1490 παρακατέσχον
1419 1419 1538 1472 κατ’
1570 1416 1747 1470 αὐτῶν

185 1511 471 1581 ἐξηρτύετο
508 1512 778 1577 κίνδυνος.
825 1514 934 1564 Καὶ
985 1513 1096 1582 γὰρ
1144 1511 1542 1572 πλεονάσαντες
1595 1509 1749 1561 £600-

183 1603 394 1655 λεύοντο
438 1602 584 1656 δυεῖν
615 1602 898 1674 θάτερονῆ
944 1602 1140 1666 νυκτὸς
1178 1601 1491 1670 ἐπιθέμενοι
1535 1598 1749 1662 τούτοις

183 1697 514 1759 ἀποκτεῖναι,
547 1694 580 1765 ἢ
606 1693 893 1765 δεσμώτας
919 1694 996 1763 τῷ
1033 1694 1310 1762 σουλτάνῳ
1338 1693 1745 1763 προσενεγκεῖν.

182 1787 535 1853 Συνδόξαντός
562 1803 622 1839 τε
656 1788 846 1840 τούτου
896 1787 1030 1840 πᾶσι
1063 1786 1355 1856 βελτίονος,
1415 1783 1610 1846 νυκτὸς
1653 1783 1750 1835 αὑ-

180 1877 286 1938 τοῖς
317 1874 634 1944 ἐπιθέμενοι
665 1875 947 1945 δεσμώτας
975 1875 1118 1929 κατὰ
1145 1875 1212 1927 τὰ
1241 1871 1750 1944 προϐεϐουλευμὲνα

182 1962 569 2034 περιάγοντες,
602 1964 816 2018 ἐκεῖθεν
837 1962 1066 2035 ἐξῄεσαν
1090 1979 1105 1995 ο
1139 1958 1261 2017 εἶτα
1294 1963 1358 2034 δὴ
1390 1963 1489 2033 τὴν
1524 1962 1753 2030 ἀκρολο-

182 2057 302 2124 φίαν
328 2053 426 2108 τοῦ
463 2056 660 2120 Ἁζαλᾶ
690 2057 1083 2126 κατειληφότες
1103 2073 1118 2088 ·
1154 2057 1318 2119 τόπος
1344 2055 1400 2107 δὲ
1433 2047 1588 2117 οὗτος
1617 2071 1751 2106 στα-

181 2147 320 2211 δξους
342 2188 357 2201 .
383 2184 400 2201 .
423 2185 438 2202 .
461 2185 474 2200 .
513 2148 624 2202 τῶν
655 2149 851 2216 τειχῶν
881 2148 1115 2210 Νικαίας
1146 2149 1366 2216 ἀπέχων
1387 2162 1401 2177 ·
1429 2146 1569 2199 κεῖθι
1599 2145 1749 2214 γοῦν,

181 2242 248 2301 ὡς
275 2239 459 2308 λόγος,
493 2241 929 2310 παραγενόμενοι
963 2240 1068 2292 τῶν
1095 2241 1278 2292 ἵππων
1302 2239 1605 2301 ἀποὸἁντες
1631 2238 1759 2292 τού-ι’

183 2350 299 2394 rw;
331 2331 620 2400 ἀνέψυχον.
668 2331 823 2384 Ἐπεὶ
854 2331 900 2384 δ’
927 2330 956 2384 ὁ
987 2330 1088 2401 μὲν
1139 2331 1463 2401 Μοναστρᾶς
1495 2330 1754 2402 μιξοϐάρ-

183 2424 348 2492 ϐαρος
381 2419 450 2493 ἦν
477 2425 570 2475 καὶ
595 2424 696 2494 τῆς
721 2423 1030 2494 Τουρκικῆς
1059 2424 1301 2495 εἰδήμων
1329 2425 1635 2490 διαλέκτου,
1659 2425 1752 2479 καὶ

185 2514 344 2576 αὐτὸς
376 2515 404 2565 ὁ
447 2513 769 2583 Ῥοδομηρδς
797 2513 964 2567 πάλαι
989 2511 1125 2583 πρὸς
1153 2514 1263 2566 τῶν
1287 2513 1551 2584 Τούρκων
1587 2531 1753 2569 κατα-

189 2603 403 2672 σχεθεὶς
433 2604 524 2657 καὶ
553 2604 743 2674 χρόνον
776 2605 969 2674 συχνὸν
1018 2604 1137 2673 μετ’
1167 2605 1347 2657 αὐτῶν
1381 2605 1751 2677 ἐνδιατρίψας,

184 2695 291 2748 οὐδ’
319 2695 485 2758 αὐτὸς
531 2694 698 2765 ἀδαὴς
727 2695 822 2764 τῆς
848 2695 1105 2763 τοιαύτης
1136 2691 1204 2766 ἦν
1234 2695 1541 2761 διαλέκτου,
1597 2697 1757 2749 πιθα-

185 2787 304 2850 νοὺς
340 2787 475 2857 πρὸς
500 2787 692 2847 αὐτοὺς
727 2785 934 2856 συχνῶς
960 2785 1240 2839 ἀνεκίνουν
1266 2787 1475 2856 λόγους.
1509 2788 1641 2843 Ἵνα
1678 2789 1754 2856 τί,

185 2879 462 2945 λέγοντες,
495 2877 639 2948 ἡμῖν
661 2881 778 2947 μὲν
823 2875 1084 2934 θανάτου
1144 2877 1436 2946 ποτήριον
1493 2880 1754 2948 κιρνᾶτε,

186 2965 325 3020 οὐδέ
345 2963 572 3034 μικράν
612 2980 743 3017 τινα
799 2963 914 3031 τὴν
953 2963 1170 3031 ὄνησιν
1214 2964 1448 3032 ἑαυτοῖς
1479 2966 1758 3022 ἐντεῦθεν

187 3053 778 3122 πραγματευόμενος
810 3050 981 3121 ὑμεῖς
1027 3050 1095 3103 δὲ
1129 3051 1247 3104 τῶν
1277 3051 1483 3106 ἄλλων
1517 3054 1758 3108 πάντων

1849 595 2013 651 facile
2049 596 2256 650 assensi
2289 604 2448 650 noctu
2480 609 2576 664 per
2610 593 2786 649 lacum
2820 594 3050 650 subinde
3069 593 3230 649 simul
3261 592 3419 662 pauci

1848 687 2241 743 etnittebantur
2275 687 2342 740 ad
2382 687 2780 742 Rhodomerum
2815 697 2869 739 et
2917 687 3196 756 hybridam
3242 685 3420 738 Mona-

1847 787 2038 842 stram,
2065 778 2153 846 qui
2181 779 2324 832 circa
2350 779 2660 848 Oppidulum
2685 792 2713 830 a
2737 777 2954 832 domino
2976 775 3204 844 Georgio
3223 792 3416 830 nomen

1849 869 2135 930 obtinens,
2191 873 2561 923 morabantur.
2618 869 2826 936 Quibus
2857 870 3158 922 Bulumites
3203 869 3266 921 ad
3305 869 3421 922 sin-

1848 964 1999 1032 gulas
2034 963 2478 1018 transmissiones
2512 973 2847 1031 satraparum
2881 963 3066 1017 sedulo
3107 962 3416 1023 mandabat,

1848 1054 1994 1124 ipsos
2020 1066 2079 1110 ut
2113 1057 2230 1110 sine
2265 1071 2432 1119 mora,
2465 1056 2544 1108 sic
2577 1070 2670 1123 per
2707 1065 2910 1109 turmas
2931 1057 3170 1108 modicas
3203 1067 3421 1118 separa-

1851 1156 1932 1202 tos
1981 1149 2210 1202 seorsim
2259 1149 2328 1201 ad
2383 1148 2762 1216 imperatorem
2823 1147 3050 1202 subinde
3105 1146 3422 1210 mitterent;

1849 1254 2188 1308 nequaquam
2239 1245 2628 1304 exspectantes
2681 1236 2858 1306 quoad
2911 1252 3048 1291 unus
3114 1235 3422 1304 ntanipulus

1850 1347 2031 1386 eorum
2059 1347 2179 1385 cum
2209 1338 2470 1398 sequente
2492 1329 2739 1398 conjungi
2775 1337 2960 1398 posset
2983 1346 2996 1380 :
3017 1329 3226 1397 qnodtsi
3246 1329 3420 1392 ﬁeret,

1849 1423 2146 1494 periculum
2203 1432 2317 1476 erat
2365 1437 2431 1477 ne
2485 1423 2556 1476 illi
2599 1421 2987 1491 conjunctione
3013 1421 3105 1474 tali
3148 1421 3420 1489 praevalidi

1851 1517 2025 1570 audax
2080 1515 2355 1585 qnippiam
2395 1516 2446 1569 in
2479 1515 2755 1568 Romanos
2791 1523 3142 1568 attentarent.
3183 1512 3422 1566 Prudens

1852 1608 1964 1662 bzec
1999 1608 2262 1676 sapientis
2316 1609 2416 1662 viri
2457 1608 2636 1662 cautio
2665 1607 2960 1676 prophetim
2996 1605 3208 1674 pondus
3237 1605 3424 1658 habuit

1851 1700 2201 1755 Cassandreae
2223 1698 2502 1765 cujusdam
2524 1701 2745 1754 et'sero
2770 1700 3006 1752 creditae.
3034 1697 3226 1751 Prima:
3251 1707 3428 1751 trans-

1854 1793 2140 1846 missiones
2177 1801 2304 1844 tutae
2353 1799 2514 1859 atque
2557 1791 2786 1844 innoxiae
2837 1789 3090 1852 luerunt,
3149 1802 3278 1841 cura
3321 1786 3426 1840 ista

1780 1842 1824 1898 Β
1855 1842 2299 1954 quant—diximus
2334 1842 2508 1953 3115—
2538 1842 2802 1936 etiam.)
2839 1842 3159 1947 Deinde,'ut
3199 1881 3258 1935 lit
3305 1879 3426 1933 dili-

1852 1976 2030 2046 gentia
2081 1975 2496 2042 elanguescente
2518 2011 2533 2036 ,
2591 1969 2860 2025 confluere
2890 1969 3139 2038 permissi
3172 1984 3330 2022 unam
3369 1970 3423 2021 in

1855 2083 2070 2120 manum
2111 2065 2533 2118 munerosiorem
2584 2077 2743 2131 quam
2791 2077 2888 2131 pro
2911 2062 3192 2115 ductorum
3241 2059 3427 2125 pauci.

1857 2169 1986 2219 tate,
2025 2156 2248 2209 Barbari
2275 2195 2289 2220 ,
2321 2169 2379 2209 se
2408 2153 2826 2221 circumspicere
2853 2153 3105 2221 viresque
3151 2153 3425 2206 aestimare

1855 2250 2126 2318 proprias,
2192 2245 2618 2316 ducentibusque
2649 2243 2906 2298 Romanis
2949 2254 3039 2298 aut
3086 2243 3284 2298 eadem
3332 2249 3427 2294 aut

1855 2343 2168 2396 servitutem
2201 2340 2494 2393 decernere
2524 2344 2838 2403 coeperunt,
2869 2337 3000 2390 satis
3029 2336 3178 2407 gnari
3211 2345 3427 2406 gratum

1856 2445 1915 2486 se
1964 2443 2158 2484 munus
2217 2427 2494 2482 oblaturos
2549 2425 2764 2479 sultano
2812 2425 2899 2480 sui
2945 2425 2989 2480 si
3021 2425 3291 2481 Romanos
3351 2426 3426 2480 illi

1857 2523 1995 2578 tales
2054 2531 2110 2577 et
2167 2529 2318 2574 tanto
2357 2532 2584 2573 numero
2617 2518 2858 2588 captivos
2897 2519 3248 2574 adducerent.
3285 2517 3428 2588 Ergo

1857 2616 1932 2669 ita
1966 2621 2281 2683 comparato
2337 2610 2564 2665 consilio
2609 2620 2668 2664 ut
2722 2624 2916 2676 capere
2947 2608 3218 2663 Romanos
3262 2623 3424 2678 quam

1857 2705 2108 2760 occidere
2140 2706 2314 2759 satius
2373 2703 2654 2766 ducerent,
2679 2709 2844 2754 noctu
2896 2701 2950 2754 in
2981 2714 3076 2754 eos
3103 2699 3424 2768 insurgunt,

1857 2797 2209 2864 viueiuntque
2237 2803 2496 2848 cunctos:
2517 2800 2571 2847 et
2592 2801 2797 2846 mutata
2820 2802 3038 2860 repente
3062 2792 3282 2860 regione
3305 2793 3429 2852 v'te,

1859 2889 1912 2942 in
1943 2901 2061 2940 eam
2097 2896 2307 2954 partem
2343 2884 2447 2938 iter
2477 2897 2596 2936 cum
2634 2883 2699 2935 iis
2737 2881 3024 2935 intendunt
3064 2896 3168 2947 qua
3205 2893 3427 2949 pergere

1859 2978 2146 3046 oportebat
2184 2975 2251 3028 ad
2283 2973 2552 3028 sultanem
2585 2973 2780 3026 ituros.
2827 2969 2918 3024 Sic
2947 2979 3136 3025 euntes
3169 2983 3429 3040 pervene-

1863 3077 1987 3122 runt
2033 3068 2086 3120 in
2117 3065 2371 3120 verticem
2425 3063 2606 3117 Azalae
2657 3061 2849 3131 (locus
2911 3061 2999 3116 hic
3059 3073 3142 3115 est
3193 3075 3224 3113 a
3286 3061 3428 3115 inuri

183 3148 465 3214 μεγάλων
518 3141 878 3212 δωρτυιάτων
947 3140 1107 3211 παρὰ
1163 3142 1289 3197 τοῦτ
1318 3147 1756 3215 αὐτοκράτορος

1868 3159 2176 3213 Niceten...
2211 3157 2398 3212 stadiis
2429 3154 2670 3226 dissitas)
2702 3153 2808 3208 illic
2836 3153 3262 3222 interquiescere
3291 3152 3427 3206 Bar-

187 3235 670 3292 ἀπολαυσάντων
689 3234 789 3287 καὶ
807 3235 1065 3303 ἐτησίων
1078 3235 1398 3304 χρημάτων
1440 3238 1633 3306 λῆψιν
1660 3257 1758 3292 τυ-

188 3330 503 3382 πωθέντων
524 3324 640 3380 τῶν
649 3325 986 3394 βαρϐάρων,
1005 3328 1112 3392 οὓς
1143 3328 1254 3396 ἄρα
1275 3331 1756 3399 παρακατέσχον,

188 3421 442 3486 ἑαυτοὺς
490 3419 793 3472 τοσούτων
837 3419 879 3449 ι’
933 3418 1336 3486 ἀποστερεῖτε.
1401 3422 1497 3491 Μὴ
1554 3424 1762 3477 τοίνυν

85 3569 94 3576 ,
189 3515 342 3569 οὕτω
371 3511 504 3579 περὶ
529 3509 758 3565 ἑαυτῶν
794 3511 1062 3579 φρονεῖτε
1080 3529 1099 3577 ;
1130 3514 1234 3568 Kal
1258 3513 1402 3576 ἐξὸν
1429 3514 1761 3580 ἀκινδύνως

190 3604 480 3666 σώζεσθαι
513 3603 614 3657 καὶ
642 3593 882 3667 πλούτῳ
912 3600 1219 3671 κομῶντας
1267 3606 1354 3668 εις
1390 3607 1461 3658 τὰ
1502 3606 1762 3674 σφέτερα

189 3697 668 3765 ἐπαναστρέφειν
722 3695 764 3726 ³³
832 3694 929 3748 καὶ
995 3693 1200 3764 χωρῶν
1252 3696 1552 3765 ἐγκρατεῖς
1614 3698 1763 3764 ἴσως

193 3788 467 3858 γενέσθαι
485 3790 572 3854 εἰς
586 3783 894 3856 προῦπτον
909 3787 1160 3849 ἑαυτοὺς
1179 3789 1414 3857 empta
1424 3807 1546 3842 τετε
1563 3790 1764 3844 κίνδυ-

191 3897 323 3935 νον.
385 3881 533 3942 Ισως
571 3880 679 3946 γὰρ
699 3878 794 3931 καὶ
823 3877 946 3943 τοῖς
970 3874 1238 3945 λοχῶσιν
1261 3879 1447 3932 αὑτοῦ
1469 3897 1586 3933 που
1627 3878 1768 3934 Ῥω-

190 3973 390 4045 μαίοις
437 3971 798 4038 ἐντυχόντες
834 3971 1066 4038 ῥύακας
1124 3969 1257 4022 ταῖν
1313 3970 1514 4038 χεροῖν
1547 3972 1766 4026 ἐπιδεί-

196 4069 413 4133 ξαντες
435 4065 530 4118 καὶ
557 4063 801 4129 ἑλώδεις
840 4063 1063 4127 τόπους
1107 4063 1602 4129 ἁναιρηθήσεσθε.
1655 4068 1764 4120 Καὶ

196 4161 306 4230 γὰρ
328 4156 751 4226 ἐνεδρεύουσιν
774 4153 928 4222 ὑμᾶς
944 4153 1107 4221 μάλα
1137 4169 1202 4220 γε
1233 4153 1505 4206 πλεῖστοι
1527 4155 1599 4207 οὐ
1617 4158 1765 4209 Κελ-

197 4255 287 4308 τοὶ
325 4251 426 4307 καὶ
477 4250 766 4316 Βαρσαροι
796 4247 989 4315 μόνον
1016 4287 1028 4310 ,
1087 4244 1248 4298 ἀλλὰ
1313 4245 1409 4298 καὶ
1474 4248 1769 4316 Ῥωμαίων

197 4345 433 4415 πλῆθος
458 4345 528 4396 οὐ
560 4339 878 4408 μετρητόν.
914 4341 983 4391 El
1021 4337 1170 4405 γοῦν
1205 4337 1348 4405 ὑμῖν
1384 4339 1426 4368 ¹⁴
1469 4340 1767 4406 πείθεσθε,

197 4438 569 4505 στρέψαντες
592 4429 697 4496 τὰς
721 4429 891 4497 ἡνίας
919 4427 1065 4496 ὁμοῦ
1088 4426 1466 4496 φοιτήσωμεν
1492 4428 1638 4496 πρὸς
1665 4431 1772 4482 τάν

1864 3252 2012 3307 baris
2041 3253 2236 3306 visum.
2259 3249 2360 3315 Qui
2388 3250 2552 3313 etiam
2580 3246 2888 3302 desilientes
2915 3261 2981 3299 ex
3011 3245 3164 3314 equis
3187 3245 3428 3312 captivos

1863 3359 1991 3398 suos
2064 3341 2319 3396 nonnulla
2402 3338 2739 3393 humanitate
2800 3336 3240 3390 consolabantur.
3302 3333 3430 3387 Erat

1862 3433 2192 3492 Monastras,
2237 3439 2294 3484 ut
2354 3429 2504 3492 dixi,
2555 3443 2620 3480 ex
2679 3426 2868 3480 Turcis
2918 3422 3144 3494 hybrida
3199 3421 3432 3489 indeque

1865 3522 2060 3591 linguas
2090 3519 2331 3588 ipsorum
2369 3516 2595 3571 callens.
2626 3512 3004 3568 Rhodomerus
3040 3526 3190 3576 vero,
3223 3511 3370 3578 quod
3398 3523 3430 3561 a

1864 3611 2058 3665 Turcis
2081 3609 2206 3664 olim
2234 3617 2425 3676 captus
2448 3607 2620 3660 multo
2646 3619 2767 3658 cum
2815 3603 2881 3656 iis
2927 3610 3169 3671 tempore
3211 3599 3427 3662 luerat,

1866 3717 1964 3756 nec
2011 3701 2122 3770 ipse
2174 3699 2391 3768 ignarus
2431 3695 2702 3750 idiomstis
2761 3693 3000 3747 Turcici.
3053 3691 3225 3745 Ambo
3268 3690 3433 3760 igitur

1866 3794 1994 3848 data
2023 3789 2310 3844 occasione
2339 3786 2481 3840 haud
2520 3784 2620 3839 sibi
2659 3782 2879 3838 deluere
2902 3781 3192 3849 quominus
3220 3780 3432 3834 blandis

1866 3896 1920 3940 et
1957 3879 2336 3954 plausibilibus
2375 3875 2718 3934 sermonibus
2747 3889 2964 3929 causam
3007 3873 3149 3943 apud
3183 3882 3430 3939 satrapas

1867 3979 2186 4044 perorarent
2243 3985 2450 4025 suam:
2502 3965 2802 4032 Quorsum,
2858 3965 3199 4032 inquientes,
3246 3963 3432 4016 attinet

1868 4066 2058 4122 letltale
2093 4063 2240 4116 nobis
2263 4059 2505 4130 poculum
2534 4059 2648 4112 sine
2700 4057 2813 4110 ulla
2846 4055 2922 4110 vel
2954 4056 3172 4108 minima
3205 4052 3435 4105 utilitate

1869 4168 2038 4214 vestra
2065 4151 2321 4208 miscere?
2347 4152 2449 4203 imo
2497 4165 2684 4217 magno
2727 4163 2844 4200 cum
2878 4151 3070 4199 damno
3093 4143 3431 4211 facturaque.

1869 4249 1957 4305 Sic
2005 4250 2142 4302 enim
2172 4262 2260 4298 ros
2293 4244 2392 4298 soli
2428 4258 2492 4296 ex
2518 4241 2755 4294 omnibus
2799 4240 3026 4306 satrapis
3052 4234 3353 4290 muneribus
3384 4241 3433 4287 et

1871 4341 2156 4397 honoribus
2182 4336 2402 4406 Augusti
2436 4333 2696 4396 carebitis,
2728 4333 2913 4401 quibus
2957 4330 3051 4382 alii
3076 4329 3164 4397 qui
3189 4327 3300 4396 iam
3332 4325 3438 4378 im-

1871 4443 2164 4504 peratorem
2191 4437 2561 4499 prwcesserunt
2591 4425 2971 4480 commilitones
3018 4421 3326 4490 collegiaque
3355 4432 3442 4470 ve-

201 4523 622 4592 αὺτοκρὰτορα,
655 4521 752 4573 καὶ
783 4517 932 4572 Θεὸν
975 4516 1116 4585 ὑμῖν
1143 4517 1521 4585 ἐπομνύμείω
1544 4519 1756 4587 μυρίων

1875 4528 1971 4582 stri
1996 4523 2201 4578 abunde
2233 4520 2586 4574 cumulantur.
2613 4517 2715 4583 Qui
2744 4532 2924 4581 nempe
2939 4515 3036 4568 hoc
3068 4515 3179 4581 ipso
3211 4522 3440 4580 tempore

199 4618 545 4676 ἀπολαῦσαι
579 4613 698 4667 τῶν
757 4610 825 4674 ἐξ
855 4608 1042 4663 αὺτοῦ
1087 4607 1478 4676 δωρημάτων,
1520 4608 1771 4662 κᾶπειτα

203 4714 321 4778 ὅπη
349 4708 665 4774 βουλητὸν
699 4703 841 4773 ὑμῖν
876 4702 1294 4756 ἀπελεύσεσθε
1345 4701 1571 4766 ἀνέτως
1602 4703 1645 4732 ⁸⁸
1693 4703 1772 4767 ὡς

202 4805 522 4867 ἐλεύθεροι.
567 4795 850 4849 Πειθονται
887 4795 996 4855 τοῖς
1049 4791 1253 4844 τούτων
1284 4790 1464 4858 λόγοις
1521 4793 1573 4844 οἱ
1603 4792 1777 4863 Τοῦρ-

207 4913 312 4957 κοι,
344 4893 438 4946 καὶ
472 4891 689 4950 πίστεις
721 4886 856 4956 πρὸς
891 4883 1158 4954 ἀλλήλους
1197 4881 1383 4944 δόντες
1407 4882 1523 4953 ἃμα
1551 4891 1644 4937 καί
1677 4883 1773 4936 λα-

208 4989 389 5048 εόντες
421 4985 518 5054 τῆς
542 4981 676 5052 πρὸς
703 4979 794 5031 τὸν
817 4977 1197 5046 αὐτοκράτορα
1243 4974 1518 5044 φερούσης
1543 4974 1770 5044 εἴχοντο.

209 5077 636 5134 Καταλαὸόντων
664 5073 721 5126 δὲ
743 5072 832 5124 τὸν
855 5069 1180 5133 Πελεκάνον,
1204 5067 1278 5130 ὡς
1305 5066 1526 5130 τούτους
1551 5069 1579 5120 ὁ
1609 5069 1766 5120 αύτο-

211 5177 430 5243 κράτωρ
466 5168 750 5230 ἐθεάσατο,
813 5163 930 5235 μεθ’
984 5161 1171 5230 ἱλαροῦ
1213 5161 1391 5212 ’πᾶσιν
1455 5147 1771 5222 ὲνατενίσας

217 5265 546 5336 βλέμματος,
599 5256 776 5311 καίτοι
829 5253 1000 5308 πολλὰ
1031 5254 1120 5306 τὸν
1161 5249 1488 5321 Ῥοδομηρὸν
1534 5253 1628 5303 καὶ
1682 5251 1774 5305 τὸν

217 5355 533 5424 Μοναστρᾶν
559 5349 690 5421 παρ’
716 5347 894 5417 ἑαυτῷ
942 5344 1209 5415 νεμεσῶν,
1231 5343 1293 5396 τὸ
1323 5345 1421 5412 μὲν
1449 5342 1624 5412 παρὸν
1646 5345 1775 5395 ἀνα-

219 5443 656 5513 παυθησομένους
689 5441 733 5472 ⁸⁸
774 5437 994 5500 τούτους
1019 5433 1388 5501 ἐξαπέστειλε.
1419 5434 1576 5488 Κατὰ
1595 5432 1654 5485 δὲ
1679 5434 1777 5502 τὴν

222 5536 478 5589 ἐπιοῦσαν
533 5534 724 5587 ὀπόσοι
788 5530 888 5601 μὲν
935 5527 1047 5582 τῶν
1077 5525 1341 5597 Τούρκων
1391 5523 1541 5594 αὐτῷ
1591 5522 1780 5594 θητεῦ-

1871 4625 1920 4668 et
1951 4613 2087 4666 dona
2120 4612 2296 4678 utique
2321 4608 2551 4676 ingentia
2578 4607 2744 4672 primo
2767 4605 2947 4657 statim
2971 4602 3117 4654 aditu
3138 4613 3442 4667 congressu-

1874 4722 1969 4776 que
1994 4705 2056 4756 ab
2093 4703 2407 4770 imperatore
2434 4707 2675 4768 congestu
2706 4696 2939 4751 obtinent
2968 4709 2984 4745 :
3014 4703 3061 4745 et
3100 4693 3167 4744 ad
3207 4689 3444 4742 certissi-

1874 4813 2012 4850 mam
2045 4797 2343 4865 {uturorum
2369 4807 2509 4860 spem
2540 4791 2754 4844 nomina
2787 4803 2883 4839 sua
2917 4783 3102 4852 referri
3125 4781 3360 4836 uiderunt
3385 4779 3441 4832 in

1875 4887 2142 4953 catalogos
2174 4897 2353 4935 eorum
2383 4881 2572 4948 quibus
2615 4877 2881 4946 pensiones
2933 4887 3124 4926 annua:
3171 4888 3201 4923 a
3226 4869 3352 4935 ﬁsco
3386 4868 3442 4920 in

1876 4992 2027 5030 omne
2055 4986 2251 5040 tempus
2302 4972 2603 5023 constituta:
2635 4977 2773 5019 sunt.
2809 4964 2933 5017 Esto
2960 4977 3080 5028 ergo
3131 4959 3358 5012 sa‘viatis
3388 4957 3444 5008 in

1879 5084 1970 5122 nos
2001 5079 2274 5133 utcumque
2301 5061 2554 5114 meritos:
2585 5059 2724 5110 vobis
2755 5057 2878 5124 quid
2899 5053 3097 5122 fecistis
3124 5053 3219 5114 ipsi
3255 5063 3443 5118 quant-

1875 5157 2050 5210 obrem
2096 5165 2264 5206 vestro
2303 5153 2536 5219 ipsorum
2579 5164 2665 5202 vos
2689 5146 2890 5215 judicio
2922 5144 3147 5196 multare
3196 5152 3266 5194 tot
3295 5141 3442 5192 bonis

1878 5248 2127 5300 debeatis.
2173 5243 2375 5295 Etcum
2423 5246 2476 5293 in
2525 5255 2686 5292 manu
2738 5246 2931 5299 vestra,
2981 5237 3023 5288 si
3060 5234 3250 5293 velitis,
3282 5233 3344 5284 sit
3394 5241 3442 5282 et

1876 5338 2152 5408 pecuniam
2201 5337 2254 5387 in
2283 5350 2506 5401 prwsens
2540 5333 2794 5400 ingentem
2846 5326 3107 5396 adipisci,
3155 5336 3202 5379 et
3245 5333 3443 5377 certum

1881 5431 1935 5483 in
1963 5430 2206 5497 futurum
2238 5425 2552 5492 conﬁrmare
2582 5424 2721 5475 vobis
2750 5437 2956 5474 censum
2989 5434 3244 5482 annuum,
3269 5417 3445 5483 sicque

1885 5519 2301 5587 circum/luentes
2345 5531 2530 5568 secura
2577 5513 2748 5580 copia,
2783 5511 2978 5565 honore
3012 5525 3076 5564 ac
3108 5510 3301 5563 diuitiis
3350 5508 3446 5576 flo-

1280 5680 1487 5743 Varite
1524 5679 1831 5742 lectiones
1873 5694 1950 5740 ex
1989 5678 2131 5756 cod.
2170 5674 2422 5736 Coislin.

299 5814 340 5847 “
368 5812 642 5868 ἁπάντων.
722 5810 766 5842 ¹³
787 5807 1322 5880 ὲπαναστρέφεσθαι.
1400 5807 1442 5839 ⁸⁸
1465 5805 1608 5876 ἐμοί.
1688 5807 1729 5838 ¹⁸
1761 5804 1915 5859 Decst
1946 5817 2046 5856 vox
2077 5802 2305 5865 ἀνέτως.

2385 5800 2428 5832 ’⁸
2463 5795 3076 5869 αναπαυσθησομένους.
