3780 6556
445 366 553 430 843

1748 361 1977 423 ANN/ﬁ
2017 363 2404 425 CUMNENA!
3571 370 3650 433 liii

441 481 789 550 Evangelium
833 492 886 536 et
929 495 1120 536 cruces
1168 482 1420 536 manibus
1480 479 1850 550 prmferentes.
1906 478 2009 532 Eos

2118 478 2500 549 σκηνὼσαντες
2567 477 2790 547 χάρακά
2837 493 2898 529 τε
2956 477 3288 546 πηξάμενοι,
3345 479 3438 538 τὰς
3495 487 3652 550 σκευὰς

441 575 792 630 nihilominus
823 574 1118 644 importuni
1151 573 1377 627 Barbari
1407 572 1526 642 plus
1553 581 1712 640 quam
1741 571 2015 626 hastiliter‘

439 667 719 734 excipiunt
753 675 806 720 et
836 681 940 720 non
977 665 1149 718 solum
1183 680 1370 720 sacros
1424 665 1704 717 ministros
1757 663 2012 727 fanatice,

437 762 532 812 sed
567 769 825 812 caeteram
883 772 1098 826 quoque
1147 756 1515 811 Christianam
1566 756 1777 809 turbant
1841 754 2016 809 ferina-

437 849 753 902 crudelitate
819 847 1226 911 contrucidant,
1259 848 1465 918 talique
1491 848 1680 901 imbuti
1716 846 1922 901 scelere
1951 859 2016 899 ac

436 955 632 995 cruore
663 939 913 1010 sacrilegi
947 949 1100 1008 cepta
1132 940 1216 993 via
1243 941 1419 994 securi
1453 938 1825 1009 procedebant
1853 937 2017 990 Ama-

435 1049 579 1088 seam
638 1050 868 1098 versus,
924 1036 1141 1102 quando
1213 1033 1674 1103 experietttissimi
1753 1031 2012 1086 bellorum

435 1124 596 1180 Turci
646 1136 864 1179 aretare
911 1125 1147 1194 primum
1180 1140 1375 1192 cepere
1432 1124 1656 1178 advenis
1702 1135 2010 1186 annonam;

435 1217 649 1286 oppidis
684 1219 882 1288 quippe
913 1234 980 1272 ae
1012 1219 1146 1272 locis
1169 1234 1265 1287 per
1289 1233 1407 1287 quae
1432 1217 1759 1272 transituros
1797 1225 2012 1278 norant,

433 1324 650 1364 mature
681 1311 1098 1382 praeoccupatis,
1147 1315 1308 1366 etiam
1359 1310 1577 1376 herbas,
1613 1324 1928 1377 camporum
1963 1321 2017 1365 et.

435 1405 794 1460 animantium
830 1404 1027 1476 pabula
1064 1406 1174 1475 igni
1215 1413 1592 1472 corruperant.
1632 1401 1741 1456 Nec
1773 1402 1858 1457 his
1886 1419 2015 1456 cun-

437 1498 570 1551 lenti
614 1497 884 1551 accedunt
931 1498 1180 1551 cominus
1212 1493 1572 1566 Latit'tamque
1620 1497 1790 1549 aciem
1841 1496 2019 1549 laces-

433 1598 583 1643 sunt.
614 1587 774 1644 Feria
812 1595 930 1644 erat
961 1589 1223 1642 secunda.
1256 1587 1440 1657 Pugna
1483 1588 1842 1642 committitur
1869 1604 2014 1658 prte-

433 1681 742 1735 valetttibus
773 1681 988 1734 Turcis.
1021 1680 1123 1745 Qui
1173 1679 1383 1734 Latinis
1429 1679 1548 1733 loco
1602 1679 1777 1749 pulsis
1831 1682 2009 1749 campi

436 1774 675 1839 Domini,
708 1773 912 1827 vallum
955 1773 1152 1826 ibidem
1197 1772 1368 1842 ﬁgunt
1417 1774 1801 1842 deponuntque
1839 1773 2012 1828 sarci-

2117 571 2472 625 ὲναπέθεντο.
2533 572 2611 641 Τῇ
2643 571 2700 623 δὲ
2736 571 2854 640 μετ’
2887 571 3060 640 αὐτὴν
3097 566 3254 630 αὖθις
3289 569 3334 599 ⁹¹
3371 569 3520 637 ἄμφω
3545 576 3650 643 ἐμά.

2117 672 2274 736 χοντο
2299 664 2368 717 τὰ
2403 665 2816 734 στρατεύματα.
2853 665 2918 717 Ui
2973 665 3030 716 δὲ
3071 663 3308 730 Τοῦρκοι
3362 661 3652 735 κυκλοτὲρως

2117 757 2677 826 κατασκηνώσαντες,
2727 757 2789 810 οὐ
2819 757 3202 828 χορταγωγίας
3247 754 3434 824 χώραν
3485 760 3651 823 τούτοις

2117 846 2340 906 ἐδίδουν,
2385 845 2510 899 οὒτε
2549 847 2655 918 μὴν
2690 847 2760 901 τὰ
2807 846 3084 914 ὑποζύγια
3115 845 3210 897 καὶ
3243 847 3371 905 τοὺς
3400 846 3576 909 ἵππους
3612 855 3653 914 ἐς

2119 941 2280 990 ποτὸν
2315 938 2532 1006 ἐξάγειν
2570 938 2933 1010 συνεχώρουν.
2963 939 3079 1008 Τὴν
3111 937 3325 990 ἑαυτῶν
3342 936 3435 989 οὖν
3460 943 3654 995 πανωλε.

2121 1031 2283 1102 θρεαν
2325 1031 2414 1084 ἐπ’
2444 1032 2748 1100 ὀφθαλμοῖς
2780 1031 2826 1065 ³³
2867 1032 2968 1102 ἤδη
3010 1031 3246 1101 ὁρῶντες
3277 1031 3328 1082 οἱ
3359 1031 3554 1096 Κελτοὶ,
3582 1032 3654 1104 τῆς

2121 1125 2334 1178 ἑαυτῶν
2367 1125 2514 1195 ζωῆς
2547 1126 2963 1196 ἀφειδήσαντες,
3005 1127 3072 1194 τῇ
3104 1124 3223 1194 μετ’
3257 1125 3452 1192 αὐτὴν,
3500 1133 3654 1196 τετρὰς

2117 1219 2172 1271 δὲ
2202 1214 2294 1288 ἦν,
2336 1219 2624 1289 καρτερῶς
2651 1218 3034 1288 ὁπλισάμενοι,
3066 1218 3158 1269 τὸν
3195 1216 3335 1287 μετά
3358 1217 3466 1267 τῶν
3486 1217 3652 1289 Βαρδά-

2122 1328 2230 1379 ρων
2260 1313 2580 1378 ἀνεδέξαντο
2609 1311 2868 1380 πόλεμον.
2903 1313 2965 1364 Οἱ
3021 1312 3079 1365 δὲ
3111 1311 3352 1381 Τοῦρκοι
3394 1313 3473 1371 εἰς
3511 1316 3655 1382 χεῖρας

2117 1403 2343 1465 τούτους
2374 1402 2595 1473 ἔχοντες
2633 1405 2731 1456 οὐκ
2757 1403 2836 1456 ἔτι
2875 1403 3015 1472 μετὰ
3057 1404 3168 1456 τῶν
3193 1403 3439 1475 δοράτων
3467 1404 3566 1456 οὐδὲ
3596 1405 3656 1458 διὰ

2116 1495 2291 1560 τόξων
2326 1496 2463 1563 πρὸς
2493 1496 2694 1558 αὐτοὺς
2735 1497 3112 1565 ἀπεμάχοντο,
3142 1496 3278 1548 ἀλλὰ
3311 1497 3380 1548 τὰ
3419 1496 3536 1565 ξίφη
3557 1514 3652 1550 om

2121 1589 2373 1654 σάμενοι,
2398 1587 2492 1638 καὶ
2526 1586 2637 1638 τῶν
2669 1586 2908 1640 κουλεῶν
2931 1588 3347 1653 ἐξελκύσαντες,
3390 1587 3659 1657 ἀγχέμαχοι

2115 1680 2214 1746 τὴν
2245 1680 2425 1750 μάχην
2473 1680 2778 1745 ἐποιοῦντο,
2823 1682 2918 1734 καὶ
2966 1680 3226 1754 παρευθὺ
3280 1681 3538 1749 τρέπουσι
3567 1684 3658 1745 τοὺς

2117 1772 2470 1842 Νορμάνους.
2522 1775 2584 1826 Οἱ
2617 1775 2674 1827 δὲ
2715 1775 3120 1836 καταλαϐόντες
3158 1775 3250 1828 τὸν
3303 1773 3440 1826 ἴδιον
3469 1773 3660 1842 χάρακα,

434 1877 554 1922 nas.
602 1867 874 1922 Postridie
901 1867 1099 1920 iterum
1145 1867 1306 1920 ambo
1339 1867 1616 1920 exercitus
1654 1875 2009 1921 concurrunt.

2127 1863 2432 1933 σύμϐουλον
2469 1864 2788 1934 ἀνεζήτουν.
2841 1867 2900 1918 ’0
2945 1867 2990 1918 δ’
3022 1866 3245 1936 ἄριστος
3301 1865 3661 1935 αὐτοκράτωρὶ

432 1961 703 2016 Caeterum
755 1961 828 2015 ita
887 1959 1024 2014 locis
1072 1958 1470 2029 praeoccupatis
1520 1959 1724 2013 circum
1777 1960 2014 2028 undique

435 2052 919 2120 tabernaculisque
993 2051 1104 2105 lato
1162 2052 1397 2106 circuitu
1466 2052 1723 2121 expansis
1791 2051 2015 2106 Latinos

432 2145 1035 2210 'furcicoucluserant,
1090 2155 1151 2198 ut
1206 2159 1306 2224 nec
1357 2159 1588 2199 annonae
1645 2154 1739 2199 aut
1790 2145 2018 2214 pabula-

433 2240 598 2294 tionis
631 2254 794 2293 causa
819 2239 1040 2307 prodire
1063 2253 1357 2308 quoquam,
1386 2252 1485 2290 nec
1512 2235 1756 2306 iumenta
1780 2252 2018 2306 equosve

435 2343 628 2404 potum
669 2333 872 2386 ducere
907 2331 1116 2385 liceret.
1150 2329 1390 2396 Quorum
1425 2344 1589 2383 sensu
1644 2329 2014 2384 incommodo-

435 2440 551 2481 rum
603 2440 667 2479 ac
719 2424 975 2493 prmsenti
1026 2434 1321 2491 conspectu
1376 2423 1618 2492 supremi
1674 2422 1825 2477 exitii
1881 2421 2016 2477 Galli

433 2519 582 2572 velut
613 2517 1044 2586 desperabundi,
1075 2525 1128 2570 at
1161 2533 1265 2570 non
1300 2516 1529 2570 inultam
1564 2516 1777 2584 passuri
1826 2531 2015 2571 necem

435 2627 558 2664 cum
603 2611 773 2664 armis
823 2611 876 2662 in
936 2611 1120 2663 hostes
1180 2616 1366 2661 ruunt.
1420 2607 1624 2673 Quarta
1681 2614 1800 2661 erat
1857 2605 2014 2660 feria.

434 2700 728 2755 Conflictus
759 2701 1020 2754 miscetur
1070 2707 1250 2752 atrox.
1287 2695 1476 2766 Neque
1503 2697 1615 2766 jam
1651 2699 1886 2751 arcubus
1926 2705 2020 2750 aut

433 2795 606 2862 longis
633 2793 824 2858 hastis,
852 2793 944 2847 sed
990 2791 1209 2844 admoto
1241 2791 1308 2844 ad
1345 2805 1538 2844 manus
1573 2789 1758 2858 praclio
1809 2790 2014 2844 strictis

433 2888 682 2942 cominus
724 2887 947 2941 ensilms
975 2883 1138 2938 Turci
1169 2880 1473 2936 Normanos
1517 2883 1626 2936 cito
1661 2891 1897 2936 vertunt.
1949 2881 2013 2936 lli

433 2981 646 3050 propria
679 2979 733 3033 in
769 2987 952 3033 castra
985 2977 1253 3046 compulsi
1280 2962 1495 3030 consilii
1536 2974 1693 3044 cujus
1716 2985 1871 3028 erant
1896 2975 2010 3044 jam

434 3073 619 3141 inopes
661 3081 938 3125 auctorem
993 3068 1252 3122 videlicet
1305 3066 1643 3136 quaerebant.
1690 3066 1852 3136 332
1900 3066 2013 3121 Nec

2110 1959 2178 2009 τὰ
2218 1956 2394 2028 λῴονα
2447 1959 2660 2023 τούτοις
2691 1959 3084 2028 ὑποτιθέμενος
3115 1958 3210 2011 καὶ
3236 1958 3312 2028 μὴ
3333 1959 3662 2023 εἰσακουσθεῖς

2110 2053 2170 2104 οὐ
2231 2056 2436 2123 παρῆν.
2496 2054 2700 2106 Λοιπὸν
2759 2055 2852 2105 ἐπὶ
2896 2056 2996 2122 τὴν
3027 2054 3124 2106 τοῦ
3183 2053 3437 2122 Σαγγέλη
3491 2053 3571 2106 καὶ
3594 2054 3662 2106 τοῦ

2115 2145 2291 2210 Τζίτα
2318 2145 2546 2216 γνώμην
2587 2146 3054 2215 καταφεύγουσιν.
3094 2145 3257 2215 "Atta
3279 2145 3337 2199 δὲ
3367 2146 3465 2199 καὶ
3489 2148 3664 2216 εξχώρσ

2113 2256 2198 2302 τις
2226 2235 2335 2291 τῶν
2379 2240 2484 2292 ὑπὸ
2513 2239 2604 2292 τὸν
2651 2240 3038 2310 αὐτοκράτορα
3086 2238 3315 2308 πλησίον
3379 2239 3663 2308 παράκειται

2117 2332 2487 2385 ἐπυνθάνοντο
2535 2331 2938 2400 ἀναζητοῦντες
3001 2332 3195 2401 αὐτήν.
3250 2332 3362 2384 Καὶ
3412 2331 3477 2401 δὴ
3500 2333 3585 2394 τάς
3624 2351 3665 2384 τε

2118 2427 2320 2488 σκευὰς
2379 2428 2473 2478 καὶ
2535 2425 2634 2488 τὰς
2691 2427 2899 2492 σκηνὰς
2935 2426 3028 2478 καὶ
3062 2426 3122 2477 τὸ
3159 2425 3326 2488 πεζὸν
3358 2425 3502 2479 ἅπαν
3538 2425 3666 2478 αὐτοὶ

2117 2536 2218 2571 που
2273 2517 2695 2582 καταλιπόντες,
2737 2521 2851 2580 τοῖς
2923 2518 3076 2580 ἰδίοις
3107 2517 3298 2581 ἵπποις
3350 2519 3668 2588 ὲποχηθέντες

2117 2609 2190 2671 ὡς
2223 2604 2368 2678 εἶχον
2410 2609 2613 2678 τάχους
2656 2609 2792 2678 πρὸς
2825 2610 2893 2661 τὰ
2926 2610 3078 2679 παρὰ
3120 2611 3401 2664 θάλασσαν
3441 2610 3529 2662 τοῦ
3577 2611 3664 2680 Ἀρ-

2127 2702 2390 2772 μενιακοῦ
2427 2703 2522 2754 καὶ
2552 2701 2598 2733 ’⁵
2632 2702 2728 2769 τῆς
2753 2703 3054 2772 Ποιυράκης
3084 2703 3258 2756 ἔθεον.
3317 2704 3668 2756 Ἐπεισπεσόν-

2119 2809 2211 2854 τες
2239 2793 2284 2843 δ’
2314 2791 2514 2862 ἀθρόον
2546 2793 2595 2843 οἱ
2642 2791 2875 2861 Τοῦρνοι
2910 2793 3111 2846 τούτων
3164 2795 3243 2863 τῷ
3295 2796 3501 2863 χάρακι
3530 2797 3671 2847 πάντα

2117 2883 2423 2952 ἀφείλοντο.
2466 2880 2598 2936 Εἶτα
2623 2885 2851 2936 κατόπιν
2886 2885 3091 2937 τούτων
3137 2886 3430 2952 διώξαντες
3457 2887 3513 2940 τὸ
3543 2888 3673 2952 πεζὶι·

2119 2977 2588 3045 ἆπανὲφθακότες
2628 2978 2862 3042 ἀνεῖλον,
2902 2981 3058 3042 τινὰς
3087 2980 3145 3032 δὲ
3185 2982 3281 3032 καὶ
3311 2982 3673 3050 κατασχόντες,

2120 3069 2256 3139 πρὸς
2285 3069 2378 3121 τὸν
2408 3071 2656 3140 Χοροσᾶν
2677 3070 2876 3140 δεῖγμα
2906 3073 3216 3142 ἀπήγαγον.

433 3166 616 3218 aderat
655 3161 983 3230 imperator,
1047 3159 1139 3214 ille
1191 3158 1322 3213 olim
1412 3169 1628 3228 spretus
1674 3159 2043 3225 consiliarius,
2085 3175 2210 3216 cum
2270 3177 2401 3217 sana
2431 3172 2486 3217 et
2513 3177 2658 3216 ntmc
2680 3179 2804 3216 sero
2837 3167 3189 3232 comprobata
3218 3167 3491 3220 suaderet.
3552 3166 3676 3232 Quod

433 3255 669 3311 restabat
694 3257 895 3308 adeunt
921 3254 1020 3308 sibi
1057 3255 1214 3309 datos
1238 3256 1306 3309 ab
1341 3256 1458 3325 ipso
1485 3256 1585 3312 viae
1613 3257 1842 3312 comites
1869 3259 2158 3329 Sangelem
2191 3268 2244 3313 ct
2269 3258 2481 3313 Tzitam
2547 3259 2677 3329 quid
2709 3274 2844 3327 opus
2908 3270 3194 3315 censerent
3266 3262 3413 3315 facto
3486 3279 3676 3332 percon-

434 3359 644 3416 tantes;
677 3367 740 3405 ac
768 3351 1016 3418 nunquid
1049 3362 1191 3404 esset
1225 3350 1337 3405 illic
1375 3351 1426 3404 in
1465 3351 1716 3418 proximo
1746 3352 2012 3422 quaepiam
2054 3353 2420 3421 imperatoria:
2451 3351 2678 3406 ditionis
2722 3355 2867 3421 regio
2918 3351 2974 3405 in
3040 3368 3202 3423 qnam
3238 3354 3441 3409 habere
3531 3365 3676 3410 lutum

435 3458 709 3517 receptum
769 3441 1028 3514 possent?
1119 3442 1241 3496 Mox
1293 3441 1523 3498 sarcinis
1575 3451 1626 3497 et
1694 3445 2063 3500 tabernaculis
2135 3443 2342 3500 relictis
2391 3445 2769 3514 peditatuque'
2810 3444 2997 3511 omni,
3055 3447 3238 3499 caeteri
3303 3449 3456 3514 equis
3512 3450 3677 3503 invecti

434 3557 591 3612 quam
625 3537 1006 3594 incitatissime
1054 3546 1283 3591 currunt
1323 3537 1386 3588 ad
1426 3545 1636 3606 partem
1677 3536 2007 3592 maritimam
2051 3539 2361 3592 Armeniaci
2398 3537 2584 3591 limitis
2631 3546 2687 3591 et
2730 3537 3031 3591 Pattracen.
3112 3539 3180 3592 At
3264 3541 3428 3594 Turci
3477 3543 3677 3611 primum

435 3635 702 3692 irruentes
734 3634 785 3686 in
813 3633 1016 3696 castra,
1079 3639 1277 3685 cuncta
1323 3630 1608 3699 diripiunt.
1677 3629 1799 3684 Mox
1870 3631 1935 3684 ad
2012 3631 2408 3701 insequendum
2442 3630 2710 3700 fugientes
2756 3631 2924 3698 versi,
2959 3631 3251 3700 peditatum
3305 3637 3536 3704 primum
3579 3652 3678 3690 om-

435 3741 554 3780 nem
589 3723 963 3779 internecione
1003 3723 1229 3777 delent:
1279 3724 1539 3792 quosdam
1587 3724 1748 3778 etiam
1781 3737 1847 3776 ex
1895 3723 2016 3778 aliis
2058 3724 2304 3780 assecuti
2339 3725 2404 3780 ad
2463 3721 2795 3778 Corosanem
2847 3723 3162 3793 specimiuis
3221 3743 3386 3782 causa
3419 3729 3678 3788 duxerunt.

503 3811 655 3872 Talia
707 3815 1006 3870 Tureorom
1068 3816 1118 3866 iu
1165 3812 1469 3870 Nortuauos
1529 3815 1775 3870 facinora
1837 3813 2007 3871 fuere.

2200 3814 2362 3868 Ἀλλὰ
2428 3814 2602 3867 ταῦτα
2661 3814 2763 3885 μὲν
2793 3814 2861 3868 τὰ
2916 3816 3028 3868 τῶν
3093 3815 3358 3884 Τούρκων
3410 3821 3551 3872 κατά
3590 3821 3678 3874 τῶν

435 3912 603 3965 Porro
645 3909 908 3980 Sangeles
954 3919 1009 3962 et
1054 3906 1238 3962 Tzitas
1292 3924 1414 3962 cum
1467 3909 1702 3964 residuis
1749 3910 2021 3977 equitibus

437 4005 622 4074 paucis
669 4001 1200 4071 Constantinopolim
1236 4001 1443 4054 reversi
1472 4009 1620 4054 sunt.
1658 3996 1884 4070 Excepit
1924 4015 2019 4054 eos

435 4099 733 4166 imperator
791 4093 1231 4162 benignissime,
1299 4093 1654 4162 pecuniisque
1721 4091 2018 4146 liberaliter

436 4194 688 4250 donatos,
727 4203 790 4240 ac
842 4187 1029 4255 quiete
1079 4187 1273 4240 idonea
1333 4183 1566 4238 refectos
1617 4194 1807 4255 optare
1856 4183 2018 4253 jussit

437 4294 596 4350 quem
633 4279 858 4332 mallent
891 4278 943 4330 in
976 4278 1155 4333 locum
1188 4278 1285 4331 ire.
1331 4275 1703 4347 Hierosolyma
1736 4292 1793 4332 se
1820 4292 2018 4348 cupere

437 4376 718 4425 dixerunt.
753 4369 859 4423 Eos
890 4371 1056 4439 igitur
1100 4369 1298 4422 iterum
1332 4369 1588 4422 munifice
1638 4370 1865 4424 donatos
1915 4371 2021 4422 im-

437 4461 588 4528 ponit
613 4460 864 4522 navibus,
897 4463 1279 4528 ducendosque
1312 4473 1418 4528 quo
1449 4459 1701 4514 volebant
1731 4461 2020 4516 navarehis

437 4555 640 4618 tradit,
672 4555 854 4608 omnia
893 4555 1026 4622 ipsis
1067 4568 1132 4607 ex
1165 4568 1352 4606 eorum
1386 4555 1662 4608 sententia
1708 4554 2016 4625 indulgens.

381 4655 384 4660 ‘
437 4645 702 4716 Sangcles
743 4646 925 4699 autem
961 4655 1186 4698 exorato
1225 4645 1293 4698 ab
1323 4646 1444 4698 aula
1476 4646 1718 4699 discessu
1752 4647 2018 4701 Constan-

437 4739 664 4808 tinopoli
715 4739 982 4807 Tripolim
1041 4748 1296 4806 repetens
1341 4753 1500 4793 suum
1552 4739 1663 4793 illic
1713 4741 2015 4794 exercitum

435 4830 650 4892 revisit,
685 4829 1063 4896 incumbitque
1097 4829 1270 4882 nihilo
1301 4829 1480 4884 secius
1512 4832 1565 4884 in
1596 4841 1835 4886 veterem
1867 4848 2015 4902 spem

437 4921 705 4989 cupidiori
737 4930 935 4974 conatu
965 4936 1127 4990 quam
1163 4937 1398 4990 unquam
1433 4924 1670 4979 civitatis
1691 4924 1833 4978 illius
1855 4941 2016 4991 quant

2120 3908 2427 3980 Νορμάνων
2469 3909 2962 3979 ἀνδραγαθήματα.
3007 3911 3064 3962 '0
3097 3911 3153 3963 δέ
3185 3925 3247 3978 γε
3292 3913 3571 3982 Σαγγέλης
3603 3915 3678 3967 καὶ

2118 4005 2147 4057 ὁ
2188 4002 2389 4067 Τζίτας
2425 4001 2567 4073 μετά
2595 4001 2705 4054 τῶν
2736 4002 3210 4072 καταλειφθέντων
3244 4005 3443 4074 ὀλίγων
3494 4007 3678 4059 ἱππέων

2117 4096 2218 4168 τὴν
2258 4095 2656 4167 βασιλεύουσαν
2690 4095 2802 4165 (60)
2832 4095 3346 4165 καταλαμϐάνουσι.
3404 4099 3678 4169 Δεξάμενος

2116 4190 2172 4242 δὲ
2205 4189 2434 4253 τούτους
2459 4189 2488 4242 ό
2517 4189 2881 4260 αὐτοκράτωρ
2922 4189 3018 4240 καὶ
3077 4191 3338 4260 χρήματα
3382 4191 3503 4255 δοὺς
3543 4193 3676 4243 ἱκανᾶ

2117 4278 2212 4331 καὶ
2264 4277 2668 4342 διαναπαύσας,
2733 4277 2901 4347 ἤρετο
2933 4277 3067 4329 ὅπου
3101 4278 3193 4330 τοῦ
3253 4280 3441 4333 λοιποῦ
3488 4283 3677 4350 αἱρετὸν

2118 4370 2302 4432 αὐτοῖς
2329 4370 2575 4424 ἀπιέναι.
2609 4370 2674 4422 Οἱ
2709 4369 2764 4422 δὲ
2808 4369 2879 4422 τὰ
2931 4368 3281 4441 Ἰεροσόλυμα
3312 4374 3597 4442 ὲπιζήτουν
3621 4373 3674 4425 ’⁸.

2117 4461 2632 4531 Φιλοτιμησάμενος
2666 4457 2758 4514 οὖν
2804 4462 3008 4525 αὐτοὺς
3062 4463 3322 4532 δαψιλῶς,
3363 4465 3676 4527 διαποντίους

2120 4555 2432 4624 ἐκπέμπει,
2465 4557 2530 4624 τῇ
2568 4553 2750 4606 αὐτῶν
2784 4551 2979 4624 γνώμῃ
3023 4555 3083 4607 τὸ
3115 4557 3222 4608 πᾶν
3246 4557 3593 4626 ἀναθέμενος.
3631 4559 3676 4610 '0

2125 4649 2182 4701 δέ
2215 4664 2277 4716 γε
2299 4647 2577 4717 Σαγγέλης
2616 4649 2679 4699 ἐκ
2719 4628 3137 4717 μεγαλοπόλεως
3171 4647 3410 4712 ἐξελθὼν
3443 4651 3538 4721 τὴν
3562 4653 3677 4721 πρὶς

2125 4741 2187 4793 τὸ
2215 4741 2412 4793 οἰκεῖον
2473 4739 2790 4809 στράτευμα
2845 4739 3098 4810 ἀνεζήτει
3156 4741 3470 4810 ἀπέλευσιν,
3516 4745 3604 4796 καὶ
3628 4745 3674 4811 δὴ

2125 4832 2539 4903 καταλαμϐάνει
2602 4833 2759 4896 αὖθις
2801 4834 2900 4904 τὴν
2981 4834 3285 4904 Τρίπολιν,
3337 4836 3674 4907 χειρώσασθαι

2124 4925 2329 4997 ταύτην
2383 4925 2728 4996 γλιχόμενος.
2776 4927 2934 4978 Μετὰ
3001 4925 3172 4979 ταῦτα
3240 4927 3296 4980 δὲ
3344 4928 3478 4998 νόσῳ
3535 4929 3674 4979 (tau-

438 5012 574 5067 mire
615 5013 971 5081 concupierat
1001 5011 1336 5081 subigendae.
1372 5012 1574 5070 Verum
1604 5016 1896 5071 intervenit
1937 5019 2009 5074 le-

2127 5019 2274 5090 σίμῳ
2307 5019 2418 5090 (61)
2449 5019 2766 5090 περιπεσὼν
2802 5023 2896 5073 καὶ
2931 5021 3108 5072 πνέων
3132 5020 3178 5051 ⁸⁵
3206 5021 3272 5072 τὰ
3297 5020 3496 5092 ἔσχατα
3526 5037 3676 5090 μετα·

1515 5174 1712 5236 Variaa
1745 5175 2061 5239 lectiones
2092 5198 2167 5241 ex
2204 5182 2343 5244 cod.
2379 5180 2649 5240 Coislm.

510 5317 553 5351 ⁸⁸
582 5318 744 5374 Deest
769 5334 869 5373 vox
905 5315 1084 5381 αὖθις.
1162 5318 1208 5350 ³³
1238 5317 1560 5388 ὀφθαλμῶν.

1653 5320 1700 5350 ἰ
1718 5319 1880 5376 Deest
1907 5338 2010 5376 vox
2036 5325 2151 5378 καί.

2231 5325 2276 5357 ³⁸
2307 5323 2638 5397 ἐπεζήτουν.
2717 5325 2764 5358 ³⁵
2791 5327 3027 5383 πενθῶν.

1511 5459 1648 5520 Car.
1681 5460 2005 5524 Dufresnii
2039 5465 2130 5526 Du
2165 5465 2383 5544 Cangii
2419 5474 2612 5527 notes.

511 5579 658 5655 (60_)_
673 5580 790 5655 Τῂγ
817 5582 1334 5655 βασιλεύουσαν-ἐ-
1357 5583 1567 5655 Albert.
1605 5585 1706 5655 Aq.
1760 5588 1854 5642 lib.
1889 5604 2008 5655 vrtt,

441 5666 562 5718 cap.
592 5651 678 5706 l7.
701 5651 806 5717 9'2;
837 5652 1082 5706 Orderic.
1119 5669 1240 5722 pag.
1276 5651 1400 5713 792.
1442 5654 1532 5709 lib.
1567 5671 1618 5708 π.

510 5722 624 5790 (61)
655 5723 832 5789 Νόσφ
856 5723 1188 5791 θανασίμῳ.
1221 5722 1445 5776 Moritur
1475 5724 1806 5782 Raimundus
1827 5744 2010 5785 comes

442 5790 744 5849 Tolosanus
795 5796 847 5848 in
881 5790 1311 5850 eaStro’tuontis
1367 5793 1782 5866 Peregrinarum
1835 5801 2009 5869 pridie

2117 5593 2242 5645 Kal.
2271 5593 2430 5645 Mart.
2460 5608 2548 5645 an.
2588 5592 2757 5655 “05;
2796 5593 2926 5660 'l‘yr.
2981 5594 3073 5647 lib.
3107 5610 3179 5654 tt.
3216 5611 3335 5662 cap.
3380 5597 3444 5653 ἒς
3481 5591 3674 5662 Allwrt,

2121 5667 2224 5735 Au.
2256 5665 2354 5735 lib.
2385 5679 2459 5727 tx,
2496 5678 2618 5730 cap.
2653 5663 2763 5735 52.;
2807 5663 2994 5735 Enich.
3019 5664 3131 5735 Alih.
3171 5681 3229 5728 ll,
3266 5660 3384 5735 cap.
3411 5665 3472 5717 ‘29
3499 5673 3546 5714 et
3579 5660 3675 5735 Q8;

2119 5733 2273 5788 Gesta
2313 5733 2508 5786 Franc.
2537 5750 2659 5797 cap.
2692 5733 2792 5796 ὅτις
2827 5732 2969 5786 Hist.
3007 5733 3215 5791 meros.
3255 5731 3345 5794 an.
3376 5734 3529 5797 “05;
3579 5731 3676 5785 Ca-

2122 5805 2296 5871 tullus,
2334 5806 2426 5861 lib.
2459 5820 2494 5860 tt
2527 5803 2666 5859 Hist.
2702 5803 2880 5858 Tolos.
2911 5819 3032 5868 cap.
3069 5807 3120 5863 l.
