3780 6566
358 362 462 426 947

1667 361 1766 422 AN
1778 360 1896 422 ΝΛΞ
1937 358 2321 420 COMNEN/E
3519 356 3604 417 8l8

361 475 684 546 excipiebat,
717 474 928 546 culpam
984 474 1038 530 in
1067 473 1370 544 Augustum
1418 471 1703 529 conterens
1750 488 1940 528 eorum

2058 473 2295 540 κόμεθα,
2324 468 2425 524 καὶ
2455 468 2638 538 ,λιμὸν
2665 463 2796 523 οἷον
2824 467 3023 533 οὐδείς
3051 482 3170 522 που
3192 468 3237 500 ⁸³
3272 465 3389 521 τῶν
3415 467 3612 534 ἀνθρώ.

359 585 482 638 qua:
520 569 635 637 ipse
664 581 946 638 perperam
986 575 1174 636 egerat
1203 583 1217 620 :
1247 565 1400 630 Quod
1426 581 1574 619 arces
1613 582 1717 618 non
1761 564 1943 618 reddi-

360 674 496 721 mus,
527 675 630 712 non
659 675 776 722 nos,
810 657 1003 727 inquit,
1026 658 1116 710 setl
1141 667 1198 710 tu
1229 658 1281 710 in
1324 673 1486 710 causa
1530 674 1607 710 es.
1656 657 1938 712 Pollicitus

358 752 498 804 enim
525 762 799 803 venturum
834 759 882 800 te
906 758 1025 819 post
1053 765 1146 802 nos
1178 765 1293 802 cum
1325 748 1515 804 validis
1557 749 1742 818 copiis,
1784 749 1940 817 [idem

360 841 638 896 verberum
669 841 829 912 factis
853 853 1108 910 prasrare
1133 843 1390 905 noluisti;
1429 843 1807 913 neglexistique
1853 859 1946 896 nos

281 985 288 991 ,
360 952 477 988 cum
513 936 763 1004 periculis
786 936 1033 988 extremis
1062 945 1112 988 et
1141 939 1392 991 azrumnis
1438 937 1822 1007 con/lictantes.
1853 953 1945 1006 per

357 1029 669 1096 trimestrem
705 1030 1028 1082 obsidionem
1063 1030 1358 1084 Antias/tite
1384 1046 1402 1084 :
1433 1047 1534 1101 quo
1569 1040 1677 1084 toto
1716 1042 1944 1098 tempore

356 1132 550 1189 pra'ter
578 1122 946 1188 infestationem
988 1139 1257 1193 nunquam
1301 1125 1544 1177 remissas
1583 1123 1944 1192 pertinacissio

355 1228 561 1264 morum
597 1213 850 1275 hostium,
882 1215 1045 1268 etiam
1081 1218 1272 1285 famem
1303 1216 1676 1280 sustinuimus,
1726 1231 1847 1286 qua:
1896 1224 1946 1268 et

355 1320 536 1358 senum
575 1308 886 1360 memoriam
921 1319 970 1361 et
1005 1309 1263 1379 juvenum
1307 1326 1370 1362 ac
1413 1310 1646 1362 virorum
1697 1317 1948 1363 constan-

357 1398 485 1452 tiam
515 1401 759 1458 uinceret.
798 1399 941 1455 Nam
970 1419 1063 1456 nec
1088 1415 1388 1458 nostrarum
1420 1405 1696 1474 quisquam
1721 1403 1946 1458 similem

355 1508 409 1546 se
461 1494 752 1563 aliquando
805 1496 1173 1550 calamitatem
1225 1500 1339 1565 ejus
1378 1492 1581 1565 generis
1629 1497 1939 1550 meminerat

356 1600 628 1656 expertum
669 1606 688 1644 .'

2052 574 2185 611 πων
2216 557 2511 624 τεθέαται,
2538 557 2618 624 ὡς
2641 556 2786 623 τοὺς
2818 557 3159 623 πλείστους
3188 556 3366 625 ἡμῶν
3397 558 3495 611 καὶ
3519 563 3612 614 ἀπ’

2047 653 2251 708 αὐτῶν
2289 653 2476 722 ὑπὲρ¹
2502 653 2608 706 τοῦ
2641 655 2834 720 νόμου
2886 650 3402 720 ἀπηγορευμένων
3445 654 3614 719 κρεῶν

2040 749 2407 817 ,βεϐρωκέναι
2416 789 2431 804 .
2449 749 2574 819 Ἐφ’
2595 750 2806 804 ἱκανὸν
2817 748 2885 802 δὲ
2898 749 3424 818 ἐγκαρτερούντων
3447 747 3612 816 ἡμῶν,

2044 843 2143 898 καὶ
2161 841 2344 909 αὐτὸς
2361 846 2394 896 ό
2406 843 2604 908 δοθεὶς
2629 841 2775 912 ἡμῖν
2795 843 2882 906 εἰς
2901 841 3146 909 ἀρωγὴν
3173 841 3527 904 πιστότατος
3545 845 3613 895 ol-

2044 935 2221 1002 κέτης
2238 935 2344 989 τοῦ
2364 934 2481 988 σοῦ
2505 935 2764 1004 κράτους
2786 937 2858 987 Τα
2868 934 3048 996 rimo;
3073 933 3229 986 οὕτω
3250 932 3614 986 κινδυνεύον-

2043 1047 2151 1095 τας
2168 1029 2514 1083 καταλιπὼν
2534 1030 2690 1097 ἡμᾶς
2710 1028 2918 1099 ᾤχετο.
2941 1030 3204 1096 Εῖλομεν
3228 1026 3295 1080 δὲ
3319 1029 3438 1092 τὴν
3458 1030 3615 1081 πόλιν

2043 1122 2398 1191 παραδόξως
2467 1121 2567 1176 καὶ
2598 1121 2788 1186 αὐτὰς
2811 1123 2918 1187 τὰς
2963 1121 3084 1174 ἀπὸ
3115 1119 3224 1174 τοῦ
3251 1117 3528 1187 Χοροσᾶν
3546 1124 3615 1188 εἰς

2044 1215 2287 1286 ἀρωγὴν
2348 1214 2468 1268 τῶν
2531 1213 2879 1283 Ἀντιοχέων
2930 1214 3404 1275 καταλαϐούσας
3460 1211 3615 1265 δυνά-

2041 1327 2198 1380 μεις,
2235 1307 2836 1376 κατετροπωσάμεθα.
2874 1305 2988 1359 Kal
3038 1304 3165 1371 πῶς
3189 1304 3431 1358 δίκαιόν
3468 1304 3616 1357 ἐστιν

2047 1403 2200 1470 ἅπερ
2259 1405 2504 1467 οἰκείοις
2559 1400 2765 1468 ἱδρῶσι
2821 1399 2920 1453 καὶ
2985 1399 3198 1466 πόνοις
3229 1396 3617 1465 ἐκτησάμεθα,

2043 1497 2269 1566 ῥᾳδίως
2300 1495 2489 1561 οὕτως
2513 1492 3036 1561 ἀποποιήσασθαι.

730 1600 780 1644 et
821 1606 888 1644 ea:
935 1591 1001 1644 iis
1049 1590 1264 1658 plurimi
1309 1591 1438 1644 cibis
1481 1592 1658 1645 vetitis
1697 1601 1853 1662 atque.
1903 1591 2142 1662 infandis
2172 1609 2267 1646 ora
2307 1590 2541 1660 polluere.
2589 1606 2782 1660 magno
2827 1589 2970 1642 malo
3010 1597 3131 1642 sunt
3176 1587 3369 1640 coacti.
3421 1584 3618 1638 Interim

358 1699 487 1736 sane
525 1682 651 1734 dum
681 1684 1056 1755 egregiusate
1077 1684 1224 1737 nobis
1291 1686 1596 1755 assignatus
1664 1686 2011 1754 expeditionis
2050 1702 2242 1747 comes,
2302 1685 2424 1738 belli
2481 1685 2677 1744 socius.
2740 1681 2982 1736 Taticius
3031 1681 3123 1736 ille
3179 1681 3470 1746 ﬁdissimus
3529 1697 3618 1732 mtt-

357 1772 535 1836 iestati
573 1786 698 1840 tute,
732 1775 828 1826 tuli
857 1792 951 1828 nos
983 1784 1230 1844 tempore,
1264 1787 1420 1845 atque
1465 1777 1695 1831 articulo
1734 1779 1956 1847 periculi
1995 1779 2249 1834 deseruit.
2281 1777 2348 1830 At
2395 1793 2500 1830 non
2544 1775 2770 1830 deseruit
2801 1774 2962 1840 Deus,
2995 1775 3148 1843 cujus
3182 1790 3279 1843 ope
3313 1773 3618 1826 admirabili.

358 1877 468 1936 post
507 1877 793 1922 vestrorum
827 1883 1102 1930 recessum,
1162 1871 1587 1939 supervenientes
1661 1888 1693 1923 a
1737 1870 2006 1925 Corosane
2067 1871 2121 1924 in
2178 1870 2624 1924 Antiochenorum
2697 1868 2958 1922 auxilium
3017 1865 3427 1920 innumerabiles
3464 1865 3619 1933 cupitis

354 1962 541 2034 pra’lio
571 1961 808 2015 vicimus.
849 1959 979 2026 Qun:
1010 1979 1125 2016 cum
1159 1964 1232 2015 ita
1259 1963 1385 2028 sint,
1415 1964 1501 2017 cui
1531 1964 1695 2020 videri
1745 1981 1951 2035 (equum
1990 1966 2177 2035 possit,
2225 1982 2318 2018 nos
2344 1981 2407 2018 ea
2434 1981 2550 2035 qua:
2593 1963 2796 2032 magnis
2845 1978 2908 2014 ac
2935 1962 3117 2014 multis
3148 1960 3349 2015 nostris
3379 1961 3619 2012 laboribus

357 2060 737 2127 sudoribusque
761 2060 1205 2126 camparacimus,
1247 2060 1474 2130 abjicere
1515 2071 1622 2115 tam
1665 2063 1844 2127 facile,
1877 2080 1940 2116 ac
1977 2065 2109 2133 eripi
2145 2062 2288 2116 nobis
2320 2062 2523 2116 sinere?

393 2151 527 2208 .His
585 2152 778 2206 litteris
828 2151 1123 2222 legatorum
1178 2155 1350 2207 reditu
1400 2154 1467 2208 ad
1527 2170 1587 2210 se
1637 2156 1857 2225 perlatis
1925 2173 1956 2211 a
1990 2165 2029 2219 Β

360 2259 525 2315 seque
555 2243 802 2314 perlectis
838 2245 1134 2310 imperator
1160 2285 1176 2311 ,
1232 2244 1389 2298 facile
1439 2246 1663 2315 agnovit
1716 2246 1945 2302 rediisse

360 2337 632 2391 hominem
663 2336 729 2390 ad
761 2335 1030 2404 ingenium
1072 2335 1244 2405 prius,
1279 2351 1508 2390 excussa
1539 2335 1892 2391 simulatione
1927 2353 1941 2390 :

359 2430 627 2498 planeque
650 2418 803 2482 illum
843 2431 1018 2498 ipsum
1058 2439 1113 2483 et
1135 2430 1385 2484 ellllldelll
1419 2445 1543 2485 esse
1577 2432 1941 2484 Baimundum

359 2538 506 2577 nunc
535 2537 658 2577 cum
691 2523 945 2587 maxime,
977 2536 1137 2591 quem
1182 2531 1292 2576 tam
1324 2533 1540 2578 atroces
1573 2524 1702 2578 olim
1757 2539 1942 2580 secum

359 2613 675 2669 exercuisse
713 2613 1035 2668 inimicitias
1073 2614 1417 2670 meminerat.
1459 2615 1722 2682 Quocirca
1754 2632 1947 2672 neces-

359 2706 565 2761 sarium
597 2705 751 2759 duxit
789 2705 1042 2761 violentis
1071 2707 1193 2776 ejus
1231 2721 1524 2763 occurrere
1559 2709 1782 2764 ausibus
1812 2748 1828 2773 ,
1891 2719 1947 2763 et

360 2798 562 2852 limites
607 2797 820 2865 imperii
870 2795 1102 2852 Romani
1137 2798 1336 2853 talibus
1371 2796 1584 2853 munire
1637 2799 1902 2868 praesidiis
1929 2838 1943 2861 ,

358 2905 481 2961 qua:
506 2890 764 2958 impetum
803 2891 1357 2945 vehementis-hostis
1399 2901 1622 2960 possent
1670 2891 1942 2961 frangere.

364 2983 568 3053 Delegit
588 2985 654 3036 ad
679 2983 780 3038 hoc
812 2983 1125 3038 Butumiten
1148 2999 1308 3053 quem
1336 2985 1598 3052 irejussit
1627 2987 1678 3038 in
1701 2984 1945 3040 Ciliciam

361 3091 484 3132 cum
521 3076 692 3144 copiis
721 3075 1058 3142 lectissimis,
1091 3087 1252 3148 atque
1285 3079 1418 3132 adeo
1441 3077 1574 3134 [lore
1602 3079 1716 3148 ipso
1743 3080 1948 3134 militia:

363 3170 619 3224 llomanze
640 3210 656 3234 ,
701 3169 848 3224 vires
873 3185 1063 3224 omnes
1101 3169 1432 3226 fortissimos
1462 3181 1514 3225 et
1557 3172 1946 3241 experimentis

364 3262 576 3330 magnis
633 3263 876 3330 probatae
911 3260 1147 3316 virtutis.
1203 3260 1368 3316 Erant
1424 3263 1476 3316 in
1536 3263 1601 3318 iis
1662 3261 1862 3320 Bardas
1893 3275 1947 3318 et

363 3357 750 3413 l’ocillatorum
830 3359 1080 3426 princeps
1144 3357 1400 3422 Michael,
1467 3358 1723 3414 llorentes
1787 3371 1948 3416 amne

359 3450 592 3519 juvenes
624 3457 678 3504 et
720 3451 895 3520 prima
947 3451 1199 3520 lanugine
1244 3452 1415 3506 malas
1459 3453 1778 3522 signantes:
1810 3469 1947 3523 quos

365 3558 392 3594 a
426 3543 598 3612 prima
633 3553 794 3597 aetate
828 3545 1128 3614 imperator
1162 3546 1395 3599 nutritas
1420 3546 1558 3614 apud
1591 3561 1672 3610 se,
1700 3546 1946 3602 imbuere

366 3633 694 3688 rudimentis
737 3634 988 3689 militaris
1017 3638 1156 3692 artis
1190 3652 1284 3704 per
1317 3637 1555 3706 seipsum
1589 3639 1721 3694 tanti
1774 3641 1944 3694 (luxe-

364 3737 490 3790 rat,
535 3728 752 3782 lieroica
795 3743 1082 3796 puerorum
1137 3729 1360 3791 indole.
1417 3731 1706 3801 Studioque
1755 3733 1838 3786 sui
1884 3747 1948 3788 ac

364 3819 468 3874 title
520 3820 724 3889 majore
780 3820 1104 3876 delectatus.
1159 3821 1294 3877 Cum
1364 3823 1449 3877 his
1508 3833 1563 3876 et
1610 3825 1746 3880 alios
1804 3827 1949 3881 mille

363 3915 814 3984 generosissimos
845 3914 1187 3986 eximiosque
1214 3916 1506 3970 bellatores
1532 3918 1727 3987 partim
1765 3917 1949 3973 Gallos

361 4004 557 4074 partim
592 4002 862 4058 Romanos
900 4006 1064 4059 tradit
1099 4006 1382 4060 Butumitaa
1429 4007 1629 4076 jubens
1677 4025 1770 4064 eos
1821 4010 1951 4064 sub-

360 4099 580 4151 mittere
623 4112 683 4151 se
729 4097 802 4149 illi
833 4105 889 4150 et
919 4097 1300 4166 obtemperare
1345 4099 1400 4153 in
1445 4100 1738 4164 omnibus,
1789 4101 1948 4157 simul

359 4190 522 4244 etiam
555 4207 651 4259 pro
685 4190 944 4260 peculiari
1001 4191 1105 4245 ﬁde
1151 4192 1390 4261 ipsorum
1443 4193 1548 4249 illis
1599 4195 1862 4249 mandans
1894 4203 1950 4247 ut

359 4284 602 4338 oumium
635 4299 755 4353 qua:
785 4283 1184 4338 acciderentiu
1235 4293 1507 4340 momenta
1551 4286 1760 4350 singula
1810 4287 1948 4342 indi-

361 4378 510 4428 cium
545 4379 727 4430 statim
765 4377 829 4428 ad
861 4376 1240 4444 imperatorem
1273 4379 1552 4433 deferrent
1587 4393 1681 4447 per
1719 4393 1948 4435 arcanas

369 4467 602 4521 litteras.
653 4465 824 4519 Porro
869 4467 968 4520 hac
1013 4465 1357 4536 expeditione
1404 4467 1484 4520 sic
1513 4467 1825 4520 adornanda
1859 4468 1951 4521 de-

365 4559 753 4626 cernendaque
781 4557 1031 4625 cupiebat
1079 4559 1354 4626 Augustus
1402 4559 1622 4613 ﬁrmare
1675 4558 1776 4613 sibi
1827 4575 1949 4626 pos-

364 4651 666 4705 sessionem
703 4651 904 4705 Ciliciae
941 4649 1109 4721 335.
1146 4651 1334 4716 totius,
1368 4653 1659 4720 provinciae
1690 4651 1743 4706 in
1762 4653 1949 4722 primis

362 4753 680 4812 Opportuna:
705 4745 772 4796 ad
798 4758 860 4796 ea
890 4743 1116 4796 consilia
1165 4758 1284 4812 quae
1334 4753 1446 4796 tum
1499 4752 1678 4798 mente
1711 4744 1949 4813 agitabat

2143 2155 2632 2226 ’Υποστρεψάντων
2681 2153 2726 2207 δ’
2779 2152 2991 2206 ἐκεῖθεν
3033 2153 3143 2206 τῶν
3203 2153 3509 2226 πρέσϐειον,
3562 2153 3620 2217 ὡς

2047 2251 2146 2312 τὰς
2203 2249 2300 2301 τοῦ
2362 2246 2703 2317 Βαῖμούντου
2763 2245 3055 2314 ὑπανέγνω
3110 2247 3354 2316 γραφὰς,
3393 2246 3620 2312 διαγνοὺς

2049 2341 2216 2394 αὐτὸν
2249 2342 2460 2393 ἐκεῖνον
2514 2335 2671 2400 αὖθις
2699 2335 2845 2391 εἶναι
2889 2339 2982 2391 τὸν
3014 2338 3357 2407 Βαϊμοῦντον
3385 2342 3620 2409 μηδοπω·

2049 2433 2178 2487 σοῦν
2205 2433 2300 2486 ἐπὶ
2346 2433 2406 2484 τὸ
2444 2431 2659 2502 βέλτιον
2717 2430 3155 2501 μεταϐληθέντα,
3192 2433 3305 2484 δεῖν
3354 2433 3499 2499 ἔγνω
3534 2432 3622 2484 τιῖιν

2046 2528 2210 2598 ὁρίων
2239 2527 2337 2597 τῆς
2383 2525 2663 2596 βασιλείας
2707 2525 2998 2595 Ῥωμαίων
3031 2523 3382 2594 ἀντέχεσθαι,
3420 2526 3510 2577 καὶ
3540 2527 3622 2594 τὴν

2049 2618 2352 2684 ἀκάθεκτον
2380 2617 2547 2670 αὐτοῦ
2573 2617 2754 2688 ὁρμὴν
2809 2616 2884 2680 ὡς
2918 2616 3039 2670 ὲνὺν
3078 2618 3433 2671 ἀνακόπτειν.
3464 2620 3622 2671 Δυνά-

2052 2725 2174 2777 μεις
2203 2707 2382 2760 τοίνυν
2417 2707 2621 2771 πολλὰς
2663 2707 2803 2778 μετὰ
2833 2706 2929 2760 τοῦ
2966 2707 3337 2778 Βουτουμίτου
3369 2710 3507 2762 κατὰ
3537 2711 3623 2778 τῆς

2051 2800 2306 2862 Κιλικίας
2338 2799 2640 2870 ἐξέπεμψε,
2665 2800 2762 2853 καὶ
2795 2801 2856 2852 τὸ
2893 2799 3334 2870 ἔλλογιμώτατον
3353 2800 3445 2854 τοῦ
3471 2819 3622 2873 στρ]-

2049 2891 2308 2944 τιωτικοῦ
2375 2892 2685 2960 καταλόγου
2724 2932 2738 2957 ,
2792 2892 2998 2962 ἄνδρας
3065 2894 3494 2962 μαχιμωτάτους
3543 2895 3624 2947 καὶ

2053 2983 2254 3051 "Apso;
2314 2983 2668 3047 ὑπασπιστὰς
2727 2984 3001 3050 ἅπαντας,
3066 2985 3164 3039 καὶ
3231 2987 3398 3040 αὐτὸν
3436 2987 3500 3056 δὴ
3546 2987 3624 3040 τὸν

2050 3075 2264 3145 Βάρδαν
2317 3077 2411 3129 καὶ
2455 3076 2547 3129 τὸν
2604 3077 2971 3148 ἀρχιοινοχόον
3022 3078 3244 3150 Μιχαὴλ
3287 3079 3401 3150 (65)
3458 3081 3624 3146 ἀκμά-

2051 3167 2245 3232 ζοντας
2293 3168 2390 3221 καὶ
2445 3169 2735 3239 ἀρτιφυεῖς
2803 3171 2862 3222 τὸ
2917 3173 3149 3238 γένειον.
3206 3170 3316 3234 Οὓς
3383 3173 3623 3241 νηπιόοεν

2053 3258 2497 3331 προσλαϐόμενος
2530 3261 2559 3313 ὁ
2613 3261 2974 3332 αὐτοκράτωρ
3024 3266 3119 3316 καὶ
3162 3263 3235 3315 τὰ
3269 3268 3624 3328 στρατιωτικά

2051 3351 2416 3416 ὲκπαιδεύσας
2443 3351 2518 3415 ὡς
2551 3355 2949 3422 εὐνουστέρους
2984 3354 3096 3406 τῶν
3149 3355 3351 3420 ἄλλων,
3409 3357 3485 3424 τῷ
3511 3357 3624 3409 Bau-

2049 3444 2282 3514 τουμίτῃ
2353 3445 2698 3512 παραδίδωσι
2763 3446 2886 3515 μεθ’
2947 3447 3155 3517 ἑτέρων
3209 3449 3402 3520 χιλίων
3433 3450 3623 3520 ἀνδρῶν

2050 3536 2316 3605 γενναίων
2368 3537 2591 3590 Κελτῶν
2619 3540 2713 3591 καὶ
2755 3538 3066 3608 Ῥωμαίων,
3108 3541 3196 3608 ἐφ’
3250 3535 3296 3609 ᾧ
3359 3559 3623 3612 συμπαρο-

2054 3632 2286 3701 μαρτεῖν
2318 3648 2377 3683 τε
2406 3631 2558 3702 αὐτῷ
2625 3633 2722 3685 καὶ
2758 3633 3008 3687 ὑπείκειν
3042 3636 3100 3688 ἐν
3159 3635 3369 3688 ἅπασιν
3394 3675 3410 3703 ,
3441 3637 3546 3705 ἅμα
3569 3637 3620 3690 δὲ

2051 3724 2148 3778 καὶ
2192 3725 2253 3777 τὸ
2302 3725 2468 3796 τυχὸν
2518 3725 2627 3778 τῶν
2686 3726 2808 3779 καθ’
2891 3725 3042 3797 ὥραν
3089 3727 3511 3798 ξυμπιπτόντων
3549 3729 3621 3780 δι’

2051 3820 2389 3892 ἀπορρήτων
2416 3821 2767 3890 γραμμάτων
2818 3821 3016 3890 δηλοῦν
3048 3822 3220 3892 αὐτῷ.
3256 3824 3516 3878 Ἐσπευδε
3567 3823 3620 3875 δὲ

2051 3910 2149 3981 τὴν
2166 3911 2387 3964 ἅπασαν
2404 3910 2590 3982 χώραν
2619 3914 2714 3982 τῆς
2743 3913 2992 3977 Κιλικίας
3028 3919 3326 3985 κατασχεῖν
3353 3915 3418 3968 ἶν’
3452 3915 3620 3968 ὲε.·τεῦο

2053 4003 2143 4056 θεν
2176 4005 2306 4075 ῥᾷον
2340 4005 2408 4057 τὰ
2441 4005 2583 4058 κατὰ
2624 4007 2724 4073 τὴν
2768 4005 3101 4076 Ἀντιόχειαν
3119 4007 3620 4081 ὲξαρτύῃ.“Απάρας

2051 4096 2196 4150 οὖνὸ
2225 4099 2597 4167 Βουτουμίτης
2655 4100 2753 4150 σὺν
2801 4098 2956 4162 ὅλαις
3003 4099 3293 4168 δυνάμεσι,
3369 4103 3457 4153 καὶ
3503 4102 3615 4170 περὶ

2054 4189 2152 4260 τὴν
2187 4189 2442 4242 ’Λττάλου
2489 4189 2601 4260 (66)
2664 4189 2942 4259 ἐφθακὼς,
2989 4191 3112 4242 ἐπεὶ
3160 4194 3253 4244 τὸν
3284 4193 3492 4262 Βάρδαν
3533 4195 3611 4244 καὶ

2050 4285 2144 4337 τὸν
2205 4285 2579 4355 ἀρχιοινοχόον
2625 4285 2843 4355 Μιχαὴλ
2873 4286 2949 4355 μὴ
2981 4287 3310 4346 ὐπεέκοντας
3363 4286 3501 4358 ἑώρα
3546 4287 3611 4354 τῷ

2051 4375 2243 4428 τούτου
2274 4374 2543 4446 θελήματι
2599 4376 2689 4428 ἵνα
2749 4376 2823 4445 μὴ
2857 4377 2948 4428 καὶ
2980 4375 3040 4428 τὸ
3078 4375 3359 4428 ὁπλιτικὸν
3395 4375 3607 4446 συμϐαίη

2053 4472 2390 4533 στασιάζειν,
2443 4472 2555 4522 uix
2613 4467 2807 4521 τούτου
2867 4469 3226 4532 κενόσπουδος
3257 4471 3288 4535 ἡ
3336 4470 3528 4538 σπουδὴ
3553 4469 3614 4538 τῷ

2052 4561 2399 4632 Βουτουμίτη
2459 4560 2689 4630 γένηται
2745 4563 2838 4612 καὶ
2896 4559 3183 4630 ἄπρακτος
3236 4559 3338 4628 τῆς
3389 4559 3610 4619 Κιλικίας

2051 4656 2470 4724 ἁποπεμφθείη,
2529 4655 2878 4725 παραχρῆμα
2910 4653 2980 4706 τὰ
3005 4654 3137 4723 περὶ
3169 4653 3364 4706 τούτου
3387 4655 3528 4726 δηλοί
3552 4651 3610 4721 τῷ

2051 4749 2444 4819 αὐτοκράτορι,
2513 4747 2612 4817 τὴν
2646 4745 2765 4814 μετ’
2803 4744 2986 4797 αὐτῶν
3020 4744 3410 4816 συνδιατριϐὴν
3438 4763 3610 4816 παραε-

360 4838 428 4891 de
479 4835 786 4893 Antiochia.
841 4836 1110 4890 Craterum
1165 4836 1442 4904 prolectus
1484 4835 1787 4892 Butumitcs
1823 4852 1945 4891 cum

2058 4839 2336 4910 τούμενος.
2379 4839 2437 4892 Ὀ
2462 4837 2520 4891 δὲ
2542 4836 2641 4899 τὰς
2673 4839 2738 4888 ὲκ
2767 4835 2875 4889 τῶν
2905 4835 3168 4888 τοιούτων
3203 4835 3460 4899 εἰωθυίας
3491 4834 3611 4904 γίνε-

367 4931 450 4983 Lis
489 4930 686 4997 copiis,
713 4929 805 4983 ubi
855 4930 919 4982 ad
971 4933 1156 4984 urbem
1208 4929 1371 4982 Attali
1403 4932 1672 4999 pervenit,
1721 4932 1855 4983 satis
1883 4948 1948 4984 co

360 5021 556 5075 itinere
583 5030 842 5088 expertus
873 5021 1279 5075 contumaciam
1315 5020 1500 5073 Bardte
1529 5029 1583 5074 et
1611 5022 1943 5075 Archimuo-

362 5113 484 5168 choi
521 5113 797 5166 Michaelis
821 5155 836 5176 ,
872 5112 963 5182 qui
996 5113 1159 5166 ambo
1201 5111 1386 5166 favore
1428 5111 1688 5182 principis
1748 5121 1946 5181 pra-tu-

363 5207 518 5270 midi,
554 5206 934 5277 obtemperare
967 5206 1065 5276 ipsi
1098 5207 1461 5268 recusabant;
1508 5215 1564 5259 et
1620 5205 1826 5259 veritus
1885 5221 1954 5259 ne

2053 4935 2178 4986 σθαι
2202 4931 2406 4998 pisse,-
2439 4929 2748 4996 γινώσκων,
2782 4928 3000 4997 γοργῶς
3039 4927 3126 4997 ἐφ’
3155 4927 3352 4998 ἑτέραν
3381 4928 3607 4979 ὑπόθεσιν

2050 5024 2273 5085 τούτους
2308 5039 2366 5076 τε
2392 5024 2486 5075 καὶ
2516 5020 2750 5081 ὁπόσους
2776 5020 3055 5082 ὑπόπτους
3109 5015 3225 5088 εἶχε
3255 5019 3346 5072 διὰ
3372 5017 3608 5089 γραμμὰ·

2051 5133 2163 5168 των
2194 5114 2570 5183 προύτρέπετο
2609 5110 2823 5182 ἶνα-τὴν
2871 5111 3098 5181 Κύπρον
3165 5114 3351 5182 τάχιον
3401 5114 3608 5166 uacula-

2056 5209 2262 5273 ϐάντες,
2295 5206 2376 5277 τῷ
2427 5205 2770 5278 Εὐφορὸηνῷ
2800 5207 3199 5278 Κωνσταντίνῳ
3238 5209 3337 5279 τὴν
3387 5205 3608 5274 δουκικὴν

1387 5319 1589 5382 νει-ιω
1622 5319 1932 5383 lectiones
1967 5338 2046 5384 ex
2082 5320 2225 5382 cod.
2290 5319 2572 5381 Coislin.

432 5430 477 5460 99
501 5444 608 5480 πω.
688 5426 703 5456 ⁵
729 5424 855 5479 ὐπό.

1432 5518 1574 5579 Car.
1613 5517 1940 5578 Dufresnii
1986 5517 2082 5578 Du
2109 5516 2336 5596 Cangii
2373 5525 2565 5580 notae.

437 5645 552 5717 (65)
610 5643 875 5712 Μιχαήλ.
947 5642 1220 5714 Dignitate
1283 5633 1664 5714 piuceruam,’
1714 5645 1778 5698 de
1842 5659 1951 5713 quo

369 5717 711 5854 νδῖθὺξᾶἒέεν
748 5785 1058 5839 Ἀττάλου.
1104 5785 1443 5848 ’Λττάλειχη
1480 5783 1806 5853 Ρειιι-ιιιιιιῑίιιι
1840 5801 1952 5835 ιιιρο

372 5861 621 5929 tropolim
655 5859 704 5912 in
746 5859 982 5913 themate
1013 5854 1274 5912 Orientali
1330 5860 1468 5926 apud
1500 5856 1786 5910 Constant.
1822 5856 1951 5911 Γοι-

2062 5645 2291 5713 pbyrog.
2324 5660 2482 5709 (piam
2518 5657 2736 5699 actuum
2773 5648 3102 5711 expugnavit
3137 5641 3422 5696 lconicnsrs
3469 5642 3604 5692 sulta-

2063 5731 2164 5768 nus
2201 5731 2289 5768 an.
2322 5716 2476 5777 12M,
2513 5727 2569 5768 ut
2599 5725 2682 5768 est
2715 5717 2765 5766 in
2801 5718 2998 5766 (Λινοη.
3035 5714 3278 5768 Altisiorl.
3310 5713 3604 5764 Describitur

2064 5801 2190 5838 vero
2218 5787 2440 5910 11533110
2473 5788 2569 5841 lib.
2590 5802 2699 5856 ut,
2720 5803 2837 5856 cap.
2866 5787 2956 5839 ‘26.
2991 5785 3123 5843 Vide
3155 5783 3429 5840 Leuuclav.
3453 5779 3601 5832 Pand-

2064 5872 2182 5910 (λιιι).
2327 5896 2340 5910 .

2063 5872 2182 5925 cap.
2221 5872 2340 5910 ιδυ.
