  <div class='ocr_page' id='page_1' title='image "/cluster/home/n/w/nwhite01/storage/ocr_20150623/131/hvd.32044019208263/444.png"; bbox 0 0 3780 6564; ppageno 0'>
   <div class='ocr_carea' id='block_1_1' title="bbox 177 389 2113 461">
    <p class='ocr_par' dir='ltr' id='par_1_1' title="bbox 177 389 2113 461">
     <span class='ocr_line' id='line_1_1' title="bbox 177 389 2113 461; baseline 0.002 -6"><span class='ocrx_word' id='word_1_1' title='bbox 177 397 261 457; x_wconf 86' lang='grc'><strong>853</strong></span> <span class='ocrx_word' id='word_1_2' title='bbox 1374 389 1793 456; x_wconf 74' lang='lat' dir='ltr'><strong>ALEXIADIS</strong></span> <span class='ocrx_word' id='word_1_3' title='bbox 1816 397 1965 461; x_wconf 81' lang='lat' dir='ltr'><strong>LIB.</strong></span> <span class='ocrx_word' id='word_1_4' title='bbox 2000 399 2113 459; x_wconf 75' lang='lat' dir='ltr'><strong>XI.&quot;</strong></span> 
     </span>
    </p>
   </div>
   <div class='ocr_carea' id='block_1_2' title="bbox 3261 403 3369 466">
    <p class='ocr_par' dir='ltr' id='par_1_2' title="bbox 3261 403 3369 466">
     <span class='ocr_line' id='line_1_2' title="bbox 3261 403 3369 466; baseline 0 0"><span class='ocrx_word' id='word_1_5' title='bbox 3261 403 3369 466; x_wconf 64' lang='grc'><strong>854</strong></span> 
     </span>
    </p>
   </div>
   <div class='ocr_carea' id='block_1_3' title="bbox 173 503 1683 584">
    <p class='ocr_par' dir='ltr' id='par_1_3' title="bbox 173 503 1681 579">
     <span class='ocr_line' id='line_1_3' title="bbox 173 503 1681 579; baseline -0.001 -14"><span class='ocrx_word' id='word_1_6' title='bbox 173 513 217 565; x_wconf 79' lang='grc' dir='ltr'>δὲ</span> <span class='ocrx_word' id='word_1_7' title='bbox 256 506 651 577; x_wconf 73' lang='grc' dir='ltr'>παραγενόμενοι</span> <span class='ocrx_word' id='word_1_8' title='bbox 687 503 762 565; x_wconf 84' lang='grc' dir='ltr'>ὡς</span> <span class='ocrx_word' id='word_1_9' title='bbox 806 505 905 571; x_wconf 82' lang='grc' dir='ltr'>τῆς</span> <span class='ocrx_word' id='word_1_10' title='bbox 940 505 1120 574; x_wconf 78' lang='grc' dir='ltr'>ἄγρας</span> <span class='ocrx_word' id='word_1_11' title='bbox 1172 508 1437 579; x_wconf 78' lang='grc' dir='ltr'>ὴστόχουν</span> <span class='ocrx_word' id='word_1_12' title='bbox 1465 510 1681 578; x_wconf 80' lang='grc' dir='ltr'><strong>ὀλίγους</strong></span> 
     </span>
    </p>
   </div>
   <div class='ocr_carea' id='block_1_4' title="bbox 1860 503 3366 584">
    <p class='ocr_par' dir='ltr' id='par_1_4' title="bbox 1860 512 3366 584">
     <span class='ocr_line' id='line_1_4' title="bbox 1860 512 3366 584; baseline 0.003 -19"><span class='ocrx_word' id='word_1_13' title='bbox 1860 514 1945 567; x_wconf 85' lang='lat' dir='ltr'><strong>nul</strong></span> <span class='ocrx_word' id='word_1_14' title='bbox 1990 514 2164 568; x_wconf 90' lang='lat' dir='ltr'><strong>eidem</strong></span> <span class='ocrx_word' id='word_1_15' title='bbox 2220 514 2293 569; x_wconf 83' lang='lat' dir='ltr'><strong>illi</strong></span> <span class='ocrx_word' id='word_1_16' title='bbox 2342 514 2461 570; x_wconf 86' lang='lat' dir='ltr'><strong>viro</strong></span> <span class='ocrx_word' id='word_1_17' title='bbox 2500 512 2903 584; x_wconf 66' lang='lat' dir='ltr'><strong>probatissimae</strong></span> <span class='ocrx_word' id='word_1_18' title='bbox 2929 512 3171 568; x_wconf 76' lang='lat' dir='ltr'><strong>&#39;virtutis</strong></span> <span class='ocrx_word' id='word_1_19' title='bbox 3198 555 3212 579; x_wconf 94' lang='lat'><strong>,</strong></span> <span class='ocrx_word' id='word_1_20' title='bbox 3260 531 3366 583; x_wconf 89' lang='lat' dir='ltr'><strong>quo</strong></span> 
     </span>
    </p>
   </div>
   <div class='ocr_carea' id='block_1_5' title="bbox 173 595 1679 665">
    <p class='ocr_par' dir='ltr' id='par_1_5' title="bbox 173 595 1679 665">
     <span class='ocr_line' id='line_1_5' title="bbox 173 595 1679 665; baseline 0.002 -14"><span class='ocrx_word' id='word_1_21' title='bbox 173 603 289 658; x_wconf 71' lang='grc' dir='ltr'>τινὰς</span> <span class='ocrx_word' id='word_1_22' title='bbox 320 597 663 665; x_wconf 74' lang='grc' dir='ltr'>ὲφευρηκὸτες</span> <span class='ocrx_word' id='word_1_23' title='bbox 698 595 807 647; x_wconf 83' lang='grc' dir='ltr'><strong>τῶν</strong></span> <span class='ocrx_word' id='word_1_24' title='bbox 848 598 1128 659; x_wconf 80' lang='grc' dir='ltr'>Πισσαίων</span> <span class='ocrx_word' id='word_1_25' title='bbox 1160 600 1326 654; x_wconf 82' lang='grc' dir='ltr'>αὐτοῦ</span> <span class='ocrx_word' id='word_1_26' title='bbox 1368 619 1471 655; x_wconf 86' lang='grc' dir='ltr'><strong>που</strong></span> <span class='ocrx_word' id='word_1_27' title='bbox 1508 618 1679 656; x_wconf 86' lang='grc' dir='ltr'>κατα-</span> 
     </span>
    </p>
   </div>
   <div class='ocr_carea' id='block_1_6' title="bbox 171 688 1679 765">
    <p class='ocr_par' dir='ltr' id='par_1_6' title="bbox 171 688 1679 765">
     <span class='ocr_line' id='line_1_6' title="bbox 171 688 1679 765; baseline 0.003 -21"><span class='ocrx_word' id='word_1_28' title='bbox 171 692 454 756; x_wconf 62' lang='grc' dir='ltr'>λειφθέντας.</span> <span class='ocrx_word' id='word_1_29' title='bbox 471 688 825 741; x_wconf 77' lang='grc' dir='ltr'>ἐπυνθάνοντο</span> <span class='ocrx_word' id='word_1_30' title='bbox 851 691 986 743; x_wconf 76' lang='grc' dir='ltr'>ὅπου</span> <span class='ocrx_word' id='word_1_31' title='bbox 1012 691 1040 740; x_wconf 85' lang='grc' dir='ltr'>ὁ</span> <span class='ocrx_word' id='word_1_32' title='bbox 1066 693 1364 756; x_wconf 79' lang='grc' dir='ltr'>Πισσαικδς</span> <span class='ocrx_word' id='word_1_33' title='bbox 1389 694 1679 765; x_wconf 74' lang='grc' dir='ltr'>ἐξώρμησε</span> 
     </span>
    </p>
   </div>
   <div class='ocr_carea' id='block_1_7' title="bbox 170 779 1681 855">
    <p class='ocr_par' dir='ltr' id='par_1_7' title="bbox 170 779 1681 855">
     <span class='ocr_line' id='line_1_7' title="bbox 170 779 1681 855; baseline -0.003 -22"><span class='ocrx_word' id='word_1_34' title='bbox 170 784 335 840; x_wconf 69' lang='grc' dir='ltr'>στόλος.</span> <span class='ocrx_word' id='word_1_35' title='bbox 362 781 419 832; x_wconf 85' lang='grc' dir='ltr'><strong>Οἱ</strong></span> <span class='ocrx_word' id='word_1_36' title='bbox 457 780 510 831; x_wconf 85' lang='grc' dir='ltr'>δὲ</span> <span class='ocrx_word' id='word_1_37' title='bbox 554 779 687 846; x_wconf 77' lang='grc' dir='ltr'>πρὸς</span> <span class='ocrx_word' id='word_1_38' title='bbox 722 781 821 850; x_wconf 82' lang='grc' dir='ltr'>τὴν</span> <span class='ocrx_word' id='word_1_39' title='bbox 859 781 1042 834; x_wconf 74' lang='grc' dir='ltr'>Ῥόδον</span> <span class='ocrx_word' id='word_1_40' title='bbox 1076 783 1307 849; x_wconf 79' lang='grc' dir='ltr'>ἔφασαν.</span> <span class='ocrx_word' id='word_1_41' title='bbox 1361 786 1471 838; x_wconf 72' lang='grc' dir='ltr'>Καὶ</span> <span class='ocrx_word' id='word_1_42' title='bbox 1499 805 1681 855; x_wconf 83' lang='grc' dir='ltr'>παρα-</span> 
     </span>
    </p>
   </div>
   <div class='ocr_carea' id='block_1_8' title="bbox 168 869 1682 943">
    <p class='ocr_par' dir='ltr' id='par_1_8' title="bbox 168 869 1682 943">
     <span class='ocr_line' id='line_1_8' title="bbox 168 869 1682 943; baseline 0.006 -22"><span class='ocrx_word' id='word_1_43' title='bbox 168 876 319 943; x_wconf 76' lang='grc' dir='ltr'>χρῆμα</span> <span class='ocrx_word' id='word_1_44' title='bbox 342 869 586 930; x_wconf 77' lang='grc' dir='ltr'><strong>λύσαντες</strong></span> <span class='ocrx_word' id='word_1_45' title='bbox 613 871 677 921; x_wconf 81' lang='grc' dir='ltr'><strong>τά</strong></span> <span class='ocrx_word' id='word_1_46' title='bbox 708 873 1027 942; x_wconf 79' lang='grc' dir='ltr'>πρυμνήσια</span> <span class='ocrx_word' id='word_1_47' title='bbox 1055 873 1249 927; x_wconf 84' lang='grc' dir='ltr'>θᾶττον</span> <span class='ocrx_word' id='word_1_48' title='bbox 1274 874 1501 938; x_wconf 82' lang='grc' dir='ltr'><strong>τούτους</strong></span> <span class='ocrx_word' id='word_1_49' title='bbox 1522 880 1682 930; x_wconf 79' lang='grc' dir='ltr'>κατέ-</span> 
     </span>
    </p>
   </div>
   <div class='ocr_carea' id='block_1_9' title="bbox 166 962 1680 1032">
    <p class='ocr_par' dir='ltr' id='par_1_9' title="bbox 166 962 1680 1032">
     <span class='ocr_line' id='line_1_9' title="bbox 166 962 1680 1032; baseline 0.001 -16"><span class='ocrx_word' id='word_1_50' title='bbox 166 964 294 1017; x_wconf 65' lang='grc' dir='ltr'>λαϐον</span> <span class='ocrx_word' id='word_1_51' title='bbox 324 962 513 1031; x_wconf 75' lang='grc' dir='ltr'>μεταξὺ</span> <span class='ocrx_word' id='word_1_52' title='bbox 561 963 860 1032; x_wconf 79' lang='grc' dir='ltr'>Ιίαττάρων</span> <span class='ocrx_word' id='word_1_53' title='bbox 907 967 1001 1017; x_wconf 77' lang='grc' dir='ltr'><strong>καὶ</strong></span> <span class='ocrx_word' id='word_1_54' title='bbox 1045 967 1250 1019; x_wconf 87' lang='grc' dir='ltr'>Ῥόδου.</span> <span class='ocrx_word' id='word_1_55' title='bbox 1278 967 1514 1032; x_wconf 87' lang='grc' dir='ltr'>Τούτους</span> <span class='ocrx_word' id='word_1_56' title='bbox 1562 970 1607 1023; x_wconf 84' lang='grc' dir='ltr'>δ’</span> <span class='ocrx_word' id='word_1_57' title='bbox 1633 974 1680 1024; x_wconf 75' lang='grc' dir='ltr'><strong>οἱ</strong></span> 
     </span>
    </p>
   </div>
   <div class='ocr_carea' id='block_1_10' title="bbox 164 1054 1681 1132">
    <p class='ocr_par' dir='ltr' id='par_1_10' title="bbox 164 1054 1681 1132">
     <span class='ocr_line' id='line_1_10' title="bbox 164 1054 1681 1132; baseline -0.001 -25"><span class='ocrx_word' id='word_1_58' title='bbox 164 1058 369 1111; x_wconf 67' lang='lat' dir='ltr'><strong>limosis:</strong></span> <span class='ocrx_word' id='word_1_59' title='bbox 396 1054 739 1121; x_wconf 83' lang='grc' dir='ltr'>θεασάμενοι,</span> <span class='ocrx_word' id='word_1_60' title='bbox 772 1055 937 1123; x_wconf 74' lang='grc' dir='ltr'>μύθου</span> <span class='ocrx_word' id='word_1_61' title='bbox 990 1059 1309 1129; x_wconf 81' lang='grc' dir='ltr'>παραυτίκα</span> <span class='ocrx_word' id='word_1_62' title='bbox 1346 1062 1535 1132; x_wconf 84' lang='grc' dir='ltr'>σχῆμα.</span> <span class='ocrx_word' id='word_1_63' title='bbox 1566 1064 1681 1118; x_wconf 86' lang='grc' dir='ltr'>δια-</span> 
     </span>
    </p>
   </div>
   <div class='ocr_carea' id='block_1_11' title="bbox 161 1147 1681 1223">
    <p class='ocr_par' dir='ltr' id='par_1_11' title="bbox 161 1147 1681 1223">
     <span class='ocr_line' id='line_1_11' title="bbox 161 1147 1681 1223; baseline 0.008 -25"><span class='ocrx_word' id='word_1_64' title='bbox 161 1148 459 1206; x_wconf 71' lang='grc' dir='ltr'>τυπώσαντες</span> <span class='ocrx_word' id='word_1_65' title='bbox 499 1147 633 1215; x_wconf 84' lang='grc' dir='ltr'>πρὸς</span> <span class='ocrx_word' id='word_1_66' title='bbox 678 1148 860 1217; x_wconf 75' lang='grc' dir='ltr'>μάχην</span> <span class='ocrx_word' id='word_1_67' title='bbox 912 1151 974 1202; x_wconf 87' lang='grc' dir='ltr'><strong>ού</strong></span> <span class='ocrx_word' id='word_1_68' title='bbox 1021 1152 1087 1203; x_wconf 76' lang='grc' dir='ltr'>τὰ</span> <span class='ocrx_word' id='word_1_69' title='bbox 1140 1152 1268 1223; x_wconf 80' lang='grc' dir='ltr'>ξίφη</span> <span class='ocrx_word' id='word_1_70' title='bbox 1322 1157 1502 1220; x_wconf 80' lang='grc' dir='ltr'>μόνον,</span> <span class='ocrx_word' id='word_1_71' title='bbox 1545 1157 1681 1211; x_wconf 84' lang='grc' dir='ltr'><strong>ἀλλά</strong></span> 
     </span>
    </p>
   </div>
   <div class='ocr_carea' id='block_1_12' title="bbox 162 1232 1680 1303">
    <p class='ocr_par' dir='ltr' id='par_1_12' title="bbox 162 1232 1680 1303">
     <span class='ocr_line' id='line_1_12' title="bbox 162 1232 1680 1303; baseline 0.007 -18"><span class='ocrx_word' id='word_1_72' title='bbox 162 1239 232 1288; x_wconf 72' lang='grc' dir='ltr'><strong>καὶ</strong></span> <span class='ocrx_word' id='word_1_73' title='bbox 272 1236 353 1294; x_wconf 61' lang='grc' dir='ltr'>τὶς</span> <span class='ocrx_word' id='word_1_74' title='bbox 387 1233 603 1300; x_wconf 79' lang='grc' dir='ltr'>καρδίας</span> <span class='ocrx_word' id='word_1_75' title='bbox 652 1232 870 1302; x_wconf 73' lang='grc' dir='ltr'><strong>ἔθηγον.</strong></span> <span class='ocrx_word' id='word_1_76' title='bbox 926 1235 1457 1303; x_wconf 81' lang='grc' dir='ltr'>Ἐπικαταλαὸὁντος</span> <span class='ocrx_word' id='word_1_77' title='bbox 1502 1242 1559 1294; x_wconf 82' lang='grc' dir='ltr'><strong>δὲ</strong></span> <span class='ocrx_word' id='word_1_78' title='bbox 1588 1242 1680 1296; x_wconf 89' lang='grc' dir='ltr'><strong>τοῦ</strong></span> 
     </span>
    </p>
   </div>
   <div class='ocr_carea' id='block_1_13' title="bbox 169 1319 1678 1402">
    <p class='ocr_par' dir='ltr' id='par_1_13' title="bbox 169 1319 1678 1402">
     <span class='ocr_line' id='line_1_13' title="bbox 169 1319 1678 1402; baseline 0.009 -30"><span class='ocrx_word' id='word_1_79' title='bbox 169 1319 433 1387; x_wconf 78' lang='grc' dir='ltr'><strong>Ῥωμαϊκοῦ</strong></span> <span class='ocrx_word' id='word_1_80' title='bbox 483 1320 666 1373; x_wconf 82' lang='grc' dir='ltr'>στόλου</span> <span class='ocrx_word' id='word_1_81' title='bbox 717 1322 899 1390; x_wconf 81' lang='grc' dir='ltr'>κόμης</span> <span class='ocrx_word' id='word_1_82' title='bbox 947 1341 1032 1386; x_wconf 88' lang='grc' dir='ltr'><strong>τις</strong></span> <span class='ocrx_word' id='word_1_83' title='bbox 1081 1326 1514 1397; x_wconf 83' lang='grc' dir='ltr'>Πελλοπονήσιος</span> <span class='ocrx_word' id='word_1_84' title='bbox 1566 1331 1678 1402; x_wconf 76' lang='grc'><strong>(74)</strong></span> 
     </span>
    </p>
   </div>
   <div class='ocr_carea' id='block_1_14' title="bbox 160 1410 1684 1489">
    <p class='ocr_par' dir='ltr' id='par_1_14' title="bbox 160 1410 1684 1489">
     <span class='ocr_line' id='line_1_14' title="bbox 160 1410 1684 1489; baseline 0.012 -29"><span class='ocrx_word' id='word_1_85' title='bbox 160 1413 484 1480; x_wconf 78' lang='grc' dir='ltr'>Περιχυτάνης</span> <span class='ocrx_word' id='word_1_86' title='bbox 503 1411 521 1441; x_wconf 89' lang='grc'><em>³</em></span> <span class='ocrx_word' id='word_1_87' title='bbox 550 1410 887 1479; x_wconf 86' lang='grc' dir='ltr'>καλούμενος</span> <span class='ocrx_word' id='word_1_88' title='bbox 918 1416 1201 1486; x_wconf 78' lang='grc' dir='ltr'>ναυλοχεῖν</span> <span class='ocrx_word' id='word_1_89' title='bbox 1224 1420 1423 1489; x_wconf 82' lang='grc' dir='ltr'>ἄριστα</span> <span class='ocrx_word' id='word_1_90' title='bbox 1454 1424 1684 1478; x_wconf 75' lang='grc' dir='ltr'>ἐπιστά-</span> 
     </span>
    </p>
   </div>
   <div class='ocr_carea' id='block_1_15' title="bbox 159 1502 1682 1576">
    <p class='ocr_par' dir='ltr' id='par_1_15' title="bbox 159 1502 1682 1576">
     <span class='ocr_line' id='line_1_15' title="bbox 159 1502 1682 1576; baseline 0.012 -22"><span class='ocrx_word' id='word_1_91' title='bbox 159 1519 286 1573; x_wconf 81' lang='grc' dir='ltr'>μενος</span> <span class='ocrx_word' id='word_1_92' title='bbox 327 1503 395 1564; x_wconf 82' lang='grc' dir='ltr'>ὡς</span> <span class='ocrx_word' id='word_1_93' title='bbox 430 1502 647 1566; x_wconf 84' lang='grc' dir='ltr'>τούτους</span> <span class='ocrx_word' id='word_1_94' title='bbox 697 1505 983 1570; x_wconf 81' lang='grc' dir='ltr'>ἐθεάσατο,</span> <span class='ocrx_word' id='word_1_95' title='bbox 1024 1512 1143 1573; x_wconf 79' lang='grc' dir='ltr'>ταῖς</span> <span class='ocrx_word' id='word_1_96' title='bbox 1184 1512 1400 1576; x_wconf 76' lang='grc' dir='ltr'>κώπαις</span> <span class='ocrx_word' id='word_1_97' title='bbox 1449 1516 1511 1569; x_wconf 76' lang='grc' dir='ltr'>τὸ</span> <span class='ocrx_word' id='word_1_98' title='bbox 1551 1508 1682 1573; x_wconf 79' lang='grc' dir='ltr'>ἴδιον</span> 
     </span>
    </p>
   </div>
   <div class='ocr_carea' id='block_1_16' title="bbox 156 1593 1683 1673">
    <p class='ocr_par' dir='ltr' id='par_1_16' title="bbox 156 1593 1683 1673">
     <span class='ocr_line' id='line_1_16' title="bbox 156 1593 1683 1673; baseline 0.012 -28"><span class='ocrx_word' id='word_1_99' title='bbox 156 1594 395 1664; x_wconf 75' lang='grc' dir='ltr'><strong>πτερώσας</strong></span> <span class='ocrx_word' id='word_1_100' title='bbox 446 1594 681 1665; x_wconf 74' lang='grc' dir='ltr'>μονῆρες</span> <span class='ocrx_word' id='word_1_101' title='bbox 722 1598 797 1660; x_wconf 85' lang='grc' dir='ltr'>ὼς</span> <span class='ocrx_word' id='word_1_102' title='bbox 840 1593 955 1669; x_wconf 80' lang='grc' dir='ltr'>εἶχε</span> <span class='ocrx_word' id='word_1_103' title='bbox 996 1603 1116 1656; x_wconf 84' lang='grc' dir='ltr'>κατ’</span> <span class='ocrx_word' id='word_1_104' title='bbox 1158 1604 1336 1657; x_wconf 80' lang='grc' dir='ltr'>αὐτῶν</span> <span class='ocrx_word' id='word_1_105' title='bbox 1378 1606 1549 1673; x_wconf 83' lang='grc' dir='ltr'>ῐεται,</span> <span class='ocrx_word' id='word_1_106' title='bbox 1588 1614 1683 1663; x_wconf 79' lang='grc' dir='ltr'><strong>καὶ</strong></span> 
     </span>
    </p>
   </div>
   <div class='ocr_carea' id='block_1_17' title="bbox 154 1687 1681 1770">
    <p class='ocr_par' dir='ltr' id='par_1_17' title="bbox 154 1687 1681 1770">
     <span class='ocr_line' id='line_1_17' title="bbox 154 1687 1681 1770; baseline 0.011 -32"><span class='ocrx_word' id='word_1_107' title='bbox 154 1687 375 1753; x_wconf 82' lang='grc' dir='ltr'>διαμέσου</span> <span class='ocrx_word' id='word_1_108' title='bbox 407 1687 603 1738; x_wconf 84' lang='grc' dir='ltr'>τούτων</span> <span class='ocrx_word' id='word_1_109' title='bbox 657 1689 733 1751; x_wconf 81' lang='grc' dir='ltr'>ὡς</span> <span class='ocrx_word' id='word_1_110' title='bbox 772 1691 883 1760; x_wconf 89' lang='grc' dir='ltr'><strong>πῦρ</strong></span> <span class='ocrx_word' id='word_1_111' title='bbox 919 1691 1151 1748; x_wconf 80' lang='grc' dir='ltr'>διελθὼν</span> <span class='ocrx_word' id='word_1_112' title='bbox 1190 1698 1269 1758; x_wconf 83' lang='grc' dir='ltr'>εἰς</span> <span class='ocrx_word' id='word_1_113' title='bbox 1300 1698 1391 1750; x_wconf 74' lang='grc' dir='ltr'>τὸν</span> <span class='ocrx_word' id='word_1_114' title='bbox 1437 1701 1681 1770; x_wconf 68' lang='grc' dir='ltr'>Ῥωμαῖα</span> 
     </span>
    </p>
   </div>
   <div class='ocr_carea' id='block_1_18' title="bbox 155 1776 1681 1862">
    <p class='ocr_par' dir='ltr' id='par_1_18' title="bbox 155 1776 1681 1862">
     <span class='ocr_line' id='line_1_18' title="bbox 155 1776 1681 1862; baseline 0.011 -32"><span class='ocrx_word' id='word_1_115' title='bbox 155 1778 227 1831; x_wconf 75' lang='grc' dir='ltr'><strong>κδν</strong></span> <span class='ocrx_word' id='word_1_116' title='bbox 252 1776 391 1839; x_wconf 74' lang='grc' dir='ltr'>αὖθις</span> <span class='ocrx_word' id='word_1_117' title='bbox 433 1778 809 1848; x_wconf 82' lang='grc' dir='ltr'>ἐπανέστρεφε</span> <span class='ocrx_word' id='word_1_118' title='bbox 847 1783 1054 1839; x_wconf 72' lang='grc' dir='ltr'>στόλον.</span> <span class='ocrx_word' id='word_1_119' title='bbox 1109 1786 1169 1839; x_wconf 86' lang='grc' dir='ltr'>Ὀ</span> <span class='ocrx_word' id='word_1_120' title='bbox 1205 1790 1389 1858; x_wconf 83' lang='grc' dir='ltr'>μέντοι</span> <span class='ocrx_word' id='word_1_121' title='bbox 1438 1793 1681 1862; x_wconf 79' lang='grc' dir='ltr'>Ῥωμαῖ-</span> 
     </span>
    </p>
   </div>
   <div class='ocr_carea' id='block_1_19' title="bbox 1788 604 3366 673">
    <p class='ocr_par' dir='ltr' id='par_1_19' title="bbox 1788 604 3366 673">
     <span class='ocr_line' id='line_1_19' title="bbox 1788 604 3366 673; baseline 0.002 -17"><span class='ocrx_word' id='word_1_122' title='bbox 1788 604 2025 659; x_wconf 83' lang='lat' dir='ltr'><strong>alacrius</strong></span> <span class='ocrx_word' id='word_1_123' title='bbox 2056 620 2248 660; x_wconf 89' lang='lat' dir='ltr'><strong>novum</strong></span> <span class='ocrx_word' id='word_1_124' title='bbox 2279 605 2380 659; x_wconf 91' lang='lat' dir='ltr'><strong>hoc</strong></span> <span class='ocrx_word' id='word_1_125' title='bbox 2413 606 2614 660; x_wconf 91' lang='lat' dir='ltr'><strong>bellum</strong></span> <span class='ocrx_word' id='word_1_126' title='bbox 2641 615 2952 673; x_wconf 81' lang='lat' dir='ltr'><strong>capesseret</strong></span> <span class='ocrx_word' id='word_1_127' title='bbox 2978 645 2993 668; x_wconf 96' lang='lat'><strong>,</strong></span> <span class='ocrx_word' id='word_1_128' title='bbox 3042 605 3276 673; x_wconf 80' lang='lat' dir='ltr'><strong>amplam</strong></span> <span class='ocrx_word' id='word_1_129' title='bbox 3312 607 3366 659; x_wconf 89' lang='lat' dir='ltr'><strong>in</strong></span> 
     </span>
    </p>
   </div>
   <div class='ocr_carea' id='block_1_20' title="bbox 1790 694 3364 763">
    <p class='ocr_par' dir='ltr' id='par_1_20' title="bbox 1790 694 3364 763">
     <span class='ocr_line' id='line_1_20' title="bbox 1790 694 3364 763; baseline 0.001 -16"><span class='ocrx_word' id='word_1_130' title='bbox 1790 695 1980 762; x_wconf 81' lang='lat' dir='ltr'><strong>primis</strong></span> <span class='ocrx_word' id='word_1_131' title='bbox 2036 695 2445 763; x_wconf 75' lang='lat' dir='ltr'><strong>appellationem</strong></span> <span class='ocrx_word' id='word_1_132' title='bbox 2480 696 2695 757; x_wconf 88' lang='lat' dir='ltr'><strong>indidit,</strong></span> <span class='ocrx_word' id='word_1_133' title='bbox 2726 694 3096 749; x_wconf 74' lang='lat' dir='ltr'><strong>Illustrissimt&#39;</strong></span> <span class='ocrx_word' id='word_1_134' title='bbox 3138 695 3364 761; x_wconf 75' lang='lat' dir='ltr'><strong>Capitis.</strong></span> 
     </span>
    </p>
   </div>
   <div class='ocr_carea' id='block_1_21' title="bbox 1789 767 3368 855">
    <p class='ocr_par' dir='ltr' id='par_1_21' title="bbox 1789 767 3368 855">
     <span class='ocr_line' id='line_1_21' title="bbox 1789 767 3368 855; baseline -0.002 -15"><span class='ocrx_word' id='word_1_135' title='bbox 1789 785 2013 840; x_wconf 66' lang='lat' dir='ltr'><strong>Caetera:</strong></span> <span class='ocrx_word' id='word_1_136' title='bbox 2058 786 2219 841; x_wconf 81' lang='lat' dir='ltr'><strong>classi</strong></span> <span class='ocrx_word' id='word_1_137' title='bbox 2268 787 2536 839; x_wconf 59' lang='lat' dir='ltr'><strong>universa</strong></span> <span class='ocrx_word' id='word_1_138' title='bbox 2588 787 2746 840; x_wconf 90' lang='lat' dir='ltr'><strong>titulo</strong></span> <span class='ocrx_word' id='word_1_139' title='bbox 2788 796 2841 840; x_wconf 86' lang='lat' dir='ltr'><strong>et</strong></span> <span class='ocrx_word' id='word_1_140' title='bbox 2904 796 3168 855; x_wconf 70' lang='lat' dir='ltr'><strong>potestate</strong></span> <span class='ocrx_word' id='word_1_141' title='bbox 3212 767 3368 839; x_wconf 38' lang='lat' dir='ltr'><strong>du&#39;eis</strong></span> 
     </span>
    </p>
   </div>
   <div class='ocr_carea' id='block_1_22' title="bbox 1790 875 3371 946">
    <p class='ocr_par' dir='ltr' id='par_1_22' title="bbox 1790 875 3371 946">
     <span class='ocr_line' id='line_1_22' title="bbox 1790 875 3371 946; baseline -0.001 -16"><span class='ocrx_word' id='word_1_142' title='bbox 1790 877 1969 946; x_wconf 79' lang='lat' dir='ltr'><strong>magni</strong></span> <span class='ocrx_word' id='word_1_143' title='bbox 2006 875 2364 943; x_wconf 84' lang='lat' dir='ltr'><strong>Lantulphum</strong></span> <span class='ocrx_word' id='word_1_144' title='bbox 2406 876 2648 944; x_wconf 65' lang='lat' dir='ltr'><strong>praefecit</strong></span> <span class='ocrx_word' id='word_1_145' title='bbox 2696 876 2894 945; x_wconf 84' lang='lat' dir='ltr'><strong>quippe</strong></span> <span class='ocrx_word' id='word_1_146' title='bbox 2940 877 3118 931; x_wconf 81' lang='lat' dir='ltr'><strong>virum</strong></span> <span class='ocrx_word' id='word_1_147' title='bbox 3166 876 3371 929; x_wconf 86' lang='lat' dir='ltr'><strong>navalis</strong></span> 
     </span>
    </p>
   </div>
   <div class='ocr_carea' id='block_1_23' title="bbox 1791 967 3368 1037">
    <p class='ocr_par' dir='ltr' id='par_1_23' title="bbox 1791 967 3368 1037">
     <span class='ocr_line' id='line_1_23' title="bbox 1791 967 3368 1037; baseline 0 -18"><span class='ocrx_word' id='word_1_148' title='bbox 1791 983 1979 1037; x_wconf 76' lang='lat' dir='ltr'><strong>pugnae</strong></span> <span class='ocrx_word' id='word_1_149' title='bbox 2009 968 2414 1036; x_wconf 78' lang='lat' dir='ltr'><strong>peritissimum.</strong></span> <span class='ocrx_word' id='word_1_150' title='bbox 2464 967 2757 1022; x_wconf 81' lang='lat' dir='ltr'><strong>Solveruut</strong></span> <span class='ocrx_word' id='word_1_151' title='bbox 2804 968 2857 1023; x_wconf 88' lang='lat' dir='ltr'><strong>hi</strong></span> <span class='ocrx_word' id='word_1_152' title='bbox 2902 968 3368 1034; x_wconf 81' lang='lat' dir='ltr'><strong>ConstantinOpuli</strong></span> 
     </span>
    </p>
   </div>
   <div class='ocr_carea' id='block_1_24' title="bbox 1791 1059 3372 1129">
    <p class='ocr_par' dir='ltr' id='par_1_24' title="bbox 1791 1059 3372 1129">
     <span class='ocr_line' id='line_1_24' title="bbox 1791 1059 3372 1129; baseline -0.003 -15"><span class='ocrx_word' id='word_1_153' title='bbox 1791 1076 1977 1115; x_wconf 86' lang='lat' dir='ltr'><strong>mense</strong></span> <span class='ocrx_word' id='word_1_154' title='bbox 2017 1060 2186 1129; x_wconf 82' lang='lat' dir='ltr'><strong>Aprili</strong></span> <span class='ocrx_word' id='word_1_155' title='bbox 2214 1075 2336 1115; x_wconf 90' lang='lat' dir='ltr'><strong>cum</strong></span> <span class='ocrx_word' id='word_1_156' title='bbox 2356 1060 2529 1115; x_wconf 82' lang='lat' dir='ltr'><strong>classe</strong></span> <span class='ocrx_word' id='word_1_157' title='bbox 2557 1060 2795 1117; x_wconf 79' lang='lat' dir='ltr'><strong>Romana</strong></span> <span class='ocrx_word' id='word_1_158' title='bbox 2815 1063 3067 1116; x_wconf 85' lang='lat' dir='ltr'><strong>universa</strong></span> <span class='ocrx_word' id='word_1_159' title='bbox 3087 1077 3101 1124; x_wconf 87' lang='lat'><strong>;</strong></span> <span class='ocrx_word' id='word_1_160' title='bbox 3125 1071 3179 1115; x_wconf 87' lang='lat' dir='ltr'><strong>et</strong></span> <span class='ocrx_word' id='word_1_161' title='bbox 3208 1059 3372 1113; x_wconf 82' lang='lat' dir='ltr'><strong>Samo</strong></span> 
     </span>
    </p>
   </div>
   <div class='ocr_carea' id='block_1_25' title="bbox 1791 1149 3371 1218">
    <p class='ocr_par' dir='ltr' id='par_1_25' title="bbox 1791 1149 3371 1218">
     <span class='ocr_line' id='line_1_25' title="bbox 1791 1149 3371 1218; baseline -0.001 -17"><span class='ocrx_word' id='word_1_162' title='bbox 1791 1152 2036 1218; x_wconf 79' lang='lat' dir='ltr'><strong>proximo</strong></span> <span class='ocrx_word' id='word_1_163' title='bbox 2090 1164 2255 1204; x_wconf 80' lang='lat' dir='ltr'><strong>cursu</strong></span> <span class='ocrx_word' id='word_1_164' title='bbox 2305 1150 2479 1205; x_wconf 82' lang='lat' dir='ltr'><strong>obiter</strong></span> <span class='ocrx_word' id='word_1_165' title='bbox 2527 1151 2811 1218; x_wconf 86' lang='lat' dir='ltr'><strong>perstricta</strong></span> <span class='ocrx_word' id='word_1_166' title='bbox 2862 1150 3088 1205; x_wconf 79' lang='lat' dir='ltr'><strong>navibus</strong></span> <span class='ocrx_word' id='word_1_167' title='bbox 3142 1149 3371 1205; x_wconf 83' lang='lat' dir='ltr'><strong>adverso</strong></span> 
     </span>
    </p>
   </div>
   <div class='ocr_carea' id='block_1_26' title="bbox 1789 1241 3366 1311">
    <p class='ocr_par' dir='ltr' id='par_1_26' title="bbox 1789 1241 3366 1311">
     <span class='ocr_line' id='line_1_26' title="bbox 1789 1241 3366 1311; baseline -0.001 -16"><span class='ocrx_word' id='word_1_168' title='bbox 1789 1242 1959 1296; x_wconf 85' lang='lat' dir='ltr'><strong>littori</strong></span> <span class='ocrx_word' id='word_1_169' title='bbox 1996 1242 2287 1311; x_wconf 90' lang='lat' dir='ltr'><strong>applicitis,</strong></span> <span class='ocrx_word' id='word_1_170' title='bbox 2322 1242 2379 1294; x_wconf 87' lang='lat' dir='ltr'><strong>in</strong></span> <span class='ocrx_word' id='word_1_171' title='bbox 2402 1241 2770 1296; x_wconf 84' lang='lat' dir='ltr'><strong>continentem</strong></span> <span class='ocrx_word' id='word_1_172' title='bbox 2804 1244 3199 1296; x_wconf 77' lang='lat' dir='ltr'><strong>exscenderunt</strong></span> <span class='ocrx_word' id='word_1_173' title='bbox 3227 1282 3243 1303; x_wconf 93' lang='lat'><strong>,</strong></span> <span class='ocrx_word' id='word_1_174' title='bbox 3270 1258 3366 1294; x_wconf 87' lang='lat' dir='ltr'><strong>na-</strong></span> 
     </span>
    </p>
   </div>
   <div class='ocr_carea' id='block_1_27' title="bbox 1792 1333 3373 1402">
    <p class='ocr_par' dir='ltr' id='par_1_27' title="bbox 1792 1333 3373 1402">
     <span class='ocr_line' id='line_1_27' title="bbox 1792 1333 3373 1402; baseline -0.001 -14"><span class='ocrx_word' id='word_1_175' title='bbox 1792 1335 1929 1402; x_wconf 77' lang='lat' dir='ltr'><strong>vigia</strong></span> <span class='ocrx_word' id='word_1_176' title='bbox 1961 1343 2201 1388; x_wconf 84' lang='lat' dir='ltr'><strong>recenter</strong></span> <span class='ocrx_word' id='word_1_177' title='bbox 2236 1333 2498 1387; x_wconf 64' lang='lat' dir='ltr'><strong>aediﬁcata</strong></span> <span class='ocrx_word' id='word_1_178' title='bbox 2524 1373 2540 1398; x_wconf 88' lang='lat'><strong>,</strong></span> <span class='ocrx_word' id='word_1_179' title='bbox 2572 1333 2834 1400; x_wconf 73' lang='lat' dir='ltr'><strong>aSphaltis</strong></span> <span class='ocrx_word' id='word_1_180' title='bbox 2888 1333 2996 1388; x_wconf 85' lang='lat' dir='ltr'><strong>illic</strong></span> <span class='ocrx_word' id='word_1_181' title='bbox 3047 1335 3373 1388; x_wconf 73' lang='lat' dir='ltr'><strong>abundantis</strong></span> 
     </span>
    </p>
   </div>
   <div class='ocr_carea' id='block_1_28' title="bbox 1790 1427 3374 1495">
    <p class='ocr_par' dir='ltr' id='par_1_28' title="bbox 1790 1427 3374 1495">
     <span class='ocr_line' id='line_1_28' title="bbox 1790 1427 3374 1495; baseline -0.002 -13"><span class='ocrx_word' id='word_1_182' title='bbox 1790 1430 2103 1483; x_wconf 88' lang='lat' dir='ltr'><strong>iuunctioue</strong></span> <span class='ocrx_word' id='word_1_183' title='bbox 2130 1429 2294 1481; x_wconf 88' lang='lat' dir='ltr'><strong>multa</strong></span> <span class='ocrx_word' id='word_1_184' title='bbox 2328 1428 2615 1481; x_wconf 83' lang='lat' dir='ltr'><strong>ﬁrmaturi.</strong></span> <span class='ocrx_word' id='word_1_185' title='bbox 2645 1427 2923 1480; x_wconf 80' lang='lat' dir='ltr'><strong>Certiores</strong></span> <span class='ocrx_word' id='word_1_186' title='bbox 2953 1428 3022 1479; x_wconf 88' lang='lat' dir='ltr'><strong>ibi</strong></span> <span class='ocrx_word' id='word_1_187' title='bbox 3057 1428 3192 1480; x_wconf 86' lang='lat' dir='ltr'><strong>liunt</strong></span> <span class='ocrx_word' id='word_1_188' title='bbox 3237 1442 3374 1495; x_wconf 78' lang='lat' dir='ltr'><strong>prae-</strong></span> 
     </span>
    </p>
   </div>
   <div class='ocr_carea' id='block_1_29' title="bbox 1791 1519 3376 1588">
    <p class='ocr_par' dir='ltr' id='par_1_29' title="bbox 1791 1519 3376 1588">
     <span class='ocr_line' id='line_1_29' title="bbox 1791 1519 3376 1588; baseline -0.004 -11"><span class='ocrx_word' id='word_1_189' title='bbox 1791 1522 2006 1577; x_wconf 79' lang='lat' dir='ltr'><strong>teriisse</strong></span> <span class='ocrx_word' id='word_1_190' title='bbox 2044 1521 2293 1576; x_wconf 82' lang='lat' dir='ltr'><strong>Pisanam</strong></span> <span class='ocrx_word' id='word_1_191' title='bbox 2327 1522 2578 1575; x_wconf 84' lang='lat' dir='ltr'><strong>classem.</strong></span> <span class='ocrx_word' id='word_1_192' title='bbox 2615 1520 2795 1585; x_wconf 83' lang='lat' dir='ltr'><strong>Quare</strong></span> <span class='ocrx_word' id='word_1_193' title='bbox 2818 1520 3091 1573; x_wconf 84' lang='lat' dir='ltr'><strong>solventes</strong></span> <span class='ocrx_word' id='word_1_194' title='bbox 3125 1519 3376 1588; x_wconf 88' lang='lat' dir='ltr'><strong>ipsipost</strong></span> 
     </span>
    </p>
   </div>
   <div class='ocr_carea' id='block_1_30' title="bbox 1790 1611 3364 1677">
    <p class='ocr_par' dir='ltr' id='par_1_30' title="bbox 1790 1611 3364 1677">
     <span class='ocr_line' id='line_1_30' title="bbox 1790 1611 3364 1677; baseline -0.003 -10"><span class='ocrx_word' id='word_1_195' title='bbox 1790 1628 1883 1667; x_wconf 89' lang='lat' dir='ltr'><strong>eos</strong></span> <span class='ocrx_word' id='word_1_196' title='bbox 1908 1622 2160 1677; x_wconf 87' lang='lat' dir='ltr'><strong>currunt,</strong></span> <span class='ocrx_word' id='word_1_197' title='bbox 2191 1627 2382 1666; x_wconf 87' lang='lat' dir='ltr'><strong>versus</strong></span> <span class='ocrx_word' id='word_1_198' title='bbox 2411 1611 2580 1667; x_wconf 89' lang='lat' dir='ltr'><strong>Coam</strong></span> <span class='ocrx_word' id='word_1_199' title='bbox 2612 1612 2863 1666; x_wconf 85' lang='lat' dir='ltr'><strong>insulam.</strong></span> <span class='ocrx_word' id='word_1_200' title='bbox 2896 1611 3263 1665; x_wconf 79' lang='lat' dir='ltr'><strong>Perveneram</strong></span> <span class='ocrx_word' id='word_1_201' title='bbox 3299 1623 3364 1663; x_wconf 87' lang='lat' dir='ltr'><strong>eo</strong></span> 
     </span>
    </p>
   </div>
   <div class='ocr_carea' id='block_1_31' title="bbox 1790 1703 3372 1773">
    <p class='ocr_par' dir='ltr' id='par_1_31' title="bbox 1790 1703 3372 1773">
     <span class='ocr_line' id='line_1_31' title="bbox 1790 1703 3372 1773; baseline -0.001 -15"><span class='ocrx_word' id='word_1_202' title='bbox 1790 1704 1973 1758; x_wconf 86' lang='lat' dir='ltr'><strong>Pisaui</strong></span> <span class='ocrx_word' id='word_1_203' title='bbox 2005 1718 2162 1757; x_wconf 87' lang='lat' dir='ltr'><strong>mane</strong></span> <span class='ocrx_word' id='word_1_204' title='bbox 2195 1704 2299 1757; x_wconf 88' lang='lat' dir='ltr'><strong>diei</strong></span> <span class='ocrx_word' id='word_1_205' title='bbox 2333 1705 2471 1768; x_wconf 85' lang='lat' dir='ltr'><strong>ejus,</strong></span> <span class='ocrx_word' id='word_1_206' title='bbox 2499 1703 2658 1773; x_wconf 70' lang='lat' dir='ltr'><strong>cujus</strong></span> <span class='ocrx_word' id='word_1_207' title='bbox 2699 1707 2797 1757; x_wconf 90' lang='lat' dir='ltr'><strong>sub</strong></span> <span class='ocrx_word' id='word_1_208' title='bbox 2832 1719 3114 1771; x_wconf 73' lang='lat' dir='ltr'><strong>vesperam</strong></span> <span class='ocrx_word' id='word_1_209' title='bbox 3145 1703 3372 1756; x_wconf 84' lang='lat' dir='ltr'><strong>Romani</strong></span> 
     </span>
    </p>
   </div>
   <div class='ocr_carea' id='block_1_32' title="bbox 1791 1793 3373 1863">
    <p class='ocr_par' dir='ltr' id='par_1_32' title="bbox 1791 1793 3373 1863">
     <span class='ocr_line' id='line_1_32' title="bbox 1791 1793 3373 1863; baseline -0.002 -14"><span class='ocrx_word' id='word_1_210' title='bbox 1791 1796 1982 1849; x_wconf 86' lang='lat' dir='ltr'><strong>eodem</strong></span> <span class='ocrx_word' id='word_1_211' title='bbox 2018 1795 2299 1863; x_wconf 85' lang='lat' dir='ltr'><strong>appulere.</strong></span> <span class='ocrx_word' id='word_1_212' title='bbox 2322 1793 2467 1863; x_wconf 79' lang='lat' dir='ltr'><strong>Ergo</strong></span> <span class='ocrx_word' id='word_1_213' title='bbox 2501 1796 2547 1849; x_wconf 88' lang='lat' dir='ltr'><strong>si</strong></span> <span class='ocrx_word' id='word_1_214' title='bbox 2577 1795 2979 1863; x_wconf 87' lang='lat' dir='ltr'><strong>opportunitate</strong></span> <span class='ocrx_word' id='word_1_215' title='bbox 3030 1794 3235 1848; x_wconf 79' lang='lat' dir='ltr'><strong>exclusi</strong></span> <span class='ocrx_word' id='word_1_216' title='bbox 3294 1793 3373 1848; x_wconf 88' lang='lat' dir='ltr'><strong>rei</strong></span> 
     </span>
    </p>
   </div>
   <div class='ocr_carea' id='block_1_33' title="bbox 153 1868 1683 1958">
    <p class='ocr_par' dir='ltr' id='par_1_33' title="bbox 153 1868 1683 1946">
     <span class='ocr_line' id='line_1_33' title="bbox 153 1868 1683 1946; baseline 0.011 -23"><span class='ocrx_word' id='word_1_217' title='bbox 153 1871 226 1932; x_wconf 73' lang='grc' dir='ltr'><strong>κὸς</strong></span> <span class='ocrx_word' id='word_1_218' title='bbox 258 1868 425 1931; x_wconf 82' lang='grc' dir='ltr'>στόλος</span> <span class='ocrx_word' id='word_1_219' title='bbox 465 1870 566 1922; x_wconf 84' lang='grc' dir='ltr'><strong>οὐκ</strong></span> <span class='ocrx_word' id='word_1_220' title='bbox 622 1872 902 1935; x_wconf 77' lang='grc' dir='ltr'><strong>εὐτάκτως</strong></span> <span class='ocrx_word' id='word_1_221' title='bbox 953 1876 1055 1945; x_wconf 79' lang='grc' dir='ltr'><strong>τῆς</strong></span> <span class='ocrx_word' id='word_1_222' title='bbox 1092 1880 1231 1946; x_wconf 83' lang='grc' dir='ltr'>μετὰ</span> <span class='ocrx_word' id='word_1_223' title='bbox 1264 1882 1374 1937; x_wconf 85' lang='grc' dir='ltr'>τῶν</span> <span class='ocrx_word' id='word_1_224' title='bbox 1404 1885 1683 1938; x_wconf 81' lang='grc' dir='ltr'>Πισσαίων</span> 
     </span>
    </p>
   </div>
   <div class='ocr_carea' id='block_1_34' title="bbox 1860 1868 3374 1958">
    <p class='ocr_par' dir='ltr' id='par_1_34' title="bbox 1860 1887 3374 1958">
     <span class='ocr_line' id='line_1_34' title="bbox 1860 1887 3374 1958; baseline 0 -17"><span class='ocrx_word' id='word_1_225' title='bbox 1860 1888 2060 1951; x_wconf 75' lang='lat' dir='ltr'><strong>reudze,</strong></span> <span class='ocrx_word' id='word_1_226' title='bbox 2093 1888 2290 1957; x_wconf 88' lang='lat' dir='ltr'><strong>quippe</strong></span> <span class='ocrx_word' id='word_1_227' title='bbox 2322 1887 2557 1953; x_wconf 85' lang='lat' dir='ltr'><strong>Pisanis,</strong></span> <span class='ocrx_word' id='word_1_228' title='bbox 2592 1890 2679 1956; x_wconf 90' lang='lat' dir='ltr'><strong>qui</strong></span> <span class='ocrx_word' id='word_1_229' title='bbox 2709 1888 2867 1958; x_wconf 76' lang='lat' dir='ltr'><strong>longe</strong></span> <span class='ocrx_word' id='word_1_230' title='bbox 2896 1887 3182 1941; x_wconf 86' lang='lat' dir='ltr'><strong>intervallo</strong></span> <span class='ocrx_word' id='word_1_231' title='bbox 3233 1900 3374 1954; x_wconf 76' lang='lat' dir='ltr'><strong>prte-</strong></span> 
     </span>
    </p>
   </div>
   <div class='ocr_carea' id='block_1_35' title="bbox 152 1961 1681 2038">
    <p class='ocr_par' dir='ltr' id='par_1_35' title="bbox 152 1961 1681 2038">
     <span class='ocr_line' id='line_1_35' title="bbox 152 1961 1681 2038; baseline 0.007 -18"><span class='ocrx_word' id='word_1_232' title='bbox 152 1963 294 2029; x_wconf 65' lang='grc' dir='ltr'>μάχης</span> <span class='ocrx_word' id='word_1_233' title='bbox 320 1961 672 2029; x_wconf 78' lang='grc' dir='ltr'>ἀπεπειρᾶτο.</span> <span class='ocrx_word' id='word_1_234' title='bbox 705 1964 822 2016; x_wconf 72' lang='grc' dir='ltr'>ἀλλ’</span> <span class='ocrx_word' id='word_1_235' title='bbox 845 1965 1015 2029; x_wconf 77' lang='grc' dir='ltr'>ὀξέως</span> <span class='ocrx_word' id='word_1_236' title='bbox 1046 1970 1140 2022; x_wconf 69' lang='grc' dir='ltr'>καὶ</span> <span class='ocrx_word' id='word_1_237' title='bbox 1168 1973 1523 2038; x_wconf 82' lang='grc' dir='ltr'>ἀσυντάκτως</span> <span class='ocrx_word' id='word_1_238' title='bbox 1555 1978 1681 2031; x_wconf 77' lang='grc' dir='ltr'>τούο</span> 
     </span>
    </p>
   </div>
   <div class='ocr_carea' id='block_1_36' title="bbox 151 2052 1682 2139">
    <p class='ocr_par' dir='ltr' id='par_1_36' title="bbox 151 2052 1682 2139">
     <span class='ocr_line' id='line_1_36' title="bbox 151 2052 1682 2139; baseline 0.014 -37"><span class='ocrx_word' id='word_1_239' title='bbox 151 2070 250 2110; x_wconf 84' lang='grc' dir='ltr'>τους</span> <span class='ocrx_word' id='word_1_240' title='bbox 291 2052 310 2083; x_wconf 72' lang='grc'><strong>⁸</strong></span> <span class='ocrx_word' id='word_1_241' title='bbox 353 2054 711 2123; x_wconf 76' lang='grc' dir='ltr'>προσέὄαλλε.</span> <span class='ocrx_word' id='word_1_242' title='bbox 755 2059 863 2110; x_wconf 78' lang='grc' dir='ltr'>Καὶ</span> <span class='ocrx_word' id='word_1_243' title='bbox 921 2060 1087 2123; x_wconf 81' lang='grc' dir='ltr'>αὐτὸς</span> <span class='ocrx_word' id='word_1_244' title='bbox 1137 2063 1193 2117; x_wconf 82' lang='grc' dir='ltr'>δὲ</span> <span class='ocrx_word' id='word_1_245' title='bbox 1244 2066 1273 2117; x_wconf 82' lang='grc' dir='ltr'><strong><em>ὁ</em></strong></span> <span class='ocrx_word' id='word_1_246' title='bbox 1329 2068 1682 2139; x_wconf 84' lang='grc' dir='ltr'>Λαντοῦλφος</span> 
     </span>
    </p>
   </div>
   <div class='ocr_carea' id='block_1_37' title="bbox 150 2143 1681 2232">
    <p class='ocr_par' dir='ltr' id='par_1_37' title="bbox 150 2143 1681 2232">
     <span class='ocr_line' id='line_1_37' title="bbox 150 2143 1681 2232; baseline 0.015 -37"><span class='ocrx_word' id='word_1_247' title='bbox 150 2143 324 2212; x_wconf 81' lang='grc' dir='ltr'>πρῶτος</span> <span class='ocrx_word' id='word_1_248' title='bbox 353 2146 741 2213; x_wconf 75' lang='grc' dir='ltr'><strong>προσπελάσας</strong></span> <span class='ocrx_word' id='word_1_249' title='bbox 777 2153 888 2213; x_wconf 86' lang='grc' dir='ltr'>τοῖς</span> <span class='ocrx_word' id='word_1_250' title='bbox 923 2152 1210 2219; x_wconf 85' lang='grc' dir='ltr'>Πισσαὶοις</span> <span class='ocrx_word' id='word_1_251' title='bbox 1243 2161 1458 2223; x_wconf 78' lang='grc' dir='ltr'>ναυσὶν,</span> <span class='ocrx_word' id='word_1_252' title='bbox 1478 2163 1681 2232; x_wconf 82' lang='grc' dir='ltr'>ἄστοχα</span> 
     </span>
    </p>
   </div>
   <div class='ocr_carea' id='block_1_38' title="bbox 147 2236 1681 2321">
    <p class='ocr_par' dir='ltr' id='par_1_38' title="bbox 147 2236 1681 2321">
     <span class='ocr_line' id='line_1_38' title="bbox 147 2236 1681 2321; baseline 0.016 -34"><span class='ocrx_word' id='word_1_253' title='bbox 147 2237 193 2288; x_wconf 65' lang='grc' dir='ltr'>τὸ</span> <span class='ocrx_word' id='word_1_254' title='bbox 236 2236 331 2307; x_wconf 80' lang='grc' dir='ltr'><strong>πῦρ</strong></span> <span class='ocrx_word' id='word_1_255' title='bbox 371 2238 526 2292; x_wconf 75' lang='grc' dir='ltr'>ἔϐαλε</span> <span class='ocrx_word' id='word_1_256' title='bbox 568 2242 668 2294; x_wconf 78' lang='grc' dir='ltr'>καὶ</span> <span class='ocrx_word' id='word_1_257' title='bbox 708 2243 864 2295; x_wconf 75' lang='grc' dir='ltr'>οὐδέν</span> <span class='ocrx_word' id='word_1_258' title='bbox 920 2263 974 2298; x_wconf 86' lang='grc' dir='ltr'><strong>τι</strong></span> <span class='ocrx_word' id='word_1_259' title='bbox 1028 2247 1189 2303; x_wconf 80' lang='grc' dir='ltr'>πλέον</span> <span class='ocrx_word' id='word_1_260' title='bbox 1237 2252 1537 2321; x_wconf 73' lang='grc' dir='ltr'>εἰργάσατο</span> <span class='ocrx_word' id='word_1_261' title='bbox 1587 2259 1681 2312; x_wconf 86' lang='grc' dir='ltr'><strong>τοῦ</strong></span> 
     </span>
    </p>
   </div>
   <div class='ocr_carea' id='block_1_39' title="bbox 148 2328 1683 2418">
    <p class='ocr_par' dir='ltr' id='par_1_39' title="bbox 148 2328 1683 2418">
     <span class='ocr_line' id='line_1_39' title="bbox 148 2328 1683 2418; baseline 0.015 -36"><span class='ocrx_word' id='word_1_262' title='bbox 148 2328 285 2398; x_wconf 70' lang='grc' dir='ltr'>πυρὸς</span> <span class='ocrx_word' id='word_1_263' title='bbox 328 2332 733 2397; x_wconf 81' lang='grc' dir='ltr'>σκεδασθέντος.</span> <span class='ocrx_word' id='word_1_264' title='bbox 802 2336 861 2388; x_wconf 80' lang='grc' dir='ltr'>Ὀ</span> <span class='ocrx_word' id='word_1_265' title='bbox 916 2338 971 2391; x_wconf 83' lang='grc' dir='ltr'>δὲ</span> <span class='ocrx_word' id='word_1_266' title='bbox 1023 2340 1324 2412; x_wconf 81' lang='grc' dir='ltr'>λεγόμενος</span> <span class='ocrx_word' id='word_1_267' title='bbox 1396 2348 1683 2418; x_wconf 81' lang='grc' dir='ltr'>Ἐλεήμων</span> 
     </span>
    </p>
   </div>
   <div class='ocr_carea' id='block_1_40' title="bbox 147 2420 1683 2510">
    <p class='ocr_par' dir='ltr' id='par_1_40' title="bbox 147 2420 1683 2510">
     <span class='ocr_line' id='line_1_40' title="bbox 147 2420 1683 2510; baseline 0.016 -39"><span class='ocrx_word' id='word_1_268' title='bbox 147 2420 287 2489; x_wconf 80' lang='grc' dir='ltr'><strong>κόμης</strong></span> <span class='ocrx_word' id='word_1_269' title='bbox 331 2423 707 2510; x_wconf 85' lang='grc' dir='ltr'>ἀναισχύντως</span> <span class='ocrx_word' id='word_1_270' title='bbox 740 2430 982 2502; x_wconf 81' lang='grc' dir='ltr'>μεγίστῳ</span> <span class='ocrx_word' id='word_1_271' title='bbox 1030 2433 1199 2503; x_wconf 88' lang='grc' dir='ltr'>πλοίῳ</span> <span class='ocrx_word' id='word_1_272' title='bbox 1233 2438 1374 2492; x_wconf 87' lang='grc' dir='ltr'>κοιτά</span> <span class='ocrx_word' id='word_1_273' title='bbox 1421 2440 1683 2510; x_wconf 85' lang='grc' dir='ltr'>πρύμναν</span> 
     </span>
    </p>
   </div>
   <div class='ocr_carea' id='block_1_41' title="bbox 146 2509 1685 2594">
    <p class='ocr_par' dir='ltr' id='par_1_41' title="bbox 146 2509 1685 2594">
     <span class='ocr_line' id='line_1_41' title="bbox 146 2509 1685 2594; baseline 0.016 -35"><span class='ocrx_word' id='word_1_274' title='bbox 146 2509 422 2577; x_wconf 74' lang='grc' dir='ltr'>προσϐαλὼν</span> <span class='ocrx_word' id='word_1_275' title='bbox 474 2516 594 2579; x_wconf 85' lang='grc' dir='ltr'>τοῖς</span> <span class='ocrx_word' id='word_1_276' title='bbox 646 2518 934 2585; x_wconf 75' lang='grc' dir='ltr'><strong>πηδαλίοις</strong></span> <span class='ocrx_word' id='word_1_277' title='bbox 987 2522 1180 2576; x_wconf 90' lang='grc' dir='ltr'>τούτου</span> <span class='ocrx_word' id='word_1_278' title='bbox 1224 2509 1549 2594; x_wconf 80' lang='grc' dir='ltr'>περιπεσὼν</span> <span class='ocrx_word' id='word_1_279' title='bbox 1589 2533 1685 2585; x_wconf 75' lang='grc' dir='ltr'>καὶ</span> 
     </span>
    </p>
   </div>
   <div class='ocr_carea' id='block_1_42' title="bbox 145 2603 1682 2694">
    <p class='ocr_par' dir='ltr' id='par_1_42' title="bbox 145 2603 1682 2694">
     <span class='ocr_line' id='line_1_42' title="bbox 145 2603 1682 2694; baseline 0.017 -43"><span class='ocrx_word' id='word_1_280' title='bbox 145 2603 204 2694; x_wconf 69' lang='grc' dir='ltr'>μὴ</span> <span class='ocrx_word' id='word_1_281' title='bbox 222 2604 440 2673; x_wconf 72' lang='grc' dir='ltr'>εὐχερῶς</span> <span class='ocrx_word' id='word_1_282' title='bbox 468 2606 614 2677; x_wconf 83' lang='grc' dir='ltr'>ἔχων</span> <span class='ocrx_word' id='word_1_283' title='bbox 640 2611 853 2665; x_wconf 78' lang='grc' dir='ltr'>ἐκεῖθεν</span> <span class='ocrx_word' id='word_1_284' title='bbox 883 2613 1343 2683; x_wconf 81' lang='grc' dir='ltr'>διαπλωῖσασθαι,</span> <span class='ocrx_word' id='word_1_285' title='bbox 1374 2622 1682 2694; x_wconf 82' lang='grc' dir='ltr'>κατεσχέθη</span> 
     </span>
    </p>
   </div>
   <div class='ocr_carea' id='block_1_43' title="bbox 142 2692 1684 2794">
    <p class='ocr_par' dir='ltr' id='par_1_43' title="bbox 142 2692 1684 2794">
     <span class='ocr_line' id='line_1_43' title="bbox 142 2692 1684 2794; baseline 0.014 -48"><span class='ocrx_word' id='word_1_286' title='bbox 142 2692 211 2794; x_wconf 61' lang='grc' dir='ltr'>ἂν,</span> <span class='ocrx_word' id='word_1_287' title='bbox 249 2697 290 2749; x_wconf 82' lang='grc' dir='ltr'><strong>εί</strong></span> <span class='ocrx_word' id='word_1_288' title='bbox 324 2695 393 2794; x_wconf 57' lang='lat' dir='ltr'><strong>ei}</strong></span> <span class='ocrx_word' id='word_1_289' title='bbox 431 2701 653 2794; x_wconf 49' lang='grc' dir='ltr'>γοργῶς</span> <span class='ocrx_word' id='word_1_290' title='bbox 703 2704 840 2771; x_wconf 80' lang='grc' dir='ltr'>πρὸς</span> <span class='ocrx_word' id='word_1_291' title='bbox 878 2704 981 2774; x_wconf 82' lang='grc' dir='ltr'><strong>τὴν</strong></span> <span class='ocrx_word' id='word_1_292' title='bbox 1040 2712 1243 2780; x_wconf 79' lang='grc' dir='ltr'>σκευὴν</span> <span class='ocrx_word' id='word_1_293' title='bbox 1300 2712 1516 2768; x_wconf 80' lang='grc' dir='ltr'>ἀπεῖδε.</span> <span class='ocrx_word' id='word_1_294' title='bbox 1570 2692 1684 2768; x_wconf 66' lang='lat' dir='ltr'><strong>Kal.</strong></span> 
     </span>
    </p>
   </div>
   <div class='ocr_carea' id='block_1_44' title="bbox 144 2791 1685 2870">
    <p class='ocr_par' dir='ltr' id='par_1_44' title="bbox 144 2791 1685 2870">
     <span class='ocr_line' id='line_1_44' title="bbox 144 2791 1685 2870; baseline 0.018 -35"><span class='ocrx_word' id='word_1_295' title='bbox 144 2791 228 2854; x_wconf 68' lang='grc' dir='ltr'><strong>πῦρ</strong></span> <span class='ocrx_word' id='word_1_296' title='bbox 271 2791 379 2841; x_wconf 84' lang='grc' dir='ltr'>κατ’</span> <span class='ocrx_word' id='word_1_297' title='bbox 418 2791 605 2843; x_wconf 69' lang='grc' dir='ltr'>αὐτῶν</span> <span class='ocrx_word' id='word_1_298' title='bbox 660 2795 822 2863; x_wconf 70' lang='grc' dir='ltr'>ἀφεὶς</span> <span class='ocrx_word' id='word_1_299' title='bbox 872 2796 971 2850; x_wconf 78' lang='grc' dir='ltr'><strong>οὐκ</strong></span> <span class='ocrx_word' id='word_1_300' title='bbox 1010 2800 1218 2870; x_wconf 79' lang='grc' dir='ltr'>ἄστοχα</span> <span class='ocrx_word' id='word_1_301' title='bbox 1274 2803 1489 2860; x_wconf 75' lang='grc' dir='ltr'>ἔϐαλεν.</span> <span class='ocrx_word' id='word_1_302' title='bbox 1547 2803 1685 2861; x_wconf 74' lang='grc' dir='ltr'>Εἶτα</span> 
     </span>
    </p>
   </div>
   <div class='ocr_carea' id='block_1_45' title="bbox 141 2878 1684 2966">
    <p class='ocr_par' dir='ltr' id='par_1_45' title="bbox 141 2878 1684 2966">
     <span class='ocr_line' id='line_1_45' title="bbox 141 2878 1684 2966; baseline 0.018 -39"><span class='ocrx_word' id='word_1_303' title='bbox 141 2880 217 2945; x_wconf 70' lang='grc' dir='ltr'>τὴν</span> <span class='ocrx_word' id='word_1_304' title='bbox 243 2878 359 2933; x_wconf 83' lang='grc' dir='ltr'>ναῦν</span> <span class='ocrx_word' id='word_1_305' title='bbox 421 2883 512 2934; x_wconf 78' lang='grc' dir='ltr'>ἐπὶ</span> <span class='ocrx_word' id='word_1_306' title='bbox 551 2882 761 2954; x_wconf 78' lang='grc' dir='ltr'>θάτερα</span> <span class='ocrx_word' id='word_1_307' title='bbox 796 2888 1019 2958; x_wconf 84' lang='grc' dir='ltr'>γοργῶς</span> <span class='ocrx_word' id='word_1_308' title='bbox 1062 2895 1391 2966; x_wconf 79' lang='grc' dir='ltr'>μεταφέρων</span> <span class='ocrx_word' id='word_1_309' title='bbox 1426 2900 1523 2951; x_wconf 82' lang='grc' dir='ltr'>καὶ</span> <span class='ocrx_word' id='word_1_310' title='bbox 1560 2902 1684 2954; x_wconf 82' lang='grc' dir='ltr'><strong>ἑτέ-</strong></span> 
     </span>
    </p>
   </div>
   <div class='ocr_carea' id='block_1_46' title="bbox 144 2976 1683 3061">
    <p class='ocr_par' dir='ltr' id='par_1_46' title="bbox 144 2976 1683 3061">
     <span class='ocr_line' id='line_1_46' title="bbox 144 2976 1683 3061; baseline 0.017 -40"><span class='ocrx_word' id='word_1_311' title='bbox 144 2987 219 3037; x_wconf 65' lang='lat' dir='ltr'><strong>pl;</strong></span> <span class='ocrx_word' id='word_1_312' title='bbox 274 2976 611 3045; x_wconf 76' lang='grc' dir='ltr'>παραχρῆμα</span> <span class='ocrx_word' id='word_1_313' title='bbox 664 2981 813 3047; x_wconf 84' lang='grc' dir='ltr'>τρεῖς</span> <span class='ocrx_word' id='word_1_314' title='bbox 884 2985 1153 3050; x_wconf 79' lang='grc' dir='ltr'>μεγίστας</span> <span class='ocrx_word' id='word_1_315' title='bbox 1214 2990 1519 3061; x_wconf 83' lang='grc' dir='ltr'>ὲπυρπόλει</span> <span class='ocrx_word' id='word_1_316' title='bbox 1576 2996 1683 3047; x_wconf 81' lang='grc' dir='ltr'><strong>τῶν</strong></span> 
     </span>
    </p>
   </div>
   <div class='ocr_carea' id='block_1_47' title="bbox 142 3064 1682 3157">
    <p class='ocr_par' dir='ltr' id='par_1_47' title="bbox 142 3064 1682 3157">
     <span class='ocr_line' id='line_1_47' title="bbox 142 3064 1682 3157; baseline 0.016 -42"><span class='ocrx_word' id='word_1_317' title='bbox 142 3064 397 3133; x_wconf 65' lang='grc' dir='ltr'>Βαρϐάρων</span> <span class='ocrx_word' id='word_1_318' title='bbox 444 3068 603 3131; x_wconf 83' lang='grc' dir='ltr'>ναῦς.</span> <span class='ocrx_word' id='word_1_319' title='bbox 659 3072 813 3126; x_wconf 79' lang='grc' dir='ltr'>Ἐπεὶ</span> <span class='ocrx_word' id='word_1_320' title='bbox 850 3075 894 3127; x_wconf 82' lang='grc' dir='ltr'>δ’</span> <span class='ocrx_word' id='word_1_321' title='bbox 924 3076 1039 3145; x_wconf 76' lang='grc' dir='ltr'><strong>ἅμα</strong></span> <span class='ocrx_word' id='word_1_322' title='bbox 1083 3080 1178 3132; x_wconf 55' lang='grc' dir='ltr'><strong>καὶ⁷</strong></span> <span class='ocrx_word' id='word_1_323' title='bbox 1217 3086 1497 3157; x_wconf 75' lang='grc' dir='ltr'>συστροφὴ</span> <span class='ocrx_word' id='word_1_324' title='bbox 1556 3089 1682 3141; x_wconf 84' lang='grc' dir='ltr'><strong>ἀνέ-</strong></span> 
     </span>
    </p>
   </div>
   <div class='ocr_carea' id='block_1_48' title="bbox 144 3159 1683 3250">
    <p class='ocr_par' dir='ltr' id='par_1_48' title="bbox 144 3159 1683 3250">
     <span class='ocr_line' id='line_1_48' title="bbox 144 3159 1683 3250; baseline 0.018 -42"><span class='ocrx_word' id='word_1_325' title='bbox 144 3175 220 3223; x_wconf 81' lang='grc' dir='ltr'><strong>μου</strong></span> <span class='ocrx_word' id='word_1_326' title='bbox 252 3159 340 3227; x_wconf 73' lang='grc' dir='ltr'>τὴν</span> <span class='ocrx_word' id='word_1_327' title='bbox 367 3161 644 3217; x_wconf 78' lang='grc' dir='ltr'>θάλατταν</span> <span class='ocrx_word' id='word_1_328' title='bbox 679 3166 1092 3225; x_wconf 82' lang='grc' dir='ltr'>ὲπεισπεσοῦσα</span> <span class='ocrx_word' id='word_1_329' title='bbox 1128 3174 1325 3243; x_wconf 81' lang='grc' dir='ltr'>ἀθρόον</span> <span class='ocrx_word' id='word_1_330' title='bbox 1359 3178 1683 3250; x_wconf 75' lang='grc' dir='ltr'>διετάραττε</span> 
     </span>
    </p>
   </div>
   <div class='ocr_carea' id='block_1_49' title="bbox 138 3237 1683 3341">
    <p class='ocr_par' dir='ltr' id='par_1_49' title="bbox 138 3250 1681 3341">
     <span class='ocr_line' id='line_1_49' title="bbox 138 3250 1681 3341; baseline 0.018 -42"><span class='ocrx_word' id='word_1_331' title='bbox 138 3250 278 3311; x_wconf 55' lang='lat' dir='ltr'><strong>vim:</strong></span> <span class='ocrx_word' id='word_1_332' title='bbox 307 3253 429 3315; x_wconf 89' lang='grc' dir='ltr'>ναῦς</span> <span class='ocrx_word' id='word_1_333' title='bbox 463 3256 751 3325; x_wconf 77' lang='grc' dir='ltr'>συνέτριὸε</span> <span class='ocrx_word' id='word_1_334' title='bbox 789 3262 883 3312; x_wconf 75' lang='grc' dir='ltr'><strong>καὶ</strong></span> <span class='ocrx_word' id='word_1_335' title='bbox 914 3265 1141 3329; x_wconf 79' lang='grc' dir='ltr'>μονονοὺ</span> <span class='ocrx_word' id='word_1_336' title='bbox 1174 3267 1415 3335; x_wconf 74' lang='grc' dir='ltr'>βυθίζειν</span> <span class='ocrx_word' id='word_1_337' title='bbox 1445 3273 1681 3341; x_wconf 71' lang='grc' dir='ltr'>ἠπείλειο</span> 
     </span>
    </p>
   </div>
   <div class='ocr_carea' id='block_1_50' title="bbox 1860 3237 2917 3341">
    <p class='ocr_par' dir='ltr' id='par_1_50' title="bbox 1860 3264 2917 3337">
     <span class='ocr_line' id='line_1_50' title="bbox 1860 3264 2917 3337; baseline -0.008 -14"><span class='ocrx_word' id='word_1_338' title='bbox 1860 3270 2135 3325; x_wconf 81' lang='lat' dir='ltr'><strong>locissimo</strong></span> <span class='ocrx_word' id='word_1_339' title='bbox 2189 3269 2392 3337; x_wconf 89' lang='lat' dir='ltr'><strong>impetu</strong></span> <span class='ocrx_word' id='word_1_340' title='bbox 2443 3266 2670 3320; x_wconf 83' lang='lat' dir='ltr'><strong>Pisanos</strong></span> <span class='ocrx_word' id='word_1_341' title='bbox 2730 3264 2860 3333; x_wconf 82' lang='lat' dir='ltr'><strong>petit</strong></span> <span class='ocrx_word' id='word_1_342' title='bbox 2903 3281 2917 3316; x_wconf 90' lang='lat'><strong>:</strong></span> 
     </span>
    </p>
   </div>
   <div class='ocr_carea' id='block_1_51' title="bbox 139 3341 1683 3430">
    <p class='ocr_par' dir='ltr' id='par_1_51' title="bbox 139 3341 1683 3430">
     <span class='ocr_line' id='line_1_51' title="bbox 139 3341 1683 3430; baseline 0.016 -39"><span class='ocrx_word' id='word_1_343' title='bbox 139 3341 338 3410; x_wconf 56' lang='grc' dir='ltr'><strong>ὲρῤόλθη</strong></span> <span class='ocrx_word' id='word_1_344' title='bbox 373 3345 393 3375; x_wconf 85' lang='grc'>⁸</span> <span class='ocrx_word' id='word_1_345' title='bbox 442 3348 549 3416; x_wconf 67' lang='grc' dir='ltr'>γὰρ</span> <span class='ocrx_word' id='word_1_346' title='bbox 602 3348 664 3400; x_wconf 77' lang='grc' dir='ltr'>τὸ</span> <span class='ocrx_word' id='word_1_347' title='bbox 706 3348 880 3417; x_wconf 82' lang='grc' dir='ltr'>κῦμα,</span> <span class='ocrx_word' id='word_1_348' title='bbox 941 3353 1296 3422; x_wconf 77' lang='grc' dir='ltr'>ἑτετρίγεσαν</span> <span class='ocrx_word' id='word_1_349' title='bbox 1336 3362 1389 3411; x_wconf 83' lang='grc' dir='ltr'>αἱ</span> <span class='ocrx_word' id='word_1_350' title='bbox 1442 3365 1683 3430; x_wconf 71' lang='grc' dir='ltr'>κεραιαὶ,</span> 
     </span>
    </p>
   </div>
   <div class='ocr_carea' id='block_1_52' title="bbox 139 3432 1687 3523">
    <p class='ocr_par' dir='ltr' id='par_1_52' title="bbox 139 3432 1687 3523">
     <span class='ocr_line' id='line_1_52' title="bbox 139 3432 1687 3523; baseline 0.016 -40"><span class='ocrx_word' id='word_1_351' title='bbox 139 3432 187 3481; x_wconf 72' lang='lat' dir='ltr'><strong>ti</strong></span> <span class='ocrx_word' id='word_1_352' title='bbox 218 3434 257 3485; x_wconf 79' lang='grc' dir='ltr'>θ’</span> <span class='ocrx_word' id='word_1_353' title='bbox 282 3436 417 3488; x_wconf 77' lang='grc' dir='ltr'>ἱστία</span> <span class='ocrx_word' id='word_1_354' title='bbox 447 3438 868 3509; x_wconf 62' lang='grc' dir='ltr'>διερρήγνυντο.</span> <span class='ocrx_word' id='word_1_355' title='bbox 914 3444 1447 3515; x_wconf 83' lang='grc' dir='ltr'>Ἐκδειματωθέντες</span> <span class='ocrx_word' id='word_1_356' title='bbox 1470 3455 1521 3505; x_wconf 81' lang='lat' dir='ltr'><strong>al.</strong></span> <span class='ocrx_word' id='word_1_357' title='bbox 1548 3454 1687 3523; x_wconf 83' lang='grc' dir='ltr'>Βάρ-</span> 
     </span>
    </p>
   </div>
   <div class='ocr_carea' id='block_1_53' title="bbox 140 3523 1685 3613">
    <p class='ocr_par' dir='ltr' id='par_1_53' title="bbox 140 3523 1685 3613">
     <span class='ocr_line' id='line_1_53' title="bbox 140 3523 1685 3613; baseline 0.016 -38"><span class='ocrx_word' id='word_1_358' title='bbox 140 3523 286 3613; x_wconf 70' lang='grc' dir='ltr'>εαροι,</span> <span class='ocrx_word' id='word_1_359' title='bbox 308 3529 364 3579; x_wconf 79' lang='grc' dir='ltr'>τὸ</span> <span class='ocrx_word' id='word_1_360' title='bbox 396 3530 495 3597; x_wconf 83' lang='grc' dir='ltr'><strong>μὲν</strong></span> <span class='ocrx_word' id='word_1_361' title='bbox 523 3531 615 3584; x_wconf 77' lang='grc' dir='ltr'><strong>δια</strong></span> <span class='ocrx_word' id='word_1_362' title='bbox 657 3536 713 3585; x_wconf 72' lang='grc' dir='ltr'>τὸ</span> <span class='ocrx_word' id='word_1_363' title='bbox 745 3540 1105 3605; x_wconf 71' lang='grc' dir='ltr'>πεμπόμενον</span> <span class='ocrx_word' id='word_1_364' title='bbox 1135 3539 1247 3609; x_wconf 86' lang='grc' dir='ltr'><strong>πῦρ</strong></span> <span class='ocrx_word' id='word_1_365' title='bbox 1269 3557 1281 3569; x_wconf 81' lang='grc'><strong><em>⁸</em></strong></span> <span class='ocrx_word' id='word_1_366' title='bbox 1317 3544 1375 3594; x_wconf 83' lang='grc' dir='ltr'>ού</span> <span class='ocrx_word' id='word_1_367' title='bbox 1410 3543 1517 3613; x_wconf 79' lang='grc' dir='ltr'><strong>γὰρ</strong></span> <span class='ocrx_word' id='word_1_368' title='bbox 1562 3546 1685 3599; x_wconf 74' lang='grc' dir='ltr'>ἐθά-</span> 
     </span>
    </p>
   </div>
   <div class='ocr_carea' id='block_1_54' title="bbox 137 3611 1685 3701">
    <p class='ocr_par' dir='ltr' id='par_1_54' title="bbox 137 3611 1685 3701">
     <span class='ocr_line' id='line_1_54' title="bbox 137 3611 1685 3701; baseline 0.015 -36"><span class='ocrx_word' id='word_1_369' title='bbox 137 3613 205 3676; x_wconf 78' lang='grc' dir='ltr'><strong>δες</strong></span> <span class='ocrx_word' id='word_1_370' title='bbox 232 3611 355 3686; x_wconf 70' lang='grc' dir='ltr'>ἧταν</span> <span class='ocrx_word' id='word_1_371' title='bbox 387 3621 650 3675; x_wconf 73' lang='grc' dir='ltr'>τοιούτων</span> <span class='ocrx_word' id='word_1_372' title='bbox 683 3625 898 3676; x_wconf 76' lang='grc' dir='ltr'>σκευῶν</span> <span class='ocrx_word' id='word_1_373' title='bbox 950 3628 979 3695; x_wconf 83' lang='grc' dir='ltr'>ἢ</span> <span class='ocrx_word' id='word_1_374' title='bbox 1020 3631 1215 3697; x_wconf 83' lang='grc' dir='ltr'>πυρὸς,</span> <span class='ocrx_word' id='word_1_375' title='bbox 1249 3632 1361 3685; x_wconf 83' lang='grc' dir='ltr'>ἄνω</span> <span class='ocrx_word' id='word_1_376' title='bbox 1392 3611 1498 3699; x_wconf 87' lang='grc' dir='ltr'>μὲν</span> <span class='ocrx_word' id='word_1_377' title='bbox 1523 3635 1685 3701; x_wconf 77' lang='grc' dir='ltr'>φύσει</span> 
     </span>
    </p>
   </div>
   <div class='ocr_carea' id='block_1_55' title="bbox 138 3704 1686 3793">
    <p class='ocr_par' dir='ltr' id='par_1_55' title="bbox 138 3704 1686 3793">
     <span class='ocr_line' id='line_1_55' title="bbox 138 3704 1686 3793; baseline 0.01 -28"><span class='ocrx_word' id='word_1_378' title='bbox 138 3704 213 3774; x_wconf 72' lang='grc' dir='ltr'><strong>τὴν</strong></span> <span class='ocrx_word' id='word_1_379' title='bbox 256 3712 417 3777; x_wconf 69' lang='grc' dir='ltr'>φορὰν</span> <span class='ocrx_word' id='word_1_380' title='bbox 449 3712 701 3782; x_wconf 84' lang='grc' dir='ltr'>ἔχοντος,</span> <span class='ocrx_word' id='word_1_381' title='bbox 746 3720 1104 3785; x_wconf 78' lang='grc' dir='ltr'>πεμπομένου</span> <span class='ocrx_word' id='word_1_382' title='bbox 1153 3721 1197 3772; x_wconf 82' lang='grc' dir='ltr'>δ’</span> <span class='ocrx_word' id='word_1_383' title='bbox 1231 3723 1317 3789; x_wconf 79' lang='grc' dir='ltr'><strong>ἐφ’</strong></span> <span class='ocrx_word' id='word_1_384' title='bbox 1357 3724 1391 3777; x_wconf 79' lang='grc' dir='ltr'>ἃ</span> <span class='ocrx_word' id='word_1_385' title='bbox 1434 3725 1686 3793; x_wconf 85' lang='grc' dir='ltr'>βούλεται</span> 
     </span>
    </p>
   </div>
   <div class='ocr_carea' id='block_1_56' title="bbox 138 3798 1688 3888">
    <p class='ocr_par' dir='ltr' id='par_1_56' title="bbox 138 3798 1688 3888">
     <span class='ocr_line' id='line_1_56' title="bbox 138 3798 1688 3888; baseline 0.015 -37"><span class='ocrx_word' id='word_1_386' title='bbox 138 3798 157 3850; x_wconf 74' lang='lat'>5</span> <span class='ocrx_word' id='word_1_387' title='bbox 188 3800 394 3868; x_wconf 80' lang='grc' dir='ltr'>πέμπων</span> <span class='ocrx_word' id='word_1_388' title='bbox 424 3807 566 3858; x_wconf 81' lang='grc' dir='ltr'>κατά</span> <span class='ocrx_word' id='word_1_389' title='bbox 608 3824 666 3859; x_wconf 87' lang='grc' dir='ltr'><strong>τε</strong></span> <span class='ocrx_word' id='word_1_390' title='bbox 701 3811 759 3861; x_wconf 67' lang='lat' dir='ltr'><strong>rb</strong></span> <span class='ocrx_word' id='word_1_391' title='bbox 794 3812 1001 3880; x_wconf 74' lang='grc' dir='ltr'>πρανὲς</span> <span class='ocrx_word' id='word_1_392' title='bbox 1028 3814 1288 3879; x_wconf 76' lang='grc' dir='ltr'>πολλάκις</span> <span class='ocrx_word' id='word_1_393' title='bbox 1319 3818 1417 3869; x_wconf 73' lang='grc' dir='ltr'><strong>καὶ</strong></span> <span class='ocrx_word' id='word_1_394' title='bbox 1443 3819 1528 3888; x_wconf 79' lang='grc' dir='ltr'><strong>ἐφ’</strong></span> <span class='ocrx_word' id='word_1_395' title='bbox 1559 3820 1688 3873; x_wconf 77' lang='grc' dir='ltr'>ἑκά-</span> 
     </span>
    </p>
   </div>
   <div class='ocr_carea' id='block_1_57' title="bbox 137 3893 1685 3979">
    <p class='ocr_par' dir='ltr' id='par_1_57' title="bbox 137 3893 1685 3979">
     <span class='ocr_line' id='line_1_57' title="bbox 137 3893 1685 3979; baseline 0.015 -38"><span class='ocrx_word' id='word_1_396' title='bbox 137 3906 262 3957; x_wconf 76' lang='grc' dir='ltr'>τεραο</span> <span class='ocrx_word' id='word_1_397' title='bbox 290 3893 346 3947; x_wconf 83' lang='grc' dir='ltr'>τὸ</span> <span class='ocrx_word' id='word_1_398' title='bbox 383 3897 439 3948; x_wconf 83' lang='grc' dir='ltr'>δὲ</span> <span class='ocrx_word' id='word_1_399' title='bbox 469 3898 578 3949; x_wconf 73' lang='grc' dir='ltr'>ὑπὸ</span> <span class='ocrx_word' id='word_1_400' title='bbox 619 3901 715 3952; x_wconf 88' lang='grc' dir='ltr'><strong>τοῦ</strong></span> <span class='ocrx_word' id='word_1_401' title='bbox 742 3900 1034 3956; x_wconf 79' lang='grc' dir='ltr'>θαλαττίου</span> <span class='ocrx_word' id='word_1_402' title='bbox 1076 3904 1345 3970; x_wconf 82' lang='grc' dir='ltr'>κλύδωνος</span> <span class='ocrx_word' id='word_1_403' title='bbox 1384 3910 1685 3979; x_wconf 75' lang='grc' dir='ltr'>συγχυθὲνο</span> 
     </span>
    </p>
   </div>
   <div class='ocr_carea' id='block_1_58' title="bbox 137 3986 1686 4070">
    <p class='ocr_par' dir='ltr' id='par_1_58' title="bbox 137 3986 1686 4070">
     <span class='ocr_line' id='line_1_58' title="bbox 137 3986 1686 4070; baseline 0.016 -35"><span class='ocrx_word' id='word_1_404' title='bbox 137 3999 207 4047; x_wconf 84' lang='grc' dir='ltr'><strong>τες</strong></span> <span class='ocrx_word' id='word_1_405' title='bbox 244 3986 327 4039; x_wconf 72' lang='grc' dir='ltr'>τὸν</span> <span class='ocrx_word' id='word_1_406' title='bbox 374 3990 500 4042; x_wconf 84' lang='grc' dir='ltr'>νοῦν</span> <span class='ocrx_word' id='word_1_407' title='bbox 543 3993 847 4059; x_wconf 81' lang='grc' dir='ltr'>φυγαδείας</span> <span class='ocrx_word' id='word_1_408' title='bbox 887 3996 1114 4064; x_wconf 65' lang='grc' dir='ltr'>ἥψαντο.</span> <span class='ocrx_word' id='word_1_409' title='bbox 1152 3997 1309 4051; x_wconf 80' lang='grc' dir='ltr'>Οὖτω</span> <span class='ocrx_word' id='word_1_410' title='bbox 1354 4002 1455 4070; x_wconf 82' lang='grc' dir='ltr'>μὲν</span> <span class='ocrx_word' id='word_1_411' title='bbox 1495 4003 1588 4055; x_wconf 81' lang='grc' dir='ltr'><strong>οῦν</strong></span> <span class='ocrx_word' id='word_1_412' title='bbox 1618 4007 1686 4060; x_wconf 77' lang='grc' dir='ltr'>τὰ</span> 
     </span>
    </p>
   </div>
   <div class='ocr_carea' id='block_1_59' title="bbox 135 4078 1687 4169">
    <p class='ocr_par' dir='ltr' id='par_1_59' title="bbox 135 4078 1687 4169">
     <span class='ocr_line' id='line_1_59' title="bbox 135 4078 1687 4169; baseline 0.016 -42"><span class='ocrx_word' id='word_1_413' title='bbox 135 4078 220 4130; x_wconf 79' lang='grc' dir='ltr'><strong>τῶν</strong></span> <span class='ocrx_word' id='word_1_414' title='bbox 250 4081 561 4152; x_wconf 74' lang='grc' dir='ltr'>Βαρϐάρων.</span> <span class='ocrx_word' id='word_1_415' title='bbox 612 4086 674 4140; x_wconf 86' lang='grc' dir='ltr'>ὐ</span> <span class='ocrx_word' id='word_1_416' title='bbox 698 4086 755 4139; x_wconf 84' lang='grc' dir='ltr'><em>δέ</em></span> <span class='ocrx_word' id='word_1_417' title='bbox 785 4104 867 4141; x_wconf 85' lang='grc' dir='ltr'><strong>τοι</strong></span> <span class='ocrx_word' id='word_1_418' title='bbox 908 4089 1219 4159; x_wconf 72' lang='grc' dir='ltr'>Ῥωμαϊκὸς</span> <span class='ocrx_word' id='word_1_419' title='bbox 1246 4095 1431 4156; x_wconf 81' lang='grc' dir='ltr'>στόλος</span> <span class='ocrx_word' id='word_1_420' title='bbox 1461 4098 1687 4169; x_wconf 78' lang='grc' dir='ltr'>νησιδίῳ</span> 
     </span>
    </p>
   </div>
   <div class='ocr_carea' id='block_1_60' title="bbox 137 4170 1682 4257">
    <p class='ocr_par' dir='ltr' id='par_1_60' title="bbox 137 4170 1682 4257">
     <span class='ocr_line' id='line_1_60' title="bbox 137 4170 1682 4257; baseline 0.016 -37"><span class='ocrx_word' id='word_1_421' title='bbox 137 4170 219 4222; x_wconf 78' lang='grc' dir='ltr'>τινὶ</span> <span class='ocrx_word' id='word_1_422' title='bbox 232 4174 597 4241; x_wconf 84' lang='grc' dir='ltr'>προσώκειλεν</span> <span class='ocrx_word' id='word_1_423' title='bbox 622 4178 824 4231; x_wconf 79' lang='grc' dir='ltr'>οὑτωσί</span> <span class='ocrx_word' id='word_1_424' title='bbox 846 4198 945 4233; x_wconf 86' lang='grc' dir='ltr'><strong>που</strong></span> <span class='ocrx_word' id='word_1_425' title='bbox 963 4182 1287 4254; x_wconf 73' lang='grc' dir='ltr'>καλουμένῳ</span> <span class='ocrx_word' id='word_1_426' title='bbox 1309 4185 1524 4257; x_wconf 84' lang='grc' dir='ltr'>Σεύτλῳ</span> <span class='ocrx_word' id='word_1_427' title='bbox 1548 4190 1682 4257; x_wconf 77' lang='lat'><strong>(75).</strong></span> 
     </span>
    </p>
   </div>
   <div class='ocr_carea' id='block_1_61' title="bbox 136 4261 1684 4353">
    <p class='ocr_par' dir='ltr' id='par_1_61' title="bbox 136 4261 1684 4353">
     <span class='ocr_line' id='line_1_61' title="bbox 136 4261 1684 4353; baseline 0.013 -38"><span class='ocrx_word' id='word_1_428' title='bbox 136 4261 455 4353; x_wconf 60' lang='grc' dir='ltr'>ᾼὺγαζούσης</span> <span class='ocrx_word' id='word_1_429' title='bbox 506 4269 564 4323; x_wconf 83' lang='grc' dir='ltr'>δὲ</span> <span class='ocrx_word' id='word_1_430' title='bbox 610 4273 712 4340; x_wconf 75' lang='grc' dir='ltr'>τῆς</span> <span class='ocrx_word' id='word_1_431' title='bbox 762 4274 972 4342; x_wconf 80' lang='grc' dir='ltr'>ἡμέρας</span> <span class='ocrx_word' id='word_1_432' title='bbox 1014 4277 1232 4328; x_wconf 74' lang='grc' dir='ltr'>ἐκεῖθεν</span> <span class='ocrx_word' id='word_1_433' title='bbox 1266 4279 1587 4348; x_wconf 71' lang='grc' dir='ltr'>ἀπάραντες</span> <span class='ocrx_word' id='word_1_434' title='bbox 1619 4285 1684 4353; x_wconf 82' lang='grc' dir='ltr'>τῇ</span> 
     </span>
    </p>
   </div>
   <div class='ocr_carea' id='block_1_62' title="bbox 144 4350 1688 4435">
    <p class='ocr_par' dir='ltr' id='par_1_62' title="bbox 144 4350 1688 4435">
     <span class='ocr_line' id='line_1_62' title="bbox 144 4350 1688 4435; baseline 0.014 -32"><span class='ocrx_word' id='word_1_435' title='bbox 144 4350 279 4424; x_wconf 69' lang='grc' dir='ltr'><strong>Ῥόδῳ</strong></span> <span class='ocrx_word' id='word_1_436' title='bbox 310 4358 723 4430; x_wconf 79' lang='grc' dir='ltr'>προσὼρμησαν</span> <span class='ocrx_word' id='word_1_437' title='bbox 759 4365 798 4417; x_wconf 83' lang='grc'><strong>⁸.</strong></span> <span class='ocrx_word' id='word_1_438' title='bbox 840 4365 958 4416; x_wconf 77' lang='grc' dir='ltr'>Τῶν</span> <span class='ocrx_word' id='word_1_439' title='bbox 990 4366 1194 4420; x_wconf 84' lang='grc' dir='ltr'>πλοίων</span> <span class='ocrx_word' id='word_1_440' title='bbox 1245 4365 1340 4422; x_wconf 79' lang='grc' dir='ltr'><strong>οῦν</strong></span> <span class='ocrx_word' id='word_1_441' title='bbox 1374 4371 1688 4435; x_wconf 80' lang='grc' dir='ltr'>ἀποϐάντες</span> 
     </span>
    </p>
   </div>
   <div class='ocr_carea' id='block_1_63' title="bbox 135 4446 1687 4527">
    <p class='ocr_par' dir='ltr' id='par_1_63' title="bbox 135 4446 1687 4527">
     <span class='ocr_line' id='line_1_63' title="bbox 135 4446 1687 4527; baseline 0.013 -34"><span class='ocrx_word' id='word_1_442' title='bbox 135 4446 206 4493; x_wconf 77' lang='grc' dir='ltr'><strong>καὶ</strong></span> <span class='ocrx_word' id='word_1_443' title='bbox 228 4446 581 4515; x_wconf 70' lang='grc' dir='ltr'>ἐξαγαγόντες</span> <span class='ocrx_word' id='word_1_444' title='bbox 609 4453 767 4515; x_wconf 77' lang='grc' dir='ltr'>ὅσους</span> <span class='ocrx_word' id='word_1_445' title='bbox 801 4452 1048 4521; x_wconf 76' lang='grc' dir='ltr'>ἔφθασαν</span> <span class='ocrx_word' id='word_1_446' title='bbox 1073 4461 1372 4527; x_wconf 80' lang='grc' dir='ltr'>κατασχεῖν</span> <span class='ocrx_word' id='word_1_447' title='bbox 1405 4464 1496 4511; x_wconf 70' lang='grc' dir='ltr'><strong>καὶ</strong></span> <span class='ocrx_word' id='word_1_448' title='bbox 1526 4461 1687 4513; x_wconf 76' lang='grc' dir='ltr'>αὑτὸν</span> 
     </span>
    </p>
   </div>
   <div class='ocr_carea' id='block_1_64' title="bbox 1793 1980 3373 2047">
    <p class='ocr_par' dir='ltr' id='par_1_64' title="bbox 1793 1980 3373 2047">
     <span class='ocr_line' id='line_1_64' title="bbox 1793 1980 3373 2047; baseline -0.003 -12"><span class='ocrx_word' id='word_1_449' title='bbox 1793 1991 2173 2047; x_wconf 85' lang='lat' dir='ltr'><strong>cucurrerant,</strong></span> <span class='ocrx_word' id='word_1_450' title='bbox 2206 1997 2310 2035; x_wconf 91' lang='lat' dir='ltr'><strong>non</strong></span> <span class='ocrx_word' id='word_1_451' title='bbox 2344 1981 2601 2045; x_wconf 78' lang='lat' dir='ltr'><strong>inventis,</strong></span> <span class='ocrx_word' id='word_1_452' title='bbox 2631 1981 2861 2035; x_wconf 86' lang='lat' dir='ltr'><strong>Cnidum</strong></span> <span class='ocrx_word' id='word_1_453' title='bbox 2888 1980 3112 2043; x_wconf 85' lang='lat' dir='ltr'><strong>abeunt,</strong></span> <span class='ocrx_word' id='word_1_454' title='bbox 3141 1980 3373 2033; x_wconf 80' lang='lat' dir='ltr'><strong>insulam</strong></span> 
     </span>
    </p>
   </div>
   <div class='ocr_carea' id='block_1_65' title="bbox 1785 2071 3378 2143">
    <p class='ocr_par' dir='ltr' id='par_1_65' title="bbox 1785 2071 3378 2143">
     <span class='ocr_line' id='line_1_65' title="bbox 1785 2071 3378 2143; baseline -0.001 -17"><span class='ocrx_word' id='word_1_455' title='bbox 1785 2088 1951 2143; x_wconf 89' lang='lat' dir='ltr'><strong>prope</strong></span> <span class='ocrx_word' id='word_1_456' title='bbox 1984 2073 2350 2127; x_wconf 85' lang='lat' dir='ltr'><strong>continentem</strong></span> <span class='ocrx_word' id='word_1_457' title='bbox 2378 2071 2615 2127; x_wconf 87' lang='lat' dir='ltr'><strong>Orientis</strong></span> <span class='ocrx_word' id='word_1_458' title='bbox 2644 2073 2828 2129; x_wconf 85' lang='lat' dir='ltr'><strong>sitam.</strong></span> <span class='ocrx_word' id='word_1_459' title='bbox 2886 2074 2960 2129; x_wconf 90' lang='lat' dir='ltr'><strong>lbi</strong></span> <span class='ocrx_word' id='word_1_460' title='bbox 3006 2074 3378 2142; x_wconf 77' lang='lat' dir='ltr'><strong>deprehensu-</strong></span> 
     </span>
    </p>
   </div>
   <div class='ocr_carea' id='block_1_66' title="bbox 1789 2164 3377 2235">
    <p class='ocr_par' dir='ltr' id='par_1_66' title="bbox 1789 2164 3377 2235">
     <span class='ocr_line' id='line_1_66' title="bbox 1789 2164 3377 2235; baseline -0.001 -17"><span class='ocrx_word' id='word_1_461' title='bbox 1789 2180 1878 2219; x_wconf 84' lang='lat' dir='ltr'><strong>ros</strong></span> <span class='ocrx_word' id='word_1_462' title='bbox 1911 2180 1969 2218; x_wconf 85' lang='lat' dir='ltr'><strong>se</strong></span> <span class='ocrx_word' id='word_1_463' title='bbox 2016 2167 2115 2219; x_wconf 88' lang='lat' dir='ltr'><strong>rati</strong></span> <span class='ocrx_word' id='word_1_464' title='bbox 2147 2164 2373 2219; x_wconf 82' lang='lat' dir='ltr'><strong>Pisanos</strong></span> <span class='ocrx_word' id='word_1_465' title='bbox 2399 2204 2415 2230; x_wconf 96' lang='lat'><strong>,</strong></span> <span class='ocrx_word' id='word_1_466' title='bbox 2447 2180 2543 2235; x_wconf 86' lang='lat' dir='ltr'><strong>spe</strong></span> <span class='ocrx_word' id='word_1_467' title='bbox 2588 2167 2801 2230; x_wconf 89' lang='lat' dir='ltr'><strong>quidem</strong></span> <span class='ocrx_word' id='word_1_468' title='bbox 2850 2167 3151 2220; x_wconf 77' lang='lat' dir='ltr'><strong>exciderint</strong></span> <span class='ocrx_word' id='word_1_469' title='bbox 3183 2166 3377 2234; x_wconf 62' lang='lat' dir='ltr'><strong>prmdm</strong></span> 
     </span>
    </p>
   </div>
   <div class='ocr_carea' id='block_1_67' title="bbox 1792 2257 3377 2325">
    <p class='ocr_par' dir='ltr' id='par_1_67' title="bbox 1792 2257 3377 2325">
     <span class='ocr_line' id='line_1_67' title="bbox 1792 2257 3377 2325; baseline 0.003 -17"><span class='ocrx_word' id='word_1_470' title='bbox 1792 2258 1979 2319; x_wconf 86' lang='lat' dir='ltr'><strong>totius,</strong></span> <span class='ocrx_word' id='word_1_471' title='bbox 2015 2265 2336 2324; x_wconf 84' lang='lat' dir='ltr'><strong>repererunt</strong></span> <span class='ocrx_word' id='word_1_472' title='bbox 2370 2264 2549 2310; x_wconf 87' lang='lat' dir='ltr'><strong>tamen</strong></span> <span class='ocrx_word' id='word_1_473' title='bbox 2576 2257 2792 2310; x_wconf 80' lang='lat' dir='ltr'><strong>relictos</strong></span> <span class='ocrx_word' id='word_1_474' title='bbox 2825 2258 3139 2312; x_wconf 79' lang='lat' dir='ltr'><strong>Pisanorum</strong></span> <span class='ocrx_word' id='word_1_475' title='bbox 3168 2258 3377 2325; x_wconf 87' lang='lat' dir='ltr'><strong>aliquos</strong></span> 
     </span>
    </p>
   </div>
   <div class='ocr_carea' id='block_1_68' title="bbox 1791 2344 3373 2413">
    <p class='ocr_par' dir='ltr' id='par_1_68' title="bbox 1791 2344 3373 2413">
     <span class='ocr_line' id='line_1_68' title="bbox 1791 2344 3373 2413; baseline -0.001 -16"><span class='ocrx_word' id='word_1_476' title='bbox 1791 2362 1818 2397; x_wconf 89' lang='lat' dir='ltr'><strong>a</strong></span> <span class='ocrx_word' id='word_1_477' title='bbox 1855 2345 2052 2413; x_wconf 80' lang='lat' dir='ltr'><strong>quibus</strong></span> <span class='ocrx_word' id='word_1_478' title='bbox 2107 2344 2454 2413; x_wconf 79' lang='lat' dir='ltr'><strong>interrogatis</strong></span> <span class='ocrx_word' id='word_1_479' title='bbox 2501 2360 2609 2413; x_wconf 89' lang='lat' dir='ltr'><strong>quo</strong></span> <span class='ocrx_word' id='word_1_480' title='bbox 2656 2344 2843 2398; x_wconf 86' lang='lat' dir='ltr'><strong>ivisset</strong></span> <span class='ocrx_word' id='word_1_481' title='bbox 2897 2344 3093 2396; x_wconf 83' lang='lat' dir='ltr'><strong>Pisana</strong></span> <span class='ocrx_word' id='word_1_482' title='bbox 3144 2345 3373 2409; x_wconf 80' lang='lat' dir='ltr'><strong>classis,</strong></span> 
     </span>
    </p>
   </div>
   <div class='ocr_carea' id='block_1_69' title="bbox 1786 2433 3373 2506">
    <p class='ocr_par' dir='ltr' id='par_1_69' title="bbox 1786 2433 3373 2506">
     <span class='ocr_line' id='line_1_69' title="bbox 1786 2433 3373 2506; baseline -0.001 -17"><span class='ocrx_word' id='word_1_483' title='bbox 1786 2435 1953 2506; x_wconf 76' lang='lat'><strong>336</strong></span> <span class='ocrx_word' id='word_1_484' title='bbox 1984 2435 2232 2490; x_wconf 75' lang='lat' dir='ltr'><strong>Rhodum</strong></span> <span class='ocrx_word' id='word_1_485' title='bbox 2265 2448 2454 2490; x_wconf 85' lang='lat' dir='ltr'><strong>versus</strong></span> <span class='ocrx_word' id='word_1_486' title='bbox 2505 2434 2787 2502; x_wconf 76' lang='lat' dir='ltr'><strong>navigasse</strong></span> <span class='ocrx_word' id='word_1_487' title='bbox 2830 2433 2973 2485; x_wconf 86' lang='lat' dir='ltr'><strong>illam</strong></span> <span class='ocrx_word' id='word_1_488' title='bbox 3027 2433 3373 2487; x_wconf 81' lang='lat' dir='ltr'><strong>audiverunt.</strong></span> 
     </span>
    </p>
   </div>
   <div class='ocr_carea' id='block_1_70' title="bbox 1784 2525 3377 2596">
    <p class='ocr_par' dir='ltr' id='par_1_70' title="bbox 1784 2525 3377 2596">
     <span class='ocr_line' id='line_1_70' title="bbox 1784 2525 3377 2596; baseline -0.002 -15"><span class='ocrx_word' id='word_1_489' title='bbox 1784 2528 1940 2583; x_wconf 80' lang='lat' dir='ltr'><strong>Nulla</strong></span> <span class='ocrx_word' id='word_1_490' title='bbox 1969 2544 2119 2585; x_wconf 88' lang='lat' dir='ltr'><strong>mora</strong></span> <span class='ocrx_word' id='word_1_491' title='bbox 2144 2526 2456 2596; x_wconf 85' lang='lat' dir='ltr'><strong>insequendi</strong></span> <span class='ocrx_word' id='word_1_492' title='bbox 2490 2526 2656 2591; x_wconf 80' lang='lat' dir='ltr'><strong>facta,</strong></span> <span class='ocrx_word' id='word_1_493' title='bbox 2684 2525 2891 2580; x_wconf 75' lang='lat' dir='ltr'><strong>instant</strong></span> <span class='ocrx_word' id='word_1_494' title='bbox 2939 2526 3135 2580; x_wconf 89' lang='lat' dir='ltr'><strong>solutis</strong></span> <span class='ocrx_word' id='word_1_495' title='bbox 3183 2525 3377 2578; x_wconf 87' lang='lat' dir='ltr'><strong>admis-</strong></span> 
     </span>
    </p>
   </div>
   <div class='ocr_carea' id='block_1_71' title="bbox 1784 2619 3378 2690">
    <p class='ocr_par' dir='ltr' id='par_1_71' title="bbox 1784 2619 3378 2690">
     <span class='ocr_line' id='line_1_71' title="bbox 1784 2619 3378 2690; baseline -0.003 -15"><span class='ocrx_word' id='word_1_496' title='bbox 1784 2624 1972 2690; x_wconf 83' lang='lat' dir='ltr'><strong>sisque</strong></span> <span class='ocrx_word' id='word_1_497' title='bbox 2030 2628 2149 2689; x_wconf 87' lang='lat' dir='ltr'><strong>post</strong></span> <span class='ocrx_word' id='word_1_498' title='bbox 2176 2619 2406 2675; x_wconf 80' lang='lat' dir='ltr'><strong>Pisanos</strong></span> <span class='ocrx_word' id='word_1_499' title='bbox 2462 2621 2716 2683; x_wconf 80' lang='lat' dir='ltr'><strong>navibus,</strong></span> <span class='ocrx_word' id='word_1_500' title='bbox 2764 2621 3025 2688; x_wconf 83' lang='lat' dir='ltr'><strong>brevique</strong></span> <span class='ocrx_word' id='word_1_501' title='bbox 3083 2634 3177 2672; x_wconf 90' lang='lat' dir='ltr'><strong>eos</strong></span> <span class='ocrx_word' id='word_1_502' title='bbox 3236 2633 3378 2672; x_wconf 85' lang='lat' dir='ltr'><strong>asse-</strong></span> 
     </span>
    </p>
   </div>
   <div class='ocr_carea' id='block_1_72' title="bbox 1784 2709 3379 2782">
    <p class='ocr_par' dir='ltr' id='par_1_72' title="bbox 1784 2709 3379 2782">
     <span class='ocr_line' id='line_1_72' title="bbox 1784 2709 3379 2782; baseline -0.002 -18"><span class='ocrx_word' id='word_1_503' title='bbox 1784 2720 2026 2782; x_wconf 88' lang='lat' dir='ltr'><strong>quuntur</strong></span> <span class='ocrx_word' id='word_1_504' title='bbox 2053 2712 2194 2766; x_wconf 87' lang='lat' dir='ltr'><strong>inter</strong></span> <span class='ocrx_word' id='word_1_505' title='bbox 2223 2713 2446 2764; x_wconf 80' lang='lat' dir='ltr'><strong>Pattara</strong></span> <span class='ocrx_word' id='word_1_506' title='bbox 2472 2720 2527 2764; x_wconf 92' lang='lat' dir='ltr'><strong>et</strong></span> <span class='ocrx_word' id='word_1_507' title='bbox 2558 2709 2825 2764; x_wconf 85' lang='lat' dir='ltr'><strong>Rhodum.</strong></span> <span class='ocrx_word' id='word_1_508' title='bbox 2862 2710 2966 2763; x_wconf 78' lang='lat' dir='ltr'><strong>Eos</strong></span> <span class='ocrx_word' id='word_1_509' title='bbox 2993 2709 3170 2762; x_wconf 84' lang='lat' dir='ltr'><strong>Pisaui</strong></span> <span class='ocrx_word' id='word_1_510' title='bbox 3247 2724 3379 2762; x_wconf 85' lang='lat' dir='ltr'><strong>con-</strong></span> 
     </span>
    </p>
   </div>
   <div class='ocr_carea' id='block_1_73' title="bbox 1784 2801 3373 2873">
    <p class='ocr_par' dir='ltr' id='par_1_73' title="bbox 1784 2801 3373 2873">
     <span class='ocr_line' id='line_1_73' title="bbox 1784 2801 3373 2873; baseline -0.002 -15"><span class='ocrx_word' id='word_1_511' title='bbox 1784 2805 1996 2873; x_wconf 81' lang='lat' dir='ltr'><strong>spicati,</strong></span> <span class='ocrx_word' id='word_1_512' title='bbox 2031 2804 2206 2859; x_wconf 83' lang='lat' dir='ltr'><strong>classe</strong></span> <span class='ocrx_word' id='word_1_513' title='bbox 2228 2805 2335 2859; x_wconf 85' lang='lat' dir='ltr'><strong>cito</strong></span> <span class='ocrx_word' id='word_1_514' title='bbox 2360 2803 2619 2870; x_wconf 87' lang='lat' dir='ltr'><strong>disposita</strong></span> <span class='ocrx_word' id='word_1_515' title='bbox 2655 2810 2777 2871; x_wconf 82' lang='lat' dir='ltr'><strong>apte</strong></span> <span class='ocrx_word' id='word_1_516' title='bbox 2809 2801 2873 2855; x_wconf 88' lang='lat' dir='ltr'><strong>ad</strong></span> <span class='ocrx_word' id='word_1_517' title='bbox 2895 2805 3084 2856; x_wconf 85' lang='lat' dir='ltr'><strong>navale</strong></span> <span class='ocrx_word' id='word_1_518' title='bbox 3108 2802 3373 2871; x_wconf 69' lang='lat' dir='ltr'><strong>praelium,</strong></span> 
     </span>
    </p>
   </div>
   <div class='ocr_carea' id='block_1_74' title="bbox 1784 2893 3378 2964">
    <p class='ocr_par' dir='ltr' id='par_1_74' title="bbox 1784 2893 3378 2964">
     <span class='ocr_line' id='line_1_74' title="bbox 1784 2893 3378 2964; baseline -0.004 -12"><span class='ocrx_word' id='word_1_519' title='bbox 1784 2907 1839 2952; x_wconf 90' lang='lat' dir='ltr'><strong>et</strong></span> <span class='ocrx_word' id='word_1_520' title='bbox 1868 2897 1972 2953; x_wconf 83' lang='lat' dir='ltr'><strong>tela</strong></span> <span class='ocrx_word' id='word_1_521' title='bbox 2012 2904 2067 2950; x_wconf 86' lang='lat' dir='ltr'><strong>et</strong></span> <span class='ocrx_word' id='word_1_522' title='bbox 2099 2896 2310 2950; x_wconf 84' lang='lat' dir='ltr'><strong>animos</strong></span> <span class='ocrx_word' id='word_1_523' title='bbox 2348 2895 2415 2948; x_wconf 86' lang='lat' dir='ltr'><strong>ad</strong></span> <span class='ocrx_word' id='word_1_524' title='bbox 2449 2910 2676 2964; x_wconf 76' lang='lat' dir='ltr'><strong>pugnam</strong></span> <span class='ocrx_word' id='word_1_525' title='bbox 2728 2894 3016 2948; x_wconf 82' lang='lat' dir='ltr'><strong>acuebant.</strong></span> <span class='ocrx_word' id='word_1_526' title='bbox 3048 2893 3378 2948; x_wconf 76' lang='lat' dir='ltr'><strong>Admovetur</strong></span> 
     </span>
    </p>
   </div>
   <div class='ocr_carea' id='block_1_75' title="bbox 1784 2986 3377 3059">
    <p class='ocr_par' dir='ltr' id='par_1_75' title="bbox 1784 2986 3377 3059">
     <span class='ocr_line' id='line_1_75' title="bbox 1784 2986 3377 3059; baseline -0.005 -13"><span class='ocrx_word' id='word_1_527' title='bbox 1784 2991 2003 3046; x_wconf 90' lang='lat' dir='ltr'><strong>interim</strong></span> <span class='ocrx_word' id='word_1_528' title='bbox 2050 2989 2271 3059; x_wconf 87' lang='lat' dir='ltr'><strong>propius</strong></span> <span class='ocrx_word' id='word_1_529' title='bbox 2324 2987 2569 3042; x_wconf 82' lang='lat' dir='ltr'><strong>Romana</strong></span> <span class='ocrx_word' id='word_1_530' title='bbox 2621 2986 2816 3041; x_wconf 80' lang='lat' dir='ltr'><strong>classis</strong></span> <span class='ocrx_word' id='word_1_531' title='bbox 2842 2993 2895 3039; x_wconf 87' lang='lat' dir='ltr'><strong>et</strong></span> <span class='ocrx_word' id='word_1_532' title='bbox 2947 2987 3165 3054; x_wconf 84' lang='lat' dir='ltr'><strong>quidam</strong></span> <span class='ocrx_word' id='word_1_533' title='bbox 3192 2999 3377 3038; x_wconf 86' lang='lat' dir='ltr'><strong>eomes</strong></span> 
     </span>
    </p>
   </div>
   <div class='ocr_carea' id='block_1_76' title="bbox 1784 3075 3368 3152">
    <p class='ocr_par' dir='ltr' id='par_1_76' title="bbox 1784 3075 3368 3152">
     <span class='ocr_line' id='line_1_76' title="bbox 1784 3075 3368 3152; baseline -0.004 -17"><span class='ocrx_word' id='word_1_534' title='bbox 1784 3082 2233 3152; x_wconf 84' lang='lat' dir='ltr'><strong>Peloponnesius,</strong></span> <span class='ocrx_word' id='word_1_535' title='bbox 2258 3081 2645 3151; x_wconf 78' lang='lat' dir='ltr'><strong>Perirhytanes</strong></span> <span class='ocrx_word' id='word_1_536' title='bbox 2679 3086 2925 3141; x_wconf 78' lang='lat' dir='ltr'><strong>vocatus,</strong></span> <span class='ocrx_word' id='word_1_537' title='bbox 2963 3075 3368 3131; x_wconf 87' lang='lat' dir='ltr'><strong>scientissimus</strong></span> 
     </span>
    </p>
   </div>
   <div class='ocr_carea' id='block_1_77' title="bbox 1787 3168 3369 3243">
    <p class='ocr_par' dir='ltr' id='par_1_77' title="bbox 1787 3168 3369 3243">
     <span class='ocr_line' id='line_1_77' title="bbox 1787 3168 3369 3243; baseline -0.006 -13"><span class='ocrx_word' id='word_1_538' title='bbox 1787 3175 1922 3230; x_wconf 87' lang='lat' dir='ltr'><strong>artis</strong></span> <span class='ocrx_word' id='word_1_539' title='bbox 1955 3176 2265 3243; x_wconf 76' lang='lat' dir='ltr'><strong>navigandi,</strong></span> <span class='ocrx_word' id='word_1_540' title='bbox 2295 3184 2409 3227; x_wconf 91' lang='lat' dir='ltr'><strong>toto</strong></span> <span class='ocrx_word' id='word_1_541' title='bbox 2450 3173 2676 3241; x_wconf 79' lang='lat' dir='ltr'><strong>remigio</strong></span> <span class='ocrx_word' id='word_1_542' title='bbox 2704 3188 2817 3225; x_wconf 72' lang='lat' dir='ltr'><strong>suze</strong></span> <span class='ocrx_word' id='word_1_543' title='bbox 2859 3169 3096 3222; x_wconf 72' lang='lat' dir='ltr'><strong>moneri;</strong></span> <span class='ocrx_word' id='word_1_544' title='bbox 3127 3168 3369 3231; x_wconf 82' lang='lat' dir='ltr'><strong>incitato,</strong></span> 
     </span>
    </p>
   </div>
   <div class='ocr_carea' id='block_1_78' title="bbox 2965 3264 3378 3331">
    <p class='ocr_par' dir='ltr' id='par_1_78' title="bbox 2965 3264 3378 3331">
     <span class='ocr_line' id='line_1_78' title="bbox 2965 3264 3378 3331; baseline -0.002 -16"><span class='ocrx_word' id='word_1_545' title='bbox 2965 3278 3168 3331; x_wconf 82' lang='lat' dir='ltr'><strong>perque</strong></span> <span class='ocrx_word' id='word_1_546' title='bbox 3230 3264 3378 3329; x_wconf 86' lang='lat' dir='ltr'><strong>ipsos</strong></span> 
     </span>
    </p>
   </div>
   <div class='ocr_carea' id='block_1_79' title="bbox 1789 3354 3373 3427">
    <p class='ocr_par' dir='ltr' id='par_1_79' title="bbox 1789 3354 3373 3427">
     <span class='ocr_line' id='line_1_79' title="bbox 1789 3354 3373 3427; baseline -0.008 -11"><span class='ocrx_word' id='word_1_547' title='bbox 1789 3363 1994 3417; x_wconf 89' lang='lat' dir='ltr'><strong>medios</strong></span> <span class='ocrx_word' id='word_1_548' title='bbox 2030 3363 2275 3415; x_wconf 81' lang='lat' dir='ltr'><strong>ﬂammea</strong></span> <span class='ocrx_word' id='word_1_549' title='bbox 2337 3359 2624 3423; x_wconf 51' lang='lat' dir='ltr'><strong>rapiditate</strong></span> <span class='ocrx_word' id='word_1_550' title='bbox 2668 3356 2994 3427; x_wconf 77' lang='lat' dir='ltr'><strong>pervolans,</strong></span> <span class='ocrx_word' id='word_1_551' title='bbox 3028 3356 3094 3411; x_wconf 86' lang='lat' dir='ltr'><strong>ad</strong></span> <span class='ocrx_word' id='word_1_552' title='bbox 3144 3354 3373 3408; x_wconf 80' lang='lat' dir='ltr'><strong>classem</strong></span> 
     </span>
    </p>
   </div>
   <div class='ocr_carea' id='block_1_80' title="bbox 1792 3451 3375 3509">
    <p class='ocr_par' dir='ltr' id='par_1_80' title="bbox 1792 3451 3375 3509">
     <span class='ocr_line' id='line_1_80' title="bbox 1792 3451 3375 3509; baseline -0.006 0"><span class='ocrx_word' id='word_1_553' title='bbox 1792 3471 2007 3509; x_wconf 87' lang='lat' dir='ltr'><strong>rursum</strong></span> <span class='ocrx_word' id='word_1_554' title='bbox 2035 3469 2092 3508; x_wconf 83' lang='lat' dir='ltr'><strong>se</strong></span> <span class='ocrx_word' id='word_1_555' title='bbox 2122 3452 2421 3506; x_wconf 80' lang='lat' dir='ltr'><strong>Romanam</strong></span> <span class='ocrx_word' id='word_1_556' title='bbox 2459 3451 2661 3505; x_wconf 87' lang='lat' dir='ltr'><strong>retulit.</strong></span> <span class='ocrx_word' id='word_1_557' title='bbox 2686 3451 2950 3504; x_wconf 56' lang='lat' dir='ltr'><strong>Caeterum</strong></span> <span class='ocrx_word' id='word_1_558' title='bbox 2987 3457 3187 3502; x_wconf 56' lang='lat' dir='ltr'><strong>nostra!</strong></span> <span class='ocrx_word' id='word_1_559' title='bbox 3209 3460 3375 3500; x_wconf 84' lang='lat' dir='ltr'><strong>naves</strong></span> 
     </span>
    </p>
   </div>
   <div class='ocr_carea' id='block_1_81' title="bbox 1788 3538 3373 3610">
    <p class='ocr_par' dir='ltr' id='par_1_81' title="bbox 1788 3538 3373 3610">
     <span class='ocr_line' id='line_1_81' title="bbox 1788 3538 3373 3610; baseline -0.006 -9"><span class='ocrx_word' id='word_1_560' title='bbox 1788 3547 1929 3601; x_wconf 88' lang='lat' dir='ltr'><strong>haud</strong></span> <span class='ocrx_word' id='word_1_561' title='bbox 1948 3547 2085 3599; x_wconf 88' lang='lat' dir='ltr'><strong>satis</strong></span> <span class='ocrx_word' id='word_1_562' title='bbox 2112 3544 2359 3598; x_wconf 84' lang='lat' dir='ltr'><strong>ordinate</strong></span> <span class='ocrx_word' id='word_1_563' title='bbox 2388 3543 2625 3610; x_wconf 84' lang='lat' dir='ltr'><strong>satisque</strong></span> <span class='ocrx_word' id='word_1_564' title='bbox 2649 3541 2859 3609; x_wconf 87' lang='lat' dir='ltr'><strong>juncto,</strong></span> <span class='ocrx_word' id='word_1_565' title='bbox 2893 3542 2984 3594; x_wconf 89' lang='lat' dir='ltr'><strong>sed</strong></span> <span class='ocrx_word' id='word_1_566' title='bbox 3019 3538 3373 3593; x_wconf 84' lang='lat' dir='ltr'><strong>tumultuario</strong></span> 
     </span>
    </p>
   </div>
   <div class='ocr_carea' id='block_1_82' title="bbox 1788 3632 3368 3707">
    <p class='ocr_par' dir='ltr' id='par_1_82' title="bbox 1788 3632 3368 3707">
     <span class='ocr_line' id='line_1_82' title="bbox 1788 3632 3368 3707; baseline -0.006 -15"><span class='ocrx_word' id='word_1_567' title='bbox 1788 3638 2027 3707; x_wconf 88' lang='lat' dir='ltr'><strong>quodam</strong></span> <span class='ocrx_word' id='word_1_568' title='bbox 2056 3637 2280 3704; x_wconf 82' lang='lat' dir='ltr'><strong>impetu,</strong></span> <span class='ocrx_word' id='word_1_569' title='bbox 2326 3651 2557 3704; x_wconf 76' lang='lat' dir='ltr'><strong>pugnam</strong></span> <span class='ocrx_word' id='word_1_570' title='bbox 2593 3650 2713 3688; x_wconf 89' lang='lat' dir='ltr'><strong>cum</strong></span> <span class='ocrx_word' id='word_1_571' title='bbox 2746 3633 2959 3687; x_wconf 82' lang='lat' dir='ltr'><strong>Pisanis</strong></span> <span class='ocrx_word' id='word_1_572' title='bbox 2990 3632 3368 3700; x_wconf 84' lang='lat' dir='ltr'><strong>capessebant.</strong></span> 
     </span>
    </p>
   </div>
   <div class='ocr_carea' id='block_1_83' title="bbox 1787 3723 3376 3794">
    <p class='ocr_par' dir='ltr' id='par_1_83' title="bbox 1787 3723 3376 3794">
     <span class='ocr_line' id='line_1_83' title="bbox 1787 3723 3376 3794; baseline -0.006 -13"><span class='ocrx_word' id='word_1_573' title='bbox 1787 3729 1928 3794; x_wconf 80' lang='lat' dir='ltr'><strong>Quin</strong></span> <span class='ocrx_word' id='word_1_574' title='bbox 1963 3726 2295 3794; x_wconf 88' lang='lat' dir='ltr'><strong>Lantulphus</strong></span> <span class='ocrx_word' id='word_1_575' title='bbox 2331 3726 2465 3792; x_wconf 89' lang='lat' dir='ltr'><strong>ipse,</strong></span> <span class='ocrx_word' id='word_1_576' title='bbox 2518 3724 2608 3779; x_wconf 84' lang='lat' dir='ltr'><strong>ubi</strong></span> <span class='ocrx_word' id='word_1_577' title='bbox 2634 3739 2691 3777; x_wconf 90' lang='lat' dir='ltr'><strong>se</strong></span> <span class='ocrx_word' id='word_1_578' title='bbox 2733 3723 2971 3776; x_wconf 80' lang='lat' dir='ltr'><strong>admovit</strong></span> <span class='ocrx_word' id='word_1_579' title='bbox 3013 3724 3221 3790; x_wconf 87' lang='lat' dir='ltr'><strong>primus</strong></span> <span class='ocrx_word' id='word_1_580' title='bbox 3276 3736 3376 3774; x_wconf 87' lang='lat' dir='ltr'><strong>ua-</strong></span> 
     </span>
    </p>
   </div>
   <div class='ocr_carea' id='block_1_84' title="bbox 1788 3812 3372 3890">
    <p class='ocr_par' dir='ltr' id='par_1_84' title="bbox 1788 3812 3372 3890">
     <span class='ocr_line' id='line_1_84' title="bbox 1788 3812 3372 3890; baseline -0.006 -17"><span class='ocrx_word' id='word_1_581' title='bbox 1788 3820 1946 3890; x_wconf 81' lang='lat' dir='ltr'><strong>vigiis</strong></span> <span class='ocrx_word' id='word_1_582' title='bbox 1998 3818 2327 3879; x_wconf 90' lang='lat' dir='ltr'><strong>hostilibus,</strong></span> <span class='ocrx_word' id='word_1_583' title='bbox 2390 3816 2568 3885; x_wconf 76' lang='lat' dir='ltr'><strong>ignem</strong></span> <span class='ocrx_word' id='word_1_584' title='bbox 2627 3814 3006 3884; x_wconf 84' lang='lat' dir='ltr'><strong>intempestive</strong></span> <span class='ocrx_word' id='word_1_585' title='bbox 3052 3812 3325 3881; x_wconf 83' lang='lat' dir='ltr'><strong>jaeulatus</strong></span> <span class='ocrx_word' id='word_1_586' title='bbox 3357 3850 3372 3873; x_wconf 94' lang='lat'><strong>,</strong></span> 
     </span>
    </p>
   </div>
   <div class='ocr_carea' id='block_1_85' title="bbox 1791 3906 3373 3972">
    <p class='ocr_par' dir='ltr' id='par_1_85' title="bbox 1791 3906 3373 3972">
     <span class='ocr_line' id='line_1_85' title="bbox 1791 3906 3373 3972; baseline -0.008 -6"><span class='ocrx_word' id='word_1_587' title='bbox 1791 3913 1911 3966; x_wconf 89' lang='lat' dir='ltr'><strong>ideo</strong></span> <span class='ocrx_word' id='word_1_588' title='bbox 1966 3921 2169 3967; x_wconf 88' lang='lat' dir='ltr'><strong>temere</strong></span> <span class='ocrx_word' id='word_1_589' title='bbox 2221 3922 2275 3963; x_wconf 87' lang='lat' dir='ltr'><strong>et</strong></span> <span class='ocrx_word' id='word_1_590' title='bbox 2327 3909 2446 3962; x_wconf 87' lang='lat' dir='ltr'><strong>sine</strong></span> <span class='ocrx_word' id='word_1_591' title='bbox 2498 3907 2737 3962; x_wconf 85' lang='lat' dir='ltr'><strong>hostium</strong></span> <span class='ocrx_word' id='word_1_592' title='bbox 2785 3907 2986 3960; x_wconf 88' lang='lat' dir='ltr'><strong>damno</strong></span> <span class='ocrx_word' id='word_1_593' title='bbox 3021 3906 3373 3972; x_wconf 82' lang='lat' dir='ltr'><strong>dispersum,</strong></span> 
     </span>
    </p>
   </div>
   <div class='ocr_carea' id='block_1_86' title="bbox 1790 3995 3379 4057">
    <p class='ocr_par' dir='ltr' id='par_1_86' title="bbox 1790 3995 3379 4057">
     <span class='ocr_line' id='line_1_86' title="bbox 1790 3995 3379 4057; baseline -0.006 0"><span class='ocrx_word' id='word_1_594' title='bbox 1790 4004 2029 4057; x_wconf 81' lang='lat' dir='ltr'><strong>fructum</strong></span> <span class='ocrx_word' id='word_1_595' title='bbox 2065 4001 2268 4057; x_wconf 89' lang='lat' dir='ltr'><strong>inventi</strong></span> <span class='ocrx_word' id='word_1_596' title='bbox 2321 4000 2442 4055; x_wconf 84' lang='lat' dir='ltr'><strong>novi</strong></span> <span class='ocrx_word' id='word_1_597' title='bbox 2480 4000 2685 4053; x_wconf 88' lang='lat' dir='ltr'><strong>nullum</strong></span> <span class='ocrx_word' id='word_1_598' title='bbox 2728 3999 2929 4053; x_wconf 87' lang='lat' dir='ltr'><strong>habuit.</strong></span> <span class='ocrx_word' id='word_1_599' title='bbox 2990 3997 3224 4051; x_wconf 81' lang='lat' dir='ltr'><strong>Felicior</strong></span> <span class='ocrx_word' id='word_1_600' title='bbox 3274 3995 3379 4049; x_wconf 78' lang='lat' dir='ltr'><strong>fuit</strong></span> 
     </span>
    </p>
   </div>
   <div class='ocr_carea' id='block_1_87' title="bbox 1788 4090 3377 4160">
    <p class='ocr_par' dir='ltr' id='par_1_87' title="bbox 1788 4090 3377 4160">
     <span class='ocr_line' id='line_1_87' title="bbox 1788 4090 3377 4160; baseline -0.007 -9"><span class='ocrx_word' id='word_1_601' title='bbox 1788 4113 1974 4151; x_wconf 85' lang='lat' dir='ltr'><strong>eomes</strong></span> <span class='ocrx_word' id='word_1_602' title='bbox 2001 4137 2015 4160; x_wconf 94' lang='lat'><strong>,</strong></span> <span class='ocrx_word' id='word_1_603' title='bbox 2048 4097 2301 4148; x_wconf 83' lang='lat' dir='ltr'><strong>Eleemon</strong></span> <span class='ocrx_word' id='word_1_604' title='bbox 2338 4094 2534 4147; x_wconf 88' lang='lat' dir='ltr'><strong>dictus.</strong></span> <span class='ocrx_word' id='word_1_605' title='bbox 2571 4092 2620 4146; x_wconf 89' lang='lat' dir='ltr'><strong>Is</strong></span> <span class='ocrx_word' id='word_1_606' title='bbox 2676 4107 2921 4160; x_wconf 77' lang='lat' dir='ltr'><strong>magnam</strong></span> <span class='ocrx_word' id='word_1_607' title='bbox 2969 4090 3226 4145; x_wconf 84' lang='lat' dir='ltr'><strong>audacter</strong></span> <span class='ocrx_word' id='word_1_608' title='bbox 3284 4103 3377 4158; x_wconf 72' lang='lat' dir='ltr'><strong>ag-</strong></span> 
     </span>
    </p>
   </div>
   <div class='ocr_carea' id='block_1_88' title="bbox 1786 4180 3376 4255">
    <p class='ocr_par' dir='ltr' id='par_1_88' title="bbox 1786 4180 3376 4255">
     <span class='ocr_line' id='line_1_88' title="bbox 1786 4180 3376 4255; baseline -0.005 -16"><span class='ocrx_word' id='word_1_609' title='bbox 1786 4202 2012 4255; x_wconf 67' lang='lat' dir='ltr'><strong>gressus</strong></span> <span class='ocrx_word' id='word_1_610' title='bbox 2065 4185 2313 4238; x_wconf 81' lang='lat' dir='ltr'><strong>Pisauam</strong></span> <span class='ocrx_word' id='word_1_611' title='bbox 2367 4199 2597 4245; x_wconf 82' lang='lat' dir='ltr'><strong>navem,</strong></span> <span class='ocrx_word' id='word_1_612' title='bbox 2649 4197 2770 4235; x_wconf 88' lang='lat' dir='ltr'><strong>cum</strong></span> <span class='ocrx_word' id='word_1_613' title='bbox 2828 4180 3110 4234; x_wconf 86' lang='lat' dir='ltr'><strong>incidisset</strong></span> <span class='ocrx_word' id='word_1_614' title='bbox 3164 4180 3216 4232; x_wconf 89' lang='lat' dir='ltr'><strong>in</strong></span> <span class='ocrx_word' id='word_1_615' title='bbox 3256 4180 3376 4245; x_wconf 79' lang='lat' dir='ltr'><strong>ejus</strong></span> 
     </span>
    </p>
   </div>
   <div class='ocr_carea' id='block_1_89' title="bbox 1792 4268 3376 4347">
    <p class='ocr_par' dir='ltr' id='par_1_89' title="bbox 1792 4268 3376 4347">
     <span class='ocr_line' id='line_1_89' title="bbox 1792 4268 3376 4347; baseline -0.004 -19"><span class='ocrx_word' id='word_1_616' title='bbox 1792 4276 2243 4347; x_wconf 79' lang='lat' dir='ltr'><strong>gubernaculum,</strong></span> <span class='ocrx_word' id='word_1_617' title='bbox 2281 4276 2462 4342; x_wconf 82' lang='lat' dir='ltr'><strong>itaque</strong></span> <span class='ocrx_word' id='word_1_618' title='bbox 2494 4288 2555 4328; x_wconf 86' lang='lat' dir='ltr'><strong>se</strong></span> <span class='ocrx_word' id='word_1_619' title='bbox 2583 4271 2958 4340; x_wconf 88' lang='lat' dir='ltr'><strong>implicuisset,</strong></span> <span class='ocrx_word' id='word_1_620' title='bbox 2995 4279 3054 4324; x_wconf 91' lang='lat' dir='ltr'><strong>ut</strong></span> <span class='ocrx_word' id='word_1_621' title='bbox 3080 4279 3223 4324; x_wconf 88' lang='lat' dir='ltr'><strong>retro</strong></span> <span class='ocrx_word' id='word_1_622' title='bbox 3253 4268 3376 4322; x_wconf 89' lang='lat' dir='ltr'><strong>inde</strong></span> 
     </span>
    </p>
   </div>
   <div class='ocr_carea' id='block_1_90' title="bbox 1789 4362 3377 4436">
    <p class='ocr_par' dir='ltr' id='par_1_90' title="bbox 1789 4362 3377 4436">
     <span class='ocr_line' id='line_1_90' title="bbox 1789 4362 3377 4436; baseline -0.008 -12"><span class='ocrx_word' id='word_1_623' title='bbox 1789 4372 1985 4424; x_wconf 87' lang='lat' dir='ltr'><strong>cedere</strong></span> <span class='ocrx_word' id='word_1_624' title='bbox 2013 4370 2279 4436; x_wconf 88' lang='lat' dir='ltr'><strong>nequiret,</strong></span> <span class='ocrx_word' id='word_1_625' title='bbox 2311 4375 2502 4435; x_wconf 82' lang='lat' dir='ltr'><strong>captus</strong></span> <span class='ocrx_word' id='word_1_626' title='bbox 2541 4371 2691 4420; x_wconf 81' lang='lat' dir='ltr'><strong>esset</strong></span> <span class='ocrx_word' id='word_1_627' title='bbox 2739 4364 2925 4432; x_wconf 81' lang='lat' dir='ltr'><strong>utique</strong></span> <span class='ocrx_word' id='word_1_628' title='bbox 2950 4402 2967 4427; x_wconf 87' lang='lat'><strong>,</strong></span> <span class='ocrx_word' id='word_1_629' title='bbox 3000 4362 3102 4417; x_wconf 87' lang='lat' dir='ltr'><strong>nisi</strong></span> <span class='ocrx_word' id='word_1_630' title='bbox 3135 4375 3377 4430; x_wconf 80' lang='lat' dir='ltr'><strong>praesen-</strong></span> 
     </span>
    </p>
   </div>
   <div class='ocr_carea' id='block_1_91' title="bbox 1791 4453 3380 4528">
    <p class='ocr_par' dir='ltr' id='par_1_91' title="bbox 1791 4453 3380 4528">
     <span class='ocr_line' id='line_1_91' title="bbox 1791 4453 3380 4528; baseline -0.007 -14"><span class='ocrx_word' id='word_1_631' title='bbox 1791 4471 1895 4515; x_wconf 90' lang='lat' dir='ltr'><strong>tem</strong></span> <span class='ocrx_word' id='word_1_632' title='bbox 1927 4462 1981 4514; x_wconf 90' lang='lat' dir='ltr'><strong>in</strong></span> <span class='ocrx_word' id='word_1_633' title='bbox 2017 4460 2107 4513; x_wconf 86' lang='lat' dir='ltr'><strong>tali</strong></span> <span class='ocrx_word' id='word_1_634' title='bbox 2134 4459 2374 4528; x_wconf 85' lang='lat' dir='ltr'><strong>periculo</strong></span> <span class='ocrx_word' id='word_1_635' title='bbox 2410 4458 2647 4510; x_wconf 83' lang='lat' dir='ltr'><strong>animum</strong></span> <span class='ocrx_word' id='word_1_636' title='bbox 2680 4456 2746 4509; x_wconf 86' lang='lat' dir='ltr'><strong>ad</strong></span> <span class='ocrx_word' id='word_1_637' title='bbox 2784 4466 3029 4523; x_wconf 85' lang='lat' dir='ltr'><strong>paratam</strong></span> <span class='ocrx_word' id='word_1_638' title='bbox 3082 4453 3380 4524; x_wconf 84' lang='lat' dir='ltr'><strong>appulisset</strong></span> 
     </span>
    </p>
   </div>
   <div class='ocr_carea' id='block_1_92' title="bbox 132 4531 1683 4643">
    <p class='ocr_par' dir='ltr' id='par_1_92' title="bbox 132 4531 1683 4621">
     <span class='ocr_line' id='line_1_92' title="bbox 132 4531 1683 4621; baseline 0.008 -35"><span class='ocrx_word' id='word_1_639' title='bbox 132 4531 181 4601; x_wconf 69' lang='grc' dir='ltr'>δὴ</span> <span class='ocrx_word' id='word_1_640' title='bbox 201 4536 278 4587; x_wconf 66' lang='grc' dir='ltr'>τὶν</span> <span class='ocrx_word' id='word_1_641' title='bbox 303 4539 391 4591; x_wconf 77' lang='grc' dir='ltr'><strong>τοῦ</strong></span> <span class='ocrx_word' id='word_1_642' title='bbox 417 4542 762 4609; x_wconf 80' lang='grc' dir='ltr'>Βαῖμούντου</span> <span class='ocrx_word' id='word_1_643' title='bbox 798 4545 1115 4613; x_wconf 79' lang='grc' dir='ltr'>ἀδελφιδοῦν</span> <span class='ocrx_word' id='word_1_644' title='bbox 1142 4549 1277 4619; x_wconf 81' lang='grc'>(76),</span> <span class='ocrx_word' id='word_1_645' title='bbox 1298 4551 1683 4621; x_wconf 72' lang='grc' dir='ltr'>ἐξεδειμέιτουν</span> 
     </span>
    </p>
   </div>
   <div class='ocr_carea' id='block_1_93' title="bbox 1860 4531 3376 4643">
    <p class='ocr_par' dir='ltr' id='par_1_93' title="bbox 1860 4546 3376 4617">
     <span class='ocr_line' id='line_1_93' title="bbox 1860 4546 3376 4617; baseline -0.004 -12"><span class='ocrx_word' id='word_1_646' title='bbox 1860 4553 2099 4606; x_wconf 72' lang='grc' dir='ltr'>ιριιὶιιίιιιι</span> <span class='ocrx_word' id='word_1_647' title='bbox 2152 4552 2464 4604; x_wconf 70' lang='grc' dir='ltr'>ονοιιιοιιιίςο</span> <span class='ocrx_word' id='word_1_648' title='bbox 2504 4549 2732 4602; x_wconf 72' lang='lat' dir='ltr'><strong>ﬂantum</strong></span> <span class='ocrx_word' id='word_1_649' title='bbox 2777 4563 2876 4617; x_wconf 86' lang='lat' dir='ltr'><strong>per</strong></span> <span class='ocrx_word' id='word_1_650' title='bbox 2922 4546 3107 4600; x_wconf 73' lang='lat' dir='ltr'><strong>fauces</strong></span> <span class='ocrx_word' id='word_1_651' title='bbox 3156 4559 3333 4599; x_wconf 82' lang='lat' dir='ltr'><strong>aeneas</strong></span> <span class='ocrx_word' id='word_1_652' title='bbox 3362 4584 3376 4605; x_wconf 87' lang='lat'><strong>,</strong></span> 
     </span>
    </p>
   </div>
   <div class='ocr_carea' id='block_1_94' title="bbox 133 4629 1680 4717">
    <p class='ocr_par' dir='ltr' id='par_1_94' title="bbox 133 4629 1680 4717">
     <span class='ocr_line' id='line_1_94' title="bbox 133 4629 1680 4717; baseline 0.013 -40"><span class='ocrx_word' id='word_1_653' title='bbox 133 4629 300 4693; x_wconf 60' lang='grc' dir='ltr'>αὐτοὺς</span> <span class='ocrx_word' id='word_1_654' title='bbox 334 4634 407 4693; x_wconf 82' lang='grc' dir='ltr'>ὡς</span> <span class='ocrx_word' id='word_1_655' title='bbox 454 4635 749 4704; x_wconf 85' lang='grc' dir='ltr'>μέλλοντες</span> <span class='ocrx_word' id='word_1_656' title='bbox 793 4642 957 4709; x_wconf 78' lang='grc' dir='ltr'>τιμῆς</span> <span class='ocrx_word' id='word_1_657' title='bbox 1000 4641 1212 4703; x_wconf 84' lang='grc' dir='ltr'>πάντας</span> <span class='ocrx_word' id='word_1_658' title='bbox 1248 4644 1613 4713; x_wconf 84' lang='grc' dir='ltr'>ἀπεμπολεῖν,</span> <span class='ocrx_word' id='word_1_659' title='bbox 1648 4648 1680 4717; x_wconf 84' lang='grc' dir='ltr'>ἢ</span> 
     </span>
    </p>
   </div>
   <div class='ocr_carea' id='block_1_95' title="bbox 134 4726 1689 4805">
    <p class='ocr_par' dir='ltr' id='par_1_95' title="bbox 134 4726 1689 4805">
     <span class='ocr_line' id='line_1_95' title="bbox 134 4726 1689 4805; baseline 0.015 -37"><span class='ocrx_word' id='word_1_660' title='bbox 134 4726 529 4789; x_wconf 73' lang='grc' dir='ltr'>κατασφάττειν.</span> <span class='ocrx_word' id='word_1_661' title='bbox 579 4728 667 4782; x_wconf 82' lang='grc' dir='ltr'>Ὠς</span> <span class='ocrx_word' id='word_1_662' title='bbox 717 4729 772 4782; x_wconf 81' lang='grc' dir='ltr'><strong>δὲ</strong></span> <span class='ocrx_word' id='word_1_663' title='bbox 820 4731 1286 4800; x_wconf 80' lang='grc' dir='ltr'>ἀκαταπλήκτους</span> <span class='ocrx_word' id='word_1_664' title='bbox 1337 4738 1475 4805; x_wconf 71' lang='grc' dir='ltr'>πρὸς</span> <span class='ocrx_word' id='word_1_665' title='bbox 1529 4738 1689 4791; x_wconf 76' lang='grc' dir='ltr'>τοῦτο</span> 
     </span>
    </p>
   </div>
   <div class='ocr_carea' id='block_1_96' title="bbox 132 4810 1691 4893">
    <p class='ocr_par' dir='ltr' id='par_1_96' title="bbox 132 4810 1691 4893">
     <span class='ocr_line' id='line_1_96' title="bbox 132 4810 1691 4893; baseline 0.015 -32"><span class='ocrx_word' id='word_1_666' title='bbox 132 4810 289 4878; x_wconf 63' lang='grc' dir='ltr'>ἑώρων</span> <span class='ocrx_word' id='word_1_667' title='bbox 322 4818 519 4881; x_wconf 73' lang='grc' dir='ltr'>αὐτοὺς</span> <span class='ocrx_word' id='word_1_668' title='bbox 562 4821 657 4872; x_wconf 71' lang='grc' dir='ltr'><strong>καὶ</strong></span> <span class='ocrx_word' id='word_1_669' title='bbox 691 4822 786 4889; x_wconf 77' lang='grc' dir='ltr'>τὴν</span> <span class='ocrx_word' id='word_1_670' title='bbox 827 4824 1219 4893; x_wconf 78' lang='grc' dir='ltr'>άπεμπόλησιν</span> <span class='ocrx_word' id='word_1_671' title='bbox 1247 4830 1305 4879; x_wconf 81' lang='grc' dir='ltr'>ὲν</span> <span class='ocrx_word' id='word_1_672' title='bbox 1335 4830 1517 4881; x_wconf 67' lang='grc' dir='ltr'>οὐδενὶ</span> <span class='ocrx_word' id='word_1_673' title='bbox 1545 4833 1691 4885; x_wconf 84' lang='grc' dir='ltr'>τιθε-</span> 
     </span>
    </p>
   </div>
   <div class='ocr_carea' id='block_1_97' title="bbox 134 4906 1687 4991">
    <p class='ocr_par' dir='ltr' id='par_1_97' title="bbox 134 4906 1687 4991">
     <span class='ocr_line' id='line_1_97' title="bbox 134 4906 1687 4991; baseline 0.012 -32"><span class='ocrx_word' id='word_1_674' title='bbox 134 4906 325 4972; x_wconf 76' lang='grc' dir='ltr'>μένους,</span> <span class='ocrx_word' id='word_1_675' title='bbox 356 4912 523 4974; x_wconf 69' lang='grc' dir='ltr'>εὐθὺς</span> <span class='ocrx_word' id='word_1_676' title='bbox 561 4914 748 4981; x_wconf 75' lang='grc' dir='ltr'>ξίφους</span> <span class='ocrx_word' id='word_1_677' title='bbox 776 4916 1159 4984; x_wconf 81' lang='grc' dir='ltr'>παρανάλωμα</span> <span class='ocrx_word' id='word_1_678' title='bbox 1190 4924 1584 4991; x_wconf 80' lang='grc' dir='ltr'>πεποιήκασιν.</span> <span class='ocrx_word' id='word_1_679' title='bbox 1624 4926 1687 4977; x_wconf 80' lang='grc' dir='ltr'><strong>υἱ</strong></span> 
     </span>
    </p>
   </div>
   <div class='ocr_carea' id='block_1_98' title="bbox 132 4998 1688 5085">
    <p class='ocr_par' dir='ltr' id='par_1_98' title="bbox 132 4998 1688 5085">
     <span class='ocr_line' id='line_1_98' title="bbox 132 4998 1688 5085; baseline 0.014 -36"><span class='ocrx_word' id='word_1_680' title='bbox 132 4998 175 5049; x_wconf 77' lang='grc' dir='ltr'><em>δέ</em></span> <span class='ocrx_word' id='word_1_681' title='bbox 193 5017 246 5066; x_wconf 85' lang='grc' dir='ltr'>γε</span> <span class='ocrx_word' id='word_1_682' title='bbox 276 5004 719 5073; x_wconf 69' lang='grc' dir='ltr'>περιλειφθέντες</span> <span class='ocrx_word' id='word_1_683' title='bbox 762 5007 855 5060; x_wconf 85' lang='grc' dir='ltr'><strong>τοῦ</strong></span> <span class='ocrx_word' id='word_1_684' title='bbox 895 5008 1195 5062; x_wconf 78' lang='grc' dir='ltr'>Πιασαῖκοῦ</span> <span class='ocrx_word' id='word_1_685' title='bbox 1230 5013 1419 5066; x_wconf 84' lang='grc' dir='ltr'>στόλου</span> <span class='ocrx_word' id='word_1_686' title='bbox 1460 5017 1595 5085; x_wconf 74' lang='grc' dir='ltr'>πρὸς</span> <span class='ocrx_word' id='word_1_687' title='bbox 1627 5019 1688 5071; x_wconf 75' lang='grc' dir='ltr'>τὸ</span> 
     </span>
    </p>
   </div>
   <div class='ocr_carea' id='block_1_99' title="bbox 133 5089 1686 5176">
    <p class='ocr_par' dir='ltr' id='par_1_99' title="bbox 133 5089 1686 5176">
     <span class='ocr_line' id='line_1_99' title="bbox 133 5089 1686 5176; baseline 0.014 -34"><span class='ocrx_word' id='word_1_688' title='bbox 133 5089 211 5154; x_wconf 76' lang='grc' dir='ltr'><strong>τὰς</strong></span> <span class='ocrx_word' id='word_1_689' title='bbox 231 5098 648 5167; x_wconf 81' lang='grc' dir='ltr'>παρατυχούσας</span> <span class='ocrx_word' id='word_1_690' title='bbox 679 5101 876 5169; x_wconf 79' lang='grc' dir='ltr'>νήσους</span> <span class='ocrx_word' id='word_1_691' title='bbox 903 5102 999 5153; x_wconf 84' lang='grc' dir='ltr'>καὶ</span> <span class='ocrx_word' id='word_1_692' title='bbox 1024 5101 1123 5172; x_wconf 83' lang='grc' dir='ltr'>τὴν</span> <span class='ocrx_word' id='word_1_693' title='bbox 1147 5101 1375 5173; x_wconf 84' lang='grc' dir='ltr'>Κύπρον</span> <span class='ocrx_word' id='word_1_694' title='bbox 1400 5106 1686 5176; x_wconf 76' lang='grc' dir='ltr'>ληΐζεσθαι</span> 
     </span>
    </p>
   </div>
   <div class='ocr_carea' id='block_1_100' title="bbox 1792 4642 3373 4713">
    <p class='ocr_par' dir='ltr' id='par_1_100' title="bbox 1792 4642 3373 4713">
     <span class='ocr_line' id='line_1_100' title="bbox 1792 4642 3373 4713; baseline -0.01 -12"><span class='ocrx_word' id='word_1_695' title='bbox 1792 4648 1869 4701; x_wconf 88' lang='lat' dir='ltr'><strong>uti</strong></span> <span class='ocrx_word' id='word_1_696' title='bbox 1938 4646 2193 4699; x_wconf 67' lang='lat' dir='ltr'><strong>diximus.</strong></span> <span class='ocrx_word' id='word_1_697' title='bbox 2248 4643 2388 4713; x_wconf 79' lang='lat' dir='ltr'><strong>Ergo</strong></span> <span class='ocrx_word' id='word_1_698' title='bbox 2442 4644 2491 4695; x_wconf 88' lang='lat' dir='ltr'><strong>id</strong></span> <span class='ocrx_word' id='word_1_699' title='bbox 2537 4657 2699 4709; x_wconf 78' lang='lat' dir='ltr'><strong>agere</strong></span> <span class='ocrx_word' id='word_1_700' title='bbox 2760 4642 3136 4694; x_wconf 73' lang='lat' dir='ltr'><strong>adorsusrum</strong></span> <span class='ocrx_word' id='word_1_701' title='bbox 3182 4652 3373 4701; x_wconf 74' lang='lat' dir='ltr'><strong>magna</strong></span> 
     </span>
    </p>
   </div>
   <div class='ocr_carea' id='block_1_101' title="bbox 1785 4735 3371 4810">
    <p class='ocr_par' dir='ltr' id='par_1_101' title="bbox 1785 4735 3371 4810">
     <span class='ocr_line' id='line_1_101' title="bbox 1785 4735 3371 4810; baseline -0.01 -16"><span class='ocrx_word' id='word_1_702' title='bbox 1785 4739 2027 4810; x_wconf 60' lang='lat' dir='ltr'><strong>pernicie</strong></span> <span class='ocrx_word' id='word_1_703' title='bbox 2061 4736 2217 4791; x_wconf 87' lang='lat' dir='ltr'><strong>navis</strong></span> <span class='ocrx_word' id='word_1_704' title='bbox 2245 4736 2458 4790; x_wconf 86' lang='lat' dir='ltr'><strong>hostilis</strong></span> <span class='ocrx_word' id='word_1_705' title='bbox 2489 4735 2572 4788; x_wconf 89' lang='lat' dir='ltr'><strong>cui</strong></span> <span class='ocrx_word' id='word_1_706' title='bbox 2629 4735 2929 4786; x_wconf 74' lang='lat' dir='ltr'><strong>adlneserat</strong></span> <span class='ocrx_word' id='word_1_707' title='bbox 2956 4770 2972 4794; x_wconf 94' lang='lat'><strong>,</strong></span> <span class='ocrx_word' id='word_1_708' title='bbox 3009 4740 3117 4784; x_wconf 88' lang='lat' dir='ltr'><strong>tres</strong></span> <span class='ocrx_word' id='word_1_709' title='bbox 3152 4741 3371 4796; x_wconf 87' lang='lat' dir='ltr'><strong>quoque</strong></span> 
     </span>
    </p>
   </div>
   <div class='ocr_carea' id='block_1_102' title="bbox 1788 4821 3373 4891">
    <p class='ocr_par' dir='ltr' id='par_1_102' title="bbox 1788 4821 3373 4891">
     <span class='ocr_line' id='line_1_102' title="bbox 1788 4821 3373 4891; baseline -0.011 -4"><span class='ocrx_word' id='word_1_710' title='bbox 1788 4834 1910 4887; x_wconf 90' lang='lat' dir='ltr'><strong>inde</strong></span> <span class='ocrx_word' id='word_1_711' title='bbox 1932 4832 2067 4886; x_wconf 87' lang='lat' dir='ltr'><strong>alias</strong></span> <span class='ocrx_word' id='word_1_712' title='bbox 2096 4829 2359 4884; x_wconf 82' lang='lat' dir='ltr'><strong>maximas</strong></span> <span class='ocrx_word' id='word_1_713' title='bbox 2390 4843 2511 4884; x_wconf 87' lang='lat' dir='ltr'><strong>sese</strong></span> <span class='ocrx_word' id='word_1_714' title='bbox 2538 4836 2759 4880; x_wconf 83' lang='lat' dir='ltr'><strong>strenue</strong></span> <span class='ocrx_word' id='word_1_715' title='bbox 2791 4825 3163 4891; x_wconf 73' lang='lat' dir='ltr'><strong>circumagens</strong></span> <span class='ocrx_word' id='word_1_716' title='bbox 3185 4821 3373 4872; x_wconf 87' lang='lat' dir='ltr'><strong>eadem</strong></span> 
     </span>
    </p>
   </div>
   <div class='ocr_carea' id='block_1_103' title="bbox 1782 4910 3374 4993">
    <p class='ocr_par' dir='ltr' id='par_1_103' title="bbox 1782 4910 3374 4993">
     <span class='ocr_line' id='line_1_103' title="bbox 1782 4910 3374 4993; baseline -0.012 -13"><span class='ocrx_word' id='word_1_717' title='bbox 1782 4934 1937 4993; x_wconf 85' lang='lat' dir='ltr'><strong>peste</strong></span> <span class='ocrx_word' id='word_1_718' title='bbox 1976 4923 2209 4977; x_wconf 85' lang='lat' dir='ltr'><strong>incendii</strong></span> <span class='ocrx_word' id='word_1_719' title='bbox 2248 4920 2496 4991; x_wconf 88' lang='lat' dir='ltr'><strong>sparsilis</strong></span> <span class='ocrx_word' id='word_1_720' title='bbox 2537 4920 2740 4973; x_wconf 68' lang='lat' dir='ltr'><strong>alilavit</strong></span> <span class='ocrx_word' id='word_1_721' title='bbox 2773 4928 2824 4971; x_wconf 89' lang='lat' dir='ltr'><strong>et</strong></span> <span class='ocrx_word' id='word_1_722' title='bbox 2864 4913 3188 4981; x_wconf 88' lang='lat' dir='ltr'><strong>absumpsit.</strong></span> <span class='ocrx_word' id='word_1_723' title='bbox 3226 4910 3374 4985; x_wconf 78' lang='lat' dir='ltr'><strong>inter</strong></span> 
     </span>
    </p>
   </div>
   <div class='ocr_carea' id='block_1_104' title="bbox 1788 5002 3378 5087">
    <p class='ocr_par' dir='ltr' id='par_1_104' title="bbox 1788 5002 3378 5087">
     <span class='ocr_line' id='line_1_104' title="bbox 1788 5002 3378 5087; baseline -0.012 -16"><span class='ocrx_word' id='word_1_724' title='bbox 1788 5019 1902 5071; x_wconf 69' lang='lat' dir='ltr'><strong>haec</strong></span> <span class='ocrx_word' id='word_1_725' title='bbox 1937 5024 2159 5087; x_wconf 83' lang='lat' dir='ltr'><strong>repente</strong></span> <span class='ocrx_word' id='word_1_726' title='bbox 2186 5025 2397 5069; x_wconf 85' lang='lat' dir='ltr'><strong>mutato</strong></span> <span class='ocrx_word' id='word_1_727' title='bbox 2438 5023 2596 5066; x_wconf 85' lang='lat' dir='ltr'><strong>vento</strong></span> <span class='ocrx_word' id='word_1_728' title='bbox 2620 5054 2634 5077; x_wconf 91' lang='lat'><strong>,</strong></span> <span class='ocrx_word' id='word_1_729' title='bbox 2670 5009 2877 5063; x_wconf 85' lang='lat' dir='ltr'><strong>turbari</strong></span> <span class='ocrx_word' id='word_1_730' title='bbox 2933 5021 3084 5061; x_wconf 81' lang='lat' dir='ltr'><strong>mare</strong></span> <span class='ocrx_word' id='word_1_731' title='bbox 3108 5045 3122 5070; x_wconf 95' lang='lat'><strong>,</strong></span> <span class='ocrx_word' id='word_1_732' title='bbox 3168 5002 3378 5070; x_wconf 80' lang='lat' dir='ltr'><strong>mugire</strong></span> 
     </span>
    </p>
   </div>
   <div class='ocr_carea' id='block_1_105' title="bbox 1798 5096 3375 5179">
    <p class='ocr_par' dir='ltr' id='par_1_105' title="bbox 1798 5096 3375 5179">
     <span class='ocr_line' id='line_1_105' title="bbox 1798 5096 3375 5179; baseline -0.01 -16"><span class='ocrx_word' id='word_1_733' title='bbox 1798 5110 2028 5176; x_wconf 82' lang='lat' dir='ltr'><strong>ﬂuctus,</strong></span> <span class='ocrx_word' id='word_1_734' title='bbox 2064 5110 2277 5165; x_wconf 88' lang='lat' dir='ltr'><strong>concuti</strong></span> <span class='ocrx_word' id='word_1_735' title='bbox 2305 5114 2522 5179; x_wconf 58' lang='lat' dir='ltr'><strong>Lmutuo</strong></span> <span class='ocrx_word' id='word_1_736' title='bbox 2572 5105 2761 5160; x_wconf 90' lang='lat' dir='ltr'><strong>collisu</strong></span> <span class='ocrx_word' id='word_1_737' title='bbox 2808 5117 2971 5156; x_wconf 85' lang='lat' dir='ltr'><strong>naves</strong></span> <span class='ocrx_word' id='word_1_738' title='bbox 3024 5110 3078 5155; x_wconf 91' lang='lat' dir='ltr'><strong>et</strong></span> <span class='ocrx_word' id='word_1_739' title='bbox 3125 5096 3375 5162; x_wconf 83' lang='lat' dir='ltr'><strong>conteri,</strong></span> 
     </span>
    </p>
   </div>
   <div class='ocr_carea' id='block_1_106' title="bbox 1194 5219 2297 5287">
    <p class='ocr_par' dir='ltr' id='par_1_106' title="bbox 1194 5219 2297 5287">
     <span class='ocr_line' id='line_1_106' title="bbox 1194 5219 2297 5287; baseline 0.005 -10"><span class='ocrx_word' id='word_1_740' title='bbox 1194 5219 1730 5285; x_wconf 69' lang='lat' dir='ltr'><strong>Varimlectiones</strong></span> <span class='ocrx_word' id='word_1_741' title='bbox 1762 5241 1839 5285; x_wconf 86' lang='lat' dir='ltr'><strong>ex</strong></span> <span class='ocrx_word' id='word_1_742' title='bbox 1862 5225 2007 5287; x_wconf 91' lang='lat' dir='ltr'><strong>cod.</strong></span> <span class='ocrx_word' id='word_1_743' title='bbox 2042 5222 2297 5284; x_wconf 87' lang='lat' dir='ltr'><strong>Coislin.</strong></span> 
     </span>
    </p>
   </div>
   <div class='ocr_carea' id='block_1_107' title="bbox 188 5313 1305 5395">
    <p class='ocr_par' dir='ltr' id='par_1_107' title="bbox 188 5313 1305 5395">
     <span class='ocr_line' id='line_1_107' title="bbox 188 5313 1305 5395; baseline 0.008 -28"><span class='ocrx_word' id='word_1_744' title='bbox 188 5313 206 5344; x_wconf 90' lang='grc'><strong><em>³</em></strong></span> <span class='ocrx_word' id='word_1_745' title='bbox 227 5313 552 5386; x_wconf 81' lang='grc' dir='ltr'>Περιχύταν.</span> <span class='ocrx_word' id='word_1_746' title='bbox 627 5321 648 5350; x_wconf 73' lang='grc'><strong>⁵</strong></span> <span class='ocrx_word' id='word_1_747' title='bbox 680 5318 908 5386; x_wconf 88' lang='grc' dir='ltr'>τούτοις.</span> <span class='ocrx_word' id='word_1_748' title='bbox 987 5324 1008 5355; x_wconf 82' lang='grc'><strong><em>⁸</em></strong></span> <span class='ocrx_word' id='word_1_749' title='bbox 1033 5324 1305 5395; x_wconf 78' lang='grc' dir='ltr'>ὲρῤόχθει.</span> 
     </span>
    </p>
   </div>
   <div class='ocr_carea' id='block_1_108' title="bbox 1384 5324 1862 5398">
    <p class='ocr_par' dir='ltr' id='par_1_108' title="bbox 1384 5324 1862 5398">
     <span class='ocr_line' id='line_1_108' title="bbox 1384 5324 1862 5398; baseline 0.015 -22"><span class='ocrx_word' id='word_1_750' title='bbox 1384 5326 1404 5355; x_wconf 79' lang='grc'><strong>⁸</strong></span> <span class='ocrx_word' id='word_1_751' title='bbox 1442 5324 1862 5398; x_wconf 81' lang='grc' dir='ltr'>προσώρμισαν.</span> 
     </span>
    </p>
   </div>
   <div class='ocr_carea' id='block_1_109' title="bbox 1187 5458 2305 5535">
    <p class='ocr_par' dir='ltr' id='par_1_109' title="bbox 1187 5458 2305 5535">
     <span class='ocr_line' id='line_1_109' title="bbox 1187 5458 2305 5535; baseline 0.003 -18"><span class='ocrx_word' id='word_1_752' title='bbox 1187 5458 1333 5519; x_wconf 84' lang='lat' dir='ltr'><strong>Car.</strong></span> <span class='ocrx_word' id='word_1_753' title='bbox 1360 5459 1687 5521; x_wconf 88' lang='lat' dir='ltr'><strong>Dufresnii</strong></span> <span class='ocrx_word' id='word_1_754' title='bbox 1726 5464 1819 5521; x_wconf 87' lang='lat' dir='ltr'><strong>Du</strong></span> <span class='ocrx_word' id='word_1_755' title='bbox 1860 5458 2083 5535; x_wconf 66' lang='lat' dir='ltr'><strong>Cangii</strong></span> <span class='ocrx_word' id='word_1_756' title='bbox 2117 5466 2305 5520; x_wconf 61' lang='lat' dir='ltr'><strong>notae.</strong></span> 
     </span>
    </p>
   </div>
   <div class='ocr_carea' id='block_1_110' title="bbox 191 5554 1685 5628">
    <p class='ocr_par' dir='ltr' id='par_1_110' title="bbox 191 5554 1685 5628">
     <span class='ocr_line' id='line_1_110' title="bbox 191 5554 1685 5628; baseline 0.009 -23"><span class='ocrx_word' id='word_1_757' title='bbox 191 5554 290 5628; x_wconf 74' lang='grc' dir='ltr'>(τι)</span> <span class='ocrx_word' id='word_1_758' title='bbox 316 5559 531 5626; x_wconf 70' lang='grc' dir='ltr'>Κύμης</span> <span class='ocrx_word' id='word_1_759' title='bbox 575 5577 665 5624; x_wconf 76' lang='grc' dir='ltr'><strong>τις</strong></span> <span class='ocrx_word' id='word_1_760' title='bbox 701 5560 1216 5628; x_wconf 58' lang='grc' dir='ltr'>Πελοποννήσιος.</span> <span class='ocrx_word' id='word_1_761' title='bbox 1258 5564 1373 5617; x_wconf 89' lang='lat' dir='ltr'><strong>Non</strong></span> <span class='ocrx_word' id='word_1_762' title='bbox 1411 5581 1595 5617; x_wconf 80' lang='lat' dir='ltr'><strong>comes</strong></span> <span class='ocrx_word' id='word_1_763' title='bbox 1633 5567 1685 5618; x_wconf 89' lang='lat' dir='ltr'><strong>in</strong></span> 
     </span>
    </p>
   </div>
   <div class='ocr_carea' id='block_1_111' title="bbox 134 5622 1687 5693">
    <p class='ocr_par' dir='ltr' id='par_1_111' title="bbox 134 5622 1687 5693">
     <span class='ocr_line' id='line_1_111' title="bbox 134 5622 1687 5693; baseline 0.008 -19"><span class='ocrx_word' id='word_1_764' title='bbox 134 5622 504 5691; x_wconf 66' lang='lat' dir='ltr'><strong>Peloponneso,</strong></span> <span class='ocrx_word' id='word_1_765' title='bbox 556 5622 653 5682; x_wconf 82' lang='lat' dir='ltr'><strong>sed</strong></span> <span class='ocrx_word' id='word_1_766' title='bbox 703 5634 983 5693; x_wconf 64' lang='lat' dir='ltr'><strong>dignitate,</strong></span> <span class='ocrx_word' id='word_1_767' title='bbox 1042 5622 1146 5687; x_wconf 70' lang='lat' dir='ltr'><strong>seu</strong></span> <span class='ocrx_word' id='word_1_768' title='bbox 1173 5622 1187 5628; x_wconf 46' lang='grc'><em>⁷</em></span> <span class='ocrx_word' id='word_1_769' title='bbox 1210 5635 1385 5689; x_wconf 80' lang='lat' dir='ltr'><strong>oﬂieiu</strong></span> <span class='ocrx_word' id='word_1_770' title='bbox 1422 5637 1474 5687; x_wconf 91' lang='lat' dir='ltr'><strong>in</strong></span> <span class='ocrx_word' id='word_1_771' title='bbox 1511 5637 1687 5687; x_wconf 73' lang='lat' dir='ltr'><strong>classe</strong></span> 
     </span>
    </p>
   </div>
   <div class='ocr_carea' id='block_1_112' title="bbox 132 5700 1685 5817">
    <p class='ocr_par' dir='ltr' id='par_1_112' title="bbox 132 5700 1685 5817">
     <span class='ocr_line' id='line_1_112' title="bbox 132 5700 1685 5817; baseline 0.006 -68"><span class='ocrx_word' id='word_1_772' title='bbox 132 5710 314 5817; x_wconf 37' lang='lat' dir='ltr'><strong>Sanies,</strong></span> <span class='ocrx_word' id='word_1_773' title='bbox 355 5700 568 5768; x_wconf 74' lang='lat' dir='ltr'><strong>origine</strong></span> <span class='ocrx_word' id='word_1_774' title='bbox 623 5700 1067 5769; x_wconf 65' lang='grc' dir='ltr'>Ροιουοιιιιοεὶιιε.</span> <span class='ocrx_word' id='word_1_775' title='bbox 1129 5703 1259 5758; x_wconf 88' lang='lat' dir='ltr'><strong>Vide</strong></span> <span class='ocrx_word' id='word_1_776' title='bbox 1318 5723 1504 5775; x_wconf 85' lang='lat' dir='ltr'><strong>supra,</strong></span> <span class='ocrx_word' id='word_1_777' title='bbox 1561 5721 1685 5773; x_wconf 74' lang='lat' dir='ltr'><strong>pag.</strong></span> 
     </span>
    </p>
   </div>
   <div class='ocr_carea' id='block_1_113' title="bbox 199 5838 1687 5909">
    <p class='ocr_par' dir='ltr' id='par_1_113' title="bbox 199 5838 1687 5909">
     <span class='ocr_line' id='line_1_113' title="bbox 199 5838 1687 5909; baseline 0.009 -21"><span class='ocrx_word' id='word_1_778' title='bbox 199 5838 296 5905; x_wconf 58' lang='lat' dir='ltr'><strong>tib)</strong></span> <span class='ocrx_word' id='word_1_779' title='bbox 328 5841 593 5905; x_wconf 73' lang='grc' dir='ltr'>Σεὺτλιι).</span> <span class='ocrx_word' id='word_1_780' title='bbox 626 5841 851 5909; x_wconf 80' lang='lat' dir='ltr'><strong>Scullos,</strong></span> <span class='ocrx_word' id='word_1_781' title='bbox 884 5844 1046 5898; x_wconf 73' lang='lat' dir='ltr'><strong>Iuniae</strong></span> <span class='ocrx_word' id='word_1_782' title='bbox 1111 5846 1283 5901; x_wconf 79' lang='lat' dir='ltr'><strong>insula</strong></span> <span class='ocrx_word' id='word_1_783' title='bbox 1346 5848 1486 5903; x_wconf 80' lang='lat' dir='ltr'><strong>circa</strong></span> <span class='ocrx_word' id='word_1_784' title='bbox 1539 5848 1687 5901; x_wconf 73' lang='lat' dir='ltr'><strong>lilio-</strong></span> 
     </span>
    </p>
   </div>
   <div class='ocr_carea' id='block_1_114' title="bbox 1792 5558 3190 5625">
    <p class='ocr_par' dir='ltr' id='par_1_114' title="bbox 1792 5558 3190 5625">
     <span class='ocr_line' id='line_1_114' title="bbox 1792 5558 3190 5625; baseline -0.006 -7"><span class='ocrx_word' id='word_1_785' title='bbox 1792 5567 1939 5622; x_wconf 86' lang='lat' dir='ltr'><strong>dum,</strong></span> <span class='ocrx_word' id='word_1_786' title='bbox 1980 5563 2152 5615; x_wconf 80' lang='lat' dir='ltr'><strong>Plinio</strong></span> <span class='ocrx_word' id='word_1_787' title='bbox 2183 5562 2455 5619; x_wconf 80' lang='lat' dir='ltr'><strong>Seutlusa,</strong></span> <span class='ocrx_word' id='word_1_788' title='bbox 2499 5560 2775 5625; x_wconf 75' lang='lat' dir='ltr'><strong>Stephano</strong></span> <span class='ocrx_word' id='word_1_789' title='bbox 2810 5558 3190 5612; x_wconf 73' lang='grc' dir='ltr'>Ταύτλουτσα.</span> 
     </span>
    </p>
   </div>
   <div class='ocr_carea' id='block_1_115' title="bbox 1860 5627 3370 5700">
    <p class='ocr_par' dir='ltr' id='par_1_115' title="bbox 1860 5627 3370 5700">
     <span class='ocr_line' id='line_1_115' title="bbox 1860 5627 3370 5700; baseline -0.004 -15"><span class='ocrx_word' id='word_1_790' title='bbox 1860 5634 1971 5700; x_wconf 75' lang='lat'><strong>(76)</strong></span> <span class='ocrx_word' id='word_1_791' title='bbox 2008 5632 2383 5695; x_wconf 76' lang='grc' dir='ltr'>Βαϊμούντου</span> <span class='ocrx_word' id='word_1_792' title='bbox 2404 5631 2795 5700; x_wconf 57' lang='grc' dir='ltr'>ἀδελφιδοῦν.</span> <span class='ocrx_word' id='word_1_793' title='bbox 2821 5630 3055 5695; x_wconf 76' lang='lat' dir='ltr'><strong>Quisille</strong></span> <span class='ocrx_word' id='word_1_794' title='bbox 3078 5627 3370 5680; x_wconf 68' lang='lat' dir='ltr'><strong>linemuucli</strong></span> 
     </span>
    </p>
   </div>
   <div class='ocr_carea' id='block_1_116' title="bbox 1793 5700 3374 5772">
    <p class='ocr_par' dir='ltr' id='par_1_116' title="bbox 1793 5700 3374 5772">
     <span class='ocr_line' id='line_1_116' title="bbox 1793 5700 3374 5772; baseline -0.003 -16"><span class='ocrx_word' id='word_1_795' title='bbox 1793 5722 1981 5772; x_wconf 78' lang='lat' dir='ltr'><strong>nepos,</strong></span> <span class='ocrx_word' id='word_1_796' title='bbox 2016 5707 2096 5756; x_wconf 81' lang='lat' dir='ltr'><strong>vel</strong></span> <span class='ocrx_word' id='word_1_797' title='bbox 2140 5704 2335 5764; x_wconf 79' lang='lat' dir='ltr'><strong>allinis,</strong></span> <span class='ocrx_word' id='word_1_798' title='bbox 2379 5720 2539 5767; x_wconf 79' lang='lat' dir='ltr'><strong>quem</strong></span> <span class='ocrx_word' id='word_1_799' title='bbox 2580 5718 2700 5755; x_wconf 84' lang='lat' dir='ltr'><strong>Cum</strong></span> <span class='ocrx_word' id='word_1_800' title='bbox 2736 5702 2947 5755; x_wconf 77' lang='lat' dir='ltr'><strong>l’tSattis</strong></span> <span class='ocrx_word' id='word_1_801' title='bbox 2982 5700 3374 5772; x_wconf 68' lang='lat' dir='ltr'><strong>tun&#39;ig.tssi_3_ait</strong></span> 
     </span>
    </p>
   </div>
   <div class='ocr_carea' id='block_1_117' title="bbox 1790 5765 3372 5843">
    <p class='ocr_par' dir='ltr' id='par_1_117' title="bbox 1790 5765 3372 5843">
     <span class='ocr_line' id='line_1_117' title="bbox 1790 5765 3372 5843; baseline -0.003 -16"><span class='ocrx_word' id='word_1_802' title='bbox 1790 5765 1975 5833; x_wconf 65' lang='lat' dir='ltr'><strong>Anna,</strong></span> <span class='ocrx_word' id='word_1_803' title='bbox 2027 5790 2092 5827; x_wconf 79' lang='lat' dir='ltr'><strong>ex</strong></span> <span class='ocrx_word' id='word_1_804' title='bbox 2143 5774 2340 5829; x_wconf 84' lang='lat' dir='ltr'><strong>nostris</strong></span> <span class='ocrx_word' id='word_1_805' title='bbox 2384 5765 2744 5843; x_wconf 78' lang='lat' dir='ltr'><strong>scriptoribus</strong></span> <span class='ocrx_word' id='word_1_806' title='bbox 2790 5773 2929 5825; x_wconf 86' lang='lat' dir='ltr'><strong>haud</strong></span> <span class='ocrx_word' id='word_1_807' title='bbox 3004 5770 3193 5836; x_wconf 82' lang='lat' dir='ltr'><strong>liquet.</strong></span> <span class='ocrx_word' id='word_1_808' title='bbox 3235 5765 3372 5822; x_wconf 73' lang='lat' dir='ltr'><strong>Vide</strong></span> 
     </span>
    </p>
   </div>
   <div class='ocr_carea' id='block_1_118' title="bbox 1790 5844 2058 5913">
    <p class='ocr_par' dir='ltr' id='par_1_118' title="bbox 1790 5844 2058 5913">
     <span class='ocr_line' id='line_1_118' title="bbox 1790 5844 2058 5913; baseline 0.007 -18"><span class='ocrx_word' id='word_1_809' title='bbox 1790 5844 2058 5913; x_wconf 62' lang='lat' dir='ltr'><strong>pug.394.</strong></span> 
     </span>
    </p>
   </div>
  </div>
