3780 6558
383 377 490 441 859

1703 379 1932 441 ΑΝΝᾹΞ
1974 378 2354 440 (ΖΟΜΝΕΝᾸΞ
3523 386 3608 454 860

385 497 510 542 rent
554 487 622 541 ad
664 487 1024 543 Baitnundum
1077 487 1296 544 :simul
1354 488 1521 545 etiam
1576 489 1928 561 invigilatura

2070 489 2312 542 ταλιπὼν
2359 489 2505 544 κατὰ
2551 491 2652 554 τὰς
2691 489 2789 544 τοῦ
2849 490 3255 562 αὐτοκράτορος
3315 490 3602 561 εἰσηγῆσεις

387 581 651 634 custodite
683 580 866 650 Cypri.
905 581 1030 636 Haac
1059 583 1240 636 omnia
1273 583 1436 651 plane
1463 583 1540 638 uti
1571 583 1757 653 jussus
1781 583 1962 638 fuerat

387 686 653 728 executus
714 675 1033 730 Eustathius
1076 677 1604 747 Constantinopolim
1649 696 1708 734 se
1755 681 1960 746 retulit,

388 766 621 832 amplam
678 767 748 820 ibi
781 770 849 821 ob
881 784 1002 822 eam
1038 785 1151 823 rem
1191 770 1422 825 feliciter
1463 771 1808 840 ﬁdeliterque
1836 790 1968 826 cum

387 857 610 920 rectam,
649 859 718 913 ab
767 859 1102 929 imperatore
1150 863 1363 917 laudem
1407 874 1460 918 et
1514 865 1706 918 merita
1738 865 1962 934 prannia

385 960 740 1004 εοιιεροιιιιιε.

460 1042 518 1094 Et
563 1043 676 1095 haec
725 1043 944 1110 quidem
988 1043 1055 1096 de
1122 1044 1343 1099 Curico.
1391 1047 1616 1101 Evoluto
1660 1048 1789 1103 hinc
1821 1063 1964 1102 anno

386 1132 592 1185 certior
659 1131 836 1186 factus
871 1133 1175 1200 Imperator
1211 1137 1389 1200 parari
1433 1137 1776 1192 Genuensem
1821 1139 1964 1192 clas-

386 1240 499 1278 sem
551 1224 604 1277 in
660 1226 922 1278 auxilium
975 1223 1344 1289 Francorum,
1381 1229 1555 1282 sensit
1617 1230 1796 1283 statim
1859 1246 1964 1284 non

388 1316 684 1370 mediocris
731 1317 956 1383 periculi
989 1333 1104 1372 rem
1144 1334 1289 1383 esse,
1326 1337 1424 1373 nec
1463 1323 1532 1374 ab
1583 1321 1966 1375 Genuensibus

387 1408 598 1461 minora
659 1407 907 1462 Romano
967 1409 1200 1479 imperio
1246 1411 1442 1465 damna
1480 1428 1696 1480 quama
1755 1414 1968 1468 Pisanis

389 1503 585 1553 merito
619 1502 882 1555 timenda.
911 1501 1055 1571 Ergo
1083 1512 1145 1556 ut
1183 1505 1250 1558 iis
1284 1512 1595 1558 occurreret
1625 1506 1965 1561 Cantacuze-

389 1607 517 1642 num
553 1608 674 1644 cum
724 1592 936 1648 idoneis
990 1595 1163 1662 c0piis
1216 1610 1311 1663 per
1358 1596 1728 1650 continentem
1760 1598 1964 1663 mittit;

387 1683 524 1735 mari
560 1699 694 1736 vero
750 1685 1114 1751 Lantulpbum
1145 1701 1268 1740 cum
1322 1687 1497 1741 valide
1535 1699 1743 1741 armata
1791 1689 1968 1743 classe

387 1774 644 1828 festinare
697 1775 860 1843 jussit
895 1777 960 1827 ad
994 1777 1416 1844 praeoccupanda
1475 1777 1694 1832 insidiis
1728 1779 1843 1833 loca
1876 1783 1968 1834 de-

387 1868 682 1932 pressiora,
721 1867 866 1918 unde
915 1867 968 1919 in
1023 1868 1377 1921 transiturum
1448 1869 1574 1925 illac
1621 1869 1960 1926 Genuensem

384 1959 641 2019 classem,
676 1959 938 2010 victorem
989 1973 1054 2012 ex
1089 1967 1210 2014 tuto
1249 1961 1509 2027 impetum
1543 1962 1722 2017 facere
1757 1975 1960 2032 posset.

384 2047 481 2102 lvit
509 2060 718 2101 malure
755 2048 1090 2117 Lantulpbus
1140 2067 1247 2120 quo
1295 2054 1618 2116 imperatum
1660 2067 1778 2108 erat
1815 2073 1962 2113 πραι-

386 2151 562 2194 terum
600 2143 864 2209 sapientis
903 2145 1106 2211 incepti
1131 2160 1443 2201 successum
1481 2149 1562 2202 vis
1598 2148 1965 2215 majorinter-

383 2231 550 2294 cepit.
585 2231 825 2284 Procella
864 2233 1044 2299 gravis
1069 2243 1123 2286 et
1167 2249 1330 2302 supra
1363 2238 1618 2303 quamvis
1660 2238 1960 2293 validarum

384 2321 600 2375 navium
641 2322 952 2376 firmitatem
1010 2325 1305 2380 vehemens
1357 2326 1606 2380 incubuit
1643 2327 1694 2381 in
1731 2328 1960 2384 classem

381 2421 490 2466 tam
522 2429 660 2467 Saeva
692 2422 913 2482 tamque
946 2417 1276 2471 ineluctabili
1322 2419 1370 2470 vi
1410 2429 1462 2470 ut
1500 2421 1770 2489 pleneque
1799 2437 1965 2477 naves

377 2504 768 2573 frangerentur
823 2510 1010 2574 utique
1043 2527 1056 2563 :
1092 2524 1227 2578 quas
1259 2511 1380 2566 ideo
1431 2511 1728 2567 subductas
1764 2513 1817 2567 in
1857 2523 1964 2568 ter-

383 2611 498 2650 ram
521 2598 682 2652 linire
714 2600 836 2668 pice
866 2616 930 2654 ac
974 2611 1370 2665 crassamento,
1408 2613 1720 2672 czeteraque
1780 2621 1962 2659 resar-

361 2689 494 2742 cire
517 2703 649 2742 cura
684 2691 806 2759 ejus
833 2693 1049 2760 generis
1075 2707 1299 2748 necesse
1327 2695 1447 2748 fuit.
1483 2697 1596 2749 Hac
1627 2697 1744 2750 vice
1780 2713 1962 2752 rerum

381 2777 768 2834 Cantacuzeno
815 2783 1078 2837 indicium
1110 2780 1376 2853 defertur,
1408 2788 1636 2842 classem
1666 2791 1964 2846 adventare

383 2870 741 2927 Genuensem.
801 2873 914 2929 Hoc
967 2875 1058 2929 ille
1091 2887 1338 2946 accepto,
1382 2889 1575 2934 auctor
1603 2889 1688 2935 est
1737 2881 1963 2936 Lautul-

383 2966 508 3031 pbo,
541 2974 598 3021 ut
630 2981 753 3020 cum
789 2968 1020 3022 navibus
1053 2971 1356 3025 octodecim
1387 2987 1523 3042 quas
1550 2973 1783 3028 habebat
1818 2975 1962 3028 solas

383 3071 431 3108 III
471 3057 628 3122 mari,
682 3059 899 3113 caeteris
933 3061 1250 3117 refectionis
1308 3065 1636 3120 necessitate
1681 3069 1961 3125 subductis

383 3147 435 3200 in
467 3159 689 3214 terram,
720 3152 1031 3208 subsideret
1062 3153 1213 3221 juxta
1261 3157 1577 3210 mandatum
1617 3158 1962 3227 imperatoris

383 3238 523 3292 circa
586 3239 1026 3296 Promontorium
1063 3244 1241 3312 Malei,
1277 3247 1696 3316 immineretque
1741 3250 1864 3306 inde
1905 3252 1961 3307 in

384 3331 718 3386 occasionem
757 3335 1236 3404 aggrediendarum
1271 3354 1335 3393 ex
1367 3349 1503 3404 tuto,
1526 3342 1571 3395 si
1601 3357 1687 3395 res
1715 3352 1768 3395 et
1797 3359 1961 3397 occa-

385 3423 464 3475 sio
506 3425 696 3489 ferret,
757 3442 879 3481 mox
933 3430 1354 3485 transiturarum
1421 3432 1789 3489 Genuensium
1863 3453 1962 3488 ua-

384 3517 548 3570 rium.
581 3516 676 3573 Sin
700 3520 748 3572 ei
781 3520 830 3573 in
869 3522 1122 3587 praesenti
1155 3533 1456 3591 conspectu
1493 3525 1686 3580 classis
1752 3528 1963 3584 hostilis

385 3607 526 3660 aliud
558 3610 810 3664 suaderet
852 3626 948 3666 sua
979 3614 1227 3682 paucitas
1251 3623 1310 3668 et
1337 3615 1674 3672 conscientia
1727 3618 1964 3672 inﬁrmi-

384 3699 528 3765 tatis,
562 3708 710 3755 certe
735 3710 1014 3770 receptum
1048 3704 1342 3760 salutarem
1389 3707 1504 3762 suis
1549 3709 1762 3778 exiguis
1793 3713 1962 3779 copiis

384 3800 500 3844 tuto
531 3793 839 3859 perliceret,
870 3796 1044 3850 classe
1099 3805 1212 3850 tota
1270 3799 1539 3853 Coronem
1601 3802 1956 3869 deportanda,

384 3897 487 3950 quo
532 3893 736 3951 certus,
761 3895 816 3938 et
839 3885 982 3940 nttlla
1016 3887 1067 3940 vi
1105 3888 1288 3944 hostili
1326 3891 1604 3959 prohiberi
1641 3891 1838 3956 facilis,
1870 3895 1960 3950 tali

383 3981 623 4028 locorum
653 3976 759 4030 situ
821 3993 1018 4033 cursus
1047 3990 1188 4036 erat.
1219 3982 1508 4052 Arqnievit
1555 3986 1787 4041 consilio
1818 3987 1964 4041 Latt-

384 4065 633 4134 tulpbus;
666 4069 757 4120 sed
790 4083 913 4124 cum
949 4071 1186 4125 admotis
1225 4073 1630 4140 Genuensibus,
1667 4077 1849 4147 pitu-es
1872 4096 1962 4136 eos

383 4153 539 4224 longe
594 4157 996 4227 validioresque
1044 4176 1320 4233 cerneret,
1373 4183 1537 4234 quam
1580 4177 1640 4224 ut
1675 4186 1964 4237 capessere

383 4258 505 4297 cum
543 4260 640 4313 spe
673 4247 849 4316 aliqua
877 4249 1048 4320 339
1079 4266 1310 4320 pugnam
1345 4263 1534 4310 contra
1581 4256 1726 4324 ipsos
1759 4269 1962 4326 posset,

383 4335 648 4390 [Ioronem
675 4349 734 4394 ut
767 4343 1127 4398 constitutum
1165 4354 1306 4408 erat.
1339 4361 1399 4401 se
1443 4348 1653 4416 recipit.
1690 4347 1964 4404 Cantacu-

384 4444 421 4478 ι·
445 4444 545 4484 nus
567 4445 720 4495 cura,
757 4443 1015 4500 quantam
1054 4438 1346 4492 maximam
1400 4441 1586 4494 debuit
1638 4441 1692 4495 in
1731 4442 1959 4496 classem

1981 3186 2032 3244 C

2068 583 2506 651 ὲπαναζεύγνυσι
2532 586 2670 655 πρὸς
2695 584 2794 656 τὴν
2834 585 3225 654 μεγαλόπολιν,
3259 585 3354 637 καὶ
3389 589 3606 654 μεγάλως

2067 675 2220 744 παρὰ
2255 677 2351 729 τοῦ
2389 679 2805 748 αὐτοκράτορος
2847 677 3161 739 ἐπαινεθεὶς
3205 677 3444 738 δαψιλῶς
3478 698 3610 748 πεφι-

2066 763 2382 836 λοτίμηται.
2438 767 2602 821 Ἀλλὰ
2628 768 2802 823 ταῦτα
2835 769 2933 840 μὲν
2957 769 3028 822 τὰ
3075 769 3221 822 κατὰ
3258 768 3323 820 τδ
3355 769 3610 839 Κούρικον.

2136 1029 2292 1082 Μετὰ
2314 1029 2370 1082 δὲ
2406 1032 2772 1102 παραδρομὴν
2806 1033 3062 1086 ἐνιαυτοῦ
3097 1033 3404 1100 ἀντιμαθὼν
3429 1035 3454 1085 ὁ
3489 1037 3616 1104 βασι.

2068 1119 2196 1182 λεὺς
2227 1122 2311 1174 ὅτι
2352 1123 2448 1175 καὶ
2485 1123 2768 1187 Γενούσιος
2807 1126 2850 1157 ³⁸
2897 1125 3086 1186 στόλος
3141 1126 3253 1195 (Si)
3293 1126 3374 1187 ei;
3429 1142 3614 1196 συμμα-

2069 1212 2194 1281 χίαν
2232 1214 2344 1268 τῶν
2368 1215 2642 1284 Φροὶγγων
2673 1215 2913 1280 ἐξελθεῖν
2956 1216 3334 1283 ἑτοιμάξεται.
3381 1223 3616 1285 στοχασὰ-

2073 1323 2234 1374 μενος
2271 1307 2353 1359 ὅτι
2379 1307 2442 1360 ού
2489 1309 2695 1376 μικρᾶς
2738 1307 2945 1376 βλάϐης
2973 1309 3070 1361 καὶ
3100 1310 3382 1378 παραίτιοι
3434 1311 3615 1367 αὐτοὶ¹¹

2067 1400 2134 1466 τῇ
2178 1398 2289 1450 τῶν
2352 1399 2644 1467 Ῥωμαίων
2696 1401 2838 1469 ἀρχῇ
2893 1399 3130 1460 ἔσονται.
3167 1402 3257 1454 τὸν
3305 1403 3404 1470 μὲν
3440 1405 3618 1459 Καντα-

2069 1489 2331 1558 κουζηνδν
2377 1489 2467 1542 διὰ
2502 1490 2601 1558 τῆς
2649 1491 2886 1560 ἡπεερου
2945 1491 3083 1561 μετὰ
3121 1492 3459 1561 ἀποχρώσης
3495 1494 3616 1550 δυνά.

2073 1598 2242 1650 μεως,
2272 1581 2365 1633 τὸν
2417 1581 2473 1633 δὲ
2521 1581 2878 1651 Λαντοῦλφον
2923 1582 3143 1650 γοργῶς
3175 1582 3473 1646 ἐξοπλίσας
3510 1586 3619 1653 μετᾶ

2075 1671 2265 1725 στόλου
2301 1671 2391 1724 διὰ
2419 1671 2692 1743 Θαλάττης
2733 1672 3049 1733 ἀπέστειλε.
3091 1672 3618 1742 παρακελευσάμενος

2069 1761 2224 1831 αὐτῷ
2278 1762 2340 1814 τὸ
2385 1762 2552 1832 τάχος
2603 1763 2940 1817 καταλαδείν
2981 1767 3051 1815 τὰ
3101 1764 3424 1835 κατώτερα,
3472 1767 3546 1833 ἐφ’
3587 1763 3620 1835 ᾧ

2072 1852 2164 1903 τὸν
2205 1853 2346 1920 μετὰ
2394 1854 2505 1907 τῶν
2563 1839 2868 1911 Γενουσίων
2923 1857 3103 1910 ἐκεῖσε
3131 1857 3500 1926 διερχομένων
3521 1859 3618 1913 ἀνα-

2069 1945 2328 2008 δέξασθαι
2381 1947 2640 2015 πόλεμον.
2704 1947 2926 2002 Τούτων
2983 1947 3334 2003 ἀπελθόντων
3381 1950 3507 2002 ἔνθα
3549 1954 3622 2005 καὶ

2070 2036 2548 2106 προσετάχθησαν.
2580 2038 2790 2108 χειμὼν
2828 2039 2999 2109 βαρὺς
3049 2040 3342 2107 ἐπιγέγονε
3381 2042 3475 2093 καὶ
3518 2043 3622 2108 ἀφό.

2073 2147 2261 2198 ρητος,
2302 2129 2395 2197 ὑφ’
2449 2124 2513 2184 οὗ
2567 2132 2662 2184 καὶ
2719 2130 2923 2193 πολλὰς
2970 2131 3079 2185 τῶν
3127 2131 3268 2185 νεῶν
3303 2132 3502 2200 συνέϐη
3535 2134 3624 2188 δια·

2072 2220 2431 2291 θραυσθῆναι,
2491 2201 2682 2292 ἇσπερ,
2711 2223 2873 2276 πάλιν
2903 2223 3039 2293 πρὸς
3084 2223 3184 2290 τὴν
3216 2224 3418 2294 χέρσον
3445 2225 3625 2288 ἑξελιιύ

2072 2331 2286 2379 σαντες,
2301 2315 2580 2382 ἐπιμελῶς
2597 2316 2698 2385 τὴν
2711 2316 2800 2370 διὰ
2819 2317 2920 2385 τῆς
2943 2317 3120 2386 ὑγρᾶς
3142 2317 3348 2384 πίσσης
3363 2317 3627 2386 ὲτείχρησιι

2067 2405 2301 2468 ταύταις
2341 2407 2636 2476 ἐπέφερον.
2681 2406 3006 2474 Τηνικαῦτα
3047 2407 3104 2461 δὲ
3138 2409 3236 2460 καὶ
3270 2411 3298 2460 ὁ
3333 2409 3623 2464 Καντακου-

2071 2497 2233 2566 ζηνὸς
2267 2498 2361 2552 τὸν
2394 2498 2506 2552 τῶν
2530 2499 2836 2552 Γενουσέων
2877 2497 3065 2553 στόλον
3107 2499 3235 2568 περὶ
3267 2498 3335 2551 τὰ
3371 2498 3628 2568 κατώτερα

2067 2587 2394 2643 διαπλέοντα
2427 2591 2598 2658 ἐγγύς
2638 2609 2741 2643 που
2777 2585 2921 2644 εἶναι
2964 2588 3306 2658 μεμαθηκὼς
3340 2589 3628 2646 ὑποτίθεται

2068 2681 2148 2748 τῷ
2200 2682 2535 2750 Λαντούλφῳ
2613 2683 2998 2736 ὀκτωκαίδεκα
3068 2681 3202 2744 ναῦς
3285 2679 3629 2734 ἀναλαϐέσθαι

2069 2772 2365 2842 (τοσαύτας
2396 2775 2506 2844 γὰρ
2537 2775 2707 2844 μόνας
2736 2775 2940 2841 σύνεόη
2968 2774 3046 2843 τῷ
3072 2777 3193 2826 τότε
3221 2774 3521 2827 ἀποπλέειν
3545 2774 3630 2824 τῶι

2073 2866 2254 2922 ἄλλων
2287 2867 2838 2938 ὲξελκυσϐεισῶντῆς
2869 2867 3193 2934 Θαλάσσης),
3223 2869 3321 2920 καὶ
3347 2868 3631 2921 ἀπελθόντα

2070 2958 2216 3012 κατὰ
2247 2961 2308 3013 τὸ
2336 2960 2688 3030 ἀκρωτήριον
2720 2960 2814 3012 τοῦ
2842 2959 3064 3013 Μαλέου
3100 2961 3456 3030 προσοκεῖλαι
3487 2960 3632 3023 αὑτὰς

2069 3051 2211 3104 κατὰ
2243 3053 2344 3114 τὰς
2376 3052 2472 3106 τοῦ
2509 3052 2922 3121 αὐτοκράτορος
2963 3051 3274 3121 ὑποθήκας.
3312 3054 3406 3106 καὶ
3447 3052 3631 3120 διερχο-

2073 3143 2250 3211 μένων
2286 3143 2395 3196 τῶν
2422 3143 2728 3197 Γενουσίων
2750 3143 2801 3195 εἰ
2837 3143 2934 3211 μὲν
2973 3143 3065 3196 τὸν
3112 3142 3234 3211 μετ’
3276 3143 3460 3196 αὐτῶν
3515 3145 3631 3196 ἀπο·

2066 3233 2294 3304 θαρροίη
2337 3236 2379 3266 ¹¹
2413 3236 2674 3305 πόλεμον,
2719 3235 2880 3296 εὐθὺς
2911 3234 3008 3304 τὴν
3057 3234 3177 3302 μετ’
3217 3235 3399 3288 αὐτῶν
3455 3235 3632 3287 ἀναδέ-

2065 3327 2260 3391 ξασοαι
2308 3328 2510 3397 μάχηνο
2558 3331 2606 3380 εἰ
2638 3328 2684 3380 δ’
2734 3329 2794 3380 οὐ
2835 3328 2936 3396 τὴν
2987 3327 3268 3395 σωτηρίαν
3331 3327 3507 3395 ἑαυτῷ
3555 3328 3634 3379 καὶ

2061 3421 2181 3480 ταῖς
2235 3419 2326 3472 ὑπ’
2391 3420 2554 3474 αὑτὸν
2609 3421 2772 3488 νηυσὶ
2827 3420 2924 3473 σὺν
2958 3420 3147 3482 αὐτοῖς
3196 3419 3517 3489 πλωτῆρσιν
3570 3420 3632 3473 εἰς

2063 3510 2333 3582 Κορώνην
2407 3513 2854 3581 προσοκείλαντι,
2920 3510 3413 3581 περιποιήσασθαι.
3489 3512 3547 3564 '0
3591 3511 3633 3562 δὲ

2062 3599 2315 3653 ἀπελθὼν
2368 3601 2465 3652 καὶ
2515 3599 2608 3652 τὸν
2663 3599 2833 3652 πολὺν
2885 3599 3075 3652 στόλον
3117 3601 3228 3652 τῶν
3281 3599 3634 3653 Γενουσίων⁸³

2065 3691 2410 3761 Θεασάμενος
2465 3693 2562 3745 καὶ
2631 3691 3025 3762 ἀπαγορεύσας
3109 3691 3208 3762 τὴν
3287 3691 3406 3762 μετ’
3473 3692 3634 3746 αύτῶι

2069 3785 2269 3853 μάχην,
2331 3783 2530 3837 θᾶττον
2613 3782 2714 3854 τὴν
2771 3781 3036 3853 Κορώνην
3093 3784 3415 3838 κατέλαϐεν.
3480 3784 3537 3837 Ὀ
3588 3785 3633 3839 δὲ

2066 3873 2520 3942 Καντακουξηνδς
2563 3873 2657 3926 τὸν
2730 3872 2852 3930 ὅλον
2936 3873 3247 3943 Ῥωμαϊκὸν
3323 3873 3506 3926 στόλον
3571 3874 3635 3934 ὡς

2065 3965 2172 4017 ἔδει
2244 3965 2791 4035 περιποιησάμενος,
2845 3963 2940 4016 καὶ
2997 3964 3126 4026 τοὺς
3187 3961 3447 4026 συνόντας
3499 3962 3632 4032 αὐτῷ

2063 4059 2243 4109 ἐκεῖσε
2278 4056 2623 4123 συναγαγὼν,
2657 4057 2731 4117 ὡς
2762 4052 2874 4124 εἶχε
2904 4057 3112 4126 τάχους
3139 4056 3374 4108 κατόπιν
3406 4055 3510 4107 τῶν
3544 4055 3581 4106 Γ
3584 4072 3635 4105 ε-

2064 4149 2294 4202 νουσὶων
2325 4149 2541 4202 ἐδίωκε.
2573 4150 2669 4218 Μὴ
2698 4148 2953 4216 ὲφθακὼς
2985 4148 3041 4202 δὲ
3072 4148 3172 4218 τὴν
3203 4147 3522 4201 Λαοδίκειαν
3549 4163 3635 4198 κα-

2063 4243 2286 4309 τέλαϐε,
2331 4242 2580 4297 σπεύδων
2635 4241 2775 4311 πρὸς
2816 4244 2944 4307 τοὺς
2995 4243 3134 4312 μετὰ
3183 4241 3278 4294 τοῦ
3314 4239 3633 4310 Βαῖμούντου

2066 4336 2372 4405 πολεμῆσαι
2401 4335 2496 4405 ὅλῃ
2546 4335 2742 4405 γνώμῃ
2794 4335 2890 4390 καὶ
2943 4335 3088 4406 χειρὶ
3119 4333 3478 4387 ἀποδύεσθαι.
3532 4332 3634 4384 Καὶ

2069 4428 2252 4497 μέντοι
2290 4427 2384 4480 τοῦ
2430 4427 2593 4498 ἔργου
2642 4427 2945 4498 ἁψάμενος,
2997 4428 3090 4479 τὸν
3119 4426 3323 4496 λιμένα
3381 4422 3631 4478 κατέλαὸε

383 4517 684 4575 llotuanam
715 4523 935 4590 collata,
969 4535 1027 4579 ιιι
1062 4525 1280 4595 impune
1312 4531 1362 4581 in
1417 4539 1620 4584 terram
1679 4534 1928 4601 exposito

2070 4520 2158 4573 ml.
2187 4520 2275 4574 διὰ
2307 4520 2488 4589 πάσης
2519 4520 2711 4582 νυκτὸς
2747 4520 2842 4572 καὶ
2895 4518 3112 4587 ἡμέρας
3141 4518 3246 4586 τῆς
3287 4517 3629 4586 τειχομαχίας

382 4608 692 4668 Genuenses
718 4616 931 4680 didicit,
960 4617 1100 4685 quod
1139 4635 1303 4673 unum
1335 4634 1645 4690 supererat,
1679 4625 1959 4692 expedivit

382 4717 440 4756 se
473 4718 535 4775 ac
561 4720 689 4759 suos
731 4707 795 4760 ad
831 4721 923 4762 eos
982 4709 1360 4780 insequendos.
1395 4714 1538 4780 Quos
1600 4717 1685 4769 ubi
1740 4719 1957 4787 assequi

377 4808 486 4845 non
545 4795 753 4863 potuit,
805 4796 1126 4855 Laodiceam
1170 4802 1409 4867 deﬂexit,
1467 4814 1581 4858 toto
1613 4806 1725 4860 illic
1761 4820 1958 4862 conatu

381 4885 579 4938 bellum
617 4904 742 4943 cum
771 4889 1072 4947 Baitnundo
1112 4903 1388 4964 gesturus.
1419 4897 1495 4952 Ac
1533 4899 1708 4968 primo
1735 4901 1958 4968 quidem

401 4986 583 5044 mpetu
619 4991 832 5047 portum
862 4987 1184 5052 occupavit;
1228 4987 1422 5042 deinde
1453 5003 1634 5042 arcem
1669 5004 1958 5059 aggressus

381 5067 698 5122 cominuata
764 5087 860 5140 per
923 5085 1139 5130 noctein
1189 5086 1248 5132 ct
1306 5079 1446 5133 diem
1504 5083 1957 5150 oppugnatione,

380 5158 581 5213 frustra
621 5163 722 5215 fuit
769 5174 974 5229 tamen,
1025 5179 1080 5223 et
1129 5171 1427 5239 sa'pissime
1475 5172 1683 5226 assultu
1726 5181 1957 5238 tentato,

383 5251 632 5316 repulsus
663 5263 746 5307 est
793 5258 972 5314 toties.
1027 5260 1296 5330 Expertus
1335 5263 1462 5331 quin
1515 5264 1678 5316 etiam
1726 5273 1953 5332 pacatas

381 5349 548 5405 artes,
579 5351 633 5394 et
670 5342 936 5400 demereri
978 5349 1244 5419 colloquio
1288 5364 1519 5407 conatus
1555 5351 1774 5416 Gallos,
1845 5369 1954 5408 non

2063 4611 2164 4664 οὐκ
2214 4611 2498 4677 ἀφίστατο·
2530 4609 2606 4672 ὼς
2638 4609 2682 4662 δ’
2714 4609 2996 4676 ἄπρακτος
3045 4608 3138 4660 τοῦ
3182 4606 3351 4660 λοποῦ
3395 4607 3437 4639 ⁸⁸
3479 4606 3627 4673 ἔμενε

2068 4703 2332 4773 μυριάκις
2366 4704 2466 4770 μὲν
2511 4702 2837 4771 προσϐαλὼν
2857 4743 2872 4767 ,
2914 4701 3243 4764 τοσαυτάκις
3271 4701 3315 4754 δ’
3343 4697 3628 4769 ἀποτυχών*

2065 4795 2159 4850 καὶ
2186 4795 2259 4864 πῆ
2291 4795 2388 4864 μὲν
2417 4794 2853 4864 ὑποποιούμενος
2877 4796 3002 4856 τοὺς
3029 4793 3271 4856 Κελτοὺς
3300 4794 3402 4846 οὐκ
3433 4790 3624 4852 ἔπειθε,

2066 4887 2141 4957 πῆ
2169 4889 2225 4941 δὲ
2255 4889 2562 4958 μαχόμενος
2591 4886 2963 4956 ἀπετύγχανε.
2996 4886 3211 4956 Τειχὶον
3243 4903 3296 4938 τι
3345 4886 3431 4938 διὰ
3462 4881 3628 4952 ξηρῶν

2064 4979 2229 5032 λίθων
2275 4978 2606 5049 κυκλοτερὲς
2641 4979 2970 5048 δειμάμενος
3019 4977 3334 5048 ἀναμεταξὺ
3370 4978 3462 5045 τῆς
3490 4975 3627 5043 ψάμ-

2068 5088 2170 5142 μου
2218 5070 2312 5123 καὶ
2340 5070 2452 5122 τῶν
2481 5070 2682 5140 τειχῶν
2715 5070 3041 5133 Λαοδικείας
3075 5072 3133 5122 ὲν
3182 5070 3334 5136 τρισὶ
3367 5064 3626 5138 νυχθημέ-

2067 5181 2181 5234 ροις
2222 5164 2456 5219 κᾶκτοτε
2491 5165 2566 5227 ὡς
2596 5163 2833 5234 ἔρεισμα
2879 5163 3040 5216 τοῦτο
3071 5161 3418 5231 κτησάμενος
3449 5160 3521 5212 ἓτε
3533 5171 3625 5226 ρον

2067 5257 2341 5326 πολίχνιον
2374 5257 2440 5308 δι’
2472 5257 2779 5326 ὲγχορήγου
2832 5255 2966 5324 ὕλης
3024 5254 3178 5317 ὲντδς
3217 5253 3410 5306 τούτου
3442 5251 3624 5303 θᾶττον

2065 5349 2378 5418 ἀνήγειρεν,
2408 5347 2472 5401 ἵν’
2501 5346 2752 5400 ἐντεῦθεν
2784 5350 2858 5413 ὡς
2889 5349 2947 5416 ἐξ
2977 5347 3321 5421 ὁρμητηρίου
3351 5344 3486 5405 τινος
3508 5355 3622 5407 γεν-

1446 5467 1648 5529 Varite
1680 5467 1990 5530 lectiones
2027 5483 2102 5526 ex
2124 5463 2270 5526 cod.
2301 5463 2560 5525 Coislin.

451 5555 494 5590 ιο
526 5555 812 5625 Θνούσιος.
840 5563 930 5619 Sic
967 5582 1203 5638 semper.
1299 5571 1334 5600 “
1383 5571 1545 5625 Deest
1571 5587 1674 5626 vox
1700 5571 1877 5626 αὐτοί.

1961 5571 2005 5601 ¹²
2048 5567 2302 5639 θαρροἔη.

2386 5567 2428 5598 ¹³
2454 5566 2752 5622 Θνουτξων.
2801 5566 2888 5620 Sic
2915 5581 3151 5634 semper.
3233 5564 3277 5598 ιδ
3299 5557 3496 5618 λοιποῦ.

1446 5705 1586 5769 Car.
1622 5706 1945 5768 Dufrcsnii
1979 5706 2072 5766 Du
2109 5702 2332 5784 Cangii
2376 5709 2562 5764 nota}.

450 5822 564 5896 (Si)
624 5829 954 5898 Γειιόὐσιος
1007 5834 1248 5899 στόλος.
1299 5831 1448 5890 Will.
1498 5832 1693 5904 Tyrius
1740 5834 1837 5888 Lb.
1895 5851 1921 5886 ιι

2070 5849 2109 5886 ι.
2139 5835 2228 5890 98.
