3780 6546
171 448 257 514 339
1365 440 1664 501 ALEXIA]

1856 444 1966 504 λη.
1998 443 2138 506 ΧΠ.
3243 445 3349 510 890

168 579 296 632 νομα.
354 551 485 610 Ἀλλ’
536 549 719 618 ἐπειδὴ
772 548 841 602 τὰ
894 548 995 619 μὶν
1025 550 1125 620 τῆς
1179 551 1504 622 συμπλοκῆς
1559 555 1661 607 τῶν

1575 555 1672 607 τῶν
1702 559 1745 616 Α
1848 556 1951 621 Qui
1986 558 2198 610 rabidos
2224 567 2423 610 sartth
2451 556 2628 611 dentes
2660 554 2861 610 iHidere
2888 555 3068 625 fumat.

168 650 416 721 Βαρϐάρων
457 641 663 710 ἔμελλε,
727 640 864 711 πρὸς
906 641 963 695 δὲ
1009 642 1367 713 παρασκευὴν
1424 644 1533 697 τῶν
1571 645 1661 714 τῆς

1658 663 1673 707 ;
1847 648 1913 702 Et
1948 648 2211 703 maculam
2238 649 2383 715 puris
2411 649 2651 719 aﬂingere
2682 649 2913 703 moribus
2945 651 3151 705 ardent.

170 736 437 808 συμπλοκῆς
474 736 498 786 ὁ
526 731 777 804 βασιλεὺς
798 731 1046 802 ἀφεώρα,
1078 733 1173 785 καὶ
1210 734 1279 787 τὰ
1316 736 1414 803 μὲν
1442 736 1663 803 ἁσφαλί·

1863 741 1943 794 ale
1974 738 2193 795 Homeri
2228 740 2375 795 Musa
2398 779 2413 803 ,
2453 741 2696 811 apprime
2725 750 2893 809 pertta
2932 740 3347 797 consuetudinis

165 830 321 888 σωθαι
341 826 442 878 τῶν
477 823 751 893 φρουρίων
778 823 983 876 σκοπὸν
1008 818 1144 895 εἶχε,
1184 823 1252 879 τὰ
1271 825 1328 877 δὲ
1356 827 1647 896 κατοχυρῶ

1856 848 2024 888 mante
2064 834 2334 903 ingenium
2381 848 2499 887 esse
2563 833 2954 900 plurimorum,
3005 834 3225 889 cecinit.
3272 832 3349 889 Ne

163 942 247 987 ut,
266 921 348 975 καὶ
376 917 503 978 ὅλως
529 913 689 968 εὔοδα
717 914 899 968 πάντα
928 915 995 968 τὰ
1026 916 1168 969 κατὰ
1200 916 1294 969 τοῦ
1330 916 1656 987 Βαῖμούντοι

1855 932 1940 976 tur
2009 924 2491 978 comminiscuntur
2547 938 2681 979 neve
2737 924 3140 981 calumnientur
3201 924 3348 981 aliud

160 1007 549 1077 καταστήσασθαι
574 1005 822 1072 ἔσπευδε,
843 1007 1250 1077 συνεξυπήγετο
1267 1008 1365 1062 καὶ
1388 1009 1488 1081 τὴν
1510 1009 1653 1080 βασις

1855 1014 2083 1084 ψίοαεεε
2131 1022 2189 1069 et
2236 1012 2486 1068 maledici
2519 1014 2765 1069 homines
2797 1014 2864 1069 de
2895 1016 3075 1069 causis
3104 1030 3348 1071 commo-

158 1104 251 1159 λίδα
275 1100 329 1152 τὸ
365 1098 460 1168 μέν
486 1114 566 1149 τοι
593 1096 686 1150 καὶ
715 1095 912 1151 ἑαυτοῦ
941 1098 1128 1162 ἕνεκα,
1159 1100 1254 1153 καὶ
1282 1099 1349 1153 δι’
1378 1098 1442 1161 ἃς
1492 1100 1651 1154 αίτίαε

1855 1108 2005 1162 .ionis
2048 1120 2182 1160 mea:
2216 1104 2404 1159 matris
2451 1105 2504 1159 in
2556 1107 2752 1161 castris
2783 1117 2841 1162 et
2872 1107 3083 1163 itineris
3122 1107 3244 1181 eius
3284 1122 3348 1163 ac

156 1196 442 1264 εἰρήκειμεν,
484 1190 544 1242 τὸ
562 1188 618 1243 δέ
653 1207 703 1243 τι
749 1191 844 1243 καὶ
874 1192 932 1242 ὲν
971 1191 1017 1223 ⁸³
1061 1190 1326 1263 ἀκινδύνῳ
1377 1193 1488 1246 τῶν
1526 1210 1649 1263 τερα.

1848 1196 2123 1252 nfectionis
2178 1210 2284 1264 qua
2345 1210 2406 1249 se
2466 1196 2719 1251 comitem
2772 1199 3134 1268 expeditionis
3184 1198 3341 1255 istius

155 1287 337 1356 γμάτων
366 1283 438 1337 ἔτι
463 1281 873 1352 καθεστηκότων
894 1284 991 1337 καὶ
1022 1283 1188 1353 μήπω
1211 1285 1402 1353 καιροῦ
1428 1284 1555 1337 πολέ
1566 1302 1648 1355 μοι

1857 1303 1937 1341 am
1972 1288 2130 1340 modo
2165 1286 2497 1353 descriptum
2534 1287 2673 1341 imus
2722 1303 2750 1341 a
2793 1298 2946 1356 patre
2989 1304 3111 1345 meo
3158 1290 3350 1345 adver-

152 1372 575 1444 ιτιδξδημηκότος.
632 1372 1040 1443 Ἀναλαὸομένη
1103 1373 1284 1426 τοίνυν
1334 1374 1535 1428 ὁπόσον
1586 1374 1645 1427 6n

1852 1374 2246 1431 tBaimundum
2280 1386 2562 1446 susceptae,
2613 1376 2758 1432 dedit
2791 1380 2985 1447 partim
3021 1379 3188 1434 invita
3222 1395 3345 1450 par-

151 1466 315 1539 χρυσοῦ
362 1467 448 1519 καὶ
502 1464 673 1535 ἄλλης
725 1466 1010 1536 ποιότητος
1073 1470 1287 1538 προσῆν
1352 1467 1493 1537 αὐτῇ
1574 1466 1644 1537 χά

1857 1484 1871 1521 ι
1907 1467 2113 1534 volens,
2148 1478 2371 1538 propter
2403 1470 2709 1525 contrarias
2756 1470 2916 1525 modo
2949 1484 3346 1528 commemora-

150 1576 298 1629 ριγμα
350 1557 438 1611 καὶ
495 1555 663 1625 ἕτερά
716 1573 839 1609 τινα
872 1558 978 1611 τῶν
1010 1558 1314 1630 χρημάτων
1355 1558 1526 1623 ἔξεισι
1568 1559 1636 1629 τῆ

1852 1559 2165 1630 ιιιιγίιιεῳιθ
2196 1557 2355 1615 ofﬁcii
2392 1560 2712 1630 consiliique
2751 1562 3008 1618 rationes.
3044 1559 3161 1616 Non
3205 1562 3345 1617 enim

149 1651 335 1710 uilem,
368 1646 456 1700 καὶ
492 1646 585 1701 τοῦ
638 1648 831 1702 λοιποῦ
888 1651 947 1702 ὲν
977 1650 1053 1715 τῷ
1110 1649 1311 1704 διιέναι
1367 1652 1467 1714 τὰς
1518 1650 1640 1705 ὁδοὺ

1856 1669 1961 1725 que
2012 1669 2123 1708 rem
2181 1662 2398 1724 gestum
2435 1668 2597 1708 manu
2658 1655 2905 1710 cominus
2957 1663 3010 1710 et
3043 1654 3348 1723 prazliatura

151 1743 257 1800 πᾶσι
303 1740 410 1802 τοῐς
459 1741 713 1804 ἐπαίταις
777 1742 873 1796 καὶ
934 1744 1047 1803 τοίς
1106 1744 1514 1815 σισυροφόροις,
1572 1762 1644 1800 κα

1856 1762 1897 1799 m
1928 1744 2181 1801 Barbaris
2230 1744 2498 1815 processit
2530 1761 2545 1800 :
2580 1742 2886 1816 Tomyridis
2936 1745 2989 1799 id
3035 1743 3219 1805 fuerit,
3255 1752 3349 1797 aut

147 1833 335 1902 γυμνοῖς
360 1830 553 1900 δαψιλῆ
624 1834 723 1903 τὴν
762 1834 922 1904 χεῖρα.
969 1836 1221 1904 παρεῖχε.
1279 1836 1390 1890 Καὶ
1432 1836 1607 1901 οὐδεὶς

1854 1838 2085 1894 arethra:
2140 1836 2551 1907 Massagetidis,
2603 1852 2706 1891 non
2752 1835 2935 1893 lrenes
2972 1851 3143 1902 meae;
3193 1833 3347 1889 fortis

144 1925 461 1994 αἰτησάμενος
513 1926 612 1978 καὶ
669 1925 824 1988 κενὸς
883 1926 1157 1985 ἀπελθών.
1238 1929 1411 1983 Ἐπὰν
1467 1929 1525 1982 δὲ
1568 1930 1635 2000 τὴ

1857 1944 1916 1983 ns
1974 1928 2191 1996 quidem
2239 1936 2295 1982 et
2327 1928 2563 1997 praeditas
2596 1927 2783 1983 animo
2833 1926 2994 1992 virili,
3048 1925 3140 1982 sed
3184 1926 3350 1980 robur

142 2016 523 2086 ἑπιτιεαγμένην
542 2017 752 2088 σκηνὴν
783 2020 1129 2091 κατειλήφει,
1152 2021 1213 2073 οὐ
1232 2021 1364 2091 πρὸς
1386 2020 1635 2093 ῥᾳστώνη

1854 2016 1914 2070 nd
1947 2031 2103 2071 suum
2146 2015 2214 2071 ad
2241 2015 2342 2070 alia
2376 2016 2532 2087 longe
2564 2015 2805 2071 facinora
2840 2016 3140 2082 vertentis;
3171 2015 3245 2070 uti
3290 2026 3347 2071 ct

140 2109 268 2170 εὐθὺς
288 2107 569 2162 ἀπέκλινεν
598 2109 731 2162 εἴσω
762 2109 967 2180 ταύτης
998 2113 1278 2181 γεγονυῖα,
1305 2111 1443 2165 ἀλλὰ
1467 2113 1633 2166 ἀναπε

1852 2108 1951 2164 mis
1994 2108 2258 2163 instructa
2290 2118 2407 2162 erat
2449 2108 2603 2180 longe
2633 2108 2755 2164 aliis
2787 2123 2950 2178 quam
2984 2109 3137 2163 hasta
3170 2107 3345 2162 Palla-

139 2200 330 2255 ταννῦσα
368 2201 593 2272 ταύτην,
664 2200 857 2257 ἄνετον
897 2206 1010 2267 τοῖς
1047 2204 1258 2258 αίτοῦσι
1300 2208 1539 2277 παρεῖχε
1568 2206 1632 2276 τὴ

1849 2209 1972 2255 tant
1999 2200 2147 2271 galea
2184 2199 2448 2255 Plutonis.
2481 2199 2675 2255 Parma
2706 2199 2834 2255 huic
2864 2210 2918 2255 et
2943 2210 3156 2254 scutum
3182 2184 3342 2255 et‘te-

136 2294 332 2348 είσοδον·
360 2296 467 2359 τοῖς
542 2294 813 2359 τοιούτοις
846 2296 956 2368 γὰρ
984 2299 1080 2351 καὶ
1138 2298 1288 2368 μάλα
1344 2300 1629 2370 εύπρόσιτο

1853 2309 1880 2347 n
1927 2301 2066 2355 erat.
2110 2300 2372 2348 constans
2408 2300 2597 2360 pectus
2635 2305 2908 2361 OppOnere
2954 2291 3116 2346 rebus
3158 2291 3346 2344 adver-

134 2383 184 2455 ἦν
208 2385 287 2438 καὶ
317 2386 578 2456 παριτχεν
620 2388 827 2457 ἑαυτὴν
865 2388 1101 2459 δρᾶσθαι
1125 2406 1185 2443 τε
1223 2389 1318 2443 καὶ
1346 2388 1621 2443 ἀκούεσθα

1885 2401 1900 2439 :
1953 2399 2016 2439 ac
2047 2394 2233 2440 contra
2281 2383 2611 2439 rebelliunes
2674 2392 2838 2453 atque
2882 2383 3111 2438 insultas
3153 2383 3348 2453 quibus

137 2478 193 2532 οὐ
217 2478 489 2547 χρημάτων
507 2478 570 2532 δὲ
603 2479 883 2547 μετεδίδου
928 2483 1043 2543 τοῖς
1078 2481 1277 2551 πένησι
1311 2480 1497 2552 μόνον,
1528 2481 1629 2539 ἀλλ

1853 2493 1942 2533 aus
1979 2478 2157 2547 ipsum
2199 2492 2467 2547 supremae
2497 2477 2779 2547 potestatis
2800 2486 2995 2531 natura
3033 2476 3263 2543 quadam
3295 2485 3346 2529 et

135 2570 283 2620 καὶτά
316 2566 480 2637 λῴονα
514 2568 912 2623 συνεϐούλευε·
956 2573 1051 2625 καὶ
1085 2572 1324 2635 ὁπόσους
1353 2574 1452 2643 μὲν
1490 2574 1628 2645 septi

1853 2570 2086 2625 nditione
2128 2571 2345 2641 propria
2370 2572 2673 2640 expositum
2709 2579 2811 2633 est,
2866 2582 3081 2635 semper
3122 2568 3346 2621 interri-

133 2678 257 2723 στους
304 2661 364 2715 τὰ
421 2661 655 2733 σώματα
710 2665 982 2733 κατενόει,
1018 2666 1277 2737 ῥᾳθύμως
1320 2667 1378 2722 δὲ
1408 2669 1537 2737 περὶ
1572 2669 1626 2721 τὲ

1853 2680 1878 2717 n
1908 2679 2124 2734 semper
2152 2674 2395 2735 paratam
2430 2673 2596 2718 stare.
2620 2662 2755 2716 Tum
2780 2676 2908 2717 vero
2936 2661 3096 2716 etiam
3126 2669 3346 2714 strenue

130 2754 218 2820 βίον
241 2753 464 2821 ἔχοντας,
484 2756 625 2827 πρὸς
650 2756 787 2825 εργα
818 2757 912 2810 καὶ
932 2757 1158 2829 πράξεις
1179 2759 1578 2831 προύτρέπετο.
1601 2761 1622 2813 ί

1848 2770 1890 2811 te
1938 2771 2155 2812 versare
2200 2756 2253 2811 in
2282 2754 2456 2813 officio
2495 2755 2767 2827 fungendo
2803 2766 2857 2809 et
2902 2751 3204 2807 actionibus
3261 2751 3341 2804 sui

125 2840 329 2893 ἐντεῦθεν
364 2842 427 2895 τὰ
457 2845 599 2913 πρὸς
635 2846 826 2916 χρείαν
858 2847 1193 2916 κομίζοιντο,
1226 2850 1321 2903 καὶ
1352 2850 1429 2920 μὴ
1473 2849 1544 2904 δι’
1600 2852 1618 2905 ἐ

1851 2848 2010 2902 meris
2037 2846 2091 2902 in
2125 2856 2365 2918 tempore
2387 2847 2699 2902 reddendis.
2733 2842 3002 2899 Praeterea
3025 2855 3344 2910 responsare

127 2931 303 2998 μέλειαν
341 2932 805 3000 ἀναπιπτωκότας
826 2937 998 3007 θύραν
1032 2942 1094 2991 ἐκ
1112 2938 1281 3010 θύρας
1305 2942 1620 2997 ὲπαιτοῦντο

1847 2940 2177 3008 piditatibns,
2216 2948 2271 2994 et
2317 2939 2712 2994 contumaciam
2763 2950 2949 2990 earnm
2987 2942 3204 2988 austero
3251 2946 3340 2983 ra-

129 3026 441 3089 περινοστείν.
466 3026 676 3095 Καιρδς
702 3028 758 3080 δὲ
787 3029 968 3093 οὐδεὶς
992 3031 1089 3099 τῆς
1112 3032 1374 3103 τοιαύτης
1398 3034 1622 3107 ἐργασία

1851 3032 1935 3088 nis
1982 3032 2210 3101 imperio
2244 3046 2515 3102 premere.
2563 3031 2803 3100 Denique
2831 3028 2991 3084 fidem
3026 3035 3079 3081 et
3127 3022 3342 3093 religio-

122 3114 308 3183 ἀπεῖργε
336 3118 429 3189 τὴν
452 3119 730 3187 βασιλίδα.
765 3122 823 3175 ’0
846 3123 945 3193 μὲν
969 3119 1063 3178 οὖν
1087 3124 1253 3180 Δανῒδ
1287 3129 1439 3197 μετὰ
1470 3132 1615 3183 κλαι

1847 3142 1893 3181 m
1931 3126 1997 3181 ad
2052 3124 2221 3180 Deum
2277 3139 2384 3180 non
2438 3124 2619 3179 ﬁctam
2681 3137 2858 3193 neque
2915 3117 3340 3191 perfunctoriam

121 3207 240 3271 σμοῦ
275 3207 336 3261 τό
383 3212 545 3280 πόμα
590 3212 815 3282 κιρνῶν
874 3215 1188 3284 φαίνεται·
1229 3218 1263 3287 ἡ
1330 3218 1385 3272 δέ
1436 3235 1499 3286 γε
1560 3218 1614 3290 βα

1848 3220 1991 3273 bere.
2052 3217 2183 3283 Quae
2235 3216 2348 3271 fere
2405 3225 2683 3270 armatura
2730 3220 2816 3270 est
2854 3227 2961 3284 qua
3024 3211 3341 3289 instructam

121 3299 223 3359 atii;
271 3300 396 3371 αὕτη
456 3307 555 3359 καὶ
594 3307 800 3377 τροφὴν
846 3310 943 3362 καὶ
972 3309 1134 3363 ποτὸν
1180 3310 1318 3380 ἐλέῳ
1349 3328 1614 3381 συγκεραι

1845 3309 2043 3365 ιιὶετθηι
2085 3308 2277 3366 fortem
2323 3307 2581 3365 Salomon
2609 3308 2758 3363 velut
2805 3307 2857 3361 in
2888 3304 3061 3361 aciem
3092 3300 3273 3358 educit
3296 3299 3338 3351 ί.

119 3387 221 3440 vin
253 3395 361 3445 καθ’
419 3396 663 3465 ἑκάστην
690 3397 991 3453 ἑδεέκνυτο.
1028 3400 1139 3454 Καὶ
1190 3400 1360 3458 πολλὰ
1394 3400 1462 3460 ἂν
1513 3399 1612 3475 σῖχ<

1910 3401 2176 3473 ejusmodi
2251 3400 2388 3457 bella
2450 3410 2821 3471 comparatam
2885 3406 2943 3453 et
3002 3393 3338 3468 procinctam

116 3479 253 3568 είπείν
275 3486 393 3553 περὶ
412 3486 621 3553 ταύτης
648 3488 749 3553 τῆς
771 3490 1064 3559 βασιλίδος,
1083 3492 1132 3544 εί
1162 3492 1238 3563 μὴ
1282 3494 1344 3547 τὸ
1366 3492 1609 3565 Θυγάτριι

1847 3493 1924 3568 ει
1973 3494 2139 3551 fuisse
2170 3510 2342 3550 meant
2375 3504 2603 3551 matrem
2638 3493 2833 3548 fateor.
2860 3490 3064 3548 Caetera
3097 3486 3340 3545 moribus

119 3565 227 3623 tim
270 3574 491 3643 ψεύδους
568 3583 831 3651 παρεῖχεν
887 3583 1173 3647 ὑπόνοιαν,
1216 3584 1312 3639 καὶ
1359 3585 1442 3639 ὅτι
1487 3603 1612 3656 μητι

1843 3565 2110 3643 latissimis
2154 3596 2210 3641 et
2240 3587 2333 3657 qui
2366 3586 2528 3642 facile
2558 3586 2739 3641 studio
2769 3584 3030 3655 cultuque
3076 3588 3336 3654 perpetuo

117 3663 431 3733 χκριζόμεοα.
463 3669 611 3737 Πρὸς
652 3671 708 3724 δὲ
734 3674 861 3738 τοὺς
898 3673 1073 3728 ταῦτα
1104 3675 1464 3740 ὑπονοοῦντας
1503 3694 1610 3748 παρ

1843 3677 1930 3742 :is.
1972 3693 2130 3733 omen
2173 3678 2246 3733 illi
2282 3678 2396 3733 dati
2437 3679 2566 3734 olim
2616 3677 2852 3733 nominis
2889 3675 3194 3745 implerent.
3226 3669 3336 3725 Ne-

114 3752 265 3822 ἐξῡμαι
282 3762 385 3822 τοῖς
412 3762 594 3831 λόγοις
614 3766 1195 3835 συνεπιμαρτυροῦντα
1217 3766 1285 3821 τὰ
1310 3767 1607 3838 πράγματα

1842 3785 1855 3823 ξ
1886 3769 2017 3826 illud
2046 3770 2432 3833 omittendum,
2464 3786 2587 3825 cum
2614 3777 2768 3838 patre
2813 3782 2935 3822 meo
2954 3766 3185 3836 jubente
3214 3775 3335 3833 pro-

111 3863 256 3916 gressa
297 3856 449 3909 simul
485 3866 577 3911 est
630 3858 697 3912 ad
754 3859 950 3914 bellum
996 3875 1193 3930 parens
1233 3877 1348 3917 mea
1401 3878 1737 3933 nequaquam
1777 3865 2086 3934 opinionem
2126 3862 2304 3919 adhuc
2342 3864 2508 3919 fuisse
2548 3877 2669 3916 mox
2710 3860 2878 3915 futuri
2915 3859 3105 3931 praelii,
3147 3853 3337 3929 procul

109 3942 326 4010 siquidem
355 3950 534 4005 adhuc
574 3949 902 4009 Baimundus
980 3955 1364 4021 cunctabatur,
1458 3967 1514 4011 et
1565 3958 1731 4013 lentis
1777 3961 2151 4014 tantummodo
2221 3957 2462 4014 consiliis
2518 3955 2979 4028 praemuniebatur
3043 3952 3196 4023 quasi
3252 3949 3336 4004 via

108 4035 224 4094 Harii
250 4059 591 4110 processura,
633 4048 759 4102 dum
801 4058 945 4104 totus
976 4050 1191 4105 interim
1228 4061 1344 4107 erat
1395 4052 1711 4123 imperator,
1743 4055 1796 4109 in
1828 4056 2044 4111 arcibus
2091 4056 2213 4111 aliis
2285 4055 2537 4125 praesidio
2616 4053 2910 4123 imposito,
2985 4050 3106 4104 aliis
3171 4060 3333 4101 manu

107 4146 234 4205 atque
257 4156 412 4211 opere
443 4144 750 4208 ﬁrmandis,
836 4148 1295 4217 providendisque
1368 4152 1531 4206 rebus
1603 4154 1924 4222 ejusmodigu
1946 4154 2160 4209 caeteris
2191 4167 2312 4223 qua:
2336 4153 2401 4207 ad
2439 4152 2833 4206 occurrendum
2862 4146 3143 4203 Baimundi
3173 4156 3334 4199 cona-

106 4237 217 4287 tibus
250 4236 536 4301 aliquando
567 4242 839 4307 erupturis
869 4254 1078 4296 mature
1123 4244 1441 4299 adhibenda:
1488 4245 1829 4302 videbantur.
1864 4248 2040 4316 Atque
2065 4248 2164 4302 hoc
2192 4246 2391 4316 ipsum,
2461 4256 2655 4311 nempe
2716 4242 2857 4310 quod
2924 4240 3090 4295 sciret
3161 4238 3336 4307 impc-

106 4336 223 4378 rator
245 4329 437 4382 nullam
467 4327 622 4393 fore,
653 4331 756 4385 nisi
796 4343 916 4402 post
943 4334 1160 4403 longum
1196 4335 1338 4390 forte
1380 4337 1644 4405 spatium,
1681 4338 2028 4393 occasionem
2059 4336 2382 4392 conserendi
2420 4335 2607 4403 praelii,
2656 4334 2872 4387 animos
2914 4331 2989 4386 illi
3064 4326 3195 4384 fecit
3264 4326 3330 4379 ad

104 4422 353 4482 urgendam
402 4422 633 4477 liberius
669 4438 890 4493 propter
960 4430 1196 4482 rationes
1257 4428 1409 4497 prius
1480 4437 1829 4494 memoratas,
1903 4428 2202 4499 Augustam
2243 4441 2398 4482 suam
2434 4424 2715 4495 coniugem
2761 4430 2821 4477 ut
2863 4422 3015 4477 exire
3070 4417 3137 4472 ad
3189 4416 3331 4471 hanc

101 4510 449 4574 expeditionem
493 4527 681 4566 secum
728 4512 931 4566 vellet?
999 4513 1090 4567 Illa
1140 4530 1266 4569 vero
1300 4517 1616 4571 necessitati
1657 4518 1819 4572 simul
1867 4534 1896 4572 a
1936 4519 2053 4573 viro
2097 4520 2364 4586 impositae
2409 4518 2613 4583 paruit,
2693 4513 2857 4568 simul
2944 4513 3155 4565 dileetze
3227 4508 3331 4564 sibi

98 4600 371 4653 exercenda:
400 4599 685 4656 liberalius
714 4604 1097 4662 misericordiae
1122 4607 1357 4675 captavit
1386 4607 1754 4662 occasionem.
1846 4608 2278 4678 Peregrinationi
2319 4610 2464 4663 enim
2507 4605 2652 4661 omni
2728 4619 2892 4674 quam
2961 4615 3069 4656 tum
3143 4598 3331 4659 habuit

98 4701 275 4761 sumpta
323 4709 512 4749 secum
556 4697 778 4764 pecunia
806 4696 887 4751 vel
928 4712 1093 4753 aurea
1136 4699 1218 4753 vel
1254 4714 1320 4754 ex
1362 4700 1469 4755 alio
1498 4702 1691 4769 quovis
1725 4701 1943 4756 metallo
2023 4717 2083 4757 se
2124 4702 2272 4756 dedit
2309 4719 2324 4756 :
2387 4716 2617 4770 eamque
2693 4713 2787 4768 per
2837 4705 3003 4750 totam
3058 4695 3194 4748 viam
3276 4694 3329 4749 in

95 4785 250 4839 obvios
278 4802 522 4857 quosque
550 4789 843 4853 mendicos,
888 4800 977 4843 aut
1009 4801 1302 4860 egestatem
1335 4794 1425 4846 vili
1461 4808 1525 4848 ac
1566 4796 1764 4850 misero
1799 4797 1994 4849 vestitu
2018 4796 2389 4864 praeferentes,
2465 4793 2698 4847 maxime
2758 4799 2937 4845 autem
3000 4790 3051 4842 in
3121 4787 3327 4845 nudos,

96 4875 555 4933 benelicentissime
596 4882 859 4949 profudit,
906 4884 1040 4937 adeo
1072 4892 1126 4937 ut
1163 4900 1321 4938 nemo
1353 4888 1443 4956 qui
1475 4885 1543 4939 ab
1570 4900 1631 4939 ea
1673 4888 1898 4955 petierit
1967 4887 2165 4942 abierit
2236 4901 2460 4941 vacuus.
2499 4885 2791 4953 Postquam
2822 4896 2950 4934 vero
2983 4879 3036 4934 in
3080 4877 3325 4932 destina-

95 4976 185 5020 tum
222 4969 319 5023 sibi
360 4972 769 5024 tabernaculum
814 4986 1198 5041 concesserat,
1253 4993 1357 5029 non
1409 4977 1495 5030 ilia
1582 4980 1865 5046 Captanda:
1903 4979 2103 5048 quietis
2138 4978 2543 5049 opportunitate
2616 4975 2916 5038 fruebatur,
2994 4980 3088 5044 aut
3127 4968 3327 5023 clausis

93 5061 218 5115 ostiis
268 5064 383 5117 sine
456 5065 663 5118 arbitro
694 5081 881 5120 somno
910 5070 1232 5138 corporique
1276 5071 1504 5124 otiosam
1580 5070 1742 5126 dabat
1792 5087 2058 5141 operam:
2125 5072 2219 5127 sed
2264 5070 2398 5124 velis
2461 5068 2697 5123 reductis
2779 5064 3010 5133 amplam
3060 5061 3328 5115 adeunda:

91 5156 155 5205 sui
187 5154 408 5210 faciebat
448 5159 666 5226 copiam
719 5160 971 5216 omnibus
1014 5163 1126 5232 ipsa
1179 5174 1442 5218 conventa
1496 5180 1634 5232 onus
1678 5166 2006 5222 habentibus
2037 5166 2514 5236 praesertimmero
2548 5172 2731 5233 petere
2808 5158 3006 5229 aliquid
3070 5156 3321 5226 paratis;

90 5250 294 5312 qualium
329 5270 611 5310 accessum
658 5266 771 5311 tota
816 5258 927 5312 vita
962 5257 1118 5313 facile
1158 5259 1410 5325 admisit;
1493 5267 1549 5314 et
1586 5261 1651 5313 ad
1726 5260 1831 5316 tale
1865 5262 2132 5315 duntaxat
2162 5275 2333 5330 genus
2366 5258 2643 5312 remisisse
2671 5252 3011 5309 verecundia:
3058 5248 3324 5321 supersti<

89 5336 257 5394 tionem
308 5343 457 5398 velut
512 5345 653 5398 illam
701 5345 985 5399 videbatur
1016 5363 1150 5415 pene
1195 5348 1460 5415 nimiam;
1496 5350 1623 5403 dum
1666 5350 1731 5404 iis
1759 5352 2022 5406 duntaxat
2054 5352 2295 5419 praebere
2330 5364 2390 5404 se
2430 5348 2749 5412 videndam,
2779 5353 2833 5401 et
2901 5344 3117 5399 eosdem
3184 5341 3323 5397 allo-

89 5429 159 5493 qui
187 5443 540 5487 consueverat
571 5434 821 5491 libenter.
850 5434 1019 5490 Porro
1052 5439 1334 5505 pecuniam
1374 5439 1703 5508 pauperibus
1732 5441 1963 5494 donasse
1997 5441 2311 5506 neutiquam
2380 5447 2656 5499 contenta.
2735 5434 3040 5501 consilium,
3106 5433 3153 5489 si
3228 5440 3321 5488 re“

88 5512 246 5584 ferret,
290 5521 515 5593 insuper
554 5525 826 5592 addebat;
874 5536 929 5580 et
966 5541 1101 5596 quos
1126 5526 1268 5585 forte
1308 5541 1525 5599 vegetos
1600 5544 1665 5584 ac
1734 5530 2018 5586 commode
2074 5529 2325 5585 Valentes
2379 5528 2544 5583 vitam
2592 5528 2821 5583 inertem
2892 5526 2981 5581 cib
3068 5524 3315 5598 precario

87 5614 275 5671 trahere
316 5619 555 5681 videbat,
620 5618 688 5675 iis
734 5620 893 5675 ﬁebat
950 5632 1143 5677 auctor
1209 5633 1270 5678 ut
1332 5625 1635 5694 proﬁtendo
1672 5623 1815 5694 apud
1867 5640 1981 5679 rem
2032 5625 2296 5680 habentes
2356 5623 2541 5681 labore
2602 5622 2802 5679 victum
2872 5621 2975 5679 sibi
3061 5618 3312 5677 mercede

142 5705 335 5763 'Prov.
381 5724 538 5777 snt,
572 5711 638 5765 lt)
662 5727 813 5783 seqq.

139 5895 178 5938 μ
210 5898 233 5952 ὲ
327 5899 351 5911 ⁹
1112 5806 1311 5873 Variae
1340 5809 1647 5877 lectiones
1685 5827 1765 5877 ex
1792 5808 1938 5876 cod.
1971 5808 2232 5876 Coislin.

237 5916 264 5952 ν
282 5915 383 5952 τω.

282 5915 383 5971 τῳ.
