3780 6606
416 352 526 424 893

1727 333 1952 402 ANNAE
1987 331 2372 400 COMNEN:E

2085 207 2235 230 M“
2293 196 2300 201 ’

3555 327 3643 397 930

389 467 665 527 eumdem
732 457 1172 535 frequentissime
1221 459 1496 531 gignente.
1568 455 1769 513 Gravia
1851 469 2022 514 sane,

2125 471 2207 508 στι
2231 444 2422 507 κακῶν
2453 451 2914 524 στρατηγῶντῶν
2969 439 3320 521 πραγμάτων
3373 448 3648 516 ἡσυχαζόν-

422 563 583 624 mala,
613 559 697 613 vel
736 559 780 613 si
818 559 1079 610 accedant
1130 553 1359 622 singula.
1424 550 1562 618 Quid
1624 559 1805 604 autem
1868 563 1989 601 cum

413 654 572 708 vario
605 651 765 707 simul
801 650 1019 702 incursu
1052 645 1264 698 anxiam
1300 642 1680 697 distrahebant
1721 642 1771 695 in
1805 649 1992 709 partes

422 745 726 800 contrarias
781 750 962 794 curam
1009 753 1070 790 ac
1107 736 1484 790 necessitatem
1527 734 1808 789 resiSIendi
1835 733 1859 786 ?
1887 731 1994 787 Oc-

349 833 356 838 ’
421 837 675 891 currebat
707 834 843 887 host-i
874 832 938 884 ad
973 831 1196 883 limitem
1254 831 1532 897 Angustus
1565 845 1577 880 ε
1614 827 1746 879 civis
1782 841 1809 878 a
1842 835 1993 892 tergo

423 927 690 981 rebellans
723 925 1054 995 insurgebat.
1095 922 1262 992 358
1306 922 1384 973 Ad
1413 935 1536 973 eum
1581 919 1992 987 apprimendum

424 1021 511 1094 ubi
547 1035 610 1075 se
640 1028 900 1082 verterat,
939 1033 1154 1070 rursum
1191 1015 1366 1068 omnis
1419 1012 1695 1067 barbaries
1742 1013 1994 1066 cnncita-
2031 1000 2065 1021 “’²

423 1115 597 1164 batur.
635 1108 815 1175 Atque
847 1122 946 1176 ego
980 1107 1104 1159 dum
1143 1105 1374 1159 indolem
1410 1105 1586 1158 Alexii
1639 1104 1765 1158 dum
1824 1105 1988 1155 vitam

422 1209 629 1274 specto,
667 1201 956 1272 quominus
988 1199 1039 1253 in
1075 1199 1434 1267 placidissima
1489 1207 1704 1262 natura,
1760 1210 1998 1274 commof

425 1297 612 1364 disque
651 1294 894 1347 moribus
927 1293 1176 1346 odiorum
1230 1305 1425 1346 causas
1476 1289 1870 1352 animadverto,
1931 1267 1995 1342 eo

425 1389 592 1441 miror
627 1386 799 1452 magis
830 1384 994 1439 tantis
1025 1399 1146 1439 eum
1181 1392 1438 1452 perpetuo
1472 1381 1720 1451 procellis
1751 1389 2000 1434 externa-

429 1489 550 1530 rum
612 1474 967 1542 civiliumque
1022 1473 1376 1542 jactationum
1437 1473 1673 1526 exerceri
1731 1472 1993 1538 potuisse.

390 1586 398 1594 ·
427 1567 592 1623 Nemo
626 1567 716 1622 illo
748 1567 978 1632 facilior,
1013 1580 1170 1620 nemo
1200 1565 1538 1631 clementior,
1581 1563 1873 1629 liberalior,
1903 1563 1998 1618 be-

429 1660 766 1727 neficentior,
808 1663 1071 1715 bonorum
1135 1660 1510 1726 honorumque
1561 1658 1759 1725 largior
1789 1672 1994 1711 nemo:

431 1752 566 1807 ratio
598 1751 931 1820 gubernandi
971 1749 1428 1811 moderatissima,
1461 1751 1593 1802 nihil
1632 1763 1846 1802 summo
1876 1748 1998 1816 jure

2098 554 2230 610 των,
2261 547 2425 610 αὐτὸς
2451 545 2768 616 ἐξεπίτηδες
2818 541 3162 615 ἀνερεθίζειν
3193 541 3325 602 τοὺς
3391 540 3542 608 πέριξ
3584 543 3646 604 εἰς

2105 639 2363 708 πόλεμον.
2401 639 2606 708 Εἰρήνη
2639 637 2714 707 (8)
2746 636 2843 706 μὲν
2906 636 3016 705 γὰρ
3069 633 3224 694 τέλος
3262 632 3384 683 ἐστὶ
3443 631 3648 700 πολέμου

2101 730 2327 792 παντός.
2366 730 2439 782 Τὸ
2467 730 2514 782 δ’
2547 728 2871 782 ἀνθελέσθαι
2920 729 3008 782 ἀεὶ
3038 724 3266 779 αὐτόθεν
3297 723 3359 776 τὸ
3390 721 3546 775 ἕνεκά
3571 741 3648 775 του

2101 823 2196 876 καὶ
2219 820 2312 875 τοῦ
2344 821 2554 890 ἀγαθοῦ
2577 821 2767 882 τέλους
2802 821 2891 872 ἀεὶ
2923 819 3175 888 ἀμελεῖν,
3231 815 3393 868 τοῦτο
3438 816 3650 882 ἀνοήτων

2100 916 2216 967 ἐστὶ
2251 913 2578 984 στρατηγῶν
2611 915 2706 966 καὶ
2739 911 3092 981 δημαγωγῶν
3129 909 3222 960 καὶ
3253 907 3476 977 ὀλεθρον
3495 923 3645 971 πραγ-

2105 1007 2493 1081 ματευομᾷτνων
2525 1006 2626 1074 τῆς
2660 1005 2890 1066 πόλεως.
2934 1002 3076 1056 Ἀλλ’
3119 1002 3148 1054 ό
3177 995 3649 1070 βασιλεὺςἈλέξιος

2103 1100 2431 1152 τούναντίον
2463 1097 2609 1152 ἅπαν
2625 1097 2823 1158 ἐποίει,
2852 1097 2947 1148 καὶ
2979 1095 3074 1147 τοῦ
3106 1091 3413 1163 εἰρηνεύειν
3441 1091 3649 1151 ἐκτόπως

2107 1192 2446 1261 ἐπεμελεῖτο,
2474 1191 2571 1243 καὶ
2605 1188 2945 1258 πανταχόθεν
2983 1189 3222 1256 συνεῖχε,
3283 1185 3381 1237 καὶ
3433 1182 3647 1250 ἀπούσης

2103 1283 2458 1355 ἐπηγρύπνει
2513 1282 2774 1344 πολλάκις
2803 1284 2952 1344 ὅπως
3000 1280 3313 1334 ἐπανέλθοι.
3389 1278 3495 1330 Καὶ
3542 1272 3648 1346 ἦ·θό

2105 1363 2266 1434 αὐτὸς
2297 1377 2440 1430 κατὰ
2497 1374 2659 1442 φύσιν
2704 1377 2804 1444 μὲν
2841 1373 3146 1444 εἰρηνικὸς,
3179 1369 3583 1437 ἀναγκαζόντων
3603 1370 3644 1420 δὲ

2103 1470 2212 1523 ’τῶν
2279 1468 2622 1539 πραγμάτων
2692 1466 3160 1537 πολεμικώτατος.
3229 1465 3342 1516 Καὶ
3402 1461 3555 1530 ἔγωγ’
3600 1463 3648 1513 ἂν

2108 1563 2274 1633 φαίην
2330 1560 2680 1632 Θαῤῥούντως
2727 1561 2856 1632 περὶ
2928 1559 3023 1612 τοῦ
3091 1557 3286 1626 ἀνδρὸς
3346 1554 3649 1614 summa;

2105 1655 2213 1724 ἄρα
2243 1653 2342 1706 τοῦ
2384 1653 2667 1722 βασιλικοῦ
2698 1652 3076 1724 χαρακτῆρος,
3123 1646 3330 1701 πολλοῦ
3364 1646 3549 1715 χρόνον
3575 1662 3651 1696 κα-

2107 1745 2492 1809 ταλελοιπότος
2517 1747 2584 1798 τὰ
2608 1746 2716 1798 τῶν
2755 1743 3045 1814 Ῥωμαίων
3102 1741 3356 1811 βατῑλεια
3393 1739 3475 1790 ἐπ’
3504 1737 3641 1790 αἰτοῦ

431 1859 615 1912 agere,
661 1845 989 1899 descendere
1038 1843 1103 1896 ad
1137 1840 1351 1896 civilem
1403 1840 1818 1904 humanitatem,
1881 1821 2000 1894 solii

2125 1841 2204 1894 ιαὶ
2267 1841 2432 1910 μόνου
2465 1833 2932 1907 ἐπανεληλυθέναι
2962 1836 3165 1906 τρόπον
3184 1833 3307 1886 τινα
3334 1833 3452 1884 τότε
3476 1832 3650 1900 πρὼτίν

424 1945 733 2006 suggestum
765 1937 1029 1990 deducere
1057 1935 1110 1987 in
1135 1933 1374 2004 planum,
1408 1943 1460 1987 et
1495 1948 1613 1986 cum
1644 1932 1873 1986 subditis
1908 1947 2002 1987 res

2109 1938 2176 2005 τῇ
2232 1934 2524 2003 Ῥωμαίων
2553 1931 2822 2003 ἡγεμονίᾳ
2860 1926 3313 1998 ἐπιξενουμένου.

425 2030 504 2086 lnt
532 2046 599 2086 ex
635 2045 790 2100 aequo
825 2045 984 2100 agere
1032 2036 1356 2099 potesmtem
1427 2043 1490 2082 ac
1566 2027 1908 2098 principatus
1961 2029 2066 2082 vim
2140 2036 2247 2082 non
2299 2028 2592 2096 supercilio
2649 2037 2742 2080 aut
2799 2026 2959 2092 fasm,
3017 2026 3110 2078 sed
3165 2022 3479 2093 dignitatum
3528 2029 3653 2088 atque

423 2141 586 2194 opum
641 2125 842 2192 passim
903 2125 953 2176 in
1003 2139 1192 2179 omnes
1231 2123 1550 2192 spargemlis
1604 2124 1981 2191 largitionibus
2023 2138 2306 2191 usurpare.
2343 2121 2778 2189 ldempraaterea
2809 2118 3151 2189 qnamfortis
3205 2130 3271 2169 ac
3341 2112 3530 2167 bellicae
3581 2131 3652 2181 pr.

428 2220 566 2270 ritus
598 2215 697 2280 rei,
736 2225 842 2268 tam
870 2214 1129 2268 bellorum
1186 2231 1432 2283 perosus,
1492 2214 1766 2269 studiosus
1823 2213 1991 2282 pacis,
2068 2214 2414 2282 prudentiam
2481 2214 2534 2267 in
2596 2213 2646 2266 id
2685 2214 2964 2267 intendere
2995 2220 3157 2264 totam
3191 2209 3385 2263 solitus
3413 2223 3475 2262 ne
3501 2207 3570 2262 cui
3596 2207 3652 2262 tl.

426 2315 535 2370 lam
565 2309 646 2364 vel
674 2318 896 2364 externo
933 2309 1014 2364 vel
1043 2310 1147 2364 civi
1187 2311 1337 2363 daret
1362 2311 1706 2365 occasionem
1739 2322 1766 2360 a
1799 2322 1858 2362 se
1889 2307 2211 2362 dissidentli.
2247 2306 2390 2373 Quin
2461 2307 2624 2362 etiam
2693 2321 2816 2360 cum
2895 2307 3036 2360 ultro
3086 2305 3449 2374 impetebatur
3509 2316 3656 2354 nece--

425 2407 630 2458 sarium
687 2413 942 2458 conatum
1000 2405 1368 2473 repugnandi,
1425 2405 1538 2458 fere
1591 2405 1731 2458 intra
1794 2405 1956 2458 unius
2033 2402 2372 2459 defensionis
2429 2403 2588 2470 insta:
2652 2403 3074 2457 trtmlerationem
3143 2400 3487 2470 reprimebat,
3532 2401 3656 2467 atqu-

432 2497 682 2554 infestam
713 2498 972 2567 repulisse
997 2500 1100 2552 vim
1126 2508 1434 2563 contentus,
1459 2513 1720 2567 reponere
1753 2498 2006 2566 injuriam
2040 2501 2200 2554 etiam
2236 2499 2289 2553 in
2325 2501 2612 2554 occasione
2649 2498 3003 2568 temperabat.
3043 2497 3180 2550 Sunt
3272 2494 3530 2562 principes
3589 2495 3656 2560 q'i

429 2605 655 2646 vensnm
680 2605 744 2646 ac
776 2591 1092 2659 sanguinem
1127 2591 1322 2645 civium
1349 2592 1692 2660 hostiumque
1717 2591 1998 2644 ambitioni
2044 2591 2279 2662 propria:
2311 2603 2395 2645 aut
2429 2591 2655 2659 quzestui
2693 2595 2840 2644 recte
2893 2580 3130 2660 impendi
3181 2595 3404 2654 putent;
3477 2598 3525 2640 et
3578 2602 3658 2656 quo

435 2681 519 2735 cel
549 2681 723 2735 aliena
757 2681 1152 2750 depraedentur,
1209 2680 1291 2734 vel
1345 2697 1596 2752 magnum
1651 2681 1753 2736 sibi
1813 2697 2009 2736 nomen
2080 2685 2286 2737 acrium
2343 2682 2666 2739 bellatorum
2723 2681 2950 2745 faciant,
3044 2681 3176 2735 tanti
3227 2691 3420 2750 putent
3477 2680 3660 2733 miscere

441 2790 604 2844 genus
636 2777 928 2830 humanum
969 2787 1020 2830 et
1045 2776 1299 2832 aerumnis
1327 2792 1390 2832 ac
1415 2777 1658 2832 cladibus
1686 2777 1872 2833 orbem
1907 2777 2203 2833 involvere.
2284 2777 2399 2832 Non
2463 2794 2527 2832 ea
2599 2788 2746 2832 secta
2817 2777 2988 2845 patris
3073 2777 3176 2828 mei
3242 2773 3368 2828 fuit.
3433 2766 3662 2826 Bellisilte

442 2869 686 2939 gerendis
713 2870 845 2924 nihil
879 2883 1112 2939 unquam
1145 2873 1286 2926 aliud
1341 2873 1676 2942 propositum
1715 2874 1816 2927 sibi
1846 2888 2004 2941 quam
2049 2890 2235 2942 pacem
2271 2875 2478 2926 habuit.
2514 2873 2641 2926 Eam
2682 2881 2874 2927 nactus
2905 2871 3050 2926 domi
3129 2869 3348 2937 quietus
3430 2867 3660 2935 perstitit;

441 2968 491 3014 et
519 2961 790 3016 amicitias
813 2978 932 3016 cum
976 2963 1168 3016 vicinis
1230 2965 1479 3031 gentibus
1546 2966 1789 3019 sancitas
1847 2966 2099 3038 religiosa
2140 2977 2354 3036 semper
2383 2968 2485 3020 fide
2516 2967 2704 3033 coluit,
2738 2965 3103 3020 abundantem
3134 2978 3356 3032 quoque
3388 2962 3665 3014 sollicitudi-

442 3069 559 3110 nem
585 3057 637 3110 in
669 3057 722 3110 id
762 3059 1078 3128 impendens
1111 3070 1166 3111 ut
1192 3060 1271 3111 vel
1307 3059 1537 3114 moros-is
1563 3069 1616 3114 et
1640 3059 1996 3115 irritabilibus
2031 3061 2396 3115 satisfaceret.
2444 3052 2714 3128 Quorsum
2747 3062 2889 3114 enim
2941 3060 3101 3112 finem
3135 3073 3197 3112 ac
3270 3072 3493 3126 scopum
3568 3056 3662 3111 belli

443 3162 726 3205 assecutus
762 3167 974 3220 parem,
1015 3169 1073 3206 ea
1103 3155 1168 3206 de
1192 3155 1476 3223 c0mplexu
1529 3155 1734 3224 abjecla
1769 3155 1911 3208 ultro
1982 3159 2048 3210 ad
2117 3171 2267 3210 arma
2313 3155 2607 3226 prosilias?
2641 3153 2769 3222 Qua:
2804 3151 3265 3209 inconsultissima
3327 3162 3382 3204 et
3438 3149 3582 3202 rebus
3624 3147 3664 3200 in

445 3243 629 3312 primis
663 3245 962 3312 perniciosa
989 3245 1218 3313 publicis
1242 3248 1596 3314 quorumdam
1630 3249 2010 3318 imperantium
2053 3251 2193 3302 ratio
2229 3260 2332 3303 est.
2376 3248 2491 3302 Non
2521 3248 2600 3301 sic
2629 3249 2851 3301 Alexius
2899 3247 3045 3316 pacis
3087 3253 3320 3310 amator,
3395 3241 3535 3312 pacis
3594 3256 3665 3294 cu-

446 3337 622 3404 pidus,
675 3337 824 3406 pacis
861 3350 1086 3392 curator
1126 3341 1338 3404 unicus,
1373 3343 1527 3410 cujus
1561 3350 1616 3396 et
1657 3357 1776 3396 cum
1829 3343 2016 3396 aberat
2051 3345 2376 3412 quaarendte,
2440 3355 2496 3400 et
2535 3357 2656 3398 cum
2687 3346 2874 3398 aderat
2907 3342 3144 3396 colenda:
3207 3341 3410 3393 nullam
3472 3351 3664 3402 unquam

448 3447 627 3486 curam
665 3433 863 3484 nullum
898 3430 1128 3485 ofllcium
1165 3432 1349 3486 omisit
1383 3450 1396 3486 :
1428 3449 1524 3486 usu
1573 3433 1791 3502 quidem
1837 3445 1887 3488 et
1961 3450 2139 3489 rerum
2208 3452 2271 3490 ac
2341 3437 2708 3508 periculorum
2772 3435 3098 3490 necessitate
3167 3431 3667 3491 bellicosissimtts,a

449 3532 638 3575 natura
680 3531 732 3575 et
765 3531 1044 3575 vo.nntate
1077 3522 1482 3592 pacatissimus.
1575 3520 1752 3588 Quare
1801 3526 2052 3594 equidem
2136 3521 2279 3581 haud
2339 3529 2612 3584 allirmare
2666 3526 3025 3582 dubitaverim
3104 3524 3591 3591 prmstantissimmn
3629 3535 3670 3577 rt

451 3614 852 3668 characteribus
881 3613 995 3682 ejus
1027 3615 1198 3668 laudis
1221 3631 1536 3682 expressum
1571 3617 1822 3671 tnnnibus
1850 3619 2212 3686 imperatoriae
2249 3636 2497 3690 persona:
2532 3620 2803 3687 specimen
2837 3622 2892 3673 In
2966 3618 3071 3672 hoc
3136 3617 3356 3670 tandcm
3417 3617 3527 3669 viro
3575 3622 3670 3684 post

451 3705 789 3761 Intervallum
820 3716 895 3760 tot
917 3717 1060 3760 retro
1089 3721 1353 3761 annorum
1418 3709 1736 3776 apparuisse
1807 3711 2118 3780 reipublicte
2157 3712 2450 3768 Romanae:
2486 3713 2595 3767 imo
2629 3729 2732 3767 non
2777 3727 2843 3766 ex
2895 3711 3054 3778 longo
3107 3713 3398 3780 repetitum
3450 3719 3667 3776 tempore.

453 3800 541 3852 sed
566 3798 724 3868 plane
755 3809 863 3851 tum
905 3799 1156 3868 primum,
1195 3814 1316 3853 cum
1361 3814 1572 3855 semoer
1609 3812 1768 3855 antea
1836 3804 2017 3857 nescio
2057 3820 2190 3860 sane
2217 3821 2323 3874 quo
2357 3806 2470 3860 fato
2500 3819 2677 3874 quove
2720 3811 2900 3873 pacto,
2925 3803 2990 3858 ab
3016 3803 3245 3858 Romani
3305 3797 3438 3858 solio
3499 3796 3666 3871 impetii

452 3893 731 3972 abfuisset.

527 3985 934 4053 Verumtamen,
986 3996 1045 4040 ut
1080 3987 1144 4040 ad
1178 3987 1369 4042 turbas
1409 3989 1473 4042 de
1518 3989 1712 4058 quibus
1765 4005 2016 4059 ceperam
2058 3994 2099 4054 ε

453 4095 615 4146 agere
663 4090 926 4143 revertar,
975 4079 1391 4149 haudquaquam
1445 4079 1534 4136 ille
1599 4081 1680 4134 vir
1734 4083 2026 4152 quantavis

461 4188 643 4227 sarum
693 4181 783 4225 aut
817 4173 1075 4226 varietate
1110 4175 1202 4226 aut
1232 4171 1578 4250 multitudine
1619 4175 1899 4241 perculsus
1932 4176 2026 4228 de-

459 4264 673 4335 spondit
704 4281 940 4334 unquam
994 4249 1257 4330 anitbum,
1315 4265 1707 4341 industriamve
1753 4275 1848 4319 aut
1895 4283 2028 4321 con-

461 4366 753 4410 tentionem
782 4355 1010 4419 remisit,
1035 4355 1178 4410 velut
1207 4355 1360 4410 malis
1389 4357 1586 4411 victam
1616 4373 1633 4424 ;
1666 4365 1720 4410 at
1747 4358 2026 4412 robustum

461 4462 675 4515 semper
707 4457 868 4518 atque
908 4447 1229 4501 indomitum
1276 4448 1520 4503 adversis
1567 4448 1921 4518 undecunque
1949 4450 2032 4503 in-

464 4539 778 4610 gruentibus
815 4547 1000 4608 pectus
1031 4538 1300 4608 opposuit,
1338 4548 1677 4610 mentemque
1708 4540 1822 4594 acri
1853 4540 2034 4610 vigilia

462 4639 840 4700 experrectum
894 4631 1054 4683 caecis
1085 4638 1143 4682 et
1173 4629 1473 4684 tenebrosis
1537 4630 2031 4685 machinatiOnibus

465 4722 712 4776 adhibuit
745 4721 1020 4775 dominum
1053 4721 1422 4790 improborqu
1463 4737 1568 4776 :eo
1625 4722 1842 4790 quidem
1907 4737 2034 4774 suc-

466 4829 644 4876 cessu,
666 4824 724 4865 ut
755 4828 861 4866 non
890 4814 1047 4867 modo
1078 4813 1226 4866 nullo
1259 4828 1496 4882 unquam
1542 4811 1907 4867 Barbarorum
1942 4827 2036 4866 ex-

471 4918 623 4962 terno
654 4906 877 4976 impetu.
903 4905 1046 4959 nulla
1075 4915 1425 4976 tyrannorum
1460 4907 1604 4960 intus
1632 4906 2036 4974 exsurgentium

471 4998 728 5054 inteStina
766 4996 1118 5052 successione
1143 5007 1454 5066 prostratus
1487 5000 1576 5064 sit,
1633 5012 1824 5052 verum
1872 4997 2035 5050 etiam

2213 3987 2354 4045 Ἀλλ’
2387 3992 2526 4061 ὅπερ
2557 3984 2745 4059 ἔλεγον
2778 3984 2872 4042 τοῦ
2925 3985 3086 4057 λόγου
3126 3990 3408 4058 ἀρχομενη
3442 3987 3518 4040 ὅτι
3567 3985 3668 4038 Ome

2133 4083 2325 4154 μάζειν
2390 4083 2500 4155 ἔχω
2558 4083 2659 4152 τὴν
2713 4085 2988 4151 τοσαύτην
3050 4081 3163 4133 τῶν
3220 4081 3551 4151 πραγμάτων
3582 4079 3665 4130 τῶι

2131 4179 2447 4248 πολεμικῶν
2483 4177 2758 4246 ἐπίχυσιν·
2795 4177 2863 4230 τά
2892 4193 2949 4228 τε
2988 4175 3096 4245 γὰρ
3131 4175 3236 4242 ἔξω
3266 4177 3356 4227 καὶ
3396 4176 3462 4227 τὰ
3494 4173 3668 4226 Evam"

2133 4273 2311 4324 πάντα
2340 4266 2408 4342 ἦν
2447 4270 2576 4322 ἰδεῖν
2601 4259 2979 4338 κυμαινόμενα
3010 4267 3374 4336 πανταχόθεν.
3419 4265 3546 4318 Ἀλλ’
3573 4265 3596 4316 ὅ
3621 4279 3667 4329 γε

2133 4365 2391 4436 βασιλεὺς
2457 4363 2692 4428 ’Λλέξιος
2742 4361 2931 4414 καὶτὰ
2991 4361 3175 4430 ἀφανῆ
3223 4359 3335 4411 τῶν
3382 4359 3575 4427 ἐχθρῶν
3597 4355 3668 4408 καὶ

2135 4455 2342 4524 κρύφια
2373 4455 2465 4505 καὶ
2499 4452 2874 4522 προῃσθάνετό
2898 4468 2957 4502 τε
3003 4450 3099 4503 καὶ
3139 4449 3492 4508 παντοδαποῖς
3529 4463 3668 4513 μηχα-

2137 4550 2346 4617 νήμασι
2377 4547 2564 4617 πόρρω
2590 4548 2687 4608 τὰς
2728 4545 2932 4612 βλάϐας
2966 4543 3273 4611 ἀπήλαυνε,
3309 4541 3403 4594 καὶ
3432 4539 3550 4607 πρὸς
3571 4536 3667 4594 τοὺς

2138 4629 2350 4690 ἔνδοθεν
2389 4638 2690 4708 τυράννους
2722 4637 2815 4687 καὶ
2858 4634 2992 4704 πρὸς
3027 4635 3152 4695 ’τοὺς
3177 4632 3375 4696 ἔξωθεν
3401 4629 3671 4698 Βαρϐᾱρους

2144 4728 2655 4796 ἀνταγωνιζόμενος
2709 4728 2796 4780 ἀεὶ
2833 4726 3167 4796 προφθάνων
3239 4724 3458 4792 ὀξύτητι
3501 4719 3580 4772 νοῦ
3599 4720 3668 4777 τὰς

2141 4825 2252 4871 τῶν
2283 4817 2747 4871 ἐπιϐουλευόντων
2807 4815 3102 4878 ἐπιϐουλὰς
3155 4815 3249 4868 καὶ
3277 4814 3577 4867 ἀνακόπτων
3598 4809 3666 4867 τὰς

2146 4905 2351 4960 τούτων
2409 4907 2605 4978 ὁρμάς.
2675 4906 2784 4960 Καὶ
2845 4905 3022 4974 ἔγωγε
3065 4905 3398 4976 στοχάζομαι
3453 4900 3663 4956 duini-1

2148 4996 2494 5065 πραγμάτων
2537 4996 2718 5050 αὐτῶν
2776 4996 2876 5066 τὴν
2929 4995 3102 5066 τύχην
3155 4997 3258 5066 τῆς
3310 4993 3567 5065 βασιλείας
3608 4992 3668 5042 ὅτι

1522 5110 1718 5172 νει-ιω
1753 5108 2059 5171 lectiones
2091 5125 2170 5170 ex
2195 5110 2340 5170 cod.
2376 5109 2644 5172 Coislin.

548 5211 594 5244 “
630 5211 839 5266 τᾶνδον.

1543 5321 1678 5383 Car.
1727 5320 2042 5383 Dufresnii
2081 5322 2173 5382 Du
2203 5320 2424 5400 Cangii
2458 5330 2649 5384 notae.

551 5439 624 5521 ἰ8)
657 5448 901 5518 Εἰρήνη.
930 5445 1144 5516 νιιεει..
1187 5446 1298 5521 lib.
1355 5460 1608 5521 ιιιριρπρτ
1658 5449 1681 5521 l_
1718 5466 1731 5500 :
1767 5446 1871 5521 Qui
1905 5447 2047 5521 dest}

481 5516 631 5575 derat
663 5516 860 5589 ptirent,
887 5532 1142 5588 prwpnret
1181 5518 1389 5589 bellum.
1422 5516 1752 5589 'l‘bemistius
1777 5518 1928 5570 Orat.
1976 5517 2042 5569 10

485 5585 722 5660 πολέμου
763 5585 942 5660 ἆθλον,
985 5585 1193 5659 εἰρήνη.
1235 5587 1369 5641 llinc
1405 5588 1636 5640 nummis
1680 5589 2045 5660 Augustorum

482 5677 587 5715 non
618 5658 784 5714 semel
826 5658 1167 5725 inscriptum,
1231 5673 1392 5711 ιιΑιιτι
1451 5672 1726 5720 racrreno,
1779 5667 1831 5710 et
1859 5658 2048 5712 Crom-

482 5730 623 5785 welli
649 5729 856 5801 Anglici
883 5731 1116 5801 tyranni,
1151 5739 1247 5781 ru
1277 5743 1563 5790 ρυιειιιτυιι
1594 5743 1782 5784 BELLO.
1806 5726 2050 5781 Pruden-

485 5801 590 5856 tius
622 5804 672 5856 in
709 5798 1121 5869 Psychdmachia
1150 5813 1168 5849 .'

2227 5445 2346 5500 Pax
2375 5445 2698 5498 belli.exacli
2719 5447 2937 5512 pretium
2966 5457 3068 5518 est.
3097 5449 3418 5518 pretiumque
3442 5443 3611 5515 pericli.

2154 5528 2375 5571 sanctus
2431 5511 2785 5584 Augustinus,
2843 5518 3001 5585 epist.
3044 5517 3187 5573 205:
3238 5511 3358 5571 Non
3394 5511 3488 5586 pas:
3519 5511 3668 5582 quatis

2158 5599 2266 5649 tur,
2307 5599 2358 5638 ut
2393 5589 2593 5657 bellant
2628 5591 2922 5640 excitetur:
2958 5587 3046 5640 sed
3085 5588 3273 5641 bellum
3304 5599 3504 5657 geritur.
3526 5595 3569 5635 ut
3593 5593 3669 5657 p1:

2157 5659 2487 5727 acquiratur.
2552 5654 2594 5708 Τ
2602 5659 2833 5722 ltuanns,
2880 5658 2954 5715 lib
3013 5673 3070 5711 ιιι
3116 5658 3192 5712 De
3233 5654 3665 5725 re'accipitrurt'u.‘

2230 5747 2421 5804 Martis
2451 5762 2580 5818 opus
2601 5763 2708 5818 pax
2742 5748 2905 5817 alma,
2941 5747 3033 5802 tibi
3058 5765 3166 5817 pax
3189 5751 3440 5818 quaeritur
3465 5744 3617 5800 armis.
