3780 6556
208 320 280 383 θοι
1386 310 1795 372 ALEXIADIS
1825 312 1976 374 LIB.
2010 309 2151 375 XII.

3297 319 3403 384 902

207 426 493 499 πανταχόθεν
511 421 829 495 συνέῤῥευσε
852 421 922 475 τά
945 422 1095 476 δεινὰ
1119 424 1213 477 καὶ
1235 426 1565 496 ἐτετάρακτο
1589 428 1694 483 αὕτη

1827 445 1930 484 non
1969 427 2270 500 propalatis
2298 428 2614 501 plerumque
2643 430 2825 486 adhuc
2857 430 3093 488 hostium
3128 440 3184 489 et
3227 435 3405 489 rebel-

204 543 249 578 τε
271 523 320 574 τὸ
359 521 499 588 σῶμα
530 517 621 585 τῆς
664 515 942 578 πολιτείας
983 520 1078 569 καὶ
1130 520 1237 571 πᾶν
1265 519 1546 590 ἀλλότριον
1576 524 1715 591 ἐμε-

205 617 333 687 μήνει
364 608 511 661 ’κατὰ
556 608 652 675 τῆς
710 604 990 673 βασιλείας
1024 602 1338 676 Ῥωμαίων.
1407 612 1496 673 Ὠς
1548 614 1611 682 εἴ,
1634 631 1717 677 τις

199 706 335 765 οὕτως
362 703 463 771 ἔχοι
517 698 697 761 κακῶς
742 698 881 751 ῶστε
936 700 1032 753 καὶ
1093 702 1198 754 ὑπὸ
1255 702 1362 755 τῶν
1394 704 1718 757 ἀλλοδαπῶν

197 792 505 865 πολεμεῖσθαι
542 792 635 844 καὶ
686 791 788 843 ὑπὸ
834 792 946 844 τῶν
999 794 1220 847 οἰκείων
1276 788 1773 866 κατατρύχεσϐαιίῖ

194 892 271 950 τὰς
306 886 495 951 σάρκας
557 882 1032 955 διαμασσώμενον,
1057 886 1249 938 τοῦτον
1279 888 1365 940 δεῖ
1436 891 1715 959 ἀνεγεῖραι

191 981 271 1049 τὴν
297 977 530 1046 πρόνοιαν
555 974 640 1027 ἵνα
671 975 805 1045 πρὸς
834 977 902 1029 τά
939 979 1277 1047 πανταχόθεν
1306 982 1451 1034 κακὰ
1478 983 1713 1053 ἀντιμηο

191 1071 380 1141 χανῴτο.
413 1067 591 1137 ὥσπερ
617 1068 679 1137 δὴ
723 1067 1143 1138 καὶτηνικαῦτα
1174 1072 1405 1124 συνιδεῖν
1440 1072 1568 1125 ἔδει·
1602 1074 1629 1125 ὅ
1654 1090 1711 1126 τε

190 1165 271 1232 γὰρ
300 1158 606 1226 Βαῖμοῦντος
654 1162 679 1211 6
725 1159 1000 1229 βάρϐαρος
1042 1162 1068 1212 6
1100 1162 1359 1225 πολλάκις
1396 1165 1529 1233 ἡμῖν
1564 1166 1708 1234 sipri-

190 1257 316 1324 μένος
363 1249 642 1319 ἐξηρτύετο
696 1251 836 1304 κατὰ
898 1252 1006 1304 τῶν
1062 1254 1357 1324 σκήπτρων
1423 1256 1712 1323 Ῥωμαίων

187 1346 442 1418 βαρύτατον
479 1343 789 1414 στράτευμα
842 1345 1187 1414 ἐπαγόμενος
1240 1346 1333 1397 καὶ
1378 1347 1707 1414 τυραννικὲκ

184 1436 339 1489 τούτου
395 1432 587 1502 πλῆθος
648 1433 915 1504 ἑτέρωθεν
964 1434 1393 1504 άντεπηγείρετο
1454 1434 1701 1504 καθάπερ

182 1526 353 1581 ἀνωθεν
380 1525 466 1577 τοῦ
492 1524 647 1591 λόγου
677 1528 1169 1596 πεπροοιμίασται.

1816 519 1943 572 Ιίιιτιι
1978 521 2218 576 consiliis
2273 523 2591 587 oecurrerit,
2635 522 2855 577 solerl'a
2914 524 3144 595 quadam
3209 528 3404 591 animi,

1827 613 2222 683 diligentiaque
2254 624 2484 669 strenuae
2519 618 2832 680 celeritatis,
2870 618 3066 687 ingenii
3113 618 3405 687 provideri-

1820 708 1891 759 tis
1920 718 2121 757 motum
2154 706 2429 761 volucrem
2464 706 2629 778 359
2665 709 2779 777 pari
2834 726 2999 778 prope
3032 710 3403 765 exsecutionis

1827 798 2104 850 rt-loritate
2129 797 2489 866 aquuantis.
2522 800 2706 869 Itaque
2737 802 2804 855 ad
2835 802 3211 855 restituendam
3237 817 3388 855 meu-

1824 890 1894 941 tis
1928 904 2046 955 qurc
2096 888 2149 941 in
2201 904 2264 940 eo
2312 887 2411 943 fuit
2466 891 2708 958 principe
2759 894 3038 955 virtutem,
3085 892 3243 945 talem
3298 906 3399 960 ego

1820 978 2109 1045 quondam
2146 977 2438 1032 informare
2472 980 2754 1049 imaginem
2783 981 2913 1034 mihi
2948 982 3115 1037 soleo.
3145 982 3199 1035 Si
3238 982 3392 1048 cujus

1819 1069 2055 1123 hominis
2090 1085 2286 1137 corpus
2315 1078 2368 1125 et
2404 1072 2587 1125 multis
2614 1074 2815 1125 circum
2871 1058 3110 1142 undique
3155 1073 3401 1126 inimico-

1820 1172 1935 1209 rum
1991 1156 2201 1209 infestis
2252 1159 2497 1211 manibus
2528 1174 2590 1212 ac
2628 1160 2745 1214 telis
2791 1170 3103 1229 peteretur;
3149 1171 3203 1216 et
3257 1163 3397 1215 itletn

1816 1250 2283 1317 eodemtempore
2316 1250 2500 1319 gravia
2556 1251 2704 1307 intus
2756 1255 3094 1322 experiretur
3152 1255 3397 1308 dolorum

1816 1342 2027 1394 viscera
2060 1340 2247 1395 intima
2269 1345 2751 1397 cotnmordentium
2788 1347 3056 1415 tormina;
3098 1347 3398 1402 sufﬁceret-

1814 1449 1921 1503 que
1954 1441 2134 1487 tamen
2172 1450 2334 1486 unum
2384 1444 2437 1487 et
2485 1436 2550 1488 ad
2607 1435 2917 1489 ri'futantlas
2968 1438 3331 1507 impugnation
3370 1454 3397 1491 s

1826 1537 2125 1594 ngruenlcs
2156 1528 2513 1591 extrinsecus,
2558 1538 2610 1581 et
2654 1530 2718 1581 ad
2768 1529 2938 1581 morbi
3001 1530 3107 1581 vim
3152 1532 3393 1582 inelitatn

178 1618 435 1686 venenique
457 1617 698 1686 concepti
733 1617 1028 1684 diritatem,
1062 1622 1385 1688 praevalente
1427 1620 1837 1689 temperamenti
1885 1619 2074 1688 optimi
2130 1630 2341 1680 natura,
2413 1621 2815 1688 superandam;
2879 1637 2978 1689 age
3054 1632 3382 1689 quautarum

180 1714 360 1777 virium,
388 1728 537 1782 quam
566 1714 801 1767 robuSta:
834 1714 1237 1771 constitutionis
1270 1718 1318 1770 id
1359 1718 1555 1770 animal
1590 1716 1926 1770 haberetur?
1959 1714 2109 1768 Paris
2177 1716 2229 1768 in
2264 1715 2478 1769 diverso
2546 1731 2743 1784 genere
2811 1718 3140 1786 praestanti-.e
3218 1719 3389 1772 Ali-xii

178 1808 382 1875 Augusti,
412 1806 494 1859 ille
516 1805 745 1869 animus,
778 1806 919 1859 inter
949 1808 1452 1863 vehementissimus
1486 1808 1871 1862 descrimiuum
1904 1806 2148 1859 turbines
2171 1807 2355 1874 vigens
2414 1822 2627 1873 semper
2698 1816 2752 1861 et
2816 1809 3010 1871 victor,
3074 1810 3388 1878 exetnplutu

174 1901 343 1958 exsuitit
389 1918 401 1954 :

451 1899 525 1953 uti
570 1909 769 1967 prteter
824 1911 1014 1955 caetera
1080 1918 1199 1973 qua:
1248 1903 1549 1967 retulimus,
1592 1903 1691 1955 hoc
1721 1916 1952 1970 quoque,
1981 1900 2121 1967 quod
2159 1913 2381 1952 narrare
2415 1915 2555 1952 IIIIIIC
2622 1910 2856 1969 Oportet,
2923 1916 3075 1955 novze
3142 1903 3395 1972 conjura‘

176 1999 306 2053 ttonis
345 1997 391 2049 in
432 2010 548 2049 eum
584 1994 791 2052 nefarie
830 1997 1094 2062 conflata},
1154 2000 1221 2051 ab
1279 2013 1343 2052 eo
1405 1998 1696 2067 prudenter
1735 1995 2056 2063 fortiterque
2091 1994 2372 2047 declinata:
2402 1995 2787 2049 documentum
2821 2005 3107 2050 monstrat.

227 2090 471 2157 Τέσσαρες
537 2087 638 2155 μὲν
680 2084 817 2159 ἦσαν
849 2090 897 2140 οί
928 2087 1244 2156 ξύμπαντες
1275 2091 1325 2142 οἱ
1354 2091 1449 2158 τῆς
1494 2089 1689 2159 βουλῆς
1725 2096 1763 2149 Β

171 2180 548 2249 καταρχόμενοι,
614 2178 911 2247 Ἀνελςάδες
950 2178 1025 2246 (9)
1080 2178 1178 2247 τὴν
1227 2179 1694 2247 ὲπωνυμίαν,τὰς

172 2275 353 2344 κλήσεις
378 2273 403 2323 6
435 2270 529 2339 μὲν
577 2270 824 2341 Μιχαὴλ,
848 2271 876 2323 6
910 2269 968 2323 δὲ
997 2270 1151 2322 Λέων
1202 2271 1229 2322 6
1270 2271 1458 2341 ἕτερος
1483 2272 1509 2321 ὁ
1540 2270 1698 2329 ἄλλος

171 2361 577 2436 προσηγορεύετο.
647 2361 896 2431 Ἀδελφοὶ
949 2361 992 2414 δ’
1023 2358 1167 2433 ἦσαν
1218 2362 1314 2414 καὶ
1364 2361 1435 2413 τὰ
1468 2361 1696 2431 σώματα

170 2457 403 2526 πρότεροι,
457 2454 547 2506 καὶ
614 2454 740 2505 τότε
781 2454 881 2524 τὴν
938 2452 1188 2522 γνώμην,
1240 2454 1323 2515 εἰς
1386 2452 1555 2506 ταυτὸ
1585 2452 1693 2523 γὰρ

168 2551 364 2609 ἅπαντες
395 2546 828 2617 συνεφρόνησαν,
868 2545 1193 2602 ἀποκτεῖναί
1222 2563 1280 2599 τε
1300 2545 1392 2598 τὸν
1420 2545 1695 2616 αὐτοκρά-

170 2659 273 2711 τορα
320 2641 403 2692 καὶ
459 2641 566 2692 τῶν
620 2640 920 2710 βασιλικῶν
975 2638 1341 2708 ἐπιλήψεσθαι
1376 2640 1693 2707 σκήπτρων.

164 2734 507 2802 Συνυπήγοντο
537 2732 592 2786 δὲ
626 2733 810 2795 αὐτοῖς
878 2733 971 2785 καὶ
1013 2732 1193 2802 ἕτεροι
1222 2731 1330 2782 τῶν
1360 2731 1616 2799 εὐγενῶν,
1645 2731 1699 2783 οῖ

168 2841 209 2877 τι
242 2824 477 2896 ’Δντίοχοι
510 2826 708 2893 γένους
731 2824 882 2885 ὄντες
912 2822 1272 2895 περιφανοῦς,
1311 2822 1403 2875 καὶ
1432 2825 1479 2875 οί
1536 2822 1693 2888 Ἐξα·

162 2918 283 2987 ζηνοὶ
308 2918 649 2988 καλούμενοι,
679 2918 707 2971 ὃ
732 2935 788 2970 τε
820 2917 1026 2978 Δούκας
1058 2916 1151 2969 καὶ
1174 2918 1200 2969 6
1234 2915 1478 2978 ’λἐλέας,
1504 2914 1694 2984 ἄνδρες

162 3009 472 3078 ἒκθυμότατοι
502 3010 613 3062 τῶν
650 3009 871 3062 πώποτε
907 3007 1295 3077 γεγενημένων
1342 3007 1477 3075 πρὸς
1515 3006 1694 3076 μάχας

162 3104 271 3171 πρὸς
304 3103 355 3155 δὲ
396 3102 486 3155 καὶ
534 3103 784 3172 Νικήτας
818 3103 845 3154 6
877 3101 1302 3170 Κασταμονίτης
1366 3100 1459 3151 καὶ
1512 3101 1693 3168 Κουρ-

163 3195 297 3257 natio;
338 3211 437 3257 τις,
495 3196 589 3248 καὶ¹
621 3197 649 3247 6
674 3194 998 3256 Βασιλάκιος
1056 3192 1347 3262 Γεώργιος.
1410 3184 1565 3244 Οὗτοι
1594 3191 1694 3261 μὲν

162 3282 232 3337 οὖν
256 3281 381 3355 ἦσαν
407 3287 497 3339 τοῦ
526 3286 928 3356 στρατιωτικοῦ
954 3285 1257 3351 καταλόγου
1292 3282 1692 3354 πρωτεύοντες,

162 3379 233 3444 τῆς
255 3377 304 3430 δέ
333 3395 392 3446 γε
452 3378 787 3448 συγκλήτου,
847 3380 875 3429 6
922 3376 1173 3446 Σολομῶν
1205 3376 1482 3446 Ἰωάννης,
1519 3378 1576 3429 ὃν
1605 3378 1694 3431 διὰ

1867 2086 1994 2154 Ejus
2018 2094 2273 2139 auctores
2304 2085 2453 2138 fuere
2486 2085 2683 2140 fratres
2717 2096 2948 2154 quatuor
2975 2092 3252 2144 communi
3285 2106 3382 2147 co.

1801 2180 2411 2248 gnomenloAnentades
2436 2179 2583 2240 dicti,
2619 2180 2850 2247 propriis
2881 2181 3109 2248 quisque
3144 2184 3390 2239 distincti

1800 2272 2131 2327 nominibus.
2164 2270 2435 2325 Maximus
2470 2282 2621 2336 natu,
2647 2271 2914 2339 Michael;
2957 2275 3092 2328 alter
3111 2273 3257 2341 Leo;
3285 2286 3388 2331 ter-

1798 2362 1996 2422 tius....
2033 2372 2335 2429 postremus
2363 2362 2662 2431 denique...
2698 2365 3012 2417 vocabatur.
3064 2365 3101 2419 li
3134 2369 3387 2423 concordi

1797 2454 2020 2508 consilio
2040 2455 2387 2508 decreverant
2410 2456 2586 2507 occiso
2614 2455 2935 2525 ἱιιιροτοῑοιο
2956 2474 3131 2511 rerum
3153 2458 3393 2515 habenas

1796 2547 2058 2615 arripere.
2091 2547 2476 2612 Adjunxerant
2503 2562 2560 2601 se
2587 2548 2687 2601 illis
2710 2559 2763 2601 et
2786 2549 3385 2617 aliinobiles,nimirum

1794 2638 2182 2692 Antiochorum
2215 2638 2416 2690 familia
2450 2638 2695 2703 illustris,
2726 2650 2777 2692 et
2812 2643 2904 2709 qui
2947 2640 3181 2698 Exazeni
3214 2659 3376 2700 voca-

1796 2730 1993 2783 bantur
2037 2730 2208 2783 lineas
2236 2741 2283 2783 et
2322 2728 2569 2799 Hyeleas,
2626 2732 2721 2785 \‘iri
2780 2734 3017 2788 omnium
3078 2736 3129 2788 in
3183 2737 3385 2803 prmliis

1795 2821 2175 2883 audacissimi;
2213 2830 2469 2890 [ιι-ωινγεδ
2499 2819 2709 2874 Nicctas
2739 2822 3155 2889 Caslatuonilcs,
3190 2826 3375 2881 Curti-

1797 2910 1915 2966 cius
1948 2911 2189 2979 quidam,
2240 2923 2287 2966 et
2342 2910 2637 2966 Basilacius
2702 2912 2988 2983 Georgiu~.
3053 2915 3118 2969 lli
3175 2920 3379 2987 primas

1795 3000 1953 3057 facile
1992 3002 2235 3057 ferebant
2262 3005 2553 3058 castrensis
2596 3006 2906 3059 nobilitatis.
2966 3006 3005 3061 E
3054 2990 3378 3066 senatorum

1794 3110 2009 3165 quoque
2042 3111 2266 3148 numero
2302 3112 2496 3148 nomen
2535 3096 2588 3149 in
2622 3097 2775 3150 istius
2817 3100 3024 3152 consilii
3063 3102 3376 3156 societatem

1795 3191 2019 3244 dederat
2053 3188 2303 3243 Salomon
2339 3187 2595 3256 Joannes,
2638 3194 2720 3243 cui
2761 3193 2830 3246 ob
2865 3194 3251 3248 abundantiam
3287 3214 3378 3263 pe-

1795 3284 1967 3337 cunia:
2001 3290 2054 3335 et
2078 3281 2417 3350 splendorem
2455 3284 2668 3352 generis
2708 3285 3022 3351 przetumido
3077 3290 3374 3353 persuasit,

1799 3374 2022 3427 Michael
2075 3374 2405 3443 Coryphaeus
2452 3375 2823 3441 quaternionis
2872 3377 3271 3432 Anemadarum
3320 3395 3379 3432 se

161 3469 346 3523 πλούτου
382 3472 701 3539 περιουσίαν
729 3472 822 3523 καὶ
845 3470 1032 3538 γένους
1068 3470 1428 3540 λαμπρότητα
1464 3469 1691 3540 βασιλέα

1827 3484 1970 3538 psum
2014 3468 2065 3521 in
2103 3442 2485 3535 imperatorem
2540 3469 2674 3523 velle
2715 3484 2937 3538 ungere,
2995 3485 3100 3537 qua
3145 3473 3377 3539 promis-

156 3560 327 3629 χρίσειν
352 3564 377 3613 6
411 3561 635 3631 Μιχαὴλ
657 3562 813 3615 xui."
862 3562 1179 3630 Κορυφαῖος
1226 3561 1321 3629 τῆς
1362 3564 1689 3631 τετρακτύος

162 3651 236 3702 τῶν
266 3653 559 3720 Ἀνεμάδων
597 3650 1073 3721 σχηματιζόμενος
1109 3652 1498 3720 ἐπηγγέλλετο.
1542 3653 1601 3704 ὐ
1635 3652 1690 3704 δὲ

154 3740 201 3810 δὴ
221 3742 259 3773 ⁸³
281 3743 522 3812 Σολομῶν
546 3739 704 3804 οὗτος
728 3742 827 3811 τῆς
859 3742 1166 3810 συγκλήτου
1188 3741 1414 3808 λογάδος
1447 3743 1511 3793 τὰ
1541 3741 1691 3812 πρῶ-

155 3851 206 3885 τα
256 3837 447 3906 φέρων,
502 3838 564 3888 οὐ
631 3837 791 3905 μόνον
849 3833 957 3886 τῶν
1017 3834 1214 3896 ἄλλων,
1278 3833 1415 3885 ἀλλὰ
1449 3834 1542 3885 καὶ
1583 3832 1690 3885 τῶν

152 3923 646 3999 ξυνεξηπατημένων
680 3926 852 3996 αὐτῷ,
891 3924 1099 3995 βραχὺς
1141 3926 1239 3994 μὲν
1282 3922 1349 3996 ἦν
1378 3927 1444 3995 τῇ
1473 3924 1685 3994 ἡλικίᾳ,

154 4022 443 4089 κουφότατος
471 4023 527 4075 δὲ
561 4020 661 4091 τὴν
689 4019 932 4088 γνώμην,
984 4019 1438 4088 Ἀριστοτελικῶν
1489 4034 1545 4069 τε
1596 4017 1690 4069 καὶ

154 4112 475 4167 Πλατωνικῶν
505 4112 851 4183 μαθημάτων
880 4111 1017 4181 ᾤετο
1040 4114 1117 4173 είς
1148 4112 1315 4179 ἄκρον
1347 4110 1689 4181 ἐληλυθέναι.

152 4205 208 4256 03
243 4206 339 4274 μὴν
370 4205 428 4260 εὖ
466 4201 571 4277 ἧκε
603 4205 700 4274 τῆς
730 4204 1021 4274 φιλοσόφου
1050 4204 1334 4270 εἰδήσεως,
1361 4202 1479 4255 ἀλλ’
1540 4203 1691 4271 ὅμως

149 4296 421 4365 ἐτετὺφωτο
450 4299 543 4352 διὰ
586 4297 912 4368 περιουσίαν
953 4296 1309 4365 κουφότητος,
1336 4294 1522 4346 λοιπον
1554 4294 1689 4363 πρὸς

151 4387 227 4454 τὴν
272 4387 550 4459 βασιλείαν
599 4388 743 4450 ὅλοις
780 4388 976 4450 ἱστίοις
1003 4388 1259 4451 ἀπένευε,
1294 4386 1549 4454 καθάπερ
1587 4384 1692 4437 ὑπὸ

148 4479 316 4530 τούτων
358 4480 465 4531 τῶν
513 4479 828 4549 Ἀνεμάδων
893 4480 1295 4549 ἑμπνεόμενος.
1358 4474 1500 4528 Ἀλλ’
1542 4471 1687 4545 ἦσαν

148 4568 229 4636 ἄρα
262 4570 324 4624 τὰ
352 4572 530 4624 πάντα
564 4571 739 4640 πλάνη
767 4574 834 4637 ³⁸,
872 4573 931 4623 οὐ
966 4574 1074 4641 γὰρ
1104 4567 1249 4640 εἶχον
1298 4572 1355 4621 ὲν
1390 4570 1463 4639 νῷ
1491 4569 1684 4623 τοῦτον

145 4662 327 4729 οίάμφὶ
378 4670 470 4716 τὸν
510 4664 731 4734 Μιχαὴλ
755 4668 809 4725 ἐς
837 4666 927 4716 τὸν
963 4664 1241 4733 βασιλικὸν
1269 4664 1458 4734 Θρόνον
1493 4664 1689 4717 ἕνανα-

1794 3561 1946 3614 sione
1969 3560 2219 3628 quamvis
2241 3560 2481 3612 mendaci
2508 3560 2657 3613 vafer
2685 3560 2877 3613 nebulo
2902 3559 3108 3615 futilem
3129 3562 3369 3617 animum

1794 3652 1950 3705 facile
1983 3651 2197 3705 tenebat
2227 3650 2329 3705 sibi
2360 3651 2634 3704 addictum
2675 3668 2866 3721 magno
2906 3652 3158 3707 factioois
3189 3653 3370 3707 firma-

1793 3753 1995 3797 mento.
2029 3742 2079 3796 Is
2104 3742 2247 3795 enim
2281 3742 2359 3794 vir
2391 3758 2491 3793 non
2536 3744 2694 3795 modo
2744 3744 2885 3796 inter
2931 3744 3238 3810 conjnratos
3266 3760 3371 3801 cae-

1792 3845 1939 3889 teros
1977 3834 2135 3888 simili
2169 3833 2396 3887 fratrum
2425 3844 2653 3900 quatuor
2684 3834 2894 3888 fallacia
2944 3833 3225 3899 sedantes,
3280 3853 3371 3891 ve-

1794 3943 1911 3981 rum
1943 3928 2105 3980 etiam
2134 3926 2275 3979 inter
2301 3926 2528 3979 eximius
2560 3940 2802 3994 quosque
2834 3938 3143 3979 senatorum
3172 3929 3367 3996 opibus

1791 4027 1844 4073 et
1868 4019 2126 4086 dignitate
2161 4016 2523 4085 prmcellebat.
2581 4002 2753 4071 flenio
2802 4015 2982 4070 brevis
3019 4028 3248 4082 statura,
3289 4020 3369 4073 le-

1792 4111 2046 4164 vissimus
2076 4111 2321 4177 ingenio;
2366 4108 2726 4162 AristOIelicis
2776 4109 2862 4162 ille
2898 4110 3136 4176 quidem,
3180 4121 3235 4164 ut
3268 4112 3366 4181 ipsi

1796 4201 2104 4267 Videbatur,
2158 4201 2317 4255 simul
2367 4211 2419 4254 cl
2478 4199 2771 4256 Platonicis
2824 4202 3071 4256 eruditus
3123 4205 3369 4272 apprime

1793 4291 2114 4360 disciplinis,
2146 4307 2330 4345 revera
2366 4300 2478 4345 tota
2532 4292 2611 4345 via
2659 4292 2919 4346 deerrans
2959 4309 2987 4345 a
3040 4304 3183 4347 recta
3224 4310 3364 4349 vera:

1791 4382 2142 4452 philosophia:
2167 4382 2379 4446 semita,
2412 4390 2687 4449 utcunque
2726 4382 2797 4434 illi
2830 4398 2957 4436 suus
2986 4390 3164 4436 tumor
3197 4397 3247 4439 et
3283 4386 3365 4437 fn-

1794 4474 1956 4528 tilitas
1984 4474 2179 4527 mentis
2210 4472 2363 4542 longe
2389 4472 2529 4525 aliud
2564 4484 2929 4541 persuaserat.
2970 4474 3049 4527 Ad
3084 4476 3363 4542 imperium

1792 4580 1920 4618 vero
1959 4565 2098 4618 haud
2132 4566 2293 4618 dubie
2324 4580 2545 4619 cursum
2576 4566 2880 4628 intendens,
2921 4568 3046 4621 totis
3071 4568 3201 4621 velis
3228 4568 3369 4620 Ane-

1794 4654 2010 4709 madum
2050 4656 2411 4724 aspirantium
2443 4672 2604 4709 auras
2640 4658 2942 4725 excipiebat
2977 4676 2991 4712 :
3030 4674 3173 4711 aurtc
3202 4674 3367 4727 porro

146 4755 341 4816 γαγεῖνο
382 4752 579 4805 πολλοῦ
618 4769 681 4813 γε
719 4752 813 4804 καὶ
839 4754 941 4814 δεῖ,
979 4752 1115 4807 ἀλλα
1150 4756 1217 4822 τῇ
1256 4756 1556 4823 κουφότητι
1586 4752 1681 4805 τοῦ

1828 4757 1947 4802 rant
1983 4746 2086 4802 illa:
2114 4763 2370 4815 prorsus,
2406 4748 2603 4811 illusio,
2634 4764 2810 4811 error,
2847 4757 2898 4803 et
2935 4748 3064 4802 nihil
3105 4734 3362 4803 solidum.

146 4844 304 4912 ανδρδς
332 4849 420 4898 καὶ
449 4846 529 4913 τῷ
579 4845 796 4913 πλούτῳ
855 4846 994 4915 πρὸς
1022 4845 1120 4914 τὴν
1148 4845 1282 4897 ίδίαν
1330 4847 1680 4915 ἐπιχείρησιν

145 4932 455 5003 ἀπεχρῶντο.
522 4935 634 4986 ’Δεί
669 4951 723 4985 τι
754 4935 962 4986 ἐκεῖθεν
1006 4934 1100 4987 τοῦ
1153 4933 1356 5003 χρυσοῦ
1410 4932 1682 5003 ῥεύματος

142 5026 450 5089 ἐπισπῶντες
478 5028 571 5079 καὶ
605 5028 725 5089 ταῖς
782 5026 963 5079 ἐλπίσι
990 5026 1089 5095 τῆς
1124 5025 1403 5095 βασιλείας
1460 5025 1679 5077 ποιοῦν-

1790 4836 1976 4907 Neque
2011 4838 2153 4891 enim
2184 4837 2409 4892 Michael
2445 4847 2497 4891 et
2528 4837 2619 4906 qui
2654 4836 2924 4891 communi
2958 4852 3069 4891 rem
3098 4841 3356 4907 gerebant

1792 4932 2021 4987 consilio
2055 4940 2167 4986 tres
2194 4930 2392 4987 fratres
2421 4932 2611 5001 reliqui
2659 4930 3021 4998 principatum
3055 4928 3368 4997 quaerebant

1795 5022 2068 5078 Salomoni
2096 5040 2112 5088 ;
2149 5024 2279 5077 nihil
2311 5040 2440 5078 sane
2468 5024 2668 5077 minus.
2708 5022 2814 5076 Sed
2840 5021 3056 5075 levitate
3091 5020 3367 5089 pecuniosi

1108 5143 1301 5204 Variae
1343 5143 1652 5204 lectiones
1685 5158 1760 5203 ex
1792 5141 1936 5203 cod.
1972 5120 2238 5203 Coislin.

198 5250 236 5282 "
264 5255 290 5305 6
325 5254 439 5307 καῖ.
516 5252 562 5285 ⁸⁸
611 5231 773 5309 Deest
798 5250 993 5307 vocula
1026 5250 1114 5321 δή.
1191 5250 1235 5282 ⁸³
1274 5250 1499 5303 πλάνον.

1183 5366 1321 5428 Car.
1358 5365 1694 5428 Dufresnii
1740 5369 1841 5430 Du
1877 5367 2098 5446 Cangii
2133 5371 2324 5429 note).

198 5470 265 5539 (9)
335 5471 672 5541 ’Arspdaec.
727 5472 908 5531 Genus
960 5468 1675 5541 ducebant'proceres_isti

140 5539 412 5609 Byzantini,
463 5539 519 5597 ut
568 5546 780 5609 opinor,
837 5543 903 5595 ab
949 5542 1220 5593 Anemade
1251 5540 1485 5608 Curupa,
1543 5539 1677 5592 Cre-

142 5614 288 5664 tensis
326 5628 520 5667 amerze
553 5613 686 5675 ﬁlio,
724 5615 813 5682 qui
849 5610 1043 5682 Joanni
1073 5609 1318 5663 Zimiscze
1356 5609 1670 5682 imperatori

140 5696 347 5745 merens,
386 5686 437 5735 in
494 5684 618 5749 prael
645 5701 677 5737 o
712 5678 897 5736 contra
937 5679 1142 5734 Russus
1175 5694 1344 5734 ca'sns
1394 5689 1498 5735 est.
1543 5678 1669 5745 Είιιε

138 5752 361 5806 virtutem
397 5756 661 5821 insignem
690 5753 937 5806 bellicam
974 5752 1105 5803 mire
1138 5752 1347 5803 extollit
1382 5749 1667 5818 St-ylitzcs,

1786 5486 1911 5541 pag.
1948 5470 2070 5541 678,
2106 5467 2227 5541 681ἶ
2257 5465 2499 5520 Meminit
2527 5472 2787 5541 praeterea
2826 5461 3195 5541 Theophanes
3226 5460 3358 5541 Bar-

1784 5533 1927 5595 danii
1955 5533 2252 5607 Spatharii,
2278 5546 2638 5607 cognomento
2664 5536 2909 5607 Altelnu',
2945 5535 3025 5588 vel
3053 5533 3365 5607 Anemadis,

1781 5626 1869 5665 an.
1904 5612 1936 5664 5
1962 5602 2273 5675 Theophili.
2324 5606 2601 5659 Michaelis
2654 5614 2708 5656 et
2757 5602 2989 5657 fratrum
3023 5604 3366 5673 coniuratio-

1781 5697 1905 5736 nem
1936 5688 2161 5735 narrant
2188 5679 2394 5747 pariter
2425 5675 2664 5729 Zonaras
2705 5684 2756 5728 et
2790 5675 3011 5729 lecas.
