3780 6564
430 391 539 460 907

1735 384 1964 445 ANNIE
1994 382 2375 445 COMNENIE
3535 390 3623 457 903

446 534 585 573 rum.
616 516 686 570 At
713 528 835 586 spes
867 511 1012 566 illum
1050 517 1177 565 tunc
1200 506 1418 578 quidem
1464 504 1651 560 fefellit
1693 519 1814 558 sua.
1870 503 2003 557 Nam

2113 498 2265 566 αὖθις
2285 500 2515 573 ἠρώτων
2550 499 2680 571 περὶ
2720 497 2814 553 τοῦ
2841 498 3142 571 δράματος.
3205 497 3626 574 Ὀμολογήσαντες

438 611 510 664 illi
546 604 864 677 interrogati
895 602 1091 672 smpius
1122 608 1433 655 constantes
1487 598 1542 652 in
1590 599 1834 666 negando
1886 610 2009 663 per-

437 704 672 756 stabant.
711 698 860 751 Tuuc
882 695 951 749 ad
980 707 1073 748 eos
1102 690 1304 761 prodiit
1329 691 1726 744 sehastocrator
1750 687 2007 751 lsaacius,

436 801 493 848 et
530 795 756 846 innitens
793 787 1066 843 Salomoni
1110 804 1125 841 :
1162 784 1301 848 Scis,
1352 782 1547 852 inquit,
1587 776 1865 840 Salomon,
1907 779 2011 833 cle-

437 890 687 938 mentiam
718 881 937 950 Augusti
964 879 1146 948 fratris
1176 878 1297 941 mei,
1340 890 1598 945 quamque
1628 872 1695 925 ad
1736 873 2012 941 ignoscen-

436 978 561 1028 dum
597 976 665 1026 sit
698 972 895 1040 facilis.
928 969 1012 1023 Ea:
1055 985 1116 1023 eo
1167 977 1275 1021 tute
1328 968 1435 1035 ipse
1493 965 1775 1031 pra’cipere
1832 963 2009 1014 animo

434 1083 576 1135 spem
607 1077 749 1135 potes
779 1081 934 1134 quam
965 1079 1057 1132 ego
1089 1062 1183 1114 tibi
1229 1071 1420 1127 privato
1462 1057 1810 1111 certissimam
1847 1070 1865 1108 :
1901 1053 2011 1123 [ore

434 1162 705 1224 nimirum,
738 1171 794 1211 ut
825 1160 869 1211 si
902 1156 1060 1226 fateri
1092 1164 1281 1208 cuncta
1315 1152 1561 1214 colueris,
1605 1150 1805 1202 veniam
1829 1146 2012 1201 statim

435 1264 483 1308 et
516 1253 881 1318 impunitatem
932 1248 995 1302 ab
1029 1263 1087 1300 eo
1123 1246 1467 1299 nanciscaris.
1519 1242 1612 1297 Sin
1655 1257 1808 1307 porro
1852 1239 2014 1294 silen-

434 1344 563 1398 tium
604 1342 832 1395 obstina:
878 1339 1260 1407 conjuratiouis
1322 1337 1537 1389 aliunde
1589 1344 1888 1403 compertae,
1937 1331 2012 1385 sic

435 1435 565 1488 habe
601 1447 618 1485 :
657 1442 705 1486 te
730 1433 1107 1486 crudelissimis
1136 1431 1543 1485 excruciandum
1577 1424 2011 1479 moxtormentir.

436 1529 564 1584 1]ch
612 1529 878 1582 dicentem
910 1527 1399 1579 sebastocratorem
1455 1520 1681 1573 intuitus
1733 1514 2011 1578 Salomon,

434 1630 489 1674 et
514 1622 718 1675 circum
751 1634 874 1673 eum
907 1616 1170 1671 stantium
1223 1622 1442 1681 aspectu
1492 1611 1846 1665 barbarorum
1892 1608 2013 1677 gla-

436 1713 556 1767 dios
588 1713 638 1765 in
672 1709 915 1766 humeris
946 1707 1208 1776 ancipites
1238 1702 1566 1774 gestantium
1592 1715 1761 1768 usque
1792 1699 1859 1753 ad
1889 1700 2017 1752 hor-

438 1818 614 1858 rorem
651 1812 1051 1867 tremoremque
1100 1796 1447 1857 conterritus,
1478 1794 1657 1847 omnia
1704 1792 1888 1846 statim
1934 1796 2015 1843 est

2109 594 2164 646 δὲ
2195 593 2410 647 ἅπαντα
2442 593 2538 647 καὶ
2581 592 2715 663 μηδὲ
2742 592 2835 646 τὸν
2866 592 3027 660 φόνον
3077 589 3487 661 ἐπικρύψαντες,
3531 599 3627 654 ἐπεὶ

2110 683 2160 737 οι
2186 683 2521 753 στρατιῶται
2568 682 2760 736 τοῦτον
2820 682 3259 753 μεμελετηκέναι
3308 683 3623 756 ἐγνώσθησαν·

2112 776 2207 829 καὶ
2238 775 2442 844 μᾶλλον
2471 776 2498 827 ὁ
2548 775 2785 843 Ἀνεμᾶς
2813 775 3031 845 Μιχαὴλ
3062 777 3088 828 ὁ
3117 776 3213 829 καὶ
3241 774 3341 844 τῆς
3370 776 3534 847 βουλῆς
3555 799 3628 834 κο.

2114 870 2363 938 ρυφαῖος,
2389 868 2417 919 δ
2442 869 2535 919 καὶ
2552 868 2693 921 κατὰ
2715 867 2811 921 τοῦ
2841 868 3249 938 αὐτοκράτορος
3269 868 3444 935 φόνιον
3466 873 3624 935 πνέων,

2112 958 2359 1022 ἅπαντας
2389 958 2709 1027 περιορίσας
2748 959 2843 1012 καὶ
2887 959 2988 1023 τὰς
3044 959 3198 1025 σφῶν
3262 959 3511 1027 ἐδήμευσε
3558 982 3632 1017 πε.

2115 1052 2378 1122 ριουσίας.
2422 1052 2480 1105 Ὀ
2509 1053 2691 1120 μέντοι
2723 1049 2870 1111 οἶκος
2930 1051 3024 1104 τοῦ
3060 1052 3629 1123 Σολομῶντος,περιφα.

2114 1146 2210 1215 νης
2271 1144 2372 1210 ὣν,
2435 1144 2594 1213 ἐδόθη
2647 1144 2784 1212 πρὸς
2823 1146 2920 1215 τὴν
2973 1144 3316 1211 Αύγούσταν.
3382 1144 3631 1215 Ἕκείνηδὲ

2112 1238 2274 1291 ὁποία
2325 1239 2452 1307 περὶ
2499 1238 2569 1291 τὰ
2611 1237 2864 1299 τοιαῦτα,
2911 1233 3093 1290 οἶκτον
3148 1236 3393 1289 λαϐοῦσα
3439 1239 3523 1307 τῆς
3565 1242 3632 1293 τοῦ

2114 1330 2475 1399 Σαλομῶντος
2528 1328 2573 1359 ⁸⁸
2624 1328 2994 1397 ὀμευνὲτιδος,
3054 1328 3427 1398 ἁπεχαρίσατο
3486 1330 3634 1383 τοῦτον

2116 1422 2273 1489 αὐτῇ.
2327 1419 2460 1489 μηδὲ
2489 1418 2550 1471 τὸ
2601 1418 2762 1487 τυχὸν
2793 1417 3000 1469 ἐκεῖθεν
3030 1418 3364 1486 ἀφελομένη.
3416 1419 3506 1470 Τον
3535 1423 3633 1489 μέν-

2115 1529 2201 1565 τοι
2255 1512 2581 1580 Σολομῶντα
2612 1510 2928 1581 ἔμφρουρον
2962 1506 3108 1579 εἶχεν
3142 1511 3175 1579 ἡ
3207 1509 3533 1574 Σωζόπολις·
3569 1514 3636 1565 tiri

2112 1600 2171 1653 δὲ
2211 1598 2444 1669 Ἀνεμᾶν
2476 1600 2569 1652 καὶ
2600 1600 2728 1661 τοὺς
2763 1600 2860 1651 σὺν
2887 1599 3036 1666 αὐτῷ
3097 1597 3173 1660 ὡς
3200 1600 3546 1667 πρωταιτίους
3568 1602 3638 1655 καὶ

2115 1696 2214 1763 την
2245 1694 2302 1745 ὲν
2331 1691 2448 1763 χρῷ
2480 1692 2684 1762 κουρὰν
2718 1694 2819 1761 τῆς
2872 1693 3137 1760 κεφαλῆς,
3162 1692 3258 1744 καὶ
3305 1690 3400 1742 τοῦ
3428 1690 3638 1759 πώγωνος

2116 1786 2380 1853 ψιλώσας,
2412 1785 2499 1837 διὰ
2542 1785 2713 1853 μέσης
2741 1785 3057 1854 πομπεῦσαι
3094 1784 3193 1853 τῆς
3219 1784 3427 1852 ἀγορᾶς
3454 1800 3641 1851 παρεκε.

436 1894 736 1956 confessus,
780 1890 1232 1957 consciorumque
1263 1902 1327 1939 ac
1355 1884 1676 1955 participum
1714 1884 1882 1936 edidit
1916 1897 2007 1933 no-

2115 1862 2366 1940 λεύσατο,
2398 1872 2520 1929 εἶτα
2552 1876 2912 1946 ὲξορυχθῆναι
2958 1877 3083 1937 τοὺς
3120 1874 3457 1943 ὀφθαλμούς.
3498 1878 3641 1945 Παρι-

438 1986 603 2040 mina.
638 1984 695 2038 in
725 1998 833 2037 uno
870 1996 1195 2051 magnopere
1229 1980 1621 2049 perseveravit,
1654 1991 1775 2032 sese
1807 1976 2008 2029 nullam

432 2078 675 2133 funditus
719 2077 771 2130 in
801 2089 865 2129 ea
902 2074 1307 2127 machinatione
1357 2078 1467 2126 tota
1505 2070 1587 2123 vel
1618 2069 2004 2135 Cogitationem

435 2166 757 2233 sumpsisse,
794 2163 874 2216 vel
929 2162 1263 2216 mentionem
1317 2160 1589 2214 audivisse
1644 2159 1827 2211 caedis.
1874 2157 2013 2211 llinc

436 2260 542 2314 duo
574 2258 658 2311 isti
694 2257 1004 2311 custodibus
1037 2254 1221 2321 palatii
1259 2252 1424 2307 dediti
1453 2254 1504 2305 in
1541 2260 1817 2321 separatas
1852 2249 2011 2303 divisi

434 2350 711 2405 custodias
750 2357 897 2401 sunt.
942 2346 1070 2399 lnde
1101 2345 1191 2399 alii
1250 2344 1419 2398 auditi
1465 2358 1569 2396 non
1626 2342 1783 2396 modo
1832 2342 2009 2411 priora

433 2440 827 2494 confirmarunt
868 2439 935 2493 ab
968 2438 1087 2493 aliis
1137 2435 1245 2505 jam
1294 2436 1527 2504 prodita,
1580 2435 1672 2489 sed
1715 2448 1779 2487 ne
1810 2435 2015 2489 eaedem

433 2531 652 2599 quidem
684 2540 970 2584 tacuerunt
1001 2529 1192 2596 ipsam.
1239 2527 1505 2593 Quoniam
1561 2524 1755 2593 duplex
1818 2523 2012 2578 classis

432 2630 488 2678 et
515 2622 726 2676 diversa
749 2636 912 2674 causa
940 2622 1347 2685 coniuratorum
1382 2618 1713 2687 deprehensa
1749 2602 1853 2678 est,
1889 2631 2014 2668 cum

433 2727 498 2764 ex
524 2713 628 2763 illis
660 2712 693 2763 ii
726 2712 989 2764 duntaxat
1013 2709 1102 2776 qui
1126 2709 1368 2761 militiam
1394 2706 1789 2774 profitebantur
1813 2706 2011 2758 caedem

432 2803 811 2869 parricidalem
844 2812 897 2857 et
931 2802 1311 2872 designassent
1359 2806 1412 2851 et
1458 2798 1873 2866 perpetrandum
1910 2797 2013 2850 sibi

432 2894 814 2965 sumpsissent,
861 2895 926 2950 de
958 2909 1020 2947 ea
1052 2892 1241 2947 celatis
1275 2890 1415 2955 aliis,
1454 2888 1755 2943 differentia
1802 2904 2016 2958 quoque

428 2982 677 3038 facienda
730 2985 978 3055 sopplicii
1011 2984 1135 3038 fuit.
1171 2983 1334 3055 362
1364 2982 1617 3035 Salomon
1672 2981 1823 3049 cujus
1854 2982 2014 3049 culpa

2113 1970 2373 2030 λαϐόντες
2448 1967 2541 2021 οὖν
2608 1968 2834 2031 τούτους
2881 1970 2929 2021 οἱ
2979 1968 3231 2037 σκηνικοὶ
3296 1968 3395 2019 καὶ
3450 1969 3643 2031 σάκκους

2113 2059 2541 2131 περιϐαλλόντες
2582 2060 2649 2126 ⁸⁵,
2678 2062 2777 2123 τὰς
2815 2060 2872 2112 δὲ
2916 2060 3165 2125 κεφαλὰς
3210 2058 3505 2121 ὲντοσθίοις
3536 2059 3641 2127 βοῶν

2112 2155 2203 2206 καὶ
2229 2144 2519 2224 προϐάτων
2554 2154 2767 2215 ταινίας
2792 2153 2948 2223 δίκην
2979 2155 3391 2222 κοσμήσαντες,
3422 2155 3472 2204 ὲν
3500 2155 3645 2223 βουσὶν

2111 2248 2492 2313 ἀναγαγόντες
2537 2246 2633 2298 καὶ
2665 2247 3061 2314 ὲγκαϐίσαντες
3095 2247 3155 2299 οὐ
3196 2246 3513 2315 περιὸἀδην,
3541 2245 3645 2297 am

2111 2341 2254 2392 κατὰ
2290 2339 2523 2409 θατέραν
2580 2339 2848 2408 πλευρὰν,
2898 2340 3125 2402 τούτους
3158 2340 3245 2392 διὰ
3272 2340 3376 2408 τῆς
3410 2338 3648 2405 βασιλικῆς

2110 2427 2245 2501 ἦγον
2278 2432 2514 2495 αύλίδος.
2554 2430 2894 2500 Ῥαϐδοῦχοι,
2932 2432 3246 2503 ἔμπροσθεν
3275 2430 3480 2485 τούτων
3521 2433 3649 2499 ἐφαλ-

2110 2525 2334 2595 λόμενοι
2384 2528 2482 2579 καὶ
2553 2526 2822 2597 ᾁσμάτιόν
2862 2543 2914 2578 τι
2950 2527 3161 2592 γελοῖον
3223 2528 3319 2579 καὶ
3364 2516 3649 2593 κατάλληλον

2115 2620 2182 2686 τῇ
2226 2620 2422 2686 πομπῇ
2457 2618 2812 2687 προσᾴδοντες
2855 2618 3113 2675 ἀνεϐόων,
3154 2617 3299 2682 λέξει
3340 2619 3436 2686 μὲν
3462 2617 3647 2669 ἰδιώτιδι

2116 2709 2545 2779 διηρμοσμένον,
2590 2709 2715 2762 νοῦν
2749 2710 2804 2762 δὲ
2832 2710 2956 2779 ἔχον
2988 2712 3254 2763 τοιοῦτον
3282 2711 3531 2764 ὲὸούλετο
3568 2710 3653 2777 γὰο

2118 2799 2179 2852 τὸ
2204 2794 2358 2869 ᾆσμα
2382 2800 2665 2870 πάνδημον
2693 2802 2827 2852 πᾶσι
2858 2800 3338 2870 παρακελεύεσθαί
3365 2817 3422 2852 τε
3448 2803 3531 2853 καὶ
3556 2800 3653 2851 tam

2117 2892 2247 2953 τοὺς
2281 2893 2784 2961 τετυραννευκότας
2810 2892 3033 2953 τούτους
3067 2894 3447 2961 κερασφόρους
3472 2892 3654 2961 ἄνδρας,

2114 2984 2315 3045 οἵτινες
2337 2985 2407 3035 τὰ
2440 2983 2569 3053 ξίφη
2597 2986 2740 3037 κατὰ
2771 2983 2863 3037 τοῦ
2888 2984 3295 3053 αὐτοκράτορος
3324 2984 3536 3051 ἐθηξαν.

432 3083 610 3135 minus
633 3093 789 3136 atrox
822 3090 941 3135 erat
976 3083 1291 3151 deportatus
1314 3090 1399 3135 est
1430 3080 1738 3149 Sozopolim
1770 3080 1823 3132 in
1850 3080 2102 3134 exsilium
2134 3098 2148 3147 ;
2185 3083 2329 3135 aedes
2398 3080 2517 3149 ejus
2598 3084 2790 3152 ampla
2840 3092 2894 3137 et
2968 3098 3226 3151 perquam
3282 3082 3545 3147 elegantes
3612 3097 3659 3135 ac

429 3176 796 3227 instrumento
858 3174 1096 3243 pretioso
1149 3174 1403 3241 copiosae,
1476 3175 1729 3240 Augusta:
1793 3169 2006 3224 donata:
2038 3182 2187 3227 sunt.
2216 3173 2282 3225 At
2320 3172 2408 3226 illa
2442 3188 2540 3242 pro
2568 3183 2766 3227 caetera
2796 3176 3117 3229 excelsitate
3186 3174 3387 3227 mentis
3448 3174 3658 3226 miseram

431 3276 633 3320 sortem
667 3266 855 3319 uxoris
892 3264 1224 3325 Salomonis.
1261 3274 1477 3329 cuncta,
1522 3278 1586 3317 ne
1618 3264 1839 3316 minima
1872 3261 2090 3332 quidem
2128 3264 2311 3319 recula
2377 3273 2627 3333 excepta,
2700 3264 2900 3319 infelici
2972 3274 3236 3318 matrona!
3286 3265 3357 3317 ad
3441 3263 3657 3317 solatium

430 3356 719 3409 concessit.
752 3353 924 3408 Porro
956 3355 1217 3407 adversus
1265 3352 1576 3420 coniuratos
1659 3352 1909 3407 militaris
1982 3351 2193 3411 ordinis
2254 3354 2307 3407 in
2378 3368 2565 3409 necem
2600 3354 2943 3423 imperatoris
2990 3356 3308 3423 conspirare
3337 3370 3442 3408 non
3477 3356 3657 3420 veritos,

429 3446 697 3514 praecipue
726 3461 854 3499 vero
883 3444 1196 3499 Michaelem
1243 3445 1531 3509 Anemam,
1566 3444 1776 3499 consilii
1831 3447 1999 3499 totius
2040 3446 2419 3511 architectum,
2473 3446 2731 3501 facinoris
2766 3447 3139 3500 immanissimi
3211 3448 3431 3512 ducem,
3495 3448 3655 3501 decre-

432 3541 543 3591 LJm
580 3543 664 3587 est
699 3545 756 3586 ut
788 3534 1075 3602 publicatis
1109 3534 1265 3589 bonis
1296 3547 1488 3588 omnes
1519 3532 1569 3585 in
1604 3534 1855 3587 exsilium
1904 3534 2280 3602 pellerentur;
2337 3535 2682 3605 peculiariter
2725 3550 2855 3589 vero
2926 3535 3151 3591 Michael
3216 3555 3340 3592 cum
3412 3540 3655 3596 fratribus.

428 3623 841 3689 conjnrationis,
873 3624 949 3676 uti
980 3624 1235 3687 diximus,
1266 3624 1598 3685 auctoribus.
1631 3634 1826 3691 printer
1856 3639 2198 3677 communem
2234 3625 2449 3679 cunctis
2514 3639 2753 3693 pinnam,
2826 3626 2994 3680 barba
3040 3628 3246 3696 pilatim
3312 3632 3525 3695 avulsa,
3580 3646 3658 3683 ra-

429 3718 539 3786 pite
579 3732 707 3771 vero
742 3716 809 3771 ad
836 3726 1015 3770 cutem
1050 3732 1193 3784 raso,
1245 3733 1341 3785 per
1375 3716 1549 3791 forum
1590 3716 1654 3768 ad
1708 3715 1999 3769 ludibrium
2044 3716 2480 3782 traducerentur,
2546 3729 2731 3786 p05tea
2796 3718 3162 3773 multarentur
3192 3722 3405 3774 oculis.
3442 3722 3545 3775 Hos
3580 3720 3662 3785 igi-

431 3812 803 3883 turarripiunt
826 3814 1050 3877 scenici,
1085 3813 1367 3882 saccisque
1395 3812 1661 3875 induunt;
1692 3818 1803 3863 tum
1830 3810 2004 3879 capita
2047 3827 2233 3865 eormn
2267 3812 2539 3867 intestinis
2564 3815 2724 3867 boum
2756 3812 3065 3881 oviumque,
3120 3815 3275 3882 quasi
3340 3816 3509 3868 taeniis
3562 3810 3661 3880 qui-

428 3908 653 3963 husdam
705 3906 1193 3973 circumcingentes
1256 3903 1485 3956 ridicule
1541 3914 1759 3968 ornant,
1814 3903 1897 3955 vel
1962 3905 2266 3957 deformant
2333 3908 2533 3973 potius.
2617 3907 2708 3960 Sic
2763 3909 3078 3975 deturpatos
3137 3908 3424 3977 imponunt
3504 3908 3661 3963 bobus.

430 4014 536 4053 non
560 4006 819 4053 consueto
850 3996 953 4048 ritu
985 3993 1286 4048 sedentium
1320 3997 1371 4046 in
1400 3992 1771 4062 iumentorum
1841 3994 2040 4059 dorsis,
2083 3995 2175 4045 scd
2207 3999 2523 4064 retrograda
2556 3998 2767 4051 ratione
2793 3998 3031 4053 vultibus
3061 4008 3115 4054 et
3146 4002 3468 4068 corporibus
3533 4000 3663 4051 mise-

432 4107 615 4145 rorum
669 4089 736 4143 ad
791 4087 992 4141 caudas
1050 4083 1365 4137 animalium
1423 4086 1615 4137 versis.
1666 4084 2008 4138 Ducebantur
2046 4082 2150 4138 hoe
2212 4088 2372 4139 modo
2434 4103 2529 4155 per
2568 4090 2767 4143 atrium
2798 4090 3004 4159 palatii,
3054 4090 3339 4146 lictoribus
3373 4108 3494 4146 cum
3529 4092 3661 4159 virgis

428 4194 556 4237 ante
593 4186 736 4249 ipsos
768 4180 1090 4233 saltantibus
1134 4178 1201 4232 ad
1252 4178 1502 4232 modulos
1550 4176 1747 4231 cantici
1801 4190 2010 4245 pompae
2052 4168 2475 4246 accommodati,
2510 4185 2651 4249 quod
2684 4184 2886 4251 vulgari
2920 4184 3091 4253 plebis
3136 4184 3314 4253 lingua
3379 4196 3660 4253 conceptum

432 4276 642 4343 magnis
694 4274 769 4327 illi
816 4280 867 4324 et
921 4270 1140 4323 absonis
1190 4269 1601 4338 frequentabant
1665 4270 2012 4331 clamoribus,
2056 4268 2154 4324 hac
2218 4270 2390 4325 ferme
2456 4276 2768 4330 sententia:
2807 4276 2887 4329 En
2930 4279 3121 4330 sritote
3167 4286 3217 4328 et
3273 4278 3441 4332 uidete
3474 4277 3660 4343 populus

434 4370 626 4431 omnis,
671 4364 897 4436 egregios
926 4362 1189 4431 principes
1223 4363 1357 4417 brevi
1388 4361 1596 4430 functos
1624 4361 1902 4431 tyrannide
1927 4362 2224 4430 cornigeros
2257 4366 2351 4416 hos
2385 4367 2545 4430 viros,
2570 4383 2758 4421 acuere
2796 4384 3069 4422 mucrones
3140 4370 3195 4423 in
3266 4373 3444 4422 ιαιιιδι
3467 4368 3661 4435 ἐπιρρητ-

431 4476 557 4517 ιονιε
587 4474 763 4513 αυδοε.

498 4552 809 4609 Concursus
834 4549 899 4603 ad
934 4550 1046 4603 haec
1088 4547 1317 4604 videnda
1366 4549 1529 4603 ﬁebat
1584 4550 1771 4619 ingens
1830 4554 2005 4605 aetatis

2179 4547 2337 4599 Πᾶσα
2372 4545 2473 4615 μὲν
2495 4540 2590 4597 οὖν
2648 4545 2834 4615 ἡλικία
2856 4548 2935 4610 εἰς
2955 4546 3056 4617 τὴν
3085 4548 3345 4619 τοιαύτην
3369 4549 3499 4603 θέαν
3535 4543 3659 4600 συνέ-

428 4646 627 4708 omuis.
667 4644 802 4697 adeo
833 4642 1046 4709 quidem
1088 4650 1147 4693 ut
1178 4640 1411 4692 tumultu
1451 4641 1641 4693 excita:
1672 4641 2013 4709 strepituque

434 4753 532 4793 nos
560 4736 903 4805 imperatoris
928 4734 1047 4786 lilia:
1073 4732 1301 4800 puellari
1331 4732 1647 4785 curiositate
1671 4732 2013 4800 prodiremus

432 4827 735 4885 clanculum
780 4826 846 4879 ad
884 4832 1099 4877 brevem
1146 4838 1370 4875 usuram
1420 4824 1540 4875 novi
1595 4823 1885 4891 spectaculi
1929 4825 2013 4877 fu-

431 4922 678 4975 randam.
716 4916 784 4972 Ut
816 4931 944 4971 vero
990 4914 1220 4967 Michael
1254 4916 1506 4982 apparuit
1549 4914 1775 4968 sublatis
1823 4930 2014 4970 versus

428 5010 811 5080 imperatorias
841 5008 983 5061 cedes
1015 5006 1204 5069 oculis,
1251 5006 1521 5073 supplices
1553 5005 1606 5058 in
1659 5008 1853 5062 cmlum
1893 5024 2011 5062 ma-

434 5116 538 5161 uus
568 5099 784 5159 tollens,
813 5107 867 5150 et
898 5110 999 5163 qua
1031 5110 1161 5150 voce
1191 5111 1367 5164 quove
1400 5106 1553 5166 gestu
1588 5109 1800 5165 poterat
1848 5101 2013 5168 signi-

436 5193 605 5241 ticaus
634 5197 822 5255 aptare
860 5201 1131 5254 orareque
1165 5202 1243 5248 se,
1278 5197 1336 5239 ut
1382 5189 1484 5240 sibi
1525 5205 1715 5243 manus
1760 5192 1826 5243 ab
1882 5192 2011 5258 ipsis

436 5279 697 5330 radii-itus
751 5275 992 5329 humeris
1018 5275 1401 5341 avellerentur,
1453 5279 1613 5345 pedes
1667 5294 1695 5329 a
1751 5280 1901 5332 coxis
1948 5295 2012 5334 ac

440 5371 684 5423 rlunium
722 5368 1007 5429 vertebris,
1040 5378 1199 5433 caput
1229 5379 1406 5421 autem
1438 5386 1464 5420 a
1508 5370 1809 5424 cetwicibus
1837 5387 2011 5438 ampu-

440 5467 669 5516 taretur,
708 5466 817 5509 tum
858 5471 988 5507 sane
1019 5455 1218 5521 passim
1252 5456 1504 5509 ornnihus
1534 5460 2007 5511 commiseratione

438 5551 674 5605 naturali
718 5549 901 5612 inutis,
946 5548 995 5599 in
1024 5547 1177 5599 lletus
1205 5562 1265 5599 ac
1294 5549 1526 5616 gemitus
1564 5558 1875 5617 spectantes
1910 5566 2008 5617 pro

2110 4657 2327 4710 τρεχεν,
2364 4637 2437 4701 ὡς
2475 4639 2567 4690 καὶ
2610 4639 2759 4707 ἡμᾶς
2810 4639 2910 4702 τὰς
2943 4641 3036 4693 τοῦ
3073 4641 3340 4711 βασιλέως
3386 4642 3661 4709 θυγατέρας

2111 4729 2455 4796 ἑξελθούσατ,
2485 4728 2751 4798 λαθραίαν
2781 4730 2876 4798 τὴν
2925 4730 3051 4782 οέαν
3084 4732 3377 4784 ποιεῖσθαι.
3412 4731 3496 4791 Ὠς
3513 4730 3561 4780 δὲ
3589 4730 3657 4778 τὸν

2112 4820 2330 4889 Μιχαὴλ
2363 4819 2437 4882 ὡς
2463 4819 2599 4888 πρὸς
2624 4819 2692 4871 τὰ
2720 4820 2999 4892 ἀνάκτορα
3024 4820 3325 4875 ἐθεάσαντο
3358 4820 3658 4880 ἐναπενίζονο

2113 4928 2179 4963 τα
2207 4912 2299 4963 καὶ
2327 4914 2515 4980 χεῖρας
2542 4910 2780 4972 ἱκέτιδας
2828 4912 2907 4973 εἰς
2926 4912 3157 4980 οὐρανὸν
3188 4914 3411 4983 αἴροντα
3431 4910 3657 4978 αἰτούμε·

2114 5020 2203 5055 νον
2224 5006 2279 5054 ἐν
2302 5004 2541 5071 σχήματι
2560 5006 2749 5072 χεῖρας
2771 5003 3006 5072 εξῶμων
3031 5006 3394 5075 ἀφαιρεθῆναι
3413 5007 3504 5057 καὶ
3523 5005 3659 5061 πόδας

2112 5095 2358 5161 γλουτῶν
2392 5094 2573 5146 αὐτῶν
2604 5095 2647 5126 ⁸⁸
2671 5096 2765 5148 καὶ
2800 5096 3044 5163 κεφαλὴν
3071 5098 3244 5166 αὐτὴν
3275 5098 3655 5165 ἀποτμηθῆναι,

2112 5186 2297 5239 ἅπασα
2330 5187 2491 5253 φύσις
2525 5186 2660 5255 πρὸς
2710 5186 2946 5256 δάκρυον
2975 5188 3019 5216 ⁸⁷
3046 5190 3140 5237 καὶ
3176 5190 3420 5255 οἰμωγὰς
3458 5191 3656 5251 κεκίνη-

2112 5295 2202 5330 ται
2243 5278 2308 5337 ‘3.
2343 5278 2436 5332 καὶ
2468 5278 2669 5347 μᾶλλον
2696 5278 2853 5346 ἡμεῖς
2878 5280 2931 5329 αἱ
2952 5279 3043 5330 τοῦ
3070 5279 3334 5348 βασιλέως
3366 5281 3658 5348 θυγατέρες.

2128 5370 2269 5435 Ἐγὼ
2298 5369 2377 5433 δὲ,
2412 5368 2713 5438 βουλομένη
2760 5368 2850 5420 τὸν
2883 5370 3053 5438 ἄνδρα
3107 5370 3198 5422 τοῦ
3247 5372 3488 5424 τοιούτου
3522 5371 3655 5440 ῥύη

2116 5463 2240 5514 σθαι
2277 5461 2475 5526 κακοῦ,
2515 5462 2614 5531 τὴν
2649 5461 2898 5530 βασιλίδα
2928 5463 3020 5513 καὶ
3054 5466 3270 5530 μητέρα
3304 5464 3447 5526 ἆτταξ
3483 5466 3570 5513 καὶ
3596 5462 3653 5519 δί,

2117 5555 2550 5626 προύκαλούμην
2581 5557 2639 5618 ἐς
2666 5557 2794 5608 θέαν
2821 5554 2927 5606 τῶν
2958 5557 3419 5627 πομπευομένων.
3468 5555 3642 5625 Ἑκηδὸ

1498 5685 1699 5747 Varia:
1733 5687 2038 5750 lectiones
2086 5709 2159 5752 ex
2194 5694 2333 5754 cod.
2362 5693 2621 5755 Coislin.

510 5812 555 5843 “
588 5807 972 5881 Σολομοῦντος.
1050 5809 1091 5840 ⁶⁵
1121 5808 1523 5881 περιῖςιλὸντες.

1604 5812 1647 5842 ⁸⁸
1673 5814 1733 5863 ἐκ
1760 5812 1886 5880 γλου
1898 5814 2001 5866 τῶν
2024 5800 2223 5873 αὐτῶν.

2304 5820 2344 5848 ’λ’
2375 5819 2569 5888 ὃᾶκρυ.
2649 5817 2692 5849 ⁸⁸
2735 5816 3066 5888 εῐτεκίνητο.
3102 5818 3238 5888 Lege
3264 5816 3565 5884 ἐκεκίνητο.
