3780 6570
416 362 522 424 919
1746 366 1968 428 una
2001 369 2409 429 coniveam.
3503 387 3586 451 θέο

416 479 654 548 phanum
715 478 904 548 legalis
957 481 1370 549 expugnationis
1424 481 1679 551 impetum
1733 483 1962 536 ultimuu

2089 482 2206 548 μετ’
2229 481 2402 532 αὑτοῦ
2425 479 2658 543 σπονδὰς
2686 481 3000 552 ὑπισχνεῖτο
3027 485 3357 554 ποιήσασθαι,
3383 493 3497 560 πρὸς
3516 501 3582 552 at,

417 574 706 639 deprecata
739 582 842 636 est,
879 573 1206 626 deditionetn
1261 573 1343 626 sui
1393 589 1455 628 ac
1501 575 1733 628 civitatis
1783 576 1834 629 itt
1888 592 1982 644 po-

419 671 668 716 testatem
706 663 1044 730 imperatoris
1070 665 1364 730 spondens,
1394 666 1834 735 cottlirtnansqne
1862 683 1982 722 sese

418 752 483 802 ad
513 749 1009 819 Contostephannm
1042 754 1235 807 ituram
1268 767 1318 807 et
1364 770 1546 810 coram
1592 774 1714 811 cum
1762 774 1826 812 eo
1873 768 1982 812 tra-

415 848 681 894 ctatnratn
713 843 780 895 de
813 844 972 896 rebus
1003 843 1229 912 imperio
1269 848 1510 909 utilibus,
1544 849 1607 902 de
1642 850 1835 916 quibus
1869 849 1982 916 ipse

411 934 813 1000 quamprimum
855 935 1145 989 admonere
1175 937 1556 1006 imperatorem
1583 940 1819 994 deberet.
1861 940 1983 994 llaec

417 1031 573 1074 cauta
613 1021 812 1076 femina
845 1024 922 1078 sic
968 1026 1163 1094 agebat
1205 1037 1262 1078 ut
1305 1027 1578 1080 iuraretur
1625 1028 1840 1082 interim
1891 1046 1985 1083 ne-

411 1117 706 1166 cessarium
740 1115 972 1183 spatium
1024 1117 1237 1171 auxiliis
1276 1121 1691 1175 adventantibus
1739 1137 1978 1176 suorum.

413 1203 688 1273 Siquidem
724 1206 832 1275 jam
867 1225 894 1261 a
920 1209 1093 1278 primo
1125 1209 1487 1266 Romanarum
1515 1216 1730 1268 navium
1755 1216 1980 1284 appulsu

411 1299 479 1352 ad
519 1315 685 1353 unum
720 1315 749 1354 e
783 1302 895 1354 suis
931 1302 1053 1355 liliis
1109 1305 1374 1372 trepidum
1421 1317 1472 1360 et
1532 1307 1728 1361 auxilia
1769 1307 1981 1379 ﬂagita-

409 1403 589 1446 turutn
627 1394 896 1447 curriculo
927 1396 1172 1449 nuntium
1198 1397 1438 1452 miserat.
1465 1397 1540 1451 Eo
1573 1400 1736 1467 igitur
1756 1401 1983 1454 consilio

408 1486 567 1537 vanis
614 1486 812 1554 Spebns
857 1487 1006 1540 vafra
1046 1487 1238 1543 mulier
1290 1491 1510 1544 minime
1561 1491 1683 1545 tnali
1747 1493 1982 1546 hominis

409 1575 834 1644 Contoslephani
883 1595 1202 1645 suspensum
1243 1581 1480 1635 lactabat
1525 1583 1786 1648 animum,
1837 1594 1894 1637 ttt
1937 1585 1980 1638 si

408 1665 549 1720 forte
579 1667 794 1720 interim
842 1681 1103 1732 armatus,
1148 1687 1307 1740 quem
1340 1677 1708 1741 exspectabat,
1772 1673 1982 1730 adforet

408 1759 573 1822 filius,
624 1775 812 1821 scena,
867 1771 921 1814 ut
964 1764 1195 1830 tragicos
1238 1764 1430 1828 aiunt,
1471 1777 1691 1834 rcpt'nte
1753 1768 1978 1836 dt-jecta,

2085 572 2173 624 τόν
2220 589 2278 624 τε
2327 571 2700 634 ἐξελεύσεσθαι
2750 577 2817 627 τὰ
2865 576 3006 627 κατὰ
3054 579 3246 629 σκοπὸν
3292 582 3591 643 ἀνακοινωσο.

2088 664 2248 733 μένη,
2280 665 2353 727 ῶς
2384 666 2561 716 πάντα
2591 665 2657 717 δι’
2677 667 2840 718 αὐτοῦ
2873 667 3136 738 δηλωθείη
3168 671 3240 736 τῷ
3270 673 3588 746 αὐτοκράτορι,

2085 757 2321 809 Τοιαῦτα.
2359 757 2414 809 δὲ
2449 760 2760 827 ἐμηχανᾶτο
2798 759 3159 828 ἁιεαιωροῦσα
3200 763 3283 814 τὸν
3319 766 3400 817 τοῦ
3439 769 3594 824 Κοντο-

2086 850 2350 916 στεφάνου
2377 848 2636 917 λογισμὸν
2655 890 2669 912 ,
2696 851 2747 902 εἴ
2771 867 2872 902 που
2901 852 2957 904 ἐν
2984 851 3059 918 τῷ
3086 854 3281 920 μεταξὺ
3306 858 3593 915 mume

2083 942 2290 1012 ταύτης
2342 943 2478 1004 υἱὸς,
2516 944 2612 996 καὶ
2651 943 2954 1013 τηνικαῦτα
2997 945 3096 1012 τὴν
3143 946 3355 1015 σκηνὴν,
3391 951 3593 1023 καθάπερ

2083 1033 2210 1096 τοὺς
2261 1033 2520 1102 τραγικός
2545 1035 2587 1065 ⁸⁸
2641 1052 2796 1102 φασι,
2851 1035 3075 1105 ῥίψασα,
3129 1037 3298 1105 μάχης
3352 1041 3591 1106 ἀνθέξοιτο.

2085 1124 2404 1193 Συμμιγοῦς
2441 1123 2534 1178 οῦν
2570 1126 2667 1194 τῆς
2704 1127 2958 1196 εύφὴμης
2995 1127 3104 1178 ἀπό
3136 1144 3193 1178 τε
3227 1128 3330 1180 τῶν
3360 1132 3486 1193 ἐντὸς
3515 1135 3594 1188 ἀπό

2084 1233 2143 1266 τε
2179 1216 2288 1267 τῶν
2322 1217 2478 1279 ἐκτὸς
2511 1217 2803 1285 γινομένης
2845 1220 2936 1270 καὶ
2975 1219 3152 1270 πάντα
3183 1219 3250 1270 τὰ
3284 1223 3427 1290 πέριξ
3456 1241 3595 1279 κατει-

2085 1308 2335 1378 λειφυξας
2366 1310 2432 1373 ⁸⁸,
2470 1311 2593 1361 ἐπεὶ
2635 1311 2896 1372 τοιούτοις
2944 1311 3123 1376 λόγοις
3159 1313 3250 1364 καὶ
3290 1315 3592 1381 ἐπαγγελίαις

2083 1398 2306 1468 ψευδέσι
2351 1400 2443 1452 τὸν
2484 1401 2578 1452 τοῦ
2618 1401 3066 1467 Κοντοστεφάνου
3107 1401 3596 1472 ἀπῃώρει-λογισμὸν

2084 1492 2117 1558 ἡ
2139 1491 2465 1559 στρατιῶτις
2490 1491 2672 1562 ἐκείνη
2697 1494 2858 1560 γυνὴ,
2885 1491 2959 1552 ὡς
2981 1494 3220 1562 εἴρηται,
3243 1496 3597 1562 καταλαμϐάνει

2083 1581 2178 1635 καὶ
2204 1583 2230 1632 ὁ
2262 1580 2714 1650 προσδοκώμενος
2751 1581 2869 1651 μεθ’
2896 1576 2970 1633 ὧν
3005 1583 3347 1648 συναπήγετο
3374 1586 3596 1654 κομήτων,

2085 1678 2178 1725 καὶ
2211 1673 2378 1742 ὁμόσε
2416 1673 2554 1726 κατὰ
2586 1673 2677 1725 τοῦ
2717 1675 3169 1742 Κοντοστεφάνου
3207 1675 3466 1742 χωρήσας,
3493 1679 3598 1746 ἡττᾷ

2086 1769 2450 1838 κατακράτος.
2491 1770 2556 1822 Οἱ
2595 1769 2692 1836 μὲν
2727 1764 2818 1822 οὖν
2853 1769 2949 1821 τοῦ
2980 1767 3244 1820 ναυτικοῦ
3282 1770 3518 1831 ἂπαντες,
3543 1771 3596 1833 ὡς

405 1849 518 1902 vim
554 1851 892 1918 experire-tur
921 1867 1264 1924 pugnamque
1289 1868 1618 1925 capesseret.
1659 1858 1926 1913 Successit
1953 1876 1963 1911 ι

2087 1836 2306 1930 ἄπειροι.
2344 1862 2443 1930 τῆς
2469 1862 2557 1914 διά
2591 1862 2761 1932 ξηρᾶς
2794 1862 2992 1930 μάχης,
3029 1863 3096 1931 τῇ
3157 1861 3382 1934 Θαλάττῃ
3421 1863 3598 1925 ἑαυτοὺς

409 1942 678 1994 sententia
731 1941 908 1996 dolus.
956 1943 1167 1998 Audita:
1217 1947 1390 2000 tniStae
1437 1963 1598 2001 voces
1647 1957 1698 2001 et
1743 1963 1978 2002 consona

406 2032 763 2086 conclamatio
798 2035 1142 2088 obsessorum
1169 2038 1370 2104 pariter
1399 2054 1519 2091 cum
1545 2039 1980 2107 oppugnantibus

405 2126 710 2189 Angustum
763 2135 816 2179 et
885 2125 1183 2181 Romanum
1239 2130 1525 2198 imperium
1580 2133 1977 2196 venerantium,

407 2219 646 2273 tardavit
679 2221 851 2288 primo
881 2224 1143 2293 impetum
1180 2225 1446 2291 victorias,
1473 2226 1774 2298 ducemque
1815 2230 1981 2284 collo-

405 2310 497 2376 qui
526 2327 588 2366 ac
609 2315 754 2380 pacis
789 2325 994 2368 morata
1027 2315 1187 2387 367
1215 2328 1293 2371 est
1323 2320 1545 2376 mentio.
1572 2320 1737 2376 Adest
1764 2321 1976 2376 interim

403 2413 755 2471 exspectatus
790 2407 856 2460 ab
890 2409 1111 2462 heroina
1146 2409 1305 2475 filius,
1339 2412 1566 2466 comites
1615 2429 1795 2468 secum
1842 2414 1978 2468 alios

402 2493 549 2546 viros
597 2495 872 2565 prim-ipes
922 2499 1142 2565 ducens,
1196 2500 1389 2553 idoneo
1432 2516 1699 2570 quemque
1749 2518 1978 2559 numero

401 2596 680 2653 sequente.
738 2585 956 2640 lrrnunt
1005 2604 1192 2644 omnes
1247 2592 1299 2645 in
1347 2595 1852 2661 Contostephanutn
1896 2595 1979 2649 in-

411 2677 649 2736 hiantem
683 2680 964 2745 promissis
1014 2691 1064 2733 et
1112 2681 1364 2735 feriatum
1420 2683 1690 2748 videlicet,
1743 2700 1977 2756 eumque

405 2768 562 2834 plane
609 2771 852 2824 vincunt.
899 2771 1078 2826 Turba
1128 2776 1306 2828 omnis
1354 2775 1467 2828 fere
1524 2775 1760 2841 nautica,
1809 2787 1979 2832 terre-

405 2859 708 2930 striumque
741 2862 1023 2932 inettperta
1057 2881 1354 2934 pugnarum
1387 2867 1606 2922 incursu
1635 2868 1810 2938 primo
1856 2869 1972 2924 fusa

404 2949 695 3018 fugataque
726 2952 778 3007 in
812 2970 959 3009 mare
992 2971 1050 3010 se
1083 2958 1328 3028 projecit.
1362 2959 1727 3014 Excurreraut
1754 2962 1910 3029 paulo
1944 2978 1972 3016 a

404 3043 539 3096 mari
574 3044 784 3114 longius
820 3046 1140 3116 Scytharum
1187 3049 1400 3117 quidam
1434 3051 1609 3116 (erant
1643 3051 1696 3104 in
1730 3051 1975 3106 llontano

403 3144 514 3188 tum
566 3139 808 3192 exercitu
879 3154 944 3192 ex
1002 3152 1160 3209 gente
1229 3141 1327 3196 ista
1380 3140 1580 3196 milites
1638 3158 1740 3196 non
1795 3144 1972 3215 pauci)

401 3227 680 3294 praedandi
722 3243 906 3297 causa,
943 3238 1001 3284 ul.
1051 3246 1168 3285 tttos
1220 3241 1303 3286 cst
1365 3232 1573 3286 talintn.
1626 3234 1704 3287 Ex
1758 3235 1822 3290 iis
1855 3237 1969 3305 capi

399 3323 630 3391 contigit
682 3325 904 3378 omnino
955 3341 1071 3391 sex,
1110 3343 1247 3396 quos
1292 3331 1358 3383 ad
1415 3347 1473 3385 se
1510 3332 1704 3387 missos
1746 3333 1970 3388 intuitus

398 3410 734 3469 Baintundus
766 3431 870 3469 non
903 3406 1082 3472 minus
1117 3435 1277 3487 quant
1313 3421 1488 3490 magni
1518 3422 1805 3490 adeptione
1834 3424 1965 3477 lncri

393 3507 609 3570 gavisus
633 3520 754 3573 est;
783 3509 999 3563 videbat
1031 3511 1174 3563 enim
1209 3527 1370 3581 quam
1402 3513 1565 3568 utiles
1596 3513 1630 3567 ii
1658 3513 1824 3568 fntnri
1861 3516 1965 3569 sibi

393 3606 577 3650 essent
609 3600 675 3654 ad
711 3601 964 3655 invidiam
999 3602 1310 3671 imperatori
1334 3605 1471 3673 apud
1500 3605 1772 3673 principes
1802 3606 1968 3660 Italiae

394 3686 751 3746 conflandam.
810 3691 1005 3747 Statim
1060 3695 1222 3762 igitur
1269 3695 1354 3748 his
1403 3697 1694 3765 assumptis
1740 3698 1962 3751 Romam

393 3765 590 3848 pergit,
647 3785 1013 3856 thronnmque
1061 3787 1172 3839 adit
1228 3788 1606 3855 apostolicum,
1661 3804 1723 3843 ac
1774 3805 1964 3859 papam

390 3887 704 3942 aggressus,
737 3876 1002 3943 ejusmodi
1034 3879 1279 3931 oratione
1309 3893 1429 3946 quae
1459 3887 1637 3933 vetera
1676 3881 1796 3934 odia
1833 3883 1964 3936 bar-

386 3963 652 4020 Larornm
690 3969 915 4023 istorum
947 3971 1208 4024 adversus
1242 3987 1413 4040 genus
1444 3983 1688 4026 nostrum
1721 3972 1967 4028 Orienta-

389 4053 522 4108 lium
555 4057 926 4113 Rotnanornm
978 4077 1241 4116 renovare
1293 4071 1453 4130 atque
1498 4080 1830 4134 exasperare
1882 4082 1966 4120 re-

389 4142 636 4200 fricando
663 4156 862 4218 posset,
899 4150 1055 4205 facile
1091 4162 1257 4205 totum
1291 4152 1666 4210 inflammavit.
1693 4157 1809 4222 Quo
1837 4172 1964 4212 vero

386 4236 577 4304 etiam,
605 4240 694 4305 qui
728 4240 868 4295 circa
903 4243 1222 4298 l'ontificeui
1254 4257 1430 4312 erant,
1465 4261 1830 4303 commoveret
1868 4251 1965 4304 lta-

388 4327 474 4382 los
504 4328 555 4382 itt
584 4330 716 4383 iram
741 4333 1156 4402 implacabilem,
1177 4339 1633 4406 persnaderctque
1656 4340 1789 4408 ipsis
1815 4343 1961 4396 Velut

385 4434 704 4490 argumento
724 4424 836 4493 jam
864 4437 1024 4497 atque
1051 4430 1426 4497 experimento
1459 4432 1744 4486 manifesto
1789 4433 1959 4488 veris-

2085 1951 2486 2021 προσέρριψαν.
2527 1951 2647 2003 Τῶν
2676 1952 2731 2004 δέ
2771 1968 2832 2018 γε
2856 1951 3078 2003 Σκυθῶν
3117 1951 3596 2018 προεκδραμόντων·

2085 2043 2339 2112 παρῆσαν
2367 2043 2476 2111 γὰρ
2521 2043 2695 2092 ἱκανοὶ
2737 2039 2873 2108 μετά
2900 2040 2992 2092 τοῦ
3041 2037 3348 2107 Ῥωμαϊκοῦ
3390 2040 3598 2106 στρατεύ-

2085 2151 2254 2203 ματος
2294 2136 2351 2185 ὲν
2389 2133 2462 2201 τῷ
2495 2131 2672 2204 καιρῷ
2710 2134 2806 2200 τῆς
2857 2133 3040 2200 μάχης
3063 2148 3076 2160 '
3113 2133 3194 2191 εἰς
3231 2128 3503 2198 προνομὴν,
3543 2129 3599 2191 ὡς

2082 2224 2200 2287 ἔθος
2229 2227 2340 2286 τοῖς
2387 2224 2646 2286 τοιούτοις
2680 2222 3010 2294 Βαρϐάροις,
3059 2222 3400 2291 συμϐέϐηκεν
3441 2220 3602 2273 ἁλῶναι

2081 2315 2286 2370 τούτων
2317 2315 2375 2379 ἐξ
2405 2315 2496 2367 τὸν
2529 2314 2784 2384 ἀριθμὸν,
2819 2313 2912 2376 οὒς
2958 2315 3053 2366 καὶ
3087 2312 3477 2370 ἀποσταλέντας
3508 2312 3604 2363 θεα-

2083 2412 2314 2480 σάμενος
2337 2411 2364 2460 ὁ
2388 2406 2748 2478 Βαῖμοῦντος,
2775 2407 3028 2471 καθάπερ
3054 2425 3104 2458 τι
3135 2407 3388 2474 μέγιστον
3408 2405 3601 2472 πόρισμα

2079 2503 2303 2564 τούτους
2323 2499 2525 2562 λαϐὼν,
2547 2500 2707 2561 εὐθὺς
2728 2499 2864 2566 πρὸς
2899 2497 3118 2566 Ῥώμην
3145 2496 3330 2565 ἀπῄει.
3356 2495 3451 2546 Καὶ
3470 2512 3602 2546 κατα-

2079 2596 2259 2648 λαϐὼν
2298 2595 2387 2647 τὸν
2444 2593 2802 2647 ἀποστολικον
2835 2592 3023 2662 θρόνον
3057 2591 3154 2643 καὶ
3212 2588 3288 2658 τῷ
3336 2591 3475 2655 ait;
3514 2587 3598 2654 (22)

2063 2687 2383 2760 ⁹διαλεχθεὶς
2424 2689 2517 2739 καὶ
2560 2687 2694 2754 πρὸς
2727 2684 2899 2756 ὀργὴν
2944 2684 3064 2736 ὅλον
3101 2683 3331 2751 κινήσας
3367 2680 3490 2732 κατὰ
3519 2679 3600 2730 τῶν

2089 2778 2377 2848 Ῥωμαίων
2413 2779 2504 2830 καὶ
2529 2777 2626 2847 τὴν
2655 2776 2918 2829 ἀνέκαθεν
2955 2775 3063 2827 τῶν
3105 2773 3412 2843 Βαρϐάρων
3440 2769 3604 2822 τούτων

2081 2871 2240 2940 μῆνιν
2307 2868 2448 2921 κατὰ
2499 2867 2595 2920 τοῦ
2647 2867 2929 2936 ἡμεδαποῦ
2985 2865 3179 2934 γένους
3216 2864 3261 2895 ⁸³
3308 2860 3603 2930 ἁνερεθξσας,

2077 2962 2164 3014 ἵνα
2229 2960 2430 3030 μᾶλλον
2482 2960 2609 3021 τοῦς
2658 2960 2801 3028 ἀμφὶ
2861 2960 2951 3010 τὸν
3009 2959 3202 3010 πάπαν
3269 2955 3484 3013 Ἰταλοὺς
3532 2954 3602 3004 ὲκ-

2079 3054 2303 3122 μήνειεν
2361 3053 2390 3104 ό
2445 3051 2810 3121 Βαῖμοῦντος,
2848 3051 2942 3103 καὶ
2997 3050 3123 3112 τοὺς
3181 3047 3476 3106 ἑαλωκότας
3521 3043 3606 3094 τῶν

2079 3145 2300 3198 Σκυθῶν
2334 3145 2718 3213 παρεστήσατο
2769 3141 2958 3210 ὥσπερ
2996 3140 3055 3204 ἐξ
3101 3139 3290 3192 αὐτῶν
3325 3137 3423 3190 τῶν
3461 3151 3605 3201 πραγ·

2079 3240 2266 3308 μάτων
2354 3235 2763 3305 ἐνδεικνύμενος
2855 3234 2931 3295 ὡς
2987 3234 3095 3300 ἄρα
3185 3233 3214 3283 ὁ
3290 3227 3602 3295 αὐτοκράτωρ

2087 3333 2317 3397 Ἀλέξιος
2343 3332 2618 3400 δυσμενῶς
2655 3331 2791 3401 ἔχων
2825 3328 2892 3383 τά.
2926 3328 3061 3398 πρὸς
3091 3326 3465 3398 Χριστιανοὺς,
3493 3324 3602 3390 Βαρ-

2077 3425 2279 3492 ϐἀρους
2310 3423 2463 3484 τινὰς
2496 3423 2759 3484 ἀπίστους
2796 3423 2889 3472 κοῦ¹
2923 3421 3253 3480 ἀλλοκότους
3294 3415 3604 3478 ἱπποτοξότας

2074 3516 2348 3586 ἐφίστησι,
2383 3514 2523 3568 κατά
2548 3513 2656 3566 τῶν
2689 3512 3032 3582 Χριστιανῶν
3059 3510 3228 3562 ὅπλον
3251 3506 3512 3565 κινοῦντας
3533 3505 3604 3555 καὶ

2072 3608 2230 3673 τόξον
2286 3607 2647 3669 ἐντείνοντας,
2684 3605 2778 3657 καὶ
2824 3605 2908 3672 ἐφ’
2941 3605 3178 3656 ἑκάστου
3212 3602 3370 3668 λόγου
3399 3599 3604 3651 τοιούτου

2072 3699 2363 3752 ὑπεδείκνυ
2395 3699 2518 3760 τοὺς
2545 3697 2758 3760 Σκύθας
2784 3698 3027 3758 ἐκείνους
3057 3695 3137 3764 τῷ
3177 3695 3336 3763 πάπᾳ
3365 3690 3604 3748 Σκυθικῶς

2069 3793 2439 3862 ἐσταλμένους
2465 3793 2557 3843 καὶ
2588 3789 2729 3844 κατὰ
2755 3790 2816 3841 τὸ
2843 3788 3032 3850 εἰωθὸς
3061 3788 3202 3858 πρὸς
3226 3787 3284 3837 τὸ
3318 3779 3605 3854 βαρϐαρικόν

2068 3887 2505 3947 ἀποϐλέποντας,
2529 3885 2622 3937 καὶ
2645 3882 2869 3944 τούτους
2888 3882 3030 3933 κατά
3050 3881 3110 3931 τὸ
3128 3880 3255 3940 ἔθος
3278 3878 3380 3929 τῶν
3403 3876 3606 3929 Λατὶνων

2071 3978 2350 4045 παγάνους
2373 3977 2484 4048 (‘25)
2513 3976 2626 4030 ἄνω
2644 3975 2738 4026 καὶ
2771 3975 2922 4026 κάτω
2954 3970 3359 4040 προσηγόρευε,
3386 3983 3605 4032 καταμωο

2075 4070 2325 4140 κώμενος
2360 4071 2453 4121 καὶ
2489 4066 2724 4137 τοῦνομα
2750 4068 2846 4118 καὶ
2873 4065 2932 4116 τδ
2965 4067 3175 4132 σχῆμα.
3205 4057 3600 4126 Πανούργωςδὲ,

2072 4163 2146 4225 ὡς
2172 4161 2337 4224 ἔοικε,
2375 4161 2436 4214 τὸ
2459 4162 2693 4229 πρᾶγμα
2736 4155 3142 4226 μετεχειρίζετο
3185 4153 3281 4205 τοῦ
3319 4153 3452 4205 κατὰ
3495 4149 3603 4214 Χρι-

2071 4254 2304 4307 στιανῶν
2350 4251 2611 4320 πολέμου,
2648 4251 2735 4303 ἵνα
2784 4248 2846 4318 δὴ
2874 4247 2969 4300 κού⁵
2993 4245 3391 4316 ἀρχιερατικὴν
3420 4242 3606 4308 γνώμην

2069 4345 2425 4414 συμπείσειεν
2447 4344 2522 4406 ὼς
2544 4345 2773 4411 εὐλόγως
2795 4346 2901 4412 ἀρα
2927 4340 3067 4395 κατὰ
3090 4340 3190 4407 τῆς
3214 4339 3320 4390 τῶν
3358 4333 3602 4401 Ῥωμαίων

2067 4439 2264 4508 ἔχθρας
2330 4439 2619 4506 κεκίνητο,
2669 4439 2726 4489 ὲν
2788 4436 2970 4505 ταὺτῷ
3054 4431 3483 4504 μνηστευόμενος
3532 4422 3604 4476 καὶ

1452 4547 1654 4608 Variaa
1696 4548 2007 4613 lectiones
2031 4569 2102 4614 ex
2139 4551 2573 4614 ι·οι1.(ὶοίεῐὶη.

455 4666 495 4696 ⁸⁸
542 4668 858 4736 τραγικούς.
939 4668 1432 4738 ⁸³κατειληφυίοις.
1511 4670 1822 4734 ⁸³στένους.

1415 4790 1550 4848 Car.
1588 4786 1903 4850 Dufresnii
1953 4789 2048 4848 Du
2082 4786 2306 4866 Cangii
2343 4795 2530 4849 notae.

454 4909 562 4974 (‘2‘!)
602 4907 686 4972 Τῷ
725 4884 920 4977 "tiara.
954 4907 1200 4966 l’ascltali
1223 4910 1284 4976 ll,
1317 4927 1424 4967 non
1467 4911 1704 4978 Urbano,
1738 4923 1799 4967 ιιι
1839 4913 1949 4967 vult
1978 4912 2030 4971 D
2057 4914 2170 4967 sine
2217 4913 2475 4974 baptismo
2514 4922 2724 4978 patrum
2753 4911 3066 4980 negligentia
3107 4915 3177 4965 ad
3215 4913 3422 4979 gentilis
3455 4912 3602 4964 imita-

378 4979 625 5034 Allatins.

450 5050 562 5119 (‘25)
592 5047 929 5115 Πιιγὰνους.
951 5051 1202 5120 Scythas,
1237 5052 1407 5122 inquit
1431 5053 1606 5114 Anna,
1636 5053 1950 5108 Latinorum

379 5135 683 5189 more.seu
717 5131 932 5186 recepto
958 5124 1096 5189 apud
1131 5122 1355 5177 Latinos
1402 5125 1655 5177 idiomate
1698 5135 1752 5177 et
1789 5141 1950 5179 voca-

377 5189 504 5242 bulo
553 5188 796 5260 Paganas
836 5188 1157 5258 appellabat.
1194 5191 1385 5246 Verum
1433 5210 1603 5248 voxne
1645 5193 1794 5248 Latia
1842 5197 1948 5260 sit,

378 5269 438 5332 ut
464 5259 721 5332 dubitem
745 5258 1310 5332 facit_l‘.onstantinns,
1343 5264 1432 5332 qui
1474 5264 1610 5318 libro
1645 5264 1721 5317 De
1745 5258 1946 5319 admin.

378 5329 508 5390 imp.
545 5344 663 5393 cap.
697 5330 788 5390 ἓξ),
819 5330 1054 5403 a_Slavis
1084 5345 1299 5403 etymon
1349 5329 1610 5392 accersit.
1643 5337 1838 5400 quibus
1874 5336 1943 5386 ita

378 5399 802 5470 indigitaliaﬁntur
855 5401 1104 5468 baptismi
1142 5399 1405 5470 'ettpertes
1441 5421 1452 5456 :
1489 5399 1750 5466 Παγάνοι,
1809 5405 1948 5456 κατὰ

377 5469 475 5535 τὴν
503 5468 610 5520 τῶν
644 5467 933 5542 Σκλάὸωνέ
951 5467 1237 5538 γλῶσσαν,
1274 5474 1595 5526 ἀϐάπτιστοι
1649 5474 1950 5542 ἑρμηνεύε-

378 5555 492 5590 ται.
527 5539 701 5602 Atque
736 5539 859 5593 hinc
900 5539 1038 5594 forte
1068 5545 1326 5602 manavit,
1365 5553 1418 5594 ttt
1452 5546 1590 5611 apttd
1628 5539 1724 5598 nos
1769 5539 1946 5596 infau~

380 5617 478 5664 tes.
511 5624 738 5681 qt_tornttt
769 5613 932 5664 certis
960 5628 1021 5665 rx
1048 5614 1226 5667 causis
1250 5615 1598 5667 differebatur
1623 5617 1946 5681 baptistnns,

379 5679 571 5751 pagani
615 5678 771 5751 vnlgo
822 5695 1299 5751 lllltlcl'pal't‘llllll‘,
1351 5683 1548 5748 quibus
1608 5678 1841 5751 posthaec
1894 5685 1944 5736 itt

373 5746 614 5812 j'oculare
646 5747 697 5801 id
730 5749 960 5803 nominis
1007 5746 1238 5804 transiit.
1280 5746 1890 5806 Litt-ttllel‘lllS'ArtltéltSlS
1921 5770 1939 5810 :

379 5817 482 5882 Qui
513 5818 923 5875 Nora/watensis
950 5819 1161 5876 Domini
1193 5823 1356 5892 [ilium
1386 5820 1497 5892 jam
1545 5826 1853 5890 (levennam,
1892 5836 1936 5878 et

2058 4986 2246 5037 tiOnem
2275 4984 2538 5049 squaloris
2574 4981 2747 5034 adhuc
2778 4991 3169 5046 permanentem
3204 5023 3218 5040 .
3257 4994 3306 5036 et
3362 4999 3508 5048 usque
3548 4981 3602 5030 ad

2055 5055 2170 5115 hoc,
2201 5062 2245 5104 et
2275 5055 2337 5104 ob
2364 5055 2458 5104 hoc
2500 5068 2762 5118 paganum
2796 5063 3034 5104 vocatum
3061 5053 3346 5112 baptizavit
3372 5093 3386 5116 ,
3435 5061 3478 5104 et
3508 5067 3600 5101 eum

2056 5125 2265 5176 nomine
2321 5139 2414 5173 suo
2465 5122 2659 5174 voravit
2703 5121 2994 5176 Abraham.
3035 5121 3278 5189 Diploma
3331 5139 3418 5177 an.
3458 5121 3600 5177 i096,

2054 5195 2106 5246 in
2143 5192 2331 5246 Tabnl.
2368 5191 2423 5244 S.
2458 5191 2670 5244 Martini
2708 5191 2879 5245 l’aris.
2925 5189 3012 5243 Vir
3041 5194 3254 5258 quidam
3301 5193 3520 5260 egregias
3563 5197 3602 5240 et

2053 5263 2198 5316 miles
2262 5273 2534 5338 strenuus;
2580 5278 2816 5330 paganus
2859 5263 3180 5338 appellatus,
3240 5278 3273 5314 a
3329 5263 3600 5338 baptismate

2054 5332 2364 5385 Walterius.
2411 5332 2516 5386 Sed
2552 5350 2618 5385 an
2677 5332 2868 5398 pagani
2920 5348 3018 5384 vox
3071 5332 3355 5385 Slztvontm
3408 5332 3592 5398 propria

2054 5401 2233 5463 fuerit,
2267 5418 2490 5467 eamque
2519 5405 2585 5454 ab
2615 5401 2718 5479 illis
2768 5401 2938 5454 Latini
2987 5403 3292 5479 hauserint,
3341 5401 3602 5479 jure__con-

2052 5474 2274 5526 troterzi
2301 5484 2497 5538 potest,
2534 5489 2652 5524 cum
2688 5472 2842 5540 longe
2891 5481 3018 5523 ante
3072 5474 3353 5526 Slavorum
3387 5470 3596 5523 auditunt

2054 5558 2242 5594 nomen
2277 5551 2536 5611 ttsnrpt‘nl
2576 5541 2868 5617 scriptorcs
2903 5541 3234 5617 Christiani,
3283 5543 3380 5617 etsi
3413 5542 3460 5592 iu
3491 5555 3599 5617 cott-

2054 5610 2194 5665 fesso
2217 5615 2284 5666 sit
2317 5610 2437 5664 ante
2465 5613 2880 5685 Constantinum
2920 5611 2988 5663 M.
3020 5624 3074 5685 et
3101 5613 3471 5685 Constantium
3520 5610 3592 5685 vi!

2053 5693 2368 5749 ttsttrpattttn
2405 5683 2501 5735 hac
2526 5682 2743 5736 notione
2765 5695 2862 5749 pro
2896 5683 3185 5750 gentilibus
3217 5692 3273 5735 et
3305 5680 3590 5750 idololatrisi

1975 5793 1994 5798 -
2053 5761 2107 5801 ut
2155 5747 2360 5817 pridem
2395 5754 2738 5810 observatum
2766 5747 2811 5806 _a
2856 5747 3087 5808 Baronio
3124 5753 3175 5807 in
3221 5751 3346 5806 Not.
3378 5751 3440 5805 ad
3471 5747 3593 5801 Mar-

2048 5823 2204 5891 tyl'nl.
