3780 6612
165 463 243 530 921
1323 445 1740 505 ALEXIADIS
1782 445 1930 504 LIB.
1983 445 2128 508 XII.
3225 437 3330 502 922

166 570 334 631 πολλῶν
377 559 565 632 ἀνδρῶν
593 555 902 627 αὐτόματον
935 558 1200 628 συλλογὴν
1246 559 1652 629 ἀγροικοτέρων

1839 575 1957 613 num
1990 573 2112 613 esse
2143 557 2287 628 quod
2321 556 2522 626 saepius
2573 556 2891 611 audiverant
2919 555 3160 624 jactante
3214 553 3332 620 ipso

161 670 231 722 καὶ
253 659 480 727 ἀνοήτων.
516 652 612 712 Τίς
634 648 740 718 γὰρ
776 649 840 701 ἂν
865 649 982 718 οὐχὶ
1011 650 1116 701 τῶν
1143 650 1314 718 ἀγχοῦ
1343 650 1435 702 καὶ
1466 651 1654 720 πὸρῤω

1843 653 2086 714 imundo,
2109 652 2358 706 videlicet
2378 652 2758 717 imperatorem
2783 648 3034 701 Alexium
3061 645 3333 700 hominem

163 751 406 822 Βαρϐάρων
448 738 730 807 αὐτόμολος
777 732 912 807 ἧκεν
957 739 1036 798 εἰς
1078 737 1166 788 τὸν
1211 735 1331 787 καθ’
1365 735 1522 804 ἡμῶν
1566 734 1656 786 πό-

1840 757 1881 794 ;e
1929 741 2210 810 profanum
2261 751 2316 795 et
2355 743 2574 805 impium
2623 741 2980 794 barbarorum
3036 737 3333 791 infidelium

158 850 286 914 λεμον
315 830 685 908 ἀρχιερατικῆς
718 828 946 898 γνώμης
983 828 1391 898 ἐπιτρεπούσης
1430 829 1523 880 καὶ
1563 827 1651 880 τοῦ

1843 842 2054 894 itarem,
2076 833 2370 886 Christiani
2395 833 2630 886 nominis
2655 848 2718 884 ac
2740 831 2956 896 generis
2983 825 3193 882 hostem
3229 843 3336 880 non

157 934 428 1008 φαινομένου
457 923 667 988 εὐλόγου
725 921 906 972 πᾶσαν
947 921 1132 983 ἵππον,
1172 920 1263 972 καὶ
1322 920 1514 988 ἄνδρα,
1565 920 1650 972 ml

1842 927 2012 980 biuui.
2040 926 2508 995 Viderentquibus
2540 925 2825 988 militibus,
2851 923 3048 992 quibus
3071 919 3335 974 ministris

154 1031 278 1098 χεῖρα
303 1013 674 1088 στρατιωτικὴν
695 1012 1101 1076 ἐξοπλίζοντοςς
1129 1013 1252 1073 Τοῖς
1272 1011 1647 1079 τούτου’λόγοις

1853 1027 2009 1069 enter
2039 1026 2307 1080 uteretur,
2340 1033 2502 1084 quam
2552 1016 2861 1070 barbariem
2909 1014 3230 1079 sacrilegam
3286 1017 3341 1062 et

153 1120 224 1173 οὖν
260 1109 548 1168 συνελαθεὶς
581 1109 607 1158 ὁ
645 1105 834 1166 πάπας
867 1104 960 1155 καὶ⁵
996 1105 1462 1172 ὁμογνωμονήσας
1513 1102 1646 1174 αὑτᾷ

1851 1107 2176 1174 nguinariam
2228 1107 2456 1160 haberet
2505 1107 2559 1159 in
2607 1106 2838 1160 deliciis.
2890 1104 2998 1167 Eu,
3039 1101 3340 1171 inquiebat,

151 1211 227 1276 τὴν
253 1203 368 1273 πρὸς
416 1199 473 1252 τὸ
509 1196 800 1265 Ἰλλυρικὸν
829 1195 1098 1265 ἐπέτρεψε
1126 1194 1543 1264 διαπεραίωσιν.

1849 1215 1909 1252 os
1935 1199 2114 1251 vultus
2145 1200 2397 1252 torvitate
2447 1198 2728 1268 Scythica,
2775 1208 2829 1250 et
2873 1204 3082 1250 vestem
3121 1198 3341 1257 aspectu

153 1309 307 1352 tetram
354 1293 458 1360 ipso
506 1304 568 1344 ac
621 1288 914 1342 terribilem
966 1290 1279 1352 ostendens,
1317 1302 1382 1342 en
1433 1304 1567 1356 quos
1607 1290 1660 1343 in
1701 1301 1917 1346 nostras
1949 1308 2074 1346 aras
2106 1309 2172 1347 ac
2202 1291 2352 1346 focos
2417 1292 2687 1355 immittit,
2761 1290 2958 1358 quibus
3009 1288 3235 1340 Romam
3287 1293 3344 1336 et

145 1387 329 1444 italiam,
367 1381 549 1448 quibus
581 1393 676 1432 nos
707 1387 997 1446 nostraque
1027 1379 1207 1431 Omnia
1245 1394 1420 1444 sacra,
1456 1379 1658 1445 civilia,
1735 1382 2051 1448 domestica,
2121 1399 2227 1450 res,
2261 1398 2490 1452 corpora
2520 1392 2764 1436 nostrum
2797 1381 3039 1435 omnium
3067 1377 3345 1431 condouat

146 1477 352 1547 egregius
380 1475 670 1541 imperator
703 1470 1095 1524 Romanorum.
1131 1468 1267 1522 Tum
1321 1486 1450 1525 vero
1503 1473 1878 1539 ingeminabat
1909 1490 2100 1530 vocem
2139 1477 2285 1530 illam
2357 1492 2478 1546 quae
2541 1489 2807 1531 summam
2881 1471 3136 1525 invidiam
3202 1466 3344 1536 apud

145 1569 328 1622 Latinos
357 1563 531 1626 habet,
567 1575 807 1640 paganos
843 1562 938 1614 hos
966 1559 1196 1631 Scythas
1228 1563 1517 1630 replicans,
1541 1565 1664 1617 dum
1708 1578 1801 1619 eos
1832 1580 1926 1634 per
1962 1568 2122 1621 urbes
2155 1569 2352 1638 passim
2385 1583 2591 1636 oraque
2619 1567 2862 1621 omnium
2925 1563 2990 1616 ad
3055 1561 3346 1614 ludibrium

137 1673 178 1717 et
225 1669 547 1727 Ignominiam
602 1669 705 1706 non
761 1662 869 1707 tam
929 1653 1173 1721 ipsorum
1267 1669 1428 1723 quam
1483 1657 1709 1725 Augusti
1750 1658 2206 1722 circumduceret,
2268 1661 2420 1714 vafer
2485 1659 2680 1714 artifex
2732 1658 3055 1713 technarum
3136 1653 3346 1712 talium,

135 1771 210 1824 per
232 1767 349 1821 quas
385 1749 577 1803 invidia
621 1748 865 1818 populari
922 1748 973 1802 in
1011 1763 1142 1803 suas
1223 1749 1486 1804 trahenda
1561 1765 1743 1820 partes
1782 1754 1959 1808 civilis
2027 1755 2166 1808 inter
2207 1754 2548 1810 Christianos
2601 1753 2743 1822 quod
2805 1750 3168 1803 meditabatur
3227 1743 3350 1798 belli

134 1847 312 1900 minime
349 1860 438 1913 per
465 1858 523 1896 se
558 1843 899 1911 plausibilem
933 1843 1258 1897 mentionem
1313 1847 1658 1900 accusatione
1704 1848 1974 1902 malitiosa
2008 1848 2356 1916 imperatoris
2435 1846 2725 1907 emolliret,
2798 1844 2906 1896 imo
2966 1835 3231 1909 probabili
3289 1849 3352 1889 ac

133 1951 426 2004 pionouune
461 1944 697 1988 titillaret
731 1951 744 1987 :
781 1936 904 1986 dum
981 1948 1090 1986 non
1143 1935 1402 1990 adversus
1470 1938 1840 1994 Christianum
1906 1941 2201 2010 principem
2245 1950 2340 1993 aut
2409 1939 2685 2009 pepulum,
2737 1935 2830 1989 sed
2878 1948 2977 2004 pro
3025 1927 3352 1984 Christianis

135 2042 286 2086 contra
352 2042 590 2096 paganos
644 2041 942 2096 eorumque
997 2041 1284 2098 patronum
1342 2044 1405 2082 ac
1471 2032 1662 2086 ducem
1703 2033 1951 2088 Alexium
1981 2051 2133 2088 arma
2161 2034 2420 2089 sumenda
2497 2031 2884 2102 proclamaret.
2958 2024 3354 2080 lncredibilitur

128 2121 238 2189 apud
263 2135 490 2173 soulmos
513 2134 668 2186 aeque
699 2120 1022 2189 inlimosque
1044 2123 1280 2191 partium
1315 2121 1525 2175 illarum
1555 2124 1657 2176 ista
1735 2125 1902 2178 valuit
1972 2127 2287 2182 industria:
2342 2127 2574 2178 fremere
2627 2121 2772 2174 haud
2828 2117 2988 2172 dubie
3042 2113 3248 2183 passim
3298 2111 3353 2161 in

127 2223 426 2314 nos-cuncta.
465 2213 566 2284 Ipsi
599 2217 954 2283 quietissimus
993 2216 1194 2282 alioqui
1244 2226 1408 2269 secta:
1439 2217 1714 2270 antisti-les
1743 2229 2020 2287 praeeunte
2051 2223 2164 2288 ipso
2229 2220 2473 2289 principe
2527 2227 2806 2270 sacrorum
2869 2209 3043 2279 palam
3106 2215 3356 2257 auctores

132 2305 229 2359 l-elh
257 2322 308 2359 se
343 2311 476 2360 lerre
534 2317 592 2361 ut
650 2309 789 2361 sacri
837 2309 1039 2378 piique.
1090 2309 1226 2362 llinc
1269 2324 1568 2362 concursus
1599 2320 1672 2379 ιρι
1709 2326 2046 2367 coacervatis
2082 2329 2140 2368 se
2173 2315 2405 2381 undique
2430 2325 2576 2365 caeco
2603 2309 2804 2377 impetu
2869 2300 3126 2357 colluvies
3188 2294 3360 2349 ωειλ·-

123 2404 321 2457 talorum
351 2405 472 2457 licet
536 2404 671 2473 quid
708 2419 1036 2472 quorsumve
1096 2407 1390 2472 loquantur
1452 2417 1546 2458 aut
1603 2416 1764 2476 agant
1797 2417 2042 2462 amentes
2097 2409 2364 2472 nesciant,
2421 2415 2601 2459 tamen
2640 2399 3039 2471 expeditionem
3093 2401 3363 2446 transma-

125 2513 262 2551 rinam
317 2496 698 2564 lotluentiuui,
758 2498 812 2551 in
865 2512 1094 2566 eamque
1140 2513 1198 2552 se
1246 2500 1678 2557 obtrudcntium.
1715 2499 1824 2555 Nec
1861 2501 2091 2556 fortuna:
2121 2512 2212 2555 aut
2237 2513 2425 2570 captus
2447 2498 2670 2569 majoris
2735 2493 2986 2548 homines
3038 2485 3360 2541 cessabant;

123 2606 219 2644 nam
247 2607 357 2658 quis
387 2604 497 2646 tum
533 2610 712 2664 prope
780 2595 1004 2664 longeve
1077 2597 1392 2648 distantium
1457 2611 1562 2650 non
1627 2607 1963 2664 accurreret,
2023 2615 2128 2652 non
2169 2598 2452 2666 espedirct
2513 2577 2687 2657 arma,
2735 2604 2925 2659 equos,
2985 2585 3150 2646 viros.
3208 2589 3261 2633 ει
3317 2577 3364 2631 εἶ

121 2699 252 2752 quam
285 2686 503 2738 haberet
541 2688 840 2740 militarem
891 2690 995 2742 vim
1051 2705 1115 2742 ac
1171 2706 1411 2754 manum,
1449 2705 1665 2744 summo
1707 2694 1825 2762 ipso
1863 2693 2119 2762 pontifice
2187 2703 2420 2746 canente
2453 2692 2766 2752 classicum,
2821 2696 2875 2738 et
2925 2695 3146 2737 causam
3219 2674 3368 2728 colo-

123 2787 332 2879 r‘atnento
373 2777 480 2830 fuci
523 2779 816 2846 cujusdam
855 2795 951 2849 per
1025 2795 1083 2834 se
1171 2783 1616 2848 commendatam1

1873 2800 1896 2838 υ
1949 2787 2288 2839 auctoritatis
2351 2793 2462 2836 toto
2524 2778 2836 2850 pra-judicio
2911 2767 3208 2830 sacraute?
3275 2764 3366 2818 Sic

122 2865 367 2970 Bailuundi
422 2868 745 2970 fraudibus-
773 2885 1034 2970 persuaso
1085 2885 1221 2940 papa
1291 2881 1668 2941 connuotaque
1700 2873 1853 2928 italia
1924 2875 2167 2944 trajectio
2196 2873 2362 2944 368
2433 2873 2483 2926 in
2536 2869 2810 2940 Illyricum
2864 2864 3095 2921 summis
3173 2856 3368 2914 studiis

121 2961 392 3028 animisque
427 2964 685 3014 omnium
723 2961 1105 3016 festinabatur.

186 3053 486 3106 Ἑπανιτέον
510 3053 571 3105 δὲ
621 3052 779 3117 αὖθις
830 3056 962 3124 πρὸς
1018 3057 1078 3108 τὸ
1115 3056 1503 3127 προκείμενον.
1565 3058 1679 3111 Ἐκ-

1934 3061 2260 3118 avertendum
2285 3073 2449 3129 porro
2470 3067 2550 3110 est
2573 3055 2637 3107 ad
2658 3065 2889 3122 pugnam
2915 3040 3366 3110 Contostephani.
3422 3043 3427 3055 ‘

119 3146 386 3214 θυμότερον
438 3148 544 3216 μὲν
597 3144 697 3200 οὖν
735 3149 785 3201 οἱ
831 3148 1142 3219 ἠπειρῶται
1198 3150 1530 3219 στρατιῶται
1582 3151 1681 3220 τῆς

121 3238 272 3306 μάχης
296 3239 644 3307 ἀντείχοντο,
663 3239 788 3302 τοὺς
807 3237 862 3291 δέ
882 3255 944 3307 γε
970 3241 1191 3304 λοιποὺς
1208 3241 1268 3293 τὸ
1293 3242 1390 3310 τῆς
1412 3241 1683 3312 θαλάττης

117 3327 267 3395 ῥόθιον
298 3329 612 3392 ὑπεδεξατο
657 3328 724 3393 ⁸⁵,
767 3330 1065 3382 κάντεῦθεν
1099 3329 1361 3400 λαμπρὰν
1400 3331 1447 3381 οἱ
1488 3330 1684 3382 Κελτοὶ

118 3416 253 3489 εἷχων
280 3423 324 3453 ⁸⁵
366 3425 450 3486 εἰς
499 3428 705 3495 χεῖρας
749 3425 930 3493 νίκην.
987 3426 1048 3477 Οἱ
1099 3425 1156 3477 δέ.
1203 3442 1264 3492 γε
1315 3425 1684 3494 γενναιότεροι

113 3515 204 3566 τῶν
235 3518 621 3586 στρατιωτῶν,
659 3517 749 3568 καὶ
777 3517 978 3586 μᾶλλον
1011 3519 1059 3570 οἱ
1088 3517 1188 3585 τῆς
1217 3518 1467 3586 μείζονος
1490 3517 1683 3586 τύχης,

116 3600 175 3656 ὢν
201 3607 438 3676 ψέριστοι
478 3608 698 3678 μᾶλλον
724 3611 929 3671 ἐκεῖνος
960 3609 1277 3678 Νικηφόρος
1316 3587 1632 3676 Ἐξαζηῖιδςν
1662 3609 1688 3658 ὁ

410 3702 515 3753 καὶ
585 3701 618 3751 ὁ
673 3700 868 3752 τούτου
931 3701 1225 3767 ἐξάδελφος
1283 3701 1690 3759 Κωνσταντῑνος

124 3786 394 3858 Ἐξειξηνδς
419 3793 448 3842 ὁ
482 3790 835 3858 καλούμενος
858 3791 1089 3857 Δοῦκας,
1116 3794 1209 3843 καὶ
1233 3792 1260 3842 ὁ
1290 3791 1690 3859 ἀνδρικώτατος

121 3878 456 3952 Ἀλέξανδρος
515 3885 548 3936 ὁ
608 3884 961 3955 Εὑφορὸηνός
1021 3886 1118 3936 καὶ
1167 3883 1348 3952 ἕτεροι
1395 3885 1492 3952 τῆς
1524 3882 1691 3950 αὐτῆς

112 3972 249 4035 ἀξίας
302 3977 401 4026 καὶ
448 3977 665 4045 τύχης,
703 3977 1043 4046 μνησάμενοι
1081 3975 1328 4045 Θούριδος
1360 3975 1553 4044 άλκῆς,
1580 3976 1693 4026 ἐπι⁸

109 4067 434 4136 στραξέντες
495 4071 606 4122 καὶ
663 4071 788 4132 τοὺς
843 4071 1130 4132 ἀκινάκεις
1184 4069 1549 4136 σπασάμενοι,
1598 4068 1694 4138 ὅλῃ

109 4165 232 4234 χειρὶ
275 4167 367 4216 καὶ
405 4166 626 4237 γνώμῃ
663 4164 796 4235 πρὸς
829 4165 956 4225 τους
1001 4164 1241 4224 Κελτοὺς
1280 4163 1568 4230 ἐμάχοντο,
1603 4160 1696 4211 τὸν

105 4256 209 4308 ὅλον
238 4259 668 4327 ἀναδεξάμενοι
717 4256 973 4326 πόλεμον,
1007 4259 1102 4309 καὶ
1129 4255 1470 4325 ἡττήσαντες
1497 4253 1695 4314 αὐτοὺς

105 4346 350 4417 λαμπρὰν
378 4351 486 4421 τὴν
524 4348 662 4402 κατ’
708 4349 886 4402 αὐτῶν
920 4351 1080 4414 νίκην
1111 4348 1334 4417 ἤραντο.
1377 4343 1698 4413 Ἀνακωχὴν

121 3696 340 3760 Ύελέας,

1793 3161 1870 3213 Ex
1908 3157 2169 3212 militibus
2199 3154 2316 3220 ejus
2348 3152 2438 3221 qui
2476 3147 2678 3204 assueti
2712 3145 2945 3198 militare
2977 3141 3029 3193 in
3057 3136 3370 3192 continente

1792 3265 1847 3307 et
1883 3251 2240 3306 terrestribus
2288 3244 2486 3314 pteliis
2515 3239 2798 3296 exercitati
2833 3244 3011 3298 erant,
3048 3231 3083 3284 ii
3120 3244 3253 3284 sane
3284 3241 3373 3280 re-

1793 3346 1984 3400 stitere
2032 3340 2223 3394 fortius
2273 3349 2619 3407 pugnamque
2673 3343 2919 3388 traxere,
2972 3335 3198 3378 caeteros
3249 3319 3372 3387 fuga

1792 3435 2053 3509 praecipiti
2086 3442 2304 3487 ruentes
2359 3445 2510 3484 mare
2561 3426 2860 3481 absorbuit.
2912 3419 3268 3485 Magnamque
3319 3413 3373 3464 in

1796 3531 2047 3585 manibus
2077 3542 2140 3582 ac
2167 3524 2505 3594 splendidam
2555 3519 2693 3574 Galli
2729 3517 2914 3585 utique
2951 3511 3230 3566 victoriam
3265 3509 3375 3559 ha-

1796 3622 2017 3686 bebant,
2075 3620 2176 3673 nisi
2227 3633 2292 3671 eo
2342 3613 2573 3668 articulo
2621 3625 2800 3664 rerum
2853 3608 2952 3661 viri
3005 3604 3173 3658 fortes
3199 3601 3287 3671 qui
3319 3600 3373 3651 in

1800 3715 2042 3770 Romano
2065 3710 2343 3764 merebant
2371 3706 2640 3766 exercitu,
2662 3701 2957 3769 praesertim
2974 3696 3062 3763 qui
3085 3693 3374 3747 nobiliores

1799 3809 1944 3862 inter
1977 3807 2097 3860 illos
2119 3813 2172 3857 et
2202 3803 2428 3856 fortuna:
2456 3795 2662 3850 altioris
2680 3802 2834 3846 erant
2863 3789 3200 3854 Nicephorus
3233 3785 3376 3836 Exa-

1800 3916 1990 3965 zenus,
2043 3897 2293 3969 llyeleas,
2350 3903 2405 3946 et
2476 3891 2640 3959 hujus
2687 3885 2948 3955 patruelis
2989 3876 3379 3934 Constantinus

1804 3995 2110 4055 Exazenus,
2161 3989 2251 4056 qui
2297 3993 2520 4037 vocatur
2574 3983 2774 4042 Ducas,
2830 3987 2884 4030 et
2933 3970 3383 4044 generosissimus

1801 4085 2107 4139 Alexander
2146 4079 2535 4148 Euphorhenus
2569 4073 2749 4127 subito
2811 4081 2865 4124 et
2899 4061 3380 4123 vehementissimo

1807 4179 2007 4246 impetu
2033 4171 2305 4234 conversi,
2341 4168 2547 4221 strictis
2577 4163 2887 4218 acinacihus
2917 4169 3025 4212 tota
3060 4171 3218 4210 manu
3247 4161 3385 4206 tote-

1806 4284 1911 4338 que
1964 4268 2146 4319 animo
2203 4269 2594 4330 repugnasseut
2661 4255 2850 4318 Gallis,
2928 4263 3223 4317 eorumque
3273 4247 3383 4303 vim

1811 4363 2115 4415 universam
2167 4357 2486 4425 pondusque
2534 4352 2800 4417 integrum
2871 4345 3064 4416 praelii-
3098 4343 3168 4395 ita
3222 4339 3272 4391 in
3328 4352 3387 4390 se

101 4435 182 4492 οὖν
208 4443 234 4492 ὀ
266 4443 751 4510 Κοντοστέφανος
783 4439 1035 4491 ἐντεῦθεν
1088 4437 1270 4490 λαϐὼν
1299 4436 1396 4504 τῆς
1430 4435 1593 4488 Κελτι

1894 4453 2100 4505 ais-ent
2131 4457 2191 4502 ut
2225 4446 2486 4516 praeclare
2535 4442 2892 4501 sustinerent,
2928 4435 3252 4500 tandemque
3289 4429 3387 4480 hoc

101 4531 463 4599 ἐπελεύσεως,
502 4535 689 4595 λύσας
722 4532 936 4584 ἐκεῖθεν
967 4531 1036 4584 τὰ
1079 4529 1400 4600 πρυμνήσια
1436 4529 1573 4596 μετὰ
1605 4525 1698 4578 τοῦ

99 4626 345 4679 ναυτικοῦ
377 4627 630 4690 παντὸς,
663 4624 755 4677 τὸν
797 4623 1025 4678 Αὐλῶνα
1069 4620 1504 4690 καταλαμϐάνει.
1549 4618 1703 4670 Ἐπεὶ

98 4714 148 4768 δὲ
173 4720 336 4770 ὁπότε
374 4719 646 4790 πρώτως
680 4717 741 4768 τὸ
777 4716 1084 4787 Δυρράχιον
1121 4711 1449 4766 καταλαϐὼν
1481 4710 1578 4773 τὰς
1612 4709 1702 4778 ὑφ’

97 4811 278 4867 ἑαυτὸν
342 4814 693 4880 πολεμικὰς
745 4811 877 4874 ναῦς
926 4807 987 4873 ἐξ
1026 4808 1192 4862 αὐτοῦ
1247 4805 1340 4860 τοῦ
1398 4805 1702 4876 Δυρραχίου

1811 4557 1922 4598 stes
1956 4543 2114 4595 modo
2146 4541 2380 4592 victores
2414 4535 2634 4603 egregie
2664 4533 2967 4584 vincerent.
2999 4519 3386 4590 lnterspirandi

1809 4635 2039 4701 spatium
2079 4641 2301 4699 tutoque
2336 4627 2622 4682 recedendi
2655 4623 2966 4677 facultatem
2996 4619 3184 4672 borum
3220 4613 3390 4664 virtus

1809 4726 2252 4793 Contostephano
2301 4721 2532 4790 paravit.
2564 4721 2679 4784 Qua
2733 4716 2822 4768 ille
2853 4727 2982 4766 usus
3032 4708 3205 4762 soluta
3242 4703 3389 4755 illine

1811 4821 1985 4875 classe
2016 4818 2271 4872 universa
2331 4814 2597 4868 Anionem
2631 4824 2754 4863 cum
2789 4823 2848 4859 ea
2885 4802 3078 4858 tenuit.
3121 4795 3388 4864 Quoniam
3434 4812 3436 4814 ν

1810 4927 1940 4965 vero
1975 4912 2082 4978 jam
2122 4921 2234 4962 tum
2287 4907 2505 4975 quando
2556 4904 2792 4973 primum
2854 4893 3205 4966 Dyrrachium
3244 4887 3392 4942 venit

1813 5017 1976 5056 naves
2003 5016 2138 5068 quas
2167 5001 2399 5053 habebat
2427 4997 2528 5050 sub
2562 5010 2619 5048 se
2657 4992 2903 5048 bellicas.
2931 5003 2995 5042 ex
3032 4985 3148 5053 ipso
3184 4982 3389 5049 Dyrra-

1813 5092 1936 5145 chio
1982 5107 2154 5159 usque
2188 5089 2454 5142 Aulonem
2486 5093 2554 5140 ‘et
2605 5085 2778 5137 locum
2817 5080 3019 5131 dictum
3073 5073 3388 5126 Chimaram

1815 5179 2153 5250 disperserat
2199 5179 2388 5248 (distat
2418 5176 2594 5232 Aulon
2628 5188 2656 5225 a
2689 5166 2988 5240 Dyrrachio
3024 5161 3216 5217 stadiis
3265 5171 3394 5212 cen-

1819 5282 1956 5338 tum,
1988 5273 2242 5326 Chimara
2279 5284 2471 5324 rursus
2517 5266 2582 5321 ab
2611 5264 2818 5319 Aulone
2843 5259 3035 5314 stadiis
3067 5250 3392 5324 sexaginta),

1820 5379 1963 5419 nunc
2010 5363 2151 5417 fama
2205 5362 2682 5431 percrebresceute
2734 5351 2987 5410 instantis
3057 5345 3395 5418 trajectionis

97 4905 252 4972 μέχρι
311 4906 417 4958 τοῦ
479 4904 774 4964 Αὐλῶνος,
830 4906 923 4954 καὶ
977 4902 1146 4971 αὐτῆς
1201 4901 1300 4970 τῆς
1357 4899 1706 4965 καλουμένης

92 4995 349 5065 Χεμάρας
384 4997 436 5032 ⁸⁸
471 4996 794 5064 διέπειρεν,
827 4991 1128 5060 ἀπέχοντος
1159 4991 1255 5059 μὲν
1282 4988 1377 5042 τοῦ
1401 4985 1710 5058 Δυρραχίου

93 5089 179 5140 τοῦ
201 5092 479 5152 Αὐλῶνος
515 5087 783 5145 σταδίους
809 5085 1028 5146 ἑκατὸν,
1052 5085 1149 5152 τῆς
1173 5081 1228 5135 δὲ
1257 5083 1513 5150 Χιμάρας
1531 5080 1572 5109 ⁸⁷
1600 5077 1714 5148 (24)

89 5183 173 5236 τοῦ
204 5187 484 5250 Αὐλῶνος
541 5179 735 5248 αὖθις,
771 5182 1086 5250 ἀπέχουσαν
1138 5177 1390 5239 σταδίους
1444 5174 1713 5244 ἑξήκοντα

91 5277 181 5346 τὴν
202 5279 301 5332 τοῦ
345 5276 732 5347 Βαῖμούντου
764 5273 1129 5344 ἐπειγομένην
1149 5272 1250 5343 ἤδη
1277 5267 1557 5339 ἐμάνθανε
1592 5269 1712 5321 δια-

93 5374 433 5442 περαίωσιν,
473 5369 904 5440 στοχασάμενος
962 5367 1315 5436 ἐνδεχόμενον
1341 5361 1482 5416 εἶναι
1515 5364 1720 5434 μᾶλλον

1239 5481 1444 5543 νοτία)
1487 5480 1792 5542 lectiones
1824 5480 2064 5557 excod.
2104 5477 2360 5540 Coislin.

993 5588 1038 5619 "‘
1067 5584 1369 5655 Χιμαίρας.
1444 5582 1489 5613 ⁸*
1516 5583 1818 5652 Χιμαίρας.

1202 5707 1342 5766 Car.
1387 5699 1709 5764 Dufresnii
1753 5702 1854 5762 Du
1885 5695 2110 5775 Cangii
2140 5700 2330 5758 notae.

1204 5751 1342 5766 um.
1392 5751 1709 5764 ......--.---
1753 5751 1854 5762 η..
1893 5751 2110 5775 -.-ηση
2140 5751 2330 5758 --νῇ
2805 5751 2816 5757 ,

122 5804 1564 5900 .(21f)_qudptfs.'CltirtieraLIi-rbshmaEitiltlaEpiri,
1593 5803 1645 5858 in
1667 5801 1945 5858 Ccrauniis
1967 5799 2164 5866 Plinio,
2191 5796 2333 5854 haud
2369 5794 2530 5867 387
2551 5791 2738 5865 procul
2762 5805 2789 5845 a
2822 5788 3056 5856 Corcyra
3078 5775 3272 5841 insula,
3299 5770 3396 5829 bo-

83 5876 170 5945 die
194 5876 513 5947 (ῙῘιίιηᾶι-αῖ
561 5882 698 5938 Vide
730 5881 1041 5936 Leunclavii
1077 5877 1246 5933 Pand.
1303 5895 1355 5932 n.
1390 5876 1516 5928 2:10.

151 5595 196 5625 “
221 5593 591 5663 ὑπεδέχετο.
673 5590 718 5619 ⁸⁸
751 5583 916 5657 εἶχον.
