3780 6560
417 366 523 428 919

1746 368 1968 430 ΑΝΝίΕ
2002 369 2409 429 (ΣΟΜΝΕΝΖΕ.

3531 379 3618 444 920

419 485 656 552 pbanum
717 483 906 552 legalis
958 484 1372 552 expugnationis
1425 483 1681 554 impetum
1734 484 1976 538 ultimum

2089 482 2206 549 μετ’
2229 481 2398 533 αὑτοῦ
2425 479 2659 543 σπονδὰς
2687 480 3003 551 ὑπισχνεῖτο
3030 481 3378 552 ποιήσασθαι,
3405 485 3524 553 πρὸς
3544 494 3613 545 ατ)

419 579 708 644 deprecata
741 585 844 640 est,
881 576 1209 629 deditionem
1263 576 1344 629 sui
1395 591 1458 630 ac
1503 577 1734 630 civitatis
1785 577 1835 631 in
1888 593 1982 645 po-

422 675 670 721 testatem
708 666 1046 734 imperatoris
1072 667 1366 734 spondeus,
1396 668 1834 737 confirmatisque
1864 684 1983 723 sese

421 757 486 807 ad
516 753 1012 822 COIIIOSICPiIaIIUIII
1044 757 1238 810 ituram
1270 769 1320 810 et
1366 773 1548 812 coram
1594 775 1716 812 cum
1764 775 1828 814 eo
1875 769 1984 814 tra-

417 853 683 898 etatnram
715 846 782 898 de
814 847 974 899 rebus
1005 847 1232 915 imperio
1272 850 1513 911 utilibus,
1547 851 1610 904 de
1645 851 1837 918 quibus
1871 852 1984 918 ipse

414 938 815 1004 quamprimum
857 939 1148 992 admonere
1178 940 1559 1009 imperatorem
1587 942 1821 996 deberet.
1864 941 1984 996 Haec

420 1036 576 1079 canta
617 1025 815 1080 femina
847 1027 925 1080 sic
971 1029 1166 1096 agebat
1209 1039 1265 1081 ιιι
1309 1030 1581 1082 iuraretur
1626 1030 1842 1084 interim
1893 1047 1987 1084 ue-

414 1121 709 1171 ressarium
742 1119 975 1186 spatium
1027 1120 1240 1174 auxiliis
1279 1123 1694 1177 adventantibus
1741 1138 1981 1176 suorum.

416 1208 692 1277 Siquidem
727 1210 834 1279 jam
870 1228 898 1264 a
922 1212 1096 1280 primo
1127 1212 1490 1268 Romanarum
1519 1217 1732 1270 navium
1758 1217 1984 1285 appulsu

416 1303 483 1356 ad
523 1319 688 1356 unum
723 1319 753 1357 e
787 1306 898 1357 suis
933 1305 1056 1358 liliis
1113 1308 1378 1375 trepidum
1425 1319 1476 1362 et
1535 1309 1732 1362 auxilia
1773 1309 1984 1380 flagita-

412 1407 592 1450 turum
631 1397 902 1451 curriculo
931 1399 1176 1452 nuntium
1202 1400 1442 1454 miserat.
1469 1399 1543 1454 Eo
1575 1403 1739 1469 igitur
1759 1402 1987 1456 consilio

413 1490 572 1541 vanis
618 1489 816 1557 spebus
861 1489 1010 1543 vafra
1050 1490 1242 1545 mulier
1294 1493 1514 1546 minime
1565 1493 1686 1547 tnali
1751 1494 1985 1548 hominis

415 1579 838 1647 Contostepbani
887 1597 1205 1648 suspensum
1247 1584 1484 1638 laetabat
1529 1586 1790 1650 aniuiutn,
1840 1595 1898 1639 ut
1941 1587 1984 1638 si

414 1669 553 1724 forte
583 1671 799 1724 interim
846 1683 1108 1735 armatus,
1153 1690 1312 1742 quem
1345 1679 1712 1743 exspectabat,
1776 1675 1987 1731 adforet

412 1763 578 1827 titius,
629 1778 818 1823 scena,
871 1773 926 1817 ut
969 1767 1200 1834 tragicos
1243 1766 1434 1831 aiunt,
1475 1778 1695 1836 repente
1758 1769 1982 1838 dejecta,

411 1853 524 1907 vim
559 1854 897 1922 experire-tur
926 1871 1269 1926 pugnamque
1293 1870 1622 1927 capesseret.
1663 1859 1930 1914 Successit
1957 1875 1986 1913 e
2019 1837 2058 1890 Β

414 1946 683 1998 sententia
737 1945 913 1999 dolus.
961 1946 1173 2000 Audita:
1223 1949 1395 2002 misue
1443 1964 1604 2004 voces
1653 1959 1704 2003 et
1748 1964 1983 2004 consona

412 2035 768 2090 conclamatio
803 2039 1148 2091 obsessorum
1175 2040 1376 2106 pariter
1404 2055 1525 2092 cum
1551 2040 1986 2108 oppugnantibus

411 2130 716 2194 Augustum
767 2139 821 2182 et
890 2129 1190 2183 Romanum
1245 2132 1532 2200 imperium
1585 2133 1983 2197 venerantium,

413 2223 651 2276 tardavit
684 2224 857 2292 primo
887 2227 1150 2296 impetum
1187 2228 1453 2293 victoriae,
1479 2227 1780 2299 ducemque
1821 2230 1987 2284 collo-

411 2314 503 2380 qui
531 2330 594 2369 ac
615 2318 759 2383 pacis
795 2327 1000 2371 morata
1033 2318 1194 2390 367
1221 2330 1301 2373 est
1331 2321 1552 2377 mentio.
1578 2321 1743 2377 Adest
1771 2321 1983 2376 interim

409 2416 761 2474 exspectatus
795 2409 862 2463 ab
895 2411 1117 2464 lteroina
1153 2411 1313 2478 illius,
1347 2413 1573 2468 comites
1621 2430 1802 2469 secum
1849 2415 1985 2469 alios

408 2497 554 2550 viros
601 2498 877 2568 priaripcs
928 2501 1150 2567 ducens,
1203 2502 1397 2555 idoneo
1440 2518 1706 2573 quemque
1756 2521 1986 2561 numero

407 2600 687 2656 sequente.
744 2589 963 2644 lrruunt
1012 2607 1200 2646 omnes
1255 2595 1308 2647 in
1355 2596 1859 2663 Contosteplianutn
1903 2597 1986 2650 in-

416 2681 654 2739 hiantem
690 2683 971 2749 promissis
1021 2694 1072 2736 et
1120 2683 1372 2738 feriatum
1428 2685 1698 2749 videlicet,
1751 2702 1984 2756 eumque

411 2772 568 2838 plane
616 2775 860 2828 vincunt.
905 2773 1086 2829 Turba
1136 2778 1314 2831 omnis
1361 2776 1474 2830 fere
1533 2777 1767 2842 nautica,
1816 2788 1986 2832 terre-

411 2862 715 2934 striumque
749 2866 1030 2935 inexperta
1065 2884 1362 2938 pugnarum
1395 2870 1614 2924 incursu
1642 2869 1817 2940 primo
1863 2869 1980 2926 fusa

411 2953 702 3022 fugataque
733 2956 785 3010 in
819 2973 966 3012 mare
999 2975 1057 3013 se
1091 2961 1336 3030 proiecit.
1369 2961 1734 3016 Excurreraut
1761 2962 1918 3031 paulo
1952 2978 1980 3016 a

411 3046 546 3100 mari
581 3047 792 3116 longius
827 3050 1148 3119 Scytharum
1195 3051 1409 3119 quidam
1442 3054 1617 3117 (erant
1650 3053 1703 3105 in
1737 3052 1982 3106 ltomano

411 3147 522 3192 tum
573 3141 816 3195 exercitu
887 3157 954 3195 ex
1011 3154 1169 3211 gente
1237 3143 1336 3198 ista
1389 3142 1587 3198 milites
1646 3159 1748 3196 non
1801 3145 1978 3214 pauci)

409 3230 688 3297 praedandi
730 3246 915 3298 causa,
953 3240 1011 3286 ut
1061 3247 1178 3287 mos
1230 3242 1313 3287 est
1375 3234 1582 3288 talium.
1634 3235 1711 3288 Ex
1765 3236 1830 3290 iis
1861 3238 1977 3305 capi

407 3325 638 3394 contigit
690 3327 914 3379 omnino
965 3342 1081 3393 sex,
1120 3344 1257 3398 quos
1302 3331 1367 3384 ad
1424 3348 1482 3386 se
1518 3333 1712 3388 missos
1753 3333 1978 3388 intuitus

407 3413 744 3472 Baimundus
776 3432 880 3471 non
913 3407 1093 3474 mitius
1127 3436 1287 3489 quam
1323 3422 1497 3491 magni
1527 3423 1813 3490 adeptione
1841 3424 1973 3478 lucri

403 3510 618 3573 gavisus
643 3521 764 3575 est;
793 3511 1008 3564 videbat
1041 3512 1185 3564 enim
1219 3528 1379 3582 quam
1412 3513 1574 3567 utiles
1605 3513 1639 3566 ii
1668 3513 1832 3568 futuri
1869 3516 1972 3569 sibi

402 3608 586 3652 essent
619 3602 685 3655 ad
721 3602 974 3656 invidiam
1009 3603 1320 3672 imperatori
1345 3605 1480 3674 apud
1509 3605 1780 3674 principes
1810 3606 1976 3660 Italiae

403 3688 761 3748 conflaudatn.
819 3692 1015 3748 Statim
1071 3695 1232 3764 igitur
1278 3696 1363 3749 bis
1413 3697 1703 3765 assumptis
1748 3698 1970 3751 Romam

403 3767 599 3849 pergit,
657 3786 1023 3857 tltronumque
1071 3787 1182 3840 adit
1238 3789 1615 3856 apostolicum,
1670 3804 1732 3843 ac
1783 3806 1972 3859 papam

400 3888 714 3944 aggressus,
746 3877 1011 3944 ejusmodi
1044 3879 1288 3932 oratione
1319 3894 1438 3946 qua:
1467 3888 1646 3934 vetera
1685 3880 1806 3934 odia
1843 3882 1973 3936 bar-

396 3963 661 4022 Larorum
699 3971 924 4024 istorum
956 3973 1217 4026 adversus
1251 3988 1421 4041 genus
1453 3983 1698 4026 nostrum
1731 3972 1976 4029 Orienta-

398 4055 531 4110 lium
564 4058 935 4115 Romanorum
987 4079 1250 4118 renovare
1303 4072 1462 4132 atque
1507 4080 1839 4135 exasperare
1891 4081 1975 4119 re-

398 4144 644 4202 fricando
672 4158 872 4220 posset,
909 4152 1065 4207 facile
1099 4164 1266 4207 totum
1300 4154 1674 4210 inﬂammavit.
1702 4157 1819 4221 Quo
1847 4172 1974 4212 vero

395 4239 586 4306 etiam,
614 4242 704 4307 qui
737 4242 878 4296 circa
914 4244 1231 4299 Pontificem
1264 4257 1440 4314 erant,
1474 4261 1840 4303 commoveret
1877 4251 1974 4304 lta-

397 4329 483 4384 los
513 4330 564 4384 in
593 4332 725 4386 iram
750 4335 1166 4403 implacabilem,
1187 4339 1642 4406 persnadcrctque
1665 4339 1799 4409 ipsis
1824 4343 1972 4396 velut

395 4436 714 4492 argumento
734 4426 846 4494 jam
875 4437 1035 4498 atque
1063 4430 1436 4496 experimento
1468 4433 1754 4487 manifesto
1799 4434 1970 4488 veris-

2085 573 2174 625 τόν
2221 589 2280 624 τε
2328 571 2702 636 ἐξελεύσεσθαι
2752 576 2820 626 τὰ
2868 575 3009 626 κατὰ
3057 575 3258 626 σκοπὸν
3308 576 3622 636 tit-nummo.

2089 665 2250 734 μένη,
2281 665 2354 727 ὡς
2385 666 2562 717 πάντα
2593 665 2842 718 διἀὑτοῦ
2875 666 3141 736 δηλωθείη
3174 667 3249 733 τῷ
3283 668 3619 740 αὐτοκράτορι,

2087 757 2323 810 Τοιαῦτα
2360 758 2416 808 δὲ
2450 759 2763 827 ἐμηχανᾶτο
2801 757 3165 826 ἀτταιωροῦσα
3207 759 3298 810 τὸν
3337 759 3424 810 τοῦ
3465 763 3623 817 Κοντο-

2087 851 2352 916 στεφάνου
2379 849 2639 918 λογισμὸν
2659 890 2672 912 ,
2699 849 2750 901 εἴ
2774 867 2875 900 που
2903 851 2960 902 ἐν
2986 849 3062 916 τῷ
3090 851 3294 918 μεταξὺ
3322 851 3622 908 καταλαϐοιὸ

2085 942 2292 1012 ταύτης
2344 943 2480 1003 υἱὸς,
2518 943 2614 995 καὶ
2654 942 2956 1011 τηνικαῦτα
3001 943 3100 1011 τὴν
3148 941 3375 1010 σκηνὴν,
3413 943 3620 1016 καθάπερ

2085 1034 2213 1096 τοὺς
2264 1033 2522 1102 τραγικός
2547 1034 2590 1065 ⁸⁸
2644 1051 2800 1101 φασι.
2854 1032 3077 1104 ῥίψασα,
3133 1035 3312 1102 μάχης
3371 1034 3619 1100 ἀνθέξοιτο.

2087 1125 2406 1194 Συμμιγοῦς
2443 1123 2537 1178 οὖν
2573 1126 2670 1194 τῆς
2707 1125 2962 1195 εύφὴμης
2999 1125 3107 1176 ἀπό
3140 1141 3199 1176 τε
3233 1124 3346 1175 τῶν
3381 1125 3512 1186 ἐντὸς
3540 1129 3622 1182 ἀπό

2087 1233 2146 1268 τε
2181 1216 2291 1268 τῶν
2325 1217 2481 1279 ἐκτὸς
2515 1216 2807 1285 γινομένης
2849 1219 2940 1269 καὶ
2978 1218 3156 1269 πάντα
3188 1215 3257 1267 τὰ
3294 1217 3450 1285 πέριξ
3481 1235 3623 1272 κατει-

2089 1308 2339 1379 λειφυίας
2370 1310 2435 1374 ⁸⁸,
2473 1310 2596 1362 ἐπεὶ
2638 1311 2899 1371 τοιούτοις
2948 1309 3126 1374 λόγοις
3163 1309 3258 1362 καὶ
3300 1311 3619 1375 ἐπαγγελίαις

2087 1399 2309 1468 ψευδέσι
2354 1401 2446 1452 τὸν
2487 1400 2581 1452 τοῦ
2621 1399 3070 1466 Κοντοστεφάνου
3111 1398 3622 1468 ἀπῃώρει-λογισμὸν

2087 1493 2121 1559 ἡ
2143 1491 2469 1560 στρατιῶτις
2493 1491 2675 1561 ἐκείνη
2700 1493 2862 1559 γυνὴ,
2888 1491 2962 1552 ὡς
2983 1493 3223 1560 εἴρηται,
3248 1491 3623 1556 καταλαμϐάνει

2087 1581 2182 1636 καὶ
2208 1582 2234 1633 ὁ
2265 1580 2718 1651 προσδοκώμενος
2755 1580 2873 1650 μεθ’
2900 1575 2974 1632 ὦν
3008 1581 3361 1646 συναπήγετο
3389 1581 3621 1648 κομήτων,

2089 1678 2182 1726 καὶ
2215 1673 2382 1742 ὁμόσε
2420 1673 2558 1726 κατὰ
2590 1672 2681 1724 τοῦ
2721 1673 3170 1740 Κοντοστεφάνου
3211 1672 3489 1740 χωρήσας,
3517 1673 3624 1740 ἡττᾷ

2090 1769 2455 1839 κατακράτος.
2496 1769 2560 1823 Οἱ
2599 1768 2697 1836 μὲν
2731 1763 2822 1821 οὖν
2858 1767 2953 1820 τοῦ
2983 1765 3248 1819 ναυτικοῦ
3288 1768 3542 1826 ἅπαντες,
3567 1765 3621 1828 ὡς

2091 1864 2310 1931 ἄπειροι
2349 1863 2448 1930 τῆς
2474 1862 2562 1914 διὰ
2596 1862 2766 1932 ξηρᾶς
2799 1861 2996 1930 μάχης,
3033 1862 3100 1930 τῇ
3159 1859 3398 1930 θαλάττῃ
3443 1858 3623 1919 ἑαυτοὺς

2090 1952 2491 2021 προσέρριψαν.
2531 1951 2652 2004 Τῶν
2681 1951 2736 2003 δέ
2775 1968 2836 2018 γε
2861 1949 3082 2002 Σκυθῶν
3122 1947 3621 2016 προεκδραμόντωνο

2089 2043 2344 2112 παρῆσαν
2372 2043 2482 2112 γὰρ
2526 2043 2700 2092 ἱκανοὶ
2742 2039 2878 2108 μετὰ
2904 2039 2996 2091 τοῦ
3045 2035 3358 2105 Ῥωμαῖκοῦ
3397 2036 3623 2112 στρατεύ-

2091 2151 2259 2202 ματος
2300 2136 2356 2185 ἐν
2395 2133 2468 2201 τῷ
2501 2131 2678 2204 καιρῷ
2715 2134 2811 2198 τῆς
2863 2133 3044 2200 μάχης
3067 2147 3080 2159 ·
3118 2133 3196 2190 εἰς
3233 2125 3525 2196 προνομὴν.
3566 2124 3624 2186 ὡς

2088 2224 2206 2287 ἔθος
2236 2227 2347 2286 τοῖς
2393 2223 2651 2286 τοιούτοις
2685 2221 3015 2293 Βαρϐάροις,
3063 2220 3410 2290 συμϐέϐηκεν
3459 2217 3627 2270 ἁλῶναι

2087 2315 2292 2370 τούτων
2324 2315 2382 2378 ἓξ
2411 2315 2502 2367 τὸν
2535 2313 2790 2384 ἀριθμὸν,
2825 2312 2917 2375 οὒς
2964 2314 3058 2365 καὶ
3093 2311 3497 2368 ἀποσταλέντας
3528 2309 3628 2360 θεα-

2091 2412 2321 2480 σάμενος
2343 2411 2370 2460 ὁ
2395 2406 2754 2477 Βαῖμοῦντος,
2782 2407 3034 2470 καθάπερ
3059 2423 3110 2456 τι
3139 2405 3397 2472 μέγιστον
3418 2402 3626 2469 πόρισμα

2086 2503 2310 2564 τούτους
2330 2499 2532 2561 λαϐὼν,
2554 2499 2714 2560 εὐθὺς
2735 2498 2870 2564 πρὸς
2905 2495 3123 2564 Ῥώμην
3148 2494 3335 2563 ἀπῄει.
3363 2493 3466 2543 Καὶ
3487 2508 3626 2542 xam-

2086 2596 2266 2649 λαϐὼν
2304 2595 2393 2646 τὸν
2451 2592 2808 2656 ἁποστολικὸν
2841 2590 3030 2660 θρόνον
3062 2589 3156 2641 καὶ
3212 2586 3291 2656 τῷ
3340 2588 3492 2652 itan;
3534 2584 3621 2650 βξ)

2071 2687 2390 2760 ,διαλεχθεὶς
2431 2688 2524 2738 καὶ
2566 2685 2701 2753 πρὸς
2734 2682 2906 2754 ὀργὴν
2951 2682 3070 2734 ὅλον
3107 2681 3337 2749 κινήσας
3373 2678 3508 2729 κατὰ
3539 2676 3622 2726 τῶν

2097 2778 2385 2848 Ῥωμαίων
2420 2777 2512 2830 καὶ
2536 2775 2634 2846 τὴν
2662 2775 2925 2828 ἀνέκαθεν
2961 2773 3069 2826 τῶν
3111 2771 3420 2841 Βαρϐάρων
3450 2767 3626 2819 τούτων

2088 2871 2248 2940 μῆνιν
2314 2867 2456 2920 κατὰ
2507 2866 2602 2919 τοῦ
2655 2865 2936 2935 ἡμεδαποῦ
2991 2864 3181 2933 γένους
3217 2862 3262 2892 ⁸³
3311 2859 3624 2928 ἁνερεθίσας,

2085 2962 2171 3014 ἵνα
2237 2960 2438 3030 μᾶλλον
2490 2959 2616 3021 τοὺς
2666 2959 2809 3027 ἀμφὶ
2867 2959 2958 3009 τὸν
3016 2957 3202 3009 πάπαν
3270 2952 3499 3011 Ἰταλοὺς
3549 2952 3624 3001 ὲκ-

2086 3054 2311 3122 μήνειεν
2369 3052 2397 3104 ὁ
2453 3050 2818 3120 Βαῖμοῦντος,
2855 3049 2950 3102 καὶ
3003 3050 3129 3110 τοὺς
3181 3045 3488 3104 ἑαλωκότας
3537 3040 3626 3092 τῶν

2086 3145 2309 3198 Σκυθῶν
2342 3145 2727 3213 παρεστήσατο
2776 3140 2966 3210 ὥσπερ
3003 3139 3062 3203 ἐξ
3109 3137 3290 3191 αὐτῶν
3327 3136 3429 3188 τῶν
3470 3149 3625 3200 πραγο

2087 3239 2275 3308 μάτων
2363 3235 2771 3305 ἐνδεικνύμενος
2863 3233 2939 3294 ὡς
2994 3233 3102 3300 ἄρα
3186 3233 3215 3282 ὁ
3292 3227 3620 3294 αὐτοκράτωρ

2095 3333 2326 3396 Ἀλέξιος
2353 3331 2626 3399 δυσμενῶς
2664 3331 2799 3401 ἔχων
2833 3328 2901 3382 τὰ
2935 3327 3068 3397 πρὸς
3099 3325 3472 3396 Χριστιανοὺς,
3503 3323 3622 3389 Βαρ-

2084 3425 2287 3492 δὰρους
2319 3423 2473 3484 τινὰς
2506 3421 2767 3482 ἀπίστους
2805 3421 2898 3472 καὶ
2931 3419 3254 3479 ἀλλοκότους
3296 3413 3622 3476 ἱπποτοξότας

2081 3516 2358 3585 ἐφίστησι,
2392 3513 2533 3567 κατὰ
2558 3511 2665 3564 τῶν
2698 3510 3041 3580 Χριστιανῶν
3068 3508 3229 3560 ὅπλον
3251 3504 3521 3564 κινοῦντας
3543 3503 3620 3554 καὶ

2080 3607 2238 3673 τόξον
2295 3607 2656 3668 ἑντείνοντας,
2694 3603 2787 3656 καὶ
2833 3603 2917 3670 ἐφ’
2951 3603 3182 3654 ἑκάστου
3214 3600 3374 3666 λόγου
3405 3597 3619 3649 τοιούτου

2080 3699 2372 3752 ὑπεδείκνυ
2405 3699 2528 3760 τοὺς
2555 3696 2768 3759 Σκύθας
2793 3696 3036 3755 ἐκείνους
3066 3693 3144 3761 τῷ
3181 3693 3339 3761 πάπᾳ
3368 3688 3620 3746 Σκυθικῶς

2077 3792 2449 3861 ἐσταλμένους
2475 3793 2567 3842 καὶ
2598 3788 2739 3842 κατὰ
2764 3788 2826 3840 τὸ
2851 3786 3042 3848 εἰωθὸς
3069 3785 3207 3856 πρὸς
3229 3784 3288 3834 τὸ
3321 3778 3619 3851 βαρϐαρικὸν

2077 3885 2515 3945 ἀποϐλέποντας,
2539 3884 2632 3936 καὶ
2655 3881 2878 3942 τούτους
2897 3879 3039 3931 κατὰ
3060 3878 3118 3928 τὸ
3135 3877 3258 3938 ἔθος
3281 3875 3384 3926 τῶν
3407 3873 3620 3926 Λατίνων

2080 3977 2361 4045 παγάνους
2383 3976 2494 4046 (‘25)
2524 3974 2636 4028 ἅνω
2653 3972 2748 4024 καὶ
2781 3972 2931 4023 κάτω
2963 3967 3363 4038 προσηγόρευε,
3391 3981 3618 4030 καταμωο

2085 4069 2335 4140 κώμενος
2370 4069 2463 4120 καὶ
2499 4063 2734 4134 τοῦνομα
2759 4065 2856 4115 καὶ
2883 4062 2943 4114 τὸ
2975 4064 3181 4130 σχῆμα.
3211 4057 3526 4124 ῐῐανούργως
3545 4054 3611 4116 δὲ,

2083 4163 2156 4224 ὼς
2181 4161 2346 4224 ἔοικε,
2385 4161 2447 4213 τὸ
2468 4160 2703 4228 πρᾶγμα
2746 4152 3149 4223 μετεχειρίζετο
3191 4150 3286 4202 τοῦ
3323 4151 3458 4201 κατὰ
3501 4147 3614 4212 Χρι-

2082 4254 2314 4306 στιανῶν
2359 4251 2622 4319 πολέμου,
2658 4249 2744 4302 ἵνα
2795 4246 2857 4317 δὴ
2885 4245 2980 4298 καὶ
3004 4241 3396 4312 ἀρχιερατικὴν
3425 4239 3614 4305 γνώμην

2080 4345 2436 4414 συμπείσειεν
2457 4343 2532 4406 ὡς
2555 4344 2784 4410 εὐλόγως
2805 4344 2911 4410 ἄρα
2937 4337 3077 4392 κατὰ
3099 4337 3196 4403 τῆς
3219 4335 3325 4386 τῶν
3363 4329 3611 4398 Ῥωμαίων

2078 4439 2276 4508 ἔχθρας
2340 4438 2630 4505 κεκίνητο,
2679 4438 2737 4488 ὲν
2798 4433 2980 4502 ταύτῷ
3065 4429 3488 4501 μνηστευόμενος
3535 4420 3611 4474 καὶ

1462 4548 1665 4609 Variaa
1707 4549 2018 4613 lectiones
2042 4569 2114 4613 ex
2149 4551 2292 4613 coal.
2320 4550 2584 4612 Coislin.

465 4667 506 4698 ⁸³
553 4667 870 4736 τραγικούς.
951 4669 997 4699 ⁸⁸
1028 4668 1445 4739 κατειληφυίας.
1522 4670 1833 4734 ⁸³στένους.

1427 4789 1563 4848 Car.
1600 4786 1915 4849 Dufresuii
1964 4789 2058 4847 Du
2092 4785 2318 4865 Cangii
2355 4793 2542 4848 noue.

465 4911 574 4976 (29.)
614 4907 697 4974 Τῷ
736 4885 931 4979 Urina.
965 4908 1296 4977 l’ascltalili,
1329 4927 1437 4968 non
1479 4911 1716 4976 Urbano,
1751 4922 1811 4966 ut
1851 4913 1960 4967 vult
1989 4913 2041 4972 D
2068 4915 2182 4967 sine
2229 4911 2487 4973 baptismo
2526 4921 2736 4978 patrum
2765 4910 3076 4978 negligentia
3117 4912 3186 4963 ad
3225 4910 3429 4977 gentilis
3462 4911 3606 4962 imita-

389 4982 637 5036 Allatins.

462 5053 573 5122 (ἓὸ)
604 5049 1215 5122 Πιιγὰνους.8(ε)⁷ι1κις,
1249 5053 1418 5122 inquit
1443 5053 1617 5114 Anna,
1648 5053 1962 5107 Latinorum

391 5120 694 5191 ηψπ-θέσθω
728 5120 1107 5191 receptoapud
1143 5120 1367 5178 Latinos
1413 5125 1667 5178 idiomate
1711 5135 1764 5178 et
1800 5141 1962 5178 voca-

387 5192 516 5244 bulo
565 5190 807 5258 l’aganos
847 5190 1168 5260 appellabat.
1205 5192 1396 5248 Verum
1444 5210 1616 5247 voxne
1658 5194 1807 5248 Latia
1855 5196 1960 5259 sit,

389 5273 449 5314 ut
476 5262 713 5314 dubitem
758 5260 885 5316 facit
918 5265 1322 5326 Constantinus,
1355 5263 1444 5331 qui
1487 5264 1622 5318 libro
1657 5264 1733 5316 De
1757 5265 1958 5318 admin.

388 5333 520 5392 imp.
557 5345 674 5394 Cap.
708 5332 799 5393 29.
830 5333 1064 5405 aSlavis
1094 5346 1310 5405 etymon
1360 5334 1622 5392 accersit,
1656 5336 1850 5400 quibus
1887 5335 1956 5405 ita

387 5402 814 5472 indignabantur
867 5403 1114 5470 baptismi
1154 5402 1417 5472 'ettpertes
1453 5421 1465 5456 :
1502 5405 1763 5465 Παγάνοι,
1821 5404 1961 5456 κατὰ

389 5472 486 5538 τὴν
514 5470 622 5524 τῶν
655 5470 933 5542 Σκλάϐων-
962 5470 1247 5540 γλῶσσαν,
1284 5475 1608 5527 ἁϐἀπτιστοι
1663 5474 1962 5542 ἑρμηνεύε-

389 5559 503 5594 ται,
540 5542 713 5604 Atque
749 5541 872 5593 hinc
913 5539 1049 5595 forte.
1079 5545 1337 5604 manavit,
1377 5554 1431 5596 nl.
1464 5546 1602 5612 apud
1641 5539 1736 5598 nos
1783 5539 1959 5595 infan-

391 5621 490 5669 tes.
522 5626 750 5682 quorum
783 5613 946 5664 certis
973 5629 1033 5665 cx
1060 5615 1237 5668 causis
1261 5616 1610 5668 dilIerebatur
1635 5617 1960 5682 baptistuus,

389 5682 582 5752 pagani
627 5680 784 5752 vulgo
835 5696 1311 5752 llllllcl'llal‘t‘lllllr,
1363 5685 1560 5750 quibus
1620 5680 1856 5752 poStbam
1907 5684 1958 5736 in

385 5750 627 5815 ioculare
658 5750 709 5804 id
742 5751 973 5804 nominis
1019 5754 1250 5806 transiit.
1291 5750 1906 5808 LatnbertusArdensis
1935 5769 1954 5811 :
1987 5792 2010 5798 Α

391 5821 494 5885 Qui
524 5821 935 5878 Norehontcnsis
961 5821 1174 5878 Domini
1204 5824 1368 5893 ﬁliam
1397 5821 1508 5893 jam
1555 5826 1826 5879 decennt‘m
1855 5863 1868 5890 ,
1907 5836 1950 5878 et

2069 4987 2257 5036 lienem
2287 4982 2550 5048 squaloris
2586 4981 2758 5033 adhuc
2789 4989 3178 5045 permanentem
3215 5021 3228 5038 ,
3266 4992 3313 5034 et
3369 4996 3515 5046 usque
3554 4979 3605 5028 ad

2067 5054 2181 5114 hoc,
2212 5062 2256 5104 et
2287 5055 2348 5104 ob
2376 5054 2471 5103 hoc
2513 5067 2774 5117 paganum
2807 5061 3044 5102 vocatum
3071 5051 3354 5112 baptizavit
3380 5090 3393 5114 ,
3442 5058 3485 5101 et
3515 5065 3604 5100 eum

2067 5124 2276 5175 nomine
2333 5138 2426 5173 suo
2478 5121 2671 5173 voravit
2715 5119 3005 5174 Abraham.
3045 5119 3286 5187 Diploma
3339 5137 3425 5174 an.
3466 5119 3606 5175 i096,

2066 5194 2118 5245 in
2154 5192 2344 5245 Taliul.
2380 5190 2436 5244 S.
2470 5191 2683 5243 Martini
2721 5190 2890 5244 Paris.
2937 5187 3024 5240 Vir
3051 5191 3264 5255 quidam
3310 5190 3528 5258 egregius
3571 5194 3609 5238 et

2064 5263 2210 5316 miles
2274 5273 2548 5324 strenuus;
2593 5277 2827 5330 paganus
2872 5260 3191 5330 appellatus,
3251 5275 3282 5312 a
3338 5262 3608 5330 baptismate

2066 5332 2376 5386 Walter-ins.
2423 5331 2528 5384 Sed
2565 5349 2631 5384 an
2669 5329 2879 5397 pagani
2931 5345 3029 5382 vox
3082 5329 3363 5382 Slztvomm
3415 5329 3601 5396 propria

2067 5402 2244 5464 fuerit,
2279 5417 2503 5466 eamque
2533 5403 2597 5453 ab
2628 5399 2730 5454 illis
2780 5399 2950 5452 Latini
2999 5401 3302 5462 hauserint,
3351 5400 3468 5469 jure
3510 5412 3610 5448 con-

2066 5473 2285 5526 ttmcrsi
2313 5483 2510 5538 potest,
2547 5487 2665 5523 cum
2700 5471 2854 5538 longe
2903 5479 3029 5522 ante
3084 5472 3363 5523 Slavornm
3395 5469 3605 5522 auditum

2067 5557 2255 5594 nomen
2288 5550 2550 5610 nsurpeut
2589 5540 2880 5615 scriptores
2914 5540 3210 5615 Qliristiani
3233 5582 3248 5604 ,
3294 5541 3389 5615 etsi
3420 5541 3467 5591 in
3497 5553 3607 5615 con-

2066 5609 2207 5664 fesso
2230 5613 2297 5666 sit
2328 5609 2450 5664 ante
2477 5611 2892 5684 Constantinum
2931 5609 3000 5661 Μ.
3032 5611 3478 5684 etCtmstatttitttn
3527 5609 3601 5684 vix

2067 5692 2381 5748 usurpatum
2417 5682 2514 5734 hac
2539 5681 2757 5734 notione
2777 5693 2889 5748 prof,
2908 5680 3196 5747 gentilibus
3232 5690 3286 5732 et
3317 5678 3598 5748 idololatriS.

2067 5761 2121 5801 ut
2168 5744 2372 5817 pridem
2409 5753 2751 5808 observatum
2777 5744 2823 5804 τι
2868 5744 3099 5804 Baronio
3136 5749 3187 5804 in
3236 5749 3355 5804 Not.
3387 5748 3448 5802 ad
3477 5744 3600 5799 Mar-

2062 5821 2218 5876 li't‘ol.
