3900 6578
480 369 584 435 951

1764 375 1989 434 nm
2024 370 2399 431 consensa
3599 374 3684 455 953

485 490 791 545 machinam
814 488 1133 553 agitantium
1164 508 1175 541 ε
1200 502 1317 555 qua:
1345 497 1401 541 ιιι
1429 501 1486 539 se
1513 487 1764 556 ipsosque
1790 488 2046 556 pulsando

2157 503 2266 539 νων
2288 486 2427 556 ὀπὴν
2451 485 2828 556 ἁνερρωγότες
2851 483 2975 537 κατ’
3001 482 3230 555 ἀντικρῦ
3263 485 3359 537 καὶ
3391 484 3680 559 θεασάμενοι

480 587 761 651 rumperet
788 594 1061 647 nunquam
1100 580 1311 648 aperire
1354 589 1562 631 tantum
1598 580 1734 633 muri
1782 580 1903 634 labe
1933 581 2052 632 adi-

474 684 587 726 tum
622 679 825 740 posset,
867 680 1128 739 quantum
1163 678 1315 723 esset.
1349 672 1492 737 quod
1545 670 1685 723 ultro
1734 672 2054 738 aperiebant

475 763 711 830 spatium
738 771 1017 831 portarum
1058 762 1366 828 patentibus
1396 762 1587 817 valvis.
1621 762 1682 815 lli
1720 763 1859 817 sales
1890 773 2054 830 atque

476 852 563 904 illa
585 851 780 904 fiducia
820 867 943 918 qua:
974 850 1145 904 Alcxii
1193 854 1402 918 nepotis
1429 852 1653 922 Augusti
1697 854 1933 908 obsessa:
1958 870 2053 907 ur-

479 944 584 1004 bis,
630 944 705 995 uti
754 944 1009 1005 diximus,
1045 944 1319 1011 przefecti,
1359 946 1667 1015 ducuntque
1703 963 1764 1001 ac
1818 950 2049 1001 militum

478 1036 598 1102 eius
627 1034 932 1103 intrepidos
979 1036 1195 1089 animos
1221 1039 1544 1105 prodebant,
1586 1048 1638 1091 et
1671 1053 1841 1105 usque
1886 1040 1951 1091 ad
1989 1040 2053 1093 li-

478 1127 710 1180 centiam
760 1126 977 1193 jocandi
1031 1142 1254 1181 securas
1310 1140 1535 1191 mentes,
1564 1130 1704 1183 haud
1739 1131 1840 1184 lzeti
1881 1132 2052 1185 Gallis

475 1221 801 1275 accidebant
838 1240 850 1275 :
883 1238 1113 1290 quorum
1163 1223 1238 1276 illi
1274 1223 1480 1276 alacres
1529 1224 1903 1277 inchoantium
1935 1226 2051 1293 spi-

475 1312 616 1367 ritus
645 1313 788 1389 tristi
816 1314 925 1382 jam
963 1316 1345 1379 desperatione
1399 1317 1681 1369 constricti
1740 1319 2047 1385 torpebant,

471 1405 537 1457 ad
571 1406 729 1458 talem
784 1405 1174 1473 experientiam
1223 1407 1533 1462 iuutilitatis
1590 1418 1880 1461 conatuum
1926 1424 2050 1464 suo-

473 1514 631 1561 rum;
686 1498 1168 1567 prazjudiciumqne
1205 1501 1402 1568 passim
1457 1516 1644 1554 omnes
1689 1512 1851 1571 atque
1878 1518 2049 1571 augu-

474 1592 612 1645 rium
678 1592 803 1645 iude
833 1609 938 1646 non
972 1609 1166 1647 vanum
1220 1594 1491 1649 ducebant
1540 1597 1738 1665 incepti
1790 1612 2038 1653 successu

473 1685 737 1749 carituri;
770 1686 1029 1755 languere
1075 1686 1237 1755 igitur
1272 1702 1335 1739 ac
1365 1687 1640 1741 remittere
1677 1689 2043 1755 industriam;

476 1790 576 1831 nec
618 1777 717 1831 nisi
748 1778 1126 1846 desperatione
1156 1779 1310 1847 quasi
1360 1794 1585 1835 enerves
1632 1779 1874 1851 infligere
1906 1783 2045 1836 ictus

2159 580 2219 632 τὸ
2262 578 2464 648 πλῆθος
2515 577 2622 631 ἀπὸ
2680 577 2780 646 τῆς
2838 575 2990 639 ὲντδς
3047 578 3342 646 γινομένης
3393 582 3679 652 τρυμαλιᾶς,

2159 671 2294 739 πυρὶ
2318 670 2391 722 τά
2437 670 2641 722 τούτων
2698 668 2970 739 πρόσωπα
3000 666 3418 737 κατῃδάὶωσαν.
3444 672 3595 727 Τοῦτο
3634 678 3679 732 δι

2156 763 2218 815 τὸ
2251 762 2359 831 πῦρ
2388 762 2496 814 ἀπὸ
2525 762 2785 814 τοιούτων
2842 762 3258 830 μηχανημάτων
3292 763 3473 824 αὐτοῖς
3503 764 3681 822 διεσχά.

2155 858 2338 910 δαστο.
2379 856 2508 907 Ἀπὸ
2544 856 2641 918 sit;
2672 855 3007 923 πεύκης(56)
3040 856 3133 908 καὶ
3159 854 3345 919 ἄλλων
3367 855 3681 913 τινιῖ›ν’τι›ιι>ιῖ⁴¹

2154 966 2259 1000 των
2292 949 2523 1013 δένδρων
2554 946 2821 999 aereum
2845 948 3136 1013 συνάγεται
3164 947 3397 1015 δάκρυον
3426 949 3679 1009 ἄκανιπον.

2155 1042 2326 1094 Τοῦτο
2362 1043 2499 1109 μετὰ
2529 1041 2673 1093 θείου
2706 1040 3026 1110 τριϐόμενον
3077 1040 3408 1108 ἐμϐάλλεται
3464 1042 3533 1103 εἱς
3557 1044 3681 1096 uitli-

2156 1149 2318 1195 σκους
2351 1133 2617 1202 καλάμων
2641 1133 2733 1186 καὶ
2764 1132 3080 1201 ὲμφυσᾶται
3124 1131 3277 1199 παρὰ
3309 1130 3406 1183 τοῦ
3434 1133 3681 1198 παίζοντος

2153 1225 2341 1295 λάϐρῳ
2365 1226 2461 1277 καὶ
2491 1228 2706 1294 συνεχεῖ
2733 1226 3027 1292 πνεύματι.
3053 1220 3175 1295 κᾷθ’
3223 1222 3402 1284 οὕτως
3438 1225 3599 1292 ὀμιλεί
3621 1227 3681 1294 τῷ

2154 1318 2292 1387 πρὸς
2323 1317 2502 1386 ἄκραν
2552 1318 2687 1386 πυρὶ¹
2728 1316 2822 1367 καὶ
2848 1315 3168 1379 ἐξάπτεται.
3205 1316 3298 1366 καὶ
3336 1314 3520 1383 ὥςπερ
3563 1332 3676 1385 πρηο

2154 1408 2291 1478 στὴρ
2318 1408 2581 1477 ἐμπίπτει
2611 1410 2733 1469 ταῖς
2767 1407 3188 1475 ἀντιπρόσωπον
3216 1407 3399 1475 ξψεσι,
3433 1408 3601 1476 Τούτῳ
3624 1409 3683 1477 τῷ

2152 1499 2285 1569 πυρὶ
2314 1498 2643 1569 κεχρημένοι
2690 1500 2738 1550 οἱ
2791 1498 2978 1552 τᾶνδον
3007 1497 3099 1550 τοῦ
3124 1497 3436 1567 Δυρραχίου
3462 1499 3682 1568 κατέχον-

2151 1609 2264 1656 τες,
2299 1592 2531 1659 ἐπείπερ
2560 1589 2969 1660 ἀντιπρόσωποι
2992 1585 3134 1659 ἦσαν
3164 1592 3275 1651 τοῖς
3308 1588 3581 1656 πολεμίοις
3606 1593 3684 1654 τὰς

2151 1701 2209 1736 τε
2236 1682 2519 1750 γενειάδας
2562 1681 2741 1735 αὐτῶν
2775 1682 2866 1734 καὶ
2896 1683 2965 1733 τὰ
2992 1680 3333 1748 κατέφλεξαν
3363 1680 3612 1749 πρόσωπα
3630 1684 3682 1736 ’⁸.

2153 1776 2263 1827 Καὶ
2284 1769 2351 1844 ἦν
2386 1773 2515 1826 ἰδεῖν
2542 1773 2767 1834 τούτους
2791 1773 3044 1842 καθάπερ
3070 1776 3275 1843 σμῆνος
3317 1774 3578 1841 μελισσῶν
3602 1776 3686 1827 ὑπὸ

472 1873 832 1938 muro,’quem
857 1871 1013 1939 loiige
1046 1871 1301 1926 firmioris
1333 1883 1615 1926 senserant
1648 1876 1850 1943 operis.
1880 1890 2041 1944 quam

2155 1865 2365 1920 καπνοῦ
2395 1865 2746 1935 διωκόμενον.
2784 1866 3145 1933 ἐξαγομένους
3173 1866 3449 1927 ἀτάκτως,
3483 1864 3593 1919 ὅθεν
3613 1867 3687 1920 e5-

473 1971 529 2013 ut
564 1976 663 2013 suo
696 1963 975 2031 perrumpi
1026 1963 1314 2031 quantovis
1361 1976 1554 2018 conatu
1607 1976 1808 2034 posset.
1845 1965 2043 2021 Verum

471 2051 630 2105 arieti
664 2068 728 2104 ne
751 2054 970 2121 penitus
1003 2069 1064 2107 ce
1086 2063 1246 2107 saret
1274 2071 1468 2109 novum
1498 2056 1922 2127 Dyrracbienses
1952 2075 2046 2113 nc-

470 2144 674 2210 gotium
733 2144 1081 2199 facessivere.
1134 2145 1370 2215 lujectus
1408 2148 1551 2202 enim
1607 2150 1676 2203 ab
1739 2149 1804 2203 iis
1844 2166 1909 2204 ex
1936 2151 2045 2207 alto

466 2235 608 2305 ignis
670 2238 934 2291 otiaotem
992 2241 1299 2293 machinam
1332 2242 1640 2308 corripiens
1694 2242 2043 2297 incincrem

467 2330 718 2385 mutavit.
756 2332 838 2384 Ab
869 2332 967 2385 hac
999 2347 1095 2402 spe
1136 2334 1327 2399 dejecti
1359 2333 1495 2387 Galli
1534 2336 1600 2389 ad
1650 2336 1796 2390 aliud
1828 2338 2046 2391 terribi-

467 2420 571 2473 lius
622 2421 903 2476 inventum
934 2416 1290 2493 cogitationes
1320 2426 1597 2495 appulere.
1646 2428 1726 2482 Ad
1761 2428 2039 2484 borealem

467 2512 617 2568 urbis
672 2523 881 2584 partem
932 2530 963 2570 e
1020 2517 1243 2585 regione
1283 2518 1557 2571 cathedra:
1610 2517 1841 2581 ducalis.
1878 2537 2039 2588 quem

465 2605 640 2660 locum
666 2606 978 2673 prmtorium
1009 2609 1319 2674 nominant,
1350 2611 1590 2664 tumulus
1619 2612 1869 2679 surgebat
1897 2614 2040 2667 nulla

467 2696 611 2750 intus
644 2696 781 2750 mole
814 2713 973 2751 saxea
1023 2699 1254 2764 solidus,
1293 2702 1386 2753 sed
1432 2711 1573 2755 terra
1627 2705 1889 2757 duntaxat
1923 2723 2042 2758 mo-

2151 1954 2368 2020 τάκτως
2421 1956 2696 2027 εἰσῄεσαν,
2746 1955 2900 2008 Ἐπεὶ
2934 1955 2990 2007 δὲ
3052 1956 3147 2007 καὶ
3207 1955 3373 2007 τοῦτο
3430 1955 3598 2018 αὐτοῖς
3624 1958 3686 2018 εις

2151 2049 2331 2119 μάτην
2390 2050 2696 2118 ἐπεπόνητο
2735 2049 2826 2101 καὶ
2867 2050 2897 2117 ἡ
2952 2047 3266 2118 βαρὸαρικὴ
3325 2032 3543 2116 φροντὶξ
3574 2047 3687 2117 αὕτη

2147 2147 2227 2208 ei;
2260 2146 2411 2199 οὐδὲν
2443 2145 2560 2197 δέον
2590 2144 3013 2212 ἀπετελεύτησε,
3049 2144 3232 2213 τρίτον
3274 2143 3462 2203 αὐτοῖς
3492 2144 3691 2195 ἐπινοεῖ-

2146 2255 2234 2293 ται
2278 2239 2595 2309 μηχάνημα.
2649 2239 2864 2308 Πύργος
2919 2238 3127 2303 ξύλινος
3159 2240 3321 2307 ὅπερ,
3375 2239 3514 2306 ὼςή
3560 2238 3686 2306 φήμη

2147 2333 2304 2402 φησὶ,
2338 2331 2697 2402 πολιορκητὸν
2741 2332 2971 2401 ὄργανον
3020 2332 3078 2382 οὖ
3117 2330 3257 2399 μετὰ
3309 2332 3412 2398 τὴν
3465 2330 3689 2398 άστοχίαν

2146 2426 2254 2477 τῶν
2280 2424 2807 2495 προετκευασμένων
2836 2423 3088 2493 ὀργάνων
3122 2425 3403 2491 κατῆρκτο
3452 2420 3686 2489 γίνεσθαι,

2143 2517 2280 2569 ἀλλὰ
2325 2514 2431 2587 πρὸ
2466 2516 2671 2569 τούτων
2701 2517 2779 2577 εἰς
2820 2514 3065 2569 ἐνιαυτὸν
3093 2514 3239 2577 ὅλον,
3296 2513 3462 2565 τοῦτο
3501 2512 3592 2581 μὲν
3615 2510 3690 2581 ἔρ-

2142 2628 2237 2677 γον
2266 2608 2402 2679 εἷχε,
2440 2611 2509 2663 τὰ
2533 2611 2588 2661 δὲ
2644 2608 3019 2677 προειρημένα
3070 2607 3112 2640 ³⁸
3178 2608 3392 2674 δργανα
3422 2606 3689 2675 πάρεργον.

2154 2704 2315 2757 Ἀλλὰ
2344 2705 2423 2756 δεῖ
2478 2721 2545 2773 με
2579 2702 2845 2772 πρότερον
2890 2701 3048 2767 ὀλίγα
3088 2702 3225 2771 περὶ
3280 2699 3377 2752 τοῦ
3441 2700 3693 2768 σχήματος

465 2784 554 2838 bili
597 2796 867 2856 aggestus,
894 2804 1066 2859 supra
1102 2804 1260 2859 quem
1291 2790 1546 2847 fundatus
1575 2794 1818 2849 civitatis
1850 2812 2038 2851 murus

2151 2798 2451 2868 Δυρραχίου
2481 2793 2895 2865 ἀφηγήσασθαι.

462 2889 602 2934 erat.
643 2884 721 2936 Ad
772 2883 913 2937 hunc
968 2893 1115 2938 recta
1184 2886 1450 2941 tumulum
1491 2889 1776 2943 Baimundi
1834 2894 2034 2947 milites
2118 2895 2330 2948 munire
2397 2893 2498 2965 sibi
2550 2895 2690 2944 viam
2738 2892 3147 2944 subterraneam
3182 2891 3323 2944 fossa
3372 2891 3532 2960 lorge
3556 2887 3692 2942 ducta

462 2979 762 3042 cmperuot.
820 2972 913 3027 Sic
963 2983 1078 3029 tuto
1142 2991 1316 3044 usque
1346 2978 1409 3032 ad
1457 2981 1722 3034 tumulum
1761 2986 2038 3054 progressi
2081 2986 2370 3056 perfodere
2414 2985 2525 3054 jam
2558 2984 2684 3036 illud
2728 2999 2791 3036 ac
2820 2999 2885 3036 eo
2926 2982 3301 3051 perterebrato
3342 2983 3447 3035 iter
3507 2981 3557 3035 in
3617 2995 3690 3032 ur-

458 3065 585 3121 bem
636 3065 739 3120 sibi
791 3068 1031 3136 pandere
1085 3085 1295 3124 summa
1341 3086 1444 3141 ope
1480 3074 1839 3139 conabantur,
1925 3085 2068 3135 terra
2144 3079 2372 3149 impigre
2427 3077 2688 3130 movenda
2768 3074 3153 3143 subeumlaque
3204 3076 3475 3141 talparum
3541 3088 3686 3136 more,

461 3157 717 3220 praesenti
769 3173 902 3211 sane
935 3160 1087 3213 urbis
1118 3161 1389 3229 periculo;
1439 3165 1525 3217 cui
1570 3166 1768 3219 frustra
1803 3169 2034 3236 primum
2076 3164 2502 3241 Dyrrachieuscs
2559 3166 2921 3220 occurrebant
3000 3167 3148 3220 saxis
3213 3166 3444 3234 telisque
3488 3180 3693 3233 superne

454 3247 760 3315 iactandis;
794 3267 917 3303 nam
947 3250 1083 3305 Galli
1125 3254 1289 3307 densa
1343 3255 1528 3310 subter
1569 3268 1729 3325 atque
1778 3260 2175 3329 impenetrabili
2237 3262 2509 3317 testudine
2542 3260 2765 3313 hostiles
2796 3274 2984 3313 omnes
3010 3260 3127 3327 ejus
3198 3262 3413 3326 generis
3498 3258 3696 3327 injurias

461 3340 664 3397 innoxii
702 3344 972 3399 ridebant.
1006 3346 1239 3400 Eatenus
1261 3363 1392 3416 ergo
1431 3350 1539 3404 voti
1579 3363 1856 3420 rompotcs
1891 3354 2017 3409 facti
2059 3365 2187 3410 sunt
2217 3367 2271 3410 ut
2308 3356 2467 3409 latam
2509 3354 2848 3422 longitudine
2886 3354 3087 3423 ingenti
3168 3353 3371 3407 fossam
3446 3356 3694 3424 produce-

461 3444 581 3489 rent
628 3436 786 3491 facile
816 3440 1059 3507 prrriam
1094 3451 1148 3493 et
1216 3450 1440 3511 purgata
1506 3455 1901 3515 exportataque
1953 3450 2208 3516 plaustris
2268 3449 2495 3503 Saburra
2549 3447 2812 3501 inoffenso
2882 3449 3017 3516 pede
3062 3447 3370 3503 meabilem.
3452 3447 3695 3518 383M:

462 3547 709 3600 magnam
744 3533 843 3586 sibi
882 3549 990 3586 rem
1033 3535 1346 3600 prmstitiSse
1378 3536 1473 3589 visi
1524 3540 1666 3591 serio
1727 3541 2215 3611 gaudebantquasi
2274 3550 2509 3595 meatum
2566 3543 2978 3595 subterraneum
3015 3555 3079 3594 eo
3168 3539 3382 3593 tandem
3433 3542 3692 3607 perduxis-

460 3631 581 3679 sent
635 3626 773 3678 unde
823 3636 877 3679 ut
938 3627 1122 3679 urbem
1183 3626 1413 3681 vii-tores
1467 3630 1879 3697 ingrederentur
1930 3633 2065 3686 nihil
2104 3644 2333 3687 restaret
2366 3634 2465 3686 nisi
2498 3633 2954 3687 cuniculariorum
2990 3631 3209 3684 ultimus
3243 3630 3478 3698 impetus
3508 3631 3559 3685 in
3588 3646 3696 3701 per-

462 3720 666 3772 fossam
700 3734 875 3773 arcem
929 3735 1178 3788 rumpere
1220 3722 1423 3774 aditum
1483 3724 1812 3791 paranlium,
1845 3725 2033 3794 utique
2074 3741 2179 3780 non
2205 3727 2323 3782 sine
2360 3742 2550 3797 magna
2578 3739 2864 3780 successus
2908 3737 3023 3790 spe.
3059 3721 3128 3776 At
3199 3724 3519 3790 praesidiarii
3580 3723 3693 3793 Dyr-

464 3812 667 3867 rbacbii
703 3810 1005 3865 contrarios
1038 3826 1101 3865 cx
1130 3813 1357 3867 adverso
1383 3814 1668 3869 cuniculos
1700 3816 1879 3887 eLipsi
1917 3827 2162 3887 egerant,
2196 3818 2462 3889 longeque
2496 3817 2711 3871 obviam
2795 3814 3160 3882 produxerant
3213 3829 3359 3868 caeco
3439 3815 3523 3869 isti
3595 3815 3681 3867 bo-

460 3910 620 3963 stiuin
654 3908 876 3961 adversa
904 3907 1081 3962 fronte
1110 3909 1521 3974 respondentem
1552 3908 1778 3973 fossam,
1843 3912 2079 3982 amplam
2147 3928 2360 3983 quoque
2419 3913 2590 3983 ipsam
2627 3913 2841 3977 lateque
2888 3922 3107 3961 vacuam
3146 3926 3159 3962 :
3206 3909 3292 3962 tibi
3341 3911 3479 3964 lecta
3526 3921 3694 3963 manus

461 4004 764 4057 excubabat
821 4005 1060 4057 virorum
1123 4004 1342 4059 fortium
1404 4015 1694 4076 exceptura
1772 4008 2029 4076 impetum
2066 4009 2425 4077 Francorum,
2466 4013 2642 4079 siqua
2681 4015 2752 4069 illi
2791 4016 3205 4070 subterraneum
3288 4011 3493 4064 aditum
3562 4022 3692 4062 rum-

460 4106 672 4166 perent.
728 4095 898 4150 Porro
956 4096 1283 4165 procedente
1313 4098 1583 4167 utrimque
1612 4112 1794 4167 opere,
1838 4099 2024 4153 audire
2064 4102 2294 4169 primum
2332 4106 2497 4158 nostri
2540 4106 2717 4161 Gallos
2752 4119 3035 4176 cmperunt
3085 4108 3369 4161 molientes
3441 4106 3692 4174 vastisque

461 4189 743 4259 pulsantes
786 4188 983 4243 ictibus
1042 4189 1178 4242 muri
1215 4200 1420 4258 partem
1453 4189 1695 4243 infimam
1739 4204 1801 4244 ac
1840 4190 2188 4245 fundamenta
2240 4196 2353 4263 ipsa
2406 4196 2697 4260 mmuiurn;
2761 4200 2903 4252 umle
2963 4208 3015 4252 et
3060 4214 3227 4266 prope
3306 4198 3501 4251 abesse
3565 4199 3692 4266 ipsos

460 4291 515 4336 et
548 4282 634 4335 ubi
689 4290 873 4335 essent
908 4282 1192 4347 admoniti,
1237 4281 1481 4335 foramen
1532 4294 1651 4333 eam
1711 4280 1763 4334 in
1824 4295 2035 4350 partem
2073 4286 2317 4351 pervium
2370 4285 2549 4341 fecere
2586 4301 2694 4357 quo
2720 4288 2832 4357 jam
2869 4301 3194 4360 usurpantes
3260 4290 3434 4345 oculis
3485 4290 3683 4345 ferren-

460 4386 569 4429 tem
608 4374 757 4429 intus
817 4376 1209 4431 multitudinem
1259 4376 1560 4443 Gallorum,
1607 4378 1727 4448 igne
1797 4381 1944 4449 ipsos
2016 4395 2113 4450 per
2146 4382 2469 4450 patefactam
2506 4384 2697 4437 rimam
2740 4386 2932 4439 missili
2988 4388 3264 4455 petebant.
3295 4385 3439 4457 Ignis
3480 4386 3560 4441 hic
3596 4399 3689 4453 qua

462 4468 687 4522 materia
751 4479 1049 4533 constaret,
1103 4484 1207 4537 qua
1262 4480 1382 4523 arte
1431 4484 1608 4539 quove
1668 4472 2032 4527 instrumento
2067 4470 2365 4542 iaceretur,
2397 4475 2633 4529 breviter
2661 4477 2848 4533 doceo.
2882 4478 3046 4531 Pinus
3075 4488 3128 4533 et
3196 4480 3363 4547 picea:
3424 4477 3689 4531 arborum-

458 4576 563 4630 que
599 4563 647 4615 id
693 4578 864 4632 genus
899 4562 968 4616 ob
1002 4578 1224 4618 succum
1266 4564 1410 4617 intus
1456 4566 1709 4632 pinguem
1769 4567 1822 4619 in
1891 4568 2070 4621 virore
2147 4572 2594 4638 pereunantium,
2656 4568 2907 4638 lacrymaz
2962 4570 3165 4624 stillant
3229 4570 3483 4639 unguinis
3526 4566 3686 4629 lenti,

457 4655 732 4724 oleosique
780 4657 1025 4725 glutinis,
1078 4656 1248 4709 amica
1308 4654 1536 4710 flauumce
1574 4660 1847 4721 materies,
1881 4672 1935 4713 et
1963 4674 2023 4714 ea
2067 4669 2327 4729 concepta
2363 4664 2452 4714 ditt
2486 4662 2710 4717 durans.
2743 4662 2852 4716 lloc
2883 4664 3082 4735 gununi
3111 4673 3401 4717 contusum
3467 4673 3518 4717 et
3577 4676 3686 4717 cum

459 4747 648 4802 intrito
680 4750 841 4803 simul
880 4748 1141 4815 sulphure
1192 4748 1242 4800 in
1275 4763 1435 4799 untnn
1488 4752 1761 4817 pulverem
1799 4754 2172 4817 mministum,
2202 4754 2251 4806 in
2314 4769 2475 4807 cavas
2520 4756 2848 4808 calamorum
2915 4770 3325 4825 cannarunique
3385 4757 3540 4811 tibias
3601 4753 3685 4807 ad-

461 4858 614 4898 versa
664 4854 818 4913 parte
861 4855 1155 4896 surccusas
1194 4840 1450 4895 indebant
1522 4840 1947 4911 Dyrracbieuses
2011 4848 2230 4900 nostri:
2292 4856 2400 4899 tum
2468 4848 2566 4913 ipsi
2626 4864 2689 4901 ex
2770 4864 2831 4902 ea
2893 4847 3034 4901 tibia:
3089 4856 3240 4913 parte
3297 4864 3419 4916 qua:
3487 4846 3688 4902 vacabat

459 4944 697 5009 flamma,
763 4942 1066 4997 vehementi
1112 4940 1374 5011 pollentes
1402 4951 1454 4993 et
1485 4951 1871 5010 perseverante
1910 4943 2102 5013 spiritu
2137 4944 2347 5013 piceum
2380 4946 2523 4999 istud
2589 4946 2878 5014 igniarium
2908 4946 3084 5014 quoad
3163 4960 3333 5015 usque
3394 4946 3461 4999 ad
3521 4955 3681 4999 ειιιιθσ

459 5039 701 5092 tnitatetn
736 5036 856 5105 igne
890 5034 1038 5102 prius
1059 5043 1318 5102 concepto
1352 5031 1669 5100 flagrantem
1712 5034 2137 5101 promovissent,
2168 5038 2248 5092 sic
2281 5052 2573 5091 accensum
2616 5037 2809 5093 deinde
2868 5036 3146 5091 dlllabant
3214 5038 3267 5091 in
3334 5039 3512 5091 vultus
3563 5051 3683 5091 ocu-

459 5130 647 5195 losque
699 5127 1052 5181 adversorum
1106 5127 1364 5192 hostium,
1429 5126 1732 5179 incredibili
1802 5127 2041 5196 pernicie
2080 5127 2316 5195 illorum,
2348 5129 2545 5198 quippe
2592 5142 2716 5182 cuiu
2767 5128 2989 5193 barbas,
3054 5143 3262 5195 genas,
3312 5128 3459 5192 eilia,
3523 5126 3679 5195 capita

455 5226 730 5281 Gallorum
785 5224 975 5294 pernix
1040 5223 1256 5277 flaimna
1303 5224 1621 5292 corriperet,
1660 5224 2019 5292 pertinaxque
2078 5225 2390 5293 depasceret
2432 5227 2715 5279 adbalrens
2769 5233 2931 5291 atque
2973 5224 3293 5285 immorans,
3331 5222 3472 5276 nulla
3510 5232 3678 5275 contra

459 5329 618 5376 tatem
675 5328 878 5389 pestem
937 5316 1253 5371 fortitudine
1299 5319 1550 5371 durante.
1602 5315 1790 5385 Itaque
1822 5317 2027 5384 passim
2068 5317 2253 5371 videre
2280 5328 2395 5370 erat
2427 5333 2540 5383 eos,
2592 5317 2740 5370 velut
2787 5330 2948 5386 apum
2990 5312 3137 5368 fumo
3217 5312 3514 5367 afl'latarum
3562 5326 3679 5368 exa-

1468 5429 1673 5491 Varim
1709 5427 2021 5490 lectiones
2065 5446 2143 5492 ex
2190 5430 2330 5494 cod.
2378 5430 2635 5494 Coislin.

529 5537 576 5569 ”
600 5536 668 5590 τὰ
694 5534 961 5605 πρόσωπα
1004 5531 1361 5600 κατέφλεξαν.
1420 5510 1481 5562 ὐ
1508 5532 1903 5602 προειρημένα.

1526 5625 1668 5685 Car.
1703 5623 2031 5686 Dufresnii
2069 5626 2165 5685 Du
2194 5624 2418 5704 Cangii
2452 5634 2636 5687 note).

529 5735 641 5803 (56)
684 5730 830 5786 Ἀπό
882 5745 944 5782 τε
978 5728 1088 5803 τῆς
1136 5726 1385 5795 πεύκης.
1430 5723 1592 5796 392
1620 5725 1874 5781 Albertus
1923 5724 2025 5796 Aq.

2151 5763 2157 5779 .
2208 5741 2269 5792 tt,
2315 5740 2436 5796 cap.
2473 5726 2542 5782 56
2566 5744 2579 5778 :
2606 5725 2838 5780 Faculas
2870 5727 3115 5782 ardentes
3148 5745 3262 5781 cum
3298 5733 3409 5798 pire
3462 5740 3504 5783 et
3536 5724 3675 5795 adipe

453 5798 662 5874 iactant
690 5818 843 5858 suner
874 5798 1194 5855 mar/tinam.
