3900 6574
221 391 307 458 953
1309 393 1723 478 ALEXIADIS
1761 401 1910 462 Lm.
1955 407 2131 468 xm.

223 515 327 557 men
368 502 500 552 retro
543 491 764 550 ebullire
812 494 1096 563 avertiqne
1142 514 1287 556 casco
1331 503 1575 573 impetu;
1609 508 1732 562 inde
1771 515 1986 570 turbide
2065 520 2404 593 confusequc
2461 509 2802 602 recedenies,
2865 552 2974 607 quo
3035 539 3175 594 certi
3243 546 3413 614 gradu

223 596 347 614 n__-
403 586 716 614 ...st:..-:....-
771 585 1056 614 ΑΑ-υιιιιιηζᾱε
1117 596 1299 614 -_s2,_-
1365 597 1440 614 9η-
1558 611 1566 614 -
1670 600 1723 614 n.
1913 612 1921 614 -

220 596 351 648 ﬁrmo
402 586 716 656 militarique
767 586 1056 658 compositi
1107 596 1305 650 ordine
1362 597 1593 653 iverant.
1670 600 1761 657 Sic
1825 612 2054 664 conatus
2109 614 2195 668 hic
2245 586 2812 692 secuntlusevanuit:
2862 586 3423 700 {sanaberis-

220 685 352 740 stium
383 681 688 752 magnisque
723 683 874 738 curis
909 700 973 739 ac
1008 684 1285 743 laboribus
1334 690 1477 745 haud
1509 694 1730 763 dignum
1771 713 1953 767 operte
1994 704 2227 767 pretium
2287 724 2578 779 repensum
2627 726 2731 772 est.
2771 681 3078 775 τειῆὲετῖἶζε

214 779 310 832 dem
333 788 568 830 successu
599 774 871 831 debilitata
905 792 1097 834 eorum
1132 782 1401 838 industria
1463 787 1637 842 tertiae
1704 787 2119 849 fabricationem
2200 774 2466 861 machina:
2520 813 2784 878 suscepit.
2838 813 3061 879 Fallor;
3119 827 3225 866 non

217 871 561 937 deprehensam
589 868 936 926 inutilitatem
1003 875 1236 930 duarum
1303 880 1543 947 priorum
1640 885 2012 942 machinarum
2089 893 2202 948 haec
2241 896 2348 951 illis
2401 900 2455 954 in
2501 868 2939 970 supplementum
3009 868 3417 963 sir-‘ccentu‘r'iata

212 964 341 1017 tertia
374 970 467 1023 est,
493 960 581 1014 sed
605 969 726 1067 ante
766 963 888 1019 illas
913 965 1028 1020 ﬁeri
1053 980 1228 1038 cmpta
1264 983 1385 1036 post
1417 989 1511 1029 eas
1537 977 2040 1038 tletnum.absoluta
2091 996 2211 1053 cst,
2243 1005 2384 1044 anno
2421 960 2632 1063 integro
2672 997 2722 1051 in
2787 998 2908 1067 ejus
2945 1001 3284 1056 molitionem
3323 960 3416 1056 in;

3310 419 3420 499 954

215 1061 610 1162 Sﬂmplgilallll’c
645 1056 692 1107 id
735 1072 871 1126 opus
898 1063 1054 1116 molis
1085 1074 1204 1119 crat
1246 1067 1382 1122 adeo
1411 1071 1629 1139 quidem
1668 1084 1724 1128 ut
1764 1076 1908 1132 fam’a
1942 1081 2012 1134 sit
2041 1083 2226 1147 priora
2255 1087 2690 1144 machinamenta
2721 1056 2836 1146 illa.
2870 1095 3026 1162 quasi
3089 1096 3400 1151 rudimenta

209 1151 348 1207 Gallis
373 1147 550 1212 fuisse,
574 1151 637 1202 ad
668 1152 770 1206 hoc
802 1157 1018 1211 demum
1045 1162 1297 1231 princeps
1321 1176 1377 1219 et
1435 1169 1756 1235 palmarium
1796 1189 1932 1241 opus
1967 1188 2031 1230 tr:

2037 1180 2375 1237 msl'crendas
2416 1199 2479 1238 ac
2504 1187 2646 1239 serio
2682 1191 2983 1243 exerendas
3028 1190 3170 1244 vires
3204 1203 3412 1257 omm-s,

449 1241 611 1346 velut.
641 1243 865 1346 ludicris
929 1256 1328 1311 exercentibus.
1399 1259 1595 1313 Verum
1655 1273 1713 1316 ut
1753 1269 2107 1332 constructio,
2163 1287 2312 1336 usus,
2345 1273 2762 1346 designatioque
2823 1288 2932 1333 tota
2976 1295 3039 1334 ac
3071 1279 3210 1333 ratio
3245 1241 3418 1342 turri;-

207 1328 337 1440 istius
371 1331 550 1440 lignea:
599 1335 953 1440 intelligatur,
1003 1359 1168 1410 pauca
1207 1351 1354 1416 prius
1392 1353 1456 1406 de
1480 1355 1589 1408 situ
1621 1365 1674 1410 et
1711 1357 1878 1428 ﬁgura
1910 1363 2063 1418 urbis
2095 1328 2377 1436 ’Dyrrachii
2410 1328 3005 1440 peci'strinéetidaws‘uﬁnt‘.

261 1429 322 1483 Τὸ
345 1430 435 1500 μὲν
459 1433 630 1500 τετχος
659 1435 865 1506 ταύτης
901 1439 1242 1509 ὑποχαλᾶται
1290 1449 1404 1509 τοῖς
1450 1448 1682 1520 πύργοις
1704 1466 1718 1482 .

1895 1457 2060 1530 384
2091 1459 2161 1513 Ea
2195 1463 2386 1517 civitas
2423 1479 2620 1520 corona
2678 1468 2916 1536 undique
2967 1470 3163 1522 vallata
3230 1484 3408 1524 muro-

203 1523 242 1575 ol
264 1522 311 1576 δὲ
337 1521 521 1592 πύργοι
553 1526 818 1580 κυκλόθεν
851 1529 1057 1600 ταύτης
1091 1533 1572 1605 ἐξυπανὲστανται,
1603 1545 1728 1597 ὅσον

205 1617 268 1678 εἰς
286 1614 457 1669 ἕνδεκα
479 1617 520 1648 ’⁸
539 1616 704 1682 πόδας
729 1621 862 1690 ὑψού
873 1641 1026 1690 μενοι
1065 1626 1152 1681 διὰ
1198 1631 1417 1698 κοχλίου
1459 1635 1609 1696 τινος
1630 1636 1729 1708 τὴν

203 1709 353 1764 ἄνοδον
376 1707 598 1780 ἔχοντες,
651 1715 913 1780 ἐπάλξεσι
968 1737 1027 1772 τε
1077 1722 1504 1794 ὴσφαλισμένοι.
1539 1707 1730 1794 Οὕτως

203 1800 289 1869 ἔχει
313 1802 566 1870 σχήματός
595 1818 655 1856 τε
691 1807 786 1859 καὶ
811 1809 1109 1878 ἀσφαλείας
1139 1816 1168 1882 η
1207 1815 1378 1879 πόλις.
1413 1815 1487 1870 Τὸ
1531 1819 1588 1871 δὲ
1627 1821 1730 1873 πά-

201 1909 275 1961 χος
294 1891 374 1945 τοῦ
403 1895 607 1966 τείχους
650 1900 731 1958 εἰς
755 1901 1035 1970 ἀξιόλογον
1083 1907 1253 1975 πάχος
1284 1909 1596 1978 ἐκτέταται,
1633 1914 1730 1966 καὶ

198 1985 412 2041 τοσοῦτον
439 1989 570 2042 ὥστε
604 1993 837 2058 ἱππότας
861 1995 1062 2065 ἄνδρας
1109 2003 1204 2051 καὶ
1237 2001 1456 2064 πλείους
1474 2002 1582 2055 τῶν
1611 2019 1728 2055 τεσ-

200 2079 347 2147 σάρων
365 2081 483 2144 τοὺς
509 2082 696 2151 ὤμους
723 2089 1102 2156 συμμίξαντας
1131 2093 1531 2148 διιππάσασθαι
1553 2097 1730 2163 ἀσφα-

198 2170 297 2232 λῶς.
327 2171 470 2226 Οὕτω
525 2176 624 2244 μὲν
660 2179 756 2232 οὖν
807 2183 1181 2254 ὲκπεφράσθω
1216 2204 1306 2256 μοι
1357 2189 1425 2242 τὰ
1469 2191 1725 2260 περὶτοῦ

199 2262 374 2332 τείχους
397 2263 476 2328 ὡς’
507 2271 562 2321 ἐν
593 2275 921 2346 παραδρομῇ
957 2295 1075 2330 τινα
1111 2281 1414 2350 σαφήνειαν
1443 2283 1552 2333 τῶν
1596 2283 1728 2351 μελ-

200 2354 360 2448 λόντων
391 2360 614 2431 ῥηθῆναι
656 2372 1172 2442 προαφηγησαμὲνη
1204 2389 1216 2403 ·
1260 2375 1326 2427 τὰ
1370 2374 1426 2427 δὲ
1459 2376 1558 2444 τῆς
1591 2395 1730 2448 πυρ-

201 2445 408 2511 γοποιίας
435 2450 523 2503 τοῦ
555 2457 957 2526 μηχανήματος
1004 2462 1196 2515 τούτου
1234 2464 1371 2535 ὅπερ
1413 2445 1728 2535 χαλάνηςλ⁸

199 2536 372 2628 πύργον
403 2543 814 2615 ἐμηχανήσαντο
851 2551 900 2603 οἱ
933 2553 1058 2622 περὶ
1089 2554 1180 2607 τὸν
1210 2556 1548 2625 Βαῖμοΰντον
1588 2559 1729 2628 Βάρ-

199 2626 356 2720 ϐαροι,
398 2636 488 2686 καὶ
517 2637 916 2707 ἀφηγήσασθαι
967 2644 1206 2713 χαλεπὸν
1259 2647 1354 2700 καὶ
1394 2649 1520 2702 ἰδεῖν
1559 2626 1726 2720 φυσέ-

199 2719 286 2786 ρδν,
328 2721 394 2785 ὡς
419 2727 464 2777 οἱ
497 2727 805 2797 ἑωρακότες
834 2733 1057 2802 ἔλεγονο
1092 2735 1168 2806 μὴ
1198 2738 1278 2790 ὅτι
1321 2755 1384 2806 γε
1430 2735 1511 2804 οἷς
1560 2719 1728 2812 προσ-

1837 1566 1954 1604 τιιιιι
1977 1561 2058 1605 est
2080 1569 2243 1623 opere
2264 1555 2575 1610 ﬁrmissimo
2601 1567 2930 1614 structorum
2961 1559 3209 1614 crassitie
3237 1561 3328 1614 tali
3357 1573 3408 1615 ut

1836 1655 2071 1713 quatuor
2103 1646 2312 1714 equites
2354 1651 2581 1718 :cquatis
2630 1651 2872 1706 humeris
2910 1651 2962 1705 in
3008 1667 3169 1706 unum
3221 1652 3412 1721 digesti

1835 1749 2048 1790 versum
2081 1747 2194 1792 tuto
2227 1740 2386 1794 simul
2426 1741 2679 1798 incedere
2709 1760 2872 1813 supra
2910 1759 3176 1799 summam
3224 1760 3411 1799 eorum

1836 1829 2161 1895 crepidinem
2186 1843 2402 1901 queant.
2428 1833 2547 1887 1am
2577 1835 2840 1890 humilius
2866 1837 3106 1905 undique
3139 1837 3412 1901 fastigium

1837 1922 2091 1976 mmnium
2126 1923 2439 1994 despectant
2470 1927 2770 1983 intervallis
2798 1944 2894 1997 per
2929 1937 3097 1982 totum
3149 1930 3411 1984 ambitum

1838 2012 2050 2080 exiguis
2082 2015 2355 2082 disposita:
2383 2027 2560 2073 turres
2596 2018 2764 2073 ferme
2817 2020 2882 2072 ad
2932 2023 3124 2088 pedum
3163 2021 3410 2075 undecim

1837 2100 2174 2158 altitudinem
2208 2109 2455 2174 superius
2500 2118 2869 2178 assurgentes,
2924 2109 3037 2162 suis
3082 2125 3414 2179 unaqnzeqne

1836 2194 1900 2245 ad
1930 2209 2213 2249 ascensum
2243 2212 2272 2249 e
2301 2213 2455 2251 muro
2484 2201 2828 2253 commodum
2879 2201 3154 2255 instructa:
3204 2201 3413 2256 cochli-

1836 2285 1990 2340 dibus
2023 2288 2204 2342 scalis.
2239 2287 2392 2344 Nunc
2424 2289 2511 2344 illa
2543 2292 2608 2344 de
2639 2306 2742 2360 qua
2775 2293 2957 2346 dicere
3007 2292 3274 2360 cmpimus
3320 2294 3417 2346 de-

1835 2379 2118 2433 scribenda
2177 2381 2348 2436 moles
2398 2392 2503 2447 est,
2565 2398 2696 2438 sane
2759 2399 2986 2453 operosa
3047 2383 3415 2453 terribilisque

1837 2481 2076 2539 aspectu,
2113 2473 2412 2540 praesertim
2442 2475 2505 2528 iis
2531 2475 2620 2544 qui
2659 2491 2882 2545 surgere
2929 2476 3047 2530 illas
3077 2475 3250 2529 insani
3279 2490 3410 2544 ope-

1835 2562 1910 2615 ris
1960 2564 2133 2618 minas
2182 2564 2233 2618 in
2279 2579 2429 2619 suam
2469 2567 2545 2636 (ni
2591 2566 2731 2620 Deus
2775 2567 3068 2635 averteret)
3119 2566 3411 2634 perniciem

1833 2655 2041 2710 obsessi
2075 2666 2381 2711 cernerent.
2415 2656 2613 2726 Lignea
2665 2665 2784 2712 erat
2837 2657 3002 2713 turris
3050 2673 3114 2712 ex
3150 2647 3411 2726 quadrata

1835 2747 1950 2800 basi
2005 2756 2210 2801 tantam
2252 2763 2312 2804 se
2361 2750 2415 2803 in
2478 2751 2820 2804 altitudinem
2860 2750 3112 2804 attollens
3146 2759 3204 2803 ut
3246 2765 3409 2818 supra

198 2811 393 2912 iusius:
424 2822 870 2885 φρικωδέστατον
925 2827 1127 2897 Θὲαμα.
1187 2827 1315 2901 Εἶχε
1368 2833 1425 2886 δέ
1483 2811 1726 2892 τοιῶῗσδε.

1833 2847 1973 2892 tecta
2014 2840 2313 2908 pinnasque
2367 2839 2838 2912 Dyrrachiensium
2899 2841 3125 2894 turrium
3178 2811 3413 2910 quinque

197 2904 374 2996 ηύρτος
402 2909 601 2976 ξύλινος
639 2915 755 2984 (37)
800 2922 1207 2975 κατεσκεύαστο
1259 2926 1323 2976 ἐκ
1380 2927 1728 2996 τετραγώνου

199 2995 374 3065 βάσεως
403 3005 479 3066 εἰς
503 3005 788 3077 ἀξιόλογον
829 3012 1005 3082 μῆκος
1039 3015 1298 3085 ἠρμένος,
1328 3019 1424 3072 καὶ
1451 2995 1730 3088 τοσοῦτον,

197 3092 308 3146 ὥστε
326 3095 424 3148 τῶν
454 3099 550 3167 τῆς
575 3101 789 3163 πόλεως
827 3103 1055 3174 πύργων
1091 3107 1453 3179 ύπερανέχειν
1485 3112 1567 3174 εἰς
1595 3113 1732 3166 πέν-

197 3198 242 3234 τε
265 3203 351 3239 που
378 3189 467 3242 καὶ
497 3190 553 3256 ἓξ
579 3193 781 3262 πήχεις
808 3194 868 3248 τὸ
898 3195 1050 3265 ὕψος.
1088 3199 1238 3253 Ἔδει
1274 3201 1384 3271 γὰρ
1427 3202 1601 3265 οὕτως
1631 3223 1730 3258 κα-

196 3281 521 3334 τεσκευᾶσθαι
547 3284 641 3337 τὸν
679 3285 888 3356 μόσυνα
912 3288 1122 3355 τοῦτον,
1155 3291 1241 3346 ἵνα
1273 3293 1360 3346 διά
1392 3312 1554 3349 τινων
1593 3297 1730 3350 ὑπο-

193 3367 376 3442 σάθρων
417 3375 710 3446 μετεώρων
751 3379 892 3448 πρὸς
943 3379 1005 3434 τὸ
1050 3383 1481 3455 χθαμαλώτερον
1552 3407 1727 3443 κατα-

193 3463 480 3534 χαλωμένων
509 3468 570 3522 τὸ
620 3473 809 3540 τεῖχος
848 3473 948 3542 τῆς
986 3475 1194 3541 πόλεως
1245 3479 1458 3532 ἐκεῖθεν
1490 3483 1731 3548 εὐκόλως

193 3555 580 3625 καταδραμεῖται
607 3577 621 3591 ο
677 3563 822 3616 οὕτω
869 3565 979 3634 γὰρ
1015 3565 1081 3619 ἂν
1124 3569 1184 3620 τὸ
1229 3570 1462 3640 σφοδρὸν
1494 3573 1594 3640 τῆς
1628 3575 1727 3645 ῥύ-

194 3659 280 3711 μης
302 3645 390 3698 οὐκ
433 3646 497 3701 ἂν
536 3649 892 3715 ὑπενέγκοιεν
937 3656 984 3707 oi
1050 3657 1308 3727 ἐγχώριοι
1359 3661 1446 3713 ἀεὶ
1494 3663 1632 3732 πρὸς
1671 3665 1731 3718 τὺ

192 3736 385 3791 κατόπιν
421 3739 726 3811 ὠθούμενοι
745 3760 758 3775 ·
787 3745 1021 3816 ὁπτικὴν
1059 3747 1116 3800 δέ
1144 3748 1251 3818 ἄρα
1280 3751 1379 3820 τὴν
1421 3753 1730 3825 ἐπιστήμην

192 3825 464 3897 ἐπλούτουν,
495 3832 570 3897 ὡς
603 3833 808 3896 ἔοικεν.
826 3841 874 3889 oi
902 3838 962 3890 τὸ
982 3841 1284 3910 Δυρῤἀχιον
1312 3844 1732 3914 πολιορκοῦντες

193 3919 430 3991 Βάρσαροι
453 3941 468 3956 ·
499 3926 562 3977 ού
611 3927 725 3996 γὰρ
752 3930 878 3983 ἄνευ
909 3931 1164 4002 τοιαύτης
1197 3935 1480 4004 δυνάμεως
1501 3939 1569 3990 τὰ
1619 3937 1728 4008 ὕψη

190 4010 274 4065 τῶν
298 4014 479 4085 τειχῶν
509 4018 965 4088 κατελάμϐανον·
1026 4025 1074 4076 ει
1106 4023 1160 4077 δὲ
1195 4027 1269 4097 μὴ
1303 4027 1555 4098 ὀπτικῆς,
1592 4029 1732 4084 ἀλλά
1787 4034 1806 4048 ⁸

190 4119 240 4169 γε
282 4107 372 4175 τῆς
417 4109 524 4162 ἀπὸ
574 4112 688 4163 τῶν
741 4113 1014 4185 διοπτρῶν
1060 4119 1450 4190 καταλήψεως.
1506 4120 1567 4177 Ὀ
1597 4123 1730 4191 γοῦν

193 4197 368 4268 πύργος
396 4201 600 4266 ἐκεῖνος
631 4204 866 4275 φοῦερὸς
906 4207 1008 4275 μὲν
1067 4209 1213 4273 ἰδεῖν,
1268 4211 1643 4282 φοϐερώτερος
1672 4213 1728 4267 δὲ
1757 4192 1802 4252 c

192 4292 470 4359 κινούμενος
499 4297 881 4364 κατεφαίνετο.
912 4299 1108 4369 Τροχοὶ
1136 4302 1241 4370 γὰρ
1267 4304 1450 4356 πολλοὶ
1489 4305 1590 4374 τὴν
1629 4305 1730 4377 βά-

190 4397 256 4434 σιν
273 4384 408 4454 αύτῷ
439 4386 798 4457 μετεώριζον.
842 4389 1370 4462 Ἀναμοχλευόμενος
1399 4395 1456 4448 δέ
1487 4396 1590 4449 ὑπὸ
1620 4397 1729 4452 τῶν

186 4471 306 4525 ἔνδον
338 4479 688 4546 στρατιωτῶν
732 4480 848 4541 τοῖς
891 4481 1128 4550 μοχλοῖς,
1167 4482 1376 4553 θάμϐος
1426 4486 1606 4540 ἐποίει
1653 4488 1727 4559 μὴ

186 4571 482 4640 φαινομένης
511 4569 610 4639 τῆς
633 4569 810 4640 ἀρχῆς
840 4571 938 4641 τῆς
958 4574 1245 4643 κινήσεως,
1278 4577 1416 4641 ἀλλ’,
1441 4579 1628 4651 ὥσπερ
1645 4599 1728 4646 τις

184 4655 318 4724 γίγας
335 4659 666 4733 ὑπερνεφὴς,
681 4662 980 4730 ἀφ’ἐαυτοῦ
1000 4666 1172 4721 ἐδόκει
1196 4671 1533 4740 κινούμενος.
1555 4673 1730 4729 Ἑστέ.

1834 2945 1999 2984 sexve
2030 2930 2338 2984 cubitorum
2372 2945 2595 2986 excessu
2629 2934 2915 2987 emineret.
2938 2932 2993 2986 Id
3032 2947 3192 3002 porro
3215 2934 3266 2986 in
3291 2947 3409 2987 eam

1833 3025 2096 3077 rationem
2157 3034 2319 3092 atque
2374 3040 2527 3078 nsum
2561 3018 2662 3080 sic
2721 3034 3095 3094 comparatum
3148 3035 3286 3090 erat,
3354 3029 3414 3080 ut.

1834 3123 1987 3167 tanto
2039 3115 2440 3170 ineluctabilior
2501 3117 2862 3171 obtinentium
2925 3133 3043 3171 eam
3101 3118 3409 3172 machinam

1832 3207 2061 3260 militum
2098 3207 2370 3262 Gallorum
2417 3209 2469 3262 in
2514 3225 2697 3264 muros
2745 3223 2806 3263 ac
2854 3211 3254 3280 prepugnacula
3305 3211 3410 3264 im-

1832 3309 1986 3366 petus
2029 3299 2427 3354 foret.Factti'ri
2484 3303 2627 3356 enim
2679 3301 3064 3370 impressiones
3117 3309 3271 3356 erant
3315 3315 3414 3372 per

1834 3401 2023 3457 pontes
2054 3405 2084 3445 e
2119 3403 2268 3446 turre
2295 3407 2390 3446 sua
2431 3393 2605 3462 lignea
2631 3395 2682 3446 in
2711 3403 2886 3448 turres
2914 3394 3064 3447 urbis
3090 3391 3406 3461 iaciendos:

1831 3498 2061 3549 quorum
2095 3485 2337 3553 pontium
2368 3501 2492 3538 cuin
2527 3501 2655 3554 pars
2700 3487 2866 3540 altera
2923 3488 3130 3539 inurens
3152 3487 3412 3539 machinae

1831 3573 2050 3628 Gallica:
2076 3584 2318 3627 exstaret
2344 3575 2560 3641 celsior,
2605 3575 2766 3630 ﬂebat
2799 3576 2922 3629 imle
2968 3589 3026 3630 ut
3071 3577 3154 3628 via
3202 3581 3411 3642 pateret

1831 3684 2002 3737 prona
2063 3671 2336 3725 irruituris
2379 3671 2568 3734 Gallis,
2596 3681 2655 3726 ut
2701 3673 2985 3726 commodo
3027 3676 3262 3742 ipsorum
3315 3681 3411 3740 per

1833 3762 2036 3816 declive
2073 3761 2284 3816 facilius
2323 3773 2376 3817 et
2429 3761 2623 3818 fortius
2674 3765 2947 3829 euntium,
3006 3765 3077 3817 ita
3125 3765 3322 3818 damno
3357 3773 3411 3817 et

1834 3854 2073 3923 periculo
2105 3869 2402 3926 permagno
2431 3857 2886 3925 propugnantium
2935 3861 3145 3923 urbem,
3183 3857 3272 3926 qui
3318 3858 3408 3910 vix

1832 3961 1988 4015 pares
2035 3957 2223 4000 contra
2274 3963 2342 4003 ex
2387 3961 2541 4018 aequo
2593 3948 2958 4010 venientibus,
3000 3947 3172 4003 multo
3223 3948 3406 4002 minus

1832 4039 2103 4093 Sustinere
2151 4054 2309 4108 posse
2365 4041 2686 4094 videbantur
2726 4041 2828 4093 vim
2885 4040 3116 4106 naturali
3171 4033 3409 4102 pondere

1834 4131 2071 4200 adjutam
2133 4133 2494 4201 ingruentium
2548 4147 2613 4188 ex
2674 4133 2781 4185 alto
2830 4131 3215 4187 Barbarorum‘.
3281 4129 3406 4186 Mihi

1833 4222 2002 4275 turris
2029 4220 2191 4289 hujus
2226 4221 2508 4274 molitores
2531 4219 2782 4274 videntur
2833 4219 3134 4272 doctrinam
3171 4217 3406 4286 opticam

1833 4313 1980 4368 haud
2017 4311 2390 4382 perfunctorie
2443 4309 2716 4365 calluisse.
2773 4298 3054 4376 Quomodo
3094 4311 3237 4364 enim
3291 4310 3410 4365 sine

1834 4401 1995 4468 hujus
2054 4401 2388 4455 adminiculo
2445 4401 2579 4455 artis
2649 4416 2859 4469 usuque
2924 4400 3406 4454 instrumentorum

1833 4510 1954 4563 qnze
1996 4494 2059 4547 ad
2099 4491 2454 4547 dimetiendas
2487 4503 2674 4546 exacte
2707 4490 2893 4559 procul
2931 4489 3073 4543 visas
3100 4490 3408 4543 altitudines

1835 4586 2020 4640 talium
2076 4584 2315 4638 artiﬁces
2368 4583 2646 4648 adhibent,
2707 4583 2998 4652 adaequare
3058 4589 3169 4635 tam
3218 4593 3408 4635 exacte

1837 4677 2074 4732 tabulata
2111 4687 2165 4732 et
2191 4677 2361 4746 spatia
2397 4675 2553 4732 molis
2583 4690 2694 4732 sum
2727 4676 2796 4730 ad
2844 4689 3118 4729 murorum
3149 4675 3409 4728 turrium-

1210 4783 1403 4846 Varias
1436 4785 1744 4852 lectiones
1792 4809 1870 4854 ex
1899 4790 2041 4854 cod.
2084 4789 2341 4852 Coislin.

239 4881 278 4912 "
297 4881 446 4936 δέκα.
515 4882 564 4916 ⁸⁸
591 4883 733 4954 ὅπερ
757 4883 1010 4954 καθάπερ
1038 4884 1300 4959 χελώνης.

1169 5003 1311 5066 Car.
1350 5004 1669 5066 Dufresnii
1705 5004 1795 5067 Du
1831 5005 2053 5083 Cangii
2093 5013 2284 5068 notata.

241 5100 339 5170 (57)
381 5106 616 5175 Πύργος
661 5103 935 5171 ξύλινος.
984 5106 1263 5171 Ejusmodi
1320 5107 1509 5176 ligneae
1557 5109 1721 5164 turris

182 5170 572 5241 descriptionem
595 5170 682 5229 sic
718 5170 1070 5238 repraesentat
1095 5170 1716 5241 [labentis—Monachus,

189 5240 264 5295 lib.
292 5258 391 5297 vn:
425 5245 596 5298 Facta
661 5255 732 5298 est
778 5246 948 5312 lignea
1002 5251 1185 5306 turris,
1229 5246 1450 5311 lapideis
1489 5240 1720 5302 turribus

188 5314 296 5385 satis
327 5316 500 5375 altior,
533 5325 580 5385 et
611 5315 862 5368 machinis
893 5319 1131 5370 omnibus
1151 5333 1268 5385 qua:
1289 5319 1546 5370 introrsus
1569 5328 1719 5371 erant

185 5382 482 5454 eminentior.
525 5384 762 5438 Habebat
797 5393 969 5437 autent
1003 5389 1107 5438 tria
1141 5382 1338 5440 salaria
1367 5425 1382 5447 ,
1419 5404 1536 5454 qua!
1566 5397 1718 5441 erant

183 5448 291 5526 bene
302 5457 470 5526 scutis
500 5471 547 5508 et
583 5455 826 5507 trochleis
863 5459 1202 5522 pricmunita.
1241 5457 1305 5509 In
1336 5448 1538 5510 duobus
1563 5474 1718 5526 supe-

183 5520 381 5575 rioribus
411 5535 559 5577 erant
594 5527 802 5577 loricati
852 5520 970 5577 cum
1003 5527 1118 5579 telis
1157 5535 1206 5578 et
1237 5527 1475 5581 sudibus.
1529 5539 1576 5580 et
1626 5520 1720 5580 sa-

181 5589 324 5666 gitlis,
347 5603 392 5645 et
419 5595 707 5661 lapidibus,
754 5604 802 5647 et
841 5595 961 5656 pilis
987 5606 1036 5648 et
1069 5596 1293 5666 facibus.
1333 5596 1528 5651 Subtus
1568 5609 1720 5651 erant

1832 5111 1950 5179 prio
1975 5109 2238 5164 vocalmlo
2269 5126 2282 5161 :
2310 5121 2436 5163 nam
2461 5116 2516 5162 et
2543 5108 2668 5163 inde
2707 5109 2936 5179 tristega:
2977 5107 3236 5179 dicuntur
3285 5114 3398 5179 tur.

1834 5177 1942 5241 res,
1976 5196 2094 5246 quae
2127 5180 2301 5232 tribus
2337 5188 2591 5232 constant
2619 5177 2870 5232 solariis:
2934 5178 3073 5245 apud
3120 5177 3402 5246 Sugerinnt

1831 5249 1884 5301 in
1922 5245 2123 5304 Ludov.
2157 5247 2271 5314 Vll,
2301 5264 2421 5315 cap.
2457 5249 2546 5306 l0,
2583 5259 2634 5302 et
2667 5247 2817 5302 Will.
2846 5247 3148 5310 Britonem,
3173 5245 3404 5316 Philipp.

1828 5318 1926 5374 lib.
1977 5335 2031 5373 ιν
2063 5329 2117 5372 et
2144 5334 2246 5378 vn,
2313 5316 2577 5372 Statioues
2613 5330 2882 5375 vocantur
2929 5319 2983 5374 in
3040 5319 3210 5385 Epist.
3249 5316 3402 5372 Bnld.

1745 5421 1798 5481 ο
1831 5389 1963 5481 imp:
1991 5388 2099 5444 ΟΡ.
2155 5393 2219 5442 de
2262 5388 2666 5454 expugnatione
2695 5388 3260 5481 ConstantinOptlrl‘eo's.
3299 5387 3406 5442 De-

1826 5462 2142 5513 scribuntur
2194 5468 2454 5527 prazterea
2503 5473 2581 5510 ea;
2636 5466 2841 5524 turres,
2893 5475 3034 5527 quas
3096 5457 3315 5519 Pltalas,
3348 5467 3403 5511 et

1828 5527 2108 5598 Berfredos
2148 5527 2422 5598 interdum
2455 5527 2756 5596 appellant,
2793 5544 2822 5582 a
2858 5529 3142 5590 Guiberto,
3186 5528 3289 5598 lib.
3327 5543 3401 5591 γι,

1825 5613 1944 5666 Cap.
2001 5597 2105 5662 l8;
2144 5597 2332 5666 Tyrio,
2391 5597 2483 5650 lib.
2533 5612 2647 5659 \‘lll,
2703 5612 2822 5666 cap.
2882 5599 2969 5660 l5,
3020 5598 3124 5660 18;
3182 5597 3400 5666 Πανία,

1821 5665 1942 5737 cap.
1976 5667 2078 5733 lli;
2122 5665 2428 5737 Anonymo,
2485 5667 2538 5719 in
2589 5666 2735 5730 Hist,
2774 5665 2998 5724 Ηίθεοι.
3053 5683 3174 5736 pag.
3218 5665 3396 5737 ll_l38_;

1822 5736 2066 5806 Vegetio,
2127 5737 2218 5788 lib.
2252 5733 2328 5800 tv,
2364 5751 2514 5806 _cap.
2548 5737 2635 5804 l7,
2702 5737 2797 5806 18;
2851 5733 3067 5794 Vitruv.
3116 5747 3223 5791 etc.
3267 5733 3398 5789 Vide

1818 5805 1985 5861 Notas
2021 5817 2234 5862 nostras
2259 5809 2324 5861 ad
2353 5804 2685 5862 Joinvillam.

182 5659 494 5736 nihilominus
529 5666 746 5726 armati,
811 5668 898 5734 qui
953 5659 1097 5720 rota's
1135 5667 1485 5736 impingebaut
1509 5708 1524 5730 ,
1562 5685 1718 5736 super

179 5733 477 5802 quasipsam
506 5745 706 5788 turrem
737 5733 1136 5790 constituerunt.
1188 5733 1315 5789 Ubi'
1342 5737 1568 5802 salaria,
1614 5733 1709 5792 seu

185 5798 417 5868 tabulata,
442 5814 605 5860 vocat
651 5805 941 5872 Robertus,
979 5821 1097 5876 qtue
1135 5807 1332 5874 στέγας
1369 5798 1712 5876 Alma,'pro-
