3900 6580
473 398 579 462 955

1758 392 1982 453 ANN/B
2023 391 2408 451 COMNEN/E
3584 387 3671 446 93.6

472 515 578 583 que
621 509 1093 583 Dyrrachiensium
1147 521 1329 563 veram
1387 505 1780 560 dimensiouem
1829 509 2031 576 potuis-

2156 523 2309 571 raceo
2343 507 2452 574 γὰρ
2478 501 2853 572 ἁπανταχόθεν
2882 499 3175 568 ἐκβάσεως
3203 495 3328 564 ἄχρι
3353 494 3441 547 καὶ
3466 503 3673 566 κορυφῆς

473 604 634 662 Sent?
670 604 950 658 (laterum
1012 617 1133 656 cum
1186 601 1274 653 diu
1326 600 1494 652 turris
1550 599 1650 652 ista
1688 598 1814 653 dttnt
1863 603 2046 669 procul

476 704 857 751 exstrueretnr
888 693 1049 748 minis
1080 693 1186 745 illis
1218 692 1348 757 ipsis
1382 691 1537 746 melis
1575 702 1738 745 vasta
1779 692 1884 746 late
1913 710 2046 747 cnn—

473 789 677 856 spicuae
717 787 1004 842 terruisset
1052 783 1500 854 Dyrrachienses,
1549 798 1613 836 eo
1646 783 1868 850 :deinde
1919 787 2049 852 ipsis

474 881 769 934 admovere
801 878 1023 946 propius
1056 891 1364 944 augereque
1418 873 1762 930 formidinem
1795 877 1905 929 visa
1943 887 2044 940 est,

473 986 582 1039 quo
617 971 733 1040 ipsa
766 970 936 1040 ntagis
960 969 1024 1022 ad
1058 985 1153 1024 eos
1188 965 1426 1022 rotarum
1470 971 1661 1022 subtus
1713 969 2068 1022 vorsatilinm.

475 1077 577 1130 ope
622 1064 1061 1127 promovebatur.
1113 1060 1436 1114 ltttentlcbat
1486 1061 1898 1113 admirationem
1962 1063 2048 1112 in-

473 1151 742 1205 tuentium
791 1151 932 1220 quod
978 1167 1099 1205 cum
1156 1151 1346 1219 ingens
1392 1165 1453 1204 ea
1504 1151 1674 1204 moles
1713 1167 1739 1203 a
1789 1151 2050 1204 militilms

474 1243 616 1297 intra
646 1241 762 1310 ejus
797 1245 1008 1297 viscera
1035 1241 1470 1296 dilitescentibus
1508 1241 1741 1295 chtium
1791 1256 2052 1310 quorum-

473 1335 593 1389 dam
623 1335 919 1405 agitatione
951 1350 1147 1388 arcana
1197 1343 1523 1397 moveretur,
1570 1333 1806 1401 speciem
1864 1333 2050 1402 procul

473 1427 750 1498 prtehebat
783 1427 937 1498 quasi
971 1427 1208 1496 gigantis
1237 1427 1409 1482 nubes
1437 1425 1643 1480 vertice
1691 1428 1964 1494 tangentis
1996 1435 2046 1481 et

475 1520 779 1576 incedentis
817 1521 968 1576 vitali
1001 1530 1164 1589 atque
1195 1521 1246 1572 in
1273 1518 1389 1587 ipso
1421 1519 1521 1572 sita
1546 1517 1824 1580 facultate,
1857 1520 2052 1587 quippe

475 1615 629 1682 cujus
678 1625 859 1669 motus
916 1623 1255 1675 cerneretur,
1321 1623 1499 1666 mmor
1566 1626 1670 1664 non
1742 1620 2048 1680 appareret.

472 1705 681 1762 Caetera
715 1721 874 1776 porro
903 1705 1129 1759 monstri
1168 1704 1378 1773 species
1409 1701 1543 1756 nihil
1582 1716 1684 1754 non
1732 1701 2052 1771 pragferebat

474 1801 804 1856 Cumulatith
857 1798 1049 1852 terrori
1093 1796 1582 1852 accommodatum.
1619 1792 1812 1850 Latera
1870 1796 2049 1846 omnia

478 1891 630 1945 firmo
665 1889 890 1944 tectorio
916 1897 1153 1958 protcrta
1193 1903 1287 1954 per
1317 1895 1548 1954 quatuor
1573 1886 1852 1954 quadratae
1894 1884 2050 1940 molis

477 1982 644 2036 facies
679 1983 896 2050 egregie
929 1981 1275 2036 occultabant
1311 1981 1457 2033 intus
1490 1980 1744 2032 latentem
1781 1987 2046 2032 armatum

475 2090 730 2140 manum;
769 2089 888 2142 qua:
921 2089 977 2126 se
1002 2083 1180 2126 tamen
1213 2088 1399 2126 rursus
1440 2071 1572 2125 satis
1619 2073 1880 2139 prodebat
1926 2070 2051 2122 mis-

476 2163 668 2218 silibus
695 2163 911 2218 assidue
948 2162 1286 2232 spargendis.
1324 2163 1491 2216 Erant
1530 2171 1711 2216 autem
1743 2162 1804 2213 ad
1840 2161 2045 2229 iacula-

476 2255 642 2312 tionis
695 2271 850 2310 usum
927 2266 1261 2326 cmterasqne
1331 2258 1555 2311 nocendi
1619 2258 2052 2326 Opportunitates

476 2357 676 2415 apertae
701 2349 906 2404 circum
929 2350 982 2402 in
1017 2359 1224 2418 partem
1259 2363 1472 2403 onmem
1501 2349 1750 2402 fenestrae
1779 2349 2042 2417 plurimm,

477 2441 594 2495 suis
631 2456 858 2512 qumque
895 2441 1033 2505 aptis
1063 2439 1216 2494 ostiis
1251 2441 1484 2494 occlusa:
1531 2455 1654 2493 cum
1703 2455 1840 2508 Opus
1889 2448 2049 2493 erat:

474 2533 690 2604 quoties
729 2549 858 2587 usus
911 2541 1159 2602 posceret
1195 2532 1412 2586 volubili
1449 2533 1668 2587 cardine
1705 2531 2048 2587 reserabiles.

475 2625 646 2680 Porro
667 2624 888 2678 interior
911 2624 1187 2692 capacitas
1208 2624 1470 2680 machinae
1493 2625 1544 2678 in
1572 2625 1765 2680 multas
1796 2625 1896 2678 sibi
1917 2623 2052 2677 iuvi-

473 2731 591 2770 cem
630 2717 910 2784 impositas
942 2717 1302 2786 cogitationes
1331 2697 1694 2780 dividebatur,
1732 2715 1898 2786 385
1937 2717 2052 2770 sin-

474 2806 626 2878 gnlas
675 2808 894 2878 proprio
945 2817 1276 2862 armatorum
1331 2807 1562 2862 iufessas
1629 2823 1873 2860 numero.
1947 2807 2053 2860 Sed

479 2901 591 2966 alii,
626 2899 965 2962 utdiximns,
1012 2900 1274 2955 latebant.
1310 2897 1422 2955 Soli
1462 2901 1808 2954 omentabant
1855 2913 1913 2952 se
1963 2897 2052 2967 qui

476 3009 787 3062 supremum
820 2993 972 3062 quasi
1007 2991 1347 3048 cmuaculnm
1379 2993 1710 3047 ambulantis
1739 2992 1871 3046 tedis
1908 2991 2053 3044 obti-

475 3085 675 3140 nebant
702 3086 862 3148 torvi,
903 3086 1187 3138 horrentes
1239 3083 1423 3148 ferro,-
1455 3084 1661 3138 strictis
1713 3083 1892 3136 infesti
1932 3098 2055 3135 mu-

475 3174 752 3242 cronibus,
783 3175 890 3228 vim
922 3185 976 3229 et
1004 3178 1204 3229 czedem
1240 3173 1556 3228 anhelantes
1582 3173 1928 3244 gladiatores.
1959 3170 2054 3224 llic

478 3279 655 3323 terror
699 3277 878 3321 tantus
937 3281 1001 3320 ac
1068 3275 1175 3319 tam
1223 3267 1408 3322 varius
1437 3283 1556 3319 cum
1593 3282 1652 3319 se
1688 3265 1819 3319 rotis
1862 3266 2054 3318 subtus

478 3360 819 3414 volventibus
845 3358 1092 3422 iulerret,
1123 3367 1533 3414 consternassct
1554 3358 1694 3412 hand
1729 3359 1889 3412 dubie
1915 3373 2053 3427 pra:-

477 3452 674 3507 sidium
726 3452 962 3505 obsessae
1009 3451 1182 3515 urbis,
1231 3448 1334 3504 nisi
1386 3447 1493 3503 dux
1540 3449 1658 3519 ejus
1698 3449 1920 3504 Alexius
1962 3463 2057 3519 pro

478 3561 574 3601 sna
605 3544 848 3614 vigilanti
899 3542 1118 3596 solertia
1148 3541 1466 3597 'remedium
1512 3541 1623 3609 jam
1662 3552 1771 3596 tum
1811 3543 2054 3596 nascenti

477 3637 622 3691 malo
646 3645 854 3689 mature
885 3632 1136 3688 idoneum
1167 3633 1316 3700 provi
1339 3634 1510 3688 lisset.
1539 3630 1671 3684 Nam
1686 3642 1738 3685 et
1758 3632 1984 3686 consilzo
2005 3641 2059 3686 et

478 3729 681 3784 auxilio
709 3740 892 3780 eorum
925 3740 1052 3779 usus
1085 3725 1173 3792 qui
1208 3724 1304 3792 ipsi
1341 3723 1686 3777 aderantviri
1719 3725 2058 3792 esperientes

477 3832 533 3877 et
574 3819 845 3882 industrii,
878 3833 998 3873 cum
1039 3816 1272 3884 primum
1307 3816 1356 3870 in
1383 3816 1660 3870 Baitnnodi
1683 3817 1878 3871 castris
1909 3815 2056 3870 illam

480 3912 741 3970 aedificari
773 3905 1145 3966 turrem‘vidit
1181 3926 1431 3980 magnum
1461 3911 1526 3964 ad
1573 3909 1870 3977 periculum
1902 3922 2056 3961 sutnn

479 4021 833 4076 Suorutnque,
865 4003 1024 4058 aliam
1067 4010 1120 4057 et
1172 4005 1286 4073 ipse
1320 4004 1462 4055 intra
1513 4002 1714 4055 tumuia
1771 3999 2056 4071 Dyrrachii

477 4099 595 4170 pari
627 4098 876 4168 exemplo
909 4099 1215 4152 machinam
1253 4095 1328 4149 illi
1361 4093 1515 4148 alteri
1562 4095 1938 4162 opponendam
1973 4108 2061 4146 ar-

477 4187 766 4242 chitectari
817 4197 904 4242 est
954 4200 1264 4256 aggressus,
1312 4185 1453 4238 hunc
1505 4183 1674 4237 ferme
1709 4183 1761 4235 in
1817 4183 2057 4236 modum.

480 4277 824 4346 Deprehensa
859 4279 1046 4348 procul
1101 4276 1394 4332 altitudine
1427 4275 1594 4329 turris
1631 4273 1868 4338 hostilis,
1909 4275 2056 4344 tigna

479 4368 704 4423 dimensi
763 4369 1194 4439 Dyrracbienses
1261 4370 1403 4433 sunt;
1447 4366 1604 4420 alteri
1671 4382 1737 4421 ex
1811 4366 2059 4436 opposito

481 4461 816 4516 aedificandae
846 4460 1001 4529 cujus
1036 4460 1247 4515 culmen
1293 4459 1583 4513 contraria:
1614 4459 1772 4514 molis
1798 4459 2057 4514 verticem

2151 603 2244 655 καὶ
2263 603 2341 663 είς
2366 599 2562 667 στέγας
2589 597 2786 658 πολλὰς
2801 595 3048 665 διῄρητο,
3067 591 3161 644 καὶ
3175 587 3354 658 θυρίσι
3375 588 3542 658 κύκλῳ
3565 609 3674 642 παν-

2147 695 2409 756 τοδαπαῖς
2432 693 2695 761 ὴνέῳκτο,
2724 682 2909 755 ἀφ’ὧν
2937 686 3194 750 ἐξέπιπτε
3224 680 3350 750 βέλη
3374 681 3547 749 συχνὰ,
3565 687 3674 748 πρ¹ς

2148 789 2204 841 δὲ
2245 789 2305 840 τὸ
2349 786 2611 839 ἀνωτάτω
2667 787 2833 851 μέρος
2890 780 3085 848 ἄνδρες
3131 772 3270 846 ἦσαν
3321 776 3671 840 ἐξωπλισμένοι

2149 879 2460 947 θυμοειδεῖς
2489 879 2584 929 καὶ
2628 876 2722 927 ἐπὶ
2764 874 2873 926 τῶν
2919 870 3120 942 χειρῶν
3166 868 3236 920 τὰ
3280 866 3408 933 ξίφη
3440 866 3670 934 φέροντες,

2151 973 2244 1026 καὶ
2303 970 2440 1040 πρὸς
2494 969 2709 1037 ἄμυναν
2758 961 3270 1033 διηυτρεπισμένοι.
3335 959 3480 1009 Ἐπεὶ
3526 957 3574 1010 ὃξ
3616 961 3678 1029 τῷ

2150 1065 2350 1135 τείχει’
2377 1064 2724 1132 προσήγγισε
2767 1061 2828 1110 τὸ
2887 1056 3118 1126 φρικτὸν
3177 1052 3332 1105 τουτὶ
3377 1050 3560 1119 θέαμα,
3601 1053 3678 1105 οὔκ

2151 1157 2370 1226 ἀμελῶς
2405 1155 2562 1225 ἔσχον
2605 1155 2652 1205 oi
2690 1151 2833 1221 ἀμφὶ
2871 1149 2962 1202 τὸν
3003 1143 3242 1208 Ἀλέξιον
3287 1143 3378 1196 καὶ
3423 1145 3680 1222 στρατηγὸν

2149 1251 2248 1319 τῆς
2272 1250 2481 1311 πόλεως
2511 1244 2838 1316 Δυρραχίου,
2882 1240 3000 1294 ἀλλ’
3029 1240 3148 1307 ἅμα
3172 1253 3233 1289 τε
3275 1235 3433 1288 τοῦτο
3460 1235 3514 1287 τὸ
3542 1238 3679 1304 μηχάο

2155 1362 2307 1414 νημα
2338 1341 2538 1409 ἔξωθεν
2570 1336 3012 1408 τῷ-Βαϊμούντῳ
3061 1329 3495 1391 κατεσκευάζετο
3532 1329 3682 1398 ὥσπερ

2151 1453 2237 1499 τις
2267 1431 2517 1494 ἑλέπολις
2557 1429 2824 1498 ἄφυκτος,
2857 1422 2962 1478 διαὶ
3007 1422 3133 1477 ἄλλο
3163 1439 3216 1474 τι
3254 1418 3465 1473 ἔνδοθεν
3489 1417 3568 1468 τοῦ
3596 1418 3684 1468 τεί-

2149 1544 2278 1598 χους
2338 1525 2525 1585 αὐτοῖς
2579 1519 3022 1588 ἀντεμηχανᾶτο.
3077 1510 3420 1582 Ἐωρακότες
3468 1511 3540 1571 είς
3587 1510 3682 1562 ὅσον

2152 1619 2288 1688 ὕψος
2343 1621 2370 1672 ὁ
2398 1615 2754 1683 αὑτοκίνητος
2799 1604 2956 1674 οὗτος
3006 1608 3218 1677 πύργος
3265 1605 3570 1666 ἐκτέταται,
3611 1606 3682 1656 καὶ

2151 1712 2287 1766 ὅπου
2339 1707 2536 1762 τοῦτον
2581 1703 2879 1775 ἐστήριξαν
2931 1699 3262 1770 ὑφελόμενοι
3315 1696 3442 1756 τοὺς
3480 1696 3683 1763 τροχοὺς,

2156 1805 2394 1874 τέτταρα
2429 1801 2560 1867 ξύλα
2607 1798 2932 1868 μακρότατα
2983 1790 3330 1860 καταντικρὺ
3361 1787 3452 1841 τοῦ
3497 1788 3684 1856 μόσυνος

2159 1891 2677 1962 πήξαντεξῗῶσπερ
2714 1888 2820 1940 ὑπὸ
2861 1883 3213 1956 τετραγώνου
3246 1882 3462 1949 βάσεως
3494 1879 3564 1940 εἰς
3592 1879 3686 1962 πεί-

2158 1956 2363 2056 σματος
2410 1983 2598 2053 σχῆμα
2653 1979 3065 2044 διανιστάμενα.
3119 1969 3263 2044 Κᾷθ’
3325 1971 3495 2028 οὓτως
3543 1956 3686 2036 βάσεις

2154 2079 2308 2139 τινὰς
2338 2072 2679 2152 διειληιεότες
2703 2069 2906 2140 μεταξὺ
2932 2066 3036 2118 τῶν
3067 2060 3532 2127 ἀντιτεταγμένων
3552 2058 3688 2122 ξύλων

2156 2174 2235 2234 εἰς
2266 2170 2448 2239 πῆχυν
2487 2153 2585 2218 ἕνα
2620 2164 2710 2216 τὸν
2742 2162 2942 2228 ἔξωθεν
2983 2159 3196 2222 ξύλινον
3224 2155 3439 2221 πύργον
3474 2152 3690 2216 ἐποίησαν

2155 2237 2477 2329 ἀνατρέχειν
2501 2272 2514 2285 ·
2546 2253 2776 2320 ἀστεγὲς
2823 2251 2878 2302 δὲ
2909 2244 2978 2316 ἦν
3011 2241 3398 2312 ἁπανταχόθεν
3427 2240 3538 2292 ὅλον
3567 2237 3692 2291 τοῦτο

2154 2353 2214 2408 τὺ
2242 2351 2515 2418 διάστημα
2535 2363 2550 2378 ·
2569 2347 2628 2398 οὐ
2653 2345 2759 2414 γὰρ
2785 2343 2957 2397 ἐδεῖτο
2980 2335 3373 2408 προφυλακῆς,
3399 2335 3446 2385 εἰ
3476 2333 3543 2400 μὴ
3565 2332 3691 2398 μόνον

2155 2444 2297 2496 κατὰ
2332 2441 2431 2511 τὴν
2467 2436 2714 2509 κορυφὴν
2740 2432 3083 2502 ἐξωρόφωτο.
3128 2425 3400 2488 Ἐνταῦθα
3521 2425 3691 2488 ἀναγαι

2155 2537 2344 2605 γόντες
2377 2534 2426 2585 oi
2458 2533 2602 2600 ἀμφὶ
2632 2529 2722 2582 τὸν
2763 2525 3006 2589 Ἀλέξιον
3043 2519 3382 2592 στρατιῶται
3421 2516 3480 2567 τὸ
3507 2516 3696 2581 ἔνυγρον

2157 2629 2289 2700 πῦρ,
2321 2626 2456 2695 περὶ
2507 2627 2575 2678 τὰ
2620 2621 2940 2694 ἀκρόστεγα
2980 2615 3076 2670 τοῦ
3115 2614 3531 2683 ἀνεπιφράκτου
3572 2609 3694 2700 gulo-

2156 2699 2371 2791 πύργου
2420 2716 2646 2786 ἔμελλον
2702 2711 3068 2778 ἐξακοντίζειν
3118 2707 3256 2777 πρὸς
3311 2704 3410 2756 τὸν
3458 2699 3697 2791 ἀντίθετον

2161 2814 2394 2883 μόσυνα.
2433 2807 2573 2862 Ἀλλ’
2606 2806 2782 2859 ἐδόκει
2815 2804 2911 2856 καὶ
2942 2803 2975 2870 ἡ
3011 2799 3176 2868 βουλὴ
3208 2797 3301 2850 καὶ
3327 2795 3391 2850 τὺ
3416 2794 3626 2862 πρᾶγμα
3650 2790 3695 2840 οὐ

2156 2905 2294 2973 πρὸς
2353 2899 2731 2970 πανωλεθρίαν
2783 2895 2876 2948 τοῦ
2932 2894 3368 2963 μηχανήματοςο
3431 2883 3700 2954 ἀκροθιγιῖκ

2157 2998 2265 3064 γὰρ
2302 2993 2493 3063 ἔμελλε
2527 2995 2587 3044 τὸ
2620 2991 2728 3060 πῦρ
2765 2988 2826 3041 τὺ
2862 2984 3116 3039 ἐντεῦθεν
3161 2983 3341 3035 ἐκεῖσε
3381 2977 3700 3046 πεμπόμενον

2158 3089 2253 3142 τοῦ
2293 3087 2521 3156 μόσυνος
2553 3081 2848 3137 ἅπτεσθαι.
2896 3077 3056 3132 Ἀλλὰ
3090 3075 3143 3129 τί
3177 3071 3560 3144 μηχανῶνταις
3584 3068 3701 3134 Πλη-

2165 3180 2319 3248 ροῦσι
2352 3177 2444 3229 τὸν
2491 3174 2693 3245 μεταξὺ
2725 3172 2888 3224 τόπον
2920 3168 3016 3221 τοῦ
3054 3183 3113 3218 τε
3144 3165 3361 3229 ξυλίνου
3395 3162 3487 3214 καὶ
3517 3160 3600 3212 τοῦ
3623 3159 3700 3224 τῆς

2161 3270 2372 3323 πόλεως
2414 3266 2628 3333 πύργου
2672 3259 3131 3328 εὐκαταπρήατου
3172 3254 3440 3314 παντοίας
3476 3251 3594 3319 ὕλης
3631 3249 3703 3299 καί

2160 3359 2340 3413 ἐλαίου
2389 3354 2586 3408 πολλοῦ
2631 3351 2773 3405 κατὰ
2809 3349 3090 3416 ποταμοὺς
3144 3345 3485 3413 κενωμένου.
3518 3340 3704 3399 Τούτοις

2159 3452 2487 3516 ἐπενῄνεκτο
2511 3444 2622 3513 πῦρ
2646 3442 2793 3495 δειλοί
2821 3443 2914 3493 καὶ
2944 3440 3160 3506 φλόγες,
3188 3436 3216 3488 ὅ
3235 3433 3579 3503 καταμικρδν
3601 3432 3707 3482 ὑπο-

2158 3541 2485 3608 τυφόμενον,
2522 3532 2648 3608 κᾷθ¹
2697 3532 2870 3594 οὕτως
2910 3529 3165 3600 βραχείας
3200 3525 3482 3591 ἀναπνοῆς
3521 3523 3707 3590 ἐπιδρα-

2159 3630 2423 3697 ξάμενον,
2464 3626 2656 3676 ἔπειτα
2695 3623 2775 3684 εἰς
2812 3619 3092 3688 περιφανῆ
3140 3615 3321 3684 φλόγα
3361 3613 3574 3682 διαρθὲν
3609 3628 3708 3664 συν-

2161 3714 2694 3785 επιλαμϐανομένων
2728 3711 2822 3763 καὶ
2847 3709 2954 3761 τῶν
2977 3707 3083 3760 ἀπὸ
3110 3706 3205 3758 τοῦ
3244 3706 3420 3775 πυρὸς
3443 3703 3532 3757 τοῦ
3565 3699 3704 3769 ὑγροῦ

2161 3812 2502 3882 πρηστήρων
2550 3807 2698 3862 ἅπαν
2753 3803 2924 3872 ἀνῆψε
2957 3801 3002 3832 ’⁸
3039 3800 3097 3852 τὸ
3138 3798 3368 3870 φρικτὸν
3427 3799 3595 3850 έκεῖνο
3633 3795 3707 3845 καὶ

2161 3904 2554 3978 πολυυλότατον
2603 3896 2923 3968 μηχάνημα,
2969 3891 3237 3960 ἐμποιοῦν
3281 3886 3417 3961 ἦχον
3451 3891 3542 3942 καὶ
3578 3888 3708 3956 φοϐε-

2165 3997 2264 4067 ρὰν
2296 3995 2426 4048 θέαν
2457 3995 2574 4054 ταῖς
2608 3990 2815 4060 ὕψεσιν.
2847 3986 3109 4056 Αἴσθησις
3147 3984 3203 4036 δὲ
3246 3983 3342 4037 τοῦ
3395 3980 3586 4035 πολλοῦ
3621 3995 3703 4030 πυ-

2165 4089 2256 4160 ρὸς
2288 4082 2356 4157 ἦν
2391 4082 2659 4137 κυκλόθεν
2711 4080 2872 4150 μέχρι
2925 4079 3021 4131 xal.
3070 4076 3302 4129 σταδίων
3353 4073 3704 4144 τρισκαίδεκα·

2163 4157 2395 4250 θόρυϐος
2426 4174 2483 4228 δὲ
2518 4173 2614 4226 καὶ
2649 4169 2865 4240 ταραχὴ
2905 4169 3016 4230 τοῖς
3053 4167 3198 4220 ἔνδον
3232 4163 3539 4234 Βαρϐἀροις
3567 4157 3708 4226 πολλὴ

2162 4271 2255 4326 καὶ
2293 4268 2577 4338 ἀμήχανος
2605 4303 2620 4327 ,
2672 4259 2781 4314 τῶν
2817 4259 2917 4330 μὲν
2951 4255 3447 4324 ὲναπειλημμένων
3494 4252 3568 4322 τῷ
3601 4251 3708 4316 πυρὶ

2163 4361 2259 4416 καὶ
2290 4351 2809 4426 ἀποστρεφομένων,
2834 4349 2943 4403 τῶν
2965 4349 3021 4400 δὲ
3045 4349 3152 4400 ἀπὸ
3181 4345 3457 4415 μετεώρου
3487 4339 3706 4413 ῥιπτούν-

2163 4472 2274 4509 των
2315 4449 2544 4511 ἑαυτοὺς
2581 4443 2717 4518 πρὸς
2743 4441 2841 4512 τὴν
2879 4440 2984 4509 γῆν
3006 4453 3020 4467 ⁸
3055 4437 3152 4507 βοὴ
3177 4436 3232 4488 δὲ
3272 4434 3439 4504 πολλὴ
3472 4434 3562 4486 καὶ
3584 4429 3702 4499 ἁμῇ

481 4553 666 4608 cubito
699 4554 863 4607 altius
901 4525 1224 4622 despiceret.
1276 4550 1378 4606 Ubi
1423 4565 1550 4605 vero
1573 4550 1684 4618 jam
1741 4559 2052 4605 constructa

2164 4563 2351 4619 χανος,
2392 4537 2610 4612 ταραχὴ
2646 4531 3028 4603 ἁντηχούντων
3061 4527 3283 4581 καὶτῶν
3316 4525 3495 4588 ἐκτός.

481 4647 886 4710 tnrrisGallica,
913 4655 1157 4716 promota
1182 4644 1572 4700 indestinatam
1627 4644 2080 4714 propinquitatem
2149 4641 2312 4704 muri,
2390 4635 2634 4702 rotisque
2713 4627 2839 4716 illic
2882 4621 3172 4678 subtractis
3213 4619 3527 4716 firmissime
3565 4612 3708 4665 deft.“

481 4739 812 4806 fundataque
834 4744 937 4800 est,
961 4735 1162 4792 crassis
1185 4743 1238 4790 et
1268 4736 1559 4804 praeacutis
1600 4735 1707 4788 alte
1779 4734 1830 4788 in
1880 4741 2080 4788 terram
2123 4730 2364 4798 undique
2407 4720 2660 4792 impactis
2703 4715 2930 4774 sudibus
2977 4730 2991 4766 :
3042 4720 3154 4764 tum
3326 4707 3558 4806 obsessis
3631 4714 3706 4806 sua

482 4847 696 4905 quoque
728 4833 867 4886 intra
897 4841 1083 4882 muros
1106 4835 1249 4881 recta
1271 4842 1336 4880 ex
1363 4826 1592 4880 adverso
1619 4840 1780 4894 quam
1840 4826 2087 4895 proxime
2127 4820 2382 4892 Oportuit
2438 4823 2619 4870 erecta
2673 4809 2841 4863 molcs
2904 4816 3008 4869 est,
3066 4819 3171 4857 non
3229 4802 3350 4905 illa.
3379 4800 3589 4905 quidem
3611 4794 3706 4898 :ulli

479 4891 755 4984 subsirato
788 4920 1109 4979 inmditicata
1161 4919 1418 4982 tabulato,
1467 4935 1587 4974 cum
1643 4891 1922 4974 transferri
1967 4934 2086 4972 eam
2167 4891 2222 4971 et
2249 4913 2386 4968 rotis
2417 4903 2707 4973 circumagi
2741 4915 2844 4955 non
2875 4907 3019 4953 esset
3046 4911 3181 4966 opus
3210 4911 3224 4947 :
3261 4893 3352 4946 sed
3387 4895 3437 4945 in
3469 4891 3581 4944 solo
3611 4891 3704 4954 ipso

483 5019 712 5077 firmatis
745 5017 958 5085 alteque
989 5013 1114 5070 inde
1159 5013 1502 5083 surgentibus
1548 5010 1774 5066 sublicis
1826 5021 2059 5078 quatuor
2097 5001 2527 5079 quadrangulum
2561 4999 2613 5051 in
2640 4997 2910 5048 directqu
2963 4989 3199 5044 attolens
3259 4987 3489 5085 molem,-
3552 4991 3707 5085 trans-

482 5127 761 5168 versorum
793 5109 1056 5178 dispositu
1082 5108 1351 5178 lignorum
1371 5106 1528 5160 scalae
1554 5104 1842 5174 quamdam
1895 5104 2130 5171 speciem
2171 5110 2440 5165 usumque
2497 5090 2758 5160 graduum
2822 5083 3148 5154 praebentem
3214 5079 3523 5134 ascensnris
3580 5079 3707 5178 prout

486 5221 575 5261 res
600 5217 847 5276 posceret
878 5205 930 5259 in
957 5205 1239 5271 superiora
1268 5203 1549 5256 machinae.
1609 5201 1797 5255 Latera
1885 5200 2094 5270 protegi
2156 5193 2440 5265 _ohducive
2501 5184 2748 5247 tectorio,
2803 5195 2907 5234 non
2954 5187 3036 5232 est
3083 5177 3256 5231 visum
3312 5189 3547 5235 necesse,
3596 5169 3709 5236 Quod

487 5303 656 5356 muris
688 5302 836 5354 urbis
864 5309 1210 5368 conspectum
1265 5297 1622 5365 iujuriamqne
1676 5296 1914 5351 hostium
1979 5294 2217 5348 arcebat.
2249 5288 2322 5342 Ea
2355 5296 2560 5340 tantum
2634 5296 2759 5351 pars
2817 5291 2937 5345 que
2991 5275 3131 5327 ultra
3207 5272 3460 5368 mmniuut
3540 5278 3709 5332 CN’Pus

486 5394 757 5458 exstabat,
780 5391 986 5446 munita
1024 5390 1125 5445 fuit
1157 5391 1411 5459 imposito
1443 5389 1720 5444 coronidis
1750 5398 1802 5441 et
1830 5385 2183 5454 circumiectu
2230 5383 2486 5442 laterum,
2557 5374 2731 5442 quoad
2794 5379 2889 5445 (est
2939 5368 3203 5421 creditum
3287 5372 3373 5459 sat.
3438 5359 3708 5459 fut-eanec.

486 5487 747 5558 impedire
783 5499 943 5556 posse
972 5484 1194 5539 liberam
1241 5481 1588 5537 emissionem
1633 5481 1772 5550 ignis
1808 5479 2052 5547 Sparsilis
2091 5491 2252 5546 quam
2323 5487 2416 5540 per
2485 5477 2673 5537 aperta
2719 5464 2893 5516 latera
2951 5459 3118 5513 turris
3170 5471 3282 5510 suae
3332 5455 3514 5524 ligneze
3565 5449 3710 5502 Alex"

490 5549 691 5639 milites
719 5549 1000 5636 iu'molem
1058 5575 1345 5631 Baimundi
1380 5572 1757 5638 destinabant;
1812 5579 2153 5640 comportata
2221 5574 2509 5637 propterea
2601 5558 2654 5613 in
2713 5567 3022 5626 supremam
3104 5549 3548 5617 contignationem
3619 5551 3714 5594 sua:

1526 5712 1730 5776 Varia:
1775 5711 2080 5776 lectiones
2144 5729 2222 5775 ex
2257 5707 2402 5772 cod.
2435 5701 2690 5765 Coisliu.

569 5816 610 5850 “
636 5819 866 5883 ἀνῆπτο.
1972 5825 1974 5828 ’
