3900 6602
207 412 308 478 951
1372 425 1782 485 ALEXIADIS
1824 429 1969 488 LIB.
2012 429 2188 490 xm.
2313 419 2318 424 ’
3367 427 3475 490 958

217 527 488 584 machina
518 545 709 599 magna
742 533 790 588 vi
828 534 1043 604 pinguis
1073 544 1124 590 et
1158 534 1404 592 flammas
1429 539 1639 592 aliturre
1671 543 1928 595 materiae.
1965 546 2028 594 At
2090 543 2271 597 statim
2353 542 2437 596 vel
2501 541 2842 612 experientia
2877 541 2959 594 vel
3010 542 3181 594 tratio
3231 543 3479 595 exactior

213 624 615 681 docuitnoceri
665 628 804 683 haud
863 631 1092 684 multum
1128 632 1232 686 isto
1286 633 1445 687 modo
1517 651 1675 703 posse
1755 640 2191 692 machinamento
2259 637 2485 702 Gallico,
2516 636 2712 691 nedum
2747 647 2802 689 ut
2853 636 2934 693 sic
3009 634 3123 704 ejus
3171 635 3476 689 combustio

213 721 380 777 totius
421 723 631 794 sperari
686 735 891 809 posset.
947 725 1091 781 Satis
1126 728 1268 781 enim
1315 731 1606 799 apparebat
1669 731 1784 787 fore
1825 744 1881 788 ut
1941 733 2314 803 superlit'iaritt
2352 736 2613 788 duntaxat
2669 747 2726 788 et
2792 734 3158 802 perfunctorie
3223 742 3473 790 enatat-tu

212 817 435 873 missilis
476 834 504 873 a
553 817 1086 891 Dyrrhachiensibus
1131 839 1197 877 ex
1240 824 1524 881 intervallo
1574 829 1782 884 vibrata
1826 830 2042 883 ﬂamma
2110 830 2386 885 Gallorum
2437 846 2574 900 opus
2627 831 2857 886 solidum
2907 840 2961 885 et
3016 840 3269 886 accurate
3350 847 3477 896 pro—

218 924 423 968 tectum
452 916 736 971 lamberet.
778 915 1041 972 Secunda:
1066 920 1230 990 igitur
1269 924 1625 991 cogitationes
1655 943 1878 982 suasere
1918 927 2194 983 Alexiauis
2253 928 2429 993 aliud;
2490 944 2682 996 nempe
2723 940 2778 982 ut
2808 939 2974 983 totum
3032 929 3286 996 spatium,
3335 926 3476 994 quod

208 1013 430 1081 patebat
461 1014 604 1068 inter
651 1015 1144 1087 Dyrrhachiensem
1180 1028 1381 1073 turrem
1433 1021 1696 1091 lapideam
1733 1034 1785 1078 et
1831 1027 2081 1078 hostilem
2113 1024 2188 1078 illi
2255 1023 2526 1078 admotam
2582 1025 2812 1094 ligneam
2891 1024 3056 1078 multo
3106 1025 3364 1076 stramine
3417 1038 3480 1076 ac

208 1121 406 1166 caetera
446 1111 499 1165 id
534 1126 704 1180 genus
753 1112 902 1166 arida
951 1115 1176 1167 materia
1222 1117 1577 1185 complerent,
1629 1135 1791 1188 quam
1833 1120 1998 1173 etiam
2052 1120 2235 1174 infuso
2288 1120 2512 1189 largiter
2593 1119 2712 1193 oleo
2769 1119 3065 1188 rigaruut:
3135 1116 3480 1186 cumularuu‘

209 1205 391 1255 omnia
449 1205 646 1257 crebro
677 1204 949 1270 tilionum,
994 1206 1201 1270 facum,
1253 1223 1549 1277 prunarum
1598 1212 1904 1264 ardentium
1974 1212 2248 1285 conjecta.
2323 1212 2446 1265 llaec
2476 1210 2638 1264 simul
2727 1211 2888 1264 mista
2949 1224 3070 1262 cum
3156 1205 3469 1272 aliquandiu

212 1303 420 1350 tantum
498 1296 821 1362 fumasst-nl,
925 1314 1256 1355 exarserunt
1313 1305 1541 1370 denique
1595 1307 1697 1358 leui
1775 1309 2009 1362 excitata
2061 1308 2280 1375 Spiritu,
2339 1307 2672 1374 robtts‘toque
2720 1305 2970 1358 incendio
3020 1303 3407 1370 comprehensa
3435 1315 3466 1349 It

211 1391 544 1445 Gallicanam
580 1400 783 1448 turrem
820 1397 970 1449 t’rans
1003 1413 1183 1451 moras
1210 1400 1432 1454 corticis
1465 1412 1518 1454 et
1549 1402 2015 1471 przcmunitissitui
2048 1402 2264 1457 tectorii
2347 1408 2730 1472 perrumpeute
2794 1399 2859 1469 ad
2919 1409 3220 1452 extremum
3294 1394 3477 1453 furore

208 1484 348 1551 ignis
386 1487 509 1539 oleo
540 1485 686 1554 large
723 1488 934 1560 ingesto
983 1491 1133 1546 velut
1165 1492 1326 1559 ebrii,
1360 1509 1530 1562 usque
1571 1495 1634 1548 ad
1695 1495 1884 1550 intima
1951 1512 2232 1566 pervasam
2299 1499 2671 1564 absitmpsere.
2739 1493 2870 1547 Late
2920 1493 3225 1546 horrendus
3307 1482 3472 1540 exuit-

211 1576 464 1631 tliebatur
492 1578 693 1646 fragor,
729 1595 835 1633 non
863 1581 1006 1633 enim
1041 1582 1214 1635 dicam
1247 1585 1536 1652 crepitum,
1599 1585 1796 1640 (lamin:

1907 1588 2184 1642 οιτιξιιιιηιῑε
2217 1589 2268 1644 in
2302 1589 2593 1658 perniciem
2617 1587 2770 1640 silva:
2826 1587 3104 1638 immensa}
3127 1603 3139 1638 :
3160 1584 3326 1654 336
3355 1585 3464 1638 Iona

209 1669 547 1741 gissimeque
589 1672 942 1740 resplendens
970 1681 1023 1726 et
1055 1688 1152 1727 sua
1187 1676 1552 1744 magnitudine
1592 1675 1656 1730 iis
1681 1677 1814 1744 ipsis
1854 1677 2239 1734 formidolosus
2264 1680 2352 1744 qui
2377 1695 2495 1733 eam
2553 1679 2793 1732 fecerant
2839 1686 2895 1732 et
2954 1690 3182 1746 quorum
3245 1676 3475 1729 ardebat

205 1760 353 1813 bono
390 1758 1040 1831 relucebatrogususque
1067 1764 1132 1820 ad
1159 1764 1335 1819 stadia
1397 1765 1823 1836 circumquaque
1894 1768 2177 1823 tredecim.
2215 1768 2351 1823 Illud
2397 1770 2574 1822 dicere
2626 1771 2747 1838 quis
2782 1777 2944 1838 queat
2991 1777 3192 1836 quanta
3264 1775 3478 1830 pertur-

204 1852 355 1907 batio
389 1853 697 1907 clausorum
732 1863 841 1907 Iunt
874 1855 974 1910 ista
1030 1857 1168 1911 mole
1194 1856 1578 1912 ollarbarorum
1620 1859 1829 1913 fuerit?
1867 1863 1953 1928 qui
2003 1861 2160 1916 dolor
2203 1862 2513 1932 clauorqtte
2570 1861 2918 1915 sentientium
2992 1861 3114 1913 vim.
3180 1858 3482 1926 grassantis

201 1945 458 2000 ardoris?
489 1945 620 2012 Qum
655 1948 960 2018 desperatio
989 1967 1108 2008 sese
1159 1953 1246 2007 ubi
1298 1953 1496 2008 frustra
1532 1966 1964 2010 versaverautex
1995 1957 2444 2024 altojactautium
2515 1959 2564 2011 iu
2631 1957 2914 2027 praeceps?
2987 1971 3103 2023 quae
3157 1971 3341 2015 Voces.
3387 1971 3477 2030 qui

199 2037 440 2110 eiulatus
494 2041 787 2096 infelicium
854 2044 1366 2130 victimarum?Qui
1417 2061 1602 2114 mstus,
1654 2065 1772 2115 qme
1837 2051 2060 2119 agitatio
2101 2054 2374 2107 Gallorum
2434 2063 2753 2106 cmterormu
2841 2051 2967 2102 dum

3061 2064 3187 2102 suos
3244 2048 3481 2104 ﬂammis

202 2135 420 2203 eripere
451 2132 647 2204 frus'ra
676 2136 1011 2192 conabantur
1052 2140 1458 2196 lamentantium
1529 2142 1744 2197 interim
1811 2148 1864 2194 et
1893 2143 2183 2198 cltarorum
2217 2146 2353 2198 mala
2393 2143 2881 2212 complorantittttt?

279 2226 537 2281 Τοσαῦτα
597 2229 696 2298 μὲν
730 2230 822 2284 οὖν
860 2233 990 2303 περὶ
1027 2237 1122 2288 τοῦ
1179 2226 1522 2307 ὑπερνεφοῦς
1561 2239 1790 2306 μᾶσυνος
1823 2242 1865 2294 Α

204 2319 307 2373 καὶ
336 2321 437 2388 τῆς
461 2320 611 2391 παρᾶ
639 2323 746 2375 τῶν
775 2325 1084 2397 Βαρϐάρων
1111 2331 1488 2399 τειχομαχίας.
1530 2330 1669 2383 Ἀλλ’
1701 2334 1793 2385 ἐπὶ

199 2413 297 2466 τὸν
333 2413 559 2484 βασιλέα
585 2417 676 2469 καὶ
703 2413 860 2481 αὖθις
890 2419 1162 2488 τὸνλόγον
1193 2424 1558 2480 ἐπανακτὲον.
1591 2424 1793 2490 Ἕαρος

199 2507 390 2559 τοίνυν
441 2510 834 2578 ἐφισταμένου,
865 2514 898 2582 ἡ
944 2514 1044 2579 μὲν
1091 2515 1379 2583 Αὖγούστα
1426 2519 1489 2570 ὲκ
1523 2519 1620 2586 τῆς
1653 2518 1791 2569 Θεσ-

203 2599 505 2673 σαλονίὶεης
533 2601 609 2666 ὡς
636 2602 771 2673 πρὸς
798 2603 898 2674 τὴν
931 2604 1324 2673 βασιλεύουσαν
1357 2595 1791 2678 ἑπανέστρεφενς

202 2693 229 2745 ὁ
260 2692 323 2745 δὲ
353 2694 718 2766 αὐτοκράτωρ
748 2697 843 2765 τῆς
872 2699 1063 2768 πρόσω
1103 2701 1329 2769 πορείας
1371 2701 1548 2771 εἴχετο
1574 2704 1665 2754 καὶ
1695 2703 1795 2771 τὴν

203 2787 474 2840 Δεάὀολιν
508 2789 597 2842 διὰ
649 2790 748 2856 τῆς
782 2791 1123 2861 Πελαγονίας
1158 2796 1598 2865 καταλαμϐάνει,
1639 2796 1794 2851 ἔνθεν

205 2881 345 2950 περὶ
375 2880 504 2944 τοὺς
551 2883 833 2952 πρόποδας
877 2885 984 2940 τῶν
1035 2887 1136 2957 ήδη
1188 2887 1462 2957 ῥηθέντων
1504 2887 1798 2948 δυσϐάτων

203 2971 479 3041 ἀτραπῶν
504 2960 693 3030 οὖσανῖ
737 2977 848 3030 Καὶ
876 2981 1072 3046 καινήν
1115 2997 1238 3032 τινα
1271 2982 1610 3050 στρατηγίαν
1651 2979 1796 3033 κατὰ

204 3063 318 3117 τῶν
355 3063 654 3136 βαρϐάρων
684 3069 1081 3138 μεμελετηκὼς
1111 3072 1221 3124 δεῖν
1251 3072 1536 3140 ἐλογίσατο
1567 3073 1660 3126 τοῦ
1695 3073 1795 3142 μὲν

201 3155 478 3224 δημοσίου
531 3157 772 3229 πολέμου
825 3161 1024 3232 σχολὴν
1079 3165 1359 3228 παντελῶς
1406 3149 1794 3236 καταψηφίσᾶ-

205 3249 363 3310 σθαι,
421 3249 516 3302 καὶ
572 3250 888 3323 ἀγχέμαχον
936 3254 1026 3307 διὰ
1075 3255 1251 3308 ταῦτα
1300 3258 1398 3326 τὴν
1463 3256 1645 3328 μᾶχην
1694 3262 1796 3314 οὐκ

205 3342 428 3410 ἢθελεν.
477 3340 638 3395 Ἀ).λὰ
681 3345 750 3396 τὰ
789 3344 1031 3398 δύσϐατα
1082 3347 1264 3415 τέμπη
1297 3351 1392 3400 καὶ
1439 3351 1537 3408 τὰς
1585 3351 1794 3416 ἀδιεξο-

199 3433 431 3497 δεύτους
460 3435 613 3498 ὀδοὺς
652 3437 977 3507 μεταίχμιον
1007 3439 1215 3508 ἀμφοῖν
1265 3443 1376 3492 τοῖν
1405 3444 1796 3509 στρατοπέδοιν

201 3528 533 3582 καταλιπὼν
572 3529 700 3591 τοὺς
733 3529 924 3591 εὔνους
971 3532 1217 3593 ἅπαντας
1254 3535 1392 3586 κατὰ
1435 3535 1532 3597 τὰς
1561 3537 1792 3603 expila-

205 3623 347 3693 φίας
397 3625 536 3694 μετὰ
586 3624 918 3696 ἀποχρώσης
965 3625 1252 3694 δυνάμεως
1293 3631 1648 3695 καταστήσας
1695 3630 1794 3699 τὴν

200 3717 410 3786 καινὴν
447 3718 667 3787 ἐκείνην
712 3720 1052 3787 στρατηγίαν
1083 3720 1497 3790 ἐμηχανήσατο,
1530 3722 1606 3786 ὡς
1655 3725 1794 3793 μήτε

200 3811 337 3872 τοὺς
381 3810 534 3864 ἔνθεν
573 3811 711 3878 πρὸς
739 3811 830 3863 τὸν
864 3812 1204 3876 Βαῖμοῦντον
1242 3817 1591 3884 προσχωρεῖν
1618 3818 1795 3886 ῥᾷστα

196 3899 492 3965 δύνασθαι,
547 3900 674 3971 μήτ’
705 3901 918 3955 ἐκεῖθεν
969 3902 1106 3972 πρὸς
1153 3903 1379 3967 τούτους
1418 3901 1577 3970 αὖθις
1610 3909 1796 3978 γράμ-

202 4011 366 4065 ματα
395 3995 589 4063 φοιτᾷν
626 3993 659 4064 ἢ
704 3995 1082 4065 προσηγορίας
1125 3996 1556 4067 διαπέμπεσθαι,
1593 4001 1684 4070 ὑφ’
1718 3995 1794 4057 ὧν

197 4085 280 4150 ὡς
329 4086 402 4140 τὰ
456 4085 628 4138 πολλὰ
675 4084 745 4138 τὰ
777 4086 875 4152 τῆς
926 4087 1149 4156 ἀγάπης
1189 4087 1513 4157 ἑδράζεσθαι
1559 4090 1752 4144 εἴωθεν
1780 4109 1796 4125 ο

201 4180 417 4242 σπάνις
448 4178 556 4246 γὰρ
586 4179 961 4246 προσηγορίας
992 4180 1131 4232 κατὰ
1164 4181 1256 4232 τὸν
1282 4181 1638 4264 Σταγειρίτην
1665 4184 1797 4237 πολε

201 4271 310 4334 λὰς
352 4268 537 4338 φιλίας
583 4269 820 4323 διέλυσε.
877 4269 1172 4323 Γινώσκων
1221 4271 1277 4323 δὲ
1321 4272 1413 4324 τὸν
1457 4273 1795 4343 Βαῖμοῦντον

200 4363 383 4435 ἄνδρα
447 4363 718 4433 πονηρίας
775 4363 871 4415 καὶ
932 4361 1397 4434 δραστηριότητος
1463 4366 1790 4432 ἀνάπλεων,

198 4453 374 4526 ἧόελε
413 4453 516 4523 μὲν
545 4454 640 4508 καὶ
677 4453 778 4524 τὴν
802 4455 942 4506 κατᾶ
971 4454 1268 4524 πρόσωπον
1301 4455 1438 4524 πρὸς
1483 4457 1647 4509 αὑτδν
1687 4458 1794 4526 μά-

198 4565 315 4618 χην
352 4544 744 4610 ἀναδέξασθαι,
778 4545 1008 4612 καθά”γε
1035 4548 1131 4600 καὶ
1157 4547 1376 4616 εἴρηται
1403 4566 1418 4580 .
1448 4549 1585 4603 ἀλλὰ
1608 4550 1703 4602 καὶ
1725 4551 1795 4603 δι.

195 4639 407 4707 ἑτέρου
443 4636 645 4698 παντὸς
676 4636 881 4707 τρόπου
911 4639 1006 4690 καὶ
1041 4639 1288 4708 μηχανῆς
1327 4640 1450 4693 κατ’
1487 4640 1656 4693 αὑτοῦ
1695 4659 1795 4712 με.

193 4729 387 4781 λετῶν
428 4726 682 4797 οὐδαμῶς
731 4727 985 4782 ἐνεδίδου.
1017 4729 1119 4781 Διὰ
1174 4728 1232 4783 δὲ
1268 4729 1369 4792 τὰς
1395 4731 1496 4803 ἥδη
1532 4732 1795 4804 ῥηθείσας

198 4821 424 4883 αἰτίας,
458 4820 642 4873 καίτοι
673 4820 845 4874 πολλὰ
881 4821 1168 4890 σφαδάζων
1199 4823 1331 4890 πρὸς
1365 4823 1527 4877 τοῦτο
1548 4825 1794 4891 φιλοκίν-

1967 2241 2240 2296 Hactenus
2292 2245 2356 2295 de
2399 2242 2628 2309 superba
2682 2251 2854 2303 turre,
2923 2255 2986 2292 ac
3037 2245 3150 2293 tota
3199 2239 3480 2308 Dyrrachii

1899 2350 2178 2387 murorum
2231 2351 2258 2386 a
2293 2333 2462 2387 Gallis
2508 2339 2770 2384 attenlata
2821 2331 3184 2387 concussione
3229 2332 3433 2384 dictum
3462 2373 3479 2397 ,

1896 2428 1962 2475 ad
1998 2428 2386 2493 imperatorem
2416 2425 2593 2477 oratio
2640 2423 2918 2476 referenda
2957 2432 3062 2478 est.
3087 2421 3216 2477 Post
3249 2423 3480 2478 hiemem

1899 2515 1987 2566 ille
2036 2516 2434 2571 Thessalonica:
2472 2527 2835 2578 transactam,
2892 2516 2992 2568 sub
3041 2515 3252 2568 initium
3293 2514 3476 2577 veris,

1900 2609 2123 2660 remissa
2181 2608 2710 2678 Constantinopolim
2770 2609 3057 2674 Augusta.
3117 2607 3285 2660 ut0vit
3357 2606 3482 2662 inde

1900 2699 2123 2753 ulterius
2176 2716 2296 2753 cum
2340 2702 2551 2768 copiis,
2597 2711 2652 2756 et
2699 2716 2792 2770 per
2824 2698 3167 2767 Pelagoniam
3203 2697 3478 2752 Deabolim

1899 2795 2167 2866 pervenit,
2202 2796 2390 2847 urbem
2420 2797 2500 2848 cis
2530 2809 2622 2848 eos
2656 2803 2864 2846 montes
2903 2792 3063 2844 sitam
3096 2793 3186 2858 qui
3228 2793 3481 2846 desinen-

1901 2895 1980 2940 tes
2035 2887 2089 2939 in
2144 2886 2560 2954 angustissimos
2628 2888 2830 2951 calles,
2915 2886 3282 2956 thermopylas
3360 2885 3480 2938 illas

1899 2993 2126 3045 quarunt
2157 2980 2406 3043 snperitts
2435 2979 2780 3034 meminimus
2817 2991 2870 3036 et
2909 2980 3336 3034 arctissimarum
3368 2979 3480 3030 val-

1900 3070 2028 3123 lium
2087 3072 2531 3140 impeditissimas
2571 3074 2801 3128 elisuras
2849 3072 3110 3128 efﬁciunt.
3169 3070 3266 3126 llic
3317 3086 3480 3124 aecu-

1903 3164 2174 3219 ratissiute
2218 3165 2615 3232 ςὶνριιιιιεμρριο
2673 3167 2795 3219 belli
2841 3167 3125 3233 pravseutis
3167 3179 3366 3233 genere
3413 3177 3476 3216 ac

1899 3265 2066 3318 statu,
2112 3257 2486 3325 subductaque
2530 3258 2885 3312 consiliorum
2920 3272 3126 3311 summa
3180 3257 3476 3320 sapienter,

1901 3349 2060 3418 plane
2086 3348 2277 3402 statuit
2307 3349 2475 3404 vitare
2493 3351 2850 3404 decretoriam
2885 3349 3080 3410 avictu,
3105 3364 3202 3400 uec
3233 3346 3478 3398 fortunas

1901 3441 2145 3506 publicas
2195 3444 2534 3496 committere
2569 3444 2790 3496 casibus
2849 3445 3072 3496 incertis
3131 3442 3474 3512 praeliorum:

1901 3547 2088 3584 verum
2124 3549 2250 3586 suas
2289 3535 2634 3602 hostiumque
2666 3536 2852 3604 copias
2895 3546 3170 3587 vastorum
3208 3547 3259 3587 et
3301 3535 3478 3602 impe-

1901 3623 2244 3676 uetrabilium
2287 3624 2606 3691 interpositu
2644 3626 2940 3693 diremptas
2968 3626 3167 3679 habere
3188 3627 3474 3679 amntium.

1898 3714 1978 3767 Ab
2011 3715 2111 3768 hac
2154 3714 2544 3768 deliberatione
2573 3715 2836 3768 describit
2867 3713 3066 3784 quique
3115 3725 3298 3780 partes
3326 3729 3474 3768 suas.

1898 3807 2223 3863 Fidissimos
2271 3822 2516 3877 quosque
2550 3822 2671 3861 cum
2705 3808 2898 3862 idoneo
2942 3808 3204 3861 comitatu
3259 3807 3474 3860 fortium

1899 3900 2130 3953 militum
2177 3899 2322 3970 jugis
2368 3900 2499 3967 ipsis
2544 3915 2606 3954 ac
2635 3899 2868 3966 Speculis
2911 3900 3174 3951 montium
3225 3898 3473 3966 imponit.

1901 3991 2078 4047 Valles
2101 3993 2236 4046 imas
2270 4006 2433 4058 Opere
2477 4007 2538 4045 ac
2570 3991 2821 4061 prmsidio
2857 3991 3068 4043 abunde
3105 3989 3301 4042 firmat.
3347 3986 3476 4042 Vias

1899 4085 2184 4154 diligenter
2238 4085 2446 4154 obsepit
2497 4099 2686 4138 omnes
2714 4093 2877 4152 atque
2903 4081 3211 4150 intercipit,-
3280 4080 3477 4146 quibus

1901 4189 1992 4234 aut
2049 4179 2266 4234 mittere
2316 4177 2645 4232 Baimuudus
2689 4177 2739 4230 in
2789 4176 3105 4230 interiorem
3158 4173 3475 4228 Romaniatn

1897 4277 1990 4325 aut
2040 4269 2282 4336 recipere
2334 4270 2456 4323 inde
2495 4268 2702 4322 litteras
2733 4275 2935 4336 posset.
2985 4265 3195 4334 Nempe
3237 4264 3477 4318 habebat

1897 4361 2229 4419 Baimundus
2277 4364 2386 4419 illic
2431 4363 2624 4434 partim
2680 4363 2884 4417 amicos
2931 4361 3041 4429 jam
3071 4401 3086 4422 ,
3135 4360 3328 4428 partim
3372 4356 3467 4426 qui

1903 4456 2029 4511 odio
2080 4457 2424 4525 imperatoris
2468 4456 2534 4509 ad
2582 4454 2702 4524 ejus
2751 4453 3046 4508 amicitiam
3109 4459 3305 4520 sponte
3355 4465 3476 4516 pro-

1899 4550 2217 4623 penderent.
2285 4547 2499 4601 Talium
2546 4545 2833 4601 intestinos
2906 4553 3085 4618 motus
3143 4552 3476 4608 conatusque

1897 4642 2132 4697 audaces
2185 4637 2542 4707 prmvertebat
2595 4637 2696 4689 ista
2732 4631 3008 4702 diligentia
3053 4629 3473 4684 obsidendorum

1900 4735 2177 4797 itinerum,
2223 4730 2646 4797 commerciique
2683 4723 3002 4796 prohibendi
3055 4719 3366 4776 nuntiorum
3411 4729 3508 4770 ac‘

1899 4825 2251 4894 scriptorum.
2291 4821 2564 4875 Alimenta
2597 4817 2742 4873 enim
2776 4817 2888 4870 haec
2922 4821 3048 4870 sunt
3081 4809 3473 4871 amicitiarum,

194 4911 370 4974 δυνός
395 4927 458 4964 τε
499 4913 594 4963 καὶ
625 4910 1046 4973 πυκνοκίνδυνος
1096 4909 1266 4962 πάλαι
1313 4909 1388 4963 ὢν
1425 4913 1608 4965 οὐτοσὶ
1644 4915 1671 4966 ὁ
1699 4915 1796 4966 αὑ-

1901 4930 2038 4986 qute.
2081 4921 2140 4969 ut
2165 4921 2310 4967 recte
2333 4913 2490 4965 docet
2520 4906 2865 4971 Aristoteles,
2903 4905 2946 4959 si
2985 4899 3373 4957 salutationum
3409 4909 3475 4951 ac

196 5003 507 5072 τοκράτωρ
539 5001 636 5055 καὶ
669 5003 804 5071 ἐμὸς
848 5002 1054 5072 πατὴρ,
1097 5003 1219 5054 ἐπεὶ
1250 5003 1336 5054 τὸν
1379 5003 1535 5071 λόγον
1567 5000 1712 5075 εἶχεν
1737 5008 1796 5058 ἐν

200 5098 357 5148 πᾶσι
387 5096 719 5163 κρατοῦντα,
740 5094 806 5146 δι’
833 5095 1024 5164 ἑτέρας
1063 5095 1290 5163 μεθόδου
1313 5097 1798 5161 καταγωνίσασθαι

193 5183 408 5236 τοῦτον
442 5185 800 5238 ἐσπευδε.Δεῖ
841 5184 970 5253 γὰρ,
1014 5182 1192 5254 οἶμαι,
1222 5185 1314 5237 τὸν
1358 5189 1668 5254 στρατηγὸν
1697 5188 1796 5240 οὐκ

192 5276 303 5328 ἀεὶ
330 5276 419 5328 διὰ
455 5277 775 5346 ξιφουλκίας
803 5279 902 5348 τὴν
935 5279 1092 5348 νίκην
1137 5278 1315 5346 ἑαυτῷ
1349 5277 1600 5330 σπεύδειν
1635 5296 1795 5349 περι-

192 5369 516 5433 ποιεῖσθαι,
551 5370 688 5423 ἀλλὰ
748 5372 842 5424 καὶ
891 5371 1027 5442 πρὸς
1086 5370 1426 5440 πανουργίαν
1475 5371 1588 5439 (58)
1641 5370 1790 5424 ἐστιν

188 5456 262 5516 οὗ
287 5462 740 5530 εὐτρεπίζεσθαι,
768 5462 908 5516 ἐπὰν
925 5466 952 5516 ὁ
978 5463 1168 5533 καιρὸς
1194 5463 1288 5516 καὶ
1309 5463 1377 5514 τα
1406 5461 1786 5532 συμπίπτοντα

190 5553 392 5624 τούτῳ
432 5555 756 5627 διδόασιτὴν
788 5557 974 5626 νίκην,
1029 5555 1210 5625 ἑαυτῷ
1251 5556 1488 5608 πάντοσε
1537 5571 1790 5625 περιποι-

1901 5005 2201 5061 ofliciorum
2251 5001 2586 5057 consuetudo
2625 4998 2925 5054 cessaverit
2950 4996 3073 5058 ,cito
3121 4997 3471 5055 evanescunt,

1901 5097 2252 5166 quantumvis
2299 5096 2451 5163 prius
2499 5102 2649 5146 arcte
2704 5091 2936 5145 coalitzc.
2985 5088 3066 5142 Ad
3121 5089 3259 5140 hanc
3310 5095 3474 5151 porro

1900 5191 2193 5245 Fabianum
2266 5185 2442 5255 potius
2515 5197 2675 5253 quam
2729 5196 2883 5234 suam
2978 5187 3148 5231 artem
3225 5170 3469 5227 trahendi

1887 5281 2044 5344 belli,
2080 5295 2182 5334 uou
2236 5277 2340 5330 ulla
2393 5290 2524 5328 sane
2570 5274 2864 5342 imperator
2893 5269 3136 5323 ‘Alexius
3184 5264 3472 5318 timiditate

1903 5383 2138 5427 mentem
2181 5367 2407 5438 appulit.
2445 5365 2583 5429 Non,
2616 5365 2857 5433 inquam,
2901 5369 2991 5414 aut
3028 5356 3304 5412 Baimuudi
3333 5353 3469 5407 adeo

1900 5462 2211 5518 formidavit
2263 5460 2446 5527 cupias
2496 5467 2586 5510 aut
2633 5457 2866 5526 propriis
2903 5451 3116 5514 diffidit,
3150 5459 3240 5502 aut
3283 5455 3469 5516 aperto

1901 5562 2073 5609 marte
2118 5553 2261 5606 vires
2305 5549 2538 5620 experiri
2581 5563 2708 5604 suas
2740 5562 2860 5602 cum
2887 5560 2951 5600 eo
2984 5543 3278 5598 dubitaret.
3328 5535 3467 5601 Quin

1253 5675 1392 5734 Car.
1423 5672 1747 5733 Dufresnii
1781 5674 1874 5733 Du
1909 5667 2128 5747 Cangii
2162 5674 2349 5728 notae.

274 5799 401 5868 (58)
466 5801 867 5867 Πανουργίαν.
917 5797 1207 5855 Ortlcricus
1257 5797 1417 5855 Vital.
1459 5796 1572 5866 lib.
1616 5810 1670 5850 ιι
1715 5795 1781 5851 de
1815 5794 2050 5852 Alexio:
2095 5790 2224 5845 Erat
2258 5792 2394 5845 enim
2451 5788 2680 5844 callidus
2714 5796 2762 5844 et
2795 5785 3084 5858 facundus,
3141 5782 3342 5850 largus,
3409 5783 3460 5830 et

187 5871 442 5941 fallendi
469 5870 664 5941 artifex
698 5871 1019 5940 ingeniosus.
