3900 6576
485 416 585 483 971

1804 400 2030 460 ANN/E
2079 396 2467 461 COMNEN/E

3647 391 3732 456 972

466 550 649 591 ~cursu
681 530 897 589 concito
943 526 1211 584 ferebant.
1271 518 1657 591 Exploratores
1698 512 2067 570 Cantacuzeni

2201 510 2640 580 ἱαντακουζηνοῦ
2697 508 2891 562 σκοποὶ
2926 503 3219 578 (βάρὸαροι
3254 503 3311 558 δέ
3351 499 3509 574 ἦσαν,
3544 505 3572 558 δ
3601 504 3729 575 λόγος

490 628 741 686 homines
790 619 1050 685 barbari,
1117 626 1176 672 ut
1236 615 1436 670 dictum
1476 620 1596 675 est,
1664 608 1780 662 visu
1833 605 2073 677 perculsi

496 719 705 790 trepide
743 721 1036 773 recurrunt
1069 710 1137 765 ad
1183 710 1374 764 ducem
1410 718 1605 768 suum;
1650 715 1751 755 nec
1807 710 1988 753 tamen
2023 697 2072 751 ci

491 815 720 882 primam
750 808 824 864 rei
854 805 1104 861 notitiam
1138 806 1439 861 reservant,
1466 793 1749 879 autsedati
1782 807 1911 845 voce
1942 789 2071 844 sub-

495 906 660 960 missa
695 901 821 971 quid
855 898 1121 953 vidissent
1148 891 1420 954 nuntiant,
1461 870 1518 942 ut
1547 886 1897 942 cordatorum
1950 882 2076 937 ofti.

495 1000 642 1057 cium
681 1002 823 1061 erat,
852 990 947 1048 sed
982 990 1123 1044 inter
1160 987 1337 1056 ipsum
1372 996 1591 1038 cursum
1625 987 1863 1034 uterant
1896 974 2076 1029 anheli

495 1104 552 1148 ct
575 1100 718 1146 metu
746 1082 1027 1143 examines
1057 1079 1360 1134 claniarunt
1391 1074 1578 1128 adesse
1596 1069 1804 1126 Gallos.
1840 1064 2079 1121 Perculit

498 1181 816 1253 imprudens
869 1191 974 1233 vox
1009 1174 1281 1229 Romanos
1329 1168 1439 1237 jatn
1488 1164 1756 1225 victores,
1788 1170 2078 1226 arcemque

499 1271 739 1329 incensis
797 1275 1076 1339 patentem
1149 1258 1362 1329 portis,
1433 1251 1765 1309 transcensis
1832 1249 2076 1304 invasun

500 1365 711 1429 muris,
768 1357 1000 1417 extorsit
1052 1355 1304 1410 manibus
1362 1346 1726 1404 obtinentium
1781 1359 1795 1395 :
1850 1340 2080 1410 quisque

501 1473 690 1513 amens
724 1466 935 1510 terrore
965 1448 1145 1504 subito
1194 1444 1380 1515 pedem
1412 1439 1610 1502 refert,
1666 1435 1952 1490 victoriam
1986 1431 2080 1485 ab.

502 1550 673 1616 dicat,
724 1561 925 1617 equum
971 1538 1193 1611 repetit,
1240 1535 1613 1605 adjumentum
1668 1528 1868 1581 velocis
1925 1524 2081 1593 fugai.

501 1642 725 1699 Collisio
746 1649 864 1693 erat
889 1637 1024 1689 mira
1047 1628 1402 1697 confusioque
1426 1624 1479 1676 in
1504 1636 1621 1677 sese
1643 1616 2037 1674 incurrentium
2065 1653 2080 1677 ,

505 1748 560 1794 et
606 1750 727 1790 cum
764 1730 967 1800 trepide
998 1724 1096 1795 pro
1147 1738 1205 1777 se
1256 1721 1491 1788 quisque
1541 1714 1881 1773 festinarent,
1917 1722 2084 1778 equos

502 1844 603 1905 pro
632 1831 744 1884 suis
775 1824 1005 1885 alienos,
1046 1826 1104 1871 ut
1135 1826 1409 1885 quemque
1441 1808 1638 1876 cuique
1668 1804 1782 1858 fons
1841 1810 1895 1857 et
1928 1812 2084 1854 error

504 1920 779 1977 obtulerat
816 1956 831 1981 ,
886 1908 1339 1967 inscemlentium.

504 2027 746 2071 cuzenus
778 2005 1101 2075 obequitans
1153 1998 1407 2054 obstabat
1436 1991 1749 2057 ruentibus,
1784 1997 1839 2042 et
1884 2000 2044 2039 manu
2067 2020 2083 2047 ,

508 2120 643 2161 voce
664 2144 678 2169 ,
728 2108 863 2156 nutu
888 2110 1079 2153 onmes
1115 2091 1435 2151 admonens,
1469 2083 1697 2140 reddere
1722 2075 2084 2136 constantiam

504 2210 650 2255 metu
689 2192 927 2262 abreptis
959 2188 1153 2259 panico
1198 2182 1463 2239 certabat.
1513 2176 1641 2232 Este
1695 2174 1829 2239 viri,
1867 2172 2085 2235 aiebat,

507 2308 537 2348 e
569 2298 724 2360 poeta
748 2294 1021 2354 repetens,
1046 2291 1093 2333 et
1113 2280 1296 2347 prisca:
1322 2287 1575 2328 memores
1597 2266 1804 2323 virtutis
1826 2267 1880 2319 in
1902 2262 2087 2325 armis;

510 2383 606 2439 sed
660 2377 896 2436 canebat
948 2372 1147 2438 surdis,
1205 2378 1259 2423 et
1301 2365 1457 2420 ducis
1515 2360 1651 2416 nihil
1698 2373 1807 2415 non
1844 2354 2091 2412 conantis

509 2471 837 2531 industriam
900 2465 1189 2521 oblitorum
1241 2458 1410 2514 officii
1477 2455 1706 2511 militum
1753 2446 2089 2521 perturbatio

512 2548 785 2621 vincebat.
849 2559 945 2615 Ille
989 2569 1165 2613 tamen
1218 2570 1285 2608 ne
1337 2561 1465 2605 tunc
1520 2546 1736 2618 quidem
1790 2542 2091 2611 desperans

511 2660 694 2717 omnia
740 2674 754 2713 :
810 2653 976 2718 Esto,
1041 2647 1245 2717 inquit,
1294 2643 1488 2699 milites
1537 2655 1737 2696 cantus.
1798 2634 1964 2704 Fuga:
2012 2647 2092 2685 me

510 2754 710 2809 socium
761 2744 1037 2801 habebitis.
1075 2739 1179 2796 Sed
1240 2753 1333 2793 cur
1390 2744 1594 2789 nostras
1622 2730 1897 2785 machinas
1954 2725 2092 2779 hosti

512 2838 887 2914 relinquimus?
908 2854 1001 2892 cur
1023 2848 1201 2889 nostra
1219 2831 1367 2901 copia
1390 2827 1574 2883 Gallos
1598 2840 1864 2879 armamus
1882 2822 1906 2876 Ζ)
1922 2820 2091 2890 Agite,

514 2940 679 2995 brevis
732 2951 823 2990 nec
852 2930 1150 3003 periculosa
1202 2940 1349 2977 mora
1393 2930 1492 2975 est.
1529 2918 1942 2983 Corrumpamus
1982 2911 2094 2983 igni

512 3049 630 3105 qua:
657 3045 748 3085 ne:
773 3025 954 3081 tuendi
984 3022 1216 3081 animus,
1251 3033 1341 3070 nec
1365 3010 1619 3083 eﬂerendi
1644 3009 1876 3079 facultas
1896 3006 2093 3060 otium-

514 3099 571 3181 ue
597 3122 844 3194 suppetit;
879 3132 1039 3185 neque
1070 3113 1203 3167 illud
1224 3110 1384 3180 jubeo
1412 3116 1708 3170 exspectare
1728 3117 1813 3155 vos
1830 3099 2004 3171 quoad
2034 3115 2096 3151 ea

514 3224 567 3276 in
591 3220 814 3272 cinerem
835 3210 1081 3269 abierint;
1098 3206 1317 3275 ﬂamma
1332 3199 1489 3254 semel
1510 3197 1726 3266 injecta,
1747 3210 1837 3263 per
1856 3208 1934 3245 me
1952 3190 2095 3254 licet,

517 3314 605 3374 ite,
638 3303 884 3362 rccedite;
910 3299 996 3353 sed
1030 3312 1131 3350 non
1162 3303 1370 3358 temere,
1401 3306 1504 3342 non
1537 3287 1779 3357 turpiter,
1807 3284 1897 3338 sed
1914 3283 2099 3336 decore

520 3399 900 3469 compositeque
940 3390 1185 3445 recedile.
1229 3384 1465 3439 Nimium
1494 3397 1643 3451 aequa
1678 3392 1906 3450 poscere
1948 3375 2097 3430 visus

522 3502 603 3549 est
623 3468 645 3557 ;ﬁ
671 3496 838 3551 agrum
876 3482 1073 3537 milites
1125 3477 1269 3547 quod
1312 3475 1670 3546 jubebantur,
1712 3472 1854 3524 ultra
1909 3468 2099 3531 etiam,

522 3595 582 3638 ut
630 3582 687 3635 fit
710 3619 725 3643 ,
770 3590 929 3647 quam
961 3574 1067 3627 dux
1096 3574 1447 3638 speraverat,
1505 3573 1662 3633 capto
1695 3560 1861 3617 semel
1898 3560 2098 3628 impetu

522 3674 671 3728 elati.
706 3667 981 3739 Siquidem
1039 3676 1141 3715 non
1179 3658 1353 3712 solum
1381 3670 1508 3709 suas
1539 3653 1773 3722 ipsorum
1801 3647 2099 3709 machinas,

523 3768 619 3823 sed
645 3765 807 3820 etiam
864 3755 1086 3813 hostiles
1132 3750 1296 3822 392
1340 3764 1505 3802 naves
1555 3746 1621 3801 ad
1678 3743 1874 3797 flumen
1921 3741 2100 3795 Busen

527 3864 735 3912 stantes
764 3847 1121 3905 incenderunt
1150 3884 1164 3907 ,
1201 3857 1307 3894 non
1364 3840 1558 3909 exiguo
1611 3834 1951 3891 incommodo
1978 3829 2105 3885 Gal-

526 3950 748 4011 lorum,
828 3941 1025 4012 quibus
1091 3937 1235 3990 haud
1302 3932 1480 3988 facilis
1536 3928 1790 3995 deinceps
1851 3924 2105 3991 trajectus

530 4040 705 4096 aumis
740 4036 860 4106 ejus
895 4031 1112 4086 futurus
1141 4027 1446 4081 videbatur.
1480 4021 1554 4075 Ita
1592 4021 1806 4075 demum
1834 4016 2106 4071 Cautacu-

526 4146 692 4189 zenus
752 4128 854 4183 rite
911 4135 1073 4192 atque
1148 4119 1401 4173 ordinate
1453 4129 1573 4168 cum
1632 4111 1750 4166 suis
1809 4124 1839 4162 e
1900 4118 2108 4163 terrore

528 4225 807 4297 paulisper
864 4214 1118 4284 receptis,
1147 4213 1292 4265 lento
1338 4208 1447 4277 jam
1475 4216 1529 4262 et
1562 4203 1784 4258 militari
1841 4200 2107 4255 recedens

531 4296 723 4391 gradu.
748 4311 1026 4384 planitiem
1051 4301 1433 4361 animadvertit
1458 4314 1563 4353 non
1594 4297 1751 4366 longe
1783 4296 2100 4358 distantem,

531 4412 686 4480 cujus
719 4409 857 4463 situs
898 4421 927 4458 a
987 4398 1194 4456 dextris
1246 4396 1451 4449 habens
1483 4405 1693 4444 amnem
1727 4387 2063 4442 Charzanem
2093 4424 2110 4452 ,

532 4480 882 4579 protectusa
928 4493 1165 4552 sinistris
1212 4489 1358 4545 invio
1408 4484 1583 4554 spatio
1631 4482 1889 4552 palustris
1921 4490 1976 4536 et
2009 4480 2107 4533 uli-

2177 603 2393 673 φθάσας
2430 599 2692 672 ἐδήλωσε)
2718 596 3196 667 ἐπανατρέχουσιν
3234 593 3588 655 ἀσυντάκτως
3621 593 3730 664 πρὸς

2175 697 2342 750 αὐτὸν
2364 696 2459 749 καὶ
2486 694 2547 747 ού
2593 690 2990 764 μυστηριωδῶς
3020 688 3149 757 περὶ
3174 685 3285 739 τῶν
3313 682 3586 754 φανέντων
3623 701 3730 739 κατ.

2175 788 2461 861 ήγγελλον,
2484 786 2621 840 ἀλλὰ
2657 782 2939 855 πόρρωθεν
2962 777 3267 850 φωνοῦντες
3286 774 3677 842 τούτωνέφοδον
3694 774 3727 806 ιτ

2176 884 2383 952 ἔλεγον.
2452 878 2813 939 Ἀκούσαντες
2869 874 2927 927 δέ
3001 876 3049 927 οί
3120 869 3460 941 στρατιῶται
3508 867 3599 935 τὴν
3640 867 3728 920 τῶν

2176 974 2398 1033 Κελτῶν
2433 972 2642 1042 ἔφοδον,
2677 969 2782 1024 κᾶν
2832 968 2941 1021 τῶν
2980 965 3181 1034 τειχῶν
3239 960 3605 1032 ὑπερέϐησαν,
3645 962 3727 1013 κᾶν

2177 1070 2275 1133 τὰς
2298 1068 2473 1131 πύλας
2506 1066 2845 1133 ἐνέπρησαν,
2886 1060 2989 1113 κᾶν
3027 1061 3085 1111 ἐν
3109 1055 3271 1128 χερσὶ
3327 1052 3484 1107 τοῦτο
3508 1052 3727 1120 κατέχον-

2177 1177 2271 1225 τες
2300 1155 2441 1231 ἦσαν
2485 1158 2612 1229 ήδη,
2649 1155 2763 1210 ἀλλ’
2814 1149 3314 1223 ἐκδειματωθέντες
3355 1147 3582 1207 ἕκαστος
3621 1144 3726 1213 πρὲις

2180 1256 2272 1309 τὸν
2326 1253 2461 1307 ἴδιον
2520 1250 2745 1321 ἔτρεχεν
2797 1248 2985 1302 ἵππον.
3054 1241 3330 1313 Ἐμφοϐοι
3398 1238 3454 1292 δὲ
3485 1238 3624 1301 δντες
3654 1238 3727 1290 καὶ

2184 1342 2469 1406 συνθέντες
2515 1340 2628 1412 [τσ.
2672 1337 3057 1409 συγχυθέντες]
3087 1335 3177 1388 τὸν
3217 1330 3342 1389 νοῦν
3378 1328 3564 1401 ἅτερος
3604 1326 3726 1380 θατέ-

2184 1454 2281 1509 ρου
2321 1436 2488 1490 ἵππον
2547 1432 2857 1487 ἐπέϐαινεν.
2888 1429 3065 1483 Πολλά
3124 1426 3255 1496 γοῦν
3311 1426 3340 1479 ὁ
3384 1420 3728 1489 Καντσκουζη-

2182 1532 2271 1594 νὸς
2308 1528 2719 1599 ἀγωνισάμενος
2766 1527 2861 1580 καλ⁸
2918 1522 3118 1586 πολλὰς
3174 1519 3445 1581 ἱππασίας
3483 1515 3614 1569 κατὰ
3646 1514 3727 1567 τῶν

2190 1621 2709 1693 ἐκδειματωθέντων
2775 1618 3031 1687 ποιήσας,
3121 1611 3359 1685 Ἀνέρεςξ
3427 1608 3579 1670 ἐστε,
3641 1623 3728 1673 φω-

2185 1715 2293 1770 νῶν
2373 1714 2514 1769 κατὰ
2590 1712 2683 1765 τὸν
2762 1710 2995 1779 ποιητὴν
3031 1748 3044 1773 ,
3099 1706 3414 1775 μνήσθητε
3504 1697 3733 1766 θούριδος

2188 1807 2405 1875 ἀλκῆς,
2462 1808 2538 1869 ὡς
2610 1805 2712 1858 οὐκ
2778 1797 3311 1868 ἐπειθεν,εύφυῶς
3395 1791 3603 1855 τούτους
3656 1794 3739 1859 τῆς

1416 1898 1791 1968 Νείιιιῑιιίιυειιη
1883 1891 2075 1948 Ci‘ma'
2113 1866 2160 1925 Β
2192 1866 2402 1965 πτοίας,
2458 1866 2762 1970 ἀνηνεγκε,
2815 1898 3079 1968 φάμενος,
3117 1866 3193 1957 ὡς
3247 1892 3331 1945 Οὐ
3392 1889 3509 1959 χρὴ
3564 1886 3741 1940 ἑλεπό-

2191 1997 2321 2060 λεις
2373 1990 2728 2047 καταλιπεῖν
2770 1988 2895 2055 τοῖς
2944 1988 3243 2051 ἐναντίοις
3283 1985 3413 2038 καθ’
3460 1980 3617 2051 ἡμῶν
3666 1979 3742 2046 ἐρ-

2195 2102 2347 2158 γανα
2372 2129 2386 2153 ,
2418 2085 2580 2141 ἀλλὰ
2638 2084 2757 2153 πῦρ
2812 2086 2902 2149 εἰς
2950 2082 3136 2146 αὑτὰς
3178 2075 3483 2147 ὲμὸίιλεῒν,
3516 2068 3629 2143 κᾷθ’
3658 2072 3740 2125 οὖ-

2199 2199 2315 2248 τως
2365 2179 2798 2244 εὐσυντὰκτως
2843 2171 3202 2243 ὑποχωρεῖν.
3258 2167 3600 2240 Παραχρῆμα
3637 2164 3741 2231 γοῦν

2198 2272 2344 2345 μάλα
2378 2269 2681 2343 προθύμως
2714 2266 2990 2336 ἐπλήρουν
3029 2264 3079 2317 οἱ
3113 2261 3448 2330 στρατιῶται
3499 2257 3555 2311 τὸ
3601 2273 3743 2326 προσο

2194 2363 2550 2432 ταττόμενον,
2581 2362 2676 2414 καὶ
2732 2358 2793 2410 ού
2824 2357 2925 2418 τὰς
2972 2353 3256 2415 ἑλεπόλεις
3286 2351 3475 2422 μόνον,
3507 2347 3634 2402 ἀλλὰ
3670 2346 3742 2399 καὶ

2197 2458 2265 2507 τά
2284 2452 2429 2507 κατὰ
2466 2451 2559 2505 τὸν
2598 2451 2847 2518 ποταμὸν
2883 2445 3096 2516 Βούσην
3158 2443 3423 2513 ἱστάμενα
3460 2439 3610 2494 πλοῖα
3652 2437 3745 2492 ἐνέ-

2199 2560 2453 2616 πρησαν,
2500 2543 2576 2606 ὡς
2615 2540 2691 2612 μὴ
2751 2537 2957 2611 ῥᾳδίως
2995 2538 3045 2590 οἱ
3099 2534 3296 2589 Κελτοὶ
3325 2533 3588 2603 διαπερᾷν
3619 2529 3745 2584 ἐνθεν

2198 2639 2396 2710 ἔχοιεν.
2421 2635 2593 2701 Αὐτὸς
2619 2635 2676 2688 δὲ
2702 2631 3035 2693 άναποδίσας
3076 2628 3275 2702 μικρὸν
3306 2626 3403 2679 καὶ
3424 2624 3625 2679 πεδιάδι
3659 2624 3747 2675 τινὶ

2200 2729 2438 2802 ἐντυχὼν
2483 2728 2722 2794 δεξιὸθεν
2786 2726 2885 2795 μὲν
2946 2724 3037 2778 τὸν
3091 2720 3435 2789 καλούμενον
3493 2717 3748 2786 Χαρζάνην

2202 2822 2450 2890 ποταμὸν
2479 2819 2704 2893 ἐχούσῃ,
2742 2817 2801 2884 ἐξ
2834 2815 3124 2885 εὐωνύμου
3161 2814 3218 2868 δέ
3250 2812 3428 2878 ἑλώδη
3459 2810 3581 2865 τινὰ
3610 2809 3761 2875 τόπον,

2202 2917 2294 2972 καὶ
2325 2912 2596 2985 βαλτώδη.
2626 2913 2721 2966 καὶ
2755 2910 3206 2982 συγχρησάμενοι
3243 2908 3456 2969 τούτοις
3475 2905 3548 2968 ὡς
3572 2902 3749 2974 ὀχυρώ-

2206 3024 2371 3077 μασιν
2402 3003 2570 3058 αὐτοῦ
2604 3020 2709 3056 που
2752 3002 2845 3054 τὸν
2898 3001 3122 3071 χάρακα
3164 2997 3461 3069 ἐπήξαντο.
3512 2997 3569 3049 ΟΞ
3595 2994 3647 3048 δὲ
3676 2997 3753 3064 ῥη-

2205 3099 2392 3161 θέντες
2424 3097 2624 3152 Κελτοὶ
2646 3096 2802 3168 παρὰ
2842 3095 2919 3165 τῷ
2954 3093 3126 3163 χείλει
3152 3091 3246 3144 τοῦ
3278 3088 3527 3158 ποταμοῦ
3556 3089 3755 3156 γενόμεο

2152 3237 2168 3255 π
2205 3209 2308 3257 vo,"
2340 3191 2451 3245 τῶν
2510 3190 2716 3245 πλοίων
2778 3188 2882 3261 ἥδη
2932 3183 3503 3257 προεμπρησθέντων,
3554 3182 3755 3249 ἀστοχή-

2206 3301 2400 3347 σαντες
2432 3281 2544 3336 τῶν
2598 3280 2834 3335 ἐλπίδων
2887 3280 3185 3349 κεχηνότες
3238 3277 3601 3347 ὑπέστρεφον.
3631 3274 3684 3327 ὐ
3713 3274 3757 3327 δὲ

2204 3376 2299 3433 τοῦ
2335 3374 2681 3445 Βαῖμούντου
2714 3374 2945 3442 ἁδελφὸς
2987 3372 3162 3437 Γίδος,
3199 3372 3270 3425 τά
3300 3370 3586 3437 συμϐάντα
3616 3369 3757 3423 πυθό-

2208 3487 2371 3543 μενος
2405 3467 2536 3539 παρ’
2567 3468 2771 3534 αὐτῶν,
2806 3466 2973 3538 ἄλλην
3001 3466 3295 3537 ἐτράπετο,
3331 3463 3427 3517 καὶ
3455 3462 3758 3534 στρατιώτας

2204 3564 2491 3634 γενναίους
2528 3562 2640 3615 τῶν
2676 3562 2769 3615 ὑπ’
2802 3560 2968 3614 αὐτὸν
3020 3560 3363 3629 διελόμενος,
3407 3559 3542 3629 πρὸς
3577 3555 3760 3626 ’ῐεριχὼ

2206 3660 2302 3710 καὶ
2328 3656 2395 3711 τά
2418 3656 2633 3711 Κάνινα
2664 3654 2970 3725 ἐξέπεμψε.
3010 3652 3438 3715 Καταλαόόντες
3469 3646 3559 3704 οὖν
3585 3649 3649 3703 τά
3677 3648 3762 3702 ὑπὸ

2204 3750 2300 3804 τοῦ
2336 3750 2700 3819 Κεκαυμένου
2742 3747 2966 3819 Μιχαὴλ
3008 3748 3327 3817 τηρούμενα
3348 3745 3535 3816 τὲμπη
3560 3745 3761 3813 (ἐκεῖνον

2206 3844 2316 3913 γὰρ
2373 3841 2594 3913 φύλακα
2643 3840 2852 3894 τούτων
2907 3840 3215 3909 ἐπέστησεν
3256 3836 3301 3869 ³⁸
3336 3834 3760 3905 ὁαύτοκράτωρ).

2211 3937 2305 3991 καὶ
2329 3937 2605 4005 συμμάχῳ
2623 3936 2702 4005 τῷ
2717 3934 2868 4004 τόπῳ
2892 3934 3233 4003 χρησάμενοι
3270 3931 3366 3983 καὶ
3394 3930 3757 4002 θαρρήσαντες,

2210 4028 2481 4098 τρέπουσι
2559 4024 2933 4096 ξυμϐαλόντες
2987 4024 3031 4056 ³⁹
3074 4023 3424 4092 κατακράτος
3451 4039 3464 4053 ·
3506 4022 3637 4090 ἀνὴρ
3674 4018 3760 4086 γὰρ

2213 4115 2420 4180 Κελτὸς
2449 4114 2590 4169 ἐπὰν
2628 4113 2889 4183 στενωπῷ
2912 4115 3027 4176 τοῖς
3086 4113 3306 4183 ἐχθροῖς
3352 4112 3563 4181 ἔτυχεν,
3589 4110 3763 4165 ἀκάθε-

2214 4228 2343 4273 κτος
2393 4209 2626 4277 γίνεται,
2677 4205 2869 4276 ὥσπερ
2941 4207 2997 4258 ἐν
3049 4204 3261 4258 πεδιάδι
3322 4204 3445 4256 λίαν
3507 4204 3763 4261 εύάὶωτοςο

2218 4301 2620 4372 Θαρσήσαντες
2648 4295 2762 4361 οῦν,
2797 4298 2873 4360 ὡς
2903 4299 3037 4368 πρὸς
3063 4300 3159 4350 τὸν
3197 4296 3645 4365 Καντακςυζηνδν
3690 4293 3765 4345 αὖ·

2220 4394 2304 4457 θις
2355 4394 2851 4463 ἐπανατρέχουσιν.
2918 4390 3077 4444 Ἐπεὶ
3132 4390 3191 4443 δὲ
3248 4389 3340 4442 τὸν
3396 4389 3560 4442 τόπον
3621 4380 3765 4456 οὗπερ

2218 4484 2455 4554 ἔφθασεν
2489 4484 2517 4536 δ
2552 4479 3015 4551 Καντακουζηνὸς
3040 4480 3117 4543 ὼς
3161 4479 3396 4549 εἴπομεν
3441 4478 3531 4530 τὸν
3579 4477 3767 4545 χάρακα

534 4598 708 4671 gixtosi
737 4593 859 4661 loci,
891 4605 1014 4649 cum
1037 4597 1192 4657 aptus
1214 4591 1361 4638 esset
1382 4579 1528 4633 visus
1554 4575 1860 4632 muniendis
1890 4574 2095 4629 castris,

2220 4576 2496 4649 πήξασθαι
2565 4576 2641 4649 μὴ
2680 4575 3131 4647 προσὸοηθοῦντα
3184 4572 3403 4636 τούτοις
3446 4573 3762 4640 ἐγνώκειεαν,

535 4665 734 4746 ianum
768 4686 877 4741 illic
914 4682 1050 4736 fixit.
1083 4679 1252 4732 Porro
1280 4670 1417 4729 Galli
1441 4685 1577 4740 quos
1613 4667 1842 4722 infestos
1877 4665 2113 4719 movisse

536 4783 603 4836 ad
662 4776 1035 4834 liberationem
1069 4767 1192 4839 Myli
1241 4764 1474 4819 diximus
1501 4800 1515 4825 ,
1551 4761 1640 4815 ubi
1680 4762 1742 4813 ad
1778 4759 1924 4825 ripas
1963 4753 2112 4808 fluvii

535 4871 778 4946 provecti
833 4882 999 4923 naves
1058 4876 1183 4916 suas
1249 4858 1503 4911 incensas
1570 4861 1930 4921 repererunt,
1999 4851 2112 4917 spei

540 4966 771 5033 impotes
819 4971 871 5014 et
939 4956 1142 5009 frustra
1204 4950 1418 5006 hiantes
1482 4944 1692 5011 regredi
1739 4941 1908 4997 coacti
1962 4946 2110 4994 sunt.

545 5030 740 5111 Verum
789 5046 1070 5105 Baimuudi
1125 5044 1293 5099 frater
1352 5039 1520 5095 Gidus
1569 5036 1766 5090 auditis
1821 5049 1938 5103 qua:
1970 5030 2114 5086 acci-

543 5153 769 5211 derant,
802 5144 904 5197 alia
954 5141 1037 5195 via
1095 5140 1303 5193 hostem
1342 5142 1528 5205 petere
1580 5127 1836 5185 decrevit.
1898 5125 2116 5179 Lectam

543 5242 762 5297 fortium
809 5235 1040 5291 militum
1064 5273 1081 5301 ,
1121 5228 1306 5300 quales
1347 5225 1448 5280 sub
1478 5240 1537 5280 se
1570 5223 1800 5277 habebat
1833 5215 2116 5285 plurimos,

543 5347 762 5389 mamun
800 5326 1093 5396 improviso
1141 5323 1193 5376 in
1224 5319 1604 5379 Jerechuutem
1641 5323 1695 5366 et
1731 5312 1934 5366 Canina
1967 5309 2122 5379 jubet

544 5426 777 5480 irruere.
832 5420 1207 5488 Obsequentes
1261 5412 1334 5466 illi
1368 5408 1535 5463 valles
1567 5406 1616 5459 in
1651 5414 1911 5473 angustas
1954 5418 2121 5469 pene-

548 5527 718 5581 trant,
766 5528 997 5585 quarum
1035 5516 1154 5562 erat
1182 5505 1426 5560 Michaeli
1469 5500 1816 5557 Cecaumeno
1846 5498 1914 5551 ab
1946 5496 2122 5567 impe-

546 5618 725 5668 ratore
782 5604 1029 5662 custodia
1076 5599 1353 5657 mandata.
1414 5595 1481 5651 Et
1534 5592 1704 5648 adfuit
1744 5590 1830 5646 ille
1882 5590 2121 5661 quidem,

2219 4670 2613 4737 δειλιάσαντες,
2657 4667 3021 4723 ἀνεὸάλλοντο
3057 4667 3157 4738 τὴν
3188 4666 3389 4737 μάχην.
3455 4666 3514 4718 '0
3534 4664 3586 4717 δὲ
3616 4661 3765 4716 αὐτῶν

2220 4762 2549 4833 αἰσθόμενος
2589 4760 2686 4829 τῆς
2718 4759 2935 4829 ἐφόδου,
2994 4757 3063 4812 δι’
3096 4758 3227 4827 ὅλης
3284 4759 3483 4820 νυκτὸς
3542 4755 3761 4821 ξυμπάσῃ

2226 4855 2456 4925 στρατιᾷ
2510 4852 2609 4923 τὴν
2680 4853 2774 4906 τοῦ
2842 4849 3096 4921 ποταμοῦ
3160 4850 3397 4919 περαίαν
3474 4846 3759 4901 κατέλαδεν.

2234 4948 2420 5001 Ἡλίου
2465 4945 2522 4999 δὲ
2542 4944 2817 5016 ὁρίζοντος
2857 4945 3025 5014 μήπω
3078 4941 3499 5011 ὑπερκύψαντος
3546 4937 3691 4999 αὐτός
3714 4951 3757 4985 τε

2226 5037 2682 5108 θωρακισάμενος
2712 5037 2808 5090 καὶ
2839 5036 2986 5091 ἆπαν
3011 5035 3247 5097 ὁπλίσας
3271 5034 3334 5086 τὸ
3363 5033 3672 5103 στράτευμα
3688 5028 3765 5095 τὴν

2230 5131 2401 5200 μέσην
2453 5132 2551 5199 τῆς
2614 5130 2979 5200 παρατάξεως
3009 5123 3123 5199 εἷχε
3150 5126 3335 5196 χώραν
3392 5122 3766 5196 πφμετὼπιος,
3838 5154 3843 5161 .

2224 5225 2286 5276 Οἱ
2325 5221 2381 5275 δέ
2404 5220 2638 5293 Τοῦρκοι
2677 5222 2736 5286 ἐξ
2763 5220 3046 5291 εὐωνύμου
3069 5260 3086 5285 ,
3128 5220 3157 5272 ὁ
3180 5220 3237 5273 δέ
3298 5235 3362 5288 γε
3413 5217 3627 5277 Ἀλανὸς
3665 5213 3768 5264 Ῥω-

2234 5314 2438 5386 σμίκης
2466 5315 2524 5367 to
2552 5314 2724 5378 δεξιὸν
2759 5314 2935 5366 διεῖπε
2985 5313 3151 5383 κέρας
3206 5312 3345 5378 μετὰ
3375 5311 3483 5363 τῶν
3523 5304 3765 5360 ὑπἀὐτὸύ

2226 5407 2560 5476 ὁμοχθόνων.
2610 5406 2749 5469 Τοὺς
2796 5404 2853 5457 δὲ
2896 5403 3108 5465 Σκύθας
3163 5402 3487 5473 προέπεμψε
3518 5399 3653 5452 κατὰ
3681 5396 3767 5447 τῶν

2227 5497 2881 5568 Κελτῶν,’ἐντειλάμενος
2940 5496 3009 5549 δι’
3052 5492 3453 5566 ἀκροϐολισμοῦ
3495 5490 3767 5545 ἐπισπάσα-

2229 5590 2353 5644 σθαι
2387 5590 2612 5654 τούτους
2647 5589 2737 5643 ml.
2786 5588 3006 5660 βάλλειν
3035 5588 3133 5657 μέν
3164 5587 3399 5658 συχνῶς,
3430 5580 3767 5652 ὑπεκφεύγειν

1574 5730 1780 5791 Varias
1807 5727 2114 5790 lectiones
2143 5744 2221 5790 ex
2251 5729 2393 5791 cod.
2437 5730 2703 5792 Coislin.

610 5868 652 5899 ⁸⁷
676 5865 909 5920 ιλευσιν.
985 5863 1029 5896 ⁸⁸
1062 5862 1313 5932 ἔστησεν.

1412 5857 1454 5891 ³⁹
1479 5856 1638 5912 Deest
1664 5870 1762 5913 vox
1798 5852 2192 5922 ξυμϐαλόντες.
