3900 6584
561 412 626 472 ’ἷὸ
1826 412 2053 475 ΑΝΝἉΕ

2173 416 2235 476 ut
2248 413 2466 475 usus
2596 368 2603 369 ί
3638 414 3724 474 97v.

524 519 825 590 impingens
852 519 1053 574 rabiem
1088 515 1294 573 offensu
1357 517 1505 573 velut
1548 518 1702 573 molis
1774 520 1958 573 solidae
2025 520 2479 599 repulsus,baud
2528 517 2686 572 dubie
2748 515 2999 578 titubare,
3058 528 3158 568 nec
3225 513 3335 581 jam
3378 514 3731 579 dissimulanter

522 622 668 663 retro
708 608 834 663 ferri
889 618 942 663 et
966 611 1080 678 ipse
1143 607 1293 663 visus
1345 616 1446 663 est.
1497 608 1574 663 Eo
1623 609 1933 680 spectaculo
1981 624 2093 663 rem
2130 612 2241 682 jam
2273 620 2322 665 et
2360 624 2510 679 spem
2584 608 2887 664 universam
2938 606 2992 659 in
3061 619 3121 660 se
3164 605 3432 660 redactam
3478 622 3575 661 uno
3611 609 3728 665 Can~

525 716 817 758 tacuzeuus
848 700 1160 757 admonitus
1189 742 1204 766 ,
1238 700 1442 756 nullam
1500 700 1627 755 facit
1656 716 1862 755 moram
1898 703 2267 765 immittendi,
2317 703 2461 755 velut
2498 716 2527 755 e
2560 700 2869 757 carceribus
2900 699 3026 754 dato
3092 700 3283 767 signo,
3362 697 3415 751 in
3487 699 3724 757 Gallorum

520 797 800 851 adversam
836 794 1005 850 aciem
1037 794 1217 850 infesti
1253 810 1470 851 cursus.
1526 794 1635 848 Nec
1670 794 1888 848 fortuna
1920 796 2089 848 defuit
2130 796 2347 863 inrepto
2399 794 2567 857 forti;
2614 794 2855 863 perrupit
2898 792 3044 846 enim
3108 802 3163 845 et
3206 792 3259 844 in
3328 798 3503 859 partes
3540 792 3728 862 disrupit

524 889 721 945 inultas
769 888 911 943 illam
945 889 1411 944 consertissimatn
1457 901 1511 945 et
1560 893 1871 946 adhmsione
1946 872 2126 943 mutua
2203 891 2669 960 itnpenctrabilem
2726 890 2896 944 aciem
2950 887 3254 952 Gallicam;
3306 887 3564 955 planeque
3610 890 3727 940 fusos

515 986 631 1040 acie
668 986 854 1040 hostes
885 994 940 1040 et
980 984 1101 1055 fuga
1138 985 1346 1041 cladem
1397 987 1740 1051 conﬁtentes,
1798 1004 1974 1057 usque
2051 987 2117 1039 ad
2155 987 2464 1056 oppidulum
2520 985 2642 1057 Myli
2667 986 2870 1040 dictum
2937 984 3214 1038 insecutus
3244 990 3344 1036 est.
3383 978 3511 1034 ll‘nc
3544 982 3727 1040 revertit

514 1078 862 1149 receptuique
911 1079 1142 1142 cecinit,
1199 1078 1372 1146 captis
1423 1093 1490 1133 eo
1520 1079 1607 1133 die
1644 1080 1921 1133 nonnullis
1949 1081 2087 1149 apud
2131 1079 2367 1133 Francos
2424 1077 2743 1139 illustribus,
2768 1091 2798 1131 e
2825 1090 3049 1130 numero
3070 1076 3347 1134 comitum,
3388 1087 3517 1140 quos
3551 1084 3725 1126 vocant-

511 1166 568 1221 ltt
595 1167 660 1222 iis
690 1178 845 1223 erant
869 1166 1020 1222 Ubus
1052 1166 1166 1222 sive
1190 1165 1363 1236 Httgo,
1436 1178 1489 1222 et
1556 1168 1723 1222 frater
1784 1168 1942 1237 hujus
2008 1167 2310 1223 [lichardus
2366 1170 2587 1231 dictus,
2657 1168 2892 1236 denique
2961 1166 3377 1235 Contopaganus
3452 1175 3727 1218 memoratus

512 1274 673 1329 supra
711 1282 723 1316 :
760 1275 895 1330 quos
939 1262 1101 1316 simul
1158 1277 1281 1317 cum
1327 1242 1587 1318 laureatis
1627 1263 1701 1318 rei
1740 1265 1873 1317 bene
1926 1273 2089 1333 gesta:
2129 1264 2337 1319 nuntiis
2367 1265 2433 1318 ad
2477 1265 2779 1334 Augustum
2828 1264 3009 1317 statim
3065 1264 3252 1325 misit;
3327 1260 3608 1329 adiungens
3643 1277 3723 1313 una

510 1352 689 1421 capita
725 1350 1002 1407 Gallorum
1067 1353 1420 1424 plurimorum
1486 1370 1606 1424 qua:
1672 1356 1736 1409 de
1792 1356 1997 1409 truncis
2064 1356 2303 1411 abscissaI
2359 1357 2657 1425 jacentium
2716 1356 3063 1420 cadaverum,
3127 1354 3514 1422 longarumque
3577 1354 3725 1407 hastu-

510 1459 626 1497 rttm
688 1446 851 1500 inﬁxa
942 1448 1492 1518 cuspidibus,sicque
1558 1447 1867 1518 triumphali
1923 1450 2167 1503 traducta
2205 1465 2396 1519 pompa
2448 1451 2499 1504 in
2554 1450 2724 1504 oculis
2773 1451 3113 1519 imperatoris
3171 1458 3223 1502 et
3293 1449 3577 1502 comitatus
3602 1447 3723 1511 eiut.

510 1537 946 1607 magnitudinem
998 1540 1236 1593 victoria:
1298 1540 1753 1595 demonstrarent.
1813 1538 1923 1593 Hoc
1991 1555 2090 1611 ego
2131 1542 2182 1595 in
2224 1543 2536 1611 scriptionis
2568 1543 2688 1597 loco
2719 1559 2839 1597 cum
2906 1543 3078 1613 prima
3139 1542 3252 1595 face
3283 1540 3484 1609 stylum
3566 1546 3724 1596 ttucen;

506 1629 572 1681 ad
610 1628 892 1684 lucubrum
928 1640 1167 1685 versaret
1221 1635 1676 1698 commentando,
1764 1634 1906 1687 sensi
1987 1633 2161 1690 fateor
2202 1636 2465 1705 obrepere
2524 1636 2654 1691 mihi
2712 1652 2961 1690 somnum
3017 1636 3174 1690 taedio
3226 1635 3462 1703 quodam
3515 1636 3724 1686 orationis

504 1722 650 1775 haud
697 1724 827 1777 satis
860 1733 1085 1792 comptae
1137 1724 1376 1792 satisque
1403 1724 1743 1779 cohmrentis.
1796 1723 2053 1780 Volebam
2146 1728 2395 1795 equidem
2465 1743 2626 1796 quam
2674 1728 3115 1793 ornatissimum,
3178 1741 3453 1795 quamque
3498 1728 3725 1793 apliasime

503 1814 771 1883 iuncturis
836 1812 1312 1868 cohaerentissimis
1389 1814 1759 1869 continuatum
1824 1816 2067 1873 historiae
2141 1818 2294 1886 quasi
2365 1833 2557 1887 corpus
2627 1818 2819 1885 edere,
2882 1820 3016 1874 ﬂore
3071 1828 3330 1889 perpetuo
3384 1818 3618 1872 vestitum
3654 1823 3725 1874 ile.

503 1907 677 1961 ccntis
714 1906 883 1974 ipsam
915 1916 965 1959 et
995 1905 1164 1961 doetis
1214 1904 1385 1959 oculis
1418 1896 1923 1976 expetitasformte;
1974 1908 2066 1962 sed
2135 1908 2384 1977 prohibet
2414 1910 2805 1980 conturbatque
2854 1924 2940 1964 me
2988 1912 3184 1980 saepius
3262 1911 3509 1964 incidens
3576 1927 3723 1965 lttlzes-

519 2002 653 2055 sitas
683 1999 969 2055 mentionis
1008 2000 1306 2057 inferendae
1342 2000 1746 2055 barbaricorum
1783 2001 2086 2063 nominum,
2126 2016 2305 2055 naevos
2334 2002 2571 2069 ingratos
2647 2003 3043 2073 asper-gentium
3095 2003 3295 2057 (ἕτεραι
3335 2002 3581 2067 dictioni;
3640 2018 3720 2059 tum

508 2109 637 2148 vero
683 2109 862 2148 rerum
918 2094 1092 2149 Alexii
1145 2094 1371 2164 Augusti
1429 2093 1684 2163 professa:
1757 2094 2121 2149 narrationem
2199 2103 2277 2149 tot
2311 2104 2527 2164 tamque
2564 2098 2727 2150 variae
2782 2107 3012 2163 natum,
3044 2097 3254 2171 negotia
3288 2096 3421 2147 mihi
3456 2110 3564 2149 sese
3598 2109 3721 2164 atque

500 2200 817 2260 argumenta
853 2190 1104 2258 ingerunt
1132 2191 1388 2258 undique,
1411 2201 1469 2245 ut
1495 2206 1614 2245 cum
1642 2191 1691 2243 in
1718 2206 1882 2244 unum
1909 2189 2066 2246 unius
2106 2191 2254 2246 velut
2291 2192 2411 2247 telae
2445 2202 2650 2247 textum
2686 2208 2792 2247 non
2856 2191 3018 2247 facile
3084 2199 3232 2245 tanta
3274 2190 3559 2245 diversitas
3621 2207 3721 2244 cou-

499 2289 701 2352 veniat,
764 2289 1003 2344 historiae
1072 2288 1286 2343 articuli
1357 2288 1509 2357 quasi
1576 2288 1765 2351 luxati,
1832 2288 2304 2358 membrorumque
2360 2304 2527 2344 nexus
2592 2304 2779 2360 parum
2831 2291 3040 2360 uspiam
3094 2290 3361 2344 concinne
3422 2290 3635 2343 conserti
3674 2304 3720 2342 ac

510 2379 788 2435 commissi
852 2380 1159 2435 videantur.
1210 2377 1378 2433 Porro
1427 2379 1515 2445 id,
1570 2380 1682 2435 sive
1737 2377 1926 2432 vitium
1985 2381 2101 2435 sive
2173 2378 2328 2449 culpa
2387 2390 2493 2443 est,
2530 2379 2737 2435 factura
2768 2381 2901 2435 mihi
2936 2395 3056 2435 meo
3102 2380 3224 2449 jure
3254 2381 3480 2444 videor,
3512 2381 3551 2433 si
3586 2381 3721 2437 bonos

500 2488 795 2543 aequosque
828 2472 1060 2527 lectores
1107 2485 1300 2540 precer
1324 2480 1382 2525 ut
1421 2470 1691 2540 imputent
1722 2470 2067 2539 necessitati;
2110 2484 2211 2527 nec
2231 2471 2406 2526 fraudi
2441 2472 2605 2526 velint
2635 2486 2757 2528 esse
2782 2486 2917 2527 meae
2948 2470 3104 2526 famae
3144 2481 3460 2542 peccatum,
3520 2472 3561 2525 si
3613 2476 3720 2539 quod

500 2575 579 2618 est
614 2563 770 2623 forte,
798 2561 939 2633 quod
973 2561 1143 2616 vitare
1185 2577 1289 2616 non
1326 2562 1494 2631 potui.

575 2650 1037 2720 Baimundusjam
1096 2651 1251 2706 nobis
1301 2652 1617 2707 revisendus
1657 2662 1738 2708 est
1800 2654 1853 2707 in
1911 2652 2147 2716 arctisA

507 2759 739 2804 aestuans
774 2746 1038 2816 angustiis
1062 2763 1075 2810 ;
1099 2748 1300 2816 quippe
1332 2761 1360 2799 a
1395 2748 1550 2812 mari,
1584 2762 1611 2800 a
1644 2757 1806 2812 terra,
1842 2762 1946 2801 non
1969 2746 2077 2801 cir-

426 2878 427 2881 η
503 2839 840 2895 ωιυοιυευιι]
887 2840 1045 2893 modo
1087 2854 1165 2903 se,
1196 2840 1289 2893 sed
1326 2839 1628 2908 impetitum
1677 2839 1837 2894 etiam
1875 2839 2076 2908 magis-

501 2947 606 3001 que
632 2932 682 2983 in
713 2931 829 2984 dies
867 2945 930 2983 ac
976 2930 1148 2999 magis
1198 2930 1616 3001 oppugnandum
1675 2944 1925 2985 cernens.
1977 2929 2077 2985 llic

502 3031 782 3092 postquam
822 3021 871 3075 in
898 3021 1234 3089 expediendo
1261 3021 1458 3076 difﬁcili
1481 3021 1703 3076 consilio
1732 3021 2077 3076 deliberatio-

510 3130 631 3165 nem
664 3112 973 3181 aliquandiu
1006 3112 1167 3166 traxit
1212 3116 1450 3175 anxiam,
1484 3113 1694 3165 tandem
1723 3114 1805 3166 vir
1841 3112 2075 3183 ingentis

500 3205 687 3266 animi,
727 3219 824 3257 nec
860 3203 1128 3257 lentarum
1164 3204 1377 3271 patiens
1415 3209 1632 3271 artium,
1690 3220 1875 3259 verum
1926 3205 2072 3275 peri-
2104 3262 2107 3269 ,

506 3295 749 3348 culorum
785 3310 849 3349 ac
884 3310 1185 3366 pugnarum
1241 3296 1527 3350 lacessitur
1576 3306 1681 3351 luta
1734 3298 1841 3350 vita
1889 3312 2074 3366 prom-

498 3384 803 3453 ptissimus,
857 3385 991 3439 satis
1048 3398 1300 3453 magnum
1336 3400 1365 3437 a
1401 3387 1621 3455 reliquis
1666 3388 1915 3441 avulsum
1963 3388 2075 3442 suis

501 3478 670 3549 ecpiis
703 3476 929 3531 militum
969 3490 1252 3530 numerum
1284 3477 1362 3530 ire
1410 3477 1568 3546 jussit
1598 3479 1963 3547 deprtedatum
1996 3479 2075 3532 vi-

499 3586 592 3624 cos
622 3572 931 3637 Oppitlaque
973 3582 1092 3637 quae
1116 3568 1259 3622 circa
1282 3568 1568 3634 Aulonetn,
1596 3569 1967 3624 Jcrichuntem
2019 3581 2073 3624 et

496 3661 702 3713 (Ianina
763 3660 874 3713 Suis
940 3656 1079 3713 forte
1128 3658 1342 3727 injuriis
1398 3673 1698 3730 Opportuna
1749 3664 2069 3732 reperirent.

499 3752 676 3807 Sensit
723 3760 1071 3819 experrectus
1099 3751 1164 3804 ad
1195 3752 1373 3806 omnia
1406 3752 1816 3807 (iantacnzenns
1856 3771 1964 3823 quo
1990 3756 2071 3811 vis

499 3844 730 3897 hosﬁum
763 3844 1098 3897 incumberet
1132 3861 1145 3897 :
1179 3844 1450 3913 istamque
1497 3845 1548 3898 in
1604 3858 1808 3912 partem
1865 3850 2071 3903 idoneis

496 3934 821 3988 instructum
859 3934 1125 3988 Beroitem
1158 3936 1330 4004 copiis
1376 3936 1640 4005 proficisci
1679 3948 1863 3993 contra
1890 3940 2071 3995 Gallos

498 4027 742 4095 imperat.
775 4025 1071 4097 39ﬁlvit
1127 4026 1217 4080 ille
1268 4026 1515 4081 felicibus
1568 4030 1840 4097 auspiciis,
1896 4032 2069 4099 primo

499 4131 791 4183 congressu
824 4118 999 4168 vietor
1037 4114 1252 4181 factus;
1290 4118 1571 4172 succensis
1606 4120 1767 4172 etiam
1803 4121 1853 4172 in
1895 4122 2066 4174 reditu

498 4208 779 4260 Baimuudi
812 4210 1056 4269 navibus,
1081 4209 1228 4263 Velut
1255 4210 1545 4265 corollario
1594 4213 1858 4278 victoriae,
1894 4215 2069 4268 reddi-

500 4309 586 4349 tus
615 4296 833 4348 clarior.
872 4294 1097 4364 Regium
1134 4299 1291 4367 plane
1323 4300 1608 4371 frangique
1659 4304 1900 4357 nescium
1948 4302 2071 4357 Bai-

503 4385 687 4438 mundi
725 4393 914 4453 pectus
962 4394 1123 4451 erat;
1178 4388 1309 4441 nihil
1372 4390 1487 4443 haec
1548 4391 1694 4445 illum
1740 4394 2070 4465 conturbare

497 4476 681 4530 clades
710 4477 819 4529 visa
844 4484 948 4530 est.
991 4477 1127 4544 Quin
1185 4479 1297 4533 imo
1363 4480 1508 4536 velut
1561 4486 1831 4539 neminem
1881 4501 1947 4540 ex
2002 4500 2070 4541 eo

497 4586 662 4639 quem
696 4569 764 4623 ab
791 4568 939 4623 ltalia
971 4573 1349 4638 deportaverat
1375 4575 1619 4628 exercitu
1650 4579 1825 4632 adhuc
1850 4580 2067 4633 amisis-

495 4672 596 4727 set,
627 4662 829 4732 prmliis
860 4662 925 4715 de
952 4663 1168 4730 integro
1202 4666 1437 4735 accingit
1458 4680 1607 4721 suos.
1647 4668 1719 4721 Ex
1744 4671 1887 4723 omni
1922 4671 2071 4739 pedi-

498 4766 609 4807 tum
638 4756 993 4824 equitumque
1025 4755 1368 4811 multitudinc
1391 4760 1851 4827 pugnacissinmm
1880 4778 2070 4830 quem-

492 4860 596 4914 que
618 4846 890 4901 delectum
924 4859 1069 4902 recta
1100 4847 1296 4902 vadere
1320 4849 1372 4903 in
1406 4850 1844 4905 Cantacuzenum
1875 4854 2065 4921 jubet;

496 4953 782 4993 numerum
811 4954 903 4993 sex
938 4941 1165 4994 ntillium
1196 4942 1248 4994 id
1282 4956 1471 5010 agmen
1511 4944 1785 5012 explebat.
1831 4944 2068 5014 Eratque

494 5029 679 5100 Opinio
738 5032 1189 5086 confidentissimi
1250 5033 1469 5087 Barbari
1506 5050 1571 5087 nc
1601 5038 1912 5103 conspettui
1946 5037 2067 5104 qui-

495 5122 614 5174 dem
649 5128 726 5175 tot
750 5124 998 5187 heroum,
1024 5123 1359 5192 clatnorique
1388 5127 1561 5194 primo
1591 5142 1772 5193 parent
1800 5126 2068 5180 Cantatu-

497 5225 690 5263 senum
722 5211 1061 5269 Romanosve
1086 5214 1242 5281 fore;
1280 5217 1387 5269 imo
1418 5218 1702 5271 universos
1751 5218 1892 5285 ipsos
1921 5219 2066 5284 pari-

496 5310 579 5355 ter
612 5317 719 5355 uno
752 5303 968 5359 incursu
1017 5308 1332 5375 capiendos.
1382 5310 1463 5361 At
1496 5308 1925 5372 Cantacuzentts,
1972 5323 2067 5376 pcr
2093 5340 2136 5397 ο

494 5392 885 5461 exploratores,
909 5386 1045 5467 quos
1068 5415 1284 5470 semper
1318 5414 1470 5453 acres
1494 5408 1547 5454 et
1581 5402 1714 5455 fidos
1752 5400 1978 5454 habebat
2010 5402 2062 5455 in

508 5486 708 5553 vigilia,
739 5486 911 5543 factus
940 5500 1153 5545 mature
1208 5491 1411 5544 certior
1442 5492 1505 5545 de
1531 5491 1764 5545 adventu
1803 5493 2062 5557 hostium,

495 5587 651 5631 nocte
700 5577 1040 5649 intempesta,
1074 5596 1195 5636 cum
1226 5583 1452 5636 armavit
1483 5581 1597 5652 ipse
1632 5598 1711 5647 se,
1750 5594 1859 5635 tum
1898 5600 2069 5636 arma-

2261 2653 2350 2717 Ὢς
2379 2653 2437 2706 δὲ
2469 2653 2497 2705 ὁ
2533 2651 2925 2723 μαχιμώτατος
2978 2649 3319 2720 Βαῖμοῦντος
3355 2652 3414 2703 ὲν
3468 2648 3622 2717 στενῴ
3652 2666 3719 2699 χε-

2184 2744 2307 2815 μιδῆ
2358 2742 2427 2797 τὰ
2477 2742 2599 2797 κατ’
2628 2744 2790 2796 αὐτὸν
2865 2744 3012 2810 ἐώρα
3037 2781 3051 2806 ,
3077 2742 3139 2795 ἐκ
3172 2758 3232 2794 τε
3268 2740 3544 2809 θαλάσσης
3581 2740 3635 2791 ἐκ
3678 2757 3719 2791 τε

2178 2836 2412 2907 ἠπείρου
2473 2834 2827 2906 βαλλόμενος,
2869 2834 2943 2897 ὡς
3003 2834 3098 2886 καὶ
3144 2833 3254 2885 τῶν
3294 2832 3570 2901 χρειωιῑῶν
3605 2829 3719 2897 αὖτῴ

2178 2926 2575 2979 ἐπιλειπόντων
2603 2925 2727 2994 ήδη,
2765 2922 3109 2993 πανταχόθεν
3142 2922 3599 2991 ὲξαπορούμενος,
3623 2924 3717 2972 ix:-

2177 3016 2267 3069 νδν
2326 3015 2631 3069 ἀποδιελὼν
2697 3016 3034 3086 στράτευμα,
3107 3014 3242 3083 πρὸς
3292 3014 3393 3075 τὰς
3478 3014 3605 3065 κατὰ
3651 3014 3719 3063 τὸν

2175 3108 2402 3162 Αὐλῶνα
2434 3108 2528 3161 καὶ
2548 3106 2645 3177 τὴν
2687 3104 2896 3176 Ἱεριχὼ
2928 3107 3023 3159 καὶ
3048 3106 3118 3158 τὰ
3157 3107 3371 3160 Κάνινα
3399 3105 3719 3174 διακειμένας

2177 3199 2365 3263 πόλεις
2397 3198 2688 3267 πέπομφεν
2744 3200 2963 3259 ἁπάσας
3019 3197 3342 3267 ληῖσασθαι.
3392 3197 3532 3249 Ἀλλ’
3586 3196 3720 3246 οὐδό

2176 3290 2633 3360 Καντακουζηνδς
2664 3290 2875 3359 ἡμέλει,
2902 3288 3023 3342 οὔτε
3068 3290 3301 3360 νήδυμος
3335 3286 3501 3349 fama;
3524 3288 3635 3354 ἔσχε
3652 3286 3720 3337 τὸν

2174 3382 2367 3453 ἄνδρα,
2398 3382 2540 3436 κατὰ
2567 3383 2659 3435 τὸν
2688 3381 2941 3452 ποιητὴν,
2974 3382 3111 3434 ἀλλὰ
3139 3381 3360 3451 γοργῶς
3378 3380 3471 3430 τὸν
3492 3379 3720 3447 Βεροῖτην

2178 3474 2319 3545 μετά
2375 3475 2677 3544 ἀξιομάχου
2729 3476 2989 3545 στρατιᾶς
3044 3472 3343 3527 ἀντίπαλον
3383 3474 3496 3533 τοῖς
3534 3470 3721 3528 Κελτοῖς

2172 3566 2499 3637 ἐξέπεμψεν.
2546 3568 2715 3637 Ἰιττᾷ
2746 3569 2844 3635 μὲν
2890 3562 2983 3619 οὖν
3009 3568 3204 3630 αὐτοὺς
3246 3565 3568 3619 καταλαϐὼν
3601 3580 3719 3631 παρ-

2174 3661 2370 3713 αυτίκα
2415 3661 2509 3713 καὶ
2568 3659 2679 3714 οἷόν
2736 3679 2789 3713 τι
2848 3660 3098 3730 πόρισμα
3136 3660 3234 3721 τὰς
3278 3658 3374 3711 τοῦ
3419 3656 3719 3725 Βαῖμούντον

2172 3751 2303 3814 ναῦς
2338 3754 2395 3805 ὲν
2437 3752 2514 3823 τῷ
2561 3752 2960 3823 ἐπανέρχεσθαι
2990 3753 3355 3822 πυρπολήσας
3414 3751 3715 3821 διεληλύθει.

2174 3844 2271 3908 Ὠς
2320 3844 2521 3916 ᾔσθετο
2563 3845 2620 3898 δὲ
2673 3845 2700 3895 ὁ
2762 3845 3235 3915 τυραννικώτατος
3282 3845 3607 3912 Βαῖμοῦντος
3640 3842 3717 3909 τῆς

2171 3937 2279 3990 τῶν
2307 3937 2667 4005 πεμφθέντων
2692 3937 2889 4007 ἣττης,
2917 3936 3106 4006 ὥσπερ
3135 3936 3342 4006 μηδένα
3362 3935 3457 3987 τοῦ
3485 3936 3716 4004 στρατεύ-

2174 4044 2341 4097 ματος
2396 4028 2781 4092 ἀπολωλεκὼς,
2834 4030 3172 4082 κατέπιπτεν
3190 4027 3447 4095 οὐδαμῶς
3481 4043 3495 4057 ο
3544 4026 3711 4095 μᾶλλον

2175 4120 2273 4188 μὲν
2302 4115 2393 4174 οὖν
2420 4122 2513 4173 καὶ
2542 4121 2586 4151 ’⁵³
2628 4119 3075 4191 θαρραλεώτερος
3117 4121 3387 4187 ἐφαίνετο,
3417 4119 3511 4171 καὶ
3534 4118 3713 4171 cimite-

2172 4210 2397 4281 λόμενος
2436 4209 2592 4275 αὖθις
2645 4213 2844 4276 πεζοὺς
2904 4212 2997 4264 καὶ
3038 4212 3224 4272 ἱππεῖς
3268 4211 3406 4281 πρὸς
3455 4211 3621 4280 μάχας
3643 4211 3713 4260 ix-

2173 4302 2507 4371 Ουμοτάτους
2537 4303 2616 4364 εἰς
2661 4301 2903 4372 χιλιάδας
2952 4301 3011 4365 ἒξ
3052 4302 3427 4370 ποσουμένους
3458 4302 3593 4354 κατὰ
3637 4297 3711 4349 τοῦ

2172 4392 2637 4461 Καντακουζηνοῦ
2691 4393 3099 4456 ἐξαπέστειλεν,
3175 4394 3425 4461 οἰόμενος
3490 4391 3710 4444 αὖτοίοεὶ

2172 4485 2422 4555 αἱρήσειν
2454 4485 2551 4537 σὺν
2581 4483 2659 4553 τῷ
2693 4483 2996 4553 Ῥωμαῖκῴ
3027 4484 3429 4553 στρατεύματι,
3462 4486 3550 4535 καὶ
3576 4483 3711 4533 adria

2170 4575 2261 4628 τὸν
2297 4575 2767 4643 Καντακουζηνόν.
2787 4574 2923 4626 Ἀλλ’
2960 4576 3186 4638 ἐκεῖνος,
3226 4575 3460 4637 σκοποὺς
3490 4576 3583 4626 ’ἀεὶ
3613 4572 3710 4630 τοὺς

2172 4667 2561 4737 ἐφεδρεύοντας
2592 4668 2657 4718 τὲ
2689 4666 2929 4718 Κελτικὰ
2970 4666 3151 4735 πλήθη
3190 4667 3357 4735 ἔχων,
3408 4665 3709 4736 μεμαθηκὼς

2170 4760 2270 4829 τὴν
2324 4756 2503 4811 αὐτῶν
2572 4758 2878 4823 ἐπέλευσιν,
2928 4759 3124 4820 νυκτὸς
3188 4759 3286 4829 τὴν
3345 4758 3707 4828 στρατιωτική-ι

2172 4850 2442 4914 ὡπλίζετο
2476 4849 2805 4908 πανοπλίαν.
2855 4849 2949 4901 καὶ
2989 4848 3197 4912 ὥπλιζε
3227 4852 3353 4912 τοὺς
3386 4846 3663 4919 στρατιὼσ
3692 4883 3703 4905 ,

2174 4940 2458 5010 σφαδάζων
2530 4942 2875 4993 ὲπεισπεσεῖν
2923 4942 3122 5003 αὐτοὺς
3196 4942 3339 4994 κατὰ
3415 4944 3472 4995 τὸ
3522 4954 3679 5006 περιρ

2172 5034 2429 5105 θρον.Ὠς
2459 5033 2504 5085 δ’
2528 5034 2577 5084 οἱ
2612 5032 2826 5099 Κελτοὶ,
2857 5034 3247 5097 κεκοπιακότες
3281 5036 3432 5103 παρὰ
3464 5034 3537 5103 τῷ
3568 5030 3699 5099 12:12:

2169 5125 2348 5193 Βοὺση
2398 5122 2493 5176 τοῦ
2537 5128 2806 5194 ποταμοῦ,
2860 5124 3143 5196 ῥᾳστώνης
3177 5129 3382 5197 μικρᾶς
3426 5128 3576 5179 sum;
3606 5136 3704 5172 zz:-

2170 5216 2484 5284 εκλίθησαν,
2529 5216 2694 5269 αὑτοῦ
2750 5234 2854 5269 που
2918 5218 3328 5288 καταλαμϐάνει
3369 5219 3580 5278 τούτους
3608 5232 3705 5282 μει-

2169 5305 2369 5377 διώσης
2396 5307 2605 5377 ἀπάρτι
2638 5308 2738 5376 τῆς
2775 5308 3015 5401 ἡμμέραςο
3048 5310 3142 5362 καὶ
3182 5312 3520 5401 “Pam”
3545 5304 3702 5401 Ψθῗ

2174 5415 2333 5469 μενος
2396 5398 2627 5461 πολλοὺς
2689 5398 2788 5468 μὲν
2846 5397 3089 5468 ζωγρίαν
3138 5401 3289 5467 ἄγει,
3366 5392 3602 5455 πλείονας
3664 5392 3702 5443 δέ

2172 5491 2397 5557 κτείνει,
2432 5490 2483 5541 οἱ
2540 5489 2599 5542 δέ
2626 5506 2689 5557 γε
2734 5488 2916 5542 λοιποὶ
2958 5492 3078 5553 ταῖς
3124 5490 3298 5555 δίναις
3346 5490 3436 5545 τοῦ
3479 5482 3699 5553 ποταμοὶ

2175 5581 2589 5654 παραωρέντες
2641 5582 3048 5654 ἀπεπνίγησαν,
3095 5585 3189 5637 καὶ
3241 5585 3524 5654 φεύγοντες
3565 5580 3702 5630 λύχν’-

1562 5696 1766 5757 Variae
1808 5695 2119 5759 lectiones
2146 5713 2221 5758 ex
2253 5698 2392 5761 cod.
2423 5698 2695 5761 Coisliu.

558 5794 607 5829 “
644 5795 849 5850 Desunt
882 5811 1044 5854 voces
1074 5796 1277 5868 μᾶλλον
1315 5798 1415 5868 μὲν
1446 5797 1540 5851 οὖν
1568 5799 1659 5852 καὶ
1686 5807 1794 5854 etc.
1828 5814 2001 5870 usque
2026 5812 2073 5854 at

2173 5800 2444 5853 ατὲπιπτε
2490 5802 2591 5872 μὲν
2617 5799 2868 5871 οὐδαμῶς
2900 5816 2951 5869 p.
3000 5800 3127 5855 595.

3776 5846 3779 5921 J
