3900 6584
197 429 277 496 ςῃ
1332 411 1750 474 ALEXIADIS
1784 413 1935 476 LIB.
1973 411 2153 475 XII‘I.
3279 411 3385 475 978

193 535 463 612 περιέτυχον
496 525 687 581 λέοντι.
727 523 866 588 Τοὺς
897 523 1000 596 μὲν
1042 524 1137 581 οῦν
1173 526 1423 612 κδμητας
1453 526 1703 588 ἅπαντας
1732 573 1733 578 η

1847 537 1894 577 )8
1923 523 2341 592 procinctosque
2399 519 2588 578 habuit
2639 520 2706 584 ad
2762 533 2996 594 pugnam
3059 533 3229 589 suos;
3283 537 3387 594 pro

193 611 301 690 me;
323 625 400 678 τὸν
423 615 792 688 αὐτοκράτορα
827 614 1132 686 ἐξέπεμψε,
1176 611 1302 670 κᾶθ’
1322 615 1496 680 οὕτως
1540 616 1702 687 ἀνέρ-

1853 613 2085 670 aliorum
2115 614 2319 682 impetu
2347 626 2574 684 sperans
2598 626 2663 667 ac
2701 627 2907 668 vovens
2937 611 3076 678 fore,
3110 621 3165 668 ut
3208 615 3243 669 ii
3274 613 3388 669 Ro-

336 712 456 786 πρδς
475 711 560 764 τὸν
581 685 814 777 Τίμορον
843 709 956 778 (7'5)
990 685 1008 740 ’ί
1039 685 1205 773 τόπος
1229 709 1286 762 δὲ
1316 703 1472 774 οὗτος
1500 685 1704 780 ὲλώδής

1929 721 1967 761 ιε
2001 713 2186 762 castra
2214 704 2455 762 diluculo
2495 714 2728 775 posterae
2757 704 2889 771 diei,
2931 719 3036 774 qua
3075 706 3126 760 in
3161 719 3392 776 conspe-
3463 730 3469 736 -

191 816 264 870 καὶ
293 806 529 865 δύσϐατος
553 818 566 833 ⁸
619 799 759 853 κεῖθι
805 800 937 868 γοῦν
969 801 1208 873 ἑϐδόμην
1239 801 1457 873 ἡμέραν
1503 804 1706 872 ἐγχαρ-

1848 809 1955 855 tum
1989 813 2179 855 eorum
2206 805 2493 863 venerant,
2539 797 2910 854 adorirentur.
2957 797 3158 852 Verum
3193 813 3388 868 super-

190 906 402 977 τερήσας,
433 873 724 968 μετρητοὺς
749 895 986 957 σκοποὺς
1012 897 1070 948 ἐν
1105 896 1390 966 διαφόροις
1419 897 1703 967 ἐξέπεμπε

1848 892 2076 948 ederunt
2135 890 2243 957 illi;
2315 890 2517 961 quippe
2579 889 2709 946 fessi
2761 891 2827 945 de
2881 890 2968 945 via
3023 891 3163 946 diem
3237 892 3388 944 illum

190 997 338 1053 τόποις
382 983 687 1057 περιαθρεῖν
740 983 812 1036 τὰ
870 985 1003 1055 περὶ
1064 986 1154 1038 τὸν
1205 986 1567 1058 Βαῖμοῦντον,
1613 989 1706 1042 καὶ

1854 984 2092 1054 tdulgere
2121 983 2189 1038 ad
2217 983 2452 1053 quietem
2481 982 2586 1039 sibi
2613 983 2990 1039 decreverant.
3017 982 3170 1050 Quod
3202 995 3394 1038 noster

191 1086 388 1157 γλῶτταν
416 1077 518 1152 (74)
569 1074 715 1144 αὐτῷ
740 1077 953 1130 ἐκεῖθεν
985 1079 1214 1148 κομίσαι
1245 1079 1321 1142 ὡς
1347 1080 1415 1134 τὰ
1444 1081 1588 1135 κατὰ
1614 1083 1708 1135 τὸν

1853 1087 1872 1130 ι
1931 1075 2226 1147 comperit,
2290 1074 2581 1130 consilium
2641 1074 2879 1130 hostium
2929 1074 2983 1128 in
3043 1074 3389 1128 occasionem

192 1173 471 1244 Βαῖμοῦντον
545 1166 852 1238 πυθόμενος
921 1169 1321 1241 ἀκριϐέστερον
1381 1172 1705 1240 ἐγνωκέναι.

1851 1184 1990 1233 nam,
2041 1177 2097 1224 et
2138 1167 2449 1238 excipiendi
2499 1165 2623 1222 belli
2675 1177 2995 1236 apparatum
3033 1165 3088 1220 in
3127 1163 3391 1219 inferendi

199 1265 565 1334 Ἐντυγχάνουσι
593 1259 649 1312 δὲ
681 1260 926 1330 τυχαίως
951 1262 1003 1314 οί
1047 1262 1417 1332 πεμφθέντες,
1476 1263 1708 1327 Κελτοῖς

1852 1261 2098 1318 udaciam
2128 1270 2348 1316 strenue
2374 1258 2553 1314 vertit.
2600 1257 2878 1326 Siquidem
2911 1257 3111 1313 castris
3139 1257 3391 1312 eductam

190 1357 348 1414 ἑκατὸν
393 1353 598 1424 σχεδίας
645 1352 1061 1424 εὐτρεπίζουσι,
1097 1355 1168 1408 δι’
1223 1348 1300 1408 ὧν
1332 1357 1424 1409 τὶν
1463 1357 1711 1427 ποταμὸν

1854 1358 1992 1412 ciem
2017 1355 2106 1411 ubi
2157 1353 2526 1425 promovisset
2561 1351 2862 1421 paululum,
2897 1351 3125 1406 oﬂ‘eudit
3177 1365 3306 1404 ecce
3329 1350 3394 1404 ad

189 1446 520 1516 διανηξάμενοι
577 1443 640 1497 τὸ
681 1445 820 1516 πρὸς
885 1445 986 1515 τὴν
1060 1446 1300 1518 περαίαν
1361 1447 1711 1517 διακείμενον

1854 1455 1970 1500 Luste
1997 1445 2174 1500 amnis
2208 1445 2353 1514 ripas
2401 1442 2590 1498 Gallos
2620 1441 2913 1512 plerosque
2969 1441 3394 1506 decttmhentrs;

188 1541 416 1608 πολίχνιον
484 1537 733 1607 αἱρήσειν
796 1537 1088 1607 ἠϐούλοντο
1119 1579 1133 1592 .
1199 1539 1433 1603 Τούτοις
1511 1539 1712 1610 ἀθρόον

1858 1549 2042 1608 ιιιιι,ιιι
2068 1538 2598 1601 dixiJassitudinem
2633 1535 2843 1590 itineris
2863 1535 3004 1590 lecto
3041 1535 3217 1590 securi
3249 1549 3398 1588 som-

189 1631 564 1694 ἑπεισπετὸντες,
580 1630 904 1702 ἐζώγρησαν
932 1631 1135 1702 μικροῦ
1158 1632 1406 1697 ἅπαντας
1429 1633 1525 1688 καὶ
1552 1632 1714 1688 αὐτὸν

1859 1649 1998 1704 oque
2014 1632 2362 1704 reparabaut.
2383 1630 2582 1686 Ridere
2615 1629 2962 1685 commodum
2994 1629 3110 1683 dies
3133 1636 3399 1696 coeperat,

194 1732 257 1779 :bv
305 1726 389 1778 τοῦ
451 1724 789 1794 Βαῖμούντου
839 1725 1133 1792 ὲξάδελφον
1195 1726 1306 1797 (75)
1355 1728 1437 1791 είς
1485 1726 1714 1800 δέκατον

1861 1743 1944 1782 um
1969 1741 2166 1796 sopore
2198 1725 2490 1796 implicitos
2536 1723 2904 1794 cxpeditus‘in
2939 1721 3108 1777 armis
3148 1730 3259 1776 toto
3298 1721 3401 1773 im-

189 1821 293 1872 πόδα
324 1819 599 1872 ἀνέλκοντα
627 1818 688 1870 τὸ
725 1819 978 1890 μέγεθος,
1012 1819 1177 1888 εὐρὺν
1213 1819 1270 1872 δὲ
1304 1819 1562 1888 καθάπερ
1589 1821 1716 1875 τινὰ

341 1912 397 1925 η.
504 1911 560 1924 ς-
683 1907 842 1925 .,.τ
923 1910 1024 1925 ...
1245 1911 1258 1925 .
1448 1912 1460 1925 .
1589 1913 1600 1925 .

1859 1831 1947 1876 etu
1997 1819 2276 1874 Romanus
2335 1819 2566 1888 impetit.
2613 1818 2720 1873 Res
2771 1825 3048 1872 momento
3095 1813 3398 1870 conficitur.

187 1913 311 1964 at)“
341 1911 625 1981 Ἡρακλῆν.
683 1911 793 1964 Καὶ
817 1907 884 1979 ἦν
921 1910 1052 1964 ἰδεῖν
1101 1911 1292 1966 καινόν
1314 1930 1386 1974 τι,
1413 1912 1503 1966 τὸν
1535 1913 1712 1980 μέγαν

1864 1913 1968 1967 ζιιιιί
2012 1913 2116 1966 vivi
2164 1911 2330 1982 capti,
2374 1911 2558 1982 plures
2604 1910 2814 1975 occisi;
2883 1909 3079 1979 reliqui
3135 1907 3404 1976 fugientes

186 2006 354 2056 ἐκεῖνον
379 2003 600 2070 γίγαντα
634 2003 824 2073 καὶτῷ
852 2003 968 2056 ὄντι
993 2003 1271 2074 πελώριον
1302 2004 1407 2057 ὐπὸ
1429 2005 1710 2076 πυγμαίου

1883 2006 2004 2075 |uod
2028 2006 2214 2076 aiunt)
2240 2005 2445 2074 lupum,
2479 2005 2619 2060 leoni
2663 2018 2954 2059 occurrere
2990 2020 3005 2057 :
3038 2003 3215 2057 hausti
3247 2000 3423 2054 vide-‘

186 2096 545 2164 κατατχεῦέντα
577 2097 892 2151 Σκυθιδίου.
927 2097 1385 2168 Παρεκελεύσατο
1418 2099 1473 2151 δὲ
1508 2099 1534 2149 ὁ
1566 2100 1712 2152 Καν-

1867 2106 1951 2153 cet
1983 2099 2282 2154 vorticibus
2307 2097 2570 2165 fluminis,
2621 2098 2748 2152 dum
2781 2097 3042 2167 expedire
3079 2097 3201 2165 fuga
3257 2092 3407 2148 salu-

184 2187 467 2257 τακουζηνὸς
490 2230 502 2249 ,
532 2190 664 2252 τοὺς
720 2189 1158 2259 κατασχεθέντας
1223 2191 1596 2256 ἀποστέλλων,
1623 2191 1716 2243 τὸν

1866 2211 1932 2247 3m
1962 2201 2234 2264 quaerunt.
2274 2191 2457 2248 Victor
2482 2192 2712 2262 captivis
2738 2191 3032 2246 comitibus
3062 2190 3313 2244 omnibus
3341 2187 3406 2239 ad

187 2280 415 2344 πυγμαίον
467 2277 685 2347 Σκύθην
761 2279 986 2349 δέσμιον
1041 2282 1134 2334 τὸν
1182 2281 1450 2352 πελώριον
1510 2283 1718 2335 ἐκεῖνον

1916 2296 2208 2354 peratorem
2239 2285 2440 2350 missis,
2472 2285 2748 2339 Timorum
2785 2298 2845 2338 se
2867 2281 3079 2337 confert
3107 2280 3296 2352 (locus
3326 2285 3410 2332 est
3451 2268 3456 2277 ’

185 2369 355 2432 εἱσάξαι
384 2369 454 2438 τῷ
498 2371 912 2442 αὐτοκράτορι,
949 2373 1342 2445 ἀστεῖζόμενος
1387 2375 1529 2445 τάχα
1575 2375 1714 2446 πρὸς

1868 2377 2079 2432 alustris
2117 2387 2172 2431 et
2217 2376 2452 2432 difﬁcilis
2505 2377 2692 2446 aditu)
2754 2375 2937 2444 ibique
3000 2373 3066 2427 ad
3123 2371 3408 2439 septimam

185 2463 255 2512 τὸν
279 2461 662 2534 αὐτοκράτορα.
703 2465 792 2528 Ὦς
813 2465 868 2518 δὲ
897 2467 1219 2535 φθάσαντας
1250 2466 1474 2530 τούτους
1502 2469 1529 2520 ὁ
1557 2468 1716 2538 βασι-

1870 2471 2069 2524 insedit
2132 2471 2272 2525 diem
2334 2469 2738 2538 exploratorum
2810 2467 3046 2523 reditum
3102 2463 3410 2534 opperiens,

184 2547 280 2610 λεὺς
331 2551 660 2621 μεμαθήκει,
729 2553 823 2607 ἐπὶ
878 2557 973 2609 τοῦ
1024 2556 1311 2626 βασιλικοῦ
1367 2557 1715 2627 προκαθίσας

1881 2580 1956 2616 tos
1991 2563 2186 2617 inultos
2223 2564 2276 2616 in
2307 2573 2484 2632 partes
2515 2562 2698 2617 varias
2733 2559 3037 2623 dimiserat,
3088 2571 3216 2612 cum
3258 2570 3415 2608 man~

187 2639 376 2704 θρόνου,
445 2645 738 2700 ἐκέλευσεν
809 2650 1137 2719 εἰσάγεσθαι
1203 2651 1330 2715 τούς
1399 2649 1720 2722 δεσμώταςο’

1870 2656 1964 2711 atis
1988 2666 2042 2709 ut
2063 2655 2131 2710 de
2153 2656 2452 2710 Baimundo
2486 2654 2831 2725 explorarent
2848 2661 2993 2708 certa
3019 2649 3410 2720 referrentque.

187 2733 355 2787 Είσεισι
381 2737 546 2790 δὲκαὶ
572 2739 605 2790 ὁ
639 2740 853 2811 Σκύθης
901 2745 1025 2813 μηδ’
1059 2744 1188 2814 ἄχρι
1226 2744 1454 2812 γλουτοῦ
1495 2743 1716 2812 φθάνων

1873 2755 2142 2800 iccurrunt
2182 2747 2263 2800 his
2292 2748 2429 2801 forte
2455 2745 2606 2818 jussu
2655 2743 3069 2814 capessentibus
3114 2738 3252 2794 Galli
3285 2752 3413 2792 cen-

183 2822 256 2878 τοῦ
307 2832 638 2895 γιγαντιαίου
707 2835 920 2888 ἐκείνου
994 2836 1226 2904 Κελτοῦ,
1255 2837 1478 2907 δέσμιον
1531 2838 1723 2891 τοῦτον

1871 2855 1950 2892 utn
1985 2849 2202 2908 pontem
2232 2856 2262 2894 e
2295 2840 2501 2893 ratibus
2523 2838 2846 2893 subitarium
2873 2837 3214 2904 imponentes
3241 2829 3411 2892 amni,

182 2920 497 2991 ἐπαγόμενος.
520 2927 702 2992 Εὐθὺς
733 2928 827 2983 οὖν
856 2929 1032 2998 γέλως
1080 2932 1302 2984 πάντων
1341 2930 1486 3002 ὦρτο
1528 2932 1718 2995 πολύς.

1875 2943 1889 2986 t
1919 2949 1983 2985 eo
2015 2934 2095 2988 sic
2127 2932 2355 3002 trajectu
2391 2933 2552 2987 situm
2601 2943 2749 2988 trans
2786 2931 3067 2985 adversam
3105 2927 3274 2996 ripam
3320 2939 3415 2993 op-

183 3011 266 3064 Καὶ
284 3014 397 3079 τοὺς
428 3019 524 3085 μὲν
555 3020 784 3084 λοιποὺς
821 3023 1070 3092 κόμητας
1100 3024 1314 3095 φρουρὰ
1345 3024 1638 3089 διεδέξατο.

1875 3024 2072 3080 idulum
2118 3035 2480 3095 expugnatum
2533 3025 2698 3078 irent.
2753 3023 2902 3077 llaud
2956 3019 3272 3090 negligenda
3329 3031 3415 3072 res

181 3103 308 3171 visa;
342 3108 664 3166 invehuntur
716 3113 766 3166 in
818 3115 917 3170 hos
962 3117 1153 3180 nostri,
1218 3131 1462 3185 peneque
1521 3131 1716 3172 omnes
1759 3116 2170 3188 vivoscapiuut.
2201 3118 2480 3173 Eminebat
2507 3119 2651 3173 inter
2673 3132 2766 3173 eos
2828 3116 3134 3176 Baimundi,
3203 3121 3418 3181 patrue‘

186 3194 238 3250 lis
276 3210 423 3256 vasta:
457 3218 519 3258 ac
596 3205 866 3274 gigantem
909 3215 1131 3261 staturae
1197 3208 1446 3277 juvenis;
1509 3209 1708 3279 quippe
1753 3210 1805 3264 in
1849 3211 2031 3263 decem
2074 3209 2272 3281 pedum
2317 3211 2654 3264 altitudinem
2704 3219 3006 3282 porrectus,
3060 3204 3419 3274 respondente

181 3289 448 3354 proceritati
489 3295 758 3354 crassitie,
793 3302 1013 3365 totaque
1046 3295 1358 3351 habitudine
1405 3307 1602 3352 torosa:
1635 3313 1698 3353 ac
1738 3313 1902 3352 succo
1935 3300 2188 3354 distentae
2263 3301 2443 3365 molis,
2535 3315 2756 3370 prorsus
2805 3298 3090 3354 Herculem
3151 3295 3413 3356 referens,

180 3381 214 3434 si
253 3384 407 3437 virtus
441 3387 607 3438 animi
668 3387 882 3440 modum
938 3389 1182 3456 corporis
1230 3397 1519 3456 :equasset.
1570 3385 1724 3442 Nunc
1764 3389 1963 3443 mirum
2009 3400 2062 3443 et
2129 3391 2415 3445 ridiculum
2471 3399 2590 3444 erat
2642 3390 3004 3458 spectaculum
3077 3388 3262 3443 videre
3337 3389 3419 3457 gi.

179 3478 528 3540 gnntetnillum
569 3488 875 3533 monstrosa
910 3479 1284 3550 magnitudine
1351 3491 1684 3550 suggestum,
1750 3481 1818 3536 ab
1859 3482 2049 3536 humili
2074 3493 2128 3538 et
2179 3483 2398 3538 cubitali
2450 3492 2759 3551 correptum
2795 3497 2860 3536 ac
2908 3491 3140 3537 tractum
3199 3481 3419 3552 Svytlta.

184 3568 282 3622 Visa
314 3588 392 3627 res
419 3572 806 3627 Cantacuzvuo
836 3574 994 3643 digna
1027 3575 1199 3629 oculis
1247 3575 1530 3644 principis.
1580 3575 1714 3632 Cum
1760 3592 1892 3646 ergo
1924 3577 1988 3630 ad
2023 3578 2406 3646 imperatorem
2440 3587 2494 3634 et
2529 3578 2628 3633 hos
2655 3580 2720 3634 de
2792 3592 2942 3633 more
3001 3577 3245 3648 captivos
3294 3576 3422 3631 tuit-

180 3671 311 3728 teret,
360 3667 614 3733 praecepit
672 3667 990 3722 ductoribus
1034 3683 1222 3722 eorum
1288 3670 1631 3739 vmgrandem
1706 3682 1764 3725 ut
1843 3670 2055 3726 Gallum
2097 3686 2201 3724 non
2254 3671 2374 3726 sine
2429 3679 2706 3738 praeeunte
2767 3686 2831 3726 ac
2883 3671 3122 3726 tinctum
3176 3671 3423 3730 trahente

180 3771 387 3826 pygmzeo
438 3759 648 3830 Scytha
697 3763 746 3815 ei
801 3760 1078 3818 offerrent.
1144 3762 1432 3818 Nuntiatur
1490 3763 1731 3833 Augusto
1772 3766 1966 3821 adesse
1993 3765 2061 3820 ab
2083 3767 2327 3820 exercitu
2351 3766 2594 3836 captivos
2621 3780 2790 3821 novos
2810 3779 2994 3819 coram
3050 3766 3171 3836 ipso
3230 3767 3423 3820 sisteu.

180 3850 507 3916 dos;insidet
532 3855 603 3908 ad
640 3870 756 3908 eam
780 3853 942 3924 395
977 3870 1160 3910 vocem
1228 3857 1494 3927 imperiali
1524 3857 1660 3912 solio
1719 3870 1774 3914 et
1853 3859 2119 3914 introduci
2184 3860 2433 3916 homines
2481 3861 2658 3930 jubet.
2728 3861 2898 3914 Datur
2951 3861 3004 3916 in
3071 3869 3424 3929 conspectum

181 3942 350 4016 Scytha
385 3950 536 4014 pusio
574 3950 817 4004 vinctum
870 3951 1018 4006 illutn
1075 3952 1329 4007 immanis
1380 3954 1731 4022 corpulentia:
1774 3955 1985 4012 Gallum
2059 3953 2306 4017 trahens,
2374 3954 2531 4024 cujus
2584 3969 2653 4008 ne
2706 3953 2884 4008 femur
2941 3954 3154 4022 quidem
3214 3967 3425 4007 summo

180 4041 352 4095 vertice
398 4043 702 4109 minabat;
757 4044 899 4099 risus
987 4046 1244 4100 nimirum
1304 4058 1457 4103 ortus
1502 4057 1586 4101 cst
1676 4051 1941 4105 omnium.
2042 4043 2159 4103 Dati
2219 4064 2342 4104 mox
2404 4047 2664 4104 custodiae
2724 4048 2824 4104 iste
2916 4047 3114 4116 aliique
3201 4045 3425 4101 comites

179 4146 300 4190 suttl.

232 4232 384 4285 Οὐπω
412 4234 619 4305 μικρὸν
669 4235 1154 4305 ὲπιμειδιάσαντος
1195 4238 1290 4292 τοῦ
1325 4239 1737 4311 αὐτοκράτορος
1766 4258 1772 4295 l

1918 4238 2028 4293 Nec
2075 4239 2230 4303 longa
2274 4235 2626 4305 imperatoris
2677 4236 2742 4291 tle
2793 4235 2952 4290 rebus
2983 4251 3010 4288 a
3047 4233 3425 4289 Caulacuzcnn

177 4322 251 4373 ἐπὶ
283 4325 350 4394 τῷ
384 4327 477 4379 τοῦ
514 4327 979 4397 Καντακουζηνοῦ
1011 4329 1424 4399 κατορθώματι,
1451 4332 1616 4402 ἑτέρα
1643 4351 1717 4396 τις

1886 4333 2164 4395 rmlenter,
2202 4331 2438 4396 fortiter,
2473 4345 2842 4400 prospereque
2873 4346 2916 4399 ει
2941 4331 3037 4385 stis
3083 4330 3268 4384 laetitia
3310 4329 3426 4382 fuit.

173 4411 439 4486 άπόφημος
473 4418 782 4472 κατέλαϐεν
811 4419 1069 4487 ἀγγελία,
1104 4422 1266 4488 φόνον
1305 4421 1592 4491 ἀμύθητον
1620 4424 1713 4475 τῶι

1885 4423 2173 4492 omprcssit
2200 4423 2307 4476 cito
2338 4422 2615 4476 risusillos
2644 4421 2970 4490 peracerbus
3001 4421 3219 4476 nuntius
3251 4418 3425 4474 infan-

182 4507 300 4570 μετὰ
343 4509 434 4561 τοῦ
474 4509 752 4583 Καμύτζη
799 4513 894 4564 καὶ
949 4513 1044 4566 τοῦ
1076 4513 1365 4567 Καόάσιλα
1403 4514 1722 4585 Ῥωμαῖκῶι

1922 4533 1970 4570 m
2035 4516 2236 4571 caedem
2298 4515 2668 4569 Romanarum
2727 4515 3062 4582 cohortium,
3127 4528 3248 4583 quae
3307 4527 3462 4567 cum.

175 4601 445 4667 ταγμάτων
495 4603 808 4673 μηνύουσα.
844 4607 1167 4660 Κατέπιπτε
1207 4608 1308 4676 μὲν
1347 4604 1444 4662 οὖν
1475 4609 1715 4681 οὐδαμῶς

1888 4618 2104 4679 amytze
2135 4621 2198 4662 ac
2224 4606 2473 4662 Cabasila
2505 4604 2743 4674 fuerant,
2778 4607 3043 4661 referens.
3099 4604 3428 4660 Incredibili-

173 4685 594 4765 ὁαύτοκράτωρ,
636 4695 814 4749 καίτοι
871 4698 1082 4768 σφόδρα
1109 4699 1332 4768 δηχθεὶς
1363 4700 1463 4773 τὴν
1502 4703 1713 4772 καρδίαι

1888 4717 1929 4755 :r
1957 4699 2186 4769 Augusti
2214 4697 2458 4752 animum
2489 4698 2591 4752 ista
2615 4697 2800 4753 clades
2830 4697 3083 4766 perculit.
3119 4694 3271 4750 Sedit
3297 4709 3428 4749 mm-

172 4783 251 4830 καὶ
276 4781 600 4852 ἀνιώμενος,
629 4788 1000 4853 ὲπιστενάζων
1025 4806 1085 4842 τε
1109 4793 1223 4854 τοῖς
1259 4792 1547 4858 πεσοῦσιν,
1581 4793 1712 4847 ἐστιε

1889 4805 1986 4861 Ius,
2044 4792 2296 4861 suspiriis
2362 4791 2471 4846 late
2519 4791 2736 4845 sonoris
2790 4804 3055 4844 caesorum
3102 4787 3429 4842 desiderium

175 4862 225 4920 οὗ
251 4877 336 4926 καὶ
369 4875 630 4948 δακρύων
678 4881 768 4931 τὸν
809 4879 932 4933 καθ’
974 4881 1204 4934 ἕκαστον
1231 4900 1245 4915 ο
1282 4883 1414 4941 ἀλλὰ
1447 4885 1711 4939 Κώνσταν

1889 4889 2123 4953 rodens;
2161 4887 2472 4956 lacrymans
2505 4899 2721 4954 quoque
2753 4882 2986 4938 subinde
3018 4881 3083 4936 ad
3119 4880 3429 4936 distinctam

171 4963 296 5016 τῖνον
348 4968 440 5021 τὸν
497 4970 721 5041 Γαϐρᾶν
767 4971 936 5043 ἄνδρα
988 4974 1284 5044 ἀρηΐφιλον
1318 4977 1412 5029 καὶ
1451 4977 1566 5048 πῦρ
1597 4995 1711 5032 κατε

1889 4992 2122 5037 ertorum
2152 4996 2216 5036 ex
2245 4981 2313 5035 iis
2338 4977 2830 5046 compellationem.
2869 4973 2988 5027 Mox
3029 4983 3208 5027 tamen
3258 4973 3429 5028 solita:

170 5057 264 5108 τῶν
291 5062 554 5117 ἐναντίοιν
581 5064 629 5097 ’⁸³
677 5067 910 5119 πνέοντα
965 5071 1489 5138 μεταπεμψάμενος,
1510 5071 1590 5133 είς
1630 5072 1710 5141 τὴπ

1890 5076 2175 5130 οιιειεηιίεε
2204 5089 2267 5128 ac
2293 5087 2474 5126 rerum
2507 5069 2982 5140 procurandarum
3013 5066 3192 5122 oliicio
3227 5081 3286 5122 se
3308 5068 3430 5121 red-

171 5147 296 5204 οὕτω
338 5155 692 5229 καλουμένην
729 5158 1043 5230 Πετρούλαν
1081 5161 1375 5214 ἀπέστειλε
1401 5164 1711 5226 κατασκεψά

1892 5183 2010 5232 eus,
2038 5165 2451 5223 Constantinum
2489 5162 2726 5218 Gabram
2763 5161 2944 5215 virum
2989 5158 3128 5214 bello
3149 5159 3429 5215 ardentem

179 5255 322 5307 μενον
355 5244 482 5300 ὅθεν
523 5247 575 5300 ei
602 5247 798 5302 Κελτοὶ
827 5251 907 5312 είς
935 5250 1004 5302 τά
1047 5249 1232 5322 τέμπη
1280 5251 1623 5321 ἐμπεσόντες
1648 5252 1719 5306 τδε

1891 5275 1917 5314 c
1944 5276 2105 5315 manu
2143 5267 2470 5329 promptum,
2509 5255 2711 5326 quique
2735 5255 2921 5324 ignem
2973 5254 3029 5307 in
3078 5251 3278 5323 pra-liis
3323 5253 3431 5324 spi-

1239 5392 1438 5455 Variaa
1466 5391 1774 5458 lectiones
1811 5415 1890 5460 ex
1922 5399 2063 5460 cod.
2091 5395 2331 5460 Coislin

233 5483 276 5515 “
317 5489 641 5560 Ῥωμαίων.

1256 5607 1394 5668 Car.
1425 5605 1755 5670 Dufresnii
1788 5611 1886 5672 Du
1916 5611 2140 5689 Cangii
2178 5619 2362 5674 noue.

233 5730 341 5802 (7'5)
398 5732 690 5811 Τίμορρν.⁸
737 5734 1046 5811 *Φρούριον
1119 5733 1355 5811 vicinum
1439 5735 1744 5811 Balagritis,

1927 5739 2038 5808 (75)
2072 5740 2445 5808 Βαϊμούντου
2496 5739 2854 5811 ἐξάὸενιρον.
2916 5739 3063 5796 llltus
3129 5745 3246 5792 orte
3276 5735 3431 5806 Cujus

170 5805 538 5882 nec_p_rogu_l_a
561 5806 814 5882 Caninis,
844 5805 1247 5882 cantacuzeuo,
1276 5805 1369 5860 lib.
1408 5821 1467 5874 tt,
1502 5805 1622 5875 cap.
1651 5807 1741 5862 32.
1855 5805 2101 5864 meminit
2142 5805 2262 5882 pag.
2294 5812 2418 5867 536.

231 5871 336 5944 lu)
370 5875 685 5933 I‘Jéttar.
719 5875 850 5934 Vide
877 5875 1117 5933 Glossar.
1143 5876 1424 5935 Annaeum.
