3900 6570
179 423 261 495 981

1320 412 1750 477 ALEXIADIS
1786 416 1936 484 LIB.
1978 421 2091 483 XII
2108 422 2152 486 l.

3269 422 3373 489 982

174 542 406 617 ἡμάρτανε
455 528 545 586 τοῦ
601 528 829 587 σκοποῦ.
880 530 1069 586 Μέσον
1113 530 1220 604 γὰρ
1275 530 1373 587 τοῦ
1428 531 1675 605 πορθμοῦ

1785 537 2047 606 partium.
2079 539 2260 596 Semel
2309 540 2615 614 iterumque
2675 539 2858 598 Latini
2916 547 3104 613 postea
3161 554 3376 610 quoque

173 622 687 698 κπαλαμσάνωνηέπεὶ
707 623 834 685 τοὺς
866 624 1107 688 Κελτοὺς
1128 624 1382 696 ὲξουρίας
1412 624 1679 689 πλέοντας

173 729 288 797 ἑώρα
312 722 375 776 τά
401 718 459 774 θ¹
488 716 628 771 ίστία
672 718 1125 782 ἀναπετάσαντας
1154 719 1249 772 καὶ
1306 719 1537 791 σφοδρὸν
1587 721 1680 776 τὸν

172 816 400 874 ἀπόπλουν
445 809 815 879 ποιουμένους,
852 810 951 881 οὺχ
1000 805 1115 875 οἷός
1160 828 1217 865 τε
1258 806 1330 884 ἦν
1377 813 1517 885 πρὸς
1549 813 1681 878 τοὺς

172 907 364 969 Κελτοὺς
394 904 501 973 ἅμα
526 902 615 955 καὶ
646 902 774 965 τοὺς
827 903 1064 973 ἀνέμους
1117 905 1503 976 ἀπομάχεσθαι
1538 906 1683 961 κατά

169 1001 349 1073 πρῶραν
386 994 474 1050 τοῦ
524 993 835 1065 πνεύματος
878 997 1216 1067 ἱσταμένου⁸
1265 999 1387 1053 οὐδὲ
1423 1000 1534 1070 γὰρ
1588 1002 1681 1056 τὸν

176 1089 400 1162 Ἠρακλέα
430 1087 560 1157 πρὸς
587 1085 682 1139 δύο
730 1087 864 1155 φασί
892 1105 908 1121 ο
940 1090 1007 1159 τῇ
1036 1088 1125 1160 βίᾳ
1171 1090 1353 1143 τοίνυν
1388 1092 1483 1145 τοῦ
1510 1093 1680 1147 mea-

169 1203 301 1261 ματος
323 1182 626 1251 παλίνορσος
667 1181 898 1250 ἐγίνετο.
937 1182 1075 1235 Ἐπί
1103 1183 1321 1249 τούτοις
1350 1186 1379 1239 ό
1405 1187 1681 1260 αὐτοκρά-

166 1300 249 1350 τωρ
279 1276 545 1346 διεπρίετο.
571 1275 843 1343 Διαγνοὺς
884 1274 943 1328 δὲ
969 1277 1051 1329 ὅτι
1102 1276 1202 1349 οὐχ
1234 1280 1371 1332 ὅπου
1406 1282 1681 1350 προσήκοι

164 1374 235 1427 τὸν
259 1368 535 1437 Ῥωμαϊκὸν
570 1368 757 1421 στόλον
790 1371 819 1423 ό
852 1366 1270 1441 Κοντστέφανος
1297 1372 1679 1444 προσὼρμισε,

166 1467 236 1520 καὶ
276 1462 352 1516 διὰ
393 1461 542 1514 τοῦτο
568 1462 733 1515 αὐτὸν
765 1463 815 1515 oi
844 1463 987 1516 νότοι
1038 1464 1410 1536 ἀπείργουσιν
1458 1465 1681 1521 εὔθετον

164 1561 247 1621 τοῖς
288 1557 493 1619 Κελτοῖς
544 1552 745 1625 μᾶλλον
794 1557 889 1609 τὸν
920 1556 1091 1611 πλοῦν
1140 1560 1532 1629 παρεχόμενοι,
1564 1561 1683 1615 δια-

164 1648 331 1718 γράψας
357 1646 446 1715 τὴν
480 1648 577 1716 τῆς
604 1648 1013 1720 Λογγιϐαρδίας
1042 1651 1200 1721 ἠϊόνα
1245 1653 1339 1706 καὶ
1371 1653 1477 1707 τοῦ
1510 1654 1680 1709 Ἰλλυ-

165 1738 299 1811 ρικοῦ,
325 1740 406 1792 καὶ
436 1739 557 1802 τούς
585 1740 720 1810 παρ’
755 1741 997 1809 ἑκάτερα
1019 1742 1405 1811 διακειμένους
1429 1743 1677 1813 λιμένας,

160 1831 392 1887 ἀπέστειλε
429 1831 503 1898 τῷ
542 1831 976 1906 Κοντοστεφάνῳ
1039 1835 1335 1901 ὑποδείξας
1384 1837 1445 1892 ὲν
1489 1838 1678 1909 γράμ-

160 1942 278 1994 μασι,
307 1924 387 1977 καὶ
412 1924 527 1977 ὅποι
562 1924 649 1978 δεῖ
684 1928 1060 1998 προσορμίσαι
1090 1929 1190 1994 τὰς
1224 1930 1381 1995 ναῦς,
1416 1933 1510 1985 καὶ
1552 1932 1679 1986 ὅθεν

157 2018 300 2088 οὐρίου
342 2016 471 2088 τύχῃ
502 2016 597 2070 τοῦ
640 2019 957 2089 πνεύματος
1008 2023 1151 2077 κατά
1207 2022 1317 2076 τῶν
1352 2023 1680 2089 διαπλωῖζο-

157 2114 294 2183 μένων
321 2112 525 2166 Κελτῶν
570 2113 844 2184 ἐξορμῶν.
890 2116 1163 2187 Ἀνέρωσέ
1212 2116 1325 2191 [ῑσ.
1365 2120 1675 2194 ἀνέρρωσε]

153 2222 195 2259 τε
236 2204 365 2270 αὖθις
417 2209 504 2260 τὸν
543 2209 995 2278 Κοντοστέφανον
1059 2213 1153 2264 καὶ
1211 2211 1380 2283 ἔργου
1429 2213 1678 2285 ἅψασθαι

152 2299 397 2353 ἀνέπεισεν.
436 2300 917 2371 Ἀνακτησάμενος
945 2302 1039 2357 οὖν
1074 2305 1269 2359 ἑαυτὸν
1313 2307 1341 2359 ὁ
1402 2305 1677 2372 Ἰσαάκιος

152 2390 533 2445 καὶκαταλαὸὼν
583 2385 813 2463 οῦπερό
863 2395 1231 2467 αὐτοκράτωρ
1289 2397 1443 2467 αὐτῷ
1491 2414 1673 2469 παρε-

151 2480 392 2535 κελεύσατο
434 2484 527 2547 τὰς
560 2485 698 2548 ναῦς
749 2486 1116 2556 προσὼκειλε.
1154 2488 1263 2543 Καὶ
1308 2490 1502 2562 καιρὸν
1552 2493 1679 2545 ἑπι-

149 2577 342 2644 τηρήσας
371 2578 603 2646 ὁπηνίκα
636 2579 683 2630 oi
714 2578 821 2632 ἀπὸ
854 2580 1262 2650 Λογγιὸαρδίας
1298 2581 1438 2651 μετά
1471 2583 1678 2656 πολλῆς

149 2669 455 2738 παρασκευῆς
524 2672 666 2739 πρὸς
737 2673 798 2725 τὸ
874 2672 1176 2744 Ἰλλυρικὸν
1236 2674 1329 2728 τὸν
1388 2677 1674 2732 ἀπόπλουν

147 2760 388 2825 ἐποιοῦντο,
418 2762 626 2832 ἀνέμου
682 2761 861 2828 δεξιοῦ
913 2765 1226 2835 τηνικαῦτα
1280 2770 1669 2836 ἐπιπεσόντος,

146 2853 310 2923 δέχεται
340 2854 553 2920 τούτους
595 2858 692 2911 τοῦ
733 2858 985 2929 πορθμοῦ
1044 2861 1228 2930 μέσον,
1278 2862 1374 2916 καὶ
1420 2862 1543 2917 τινὰ
1575 2863 1676 2933 μὲν

146 2946 228 2997 τῶν
282 2947 575 3019 λῃστρικῶν
662 2952 864 3006 πλοίων
930 2954 1292 3025 πυρίκαυστα
1355 2956 1672 3027 πεποίηκε’

145 3036 275 3087 πλείω
302 3038 349 3090 δὲ
382 3041 469 3093 καὶ
498 3038 783 3112 αὔτανδρα
812 3041 892 3112 τῷ
922 3041 1072 3114 βυθῷ
1097 3044 1673 3116 παρέπεμψεν.οῠπω

142 3132 273 3185 ταῦτα
299 3135 626 3204 μεμαθηκὼς
661 3138 689 3189 δ
731 3137 1011 3208 βασιλεὺς,
1041 3140 1180 3195 ἀλλά
1214 3141 1352 3212 πρὸς
1401 3142 1471 3197 τὰ
1517 3143 1674 3214 παρά

1710 1885 1754 1941 Β

1783 642 2001 685 cursum
2036 640 2239 687 rectum
2270 642 2323 688 et
2366 634 2689 691 incolumem
2720 649 2783 689 ex
2814 631 2965 689 Italia
3002 632 3055 686 in
3101 630 3373 703 Illyricum

1786 723 2049 789 habuere,
2102 723 2302 779 frustra
2336 724 2556 781 obstare
2607 737 2804 782 conata
2861 723 3109 779 Romana
3172 723 3368 778 classe.

1786 815 2139 872 Promoverat
2191 834 2309 873 eam
2350 820 2567 891 quidem
2605 819 2845 876 Isaacius
2904 819 2955 873 in
3010 818 3204 874 fretum
3260 833 3375 871 me-

1787 909 1931 964 dium
1980 910 2196 964 obviam
2236 918 2425 966 contra
2474 911 2747 983 naviganti
2789 911 3045 977 Gallicae;
3094 909 3189 965 sed
3247 923 3369 963 cum

1788 1004 1929 1059 hanc
1960 1013 2154 1060 ventus
2191 1019 2219 1059 a
2249 1004 2410 1075 puppi
2442 1005 2713 1061 secundus
2740 1005 2917 1060 valide
2946 1004 3186 1075 pelleret,
3221 1003 3365 1058 illam

1787 1095 1930 1150 idem
1964 1112 2182 1163 aprora
2237 1098 2529 1152 vehemens
2580 1096 2834 1162 dimaret,
2905 1106 3095 1151 contra
3154 1104 3372 1150 ventum

1784 1197 1839 1243 et
1865 1189 2075 1245 hostem
2111 1204 2352 1258 pugnare
2378 1189 2540 1245 simul
2572 1190 2708 1244 ratio
2740 1206 2842 1243 nun
2869 1188 2988 1256 fuit,
3018 1186 3272 1258 quoniam
3311 1199 3377 1239 ne

1786 1280 2045 1338 Hercules
2097 1281 2320 1352 quidem
2370 1283 2535 1353 (quod
2587 1282 2691 1337 dici
2750 1281 2907 1352 solet)
2966 1288 3156 1336 contra
3210 1279 3372 1334 duos.

1786 1375 1975 1453 Itaque
2026 1375 2281 1431 cedentes
2341 1373 2655 1431 necessario
2712 1372 2969 1435 Romani,
3019 1385 3213 1441 purum
3268 1369 3373 1424 iter

1783 1468 2127 1539 liberumque
2176 1466 2381 1523 Italicis
2418 1467 2691 1539 reliquere
2740 1466 2986 1521 navibus.
3039 1463 3374 1533 Ringebatur

1786 1562 1853 1617 iis
1903 1561 2143 1632 acceptis
2182 1562 2525 1632 imperator;
2592 1569 2649 1615 et
2703 1568 2943 1615 erratum
3002 1572 3032 1613 a
3085 1555 3374 1611 Contoste—

1785 1654 1969 1725 phano
2001 1653 2306 1724 intelligens
2349 1653 2404 1710 in
2452 1654 2687 1710 statione
2720 1660 2845 1723 apta
2891 1649 3050 1706 classi
3079 1665 3190 1705 sum
3238 1646 3373 1701 deli-

1785 1751 1982 1823 genda,
2019 1751 2254 1807 tabulam
2282 1750 2569 1819 utriusque
2607 1763 2719 1804 ora:
2743 1746 2996 1802 littoralis
3041 1744 3327 1798 maritimae
3353 1782 3369 1806 ,

1789 1842 2132 1915 lllyricianae,
2159 1845 2403 1914 inquam,
2459 1850 2515 1899 et
2547 1842 2595 1898 ei
2639 1840 2882 1896 adversae
2925 1834 3368 1909 Longobardicm,

1785 1952 1909 1993 cum
1934 1937 2137 1993 notatis
2162 1936 2420 2006 utrinque
2449 1934 2687 2005 regionis
2709 1933 2991 2002 utriusque
3020 1928 3280 2000 portubus
3303 1924 3368 1978 ad

1783 2046 1906 2086 eum
1931 2030 2084 2085 misit
2122 2045 2138 2085 :
2174 2028 2375 2084 litteris
2405 2030 2708 2083 admonens
2754 2026 2951 2094 quibus
2988 2023 3041 2077 in
3084 2020 3219 2076 locis
3250 2019 3369 2088 qui-

1783 2124 1955 2179 busve
2002 2120 2331 2178 stationibus
2380 2129 2566 2176 tenere
2593 2135 2659 2175 ex
2699 2118 2943 2174 excubiis
2973 2131 3138 2171 naves
3169 2111 3370 2167 Roma-

1782 2232 1879 2271 nas
1901 2225 2196 2286 oporteret,
2232 2225 2290 2271 ut
2321 2230 2399 2271 ea:
2425 2230 2750 2285 quocunque
2770 2222 2935 2269 vento
2961 2212 3278 2279 navigantes
3301 2221 3368 2260 ex

1781 2307 1934 2364 Italia
1957 2307 2195 2365 Gallicas
2223 2322 2413 2364 arcere
2457 2316 2700 2378 possent.
2738 2304 2893 2374 Cepit
2944 2301 3202 2365 Isaacius,
3241 2315 3366 2353 cum

1782 2403 1867 2457 his
1896 2402 2190 2472 postremis
2219 2401 2442 2456 monitis
2485 2399 2868 2469 acquievisset,
2905 2396 3145 2449 fructum
3180 2391 3368 2446 docili-

1781 2496 1911 2552 tatis
1942 2510 2075 2551 suae.
2128 2493 2264 2549 Nam
2307 2494 2601 2549 observato
2654 2501 2893 2561 tempore
2948 2502 3056 2559 quo
3113 2485 3369 2555 trajectus

1779 2601 1934 2642 nova:
1960 2585 2027 2641 ab
2054 2584 2431 2653 Longobardia
2470 2583 2763 2653 parabatur
2788 2579 3003 2645 classis,
3046 2578 3222 2631 locum
3264 2574 3366 2630 sibi

1780 2679 2007 2747 suisque
2041 2693 2109 2732 ex
2144 2676 2494 2747 imperatoris
2542 2672 2775 2729 consilio
2807 2670 3075 2725 delectum
3111 2666 3367 2736 sumpsit.

1778 2771 1909 2827 Inde
1941 2779 2117 2825 autem
2152 2765 2571 2838 procedentibus
2617 2778 2876 2835 prospero
2916 2773 3204 2817 ventorum
3234 2757 3361 2812 ﬂatu

1778 2864 2054 2921 Gallorum
2084 2864 2313 2919 navibus
2343 2860 2530 2919 multis
2572 2870 2630 2917 et
2669 2866 2931 2929 apparatu
2993 2856 3205 2911 onustis
3244 2851 3366 2923 plu-

1778 2960 1942 3021 rimo,
1980 2955 2208 3011 infestus
2242 2957 2499 3025 ingruens
2535 2968 2694 3009 cursu
2740 2951 2794 3006 in
2846 2949 3046 3010 medio.
3106 2945 3365 3017 piraticas

1778 3063 1967 3102 eorum
2008 3048 2271 3117 quasdam
2328 3043 2590 3109 incendit,
2645 3042 2827 3112 plures
2871 3054 2993 3094 cum
3053 3037 3365 3092 vectoribus

1781 3140 2068 3210 depressit.
2104 3138 2220 3194 Hoc
2268 3151 2581 3208 quanquam
2635 3135 2706 3189 ita
2747 3133 2952 3189 lsaacio
3001 3136 3360 3192 successerat,

142 3223 214 3277 τοῦ
242 3226 568 3297 Λαντούλφου
617 3230 924 3301 γραφέντα,
952 3232 1051 3285 καὶ
1095 3233 1265 3288 αὐτοῦ
1295 3234 1488 3299 δουκδς
1530 3236 1673 3309 Δυρο

1783 3241 1961 3288 tamen
1992 3246 2115 3287 cum
2144 3230 2523 3285 accusationes
2557 3228 2607 3282 in
2640 3241 2764 3282 eum
2796 3222 3111 3292 Lantulphi,
3166 3234 3363 3276 conso-

148 3315 295 3385 ραχίου
322 3320 637 3392 ἐγκείμενον
677 3321 815 3392 ἔχων
851 3323 945 3376 τὸν
990 3323 1136 3390 νοῦν,
1176 3322 1365 3397 ἐτέρου
1408 3327 1675 3400 λογισμοῦ

142 3409 331 3475 γεγονὼς
357 3415 698 3484 παραχρῆμα
726 3415 818 3467 τὸν
853 3416 957 3488 ἤδη
989 3417 1231 3487 ρηθέντα
1260 3419 1545 3490 Μαριανὸν
1575 3422 1668 3475 τὸν

140 3502 612 3573 Μαυροκατακαλὼν
666 3509 1175 3580 μεταπεμψάμενος
1228 3512 1444 3566 ἐκεῖθεν
1490 3514 1672 3569 Δοῦκα

139 3593 209 3644 τοῦ
254 3597 421 3649 στόλου
463 3600 880 3672 προχειρίζεται
911 3644 925 3668 ,
979 3603 1047 3655 τὰ
1098 3603 1154 3656 δὲ
1202 3607 1301 3675 τῆς
1360 3606 1675 3677 Πετρούλας

139 3686 271 3758 ἑτέρῳ
323 3691 661 3762 ἀνατίθησιν.
714 3687 885 3757 Οὗτος
929 3690 1024 3747 οὖν
1068 3695 1325 3749 ἀπελθὼν
1379 3698 1476 3751 καὶ
1523 3699 1668 3753 κατά

139 3794 231 3830 τινα
271 3783 545 3852 συντυχίαν
580 3785 746 3847 εὐθὺς
775 3786 1017 3856 ἐντυχὼν
1054 3789 1177 3852 ταίς
1223 3788 1332 3842 ἀπὸ
1362 3790 1677 3863 Λογγιὸαρ-

137 3870 226 3932 δίας
245 3873 369 3942 πρὸς
394 3876 485 3928 τον
520 3876 866 3946 Βαῖμοῦντον
897 3878 1397 3951 διαπλωῖςομέναις
1441 3882 1668 3956 λῃστρι-

138 3968 231 4027 καῖς
251 3970 333 4020 καὶ
356 3972 650 4039 φορτηγοῖς
676 3972 859 4037 ναυσὶ,
890 3973 1162 4043 κατέσχεν
1194 3974 1412 4039 ἁπάσας
1441 3976 1675 4048 πλήρεις

136 4060 363 4112 παντοίων
428 4061 735 4131 ἐδωδίμων.
788 4064 898 4116 Καὶ
966 4064 1061 4117 τοῦ
1125 4066 1317 4119 λοιποῦ
1387 4067 1673 4140 ἄγρυπνος

137 4146 276 4215 φύλαξ
303 4150 390 4204 τοῦ
420 4153 745 4221 ἀναμεταξύ
782 4155 1193 4227 Δογγιϐαρδίας
1236 4160 1331 4211 καὶ
1371 4160 1673 4233 Ἰλλυρικοῦ

135 4243 338 4311 πορθμοῦ
367 4247 676 4317 τυγχάνων,
709 4247 771 4301 οὐ
816 4248 1117 4319 συνεχώρει
1170 4248 1230 4303 τὸ
1265 4254 1526 4323 παράπαν
1561 4258 1674 4320 τοῖς

134 4334 317 4402 Κελτοῖς
341 4342 429 4392 τὸν
469 4342 610 4413 πρὸς
641 4342 701 4395 τὸ
726 4343 1033 4416 Δυρράχιον
1068 4345 1370 4404 ἀπόπλουν.

194 4520 246 4574 '0
276 4521 328 4576 δέ
374 4541 434 4593 γε
492 4525 875 4596 αὐτοκράτωρ,
906 4528 1032 4598 περὶ
1083 4529 1210 4592 τοὺς
1253 4531 1530 4601 πρόποδας
1565 4535 1673 4588 τῶν

130 4614 419 4686 κλεισουρῶν
467 4620 563 4671 καὶ
625 4619 767 4672 κατά
828 4620 928 4690 τὴν
977 4620 1237 4673 Δεάὸολιν
1297 4624 1667 4694 αὐλιζόμενος,

128 4704 306 4778 ἀπῆγχε
331 4709 425 4779 μὲν
488 4711 618 4772 τοὺς
682 4710 1038 4782 προχωρῆσαι
1079 4713 1157 4782 τῷ
1192 4713 1512 4787 Βαῖμούντῳ
1542 4717 1665 4771 ὠδί-

126 4815 311 4864 νοντας·
352 4802 483 4854 ὡσεὶ
518 4803 769 4870 νιφετοὺς
798 4802 853 4855 δὲ
886 4803 1022 4873 πρὸς
1048 4804 1174 4868 τοὺς
1209 4805 1307 4869 τὰς
1348 4807 1672 4880 κλεισούρας

126 4891 416 4962 ἐξέπεμπεν,
472 4897 693 4965 ἑκάστῳ
750 4896 1141 4967 ὐποτιθέμενος
1186 4900 1417 4963 ὁπόσους
1450 4902 1530 4965 εἰς
1571 4904 1670 4974 τὴν

125 4986 318 5043 πεδιάδα
372 4989 684 5061 Δυρραχίου
738 4987 1152 5052 ἐξαποστέλλειν
1202 4990 1345 5043 κατὰ
1386 4990 1480 5044 τοῦ
1538 4994 1668 5046 Βαῖ-

127 5078 323 5147 μούντου
373 5083 470 5137 καὶ
505 5084 689 5136 ὁποῖον
732 5082 793 5134 τι
841 5082 936 5135 τοῦ
972 5082 1214 5152 πολέμου
1269 5084 1457 5154 σχῆμα
1484 5086 1672 5139 διατυ-

124 5170 255 5236 ποῦν,
299 5174 421 5238 τοὺς
453 5175 896 5245 κατερχομένους
937 5174 1043 5244 χρὴ
1078 5177 1134 5227 ὲν
1170 5174 1245 5244 τῷ
1277 5176 1548 5247 μάχεσθαι
1606 5180 1675 5234 τὰ

126 5264 321 5320 πλεῖστά
346 5284 405 5320 τε
448 5268 778 5339 προτρέχειν
810 5268 923 5329 τοῖς
962 5268 1151 5330 ἵπποις
1188 5268 1280 5320 καὶ
1316 5264 1475 5331 αὖθις
1507 5270 1674 5324 ἀνθυο

125 5362 395 5426 πονοστεῖν,
439 5362 536 5414 καὶ
570 5360 712 5413 οὕτω
743 5360 903 5413 πάλιν
934 5360 1027 5412 καὶ
1066 5361 1229 5415 πάλιν
1258 5362 1546 5427 ποιοῦντας
1588 5365 1676 5419 διὰ

120 5448 198 5516 τῆς
225 5452 427 5517 τοξείας
470 5452 773 5521 μάχεσθαι’
810 5455 937 5518 τοὺς
978 5454 1035 5521 δὲ
1073 5454 1141 5507 τὰ
1173 5454 1381 5525 δόρατα
1402 5456 1675 5527 φέροντας

118 5538 312 5597 ὄπισθεν
348 5545 533 5598 αὐτῶν
564 5547 754 5616 βραδεῖ
787 5548 911 5601 ποδὶ
942 5547 1199 5618 στείχειν,
1221 5550 1309 5614 ἵν’,
1342 5551 1395 5603 εί
1419 5568 1523 5603 που
1585 5552 1678 5619 γέ-

120 5648 255 5701 νηται
303 5641 416 5701 τοῖς
473 5639 719 5703 τοξόταις
759 5639 923 5693 πλέον
967 5640 1061 5693 τοῦ
1121 5640 1331 5704 δέοντος
1390 5643 1526 5713 πρὸς
1574 5643 1678 5707 τὰς

1779 3328 1865 3381 nis
1910 3340 2126 3395 quoque
2159 3323 2316 3378 ducis
2356 3318 2808 3392 Dyrrhachiensis
2849 3316 3180 3372 conﬁrmatae
3228 3326 3363 3384 que-

1780 3418 1930 3482 relis,
1963 3417 2261 3473 insiderent
2292 3416 2343 3470 in
2374 3412 2601 3483 Augusti
2637 3411 2820 3466 animo
2849 3408 3031 3471 altius,
3061 3406 3279 3461 tandem
3312 3404 3360 3459 is

1780 3522 1990 3565 mutato
2046 3518 2266 3579 repente
2326 3506 2557 3562 consilio
2618 3502 2891 3560 retinendi
2946 3501 3151 3557 diutius
3184 3499 3238 3553 in
3274 3497 3363 3551 illa

1779 3602 1946 3657 maris
1976 3602 2299 3670 praefectura
2340 3595 2789 3665 Contostephani,
2835 3593 3158 3650 accersitum
3203 3604 3363 3660 quem

1780 3696 1940 3752 modo
1972 3694 2394 3750 memoravimus
2428 3690 2591 3762 397
2621 3689 2925 3743 Marianum
2958 3682 3363 3738 Maurocatalo-

1778 3805 1902 3845 nem
1935 3788 2129 3843 ducem
2161 3785 2350 3841 classis
2378 3793 2551 3845 creat,
2607 3779 2841 3836 Petrulze
2871 3778 3110 3833 visendae
3144 3774 3365 3845 negotio

1778 3881 1933 3937 alteri
1962 3880 2235 3934 mandato.
2270 3875 2546 3929 Mari-anus
2585 3874 2636 3927 in
2690 3868 3021 3942 provinciam
3047 3867 3157 3922 cito
3190 3863 3368 3935 profe-

1778 3986 1899 4031 Ctus
1929 3986 2151 4042 operam
2185 3970 2423 4024 navavit.
2470 3965 2685 4043 Etenim
2717 3961 3082 4033 deprehensas
3109 3959 3163 4013 in
3201 3971 3364 4012 cursu

1778 4067 2040 4140 piraticas
2064 4064 2454 4133 onerariasque
2499 4060 2735 4117 Gallicas
2784 4063 3125 4112 comeatuum
3160 4048 3364 4122 ingenti

1777 4163 1829 4218 vi
1861 4161 2089 4217 refertas
2118 4158 2495 4229 cepitomnes,
2534 4152 2773 4223 vigilque
2821 4149 3017 4205 deinde
3066 4162 3131 4202 ac
3182 4153 3364 4200 certus

1777 4266 1961 4310 custos
1983 4252 2167 4307 Italico
2196 4251 2334 4306 freto
2360 4249 2625 4305 incubans
2647 4257 2808 4300 omne
2837 4243 3023 4311 utique
3047 4238 3361 4294 Italicarum

1778 4347 1996 4401 navium
2028 4361 2058 4400 a
2090 4341 2616 4416 Dyrrhacbiensibus
2663 4334 2951 4393 Baimundi
2982 4332 3178 4390 castris
3206 4330 3367 4402 plane

1777 4440 2033 4509 deinceps
2060 4436 2446 4493 commercium
2478 4432 2717 4503 abrupit.

1861 4532 2033 4587 Porro
2074 4530 2374 4600 imperator
2426 4526 2645 4581 interim
2700 4522 2923 4579 Deaboli
2981 4521 3270 4577 eonsidens
3310 4518 3365 4575 in

1783 4625 2027 4696 proxima
2064 4622 2261 4676 vicinia
2296 4620 2661 4676 claustrorum
2697 4619 2814 4674 sive
2844 4615 3191 4677 clisurarum,
3225 4623 3365 4681 quas

1784 4718 1977 4783 tinnis,
2022 4715 2098 4770 uti
2131 4714 2389 4779 diximus,
2419 4711 2693 4783 praesidiis
2740 4709 3030 4774 munierat,
3082 4704 3360 4773 haudqua-

1780 4825 1941 4877 quam
1973 4808 2086 4878 ipse
2124 4804 2351 4861 vacabat
2384 4818 2549 4874 opere
2573 4842 2589 4869 ,
2620 4802 2714 4858 sed
2746 4801 3099 4871 praecipuum,
3137 4796 3183 4852 si
3213 4803 3363 4849 recte

1780 4903 1904 4971 quis
1942 4901 2196 4963 aestimet,
2228 4898 2295 4953 ad
2345 4898 2471 4953 belli
2532 4909 2799 4950 summam
2851 4900 3181 4947 momentum
3231 4886 3365 4940 aﬂ‘e-

1782 4994 1959 5049 rebat.
1996 4991 2364 5058 Praeterquam
2409 4990 2551 5043 enim
2606 4989 2751 5056 quod
2808 4984 3135 5053 impediebat
3175 4980 3364 5048 utique

1780 5087 1975 5142 castris
2009 5100 2075 5139 eo
2110 5086 2228 5139 loco
2254 5082 2445 5153 positis
2476 5097 2543 5135 ne
2574 5080 2712 5134 ullus
2743 5094 2807 5133 ex
2844 5076 3073 5132 infensis
3107 5074 3209 5129 sibi
3240 5073 3365 5141 plu-

1776 5180 1930 5233 rimis
1964 5188 2018 5233 et
2046 5178 2377 5233 rebelliones
2416 5172 2855 5245 parturientibus
2905 5169 3247 5242 transfugere
3291 5168 3361 5223 ad

1775 5271 2163 5335 Baimundum,
2196 5284 2320 5324 cum
2364 5283 2536 5337 eoque
2582 5268 2722 5320 vires
2770 5280 2836 5321 ac
2885 5264 3110 5319 consilia
3176 5273 3365 5334 posset

1773 5365 2033 5436 iungere:
2062 5364 2301 5419 subsidia
2328 5364 2492 5418 etiam
2518 5360 3004 5431 supplementaque
3024 5359 3361 5415 creberrima

1778 5458 2082 5513 recentium
2113 5457 2334 5511 assidue
2373 5454 2602 5508 militum
2649 5455 2701 5508 in
2737 5455 2905 5508 horas
2948 5469 3085 5524 pene
3120 5455 3363 5524 singulas

1776 5553 2101 5624 suggerebat
2160 5551 2277 5606 suis
2326 5549 2553 5604 clisuras
2599 5547 2993 5615 obtinentibus,
3038 5550 3233 5619 quibus
3286 5549 3363 5603 llli

1779 5646 1922 5700 aucti
1959 5645 2096 5698 ultra
2132 5644 2430 5698 custodiam
2464 5642 2879 5697 commissarum
2931 5642 3163 5710 arcium,
3200 5643 3362 5697 etiam

1790 5735 1857 5788 ad
1893 5734 2235 5788 lacessendos
2271 5734 2457 5789 hostes
2483 5733 2816 5803 quotidianis
2866 5732 3172 5787 incursibus
3200 5747 3334 5802 para
3354 5760 3369 5775 -

1786 5835 1895 5881 tam
1943 5834 1997 5879 et
2026 5825 2261 5881 alacrem
2317 5825 2715 5881 multitudinem
2770 5824 3063 5879 habebant.
3118 5823 3366 5878 Addebat

1798 5935 1916 5978 cam
1954 5920 2126 5989 ipsam
2159 5920 2222 5975 ad
2269 5934 2380 5976 rem
2429 5929 2697 5991 praecepta
2740 5920 3038 5989 imperator
3084 5918 3365 5988 salutaria,

116 5724 307 5781 ὄπισθεν
370 5733 777 5813 παρασυρῆναι,
835 5732 1099 5803 δέχωνται
1154 5733 1397 5798 τούτους.
1458 5736 1571 5805 ἅμα
1622 5735 1679 5788 δὲ

121 5820 198 5870 καὶ
227 5824 315 5874 τὸν
367 5825 447 5887 είς
505 5829 694 5895 χεῖρας
741 5825 946 5880 τούτων
1010 5826 1139 5889 ἴσως
1192 5826 1414 5880 ἐλθόντα
1467 5827 1671 5879 Κελτον

121 5913 399 5988 πλήττοιεν.
440 5920 799 5994 Ἐπεχορήγει
845 5922 899 5976 δὲ
954 5922 1146 5995 δαψιλῆ
1197 5925 1404 5987 τούτοις
1460 5916 1527 5976 τὰ
1559 5923 1686 5995 βέλη
