3900 6570
204 401 294 466 935
1355 402 1772 467 ALEXIADIS
1802 409 1947 470 LIB.
1984 413 2160 473 XIII.

3289 420 3396 484 986

206 520 334 583 longo
361 526 448 566 usu
474 517 733 580 comperta
767 508 1060 579 imperator
1084 511 1334 570 obtinens
1391 519 1574 571 animo
1637 519 1783 574 illam
1823 524 1937 578 suis
1967 538 2128 590 quam
2167 525 2450 579 reterimus
2477 525 2779 596 imperabat
2809 527 2862 583 in
2893 527 3076 586 Gallos
3117 531 3390 601 pugnandi

204 614 448 671 rationem,
473 616 526 658 ut
555 605 704 674 cquis
727 607 910 676 jaculo
935 609 1161 678 llgendis
1189 609 1334 664 viros
1366 613 1715 680 omitterent;
1758 617 1957 686 quippe
1992 616 2151 672 facile
2185 627 2238 672 et
2270 618 2491 674 innoxie
2552 621 2845 677 vincendos
2919 638 3182 694 equorum
3223 641 3382 681 casu.

201 708 420 762 Nimirum
453 716 551 756 non
600 700 739 754 illam
789 700 1064 769 ferociam,
1114 703 1234 758 illos
1305 705 1455 776 ignes
1516 722 1648 775 quos
1686 708 1738 762 in
1793 709 1946 779 equis
2007 709 2097 762 alti
2147 711 2375 780 spirant,
2402 712 2563 766 etiam
2594 715 2808 768 excussi
2863 717 3117 780 retinent,
3167 718 3212 772 si
3290 735 3395 788 qua

203 818 277 857 eos
314 798 387 851 vis
429 794 692 848 amiserit.
729 791 925 850 Gallus
969 811 1111 866 equo
1163 811 1426 864 generoso
1482 809 1722 854 armatus
1761 800 2002 855 insidens
2028 802 2274 856 flammea
2306 802 2590 858 velocitate
2663 804 2954 861 fulmineus
2999 807 3078 860 vel
3151 808 3389 882 Babylo-
3469 792 3474 794 ⁷

153 888 161 896 ’
200 901 296 953 nios
321 907 487 946 muros
517 888 840 953 transvolet;
888 889 1036 944 humi
1071 891 1374 960 depositus,
1410 895 1712 963 quibusque
1752 896 1926 950 obviis
1958 897 2112 950 Indus
2142 905 2246 951 est.

2325 895 2448 952 "me
2507 899 2667 970 igitur
2719 899 2771 952 in
2811 901 2956 953 hunc
3033 903 3247 955 modum
3295 918 3388 956 sa-

198 992 374 1060 pienter
408 986 673 1048 Augustus
700 998 764 1035 ex
797 999 861 1037 eo
898 984 1017 1038 loco
1077 986 1434 1055 gubernabat.
1507 987 1616 1042 Cur
1663 1004 1768 1044 non
1810 992 2127 1058 procederet
2161 991 2386 1044 ulterius
2414 1001 2467 1044 et
2516 991 2766 1045 claustris
2823 992 3092 1060 superatis
3116 993 3394 1046 cautiones

198 1085 424 1153 ipsarum
452 1076 614 1129 Gallis
657 1090 904 1144 pugnans
961 1077 1059 1130 has
1108 1089 1394 1146 usurparet
1427 1094 1564 1146 quas
1607 1080 1853 1134 tradebat
1923 1079 2071 1141 aliis.
2136 1095 2297 1134 causa
2369 1080 2483 1134 bare
2531 1081 2630 1134 fuit
2685 1098 2844 1152 quam
2893 1099 2956 1136 ex
3010 1084 3124 1152 ipso
3201 1083 3391 1136 audire

198 1176 379 1231 memini
426 1189 539 1224 cum
590 1172 808 1233 diceret,
863 1187 1112 1238 perversa
1163 1171 1387 1225 consilia
1434 1173 1540 1226 sibi
1587 1184 1710 1226 nota
1752 1171 1888 1226 male
1916 1172 2286 1226 feriatorume
2324 1188 2420 1227 suo
2486 1175 2653 1241 ipsius
2721 1175 2976 1228 comitatu
3024 1191 3127 1228 non
3180 1189 3380 1243 pauco-

197 1288 289 1326 rum
323 1282 526 1332 aversos
562 1282 588 1316 a
617 1282 674 1321 se
706 1267 914 1320 animos
959 1267 1292 1330 habentium,
1348 1267 1590 1320 effecisse
1639 1277 1696 1322 ut
1735 1267 2042 1322 consultum
2074 1269 2383 1337 neutiquam
2416 1274 2645 1336 putaret,
2678 1268 2727 1320 id
2793 1269 2934 1336 quod
3001 1267 3198 1337 alioqui
3261 1282 3392 1320 ave-

196 1368 262 1418 bat
289 1363 449 1420 unice,
480 1359 720 1413 transitis
759 1359 974 1413 clisuris
1001 1376 1150 1426 reque
1177 1359 1343 1414 Marte
1413 1362 1536 1414 tutis
1604 1361 1774 1428 copiis
1813 1377 1934 1415 cum
1961 1360 2258 1416 Baimundo
2284 1361 2518 1431 experiri
2551 1361 2818 1414 fortunam
2850 1359 3039 1430 prmlii.
3073 1361 3136 1413 Et
3176 1370 3389 1414 astrue-

194 1474 256 1520 re,
292 1454 338 1507 ni
391 1452 558 1517 fallor,
609 1453 732 1506 huic
787 1454 904 1521 ejus
933 1453 1078 1506 dicto
1134 1453 1288 1506 fidem
1342 1464 1559 1522 possent
1594 1468 1713 1520 quae
1751 1455 2002 1523 superius
2051 1455 2182 1508 locis
2245 1455 2411 1507 variis
2477 1455 2541 1506 de
2595 1453 2787 1507 bellica
2841 1453 3010 1520 ipsius
3063 1451 3260 1515 indole,
3318 1452 3386 1505 de

192 1553 351 1603 ardore
378 1561 480 1600 rem
513 1547 746 1616 gerentis
777 1546 826 1598 in
858 1545 995 1608 acie,
1025 1548 1089 1598 de
1125 1547 1422 1600 constantia
1464 1547 1860 1616 praesentiaque
1896 1546 2111 1610 mentis,
2142 1561 2206 1600 ac
2236 1546 2414 1616 vigilia
2479 1545 2714 1611 consilii,

2793 1547 2844 1598 in
2913 1555 3108 1598 eventu
3178 1545 3390 1612 perit-n-

192 1645 285 1698 lure
318 1643 511 1709 quovis,
563 1649 980 1694 commemorata
1022 1653 1145 1696 sunt
1195 1658 1223 1696 a
1278 1643 1451 1698 nobis.
1485 1641 1708 1709 Verum,
1749 1653 1806 1698 ut
1833 1658 1975 1712 saepe
2001 1643 2201 1698 dictum
2237 1652 2342 1706 est,
2371 1643 2472 1697 hoc
2507 1642 2557 1697 in
2597 1656 2702 1710 quo
2767 1639 3035 1694 narrando
3103 1654 3400 1693 versamur"

191 1748 389 1801 tempore
417 1732 724 1801 gestiente-tn
761 1731 812 1782 in
851 1732 1138 1784 discrimen
1204 1747 1391 1800 pugnze
1461 1733 1774 1790 decretoriis:
1810 1735 2038 1803 Augusti
2085 1733 2454 1786 fortitudinem
2513 1733 2754 1800 ejusdem
2799 1731 3062 1801 sapientia
3092 1732 3382 1793 continuit,

191 1825 470 1894 t‘ugitatione
526 1838 586 1874 ac
646 1823 976 1876 conscientia
1033 1825 1268 1890 suspecti
1323 1825 1565 1892 maleque
1619 1826 1704 1878 fidi
1746 1826 2078 1878 comitatus:
2120 1839 2237 1892 quae
2263 1840 2368 1887 res,
2401 1823 2560 1893 lOnge
2619 1824 2794 1877 minus
2861 1833 3005 1876 metu
3041 1822 3381 1887 insidiarum,

192 1931 320 1985 quant
375 1913 546 1966 dolore
605 1912 674 1964 ob
732 1923 969 1979 ereptum
1023 1913 1358 1966 occasionem
1427 1916 1714 1983 probanda:
1755 1916 1987 1979 virtutis,
2017 1915 2374 1968 discruciabal
2403 1914 2519 1980 ejus
2546 1915 2802 1968 animum.

243 2001 721 2072 Στενοχωρούμενος
743 1997 835 2053 οὖν
855 2003 883 2054 ο
909 2001 1236 2070 Βιῐςωῦντος
1266 2004 1372 2056 ἀπό
1395 2021 1451 2056 τε
1489 2005 1722 2074 ἠπείρου
1751 2007 1804 2066 Α

189 2097 264 2151 καὶ
295 2094 589 2162 θαλάττης*
650 2093 744 2143 καί
803 2094 912 2159 γὰρ
966 2093 993 2144 ὁ
1037 2092 1134 2161 μὲν
1193 2093 1550 2164 αὐτοκράτωρ
1604 2092 1718 2147 οἷον

189 2188 351 2256 θεατὴς
383 2186 486 2237 τῶν
518 2185 662 2236 κατᾶ
691 2184 789 2253 τὴν
825 2184 1048 2237 πεδιάδα
1076 2187 1169 2238 τοῦ
1215 2186 1514 2256 Ἰλλυρικοῦ
1548 2204 1724 2258 πρατ-

189 2282 390 2348 τομένων
443 2278 705 2347 καθῆστο,
756 2279 860 2329 κᾶν
894 2278 991 2348 ὅλῃ
1027 2277 1172 2346 ψυχῇ
1206 2279 1302 2331 καὶ
1352 2279 1544 2350 γνώμῃ
1579 2297 1721 2349 συμ-

192 2375 336 2439 παρῆν
379 2372 483 2432 τοῖς
525 2369 894 2439 μαχομένοις,
957 2372 1048 2421 καὶ
1097 2372 1204 2423 τῶν
1252 2370 1435 2422 αὐτῶν
1491 2370 1720 2433 ἐκείνοις

191 2462 389 2533 ἱδρώτων
419 2463 507 2512 καὶ
557 2462 738 2512 πότων
789 2463 1040 2528 μετεῖχεν
1082 2462 1129 2511 εἰ
1165 2463 1237 2528 μή
1280 2478 1382 2512 που
1427 2463 1520 2514 καὶ
1552 2461 1722 2515 πλείω

190 2573 252 2615 τις
281 2554 396 2622 φαίη
422 2591 436 2616 ,
466 2552 732 2620 ἐρεθίζων
783 2551 919 2621 πρὸς
957 2553 1132 2621 μάχας
1160 2553 1253 2605 καὶ
1294 2553 1562 2620 πολέμους
1595 2554 1722 2616 τοὺς

191 2650 303 2700 xm‘t
327 2647 414 2707 τὰς
439 2645 776 2715 ἀκρολοφίας
800 2644 910 2696 τῶν
943 2646 1277 2714 κλεισουρῶν
1316 2647 1719 2709 κατατεθέντας

187 2736 436 2804 ἡγεμόνας,
463 2737 550 2786 καὶ
582 2733 978 2803 ὑποτιθέμενος
1001 2735 1139 2805 ὅπερ
1159 2736 1201 2764 ’⁵⁸
1223 2737 1328 2805 χρή
1353 2736 1721 2806 προσϐάλλειν

185 2831 272 2890 τοῖς
313 2826 541 2887 Κελτοῖς.
594 2826 654 2878 '0
689 2825 744 2877 δέ
795 2841 859 2888 γε
917 2826 1198 2895 Μαριανος
1247 2827 1343 2879 τοῦ
1403 2829 1718 2896 ἁναμεταξὺ

189 2917 544 2986 Λογγισαρδξας
593 2917 689 2968 καὶ
741 2916 1040 2986 Ἰλλυρικοῦ
1094 2918 1342 2988 πορθμοῦ
1391 2919 1492 2980 τὰς
1529 2921 1720 2973 κελεύ-

188 3011 283 3071 θους
307 3011 570 3077 ἐπιτηρῶν
601 3010 834 3076 ἀπεῖργε
864 3011 1178 3064 παντάπασι
1205 3011 1330 3074 τοὺς
1350 3013 1561 3065 ἐκεῖθεν
1586 3013 1722 3083 πρὸς

185 3105 256 3155 τὶν
287 3104 563 3171 Ἰλλυρικὸν
633 3103 1046 3173 διαπερῶντας,
1100 3105 1160 3156 οὐ
1197 3105 1545 3174 τριάρμενον,
1600 3105 1721 3158 οὐδὲ

190 3193 478 3263 μυριοφόρον
534 3193 760 3255 ὁλκάδα,
798 3193 918 3244 οὐδὲ
974 3192 1312 3261 μυοπάρωνα
1361 3191 1600 3244 δίκωπον
1661 3193 1720 3245 τὸ

187 3288 410 3352 παράπαν
447 3284 746 3354 ξυγχωριῖω
783 3285 916 3353 πρὸς
944 3283 1034 3336 τὸν
1065 3281 1401 3352 Βαῖμοῦντον
1428 3284 1719 3356 διαπερᾷ-ι.

187 3377 272 3427 Καὶ
321 3376 489 3427 αὐτῶν
547 3376 686 3443 γοῦν
735 3375 842 3426 τῶν
893 3374 981 3427 διὰ
1011 3373 1282 3442 θαλάττης
1348 3373 1721 3443 κομιζομένων

184 3467 428 3534 τροφίμων
479 3466 848 3520 ἐκλειπόντων
908 3466 1092 3534 αὐτῷ,
1131 3465 1223 3517 καὶ
1252 3465 1361 3519 τῶν
1411 3465 1500 3518 διὰ
1547 3467 1718 3536 ξηρᾶς

185 3559 536 3627 ἐπιτιθεμένων
608 3561 705 3611 σὺν
756 3557 1024 3629 ἐμπειρίᾳ.
1102 3557 1273 3628 πολλῇ
1335 3559 1424 3611 τον
1485 3560 1721 3621 πόλεμον

185 3652 304 3719 ἑώρα
330 3651 711 3720 προϐαίνοντα.
750 3650 1019 3717 ὐπηνίκα
1049 3649 1156 3720 γὰρ
1188 3649 1282 3702 τοῦ
1314 3650 1559 3720 χάρακος
1589 3669 1720 3722 χορ-

184 3743 424 3809 ταγωγῐας
456 3745 622 3813 χάριν
673 3741 819 3812 ἐξῄει
858 3760 940 3805 τις
975 3742 1007 3812 ἣ
1053 3743 1146 3796 και
1184 3760 1347 3796 τινων
1375 3747 1720 3816 ωγκομιδῶν

184 3835 350 3901 ἄλλων,
399 3838 431 3907 ἥ
495 3840 594 3889 καὶ
647 3838 770 3898 τοὺς
823 3837 1026 3899 ἵππους
1067 3838 1146 3901 εἰς
1205 3838 1724 3910 ποτὸιίὲξήλαυνον,

184 3928 458 3982 ἐπετίθεντο
511 3928 729 3991 τούτοις
780 3931 830 3981 οἱ
888 3929 1150 3998 Ῥωμαῖοι
1190 3931 1441 3994 καὶτοὺς
1473 3933 1728 3996 πλείονας

185 4018 533 4086 ὰιιῄρουν,ιώς
602 4019 743 4071 κατὰ
807 4021 999 4090 μικρὸν
1053 4021 1112 4073 τὸ
1169 4021 1336 4075 αὑτοῦ
1385 4023 1727 4077 δαπανᾶσθαι

184 4111 489 4180 στράτευμα·
525 4111 860 4174 ἀποστείλας
915 4116 1052 4181 πρὸς
1086 4113 1175 4166 τὸν
1219 4112 1386 4166 δοῦκα
1419 4117 1726 4186 Δυρραχίου

191 4202 398 4268 Ἃλέξιον
424 4206 491 4257 τὰ
527 4204 665 4274 περὶ
699 4205 924 4274 εἰρήνης
949 4205 1060 4272 (80)
1092 4207 1367 4275 ἐπερωτᾷ.

1897 2004 2118 2059 Interim
2181 2019 2310 2059 vero
2365 2005 2528 2058 miras
2587 2004 2638 2057 in
2701 2004 2978 2072 angustias
3043 2004 3395 2059 armabantur

1827 2095 2112 2150 Baimundi
2155 2111 2240 2149 res
2278 2097 2409 2150 :cui
2456 2111 2627 2164 neque
2677 2111 2704 2147 a
2761 2087 2895 2149 mari
2947 2110 3118 2164 neque
3173 2111 3201 2148 a
3253 2106 3394 2149 terra

1823 2191 2117 2258 quidquam
2148 2189 2259 2256 jam
2299 2188 2507 2253 auxilii,
2538 2204 2597 2241 ac
2628 2203 2698 2242 ne
2729 2187 2910 2257 eil‘ugii
2941 2188 3158 2257 quidem
3198 2189 3393 2242 factum

1825 2291 1946 2333 erat
1980 2278 2436 2348 reliqutnn._llinc
2485 2281 2780 2348 imperator
2810 2281 3015 2345 aderat,
3063 2279 3259 2333 sedens
3309 2279 3397 2332 ille

1821 2373 2037 2440 quidem
2071 2372 2225 2439 quasi
2263 2380 2543 2439 spectator
2575 2371 2626 2424 in
2655 2371 2832 2424 media
2883 2370 3077 2442 Illyrici
3136 2372 3397 2439 planitiej;

1822 2466 1915 2517 sed
1952 2463 2004 2516 in
2034 2477 2253 2516 suorum
2289 2465 2523 2532 undique
2553 2478 2650 2532 per
2677 2464 2967 2516 circuitum
3015 2478 3078 2516 ex
3124 2463 3252 2517 tutis
3308 2477 3399 2515 ar-

1821 2553 1972 2608 cibus
1994 2554 2208 2608 assidue
2240 2553 2424 2608 Gallos
2455 2553 2850 2607 iucursantium
2899 2553 3097 2608 animis
3143 2563 3197 2607 et
3234 2567 3400 2605 cona-

1825 2646 1989 2706 tibus,
2019 2645 2364 2698 auctoritatis
2399 2645 2447 2697 vi
2482 2645 2712 2714 quadatn
2747 2644 2852 2697 late
2909 2643 3047 2706 fusa,
3085 2645 3298 2698 cunctis
3330 2659 3398 2698 ex

1829 2735 2072 2804 partibus
2111 2750 2225 2790 rem
2262 2750 2402 2789 unus
2442 2749 2655 2805 gerens.
2702 2735 2854 2788 Adeo
2894 2748 3168 2802 nunquam
3212 2735 3401 2788 remit-

1827 2836 1943 2880 tens
1973 2825 2270 2890 contentio,
2301 2840 2577 2895 nunquam
2616 2827 2920 2879 connivens
2953 2824 3130 2895 vigilia
3164 2825 3399 2892 impera-

1825 2922 1977 2975 torize
2033 2920 2410 2991 providentiae,
2460 2920 2514 2974 in
2558 2917 2858 2979 mittendis,
2915 2915 3253 2981 revocandis,
3307 2915 3402 2968 ad-

1822 3015 2105 3070 hortandis
2131 3055 2146 3079 ,
2200 3012 2554 3070 admonendis
2591 3011 2873 3073 ducibus,
2935 3007 3194 3063 militibus
3219 3047 3233 3072 ,
3301 3007 3394 3077 qui

1823 3109 2053 3163 vertices
2081 3110 2368 3173 montium,
2409 3107 2502 3175 qui
2535 3105 2704 3159 valles
2744 3113 3026 3173 angustas,
3073 3101 3166 3170 qui
3201 3110 3399 3156 caetera

1824 3218 1918 3272 per
1947 3201 2236 3256 circuitum
2270 3200 2526 3270 disposita
2558 3197 2806 3268 praesidia
2837 3195 3116 3257 tenebant,
3148 3194 3389 3258 labores,

1826 3298 2071 3361 sudores,
2106 3305 2333 3351 conatus
2365 3291 2698 3365 singulorum
2750 3300 2915 3360 atque
2949 3289 3189 3344 omnium
3229 3287 3401 3354 impe-

1830 3389 2026 3442 ratoris
2081 3388 2328 3457 proprios
2392 3387 2556 3456 ipsius
2600 3383 2894 3438 faciebant.
2951 3379 3129 3433 Nihilo
3179 3376 3402 3445 segnius

1829 3481 2126 3532 curabatur
2165 3479 2435 3531 maritima
2487 3492 2593 3531 res.
2650 3474 2960 3529 Excubabat
2996 3471 3064 3524 ab
3112 3471 3212 3524 hac
3247 3477 3404 3542 parte

1829 3569 2058 3623 Mariani
2090 3571 2242 3623 ducis
2278 3569 2529 3623 acerrimi
2584 3569 2844 3621 adversus
2880 3573 3022 3617 artes
3065 3561 3272 3630 pariter
3314 3573 3407 3611 co-

1827 3674 2090 3731 natusque
2126 3676 2316 3714 omnes
2345 3659 2773 3728 impenetrabilis
2809 3656 3094 3720 custodia;
3127 3654 3198 3706 ita
3221 3660 3406 3719 partes

1827 3753 2098 3821 callesque
2140 3751 2260 3806 freti
2294 3751 2437 3820 quod
2473 3749 2678 3803 Italiam
2708 3758 2760 3802 et
2809 3746 3074 3817 Illyricum
3123 3742 3406 3810 interiacet

1830 3846 2111 3899 universas
2132 3845 2439 3913 obscpiens,
2469 3852 2526 3896 ut
2551 3856 2654 3895 non
2689 3838 2911 3894 tirmiori
2945 3837 3101 3892 trinis
3124 3835 3403 3888 instructa

1832 3938 1966 3993 velis
1993 3938 2115 3991 navi
2143 3936 2383 4002 Gallicm,
2438 3952 2541 3991 non
2595 3934 2883 3996 onerariae,
2933 3946 3036 3986 non
3086 3924 3405 3999 myoparoni

1836 4044 2108 4084 remorum
2138 4030 2298 4082 duum
2333 4029 2584 4097 trajicere
2629 4027 2750 4080 illac
2789 4025 2855 4079 ad
2899 4031 3077 4078 castra
3118 4017 3404 4072 Baimundi

1831 4118 1941 4174 ullo
1972 4119 2132 4172 modo
2168 4117 2378 4174 liceret.
2410 4115 2620 4170 Arctati
2655 4129 2784 4184 ergo
2817 4115 2868 4168 in
2905 4113 3020 4168 dies
3046 4125 3279 4174 annona,
3311 4108 3406 4162 de-

1830 4212 2044 4266 ficiente
2077 4219 2320 4265 comeatu
2348 4209 2638 4272 maritimo,
2671 4223 2700 4260 a
2726 4219 2866 4261 terra
2895 4221 3024 4260 vero
3051 4205 3160 4274 jam
3193 4205 3266 4258 ita
3300 4220 3404 4259 un-
3457 4271 3460 4276 _

185 4296 322 4362 dique
350 4297 623 4352 admoveri
653 4298 984 4368 oppugnatio
1025 4299 1224 4352 dudum
1255 4299 1493 4354 obsessis
1535 4301 1730 4357 castris
1764 4302 2010 4366 Gallicis,
2047 4312 2107 4358 ut
2141 4303 2222 4356 vcl
2263 4301 2532 4356 tantillum
2598 4298 2862 4368 prodiisse
2906 4297 3045 4350 vallo
3111 4283 3402 4366 pabulandi
3453 4297 3474 4304 ‘

183 4405 319 4444 causa
343 4392 560 4463 impune
591 4410 696 4448 non
737 4406 899 4458 esset,
934 4393 1193 4448 Romanis
1217 4404 1324 4448 tam
1407 4397 1628 4452 assidue
1693 4398 2124 4466 imminentibus,
2189 4396 2354 4468 399
2398 4405 2545 4451 tanta
2577 4408 2694 4451 arte
2746 4394 3068 4462 rationeque
3146 4404 3259 4443 rem
3305 4401 3400 4456 ge-

184 4484 414 4548 rentibus,
445 4498 502 4542 ut
535 4498 591 4542 et
615 4503 830 4556 semper
860 4489 956 4555 ipsi
995 4489 1188 4542 subitis
1221 4475 1552 4554 incursibus,
1581 4493 1920 4561 tempestivis
1989 4491 2322 4562 receptibus,
2395 4491 2514 4546 sine
2575 4504 2675 4544 suo
2724 4486 2962 4558 periculo
2999 4493 3282 4549 nocerent;
3349 4489 3406 4534 et

181 4572 322 4632 Gallis
354 4578 550 4632 nullam
586 4579 925 4633 occasionem
972 4579 1285 4633 exercendae
1352 4579 1588 4640 virtutis.
1674 4580 1876 4636 nuliam
1941 4597 2091 4652 sporn
2124 4582 2417 4636 evadendas
2455 4579 2783 4635 calamitatis
2814 4577 3076 4647 reliquam
3143 4573 3404 4628 facerent.

182 4668 263 4730 Qui
284 4669 324 4723 si
349 4669 426 4724 vel
450 4671 514 4724 ad
551 4682 732 4741 potum
759 4687 928 4741 equos
950 4673 1183 4726 educere
1248 4672 1512 4740 auderent
1577 4674 1796 4740 castris,
1837 4674 2109 4731 Romanos
2161 4689 2191 4730 e
2248 4674 2518 4744 prasidiis
2547 4673 2811 4742 proximis
2845 4671 2988 4726 haud
3019 4667 3179 4722 dubie
3223 4665 3406 4720 incur-

182 4769 340 4814 sanies
371 4763 738 4829 patiebantur,
774 4764 1121 4818 creberrimis
1149 4778 1410 4840 equorum
1441 4766 1792 4836 virorumque
1860 4769 2268 4838 captivitatibus
2329 4780 2424 4824 aut
2505 4769 2762 4824 credibus.
2813 4765 2997 4821 Sensit
3075 4760 3404 4817 Baimtmdlls

180 4848 550 4905 ineluctabilem
589 4853 696 4905 vim
727 4855 874 4917 mali,
902 4856 1162 4924 carpique
1213 4857 1415 4911 sensim
1453 4873 1518 4912 ac
1565 4859 1953 4927 colliquescere
1983 4861 2193 4916 iteratis
2256 4862 2309 4916 in
2339 4862 2500 4916 horas
2556 4859 2770 4914 damnis
2827 4856 3130 4910 exercitum
3189 4851 3402 4911 videns,

181 4944 232 4990 ιιι
260 4954 550 4998 extremum
576 4960 642 4999 eo
674 4947 913 5017 confugit
944 4957 1004 5003 ut
1071 4947 1250 5002 missis
1309 4951 1376 5004 ad
1436 4950 1682 5004 Alexium
1728 4953 1915 5006 ducem
1987 4953 2308 5024 Dyrrhachii
2339 4953 2547 5022 legalis,
2584 4951 2914 5004 mentionem
2949 4947 3098 5017 pacis
3143 4946 3290 5015 prior
3321 4943 3407 4997 in-

183 5031 342 5087 ferret.

247 5129 389 5183 Ἐπεὶ
426 5133 483 5185 δὲ
512 5135 604 5186 καὶ
627 5128 707 5198 εἷς
738 5153 822 5197 τις
853 5136 1080 5207 εὐγενὴς
1109 5137 1218 5189 τῶν
1250 5137 1343 5190 τοῦ
1376 5139 1723 5209 Βιῖμούντου

1903 5137 2016 5190 Sub
2069 5137 2118 5188 id
2177 5147 2383 5203 tempus
2434 5131 2732 5189 Gulielmus
2785 5132 3044 5194 Claretas,
3098 5123 3404 5197 pra-nobilis

179 5217 408 5283 κομήτων
436 5221 722 5294 Γελίελμος
754 5226 782 5276 ὁ
819 5225 1100 5297 Κλαρέλης
1147 5227 1260 5297 (81)
1303 5228 1451 5298 ἐώρα
1486 5229 1546 5280 τὸ
1574 5229 1720 5282 ἆπαν

1836 5231 1978 5283 inter
2010 5228 2188 5282 Gallos
2225 5229 2452 5281 comites
2483 5226 2571 5295 qui
2601 5241 2722 5278 cum
2753 5221 3047 5277 Baimundo
3079 5219 3403 5279 militabant,

1219 5338 1414 5400 Varias
1448 5338 1748 5403 lectiones
1781 5358 1858 5402 ex
1897 5340 2035 5401 cod.
2075 5336 2341 5399 Coislin.

235 5429 454 5496 δδόπως.

1223 5552 1360 5611 Car.
1398 5549 1725 5612 Dufresnii
1775 5552 1871 5612 Du
1909 5550 2122 5626 Cangii
2155 5558 2344 5610 notm.

1843 5678 2031 5730 Initum
2081 5677 2375 5731 Buemundi
2413 5675 2474 5725 ad
2505 5673 2751 5727 Alexium
2808 5671 3104 5725 defectione
3155 5669 3406 5721 Albertus

1840 5751 1919 5810 ΛίΙ
1984 5749 2070 5800 lib.
2111 5764 2162 5808 κ,
2197 5762 2317 5814 cap.
2349 5745 2414 5798 45
2435 5756 2484 5797 et
2512 5745 2621 5812 4.5;
2651 5753 2705 5798 et
2737 5742 3024 5814 qrdcricus
3062 5739 3192 5814 loco
3214 5738 3401 5814 citato.

1844 5804 2004 5870 Addit
2061 5804 2314 5871 Albcrtus
2358 5804 2689 5869 Wallelmum
2741 5809 2940 5876 Clarct,
2986 5809 3074 5878 qui
3125 5804 3405 5876 Κλαρὲλας

2539 5954 2562 5966 φ

239 5675 339 5742 (80)
388 5678 463 5730 Τὰ
519 5678 649 5746 περὶ
700 5679 960 5747 εἰρήνης.
1015 5678 1321 5740 Οι·ιῐι›ι·ἰιίις,
1375 5678 1467 5731 lib.
1512 5695 1571 5737 ιι,
1611 5693 1731 5746 pag.

174 5753 288 5811 5:4;
323 5750 382 5801 ΑΙ
424 5761 574 5800 vrtus
609 5751 745 5816 Αιμι,
779 5751 869 5802 lib.
901 5767 950 5805 Χ.
989 5766 1106 5814 cap.
1139 5749 1228 5810 41,
1260 5750 1346 5807 42,
1384 5749 1471 5809 45,
1501 5747 1590 5800 44.

233 5818 337 5886 t3!)
372 5818 697 5888 Ιέλίελμος
730 5821 761 5873 ὁ
794 5823 938 5887 fila;
957 5818 1120 5896 έζιας.
1182 5822 1358 5886 Agunt
1414 5819 1476 5870 de
1515 5820 1613 5872 hac
1641 5832 1731 5870 co-
