3900 6586
532 418 640 484 995

529 538 647 593 fore
673 543 728 589 ut
767 528 1166 602 perhonorilice
1219 525 1334 595 ipse
1359 521 1704 592 exciperetur
1755 520 1825 575 ab
1877 521 2114 590 impera~

531 642 682 694 tore;
713 642 776 681 ac
828 625 872 679 si
936 623 982 676 is
1029 636 1088 675 se
1119 617 1304 673 audito
1354 613 1646 683 postulatis
1699 627 1941 666 anuuerc
1995 611 2114 666 suis

531 727 828 780 recusaret,
869 715 1098 769 liberum
1122 719 1173 766 et
1208 717 1380 762 tutum
1415 707 1469 760 in
1501 721 1596 759 sua
1647 705 1753 758 sibi
1790 713 1970 758 castra
2027 718 2114 758 re-

535 825 746 866 cessum
774 809 948 860 daret.
987 804 1042 856 In
1075 804 1125 856 id
1167 799 1550 870 jusjurandum
1610 811 1639 849 a
1693 796 1885 866 legatis
1935 796 2116 849 datum

531 901 758 972 prolatis
804 897 858 951 in
893 897 1129 950 medium
1173 892 1382 948 sanctis
1439 888 1768 958 Evangeliis.
1818 887 1952 952 Quia
1987 902 2117 942 vero

532 991 869 1046 Baimundus
893 987 1112 1042 obsides
1144 984 1259 1040 dari
1308 981 1535 1050 jubebat
1574 981 1625 1035 in
1685 995 1877 1034 manus
1931 977 2120 1033 fratris

533 1084 616 1138 sui
647 1081 790 1145 Gidi,
830 1078 1200 1147 custodirique
1221 1079 1289 1130 ab
1321 1077 1436 1142 ipso
1470 1088 1640 1143 usque
1676 1072 1741 1126 ad
1790 1088 1946 1128 suum
1982 1071 2120 1125 redi-

537 1185 670 1238 tutn,
702 1173 1080 1241 jusjurandum
1117 1171 1180 1223 de
1211 1167 1591 1222 incolumitate
1645 1166 1884 1236 ipsorum
1921 1183 1949 1216 a
2002 1163 2124 1215 Bai-

535 1266 740 1320 mundo
801 1263 1041 1317 vicissim
1097 1260 1324 1330 petitum
1358 1267 1442 1313 est
1473 1268 1525 1312 et
1571 1257 1638 1311 ab
1687 1271 1754 1311 eo
1814 1256 1933 1311 sine
1973 1269 2123 1309 mora

535 1356 862 1428 prmstitum.
909 1353 1026 1420 Quo
1088 1351 1386 1406 cavebatur
1438 1359 1495 1401 ut
1551 1348 1802 1404 sebastus
1857 1347 2122 1414 Marinus,

535 1448 879 1511 Adralestus,
914 1457 969 1500 et
1009 1444 1252 1498 Francus
1287 1442 1573 1511 Rogerius.
1627 1441 1766 1496 Gido
1817 1441 1869 1493 in
1933 1440 2127 1510 pignus

536 1534 1011 1592 ﬁdeiusservandi
1073 1533 1281 1595 traditi,
1339 1530 1521 1585 statim
1572 1539 1733 1599 atque
1793 1527 2125 1582 Baimundus

538 1643 567 1681 a
621 1625 890 1696 colloquio
951 1622 1322 1693 imperatoris,
1380 1635 1475 1674 seu
1541 1619 1708 1684 facta,
1776 1635 1873 1676 seu
1926 1619 2125 1676 infecta

540 1733 672 1788 pace
732 1716 1001 1774 rediisset,
1063 1713 1212 1766 illzesi
1248 1727 1311 1765 ac
1361 1711 1536 1765 securi
1601 1712 2010 1765 remitterentur
2056 1709 2122 1764 ad

540 1802 1236 1874 imperatorem.Caeterum
1287 1809 1578 1868 antequam
1634 1800 1740 1854 iter
1795 1799 2123 1853 Baimundus

1836 405 2060 466 ANNrE
2101 405 2486 467 COMNENE

3619 411 3692 474 996

2151 530 2191 579 A
2223 527 2491 594 Μαρῖνον,
2523 539 2617 575 και
2648 521 2739 576 τὸν
2780 519 3118 590 καλούμενον
3159 518 3496 588 Ἀδράλεστον,
3531 527 3606 579 καὶ
3629 531 3690 583 τὴν

2218 620 2472 688 Φράγγον
2522 616 2812 686 Ῥογέρην.
2865 612 3202 685 παραδίδωσι
3246 616 3320 681 τῷ
3356 614 3546 687 ἀδελφῷ
3573 622 3693 676 αὐτοῦ

2217 711 2381 778 Γίδῳ,
2423 709 2491 761 ἶν’
2518 709 2758 778 ὁπηνίκα
2791 706 2823 776 ἦ
2873 710 3010 774 μετὰ
3051 705 3148 758 τοῦ
3207 705 3450 775 βασιλέως
3478 713 3692 778 εἰρηνικὰς

2222 803 2455 865 σπονδὰς
2488 802 2792 871 ποιήσειεν,
2832 800 2864 870 ἧ
2893 803 2939 853 εί
2965 799 3039 870 μὴ
3064 799 3241 860 τοῦτο.
3275 800 3503 864 ἀϐλαϐεῖς
3541 806 3697 858 ἐκεῖθεν

2221 894 2362 946 κατὰ
2391 895 2519 955 τοὺς
2548 894 2744 962 ὅρκους
2768 892 2969 955 αὐτοὺς
3001 891 3139 961 πρὸς
3168 890 3259 943 τὸν
3288 892 3610 963 αὐτοκράτορα
3636 899 3697 963 ἐξ-

2222 986 2543 1058 αποστείλῃ.
2585 985 2814 1040 Μέλλων
2866 985 3050 1037 τοίνυν
3092 985 3192 1052 τῆς
3240 985 3369 1053 πρὸς
3415 985 3494 1037 τὸν
3537 986 3700 1054 βασιλέα

2226 1081 2364 1152 μετὰ
2393 1080 2488 1133 τοῦ
2523 1078 2876 1150 Εὐφορϐηνοῦ
2913 1076 3322 1132 Κωνσταντίνου
3380 1077 3463 1130 τοῦ
3508 1082 3699 1136 Καταλιπ-

2221 1174 2330 1228 λῶν
2359 1175 2634 1244 φερούσης
2666 1170 2931 1242 ἅψασθαι,
2964 1172 3084 1223 ἐπεὶ
3111 1169 3344 1223 δυσωδία
3371 1172 3520 1240 πολλὴ
3567 1174 3631 1226 διὰ
3664 1178 3702 1229 τὸ

2227 1269 2354 1339 περὶ
2386 1269 2477 1321 τὸν
2516 1267 2681 1321 αὐτὸν
2723 1267 2909 1331 τόπον,
2944 1265 3136 1334 καιρὸν
3175 1263 3352 1316 ἱκανὸν
3379 1263 3432 1314 τὸ
3481 1264 3554 1316 ὐπ’
3587 1270 3701 1319 uitis:

2230 1362 2552 1430 στράτευμα
2583 1357 3012 1431 χρονοτριϐῆσαι
3043 1357 3288 1424 γέγονεν,
3321 1354 3600 1426 βουλόμενος
3642 1379 3703 1426 με.

2225 1455 2470 1509 ταθεϊναι
2500 1455 2560 1506 τδ
2597 1453 2934 1520 στράτευμα,
2973 1451 3108 1520 μηδὲ
3140 1449 3298 1501 τοῦτο
3325 1451 3446 1503 ἄνευ
3479 1449 3559 1518 τῆς
3579 1453 3701 1504 αὐτῶν

2227 1548 2273 1579 ⁵³
2301 1546 2500 1616 βουλῆς
2540 1543 2744 1598 ἐθέλειν
2775 1541 3032 1610 γενέσθαι
3069 1539 3278 1607 ἔλεγεν.
3309 1537 3538 1592 Τοιοῦτον
3572 1541 3706 1610 xire-.5

2229 1639 2497 1693 Κελτικὸν
2547 1636 2704 1706 γένος
2734 1634 3026 1706 ἀνώμαλον
3067 1635 3162 1687 καὶ
3185 1631 3268 1700 ἐφ’
3302 1632 3514 1700 ἑκάτερα
3543 1634 3586 1683 ἐν
3605 1633 3706 1704 ὀξείᾳ

2230 1733 2424 1804 καιροῦ
2452 1734 2590 1804 ῥοπῇ
2616 1730 3058 1801 μεταφερόμενον
3078 1745 3094 1761 ο
3121 1727 3215 1780 καὶ
3239 1725 3380 1778 ἔστιν
3412 1725 3522 1778 ἰδεῖν
3558 1726 3625 1778 τὶν
3645 1729 3707 1778 αὐ.

2230 1827 2319 1881 τὸν
2363 1826 2454 1878 καὶ
2482 1823 2575 1876 ἕνα
2619 1821 2750 1875 ποτὲ
2794 1817 2892 1892 μεν
2937 1819 3211 1892 αὐχοῦντα
3254 1817 3347 1887 τὴν
3377 1817 3470 1886 γῆν
3505 1816 3708 1884 κλονήπιν

449 1967 452 1970 Ι
541 1871 960 1965 rid-Augustum
1012 1909 1115 1946 una
1168 1909 1291 1946 cum
1352 1892 1714 1959 Euphorbeno
1763 1890 2122 1946 Constantino

2239 1871 2314 1881 "'
2364 1871 2454 1878 ""'
2486 1871 2575 1876 ”“”“
2645 1871 2746 1875 “’⁷“
2794 1871 2882 1892 Γ“’
2981 1871 3127 1892 'h"’
3188 1871 3191 1872 '
3307 1871 3317 1887 I
3389 1871 3441 1886 Ιι
3622 1871 3629 1884 t

2231 1920 2466 1982 ἃπασαν,
2497 1923 2629 1973 ποτὲ
2648 1915 2705 1970 δὲ
2732 1915 3162 1973 ὑποπεπτωκότα
3185 1914 3280 1966 καὶ
3323 1911 3468 1981 μέχρι
3487 1912 3630 1973 κονῖας
3651 1914 3712 1964 αὐ-

539 1989 860 2044 Catacalone
909 1995 1244 2053 capesseret,
1302 2000 1426 2037 cum
1482 1984 1853 2038 necessarium
1911 1989 2124 2052 putaret

540 2079 736 2134 mutari
775 2093 963 2130 auram
1013 2077 1233 2140 castris,
1267 2077 1522 2129 diuturna
1581 2075 1633 2129 in
1692 2074 1811 2128 loco
1846 2088 1954 2127 uno
1988 2088 2123 2129 con-

540 2170 739 2226 stantia
798 2168 1136 2234 fmteutihus,
1187 2183 1305 2222 eam
1365 2182 1475 2220 rem
1531 2166 1758 2220 arbitri‘o
1822 2166 2122 2235 legatorum

547 2263 762 2328 detulit,
797 2263 1059 2330 petiitque
1087 2263 1153 2316 ab
1188 2261 1254 2315 iis
1287 2260 1551 2329 exquisita
1585 2259 1833 2314 videlicet
1863 2258 2119 2314 otliciosi-

542 2363 654 2408 tate
683 2364 742 2406 ut
771 2354 823 2406 id
857 2353 1168 2423 probarent.
1224 2350 1316 2406 Sic
1375 2351 1654 2420 inaequalis
1701 2359 1756 2406 et
1808 2352 1860 2406 in
1907 2366 2123 2406 omnem

444 2464 458 2470 ·
542 2452 696 2515 teque
719 2444 929 2499 inﬁnita
969 2453 1177 2514 partem
1208 2451 1400 2497 natura
1435 2443 1714 2498 Gallorum
1739 2453 1842 2507 est,
1870 2443 1939 2497 ab
1969 2458 2128 2496 acer-

542 2536 712 2591 bitate
745 2536 1013 2590 interdum
1047 2549 1257 2589 summa
1291 2534 1359 2590 ad
1391 2533 1834 2588 remississimm
1890 2532 2128 2588 facilita-

552 2633 656 2680 tem
685 2634 956 2679 momento
979 2621 1254 2687 desiliens,
1290 2624 1362 2676 ita
1410 2633 1463 2676 lll
1498 2624 1589 2693 qui
1638 2624 1799 2678 modo
1840 2622 2128 2693 praefiden-

547 2714 802 2770 tissimus
832 2714 1131 2770 elatissimo
1161 2715 1454 2784 supercilio
1481 2724 1680 2770 terram
1729 2731 1788 2772 se
1821 2715 2131 2771 minabatur

545 2822 945 2862 concussurum
977 2806 1306 2872 universam,
1344 2823 1467 2862 mox
1499 2809 1804 2864 humilitate
1845 2810 2132 2866 demissis-

543 2899 680 2952 sima
704 2912 872 2967 usque
899 2898 964 2952 ad
993 2899 1264 2967 pulverem
1295 2899 1537 2954 subsidat
1569 2918 1584 2954 :
1613 2900 1699 2954 ubi
1727 2902 2024 2969 praesertim
2078 2903 2132 2956 in

546 2991 760 3062 ingenia
787 2990 1001 3045 robusta
1026 2991 1289 3060 fortisque
1304 3006 1366 3045 ac
1387 2990 1505 3045 iixze
1524 2991 1806 3046 sententiae
1829 2995 1973 3047 viros
1999 2995 2135 3047 inci-

543 3083 703 3139 derit.
741 3082 925 3153 Legati
952 3083 1184 3137 oblatam
1227 3091 1548 3153 potestatem
1600 3095 1923 3154 usurpantes
1955 3087 2136 3156 praeli-

549 3177 700 3229 uiunt
725 3177 957 3244 spatium
987 3176 1284 3230 stadiorum
1311 3176 1613 3242 duodecim,
1633 3178 1770 3232 ultra
1793 3180 1932 3247 quod
1959 3188 2138 3234 trans-

544 3266 673 3321 ferri
703 3277 883 3322 castra
902 3283 1007 3322 non
1029 3269 1440 3342 permitterent;
1467 3268 1628 3340 5.03
1653 3270 2129 3339 acquiescentique

545 3358 848 3414 Baimundo
876 3368 933 3412 et
955 3361 1300 3427 praescriptos
1357 3375 1462 3414 non
1519 3375 1865 3415 excessurum
1930 3361 2130 3417 limites

546 3451 742 3514 aienti,
778 3452 1120 3515 addiderunt,
1153 3466 1211 3505 se
1235 3467 1481 3522 quoque,
1513 3453 1557 3506 si
1591 3452 1767 3519 vellet,
1803 3453 1976 3509 ituros
2005 3469 2127 3510 cum

549 3542 668 3613 ipso
722 3552 776 3598 et
824 3542 1164 3611 inspecturus
1212 3542 1432 3598 locum:
1471 3558 1577 3613 quo
1622 3545 1686 3597 ad
1733 3544 1786 3599 id
1834 3547 1996 3600 etiam
2029 3563 2129 3601 an-

549 3641 770 3697 nuente,
829 3632 972 3688 datis
1028 3633 1103 3704 illi
1148 3634 1326 3689 statim
1380 3635 1445 3688 ad
1494 3635 1748 3691 custodes
1799 3637 2126 3692 clisurarum

549 3721 764 3784 litteris,
808 3724 1199 3793 prohibuerunt
1249 3740 1457 3796 nequa
1511 3725 1766 3796 deinceps
1814 3729 2124 3783 incursione

549 3814 730 3869 Gallos
759 3790 1103 3869 invfestarent.
1141 3790 1719 3886 Τιιηοῖἶιιριιυιθιιοιιιιε
1741 3815 2129 3874 Constantinus

548 3905 805 3958 Catacalo
859 3905 1027 3974 petita
1081 3906 1480 3977 impetrataque
1517 3922 1547 3962 a
1606 3907 1910 3963 Baiutundo
1969 3909 2128 3965 venia

550 4000 883 4070 ingrediendi
922 4001 1241 4071 Dyrrhachii
1269 4002 1333 4054 ad
1363 4003 1580 4056 brevem
1605 4003 1869 4058 duntaxat
1893 4018 2127 4070 moram,

547 4091 799 4145 celeriter
852 4089 1043 4145 lsaacii
1096 4092 1551 4146 sebastocratoris
1604 4092 1711 4146 lilio
1759 4091 1952 4148 Alexio
1995 4107 2128 4147 eon-

547 4193 732 4249 vento,
767 4183 894 4252 quid
941 4183 1058 4252 ipse
1107 4183 1349 4256 sociique
1399 4183 1558 4238 simul
1610 4183 1756 4238 missi
1807 4184 1971 4236 duces
2005 4199 2127 4236 cum

547 4275 848 4331 Baimundo
885 4275 1300 4346 transegissent,
1333 4277 1604 4342 exposuit,
1657 4276 1898 4329 omnium
1953 4275 2130 4329 adhuc

549 4369 763 4436 penitus
825 4369 1034 4438 ignaro.
1097 4367 1312 4422 Etenim
1360 4379 1580 4438 propter
1625 4369 1932 4422 machinam
1967 4383 2127 4437 quam

551 4458 751 4525 imponi
791 4456 889 4512 toti
923 4472 1019 4525 per
1051 4456 1342 4511 circuitum
1390 4470 1604 4509 coronae
1655 4470 1934 4509 murorum
1982 4453 2131 4507 urbis

549 4549 843 4616 imperator
886 4549 1157 4619 jusserat,
1227 4563 1386 4602 nemo
1448 4546 1960 4617 Dyrrhachiensium
2035 4547 2131 4600 de-

553 4652 805 4714 spectare
837 4659 864 4696 a
899 4643 1056 4712 longo
1083 4648 1324 4709 tempore
1347 4646 1596 4709 potuerat
1623 4639 1748 4707 quid
1783 4639 1832 4691 in
1855 4636 2128 4692 Gallorum

547 4735 746 4789 castris
801 4742 1104 4802 gereretur.
1159 4730 1378 4788 Tabulae
1431 4739 1587 4784 erant
1651 4728 1878 4782 summis
1939 4727 2133 4780 additae

551 4826 806 4880 tnaznium
845 4823 1045 4895 pinnis,
1094 4821 1240 4877 nullo
1278 4821 1579 4877 commissa
1649 4819 1975 4874 devinctaeve
2025 4819 2136 4874 cla-

548 4932 740 4970 vorum
814 4929 982 4980 nexu,
1053 4915 1145 4970 sed
1198 4912 1494 4984 pendentes
1549 4911 1603 4966 in
1649 4912 1914 4973 incertum
1965 4917 2021 4965 et
2067 4910 2134 4965 ad

551 5007 803 5077 quemvis
837 5005 1126 5076 impulsum
1157 5003 1419 5060 ﬂuctuare
1441 5012 1610 5074 aptae;
1642 5002 1784 5071 quod
1812 5002 1891 5058 sic
1924 5013 2043 5058 erat
2077 5003 2144 5061 de

552 5100 819 5152 industria
856 5107 1126 5166 paratum,
1170 5106 1228 5150 ut
1273 5097 1316 5151 si
1352 5096 1570 5165 quando
1614 5093 1794 5149 Latini
1841 5095 2004 5149 scalis
2042 5111 2140 5165 ap-

559 5190 758 5260 plicitis
791 5189 843 5242 in
879 5188 1017 5241 muri
1070 5186 1402 5257 crepidinem
1457 5200 1741 5240 ascensum
1789 5187 1969 5239 conati
2020 5201 2142 5254 per-

556 5282 825 5347 tigisscnt,
886 5279 958 5334 ibi
1027 5283 1213 5351 pedem
1274 5280 1435 5350 [igere
1491 5278 1778 5345 nequirent
1829 5276 1937 5330 ullo
1992 5286 2142 5332 certo

553 5373 672 5426 loco
707 5391 721 5426 :
764 5373 856 5427 sed
882 5373 1143 5429 tremulos
1166 5383 1220 5428 et
1241 5373 1516 5442 lapsantes
1541 5379 1686 5424 tactu
1713 5369 1890 5438 primo
1921 5381 2136 5422 asseres

553 5466 787 5534 experti,
819 5465 1003 5532 utique
1039 5466 1328 5536 desperato
1376 5463 1623 5530 ingressu
1679 5459 1952 5513 resilirent
1981 5474 1996 5511 :
2027 5457 2131 5512 nisi

553 5569 673 5610 sese
698 5555 868 5626 ipsos,
903 5571 1005 5608 una
1042 5571 1162 5610 cum
1198 5555 1339 5610 male
1371 5554 1608 5609 fundatis
1634 5553 1828 5624 quibus
1883 5553 2139 5608 insistere

555 5650 821 5707 auderent
865 5649 1099 5718 plancis,
1153 5649 1321 5720 abripi
1385 5664 1599 5722 pessum
1655 5648 1795 5700 intra
1827 5709 1830 5711 Α
1864 5646 2138 5700 civitatem

2228 2013 2328 2082 τῆς
2360 2015 2757 2085 καταγόμενον,
2810 2008 2906 2061 καὶ
2941 2008 3140 2074 μᾶλλον
3189 2005 3420 2074 ὁπηνίκα
3455 2006 3712 2073 περοτέροις

2230 2105 2445 2177 ἐντύχοι
2481 2105 2848 2176 φρονήμασιν.
2880 2102 2943 2154 Οί
2977 2101 3032 2154 δὲ
3063 2099 3238 2153 πλείω
3265 2099 3369 2150 τῶν
3413 2097 3497 2151 δὶο
3523 2099 3597 2150 καὶ
3622 2099 3712 2150 δέκα

2231 2201 2463 2255 σταδίων
2495 2199 2556 2253 οὐ
2583 2197 2930 2267 συνεχώρουν
2984 2193 3309 2264 μεταθεῖναι
3352 2191 3408 2243 τὸ
3457 2192 3712 2260 στράτευμα.

2230 2297 2339 2350 Καὶ
2376 2296 2424 2347 εί
2471 2293 2633 2347 τοῦτο
2687 2289 2892 2363 βούλει,
2931 2288 3069 2360 προς
3097 2289 3190 2341 τὸν
3218 2285 3534 2356 Βαῖμοῦντον
3567 2284 3720 2354 ἔλεγον,

2231 2387 2671 2458 συνελευσὸμεθα
2699 2385 2796 2440 xui
2830 2385 2994 2455 ἡμεῖς
3028 2381 3290 2452 ὀψόμενοι
3333 2379 3419 2432 τὸν
3442 2379 3599 2432 τόπον.
3639 2380 3718 2432 K1-

2230 2487 2590 2545 τανεύσαντος
2623 2481 2678 2535 δὲ
2728 2480 2825 2533 xui.
2880 2475 3018 2548 πρὸς
3074 2475 3235 2530 τοῦτο
3305 2470 3395 2526 τοῦ
3443 2470 3723 2540 Βαῖμούντω,

2234 2577 2579 2648 παραχρῆμα
2631 2575 2720 2628 διὰ
2782 2573 3127 2642 γραμμάτων
3177 2571 3295 2630 τοῖς
3324 2568 3418 2629 τὰς
3479 2566 3724 2635 κλεισοῦρας

2234 2672 2596 2742 φυλάττουσιν
2653 2666 2955 2739 ἐδήλωσαν,
3000 2663 3141 2718 ὥστε
3179 2660 3260 2732 μὴ
3313 2659 3557 2730 ἐκδρομὰς
3597 2677 3726 2712 notae.

2237 2767 2434 2838 μένους
2510 2761 2918 2817 καταϐλάπτειν
2967 2757 3186 2820 αὐτούς.
3242 2758 3303 2809 '0
3357 2751 3409 2810 δὲ
3459 2753 3727 2820 Εὐφορϐχνὶς

2237 2858 2644 2918 Κωνσταντίνος
2670 2856 2696 2906 ὁ
2724 2850 3061 2908 Κατακαλὼν
3121 2852 3303 2923 ῂτεῖτο
3353 2847 3496 2910 αὐθις
3524 2847 3598 2898 τὸν
3640 2847 3729 2898 Bai-

2241 2950 2467 3021 μοῦντον
2525 2943 2996 3016 παραχωρηθῆναί
3035 2943 3084 2995 oi
3129 2943 3224 3011 τὴν
3293 2941 3371 3002 είς
3409 2939 3464 2991 τί)
3502 2939 3729 3008 Δυῤῥὰχιον

2238 3044 2552 3097 άπέλευσιν.
2644 3037 3090 3093 Κατανεύσαντοῖ
3159 3033 3215 3086 δὲ
3287 3032 3378 3086 τοῦ
3426 3030 3730 3099 Βαῐμούντιυ,
3812 3031 3813 3034 “

2239 3137 2452 3208 γοργῶ;
2504 3135 2564 3188 τὸ
2603 3134 2906 3205 Δυρράχιον
2929 3133 2956 3184 ὁ
2991 3126 3334 3183 Κατακαλὼν
3382 3124 3732 3192 καταλαμϐάνει,

2161 3214 2206 3276 C
2239 3230 2334 3283 καὶ
2373 3227 2464 3280 τὸν
2519 3225 2865 3294 φυλάσσοντα
2912 3222 3014 3293 τὴν
3064 3222 3223 3274 πόλιν
3272 3218 3501 3282 Ἀλέξιον
3545 3218 3620 3269 τὸν
3655 3217 3735 3266 uti»

2247 3321 2520 3377 Ἶσαακίου
2570 3317 2667 3371 τοῦ
2702 3314 3198 3384 σεϐαστοκράτορος
3238 3313 3585 3379 ἀναζητήσας,
3610 3310 3739 3377 ἀπήγ-

2236 3417 2382 3486 γειλε
2417 3415 2484 3469 τά
2517 3417 2668 3484 παρὰ
2695 3411 2789 3466 τοῦ
2820 3411 3226 3478 αὐτοκράτορος
3257 3404 3623 3474 διαμηνυθέντα
3643 3403 3737 3469 πρὶς

2236 3511 2400 3564 αὐτόν
2432 3527 2488 3561 τε
2521 3508 2618 3561 καλ.
2647 3505 2774 3566 τοὺς
2808 3501 3284 3571 συγκατελθόντας
3310 3497 3424 3566 μετ’
3455 3494 3599 3549 αὐτοῦ
3621 3495 3738 3558 λογά-

2235 3603 2332 3665 δας
2362 3601 2469 3654 τῶν
2519 3595 2891 3664 στρατιωτῶν.
2963 3593 3073 3644 Καὶ
3125 3590 3240 3660 γὰρ
3308 3590 3407 3641 οὐκ
3437 3583 3737 3656 ﬁdium-10:05

2236 3694 2446 3762 τείχους
2494 3687 2830 3760 προκύπτειν
2878 3684 2964 3737 διὰ
3020 3683 3116 3754 τὴν
3183 3681 3548 3750 γεγενημένην
3591 3677 3740 3729 ἄνωθεν

2237 3786 2392 3853 παρὰ
2437 3782 2502 3836 τά
2538 3780 2823 3852 κρήδεμνα
2879 3774 2974 3829 τοῦ
3029 3774 3344 3846 Δυρραχίου
3409 3769 3627 3842 μηχανὴν
3675 3767 3738 3818 τοῦ

2236 3875 2645 3946 αὐτοκράτορος
2667 3889 2680 3902 ·
2726 3872 2938 3934 σανίδες
2966 3869 3076 3938 γάρ
3104 3885 3252 3932 τινες
3280 3868 3405 3937 περὶ
3428 3866 3519 3928 τὰς
3553 3862 3741 3924 ἐπάλξεις

2234 3969 2331 4024 τοῦ
2358 3968 2600 4038 κάστρου
2666 3963 2996 4036 εὐμηχάνως
3029 3960 3323 4030 ἐτέθησαν,
3349 3959 3438 4011 ἐπὶ
3465 3956 3615 4022 τούτῳ
3641 3950 3739 4017 αὐτῷ

2236 4058 2769 4118 κατασκευασθεῖσαι
2831 4057 3136 4126 ἀνήλωτοι,
3177 4053 3324 4106 ὥστε
3387 4052 3505 4111 τούς
3543 4048 3741 4108 ἴσωςάπὸ

2235 4155 2346 4210 τῶν
2376 4153 2622 4208 Λατίνων
2649 4149 2742 4203 διὰ
2775 4148 3061 4212 κλιμάκων
3090 4143 3493 4216 ἀναρῤιχᾶσθαι
3535 4137 3742 4210 πειρωμέ-

2235 4266 2383 4312 νους,
2411 4247 2550 4300 ἐπάν
2575 4245 2682 4298 τῶν
2746 4240 3028 4306 ἐπάλξεων
3078 4239 3359 4302 ἐπιϐαῖεν,
3383 4238 3455 4306 μὴ
3488 4232 3746 4305 ἐστηριγμέ-

2237 4359 2362 4406 νους
2390 4339 2672 4401 ἵστασθαι,
2699 4336 2840 4392 ἀλλὰ
2870 4337 2968 4390 σὺν
2996 4335 3192 4396 αὐταῖς
3229 4333 3411 4384 σανίσι
3437 4327 3741 4381 διολισθαένειν

2237 4432 2542 4506 τηνικαῦτα
2574 4431 2670 4484 καὶ
2691 4431 2916 4483 πίπτειν
2947 4427 3097 4483 ἐντὸς
3128 4425 3273 4479 καθά
3302 4441 3368 4492 γε
3417 4424 3624 4490 εἴρηται.
3649 4419 3744 4470 Τοῦ·
3812 4437 3813 4442 η

2237 4544 2355 4591 τοις
2382 4525 2473 4580 οὖν
2506 4523 2776 4596 ὁμιλήσας
2807 4525 2834 4576 ὁ
2859 4517 3208 4590 Εὐφορόηνὸς
3233 4518 3333 4572 καὶ
3349 4517 3417 4570 τὰ
3441 4515 3526 4568 τοῦ
3549 4510 3746 4581 βασιλέι-ς

2243 4619 2540 4691 μηνύματα
2597 4615 2942 4684 ἀπαγγείλας
2981 4611 3078 4665 καὶ
3132 4609 3378 4680 θάρσους
3412 4601 3745 4676 ἐμπλήσαςαῦ-

2239 4713 2390 4776 τοὺς,
2413 4711 2697 4782 ἐρωτήσας
2716 4726 2774 4763 τε
2800 4706 2870 4761 τὰ
2890 4704 3128 4775 περὶτοῦ
3160 4704 3429 4773 κάστρου,
3455 4702 3539 4753 καὶ
3560 4695 3744 4762 διαγνοὺς

2239 4805 2311 4858 τά
2362 4804 2483 4856 κατ’
2544 4803 2743 4865 αὐτοὺς
2803 4800 3033 4870 ἀρίστης
3079 4793 3444 4866 τετυχηκέναι
3505 4785 3745 4853 οἰκονομίας

2243 4897 2319 4960 ὡς
2356 4896 2465 4948 τῶν
2507 4894 2646 4964 προς
2685 4892 2876 4962 χρείαν
2935 4891 3228 4961 αὐτάρκως
3255 4888 3497 4957 ἔχοντας,
3552 4884 3632 4935 καὶ
3653 4877 3745 4945 παρ’

2243 4989 2398 5043 οὐδὲν
2431 4989 2533 5052 τὰς
2573 4986 2670 5040 τοῦ
2731 4983 3072 5055 Βαῖμούντου
3129 4979 3519 5050 λογιζομένους
3544 4972 3768 5050 μηχανᾶς.⁸

2245 5079 2659 5152 καταλαμϐάνει
2713 5077 2806 5130 τὸν
2868 5073 3205 5145 Βαῖμοῦντον
3249 5073 3353 5142 τὴν
3403 5069 3645 5141 ταφρείαν
3665 5062 3748 5114 ἔνθα

2245 5179 2478 5250 προεῖπε
2522 5171 2919 5242 ποιησάμενον,’
2985 5169 3079 5220 καὶ
3127 5165 3352 5228 ὲνωθεὶς
3385 5161 3532 5232 αὐτῷ
3554 5162 3636 5230 τῆς
3663 5153 3752 5222 πρὸς

2241 5245 2336 5322 τον
2388 5267 2611 5338 βασιλέα
2671 5259 2946 5332 φερούσης
3004 5257 3215 5327 εἴχετο·
3258 5256 3308 5307 οί
3335 5255 3392 5308 δὲ
3419 5253 3661 5306 ἐπίλοιποι
3681 5245 3752 5338 τῶν

2245 5359 2530 5433 πρέσϐεων
2577 5355 2720 5410 κατὰ
2749 5353 2817 5407 τὰ
2861 5347 3334 5421 προῦπεσχημένα
3380 5344 3517 5416 μετά
3543 5338 3624 5394 τοῦ
3649 5337 3750 5392 Γέὃειυ

2241 5451 2698 5519 κατελείφθησαν.
2739 5444 2999 5512 Μανουὴλ
3027 5442 3086 5496 δὲ
3119 5442 3210 5494 τὸν
3236 5439 3479 5509 Μοδηνὺν
3503 5433 3751 5489 πιστότατόν

2239 5563 2300 5601 τε
2337 5545 2434 5600 καὶ
2481 5541 2844 5595 εὐνούστατον
2888 5535 3000 5589 τῶν
3045 5533 3214 5588 αὐτοῦ
3256 5533 3599 5605 θεραπόντων
3635 5522 3755 5584 ὺπέρ·

2244 5655 2416 5713 χοντα
2477 5630 2915 5706 προαποστέλλει
2965 5628 3105 5701 πρὸς
3167 5627 3255 5681 τὸν
3305 5625 3532 5698 βασιλέα
3554 5620 3639 5691 τὴν
3663 5614 3752 5681 πρ’;

2168 4577 2212 4632 D

1636 5764 1840 5831 Variae
1875 5761 2185 5824 lectiones
2217 5775 2296 5824 ex
2331 5756 2468 5831 cod.
2507 5751 2750 5817 Coislin

613 5871 660 5905 ⁸³
678 5871 868 5932 αὐτοῦ.
