3900 6620
198 439 287 504 997
644 444 647 447 ’
1382 434 1797 498 ALEXIADIS
1834 436 1982 497 LIB.
2024 437 2103 498 Xl
2120 437 2198 500 li.

3340 435 3445 502 998

190 551 337 606 αὑτὸν
361 547 459 603 τοῦ
486 544 826 617 Βαῖμούντου
856 542 1297 614 ἀπαγγέλλοντα
1334 542 1570 599 ἐλευσιν.
1606 546 1764 600 Ἐπεὶ

1875 550 2021 602 ruina
2051 547 2313 618 praecipiti
2351 548 2417 603 ad
2449 556 2660 604 certum
2695 547 2920 604 exitium
2951 548 3140 606 velint.
3179 549 3259 604 Ad
3314 549 3453 622 Dyr-

189 647 236 698 δὲ
261 642 430 713 ἀγχοῦ
470 641 567 711 τῆς
592 639 877 709 βασιλικῆς
904 638 1149 707 ἐγεγόνει
1176 640 1381 708 σκηνῆς
1404 655 1547 708 παρε
1559 637 1762 691 σκεύα-

194 754 271 790 στο
301 739 397 789 καὶ
440 735 510 788 τὰ
550 735 648 803 τῆς
698 731 864 786 αὑτοῦ
895 730 1158 801 ὑπαντῆς,
1177 727 1362 793 καθὼς
1408 733 1459 783 oi
1506 731 1766 799 πρέσϐεις

190 829 352 900 τούτῳ
407 827 716 881 συνέθεντο.
759 823 1112 886 Εἰσελθόντος
1153 822 1211 875 δὲ
1260 821 1475 889 τούτου,
1509 823 1767 885 ἐκτείνας

190 924 280 993 τὴν
328 924 490 991 χεῖρα
524 922 552 972 ό
589 917 843 986 βασιλεὺς
891 915 989 968 καὶ
1048 915 1154 984 τῆς
1203 916 1417 969 ἐκείνου
1484 916 1770 986 ἁψάμενος

190 1013 383 1082 χειρὸς,
418 1011 509 1062 καὶ
532 1011 632 1070 τὴν
684 1007 891 1077 συνήθη
926 1008 1042 1069 τοῖς
1076 1005 1360 1075 βασιλεῦσι
1393 1008 1771 1075 προσαγόρευ-

193 1125 270 1161 σιν
298 1108 692 1177 ποιησάμενος,
740 1104 907 1172 ἐγγὺς
937 1102 1032 1156 τοῦ
1057 1100 1345 1172 βασιλικοῦ
1378 1104 1769 1173 παρεστήσατο

191 1199 397 1267 θρόνου.

1869 641 2222 697 rbacltieuses
2251 657 2382 713 ergo
2413 638 2811 712 Eupliorbeuus
2841 644 3029 697 adiens
3071 646 3321 697 mandata
3373 648 3452 698 eis

1869 748 1989 802 qua:
2016 734 2082 787 ad
2117 735 2261 802 ipsos
2298 734 2533 790 habebat
2555 736 2900 805 imperatoris
2931 736 3216 801 exposuit;
3253 738 3453 790 audere

1870 825 2017 893 ipsos
2049 824 2117 880 de
2148 835 2344 880 ctetero
2377 842 2442 881 ae
2470 828 2673 896 optimo
2714 830 2896 881 animo
2941 844 3062 882 esse
3110 829 3325 897 jubeus.
3361 827 3451 881 ln-

1871 919 2168 988 terrogavit
2225 919 2419 973 deinde
2475 921 2716 974 vicissim
2773 939 2880 990 quo
2933 938 3020 977 res
3090 938 3278 975 eorum
3336 922 3455 975 loco

1878 1021 2098 1077 essent;
2134 1021 2189 1066 et
2225 1021 2287 1066 ut
2319 1023 2464 1067 recte
2494 1014 2693 1069 habere
2721 1018 2900 1069 omnia
2928 1018 3209 1084 comperit.
3239 1030 3455 1068 summo

1876 1106 2107 1161 consilio
2181 1105 2527 1175 maximaque
2590 1109 2923 1174 providentia
2988 1119 3099 1163 toto
3156 1108 3455 1163 obsidionis

1876 1205 2119 1266 tempore
2151 1197 2583 1252 administratam
2620 1200 2761 1267 apud
2796 1200 2914 1255 illos
2969 1201 3136 1255 fuisse
3174 1200 3446 1270 publicam

189 1306 317 1356 rem,
353 1294 629 1346 abundare
657 1292 834 1345 adhuc
862 1289 992 1358 ipsis
1017 1287 1085 1344 ad
1123 1288 1320 1341 victum
1396 1303 1461 1343 ac
1532 1286 1652 1343 belli
1682 1303 1837 1341 usum
1880 1303 2002 1357 qua:
2070 1304 2209 1357 Opus
2259 1298 2477 1356 essent,
2532 1302 2987 1361 contemnereque
3053 1296 3269 1347 eosdem
3316 1300 3457 1348 nunc

191 1386 419 1437 maxime
466 1398 530 1437 ac
577 1383 735 1451 plane
786 1381 936 1435 nihili
992 1379 1193 1434 dueere
1255 1379 1533 1433 machinas
1575 1394 1764 1432 omnes
1804 1390 2143 1448 conatusque
2208 1380 2517 1449 Baimundi,
2560 1398 2681 1438 cum
2720 1384 2804 1439 his
2834 1386 2900 1438 ad
2954 1386 3310 1439 Baimuudu‘m
3368 1400 3457 1439 re—

187 1476 277 1527 diit
326 1477 416 1543 qui
464 1476 577 1546 jam
623 1476 968 1531 commodum
1019 1488 1114 1528 sua
1169 1483 1352 1528 castra
1406 1472 1757 1527 transtulerat
1796 1488 1920 1527 eum
1953 1474 2005 1527 in
2042 1474 2213 1529 locum
2245 1477 2310 1529 de
2345 1492 2452 1545 quo
2484 1477 2659 1532 fuerat
2692 1478 2841 1547 prius
2919 1493 3041 1532 eum
3088 1479 3232 1532 inter
3318 1478 3462 1546 lega-

188 1572 373 1631 tosque
406 1575 754 1622 ceuventum.
788 1565 924 1620 lluic
956 1581 1014 1621 se
1055 1565 1360 1634 adiungens
1398 1564 1797 1633 Eupltorbenus
1839 1566 1943 1619 iter
2010 1568 2247 1636 capessit
2296 1569 2361 1621 ad
2412 1570 2758 1638 imperatoris
2828 1579 3027 1634 castra,
3114 1569 3285 1621 tribus
3340 1568 3461 1628 aliis

186 1658 346 1711 oOCiiS
399 1660 533 1723 suis,
574 1660 724 1727 prius
787 1658 998 1727 legatis,
1093 1673 1236 1712 nunc
1320 1656 1623 1719 obsidibus,
1678 1665 1834 1724 prout
1876 1667 1993 1710 erat
2016 1659 2394 1724 constitutum,
2426 1661 2476 1713 iu
2531 1660 2651 1716 Gidi
2701 1672 2967 1730 potestate
3018 1662 3242 1715 relictis.
3292 1660 3462 1713 Porro

186 1751 297 1819 ipse
340 1753 453 1817 jam
536 1766 765 1821 pergens
821 1749 1086 1820 praemisit
1137 1750 1201 1804 ad
1264 1750 1563 1819 Augustum
1602 1764 1633 1803 e
1682 1747 1768 1800 via
1808 1747 2109 1804 Manuelent
2143 1750 2428 1806 Modenum
2459 1752 2733 1807 hominem
2760 1754 2863 1809 sibi
2936 1752 3256 1807 fidissimum
3328 1765 3465 1805 nune

188 1846 313 1898 tium
343 1846 614 1899 adventus
670 1843 994 1908 Baimuudi;
1079 1843 1168 1911 qui
1223 1842 1312 1896 ubi
1367 1845 1435 1896 ad
1482 1849 1689 1895 certum
1772 1840 1841 1895 ab
1881 1841 2161 1911 Augustali
2235 1845 2468 1913 spatium
2528 1856 2813 1916 provectus
2870 1848 3049 1900 eundo
3106 1856 3209 1910 est,
3273 1843 3461 1904 obvios

185 1937 538 2007 habuitjnxta
570 1946 725 2007 pacta
759 1947 1022 1992 conventa
1048 1937 1346 1992 familiares
1427 1935 1794 2006 imperatoris.
1879 1934 2081 1991 Deinde
2148 1936 2482 1994 Bai’mundus
2556 1941 2880 2005 admittitur,
2938 1942 3179 2011 Augusto
3236 1949 3459 1994 extensa

186 2050 346 2087 manu
420 2048 517 2087 sua
567 2047 783 2085 manum
830 2031 948 2099 ejus
994 2031 1379 2099 prehendente,
1446 2033 1615 2101 iisque
1668 2046 1790 2084 eum
1852 2032 2034 2086 verbis
2090 2048 2153 2089 ac
2208 2035 2368 2089 modo
2401 2035 2670 2092 salutaute
2704 2053 2810 2105 quo
2854 2038 3208 2107 imperatores
3261 2040 3440 2094 solent

185 2140 302 2179 mox
342 2124 505 2176 etiam
534 2123 798 2177 invitante
818 2133 878 2176 ut
915 2137 1083 2194 prope
1118 2124 1526 2193 imperatorium
1558 2130 1769 2191 astare;
1806 2121 2025 2177 solium.

250 2212 360 2269 Ἧν
414 2214 472 2267 δὲ
501 2214 743 2278 τοιοῦτος
774 2215 802 2267 ὁ
834 2214 975 2284 ἀνὴρ
1026 2208 1164 2278 οἷος,
1205 2213 1281 2277 ὡς
1322 2213 1516 2284 βραχεί
1548 2213 1649 2282 μὲν
1683 2213 1763 2265 εἰ·
1795 2212 1840 2271 Β

186 2312 327 2372 πεῖν,
354 2308 531 2371 οὐδεὶς
559 2308 679 2361 κατ’
706 2308 912 2360 ἐκεῖνον
945 2305 1101 2374 ὤφθη
1134 2307 1191 2357 ὲν
1223 2308 1289 2375 τῇ
1326 2305 1435 2357 τῶν
1475 2303 1764 2372 Ῥωμαίων

184 2404 278 2470 γῇ,
338 2400 463 2453 οὔτε
526 2399 803 2469 βάρϐαρος
863 2397 989 2452 οὔτε
1020 2397 1259 2466 Ἕλλην’
1313 2396 1522 2467 θάμϐος
1563 2396 1673 2465 γὰρ
1700 2390 1767 2465 ἦν

184 2491 475 2560 ὀφθαλμῶν
492 2491 762 2561 ὁρώμενος
784 2490 878 2543 καὶ
897 2508 969 2559 φη
980 2489 1291 2558 μιξάμενος,
1307 2487 1569 2558 ἔκπληξις
1595 2504 1769 2541 κατα-

189 2587 350 2654 μέρος
399 2584 459 2636 δὲ
505 2582 819 2652 ὑπογράψαι
847 2582 909 2635 τὸ
938 2580 1035 2634 τοῦ
1072 2581 1353 2651 βαρϐάρου
1381 2577 1541 2642 εἶδος.
1587 2578 1771 2633 Τοιόσ-

183 2677 237 2729 δε
309 2675 521 2745 μακρὸς
556 2670 624 2745 ἦν
654 2676 753 2743 τὴν
815 2674 1129 2743 ἀναδρομὴν
1183 2671 1279 2724 τοῦ
1336 2670 1593 2741 σώματος
1627 2672 1769 2725 ὥστε

186 2770 267 2832 εἰς
298 2769 480 2838 πῆχυν
513 2768 607 2819 ἕνα
651 2766 850 2837 μικροῦ
883 2766 1008 2829 τοὺς
1053 2763 1431 2835 μακροτάτους
1465 2763 1770 2833 ὑπερελαύ·

187 2880 321 2925 νειν,
349 2861 452 2929 τὴν
484 2860 728 2928 γαστέρα
763 2856 1209 2926 συνεσταλμένος
1251 2857 1347 2909 καὶ
1374 2858 1501 2920 τοὺς
1528 2857 1577 2889 ⁸⁸
1601 2855 1766 2925 λαγό-

189 2971 306 3014 νας,
350 2952 445 3004 καὶ
479 2952 602 3011 τοὺς
635 2949 817 3020 ὤμους
843 2947 1010 3019 εὐρύς
1048 2963 1063 2977 ⁸
1093 2949 1188 3001 καὶ
1209 2948 1279 3001 τὰ
1309 2948 1510 3018 στέρνα
1560 2948 1771 3005 πλατὺς

188 3046 283 3096 καὶ
313 3047 443 3107 τοὺς
476 3042 772 3112 βραχίονας
792 3040 1085 3110 κρατερός·
1124 3041 1221 3093 καὶ
1250 3040 1351 3109 τὴν
1377 3039 1505 3108 ὃλην
1530 3040 1643 3106 ἕξιν
1672 3039 1769 3093 τοῦ

187 3137 441 3205 σώματος
474 3132 598 3187 οὔτε
628 3133 1095 3203 περιεπτισμένος
1112 3133 1181 3195 ⁸⁸,
1210 3131 1335 3185 οὔτε
1379 3130 1770 3204 περιὸριθόμεη

186 3247 275 3290 νος
303 3230 424 3291 ταῖς
460 3226 652 3292 σαρξὶν
670 3227 735 3287 ³⁸,
775 3226 889 3277 ἀλλ’
914 3226 989 3289 ὡς
1027 3227 1227 3296 ἄριστα
1256 3225 1626 3296 κεκραμένος,
1673 3225 1771 3278 καὶ

184 3317 296 3373 οἷον
322 3321 503 3372 εἰπεῖν
531 3319 673 3371 κατὰ
703 3318 794 3369 τὸν
823 3316 1233 3370 Πολυκλείτειον
1303 3317 1505 3370 κανόνα
1534 3318 1770 3385 ἐνηρμο-

188 3418 387 3484 σμένος
426 3432 440 3445 ·
471 3416 571 3477 τὰς
595 3417 784 3483 χεῖρας
812 3412 971 3483 ἁδρὸς
1000 3411 1226 3465 καὶτῶν
1252 3410 1430 3465 ποδῶν
1458 3410 1556 3473 τὰς
1585 3409 1771 3479 βάσεις

190 3509 445 3579 στερρός·
475 3507 567 3559 καὶ
590 3508 682 3558 τὸν
700 3506 901 3574 αὐχένα
929 3505 1020 3558 καὶ
1046 3505 1465 3580 τὰῆμετάςρρενα
1494 3502 1766 3571 εὐπαγὴς.

1942 2212 1992 2267 is
2021 2215 2104 2269 vir
2132 2214 2241 2281 cui,
2272 2225 2330 2269 ut
2381 2216 2545 2271 multa
2588 2217 2773 2287 paucis
2818 2233 3066 2286 comgam
3089 2258 3104 2283 ,
3140 2216 3345 2271 nullum
3395 2231 3462 2271 ea

1871 2313 2196 2375 tempestate
2254 2324 2429 2377 neque
2472 2310 2721 2365 (Priscum
2768 2324 2945 2377 neque
3001 2308 3297 2362 Barbarum
3351 2310 3462 2363 Ro-

1868 2412 2025 2451 mana
2057 2408 2198 2453 terra
2230 2415 2413 2468 parem
2434 2402 2603 2457 vidit:
2630 2401 2783 2466 cujus
2854 2400 3011 2455 famae
3068 2400 3266 2468 ingenti
3294 2439 3310 2466 ,
3353 2416 3460 2469 qua

1878 2490 1989 2544 late
2031 2492 2223 2559 procul
2280 2493 2608 2560 percellebat
2661 2494 2915 2557 animos,
2950 2495 3158 2560 species
3183 2496 3461 2562 praesentis

1870 2580 2209 2635 admirabilis
2275 2581 2490 2651 rapiens
2514 2596 2695 2636 coram
2725 2583 2911 2638 oculos
2938 2590 3126 2637 chcte
3157 2584 3489 2651 responde-.

1871 2674 1983 2737 bat,
2014 2672 2181 2745 404
2210 2673 2335 2729 talis
2362 2673 2477 2730 fere
2518 2684 2738 2743 aspectu
2773 2691 2836 2731 ac
2888 2675 3064 2730 forma
3117 2675 3241 2730 fuit.
3279 2676 3463 2745 Longo

1872 2765 2128 2833 surgebat
2155 2779 2390 2822 excursu
2415 2775 2622 2822 statura
2650 2769 2895 2838 corporis
2917 2809 2930 2832 ,
2970 2769 3105 2823 adeo
3151 2778 3209 2824 ut
3264 2786 3460 2840 prece-

1873 2857 2119 2939 rissimos
2152 2874 2396 2928 quosque
2426 2877 2535 2916 uno
2561 2860 2734 2917 ferme
2757 2862 2918 2916 altior
2948 2863 3130 2919 cubito
3173 2872 3461 2920 transcem

1872 2947 2046 3005 deret.
2093 2950 2349 3007 Ventrem
2377 2960 2432 3007 et
2476 2953 2568 3007 ilia
2604 2954 2935 3008 contractior
2959 2995 2973 3021 ,
3008 2954 3149 3009 latus
3181 2956 3463 3023 humeros,

1874 3042 2114 3113 spatioso
2135 3054 2190 3099 et
2220 3055 2501 3114 coaequato
2527 3057 2766 3116 pectore,
2796 3048 3014 3103 lacertis
3064 3059 3308 3115 torosus;
3348 3058 3457 3104 tota

1873 3133 2118 3203 corporis
2166 3134 2480 3190 habitudine
2504 3152 2605 3191 nec
2636 3139 2898 3206 strigosa,
2935 3154 3031 3192 nec
3055 3151 3280 3209 gravata
3312 3138 3459 3195 fluxu

1874 3224 2138 3290 carnium,
2172 3227 2264 3281 sed
2297 3228 2501 3297 eptiuto
2562 3229 2706 3282 inter
2743 3228 3065 3285 obesitatem
3126 3239 3178 3285 et
3228 3234 3458 3287 maciem

1878 3324 2325 3386 temperamento,
2355 3317 2502 3372 velut
2550 3317 2803 3390 Polycleti
2858 3335 3018 3373 manu
3065 3320 3344 3390 cujusdam
3393 3338 3459 3377 ex

1875 3405 1992 3462 idea
2034 3407 2540 3474 praecellentissima:
2568 3408 2702 3462 artis
2740 3409 2896 3463 fictus
2940 3420 3102 3480 atque
3159 3418 3452 3468 tornatus:

1876 3500 2197 3568 majnsculis
2223 3509 2275 3553 et
2299 3515 2463 3554 succo
2498 3501 2674 3557 vivido
2729 3502 2919 3556 solidis
2966 3504 3254 3570 manibus;
3314 3513 3461 3560 recte

196 3559 593 3669 :i‘aro;2;uvtbq
614 3598 668 3651 δὲ
701 3559 941 3667 μετρίως
974 3596 1049 3666 τῷ
1101 3559 1345 3665 ἄκριόιῖις
1372 3596 1538 3649 αὑτὸν
1594 3559 1762 3666 περι-

1878 3592 2117 3648 fundatis
2146 3593 2372 3662 pedibus
2396 3604 2450 3647 et
2483 3594 2702 3648 robuste
2729 3595 3021 3663 vestigium
3053 3597 3458 3663 obtinentibus;

187 3691 549 3762 εργαζομένῳ
596 3690 851 3756 ἐφαίνετο
875 3704 887 3717 ·
919 3688 979 3740 οὐ
1012 3688 1120 3740 τῶν
1151 3688 1419 3741 νωτιαίων
1452 3687 1770 3740 σπονδύλων

185 3801 237 3836 τι
272 3781 624 3836 πεπονθότων
669 3781 767 3848 τῆς
833 3780 1066 3849 ῥάχεως,
1093 3777 1207 3831 ἀλλ’
1240 3777 1387 3832 οὓτω
1444 3777 1682 3849 μετρίως
1709 3779 1772 3831 ἐκ

185 3875 436 3944 γενετῆς,
467 3875 541 3935 ὡς
577 3873 744 3937 ἔοικε,
778 3871 874 3939 τὴν
895 3870 1186 3924 διάπλασιν
1219 3872 1439 3942 ἔσχηκε.
1469 3871 1542 3922 Τὸ
1572 3871 1773 3941 χρῶμα

186 3971 285 4022 καὶ
334 3970 396 4033 τὸ
426 3968 555 4021 ἄλλο
607 3966 704 4034 μὲν
737 3965 896 4034 σῶμα
921 3965 1268 4029 λευκότατον,
1294 3965 1356 4017 τὸ
1390 3963 1445 4016 ἰὲ
1473 3965 1772 4034 πρόσωπον

190 4060 331 4128 μετὰ
372 4059 465 4110 τοῦ
523 4054 722 4107 λευκοῦ
744 4054 1069 4125 ἐπυρσοῦτο,
1091 4058 1185 4106 καὶ
1217 4055 1249 4124 ὴ
1274 4054 1419 4122 κόμη
1449 4052 1771 4119 ὑπόξανθος,

185 4150 301 4203 ἀλλ’
329 4147 601 4217 οὐμενοῦν
666 4146 829 4217 μέχρι
862 4146 971 4197 τῶν
1018 4145 1379 4215 μεταφρένων
1418 4144 1772 4216 αἰωρουμένη

188 4242 333 4294 κατὰ
383 4241 513 4303 τοὺς
571 4239 766 4300 ἄλλους
831 4238 1179 4308 Βαρϐἀρους’
1239 4238 1299 4290 οὐ
1331 4236 1443 4307 γὰρ
1478 4237 1774 4307 ἐτριχομά-

191 4353 273 4389 νει
306 4335 420 4405 (87)
448 4336 477 4386 ὁ
500 4333 660 4402 ἀνὴρ,
693 4330 829 4384 ἀλλὰ
886 4329 1114 4401 κουρίας
1135 4325 1203 4399 ἦν
1253 4330 1413 4399 μέχρι
1450 4330 1559 4382 τῶν
1593 4329 1772 4384 ὢτων.

193 4431 268 4481 Τὸ
293 4429 349 4481 δὲ
377 4430 584 4494 γένειον
611 4426 717 4478 εἴτε
748 4424 953 4494 πυρσὸν
993 4425 1102 4476 εἴτε
1133 4424 1265 4477 ἄλλο
1298 4440 1349 4475 τι
1376 4424 1573 4494 χρῶμα
1601 4420 1771 4493 εἶχεν,

183 4522 290 4574 οὐκ
323 4522 433 4590 ἔχω
472 4518 654 4585 λέγειν
688 4534 701 4548 ·
725 4518 752 4570 ὀ
777 4516 935 4585 ξυρὸς
961 4514 1069 4584 γὰρ
1088 4516 1132 4547 ⁸⁷
1180 4516 1479 4585 ἐπεξῆλθεν
1518 4517 1647 4569 αὐτὸ
1675 4517 1775 4569 καὶ

185 4615 407 4665 τιτάνου
464 4610 661 4671 παντὸς
726 4606 1119 4676 ἀκριϐέστερον
1143 4622 1159 4636 ⁸
1198 4608 1371 4660 ἐδόκει
1422 4609 1466 4660 δ’
1507 4609 1600 4662 οῦν
1634 4605 1773 4664 εἶναι

186 4709 285 4759 καὶ
332 4704 491 4758 τοῦτο
552 4702 777 4771 πυρσόν.
833 4698 906 4754 Τὸ
965 4698 1183 4768 βλέμμα
1233 4700 1471 4767 γλαυκὸν
1520 4704 1616 4755 καὶ
1656 4703 1774 4771 ἅμα

186 4799 368 4868 θυμὸν
394 4800 488 4851 καὶ
524 4794 847 4866 ἐμὸρίοειαν
866 4793 1261 4861 ὑποσημαῦυον.
1306 4793 1413 4844 Καὶ
1445 4794 1477 4863 ἠ
1516 4796 1598 4863 ῥὶς
1624 4795 1774 4866 αὺτῴ

1873 3685 2103 3739 cervicis
2140 3700 2527 3754 armorumque
2567 3698 2687 3754 apta
2723 3702 3049 3757 compages,
3075 3697 3128 3741 et
3166 3699 3275 3743 tum
3313 3692 3459 3746 διιοοὶ

1874 3780 2052 3848 plena.
2083 3788 2194 3833 tum
2222 3779 2520 3849 dignitatis.
2558 3779 2761 3834 Trunci
2804 3790 2978 3835 status
3005 3823 3020 3847 ,
3055 3783 3097 3836 si
3129 3784 3250 3852 quis
3280 3793 3460 3839 atten-

1875 3870 2028 3924 deret
2054 3870 2346 3930 curiosius,
2380 3884 2410 3923 e
2442 3868 2748 3924 rectissimo
2795 3868 3042 3924 inclinari
3094 3872 3363 3943 paulisper
3405 3875 3457 3928 in

1874 3978 2104 4034 pronum
2145 3962 2430 4016 videbatur
2465 3977 2477 4014 :
2511 3976 2615 4016 nou
2647 3961 2753 4015 ullo
2779 3961 3147 4016 vertebrarum
3176 3976 3269 4017 aut
3292 3967 3459 4036 spina:

1876 4053 2020 4108 dorsi
2051 4053 2211 4115 vitio,
2243 4053 2337 4107 sed
2391 4058 2552 4120 prout
2603 4049 2934 4119 apparebat,
2978 4050 3122 4118 quod
3171 4050 3241 4104 ab
3296 4060 3456 4105 atate

1876 4155 2059 4201 tenera
2094 4145 2357 4200 institutis
2391 4143 2783 4198 moderantium
2834 4141 2887 4195 iu
2940 4142 3095 4195 istum
3129 4152 3273 4197 esset
3304 4142 3458 4198 babi-

1875 4247 1988 4291 tutu
2015 4235 2081 4289 ad
2118 4236 2387 4305 specimen
2426 4231 2705 4288 modestia:
2736 4231 3023 4286 formatus.
3056 4233 3218 4287 Color
3250 4234 3458 4304 reliquo

1883 4341 2114 4396 corpore
2167 4326 2603 4380 candidissimus.
2648 4323 2835 4379 Facies
2892 4325 2944 4378 in
2997 4324 3155 4381 niveo
3204 4328 3453 4381 rubebat.

1874 4420 2067 4491 Capilli
2107 4418 2357 4486 subﬂavi,
2387 4430 2613 4473 eatenus
2648 4417 2899 4487 promissi
2928 4428 2983 4471 ut
3006 4433 3162 4473 aures
3183 4429 3457 4490 tegerent,

1876 4528 1983 4569 non
2019 4512 2182 4566 etiam
2218 4524 2368 4564 more
2400 4508 2576 4578 gentis
2605 4508 2859 4563 humeros
2910 4507 3260 4579 ﬂagellarent,
3290 4525 3461 4578 neque

1874 4607 2017 4662 enim
2046 4604 2351 4659 insaniebat
2385 4602 2541 4655 istam
2570 4602 2835 4655 insaniam
2888 4616 3059 4655 conne
3104 4603 3456 4658 studendum.

1877 4700 2050 4755 Barba
2085 4697 2239 4765 cujus
2267 4696 2462 4751 coloris
2496 4702 2641 4749 esset
2676 4708 2780 4747 nou
2819 4710 3038 4763 possum
3072 4695 3250 4746 dicere
3275 4733 3288 4757 ,
3310 4709 3459 4761 ςυιιςιι

1878 4794 2073 4863 quippe
2100 4807 2165 4846 ac
2196 4800 2439 4844 ruentum
2461 4788 2576 4859 ejus
2598 4787 2715 4841 acie
2745 4786 3017 4840 novacula:
3043 4784 3108 4838 ad
3137 4793 3313 4839 cutem
3339 4800 3456 4838 rasa

1259 4911 1458 4971 Variae
1520 4912 1824 4977 lectiones
1855 4932 1929 4977 ex
1965 4911 2108 4974 cod.
2144 4908 2417 4973 Coislin.

238 5020 286 5052 “
314 5017 431 5083 τάς.
509 5019 555 5050 ⁸⁵
596 5013 1196 5087 περιεσφγμένος(εῑ‹·).
1274 5013 1321 5043 ⁵⁸
1359 5016 1423 5084 τῇ
1456 5015 1640 5084 σαρκί.

1722 5018 1763 5048 ³⁷
1797 5016 1955 5086 γοῦν.

1306 5138 1444 5195 (jar.
1481 5135 1809 5197 Dufresnii
1836 5139 1934 5197 Du
1964 5132 2190 5209 Cangii
2231 5137 2418 5193 notas.

273 5243 380 5311 (8'7)
421 5236 839 5311 'Etptzogdtfst.
885 5238 1333 5293 NumNormanui
1384 5239 1764 5311 caeteri.”th

1875 5248 1963 5311 est
2018 5236 2408 5311 ex_Cedr_ei_to,__
2440 5250 2563 5301 pag.
2605 5231 2730 5311 {55,
2778 5240 2841 5311 et
2904 5244 2965 5309 es
3026 5226 3242 5311 iishqum
3269 5239 3391 5281 nuta
3434 5238 3454 5283 t

185 5307 410 5376 Franci,
460 5321 595 5363 teste
652 5307 912 5364 Ortleriro
956 5310 1109 5365 Vitnli
1135 5311 1228 5363 lib.
1270 5326 1365 5363 vttt
1405 5326 1416 5360 :
1453 5308 1691 5378 Capillos
1733 5327 1765 5362 a

183 5385 382 5437 rertice
444 5383 499 5434 in
562 5380 782 5443 frontem
834 5380 1293 5445 discriminabant,
1360 5380 1542 5448 longos
1599 5379 1765 5431 crines

182 5454 352 5508 veluti
400 5452 643 5505 mulieres
676 5451 1001 5511 nutriebant.
1051 5462 1098 5504 et
1125 5464 1455 5516 aurnmopere
1486 5451 1767 5502 curabant.

182 5524 342 5577 Idem
377 5540 465 5575 an.
524 5518 708 5592 1092;
750 5516 828 5574 Eo
866 5532 950 5575 ten
973 5537 1097 5592 pore
1151 5518 1408 5573 militares
1451 5521 1547 5592 viri
1607 5535 1775 5592 mores

183 5606 441 5662 paternos
474 5595 528 5645 in
565 5589 753 5662 vestitu
782 5600 829 5643 et
864 5588 1174 5660 capillorum
1228 5600 1449 5662 tonsura,
1481 5588 1773 5662 derelique-

183 5660 343 5723 i'unt,
373 5679 499 5731 quos
549 5660 716 5732 paulo
762 5676 877 5725 post
918 5668 1194 5732 burgertses
1222 5670 1267 5713 et
1317 5660 1521 5732 rustici,
1569 5669 1615 5732 et
1651 5674 1776 5724 perte

188 5728 579 5803 latum-vulgus
624 5730 813 5783 imitati
848 5744 992 5787 sunt.
1019 5728 1096 5785 Ἐι
1120 5731 1209 5785 lib.
1244 5746 1280 5784 tt
1309 5748 1321 5784 :
1362 5728 1427 5782 In
1459 5730 1775 5782 nutrimento

184 5820 371 5856 autem
427 5818 728 5863 comarum,
797 5805 1073 5856 mulierum
1131 5814 1374 5866 sequaces
1422 5803 1774 5853 redimantur.

185 5874 380 5927 Gallos
411 5884 621 5928 veteres
657 5885 709 5930 ιιι
744 5870 981 5928 Francos
1013 5884 1220 5927 comam
1254 5870 1547 5926 nutrivisse
1598 5868 1770 5936 palam

1879 5308 2178 5362 Salmasius
2210 5307 2272 5358 ad
2302 5296 2565 5365 Sztlittlttti,
2602 5296 2918 5356 Gusselinus
2954 5300 3003 5351 in
3053 5296 3257 5350 Hister.
3293 5312 3451 5352 veter.

1876 5378 2018 5432 Gall.
2062 5378 2433 5430 llutnntaunus
2474 5383 2527 5426 et
2586 5372 2932 5425 Matharellus
2984 5368 3034 5421 iu
3070 5366 3452 5423 Fronto-Call.

1874 5459 2062 5503 contra
2121 5461 2283 5508 quam
2319 5443 2514 5504 Graeci,
2547 5443 2635 5510 qui
2668 5452 2825 5511 caput
2859 5442 3172 5511 tondebant,
3204 5449 3263 5491 ut
3292 5450 3376 5491 est
3402 5443 3453 5511 in

1874 5520 2043 5588 Epist.
2078 5514 2297 5588 Adriani
2451 5517 2530 5588 ad
2570 5509 2749 5567 Carol.
2799 5510 2868 5565 Μ.
2904 5527 2968 5563 ex
3007 5509 3074 5563 iis
3100 5524 3237 5577 quas
3292 5510 3459 5588 edidit

1872 5580 2182 5642 Gi'etzerus.
2210 5585 2363 5652 Angli
2394 5583 2553 5637 etiam
2578 5598 2639 5635 ea
2669 5591 2983 5652 tempestate
3006 5595 3217 5652 contain
3252 5580 3457 5652 nutrie-

1874 5659 2024 5718 bant,
2060 5670 2166 5723 quo
2200 5650 2415 5708 nomine
2442 5652 2510 5706 ab
2534 5652 2785 5705 Ansclmo
2831 5650 3208 5723 Cautumieuji
3234 5718 3245 5723 _
3278 5650 3458 5701 :trrlti-

1873 5717 2127 5796 episcopo
2180 5739 2287 5778 non
2346 5723 2760 5796 semcl_carptos
2785 5732 2970 5777 auctor
2998 5717 3455 5796 _e_s_t__l';adre.r_u.~_',

1872 5786 1965 5850 lib.
2001 5813 2038 5859 ι,
2061 5786 2131 5848 ἰιι
2159 5803 2213 5850 et
2259 5809 2309 5848 tv
2339 5792 2477 5850 Hist.
2505 5786 2705 5848 Nevor.
2736 5801 2790 5847 et
2815 5809 2881 5849 ex
2902 5806 2966 5845 eo
2998 5788 3296 5844 Wdlelntus
3328 5786 3455 5841 Mal-

1874 5865 2286 5923 mesburieusis.
