3900 6578
509 417 611 480 999

1804 406 2027 467 ANNzE
2067 404 2448 466 COMNENAS

3608 399 3716 464 100i)

510 527 855 597 superficiem
882 524 1151 579 habebant
1191 520 1381 590 quovis
1408 524 1574 589 gypso
1620 516 1920 579 unviorem;
1953 529 2084 569 con-

2198 514 2280 566 καὶ
2304 514 2333 564 ὁ
2364 510 2580 581 μυκτὴρ
2606 508 2891 579 ἐλεύθερον
2912 507 3065 562 ἔπνει
3084 506 3175 561 τὸν
3198 506 3357 576 ἀέρα.
3385 508 3665 579 Συνηγόρει
3681 514 3723 566 δὲ

510 630 715 683 jactura
755 628 931 671 tamen
966 624 1042 669 est
1076 613 1250 669 rufam
1307 620 1360 666 et
1419 611 1557 665 hanc
1602 610 1789 663 fuisse.
1850 608 2084 663 Glaucus

512 722 785 779 aspectus,
815 710 907 763 ira:
932 715 1095 771 atque
1121 706 1433 761 acerbitatis
1467 720 1572 760 non
1615 704 1752 757 bene
1799 702 2082 756 latentimn

514 803 560 854 vi
588 800 850 854 submista
905 800 1111 854 minax.
1159 796 1336 852 Nasus
1393 796 1562 851 libere
1638 810 1819 849 aerem
1881 794 2087 848 ducens

512 890 774 944 meatibus
805 888 1180 959 largiusculis;
1215 888 1294 942 sic
1322 886 1467 943 enim
1504 894 1623 941 erat
1667 901 1801 953 opus
1841 884 1907 937 ad
1942 898 2088 937 com-

512 982 666 1035 mode
715 980 1052 1035 inferendam
1112 978 1554 1046 eﬂ’erendamque
1602 977 1827 1046 spiritus
1874 975 2086 1041 copiam

510 1078 766 1140 quantam
786 1071 851 1124 ad
873 1068 1272 1123 eventilandnm
1292 1083 1385 1123 cor
1404 1066 1881 1138 flagrantissimum
1910 1063 2090 1133 pulmo

513 1161 809 1232 praelargus
836 1160 1139 1224 anhelaret,
1164 1163 1304 1214 unde
1335 1159 1422 1213 illa
1460 1160 1709 1213 instituto
1735 1168 1939 1211 natura:
1969 1172 2087 1224 pro.

514 1254 818 1324 portionem
847 1262 900 1309 et
931 1252 1378 1322 significationem
1415 1264 1654 1305 mutuam
1705 1248 1903 1304 habent
1928 1290 1944 1311 ,
1976 1264 2092 1302 ma-

511 1346 737 1413 gnitudo
755 1344 966 1399 narium
997 1353 1052 1398 et
1086 1346 1312 1399 vastitas
1342 1346 1597 1412 pectoris.
1646 1342 1928 1397 Emicabat
1954 1382 1969 1405 ,
2017 1340 2093 1394 fa-

515 1448 656 1503 teor,
681 1439 931 1493 universa
954 1455 1023 1493 ex
1052 1438 1231 1509 specie
1260 1451 1425 1493 suave
1454 1436 1728 1505 quiddam,
1764 1436 1863 1490 nisi
1889 1437 2091 1489 crebris

514 1532 881 1594 undecunque
939 1529 1097 1585 simul
1159 1527 1569 1597 erumpentibus
1646 1526 1874 1581 terroris
1930 1526 2090 1595 quasi

516 1621 805 1690 fuigctris,
841 1622 1069 1676 blandus
1134 1620 1222 1675 ille
1272 1620 1454 1675 radius
1502 1619 1856 1690 frangeretur.
1912 1621 2095 1688 Itaque

516 1714 908 1767 amabilitatem
946 1722 1160 1767 tenuem
1220 1712 1411 1781 majori
1465 1713 1753 1768 odiositate
1790 1714 2053 1767 obruente
2077 1752 2090 1775 ,

519 1814 630 1858 tam
664 1805 751 1857 ille
789 1804 1070 1875 giganteos
1116 1813 1291 1860 status
1318 1843 1334 1869 ,
1367 1819 1529 1873 quam
1577 1804 1800 1860 torvitas
1845 1805 2091 1874 quaedam

519 1894 714 1949 frontis
739 1897 944 1961 arduae,
977 1910 1037 1947 ac
1065 1894 1221 1963 quasi
1254 1896 1320 1950 ad
1349 1896 1456 1948 vim
1504 1896 1881 1965 expeditorum
1931 1897 2091 1951 tacita

518 1988 805 2040 minacitas
846 1996 1090 2050 artuum,
1118 1988 1371 2040 universo
1402 1995 1696 2056 conspectu
1746 1986 1917 2043 ferum
1950 1988 2091 2043 haud

517 2078 677 2133 dubie
711 2079 988 2148 quidpiam
1038 2089 1091 2132 et
1142 2080 1413 2133 illaetabile
1474 2080 1751 2148 spirabat;
1784 2091 1840 2135 ut
1890 2081 2095 2136 arrisns

516 2171 630 2237 ejus
652 2213 667 2237 ,
696 2172 824 2225 mihi
854 2172 1072 2241 quidem
1107 2212 1121 2235 ,
1172 2171 1340 2227 nihilo
1406 2174 1678 2227 videretur
1705 2175 1973 2227 ammnior
2001 2184 2094 2227 aut

517 2262 762 2317 blandior
794 2302 809 2327 ,
841 2278 1001 2332 quam
1035 2263 1261 2317 aliorum
1320 2263 1457 2317 irata
1506 2263 1675 2318 facies
1720 2263 2051 2334 jurgantium
2076 2306 2090 2329 ,

518 2358 650 2409 adeo
680 2370 788 2409 non
840 2370 1055 2409 mavors
1114 2355 1285 2409 solum
1336 2356 1494 2423 ejus,
1555 2356 1648 2409 sed
1704 2356 2095 2426 qualiscunque

518 2459 671 2500 amor
695 2446 881 2512 etiam,
920 2446 1167 2500 militaris
1204 2446 1255 2499 in
1284 2460 1347 2499 eo
1383 2455 1541 2513 atque
1590 2455 1831 2501 armatus
1870 2462 2094 2516 appaie-

517 2537 611 2591 bat
650 2556 663 2591 :
708 2536 780 2591 ita
838 2548 1013 2590 tamen
1059 2546 1113 2590 ut
1156 2537 1387 2591 sentires
1452 2539 1771 2591 suavitatem
1836 2540 2095 2593 exsistere

519 2636 685 2681 totam
742 2642 769 2679 a
813 2638 1003 2680 natura
1036 2627 1336 2697 formaque
1394 2630 1684 2696 corporis,
1745 2630 1849 2683 vim
1896 2646 2093 2683 stevain

520 2726 682 2787 atque
724 2718 1013 2772 immanem
1054 2734 1082 2770 ιι
1136 2720 1366 2774 barbaro
1420 2720 1560 2775 intus
1608 2722 1885 2775 habitante
1930 2722 2093 2775 amari

518 2810 719 2864 animo.
760 2809 888 2862 Erat
933 2809 1113 2863 isnon
1168 2811 1507 2880 malignitate
1556 2814 1731 2867 solum
1791 2815 2098 2868 cumulatus

518 2901 767 2972 plurima,
789 2916 971 2955 verum
996 2902 1202 2957 artibus
1225 2918 1438 2973 quoque
1476 2908 1542 2959 ad
1576 2905 1713 2959 hanc
1736 2921 1967 2960 exercen
1995 2910 2095 2959 Tam

517 2993 770 3046 omnibus
803 2990 1115 3057 abundans;
1154 2992 1285 3046 nihil
1321 3006 1384 3046 eo
1417 2994 1704 3060 versutins,
1736 2995 1867 3047 nihil
1907 3010 2092 3063 prom-

516 3080 758 3149 ptissima
785 3078 992 3135 consilii
1038 3083 1533 3137 accommodatione
1591 3085 1761 3153 magis
1788 3086 2095 3153 expeditum

2186 606 2265 676 τῷ
2299 605 2538 675 μυκτῆρι
2570 604 2658 657 διὰ
2679 602 2788 656 τῶν
2805 603 3065 673 στέρνων,
3096 602 3193 656 καὶ
3213 602 3301 655 διὰ
3324 602 3421 654 τοῦ
3475 604 3720 674 μυκτῆρος

2187 698 2286 767 τὴν
2305 698 2411 751 τῶν
2439 699 2677 768 στέρνων
2696 696 2990 770 εὐρύτηταθ
3016 698 3173 767 ἡγὰρ
3191 695 3354 764 φύσις
3370 696 3624 762 διεξόδους
3640 700 3726 754 ἐδε.

2189 790 2351 844 δώκει
2383 790 2473 845 διὰ
2501 792 2609 844 τῶν
2632 790 2797 861 ῥινῶν
2817 791 2910 844 τοῦ
2930 790 3038 843 ἀπὸ
3061 790 3161 859 τῆς
3185 789 3416 860 καρδίας
3454 790 3723 857 παφλάζον-

2188 901 2280 945 τος
2310 882 2647 951 πνεύματος.
2696 881 2824 936 Ἡδὺ
2846 881 2905 935 δέ
2940 900 2994 935 τι
3029 883 3127 934 καὶ
3151 882 3471 950 ἐνεφαίνετο
3497 882 3570 950 τῷ
3598 884 3721 955 ἀνδρὶ

2189 974 2389 1044 τούτῳ,
2410 975 2542 1027 ἀλλὰ
2580 978 2691 1036 τοῖς
2728 975 3104 1044 ἁπανταχόθεν
3132 974 3386 1045 φοϐεροῖς
3409 973 3723 1043 ὑπεθραὺετε·

2192 1067 2308 1139 ὅλος
2364 1069 2477 1138 γὰρ
2506 1068 2574 1120 δι’
2605 1068 2729 1121 ὅλου
2760 1066 2853 1119 τοῦ
2895 1066 3149 1137 σώματος
3209 1066 3531 1134 ἀμείλικτος
3553 1062 3613 1135 ἦν
3657 1072 3724 1121 κεί

2193 1158 2467 1230 Θηριώδης
2498 1162 2524 1213 ὁ
2553 1159 2864 1229 ἄνθρωπος,
2927 1160 3035 1213 ἀπὸ
3079 1158 3171 1211 τοῦ
3223 1158 3511 1227 μεγέθους,
3538 1158 3636 1210 ἀπδ
3656 1160 3723 1211 τοῦ

2196 1251 2528 1321 βλέμματος,
2556 1253 2704 1306 δοκεῖ
2736 1270 2849 1320 μοι⁹
2876 1253 2971 1305 καὶ
2996 1254 3023 1304 ὁ
3048 1252 3219 1319 γέλως
3253 1251 3419 1303 αὐτοῦ
3448 1254 3553 1313 τοῖς
3585 1252 3725 1314 ἄλλοις

2195 1344 2529 1414 ἐμϐρίμημα
2560 1342 2645 1415 ἦν.
2678 1343 2864 1406 Οὕτως
2899 1340 3013 1413 εἶχε
3055 1344 3235 1412 ψυχῆς
3268 1361 3327 1395 τε
3378 1344 3470 1395 καὶ
3498 1341 3723 1412 σώματος,

2192 1436 2269 1499 ὡς
2292 1438 2397 1490 οιαὶ
2447 1436 2540 1489 τὸν
2590 1436 2762 1504 θυμὸν
2797 1436 2853 1487 ἐν
2888 1426 3084 1504 ’τούτῳ
3142 1434 3506 1504 κορύσσεσοαι
3557 1436 3726 1487 καὶτζν

2195 1527 2398 1596 ἔρωτα,
2448 1528 2543 1580 καλ⁵
2587 1526 2939 1597 ἀμφοτέρους
2995 1528 3129 1597 ὀρᾷν
3165 1526 3325 1596 ,πρὸς
3396 1526 3638 1594 πόλεμον.
3676 1529 3725 1578 Τὸ

2194 1618 2251 1672 δὲ
2301 1620 2560 1689 φρόνημα
2593 1618 2744 1687 αὐτῷ
2778 1618 3124 1671 παντοδαπὸν
3156 1620 3251 1670 καὶ
3318 1616 3637 1686 πανοῦργον,
3660 1624 3726 1670 καὶ

2198 1712 2333 1783 πρὸς
2363 1711 2580 1765 ᾶπαντα
2630 1711 2801 1783 λαϐὴν
2850 1710 3233 1781 διαδιδρᾶσκον
3265 1725 3278 1738 ·
3345 1712 3401 1763 αξ
3434 1710 3538 1779 γὰρ
3560 1709 3725 1777 ὁμιλίαι

2196 1806 2371 1875 τούτῳ
2412 1804 2685 1875 ἀκριϐεῖς,
2718 1803 2813 1856 καὶ
2865 1804 2963 1866 τὰς
2983 1802 3312 1871 ἀποκρίσεις
3344 1802 3515 1855 ἐδίδου
3561 1819 3728 1856 παντες

2195 1897 2355 1968 κόθεν
2413 1897 2872 1968 ἀπεριδράκτους.
2939 1896 3050 1948 Καὶ
3104 1894 3347 1958 τοιοῦτος
3386 1894 3461 1947 ὢν
3530 1897 3618 1947 καὶ
3661 1914 3733 1965 τοι,

2200 1988 2407 2052 σοῦτος,
2453 1988 2599 2058 μόνῳ
2654 1987 2730 2057 τῷ
2770 1986 3132 2057 αὐτοκράτορι
3186 1985 3463 2056 ἁλώσιμος
3511 1983 3606 2055 ἦν,
3662 1991 3727 2041 καὶ

2193 2081 2339 2154 τύχῃ
2389 2081 2482 2134 καὶ
2512 2080 2693 2148 λόγοις
2759 2081 2855 2132 καὶ
2912 2084 3023 2141 τοῖς
3077 2080 3262 2141 ἄλλοις
3286 2081 3399 2141 τοῖς
3430 2080 3533 2131 ἀπὸ
3556 2078 3725 2145 passo;

2196 2175 2687 2244 πλεονεκτήμασιν.
2756 2175 3102 2244 ’Λναμνήσας
3169 2169 3264 2225 οὖν
3334 2176 3360 2225 ὁ
3417 2174 3728 2241 αὐτοκράτωρ

2197 2264 2362 2319 αὑτὸν
2397 2265 2506 2318 τῶν
2543 2266 2826 2336 προτέρων
2857 2266 3220 2336 ἐπιτροχάδην
3250 2268 3345 2319 καὶ
3378 2268 3730 2333 συνεςκασμὲ-

2197 2372 2303 2418 νως
2333 2373 2448 2417 πως
2486 2355 2637 2425 αὐτῷ
2673 2358 3061 2426 παραστήσας,
3096 2358 3293 2427 ἑτέραν
3329 2358 3486 2425 λόγου
3525 2359 3731 2427 περίοδον

2197 2447 2518 2515 ἐποιήσατο.
2582 2446 2641 2499 Ὀ
2685 2447 2738 2500 δὲ
2776 2448 2875 2517 τὴν
2910 2447 3051 2502 ἰδίαν
3097 2450 3407 2520 συνείδησιν
3441 2450 3575 2519 ἔχων
3612 2452 3733 2517 ἐλέγ-

2198 2554 2418 2607 χουσιν,
2472 2538 2794 2613 ἐπιτῃδείως
2847 2540 2947 2601 τὰς
3008 2541 3141 2608 πρὸς
3190 2542 3317 2603 τοὺς
3371 2540 3560 2607 λόγους
3602 2542 3733 2594 αὐτοῦ

2198 2630 2874 2701 ἐξέφυρενάνθυποςορέις,
2896 2630 3051 2683 τοῦτο
3082 2632 3243 2699 μόνον
3264 2633 3523 2701 φάμενος,
3544 2632 3608 2694 ὡς
3631 2634 3736 2702 Οὐχὶ

2199 2728 2329 2795 περ)¹
2355 2725 2465 2778 τῶν
2494 2725 2755 2779 τοιούτων
2778 2724 3167 2793 ἁνακρίνεσοαι
3197 2724 3454 2791 ἐλήλυθα.
3483 2722 3629 2794 Εἶχον
3654 2732 3737 2795 γὰρ

2201 2819 2266 2873 ἂν
2314 2820 2410 2873 καὶ
2480 2817 2643 2879 αὐτὸς
2688 2814 2732 2848 ⁸⁸
2783 2816 2954 2868 πολλὰ
3020 2816 3217 2881 λέγειν.
3268 2815 3373 2869 Τοῦ
3439 2816 3572 2868 θεοῦ
3613 2818 3659 2869 δὲ
3696 2819 3739 2866 ὲν

2199 2914 2417 2974 ταυτοῖς
2448 2927 2512 2980 με
2555 2909 2965 2968 συνελάσαντος,
3006 2911 3183 2961 πάντα.
3225 2908 3319 2960 τοῦ
3367 2908 3551 2960 λοιποῦ
3585 2909 3652 2977 τῷ
3682 2910 3739 2975 τῷ

2201 3003 2501 3073 ἀνατίθημι
2545 3002 2761 3071 κράτει.
2826 3001 2883 3054 '0
2914 3000 2971 3053 δὲ
3009 3000 3266 3069 βασιλεὺς
3298 3000 3433 3069 πρὸς
3474 3001 3653 3051 αὐτόν·
3681 3003 3739 3051 Τὰ

2207 3097 2305 3166 μὲν
2343 3096 2759 3166 παρεληλυθότα
2816 3094 3002 3147 ἐατέον
3053 3094 3114 3145 τὸ
3168 3094 3285 3155 νῦν,
3340 3098 3404 3148 σὺ
3440 3096 3493 3147 δὲ
3528 3096 3572 3146 εξ
3599 3094 3740 3163 βούλει

520 3171 585 3225 ad
639 3172 1016 3227 conversiones
1051 3173 1289 3227 omnium
1338 3182 1660 3243 temporum.
1700 3173 1983 3243 Nunquam
2032 3178 2093 3229 illi

2213 3190 2543 3243 σπείσασθαι
2580 3189 2701 3257 μεθ’
2748 3187 2926 3257 ἡμῶν,
2981 3188 3198 3257 πρῶτον
3249 3188 3347 3256 μὲν
3386 3188 3479 3240 ἕνα
3531 3189 3630 3240 τῶν
3662 3189 3742 3239 ὑπὸ

518 3265 737 3319 occasio
756 3280 942 3337 ansam
981 3266 1243 3334 imparato
1262 3267 1449 3332 daret;
1479 3283 1748 3335 nunquam
1774 3270 1914 3338 quod
1931 3270 2104 3325 cuivis

520 3354 764 3421 petitioni
788 3365 1081 3424 opponeret
1113 3366 1323 3410 scutum
1354 3356 1560 3410 deerat.
1599 3357 1791 3411 Sermo
1835 3357 1952 3426 ejus
1984 3370 2096 3439 tra-

522 3444 720 3498 ctantis
772 3455 1087 3512 accuratus;
1116 3448 1494 3524 responsiones
1537 3449 1682 3503 omni
1730 3451 1966 3521 undique
1989 3453 2100 3506 cir-

523 3536 926 3604 cumspectione
966 3539 1314 3606 praemunita,
1338 3550 1387 3593 et
1411 3540 1667 3596 adversus
1690 3542 1766 3595 vel
1786 3544 2104 3597 acerrimam

524 3642 763 3683 censurae
800 3630 1029 3699 vigiliam
1064 3632 1304 3700 cujusvis
1336 3675 1350 3700 ,
1405 3650 1524 3697 sua,
1550 3636 1892 3702 prehensioni
1919 3636 2097 3690 lowm

523 3722 794 3789 praebente
825 3724 988 3789 nulli,
1026 3726 1308 3793 prudentia
1364 3726 1672 3780 tutissima'.
1724 3727 1962 3798 Denique
2015 3732 2100 3785 hic

524 3809 649 3863 talis
682 3826 745 3865 ac
776 3819 955 3867 tantus
993 3814 1113 3878 fuit,
1152 3824 1208 3867 ut
1259 3816 1352 3868 uni
1385 3817 1622 3870 Omnium
1650 3819 1739 3886 qui
1785 3830 1911 3873 tunc
1940 3832 2098 3875 erant

2208 3284 2300 3337 τὸν
2345 3284 2479 3351 ἐμὸν
2527 3281 2734 3349 κράτος
2786 3280 2891 3351 χρὴ
2929 3282 2985 3332 σὲ
3019 3280 3319 3347 γενέσθαι,
3367 3278 3483 3333 εἶτα
3537 3281 3743 3349 δηλῶσαι

2213 3376 2345 3446 περὶ
2387 3374 2553 3428 αὑτοῦ
2592 3392 2650 3425 τε
2683 3374 2878 3427 τούτου
2910 3373 2987 3443 τῷ
3021 3373 3098 3444 σῴ
3136 3375 3345 3443 ἀνεψιῷ
3378 3377 3614 3444 Ταγγρὲ,
3648 3376 3742 3426 ἐπι-

2215 3466 2421 3535 σκῆψαί
2455 3452 2519 3520 τέ
2562 3468 2736 3537 αὐτῷ.
2772 3470 2887 3529 τοῖς
2922 3467 2979 3532 ἐξ
3023 3467 3158 3536 ἐμοῦ
3203 3468 3561 3521 ἀποσταλείσι
3602 3485 3744 3537 παραυ

2209 3556 2391 3610 δοῦναι
2422 3558 2521 3625 τὴν
2566 3557 2901 3627 Ἀντιόχειαν
2926 3558 3069 3610 κατὰ
3101 3561 3199 3621 τὰς
3231 3558 3519 3626 γεγονυίας
3546 3559 3745 3627 ἐξαρχὴν

2212 3648 2536 3715 συμφωνίας
2585 3648 2718 3717 ἡμῖν
2752 3650 2819 3714 ‘9,
2874 3644 2993 3700 εἶτα
3064 3651 3158 3701 καὶ
3189 3650 3236 3702 τ’
3282 3650 3419 3703 ἄλλα
3467 3652 3632 3703 πάντα
3669 3652 3743 3701 ὅσα

2207 3737 2649 3807 συμπεφώνηται
2714 3740 2869 3810 ἡμῖν,
2899 3739 3139 3809 τηρῆσαι
3210 3740 3330 3811 νῦν,
3356 3757 3417 3792 τε
3470 3743 3561 3793 καὶ
3605 3742 3742 3811 μετέ·

2215 3844 2280 3879 πε
2296 3846 2400 3882 ιτα.

526 3906 800 3959 Ιιοιιιὶιιιιιιι
830 3910 1140 3974 imperatori
1171 3908 1359 3962 Alexio
1385 3914 1652 3966 secundus
1682 3949 1696 3977 ,
1748 3915 1835 3969 uni
1866 3917 2124 3975 duntaxat
2160 3922 2233 3976 illi
2272 3923 2509 3993 fortuna,
2546 3926 2594 3980 vi
2627 3928 2857 3993 dicendi|
2889 3930 3137 3995 consilio,
3202 3936 3517 4003 exterisque
3576 3944 3745 3987 natum

526 4000 737 4056 dotibus
763 4012 906 4057 esset
932 4002 1193 4060 infeiior;
1232 4003 1387 4069 plane
1435 4005 1829 4064 invictissimus
1860 4010 2091 4078 futurus,
2130 4018 2232 4070 nisi
2264 4034 2385 4073 eum
2425 4033 2559 4076 mtas
2592 4037 2709 4084 sua,
2746 4038 3031 4092 rerumque
3062 4041 3124 4078 ac
3154 4028 3266 4095 spei
3346 4000 3578 4082 rationes
3639 4044 3736 4079 cum

526 4104 680 4163 patre
717 4110 835 4148 meo
906 4096 1329 4149 commisissent.
1375 4095 1477 4161 Qui
1557 4100 1773 4167 quidem
1821 4119 1971 4159 meus
2025 4122 2087 4173 pa

2211 4111 2259 4163 ei
2291 4122 2417 4168 tunc
2455 4114 2557 4167 sibi
2584 4117 2803 4179 astanti,
2842 4132 2938 4186 pro
2961 4133 3021 4171 ea
3066 4135 3169 4187 qua
3204 4121 3417 4175 valebat
3452 4124 3629 4175 festiva
3668 4138 3741 4189 pe.

528 4187 650 4279 “lla
673 4188 937 4241 sermonis
955 4191 1019 4279 δέ]
1044 4203 1196 4241 “sum
1228 4203 1608 4258 (ιηθιιιευηίιυο
1626 4192 1787 4264 405
1814 4197 2095 4265 figurandi,
2140 4201 2411 4258 refricavit
2447 4209 2680 4275 primum
2755 4210 2909 4275 quasi
2958 4210 3100 4263 aliud
3153 4227 3317 4279 agens
3361 4214 3538 4266 obiter
3613 4187 3743 4277 atque

531 4277 747 4346 oblique
771 4278 1084 4332 memoriam
1121 4281 1558 4347 prieteritorum:
1627 4300 1744 4353 qua:
1770 4303 1891 4342 cum
1975 4306 2162 4347 morsu
2204 4299 2571 4364 conscientiae,
2604 4309 2657 4352 et
2686 4301 3059 4356 recordatione
3106 4277 3453 4358 siieeessuum
3491 4306 3655 4355 minus
3683 4304 3743 4353 fe-

528 4371 730 4435 licium,
765 4373 1071 4440 displiceret
1114 4373 1434 4437 Baimnndo,
1469 4387 1675 4433 mature
1709 4381 1755 4432 is
1785 4382 2142 4453 interpellavit
2169 4388 2433 4458 ingratam
2468 4391 2795 4451 orationem.
2857 4408 2957 4445 nec
3015 4392 3155 4446 ultra
3220 4408 3384 4446 unam
3448 4398 3743 4457 alteramqu:

529 4464 809 4535 perio'dum
840 4465 963 4518 sivit
1015 4478 1299 4519 excurrere
1335 4482 1347 4517 :
1379 4481 1499 4519 cum
1543 4478 1595 4521 et
1640 4469 1751 4538 ipse
1790 4488 1955 4542 prope
2003 4491 2099 4543 par
2139 4477 2358 4544 artifex,
2381 4495 2485 4533 non
2514 4480 2691 4535 minus
2714 4490 2890 4535 astute
2911 4482 3225 4547 declinaret,
3287 4500 3449 4553 quam
3506 4486 3745 4554 ίιιεεηίυδυ

531 4556 849 4630 petebatur;
883 4567 935 4612 et
964 4572 1082 4625 qua:
1147 4560 1374 4612 obscure
1418 4575 1481 4614 ac
1535 4564 1835 4631 generatim
1884 4567 2321 4639 intendebantur,
2403 4575 2697 4627 nniversim
2762 4589 2975 4644 quoque
3039 4592 3101 4630 ac
3148 4578 3553 4633 dissimulanter
3594 4583 3745 4647 depel-

530 4655 709 4736 leret:
749 4650 872 4705 illud
920 4650 1145 4741 subinde
1192 4651 1506 4717 admonens,
1556 4659 1872 4726 neutiquam
1927 4663 2216 4718 advenisse
2247 4681 2306 4721 se
2339 4667 2764 4736 disceptatorum
2798 4669 2865 4723 de
2929 4669 3087 4725 rebus
3155 4672 3296 4733 istis,
3365 4672 3597 4741 alioquin
3647 4688 3741 4726 cs~e

535 4742 635 4797 sibi
669 4745 830 4798 etiam
868 4740 1134 4810 permulta
1168 4742 1223 4796 in
1259 4743 1364 4798 illis
1427 4748 1760 4814 temporibus
1836 4752 2175 4822 negotiisque
2211 4756 2279 4811 de
2309 4758 2502 4825 quibus
2533 4757 2789 4824 conqueri
2826 4767 2880 4811 et
2904 4758 3248 4827 expostulare
3273 4766 3396 4830 jure
3445 4740 3615 4831 posset
3647 4775 3741 4827 δυο,
3826 4754 3827 4757 “

535 4851 653 4905 qua:
676 4836 931 4905 quoniam
961 4833 1157 4888 divinae
1195 4836 1355 4889 ductu
1383 4836 1747 4895 Providentia:
1786 4844 1889 4898 huc
1937 4847 2094 4901 modo
2133 4851 2197 4904 de
2226 4864 2354 4918 pace
2380 4858 2707 4905 tractaturus
2774 4853 3007 4915 venerit,
3076 4855 3345 4923 majestati
3398 4856 3510 4924 ejus
3564 4863 3735 4913 condo-

535 4952 691 4997 naret
720 4943 1156 5014 permitteretque
1188 4958 1327 4997 nunc
1363 4946 1564 4999 omnia.
1589 4942 1741 4998 Tunc
1774 4946 2096 5015 imperator:
2140 4946 2335 5003 Vetera
2371 4951 2530 5020 igitur
2554 4967 2684 5008 sane
2701 4953 3094 5021 delinquamus.
3121 4951 3197 5006 Te
3253 4968 3402 5020 vero,
3465 4957 3741 5017 Baimunie,
3824 4976 3825 5007 ξ

536 5032 580 5086 si
612 5033 750 5088 bona
787 5035 892 5089 fide
934 5049 1143 5088 mecum
1194 5033 1247 5086 in
1294 5035 1585 5089 amicitiam
1638 5038 1929 5091 convenire
1990 5040 2070 5094 vis
2096 5077 2111 5103 ,
2149 5041 2382 5109 primum
2414 5043 2653 5095 omnium
2689 5044 2955 5111 subjicere
2982 5043 3134 5105 mihi,
3165 5054 3219 5098 et
3288 5046 3561 5099 dominum
3622 5048 3744 5115 prin‘

536 5125 815 5193 cipemque
846 5139 930 5179 me
963 5134 1108 5178 tuum
1150 5139 1444 5195 agnoscere
1467 5144 1527 5182 ac
1569 5128 1807 5196 profiteri
1853 5140 2097 5200 oportet,
2182 5143 2293 5188 tum
2361 5135 2488 5188 illud
2522 5136 2694 5205 ipsum
2724 5138 2900 5205 nepoti
2937 5148 3027 5190 tuo
3060 5136 3340 5191 'l'ancredo
3380 5140 3631 5191 mandare
3674 5152 3745 5203 per

538 5214 740 5271 litteras
764 5225 817 5268 nt
847 5226 900 5271 et
926 5217 1037 5286 ipse
1067 5226 1320 5283 praestet;
1352 5226 1749 5292 praecipereque
1770 5224 1914 5276 serio
1934 5223 2108 5277 eidem
2152 5233 2211 5280 ut
2236 5227 2575 5282 Antiochiam
2606 5227 2758 5295 juxta
2786 5237 2939 5295 pacta
2968 5240 3230 5280 conventa
3262 5228 3412 5296 prius
3478 5230 3621 5282 inter
3670 5243 3744 5279 no.

532 5305 731 5375 jurata,
761 5312 989 5365 ducibus
1019 5325 1048 5364 a
1081 5327 1167 5365 me
1232 5313 1413 5372 missis
1478 5326 1571 5369 aut
1616 5317 1896 5371 mittendis
1982 5321 2179 5375 tradat.
2221 5322 2500 5378 Postremo
2532 5323 2755 5379 inducas
2803 5324 2858 5377 in
2900 5324 3138 5377 animum
3186 5333 3241 5377 et
3282 5334 3465 5379 sancte
3508 5326 3744 5391 spondeas

536 5401 695 5455 velim
722 5412 912 5460 uetera
947 5414 998 5459 te
1025 5408 1207 5458 omnia
1241 5420 1361 5476 quae
1391 5406 1518 5461 olim
1570 5411 1697 5464 mihi
1748 5412 2102 5481 promiseras,
2144 5417 2210 5468 de
2240 5429 2437 5473 caetero
2466 5418 2717 5489 religiose
2734 5429 3077 5475 servaturum
3132 5417 3507 5489 facturuinque
3565 5435 3745 5473 summa

536 5494 1082 5564 constantissimaque
1106 5496 1225 5552 fide.

607 5588 741 5644 Cum
768 5589 882 5645 haec
912 5600 965 5644 et
996 5591 1097 5645 alia
1123 5592 1239 5661 ejus
1288 5598 1504 5663 generis
1546 5597 1696 5667 plura
1740 5600 2002 5657 dixissent
2035 5603 2093 5657 vi

2293 5602 2482 5658 Ταῦτα
2517 5602 2611 5657 τοῦ
2645 5603 2914 5675 βασιλέως
2944 5604 3036 5662 καὶ
3070 5605 3207 5661 ἄλλα
3248 5607 3415 5662 πλείω
3452 5609 3587 5679 πρὸς
3616 5608 3746 5661 αὑτὸν

1559 5732 1762 5796 Varias
1811 5734 2112 5799 lectiones
2153 5754 2227 5800 ex
2264 5736 2408 5802 cod.
2439 5738 2696 5807 Coislin.

607 5823 652 5858 ⁵⁵
686 5826 819 5897 πρὸς
852 5823 1012 5878 αὑτά.
1085 5823 1129 5858 ⁸⁸
1157 5823 1334 5898 ἡμῶν.
