  <div class='ocr_page' id='page_1' title='image "/cluster/home/n/w/nwhite01/storage/ocr_20150623/131/hvd.32044019208263/526.png"; bbox 0 0 3900 6582; ppageno 0'>
   <div class='ocr_carea' id='block_1_1' title="bbox 232 336 363 400">
    <p class='ocr_par' dir='ltr' id='par_1_1' title="bbox 232 336 363 400">
     <span class='ocr_line' id='line_1_1' title="bbox 232 336 363 400; baseline 0 0"><span class='ocrx_word' id='word_1_1' title='bbox 232 336 363 400; x_wconf 70' lang='grc'>1001</span> 
     </span>
    </p>
   </div>
   <div class='ocr_carea' id='block_1_2' title="bbox 1463 328 2257 395">
    <p class='ocr_par' dir='ltr' id='par_1_2' title="bbox 1463 328 2257 395">
     <span class='ocr_line' id='line_1_2' title="bbox 1463 328 2257 395; baseline -0.005 -1"><span class='ocrx_word' id='word_1_2' title='bbox 1463 331 1875 395; x_wconf 73' lang='lat' dir='ltr'><strong>ALEXIADIS</strong></span> <span class='ocrx_word' id='word_1_3' title='bbox 1902 330 2046 389; x_wconf 80' lang='lat' dir='ltr'><strong>LlB.</strong></span> <span class='ocrx_word' id='word_1_4' title='bbox 2087 328 2257 390; x_wconf 79' lang='lat' dir='ltr'><strong>XIII.</strong></span> 
     </span>
    </p>
   </div>
   <div class='ocr_carea' id='block_1_3' title="bbox 3338 330 3473 388">
    <p class='ocr_par' dir='ltr' id='par_1_3' title="bbox 3338 330 3473 388">
     <span class='ocr_line' id='line_1_3' title="bbox 3338 330 3473 388; baseline -0.007 0"><span class='ocrx_word' id='word_1_5' title='bbox 3338 330 3473 388; x_wconf 76' lang='lat'><strong>102</strong></span> 
     </span>
    </p>
   </div>
   <div class='ocr_carea' id='block_1_4' title="bbox 226 434 1803 514">
    <p class='ocr_par' dir='ltr' id='par_1_4' title="bbox 226 448 1801 514">
     <span class='ocr_line' id='line_1_4' title="bbox 226 448 1801 514; baseline -0.004 -10"><span class='ocrx_word' id='word_1_6' title='bbox 226 452 479 514; x_wconf 72' lang='grc' dir='ltr'><strong>εἰπόντος</strong></span> <span class='ocrx_word' id='word_1_7' title='bbox 520 468 577 503; x_wconf 89' lang='grc' dir='ltr'><strong>τε</strong></span> <span class='ocrx_word' id='word_1_8' title='bbox 635 450 730 503; x_wconf 73' lang='grc' dir='ltr'><strong>καὶ</strong></span> <span class='ocrx_word' id='word_1_9' title='bbox 788 449 1143 514; x_wconf 72' lang='grc' dir='ltr'><strong>ἀκούσαντος,</strong></span> <span class='ocrx_word' id='word_1_10' title='bbox 1188 449 1310 503; x_wconf 69' lang='grc' dir='ltr'><strong>ἐπεὶ</strong></span> <span class='ocrx_word' id='word_1_11' title='bbox 1342 450 1368 502; x_wconf 74' lang='grc' dir='ltr'>ὁ</span> <span class='ocrx_word' id='word_1_12' title='bbox 1398 450 1557 511; x_wconf 68' lang='grc' dir='ltr'><strong>αὐτος</strong></span> <span class='ocrx_word' id='word_1_13' title='bbox 1598 448 1801 507; x_wconf 81' lang='grc' dir='ltr'><strong>ἐκεῖνος</strong></span> 
     </span>
    </p>
   </div>
   <div class='ocr_carea' id='block_1_5' title="bbox 1908 434 3447 514">
    <p class='ocr_par' dir='ltr' id='par_1_5' title="bbox 1908 434 3447 511">
     <span class='ocr_line' id='line_1_5' title="bbox 1908 434 3447 511; baseline -0.001 -15"><span class='ocrx_word' id='word_1_14' title='bbox 1908 444 2088 497; x_wconf 87' lang='lat' dir='ltr'><strong>ciss&#39;m</strong></span> <span class='ocrx_word' id='word_1_15' title='bbox 2123 443 2557 511; x_wconf 80' lang='lat' dir='ltr'><strong>atulirissentqtte</strong></span> <span class='ocrx_word' id='word_1_16' title='bbox 2594 443 2732 497; x_wconf 88' lang='lat' dir='ltr'><strong>inter</strong></span> <span class='ocrx_word' id='word_1_17' title='bbox 2781 456 2839 497; x_wconf 88' lang='lat' dir='ltr'><strong>se</strong></span> <span class='ocrx_word' id='word_1_18' title='bbox 2903 442 3198 511; x_wconf 70' lang='lat' dir='ltr'><strong>imperator</strong></span> <span class='ocrx_word' id='word_1_19' title='bbox 3246 454 3300 498; x_wconf 86' lang='lat' dir='ltr'><strong>et</strong></span> <span class='ocrx_word' id='word_1_20' title='bbox 3357 434 3447 496; x_wconf 81' lang='lat' dir='ltr'><strong>Bai</strong></span> 
     </span>
    </p>
   </div>
   <div class='ocr_carea' id='block_1_6' title="bbox 229 539 1804 613">
    <p class='ocr_par' dir='ltr' id='par_1_6' title="bbox 229 539 1804 613">
     <span class='ocr_line' id='line_1_6' title="bbox 229 539 1804 613; baseline 0.002 -19"><span class='ocrx_word' id='word_1_21' title='bbox 229 539 298 613; x_wconf 69' lang='grc' dir='ltr'>ἦν</span> <span class='ocrx_word' id='word_1_22' title='bbox 338 544 365 596; x_wconf 83' lang='grc' dir='ltr'><strong>ὁ</strong></span> <span class='ocrx_word' id='word_1_23' title='bbox 408 541 746 612; x_wconf 80' lang='grc' dir='ltr'><strong>Βαῖμοῦντος</strong></span> <span class='ocrx_word' id='word_1_24' title='bbox 795 540 890 594; x_wconf 81' lang='grc' dir='ltr'><strong>καὶ</strong></span> <span class='ocrx_word' id='word_1_25' title='bbox 934 542 1031 595; x_wconf 71' lang='grc' dir='ltr'><strong>οὐκ</strong></span> <span class='ocrx_word' id='word_1_26' title='bbox 1077 542 1353 611; x_wconf 78' lang='grc' dir='ltr'><strong>ἠλλοίωτο,</strong></span> <span class='ocrx_word' id='word_1_27' title='bbox 1392 542 1493 611; x_wconf 78' lang='grc' dir='ltr'><strong>ἔφη</strong></span> <span class='ocrx_word' id='word_1_28' title='bbox 1528 541 1804 601; x_wconf 85' lang='grc' dir='ltr'><strong>ἀδυνάτως</strong></span> 
     </span>
    </p>
   </div>
   <div class='ocr_carea' id='block_1_7' title="bbox 233 630 1803 703">
    <p class='ocr_par' dir='ltr' id='par_1_7' title="bbox 233 630 1803 703">
     <span class='ocr_line' id='line_1_7' title="bbox 233 630 1803 703; baseline -0.001 -17"><span class='ocrx_word' id='word_1_29' title='bbox 233 634 378 703; x_wconf 71' lang='grc' dir='ltr'><strong>ἔχειν</strong></span> <span class='ocrx_word' id='word_1_30' title='bbox 408 633 509 703; x_wconf 80' lang='grc' dir='ltr'><strong>την</strong></span> <span class='ocrx_word' id='word_1_31' title='bbox 549 631 810 702; x_wconf 77' lang='grc' dir='ltr'><strong>τοιαύτην</strong></span> <span class='ocrx_word' id='word_1_32' title='bbox 849 632 1146 702; x_wconf 71' lang='grc' dir='ltr'><strong>ὑπόσχεσιν</strong></span> <span class='ocrx_word' id='word_1_33' title='bbox 1180 630 1529 700; x_wconf 70' lang='grc' dir='ltr'><strong>ποιήσασθαι.</strong></span> <span class='ocrx_word' id='word_1_34' title='bbox 1584 632 1691 682; x_wconf 71' lang='grc' dir='ltr'><strong>Καὶ</strong></span> <span class='ocrx_word' id='word_1_35' title='bbox 1736 631 1803 684; x_wconf 85' lang='grc' dir='ltr'><strong>δι’</strong></span> 
     </span>
    </p>
   </div>
   <div class='ocr_carea' id='block_1_8' title="bbox 232 720 1804 793">
    <p class='ocr_par' dir='ltr' id='par_1_8' title="bbox 232 720 1804 793">
     <span class='ocr_line' id='line_1_8' title="bbox 232 720 1804 793; baseline -0.004 -14"><span class='ocrx_word' id='word_1_36' title='bbox 232 724 365 779; x_wconf 72' lang='grc' dir='ltr'><strong>ἄλλα</strong></span> <span class='ocrx_word' id='word_1_37' title='bbox 396 725 519 777; x_wconf 77' lang='grc' dir='ltr'><strong>τινὰ</strong></span> <span class='ocrx_word' id='word_1_38' title='bbox 551 723 702 793; x_wconf 81' lang='grc' dir='ltr'><strong>παρά</strong></span> <span class='ocrx_word' id='word_1_39' title='bbox 734 723 841 776; x_wconf 85' lang='grc' dir='ltr'><strong>τσῦ</strong></span> <span class='ocrx_word' id='word_1_40' title='bbox 875 722 1143 792; x_wconf 79' lang='grc' dir='ltr'><strong>βασιλέως</strong></span> <span class='ocrx_word' id='word_1_41' title='bbox 1177 720 1562 790; x_wconf 73' lang='grc' dir='ltr'><strong>ἀπαιτούμενα</strong></span> <span class='ocrx_word' id='word_1_42' title='bbox 1615 721 1804 790; x_wconf 75' lang='grc' dir='ltr'><strong>ᾐτεῖτο</strong></span> 
     </span>
    </p>
   </div>
   <div class='ocr_carea' id='block_1_9' title="bbox 228 813 1805 886">
    <p class='ocr_par' dir='ltr' id='par_1_9' title="bbox 228 813 1805 886">
     <span class='ocr_line' id='line_1_9' title="bbox 228 813 1805 886; baseline -0.002 -18"><span class='ocrx_word' id='word_1_43' title='bbox 228 816 326 884; x_wconf 75' lang='grc' dir='ltr'><strong>τὴν</strong></span> <span class='ocrx_word' id='word_1_44' title='bbox 348 816 490 886; x_wconf 83' lang='grc' dir='ltr'><strong>πρὸς</strong></span> <span class='ocrx_word' id='word_1_45' title='bbox 519 814 579 868; x_wconf 74' lang='grc' dir='ltr'><strong>τὸ</strong></span> <span class='ocrx_word' id='word_1_46' title='bbox 611 816 741 868; x_wconf 85' lang='grc' dir='ltr'><strong>ίδιον</strong></span> <span class='ocrx_word' id='word_1_47' title='bbox 777 815 1101 885; x_wconf 84' lang='grc' dir='ltr'><strong>στράτευμα</strong></span> <span class='ocrx_word' id='word_1_48' title='bbox 1133 813 1496 877; x_wconf 79' lang='grc' dir='ltr'><strong>ὲπανάζευξιν</strong></span> <span class='ocrx_word' id='word_1_49' title='bbox 1528 814 1671 867; x_wconf 83' lang='grc' dir='ltr'><strong>κατά</strong></span> <span class='ocrx_word' id='word_1_50' title='bbox 1704 813 1805 883; x_wconf 77' lang='grc' dir='ltr'><strong>τὴν</strong></span> 
     </span>
    </p>
   </div>
   <div class='ocr_carea' id='block_1_10' title="bbox 229 906 1803 979">
    <p class='ocr_par' dir='ltr' id='par_1_10' title="bbox 229 906 1803 979">
     <span class='ocr_line' id='line_1_10' title="bbox 229 906 1803 979; baseline -0.003 -17"><span class='ocrx_word' id='word_1_51' title='bbox 229 910 529 979; x_wconf 79' lang='grc' dir='ltr'><strong>γενομένην</strong></span> <span class='ocrx_word' id='word_1_52' title='bbox 576 908 899 978; x_wconf 81' lang='grc' dir='ltr'>συμφωνίαν</span> <span class='ocrx_word' id='word_1_53' title='bbox 946 908 1098 977; x_wconf 70' lang='grc' dir='ltr'><strong>παρὰ</strong></span> <span class='ocrx_word' id='word_1_54' title='bbox 1146 906 1254 960; x_wconf 83' lang='grc' dir='ltr'><strong>τῶν</strong></span> <span class='ocrx_word' id='word_1_55' title='bbox 1304 906 1607 977; x_wconf 76' lang='grc' dir='ltr'><strong>πρέσϐεων.</strong></span> <span class='ocrx_word' id='word_1_56' title='bbox 1654 906 1712 959; x_wconf 88' lang='grc' dir='ltr'><strong>Ὀ</strong></span> <span class='ocrx_word' id='word_1_57' title='bbox 1745 906 1803 958; x_wconf 83' lang='grc' dir='ltr'><strong>δὲ</strong></span> 
     </span>
    </p>
   </div>
   <div class='ocr_carea' id='block_1_11' title="bbox 232 996 1804 1070">
    <p class='ocr_par' dir='ltr' id='par_1_11' title="bbox 232 996 1804 1070">
     <span class='ocr_line' id='line_1_11' title="bbox 232 996 1804 1070; baseline -0.001 -20"><span class='ocrx_word' id='word_1_58' title='bbox 232 998 489 1069; x_wconf 80' lang='grc' dir='ltr'><strong>βασιλεύς</strong></span> <span class='ocrx_word' id='word_1_59' title='bbox 525 1016 691 1068; x_wconf 74' lang='grc' dir='ltr'><strong>φησιν</strong></span> <span class='ocrx_word' id='word_1_60' title='bbox 730 999 866 1070; x_wconf 63' lang='grc' dir='ltr'><strong>προς</strong></span> <span class='ocrx_word' id='word_1_61' title='bbox 898 997 1059 1052; x_wconf 76' lang='grc' dir='ltr'><strong>αὐτὸν</strong></span> <span class='ocrx_word' id='word_1_62' title='bbox 1093 998 1173 1050; x_wconf 87' lang='grc' dir='ltr'><strong>ὄτι</strong></span> <span class='ocrx_word' id='word_1_63' title='bbox 1200 997 1502 1067; x_wconf 80' lang='grc' dir='ltr'><strong>Κρείττονα</strong></span> <span class='ocrx_word' id='word_1_64' title='bbox 1535 996 1669 1064; x_wconf 72' lang='grc' dir='ltr'><strong>ἐμοῦ</strong></span> <span class='ocrx_word' id='word_1_65' title='bbox 1705 996 1804 1048; x_wconf 82' lang='grc' dir='ltr'><strong>οὐκ</strong></span> 
     </span>
    </p>
   </div>
   <div class='ocr_carea' id='block_1_12' title="bbox 223 1086 1805 1159">
    <p class='ocr_par' dir='ltr' id='par_1_12' title="bbox 223 1086 1805 1159">
     <span class='ocr_line' id='line_1_12' title="bbox 223 1086 1805 1159; baseline -0.003 -18"><span class='ocrx_word' id='word_1_66' title='bbox 223 1087 335 1157; x_wconf 66' lang='grc' dir='ltr'><strong>ἔχω</strong></span> <span class='ocrx_word' id='word_1_67' title='bbox 359 1089 453 1141; x_wconf 77' lang='grc' dir='ltr'><strong>τὸν</strong></span> <span class='ocrx_word' id='word_1_68' title='bbox 503 1089 642 1159; x_wconf 81' lang='grc' dir='ltr'><strong>μετὰ</strong></span> <span class='ocrx_word' id='word_1_69' title='bbox 690 1087 990 1156; x_wconf 80' lang='grc' dir='ltr'><strong>ἀσφαλείας</strong></span> <span class='ocrx_word' id='word_1_70' title='bbox 1040 1104 1099 1140; x_wconf 87' lang='grc' dir='ltr'><strong>σε</strong></span> <span class='ocrx_word' id='word_1_71' title='bbox 1146 1086 1500 1140; x_wconf 84' lang='grc' dir='ltr'><strong>διασώσοντα.</strong></span> <span class='ocrx_word' id='word_1_72' title='bbox 1550 1086 1805 1150; x_wconf 75' lang='grc' dir='ltr'><strong>Καὶᾶμα</strong></span> 
     </span>
    </p>
   </div>
   <div class='ocr_carea' id='block_1_13' title="bbox 230 1174 1799 1250">
    <p class='ocr_par' dir='ltr' id='par_1_13' title="bbox 230 1174 1799 1250">
     <span class='ocr_line' id='line_1_13' title="bbox 230 1174 1799 1250; baseline -0.003 -18"><span class='ocrx_word' id='word_1_73' title='bbox 230 1180 304 1250; x_wconf 80' lang='grc' dir='ltr'><strong>τῷ</strong></span> <span class='ocrx_word' id='word_1_74' title='bbox 346 1180 493 1249; x_wconf 82' lang='grc' dir='ltr'><strong>λόγῳ</strong></span> <span class='ocrx_word' id='word_1_75' title='bbox 561 1180 675 1243; x_wconf 81' lang='grc' dir='ltr'><strong>τοῖς</strong></span> <span class='ocrx_word' id='word_1_76' title='bbox 749 1179 986 1249; x_wconf 73' lang='grc' dir='ltr'><strong>ἡγεμόσι</strong></span> <span class='ocrx_word' id='word_1_77' title='bbox 1035 1177 1320 1250; x_wconf 70' lang='grc' dir='ltr'><strong>παρρησίᾳ</strong></span> <span class='ocrx_word' id='word_1_78' title='bbox 1386 1176 1647 1229; x_wconf 73' lang='grc' dir='ltr'><strong>ἐπέταττε</strong></span> <span class='ocrx_word' id='word_1_79' title='bbox 1702 1174 1799 1229; x_wconf 86' lang='grc' dir='ltr'><strong>τοῦ</strong></span> 
     </span>
    </p>
   </div>
   <div class='ocr_carea' id='block_1_14' title="bbox 230 1261 1805 1343">
    <p class='ocr_par' dir='ltr' id='par_1_14' title="bbox 230 1261 1805 1343">
     <span class='ocr_line' id='line_1_14' title="bbox 230 1261 1805 1343; baseline -0.004 -19"><span class='ocrx_word' id='word_1_80' title='bbox 230 1273 668 1343; x_wconf 79' lang='grc' dir='ltr'><strong>στρατεύματος,</strong></span> <span class='ocrx_word' id='word_1_81' title='bbox 704 1271 996 1341; x_wconf 71' lang='grc' dir='ltr'><strong>ἑτοιμάσαι</strong></span> <span class='ocrx_word' id='word_1_82' title='bbox 1020 1272 1148 1333; x_wconf 80' lang='grc' dir='ltr'><strong>τοὺς</strong></span> <span class='ocrx_word' id='word_1_83' title='bbox 1179 1272 1382 1332; x_wconf 80' lang='grc' dir='ltr'>ἵππους</span> <span class='ocrx_word' id='word_1_84' title='bbox 1416 1269 1620 1333; x_wconf 79' lang='grc' dir='ltr'><strong>αὐτῶν,</strong></span> <span class='ocrx_word' id='word_1_85' title='bbox 1646 1266 1734 1337; x_wconf 73' lang='grc' dir='ltr'><strong>ἐφ’</strong></span> <span class='ocrx_word' id='word_1_86' title='bbox 1760 1261 1805 1335; x_wconf 84' lang='grc' dir='ltr'>ᾧ</span> 
     </span>
    </p>
   </div>
   <div class='ocr_carea' id='block_1_15' title="bbox 231 1358 1519 1431">
    <p class='ocr_par' dir='ltr' id='par_1_15' title="bbox 231 1358 1519 1431">
     <span class='ocr_line' id='line_1_15' title="bbox 231 1358 1519 1431; baseline -0.002 -18"><span class='ocrx_word' id='word_1_87' title='bbox 231 1361 326 1431; x_wconf 83' lang='grc' dir='ltr'><strong>τῆς</strong></span> <span class='ocrx_word' id='word_1_88' title='bbox 360 1362 506 1429; x_wconf 79' lang='grc' dir='ltr'><strong>πρὸς</strong></span> <span class='ocrx_word' id='word_1_89' title='bbox 533 1360 593 1413; x_wconf 81' lang='grc' dir='ltr'><strong>τὸ</strong></span> <span class='ocrx_word' id='word_1_90' title='bbox 626 1360 930 1431; x_wconf 72' lang='grc' dir='ltr'><strong>Δυρράχιον</strong></span> <span class='ocrx_word' id='word_1_91' title='bbox 956 1358 1228 1430; x_wconf 79' lang='grc' dir='ltr'><strong>φερούσης</strong></span> <span class='ocrx_word' id='word_1_92' title='bbox 1254 1358 1519 1427; x_wconf 74' lang='grc' dir='ltr'><strong>ἅψασθαι.</strong></span> 
     </span>
    </p>
   </div>
   <div class='ocr_carea' id='block_1_16' title="bbox 296 1447 1805 1521">
    <p class='ocr_par' dir='ltr' id='par_1_16' title="bbox 296 1447 1805 1521">
     <span class='ocr_line' id='line_1_16' title="bbox 296 1447 1805 1521; baseline -0.003 -18"><span class='ocrx_word' id='word_1_93' title='bbox 296 1450 473 1503; x_wconf 84' lang='grc' dir='ltr'><strong>Τοῦτο</strong></span> <span class='ocrx_word' id='word_1_94' title='bbox 512 1451 541 1503; x_wconf 81' lang='grc' dir='ltr'>ὁ</span> <span class='ocrx_word' id='word_1_95' title='bbox 582 1450 912 1521; x_wconf 83' lang='grc' dir='ltr'><strong>Βαῖμοῦντος</strong></span> <span class='ocrx_word' id='word_1_96' title='bbox 932 1449 1170 1512; x_wconf 84' lang='grc' dir='ltr'><strong>ἀκούσας</strong></span> <span class='ocrx_word' id='word_1_97' title='bbox 1194 1447 1427 1514; x_wconf 77' lang='grc' dir='ltr'><strong>ἐξελθὼν</strong></span> <span class='ocrx_word' id='word_1_98' title='bbox 1454 1447 1546 1500; x_wconf 73' lang='grc' dir='ltr'><strong>ἐπὶ</strong></span> <span class='ocrx_word' id='word_1_99' title='bbox 1567 1447 1644 1517; x_wconf 84' lang='grc' dir='ltr'><strong>τῷ</strong></span> <span class='ocrx_word' id='word_1_100' title='bbox 1666 1447 1805 1517; x_wconf 80' lang='grc' dir='ltr'><strong>πρὸς</strong></span> 
     </span>
    </p>
   </div>
   <div class='ocr_carea' id='block_1_17' title="bbox 223 1536 1804 1612">
    <p class='ocr_par' dir='ltr' id='par_1_17' title="bbox 223 1536 1804 1612">
     <span class='ocr_line' id='line_1_17' title="bbox 223 1536 1804 1612; baseline -0.003 -19"><span class='ocrx_word' id='word_1_101' title='bbox 223 1542 327 1612; x_wconf 79' lang='grc' dir='ltr'><strong>τὴν</strong></span> <span class='ocrx_word' id='word_1_102' title='bbox 358 1541 817 1611; x_wconf 80' lang='grc' dir='ltr'><strong>ἀποτεταγμένην</strong></span> <span class='ocrx_word' id='word_1_103' title='bbox 840 1540 989 1609; x_wconf 80' lang='grc' dir='ltr'><strong>αὐτῷ</strong></span> <span class='ocrx_word' id='word_1_104' title='bbox 1022 1539 1244 1593; x_wconf 79' lang='grc' dir='ltr'><strong>ἀπιέναι</strong></span> <span class='ocrx_word' id='word_1_105' title='bbox 1282 1538 1514 1608; x_wconf 82' lang='grc' dir='ltr'><strong>σκηνὴν,</strong></span> <span class='ocrx_word' id='word_1_106' title='bbox 1547 1538 1644 1590; x_wconf 77' lang='grc' dir='ltr'><strong>τὸν</strong></span> <span class='ocrx_word' id='word_1_107' title='bbox 1670 1536 1804 1607; x_wconf 72' lang='grc' dir='ltr'><strong>ἐμὸν</strong></span> 
     </span>
    </p>
   </div>
   <div class='ocr_carea' id='block_1_18' title="bbox 226 1626 1803 1701">
    <p class='ocr_par' dir='ltr' id='par_1_18' title="bbox 226 1626 1803 1701">
     <span class='ocr_line' id='line_1_18' title="bbox 226 1626 1803 1701; baseline -0.004 -18"><span class='ocrx_word' id='word_1_108' title='bbox 226 1630 487 1701; x_wconf 74' lang='grc' dir='ltr'><strong>Καίσαρα</strong></span> <span class='ocrx_word' id='word_1_109' title='bbox 511 1629 828 1700; x_wconf 75' lang='grc' dir='ltr'><strong>Νικηφόρον</strong></span> <span class='ocrx_word' id='word_1_110' title='bbox 851 1628 943 1682; x_wconf 79' lang='grc' dir='ltr'><strong>τὸν</strong></span> <span class='ocrx_word' id='word_1_111' title='bbox 965 1627 1254 1699; x_wconf 77' lang='grc' dir='ltr'><strong>Βρυέννιον</strong></span> <span class='ocrx_word' id='word_1_112' title='bbox 1279 1626 1359 1697; x_wconf 81' lang='grc' dir='ltr'><strong>τῷ</strong></span> <span class='ocrx_word' id='word_1_113' title='bbox 1384 1627 1479 1680; x_wconf 82' lang='grc' dir='ltr'><strong>τοῦ</strong></span> <span class='ocrx_word' id='word_1_114' title='bbox 1513 1627 1803 1694; x_wconf 84' lang='grc' dir='ltr'><strong>Πανυπερ-</strong></span> 
     </span>
    </p>
   </div>
   <div class='ocr_carea' id='block_1_19' title="bbox 229 1717 1803 1792">
    <p class='ocr_par' dir='ltr' id='par_1_19' title="bbox 229 1717 1803 1792">
     <span class='ocr_line' id='line_1_19' title="bbox 229 1717 1803 1792; baseline -0.002 -18"><span class='ocrx_word' id='word_1_115' title='bbox 229 1721 495 1777; x_wconf 78' lang='grc' dir='ltr'><strong>σεδάστου</strong></span> <span class='ocrx_word' id='word_1_116' title='bbox 520 1722 640 1775; x_wconf 85' lang='grc' dir='ltr'><strong>τότε</strong></span> <span class='ocrx_word' id='word_1_117' title='bbox 668 1720 1039 1792; x_wconf 83' lang='grc' dir='ltr'><strong>τετιμημένον</strong></span> <span class='ocrx_word' id='word_1_118' title='bbox 1065 1719 1337 1790; x_wconf 78' lang='grc' dir='ltr'><strong>ἀξιώματι</strong></span> <span class='ocrx_word' id='word_1_119' title='bbox 1378 1717 1561 1790; x_wconf 78' lang='grc' dir='ltr'><strong>ἐζήτει</strong></span> <span class='ocrx_word' id='word_1_120' title='bbox 1607 1719 1803 1773; x_wconf 83' lang='grc' dir='ltr'><strong>θεάσα-</strong></span> 
     </span>
    </p>
   </div>
   <div class='ocr_carea' id='block_1_20' title="bbox 222 1809 1801 1880">
    <p class='ocr_par' dir='ltr' id='par_1_20' title="bbox 222 1809 1801 1880">
     <span class='ocr_line' id='line_1_20' title="bbox 222 1809 1801 1880; baseline -0.002 -15"><span class='ocrx_word' id='word_1_121' title='bbox 222 1812 378 1867; x_wconf 63' lang='grc' dir='ltr'><strong>σθαι.</strong></span> <span class='ocrx_word' id='word_1_122' title='bbox 413 1813 474 1867; x_wconf 84' lang='grc'><strong>’0</strong></span> <span class='ocrx_word' id='word_1_123' title='bbox 500 1812 555 1866; x_wconf 72' lang='grc' dir='ltr'><strong>δὲ</strong></span> <span class='ocrx_word' id='word_1_124' title='bbox 582 1810 812 1877; x_wconf 74' lang='grc' dir='ltr'><strong>ἐξελθὼν</strong></span> <span class='ocrx_word' id='word_1_125' title='bbox 831 1811 926 1865; x_wconf 73' lang='grc' dir='ltr'><strong>καὶ</strong></span> <span class='ocrx_word' id='word_1_126' title='bbox 951 1812 1132 1864; x_wconf 78' lang='grc' dir='ltr'><strong>πᾶσαν</strong></span> <span class='ocrx_word' id='word_1_127' title='bbox 1150 1809 1322 1865; x_wconf 83' lang='grc' dir='ltr'><strong>πειθὼ</strong></span> <span class='ocrx_word' id='word_1_128' title='bbox 1347 1810 1520 1879; x_wconf 84' lang='grc' dir='ltr'><strong>λόγων</strong></span> <span class='ocrx_word' id='word_1_129' title='bbox 1550 1810 1801 1880; x_wconf 77' lang='grc' dir='ltr'><strong>κινήσας,</strong></span> 
     </span>
    </p>
   </div>
   <div class='ocr_carea' id='block_1_21' title="bbox 227 1900 1804 1974">
    <p class='ocr_par' dir='ltr' id='par_1_21' title="bbox 227 1900 1804 1974">
     <span class='ocr_line' id='line_1_21' title="bbox 227 1900 1804 1974; baseline -0.003 -16"><span class='ocrx_word' id='word_1_130' title='bbox 227 1907 415 1967; x_wconf 71' lang='grc' dir='ltr'><strong>ὁποῖος</strong></span> <span class='ocrx_word' id='word_1_131' title='bbox 502 1907 712 1967; x_wconf 75' lang='grc' dir='ltr'><strong>ἐκεῖνος</strong></span> <span class='ocrx_word' id='word_1_132' title='bbox 779 1903 838 1955; x_wconf 84' lang='grc' dir='ltr'><strong>ὲν</strong></span> <span class='ocrx_word' id='word_1_133' title='bbox 901 1901 1272 1974; x_wconf 66' lang='grc' dir='ltr'><strong>δημηγορίαις</strong></span> <span class='ocrx_word' id='word_1_134' title='bbox 1337 1902 1431 1955; x_wconf 74' lang='grc' dir='ltr'><strong>καὶ</strong></span> <span class='ocrx_word' id='word_1_135' title='bbox 1503 1900 1804 1967; x_wconf 79' lang='grc' dir='ltr'><strong>διαλέξεσιν</strong></span> 
     </span>
    </p>
   </div>
   <div class='ocr_carea' id='block_1_22' title="bbox 227 1993 1804 2067">
    <p class='ocr_par' dir='ltr' id='par_1_22' title="bbox 227 1993 1804 2067">
     <span class='ocr_line' id='line_1_22' title="bbox 227 1993 1804 2067; baseline -0.004 -17"><span class='ocrx_word' id='word_1_136' title='bbox 227 1994 634 2067; x_wconf 82' lang='grc' dir='ltr'><strong>ἀπαράμιλ).ος,</strong></span> <span class='ocrx_word' id='word_1_137' title='bbox 668 1995 851 2048; x_wconf 78' lang='grc' dir='ltr'>πείθει</span> <span class='ocrx_word' id='word_1_138' title='bbox 890 1995 982 2049; x_wconf 73' lang='grc' dir='ltr'><strong>τὸν</strong></span> <span class='ocrx_word' id='word_1_139' title='bbox 1014 1993 1355 2064; x_wconf 86' lang='grc' dir='ltr'><strong>Βαῖμοῦντον</strong></span> <span class='ocrx_word' id='word_1_140' title='bbox 1383 1994 1498 2056; x_wconf 79' lang='grc' dir='ltr'><strong>τοῖς</strong></span> <span class='ocrx_word' id='word_1_141' title='bbox 1527 1993 1804 2055; x_wconf 79' lang='grc' dir='ltr'><strong>πλείστοις</strong></span> 
     </span>
    </p>
   </div>
   <div class='ocr_carea' id='block_1_23' title="bbox 224 2086 1803 2161">
    <p class='ocr_par' dir='ltr' id='par_1_23' title="bbox 224 2086 1803 2161">
     <span class='ocr_line' id='line_1_23' title="bbox 224 2086 1803 2161; baseline -0.004 -16"><span class='ocrx_word' id='word_1_142' title='bbox 224 2090 519 2145; x_wconf 71' lang='grc' dir='ltr'><strong>συνθέσθαι</strong></span> <span class='ocrx_word' id='word_1_143' title='bbox 550 2090 660 2143; x_wconf 83' lang='grc' dir='ltr'><strong>τῶν</strong></span> <span class='ocrx_word' id='word_1_144' title='bbox 693 2090 844 2161; x_wconf 76' lang='grc' dir='ltr'><strong>παρά</strong></span> <span class='ocrx_word' id='word_1_145' title='bbox 881 2088 975 2143; x_wconf 89' lang='grc' dir='ltr'><strong>τοῦ</strong></span> <span class='ocrx_word' id='word_1_146' title='bbox 1009 2088 1278 2159; x_wconf 80' lang='grc' dir='ltr'><strong>βασιλέως</strong></span> <span class='ocrx_word' id='word_1_147' title='bbox 1304 2086 1603 2157; x_wconf 77' lang='grc' dir='ltr'><strong>ῥηθέντων.</strong></span> <span class='ocrx_word' id='word_1_148' title='bbox 1642 2088 1803 2157; x_wconf 82' lang='grc' dir='ltr'><strong>Κρα-</strong></span> 
     </span>
    </p>
   </div>
   <div class='ocr_carea' id='block_1_24' title="bbox 227 2178 1804 2256">
    <p class='ocr_par' dir='ltr' id='par_1_24' title="bbox 227 2178 1804 2256">
     <span class='ocr_line' id='line_1_24' title="bbox 227 2178 1804 2256; baseline -0.003 -19"><span class='ocrx_word' id='word_1_149' title='bbox 227 2186 403 2256; x_wconf 80' lang='grc' dir='ltr'><strong>τήσας</strong></span> <span class='ocrx_word' id='word_1_150' title='bbox 469 2182 565 2236; x_wconf 73' lang='grc' dir='ltr'>οὖν</span> <span class='ocrx_word' id='word_1_151' title='bbox 619 2181 784 2236; x_wconf 77' lang='grc' dir='ltr'><strong>αὐτὸν</strong></span> <span class='ocrx_word' id='word_1_152' title='bbox 836 2181 936 2251; x_wconf 81' lang='grc' dir='ltr'><strong>τῆς</strong></span> <span class='ocrx_word' id='word_1_153' title='bbox 995 2180 1181 2251; x_wconf 73' lang='grc' dir='ltr'><strong>χειρὸς</strong></span> <span class='ocrx_word' id='word_1_154' title='bbox 1242 2179 1454 2246; x_wconf 74' lang='grc' dir='ltr'><strong>εἰσάγει</strong></span> <span class='ocrx_word' id='word_1_155' title='bbox 1519 2178 1655 2248; x_wconf 81' lang='grc' dir='ltr'><strong>πρὸς</strong></span> <span class='ocrx_word' id='word_1_156' title='bbox 1710 2178 1804 2232; x_wconf 64' lang='grc' dir='ltr'><strong>τὸν</strong></span> 
     </span>
    </p>
   </div>
   <div class='ocr_carea' id='block_1_25' title="bbox 224 2266 1802 2342">
    <p class='ocr_par' dir='ltr' id='par_1_25' title="bbox 224 2266 1802 2342">
     <span class='ocr_line' id='line_1_25' title="bbox 224 2266 1802 2342; baseline -0.001 -18"><span class='ocrx_word' id='word_1_157' title='bbox 224 2271 482 2342; x_wconf 75' lang='grc' dir='ltr'><strong>βασιλέα.</strong></span> <span class='ocrx_word' id='word_1_158' title='bbox 511 2272 591 2341; x_wconf 82' lang='grc' dir='ltr'><strong>Τῇ</strong></span> <span class='ocrx_word' id='word_1_159' title='bbox 626 2270 683 2324; x_wconf 77' lang='grc' dir='ltr'><strong>δὲ</strong></span> <span class='ocrx_word' id='word_1_160' title='bbox 717 2272 835 2340; x_wconf 87' lang='grc' dir='ltr'><strong>μετ’</strong></span> <span class='ocrx_word' id='word_1_161' title='bbox 872 2271 1043 2340; x_wconf 73' lang='grc' dir='ltr'><strong>αὐτὴν</strong></span> <span class='ocrx_word' id='word_1_162' title='bbox 1071 2269 1359 2340; x_wconf 77' lang='grc' dir='ltr'><strong>ἐνωμότως</strong></span> <span class='ocrx_word' id='word_1_163' title='bbox 1384 2272 1481 2322; x_wconf 70' lang='grc' dir='ltr'><strong>καὶ</strong></span> <span class='ocrx_word' id='word_1_164' title='bbox 1515 2267 1656 2338; x_wconf 88' lang='grc' dir='ltr'><strong>μετά</strong></span> <span class='ocrx_word' id='word_1_165' title='bbox 1703 2266 1802 2337; x_wconf 81' lang='grc' dir='ltr'><strong>τῆς</strong></span> 
     </span>
    </p>
   </div>
   <div class='ocr_carea' id='block_1_26' title="bbox 220 2359 1804 2435">
    <p class='ocr_par' dir='ltr' id='par_1_26' title="bbox 220 2359 1804 2435">
     <span class='ocr_line' id='line_1_26' title="bbox 220 2359 1804 2435; baseline -0.004 -18"><span class='ocrx_word' id='word_1_166' title='bbox 220 2365 440 2425; x_wconf 79' lang='grc' dir='ltr'><strong>οἰκείας</strong></span> <span class='ocrx_word' id='word_1_167' title='bbox 494 2364 867 2435; x_wconf 86' lang='grc' dir='ltr'><strong>προαιρέσεως</strong></span> <span class='ocrx_word' id='word_1_168' title='bbox 888 2361 1030 2415; x_wconf 86' lang='grc' dir='ltr'><strong>κατά</strong></span> <span class='ocrx_word' id='word_1_169' title='bbox 1055 2361 1113 2413; x_wconf 82' lang='grc' dir='ltr'><strong>τὸ</strong></span> <span class='ocrx_word' id='word_1_170' title='bbox 1142 2359 1331 2413; x_wconf 80' lang='grc' dir='ltr'>δοκοῦν</span> <span class='ocrx_word' id='word_1_171' title='bbox 1356 2359 1502 2429; x_wconf 82' lang='grc' dir='ltr'><strong>αὐτῷ</strong></span> <span class='ocrx_word' id='word_1_172' title='bbox 1530 2359 1630 2430; x_wconf 77' lang='grc' dir='ltr'><strong>τὴν</strong></span> <span class='ocrx_word' id='word_1_173' title='bbox 1661 2376 1804 2429; x_wconf 81' lang='grc' dir='ltr'><strong>συμ-</strong></span> 
     </span>
    </p>
   </div>
   <div class='ocr_carea' id='block_1_27' title="bbox 224 2450 1802 2528">
    <p class='ocr_par' dir='ltr' id='par_1_27' title="bbox 224 2450 1802 2528">
     <span class='ocr_line' id='line_1_27' title="bbox 224 2450 1802 2528; baseline -0.003 -17"><span class='ocrx_word' id='word_1_174' title='bbox 224 2458 437 2526; x_wconf 78' lang='grc' dir='ltr'><strong>φωνίαν</strong></span> <span class='ocrx_word' id='word_1_175' title='bbox 503 2457 845 2528; x_wconf 74' lang='grc' dir='ltr'><strong>ἐπλήρωσεν.</strong></span> <span class='ocrx_word' id='word_1_176' title='bbox 898 2450 1030 2525; x_wconf 79' lang='grc' dir='ltr'><strong>Εἴχε</strong></span> <span class='ocrx_word' id='word_1_177' title='bbox 1086 2451 1144 2508; x_wconf 72' lang='grc' dir='ltr'><strong>δὲ</strong></span> <span class='ocrx_word' id='word_1_178' title='bbox 1193 2455 1264 2507; x_wconf 79' lang='grc' dir='ltr'><strong>τά</strong></span> <span class='ocrx_word' id='word_1_179' title='bbox 1308 2452 1802 2524; x_wconf 80' lang='grc' dir='ltr'><strong>συμπεφωνημένα</strong></span> 
     </span>
    </p>
   </div>
   <div class='ocr_carea' id='block_1_28' title="bbox 217 2549 583 2618">
    <p class='ocr_par' dir='ltr' id='par_1_28' title="bbox 217 2549 583 2618">
     <span class='ocr_line' id='line_1_28' title="bbox 217 2549 583 2618; baseline 0.005 -16"><span class='ocrx_word' id='word_1_180' title='bbox 217 2550 399 2612; x_wconf 73' lang='grc' dir='ltr'><strong>οὕτως</strong></span> <span class='ocrx_word' id='word_1_181' title='bbox 451 2549 583 2618; x_wconf 85' lang='lat'><strong>(88).</strong></span> 
     </span>
    </p>
   </div>
   <div class='ocr_carea' id='block_1_29' title="bbox 1908 534 3477 603">
    <p class='ocr_par' dir='ltr' id='par_1_29' title="bbox 1908 534 3477 603">
     <span class='ocr_line' id='line_1_29' title="bbox 1908 534 3477 603; baseline -0.001 -16"><span class='ocrx_word' id='word_1_182' title='bbox 1908 536 2163 596; x_wconf 72' lang='lat' dir='ltr'><strong>mundus,</strong></span> <span class='ocrx_word' id='word_1_183' title='bbox 2200 536 2411 588; x_wconf 86' lang='lat' dir='ltr'><strong>tandem</strong></span> <span class='ocrx_word' id='word_1_184' title='bbox 2440 534 2530 589; x_wconf 89' lang='lat' dir='ltr'><strong>hic</strong></span> <span class='ocrx_word' id='word_1_185' title='bbox 2565 535 2705 588; x_wconf 89' lang='lat' dir='ltr'><strong>illius</strong></span> <span class='ocrx_word' id='word_1_186' title='bbox 2730 549 3011 590; x_wconf 80' lang='lat' dir='ltr'><strong>sermones</strong></span> <span class='ocrx_word' id='word_1_187' title='bbox 3034 549 3221 603; x_wconf 84' lang='lat' dir='ltr'><strong>parum</strong></span> <span class='ocrx_word' id='word_1_188' title='bbox 3250 534 3314 587; x_wconf 84' lang='lat' dir='ltr'><strong>ad</strong></span> <span class='ocrx_word' id='word_1_189' title='bbox 3351 550 3477 587; x_wconf 59' lang='lat' dir='ltr'><strong>suis</strong></span> 
     </span>
    </p>
   </div>
   <div class='ocr_carea' id='block_1_30' title="bbox 1909 624 3479 692">
    <p class='ocr_par' dir='ltr' id='par_1_30' title="bbox 1909 624 3479 692">
     <span class='ocr_line' id='line_1_30' title="bbox 1909 624 3479 692; baseline 0.001 -16"><span class='ocrx_word' id='word_1_190' title='bbox 1909 639 2031 692; x_wconf 85' lang='lat' dir='ltr'><strong>spes</strong></span> <span class='ocrx_word' id='word_1_191' title='bbox 2099 640 2161 677; x_wconf 90' lang='lat' dir='ltr'><strong>ac</strong></span> <span class='ocrx_word' id='word_1_192' title='bbox 2230 624 2466 680; x_wconf 68' lang='lat' dir='ltr'><strong>rationes</strong></span> <span class='ocrx_word' id='word_1_193' title='bbox 2541 627 2973 680; x_wconf 75' lang='lat' dir='ltr'><strong>accommodatas</strong></span> <span class='ocrx_word' id='word_1_194' title='bbox 3040 627 3479 678; x_wconf 73' lang='lat' dir='ltr'><strong>animadvertam</strong></span> 
     </span>
    </p>
   </div>
   <div class='ocr_carea' id='block_1_31' title="bbox 1910 716 3477 786">
    <p class='ocr_par' dir='ltr' id='par_1_31' title="bbox 1910 716 3477 786">
     <span class='ocr_line' id='line_1_31' title="bbox 1910 716 3477 786; baseline 0.003 -22"><span class='ocrx_word' id='word_1_195' title='bbox 1910 716 2127 785; x_wconf 79' lang='lat' dir='ltr'><strong>(quippe</strong></span> <span class='ocrx_word' id='word_1_196' title='bbox 2179 718 2266 782; x_wconf 86' lang='lat' dir='ltr'><strong>qui</strong></span> <span class='ocrx_word' id='word_1_197' title='bbox 2320 717 2591 769; x_wconf 76' lang='lat' dir='ltr'><strong>mortlitus</strong></span> <span class='ocrx_word' id='word_1_198' title='bbox 2635 719 2684 769; x_wconf 87' lang='lat' dir='ltr'><strong>iu</strong></span> <span class='ocrx_word' id='word_1_199' title='bbox 2743 719 3021 786; x_wconf 89' lang='lat' dir='ltr'><strong>proposito</strong></span> <span class='ocrx_word' id='word_1_200' title='bbox 3064 719 3294 770; x_wconf 79' lang='lat' dir='ltr'><strong>hzereret</strong></span> <span class='ocrx_word' id='word_1_201' title='bbox 3322 755 3338 781; x_wconf 87' lang='lat'><strong>,</strong></span> <span class='ocrx_word' id='word_1_202' title='bbox 3379 734 3477 769; x_wconf 82' lang='lat' dir='ltr'><strong>uec</strong></span> 
     </span>
    </p>
   </div>
   <div class='ocr_carea' id='block_1_32' title="bbox 1909 807 3474 877">
    <p class='ocr_par' dir='ltr' id='par_1_32' title="bbox 1909 807 3474 877">
     <span class='ocr_line' id='line_1_32' title="bbox 1909 807 3474 877; baseline -0.003 -17"><span class='ocrx_word' id='word_1_203' title='bbox 1909 807 2185 875; x_wconf 79' lang='lat' dir='ltr'><strong>cupiditati</strong></span> <span class='ocrx_word' id='word_1_204' title='bbox 2222 816 2383 874; x_wconf 85' lang='lat' dir='ltr'><strong>atque</strong></span> <span class='ocrx_word' id='word_1_205' title='bbox 2414 808 2694 860; x_wconf 72' lang='lat' dir='ltr'><strong>ambitioni</strong></span> <span class='ocrx_word' id='word_1_206' title='bbox 2727 824 2836 861; x_wconf 74' lang='lat' dir='ltr'><strong>sua:</strong></span> <span class='ocrx_word' id='word_1_207' title='bbox 2863 809 3377 877; x_wconf 69' lang='lat' dir='ltr'><strong>tletraliiqttithttam</strong></span> <span class='ocrx_word' id='word_1_208' title='bbox 3408 812 3474 857; x_wconf 72' lang='lat' dir='ltr'><strong>Ill!</strong></span> 
     </span>
    </p>
   </div>
   <div class='ocr_carea' id='block_1_33' title="bbox 1910 898 3481 970">
    <p class='ocr_par' dir='ltr' id='par_1_33' title="bbox 1910 898 3481 970">
     <span class='ocr_line' id='line_1_33' title="bbox 1910 898 3481 970; baseline 0.003 -21"><span class='ocrx_word' id='word_1_209' title='bbox 1910 898 2158 966; x_wconf 78' lang='lat' dir='ltr'><strong>superbis</strong></span> <span class='ocrx_word' id='word_1_210' title='bbox 2186 898 2291 950; x_wconf 87' lang='lat' dir='ltr'><strong>illis</strong></span> <span class='ocrx_word' id='word_1_211' title='bbox 2335 899 2644 951; x_wconf 56' lang='lat' dir='ltr'><strong>dominandi</strong></span> <span class='ocrx_word' id='word_1_212' title='bbox 2683 900 3045 970; x_wconf 55' lang='lat' dir='ltr'><strong>regnandique</strong></span> <span class='ocrx_word' id='word_1_213' title='bbox 3092 901 3232 955; x_wconf 63' lang='grc' dir='ltr'><strong>ναῖε</strong></span> <span class='ocrx_word' id='word_1_214' title='bbox 3266 913 3481 969; x_wconf 69' lang='lat' dir='ltr'><strong>pato-rr-</strong></span> 
     </span>
    </p>
   </div>
   <div class='ocr_carea' id='block_1_34' title="bbox 1911 988 3478 1060">
    <p class='ocr_par' dir='ltr' id='par_1_34' title="bbox 1911 988 3478 1060">
     <span class='ocr_line' id='line_1_34' title="bbox 1911 988 3478 1060; baseline 0.004 -21"><span class='ocrx_word' id='word_1_215' title='bbox 1911 988 2040 1055; x_wconf 83' lang='lat' dir='ltr'><strong>ltlr),</strong></span> <span class='ocrx_word' id='word_1_216' title='bbox 2075 989 2169 1051; x_wconf 79' lang='lat' dir='ltr'><strong>sic,</strong></span> <span class='ocrx_word' id='word_1_217' title='bbox 2206 990 2356 1058; x_wconf 77' lang='lat' dir='ltr'><strong>quasi</strong></span> <span class='ocrx_word' id='word_1_218' title='bbox 2388 992 2664 1057; x_wconf 78' lang='lat' dir='ltr'><strong>tlrsperata</strong></span> <span class='ocrx_word' id='word_1_219' title='bbox 2701 993 3087 1059; x_wconf 72' lang='lat' dir='ltr'><strong>compositione</strong></span> <span class='ocrx_word' id='word_1_220' title='bbox 3117 1032 3130 1056; x_wconf 91' lang='lat'><strong>,</strong></span> <span class='ocrx_word' id='word_1_221' title='bbox 3178 994 3478 1060; x_wconf 57' lang='lat' dir='ltr'><strong>Augustum</strong></span> 
     </span>
    </p>
   </div>
   <div class='ocr_carea' id='block_1_35' title="bbox 1908 1080 3478 1153">
    <p class='ocr_par' dir='ltr' id='par_1_35' title="bbox 1908 1080 3478 1153">
     <span class='ocr_line' id='line_1_35' title="bbox 1908 1080 3478 1153; baseline 0.003 -21"><span class='ocrx_word' id='word_1_222' title='bbox 1908 1080 2194 1150; x_wconf 85' lang='lat' dir='ltr'><strong>alloquitur</strong></span> <span class='ocrx_word' id='word_1_223' title='bbox 2234 1097 2248 1135; x_wconf 89' lang='lat'><strong>:</strong></span> <span class='ocrx_word' id='word_1_224' title='bbox 2291 1081 2555 1147; x_wconf 86' lang='lat' dir='ltr'><strong>Quoniam</strong></span> <span class='ocrx_word' id='word_1_225' title='bbox 2593 1098 2709 1151; x_wconf 64' lang='lat' dir='ltr'><strong>qua:</strong></span> <span class='ocrx_word' id='word_1_226' title='bbox 2768 1085 3009 1150; x_wconf 71' lang='lat' dir='ltr'><strong>promTtIi</strong></span> <span class='ocrx_word' id='word_1_227' title='bbox 3065 1084 3414 1153; x_wconf 74' lang='lat' dir='ltr'><strong>prm-tarique</strong></span> <span class='ocrx_word' id='word_1_228' title='bbox 3451 1104 3478 1136; x_wconf 91' lang='lat' dir='ltr'><strong>:t</strong></span> 
     </span>
    </p>
   </div>
   <div class='ocr_carea' id='block_1_36' title="bbox 1908 1172 3470 1241">
    <p class='ocr_par' dir='ltr' id='par_1_36' title="bbox 1908 1172 3470 1241">
     <span class='ocr_line' id='line_1_36' title="bbox 1908 1172 3470 1241; baseline 0 -16"><span class='ocrx_word' id='word_1_229' title='bbox 1908 1187 1993 1226; x_wconf 89' lang='lat' dir='ltr'><strong>nte</strong></span> <span class='ocrx_word' id='word_1_230' title='bbox 2030 1172 2121 1226; x_wconf 85' lang='lat' dir='ltr'><strong>tibi</strong></span> <span class='ocrx_word' id='word_1_231' title='bbox 2152 1173 2410 1240; x_wconf 83' lang='lat' dir='ltr'><strong>postulas,</strong></span> <span class='ocrx_word' id='word_1_232' title='bbox 2448 1176 2521 1223; x_wconf 84' lang='lat' dir='ltr'><strong>ttli</strong></span> <span class='ocrx_word' id='word_1_233' title='bbox 2558 1174 2882 1227; x_wconf 75' lang='lat' dir='ltr'><strong>(letlitioaen</strong></span> <span class='ocrx_word' id='word_1_234' title='bbox 2921 1175 3238 1241; x_wconf 72' lang='lat' dir='ltr'><strong>Antioeltir,</strong></span> <span class='ocrx_word' id='word_1_235' title='bbox 3276 1185 3332 1227; x_wconf 89' lang='lat' dir='ltr'><strong>et</strong></span> <span class='ocrx_word' id='word_1_236' title='bbox 3368 1177 3470 1227; x_wconf 63' lang='lat' dir='ltr'><strong>alta</strong></span> 
     </span>
    </p>
   </div>
   <div class='ocr_carea' id='block_1_37' title="bbox 1907 1264 3479 1337">
    <p class='ocr_par' dir='ltr' id='par_1_37' title="bbox 1907 1264 3479 1337">
     <span class='ocr_line' id='line_1_37' title="bbox 1907 1264 3479 1337; baseline 0 -19"><span class='ocrx_word' id='word_1_237' title='bbox 1907 1265 2185 1335; x_wconf 88' lang='lat' dir='ltr'><strong>pleraque,</strong></span> <span class='ocrx_word' id='word_1_238' title='bbox 2236 1281 2295 1319; x_wconf 89' lang='lat' dir='ltr'><strong>ea</strong></span> <span class='ocrx_word' id='word_1_239' title='bbox 2327 1265 2587 1333; x_wconf 78' lang='lat' dir='ltr'><strong>ejusmodi</strong></span> <span class='ocrx_word' id='word_1_240' title='bbox 2619 1281 2737 1319; x_wconf 87' lang='lat' dir='ltr'><strong>esse</strong></span> <span class='ocrx_word' id='word_1_241' title='bbox 2769 1267 2942 1320; x_wconf 82' lang='lat' dir='ltr'><strong>sentio</strong></span> <span class='ocrx_word' id='word_1_242' title='bbox 2972 1283 3087 1333; x_wconf 78' lang='lat' dir='ltr'><strong>qua:</strong></span> <span class='ocrx_word' id='word_1_243' title='bbox 3116 1282 3210 1319; x_wconf 85' lang='lat' dir='ltr'><strong>nec</strong></span> <span class='ocrx_word' id='word_1_244' title='bbox 3240 1264 3479 1337; x_wconf 85' lang='lat' dir='ltr'><strong>polliceri</strong></span> 
     </span>
    </p>
   </div>
   <div class='ocr_carea' id='block_1_38' title="bbox 1908 1352 3475 1426">
    <p class='ocr_par' dir='ltr' id='par_1_38' title="bbox 1908 1352 3475 1426">
     <span class='ocr_line' id='line_1_38' title="bbox 1908 1352 3475 1426; baseline -0.001 -15"><span class='ocrx_word' id='word_1_245' title='bbox 1908 1372 2006 1411; x_wconf 88' lang='lat' dir='ltr'><strong>nec</strong></span> <span class='ocrx_word' id='word_1_246' title='bbox 2037 1368 2427 1424; x_wconf 71' lang='lat' dir='ltr'><strong>reprmsrntare</strong></span> <span class='ocrx_word' id='word_1_247' title='bbox 2455 1352 2654 1425; x_wconf 84' lang='lat' dir='ltr'><strong>possim</strong></span> <span class='ocrx_word' id='word_1_248' title='bbox 2682 1372 2941 1426; x_wconf 87' lang='lat' dir='ltr'><strong>unquam,</strong></span> <span class='ocrx_word' id='word_1_249' title='bbox 2971 1373 3069 1426; x_wconf 83' lang='lat' dir='ltr'><strong>age</strong></span> <span class='ocrx_word' id='word_1_250' title='bbox 3115 1356 3266 1425; x_wconf 68' lang='lat' dir='ltr'><strong>juxta</strong></span> <span class='ocrx_word' id='word_1_251' title='bbox 3318 1358 3475 1411; x_wconf 78' lang='lat' dir='ltr'><strong>[idem</strong></span> 
     </span>
    </p>
   </div>
   <div class='ocr_carea' id='block_1_39' title="bbox 1908 1447 3476 1517">
    <p class='ocr_par' dir='ltr' id='par_1_39' title="bbox 1908 1447 3476 1517">
     <span class='ocr_line' id='line_1_39' title="bbox 1908 1447 3476 1517; baseline 0.001 -17"><span class='ocrx_word' id='word_1_252' title='bbox 1908 1447 2035 1500; x_wconf 85' lang='lat' dir='ltr'><strong>mihi</strong></span> <span class='ocrx_word' id='word_1_253' title='bbox 2071 1462 2165 1514; x_wconf 88' lang='lat' dir='ltr'><strong>per</strong></span> <span class='ocrx_word' id='word_1_254' title='bbox 2185 1456 2311 1500; x_wconf 80' lang='lat' dir='ltr'><strong>tuos</strong></span> <span class='ocrx_word' id='word_1_255' title='bbox 2342 1447 2549 1517; x_wconf 75' lang='lat' dir='ltr'><strong>legatos</strong></span> <span class='ocrx_word' id='word_1_256' title='bbox 2583 1464 2611 1499; x_wconf 71' lang='grc' dir='ltr'>η</span> <span class='ocrx_word' id='word_1_257' title='bbox 2650 1457 2701 1500; x_wconf 87' lang='lat' dir='ltr'><strong>te</strong></span> <span class='ocrx_word' id='word_1_258' title='bbox 2729 1447 2934 1512; x_wconf 70' lang='lat' dir='ltr'><strong>«latam,</strong></span> <span class='ocrx_word' id='word_1_259' title='bbox 2983 1463 3161 1501; x_wconf 84' lang='lat' dir='ltr'><strong>annue</strong></span> <span class='ocrx_word' id='word_1_260' title='bbox 3208 1450 3337 1502; x_wconf 90' lang='lat' dir='ltr'><strong>mihi</strong></span> <span class='ocrx_word' id='word_1_261' title='bbox 3386 1464 3476 1501; x_wconf 75' lang='grc' dir='ltr'><strong>εο-</strong></span> 
     </span>
    </p>
   </div>
   <div class='ocr_carea' id='block_1_40' title="bbox 1907 1539 3480 1611">
    <p class='ocr_par' dir='ltr' id='par_1_40' title="bbox 1907 1539 3480 1611">
     <span class='ocr_line' id='line_1_40' title="bbox 1907 1539 3480 1611; baseline -0.001 -19"><span class='ocrx_word' id='word_1_262' title='bbox 1907 1553 2092 1592; x_wconf 84' lang='lat' dir='ltr'><strong>cttrum</strong></span> <span class='ocrx_word' id='word_1_263' title='bbox 2113 1539 2162 1593; x_wconf 90' lang='lat' dir='ltr'><strong>in</strong></span> <span class='ocrx_word' id='word_1_264' title='bbox 2189 1554 2264 1592; x_wconf 70' lang='grc' dir='ltr'><strong>(τοι</strong></span> <span class='ocrx_word' id='word_1_265' title='bbox 2284 1550 2363 1592; x_wconf 87' lang='lat' dir='ltr'><strong>tra</strong></span> <span class='ocrx_word' id='word_1_266' title='bbox 2388 1553 2505 1592; x_wconf 89' lang='lat' dir='ltr'><strong>mea</strong></span> <span class='ocrx_word' id='word_1_267' title='bbox 2534 1539 2786 1594; x_wconf 87' lang='lat' dir='ltr'><strong>reditum.</strong></span> <span class='ocrx_word' id='word_1_268' title='bbox 2810 1539 2905 1594; x_wconf 90' lang='lat' dir='ltr'><strong>Cui</strong></span> <span class='ocrx_word' id='word_1_269' title='bbox 2932 1540 3204 1611; x_wconf 74' lang='lat' dir='ltr'><strong>Augustus</strong></span> <span class='ocrx_word' id='word_1_270' title='bbox 3236 1558 3247 1593; x_wconf 88' lang='lat'><strong>:</strong></span> <span class='ocrx_word' id='word_1_271' title='bbox 3273 1540 3480 1593; x_wconf 76' lang='lat' dir='ltr'><strong>Prolixc</strong></span> 
     </span>
    </p>
   </div>
   <div class='ocr_carea' id='block_1_41' title="bbox 1907 1629 3480 1702">
    <p class='ocr_par' dir='ltr' id='par_1_41' title="bbox 1907 1629 3480 1702">
     <span class='ocr_line' id='line_1_41' title="bbox 1907 1629 3480 1702; baseline 0 -20"><span class='ocrx_word' id='word_1_272' title='bbox 1907 1646 2057 1693; x_wconf 88' lang='lat' dir='ltr'><strong>vero,</strong></span> <span class='ocrx_word' id='word_1_273' title='bbox 2088 1630 2283 1699; x_wconf 83' lang='lat' dir='ltr'><strong>inquit,</strong></span> <span class='ocrx_word' id='word_1_274' title='bbox 2321 1629 2636 1696; x_wconf 80' lang='lat' dir='ltr'><strong>Baimttude,</strong></span> <span class='ocrx_word' id='word_1_275' title='bbox 2672 1647 2856 1685; x_wconf 87' lang='lat' dir='ltr'><strong>annuo</strong></span> <span class='ocrx_word' id='word_1_276' title='bbox 2882 1633 3022 1701; x_wconf 90' lang='lat' dir='ltr'><strong>quod</strong></span> <span class='ocrx_word' id='word_1_277' title='bbox 3058 1633 3226 1702; x_wconf 85' lang='lat' dir='ltr'><strong>petis;</strong></span> <span class='ocrx_word' id='word_1_278' title='bbox 3258 1647 3319 1685; x_wconf 88' lang='lat' dir='ltr'><strong>ac</strong></span> <span class='ocrx_word' id='word_1_279' title='bbox 3346 1646 3480 1701; x_wconf 83' lang='lat' dir='ltr'><strong>qun-</strong></span> 
     </span>
    </p>
   </div>
   <div class='ocr_carea' id='block_1_42' title="bbox 1911 1721 3475 1792">
    <p class='ocr_par' dir='ltr' id='par_1_42' title="bbox 1911 1721 3475 1792">
     <span class='ocr_line' id='line_1_42' title="bbox 1911 1721 3475 1792; baseline -0.003 -18"><span class='ocrx_word' id='word_1_280' title='bbox 1911 1723 2051 1775; x_wconf 87' lang='lat' dir='ltr'><strong>niam</strong></span> <span class='ocrx_word' id='word_1_281' title='bbox 2080 1721 2145 1775; x_wconf 86' lang='lat' dir='ltr'><strong>atl</strong></span> <span class='ocrx_word' id='word_1_282' title='bbox 2183 1732 2231 1775; x_wconf 88' lang='lat' dir='ltr'><strong>te</strong></span> <span class='ocrx_word' id='word_1_283' title='bbox 2263 1731 2376 1776; x_wconf 88' lang='lat' dir='ltr'><strong>tuto</strong></span> <span class='ocrx_word' id='word_1_284' title='bbox 2423 1737 2720 1792; x_wconf 83' lang='lat' dir='ltr'><strong>secttt&#39;eque</strong></span> <span class='ocrx_word' id='word_1_285' title='bbox 2773 1723 3146 1779; x_wconf 81' lang='lat' dir='ltr'><strong>deducendum</strong></span> <span class='ocrx_word' id='word_1_286' title='bbox 3200 1723 3475 1777; x_wconf 84' lang='lat' dir='ltr'><strong>nemiuem</strong></span> 
     </span>
    </p>
   </div>
   <div class='ocr_carea' id='block_1_43' title="bbox 1915 1814 3480 1887">
    <p class='ocr_par' dir='ltr' id='par_1_43' title="bbox 1915 1814 3480 1887">
     <span class='ocr_line' id='line_1_43' title="bbox 1915 1814 3480 1887; baseline 0.001 -21"><span class='ocrx_word' id='word_1_287' title='bbox 1915 1829 1999 1867; x_wconf 90' lang='lat' dir='ltr'><strong>me</strong></span> <span class='ocrx_word' id='word_1_288' title='bbox 2032 1814 2150 1883; x_wconf 91' lang='lat' dir='ltr'><strong>ipso</strong></span> <span class='ocrx_word' id='word_1_289' title='bbox 2181 1816 2444 1884; x_wconf 84' lang='lat' dir='ltr'><strong>aptiorem</strong></span> <span class='ocrx_word' id='word_1_290' title='bbox 2476 1816 2653 1870; x_wconf 82' lang='lat' dir='ltr'><strong>habeo</strong></span> <span class='ocrx_word' id='word_1_291' title='bbox 2682 1856 2696 1879; x_wconf 95' lang='lat'><strong>,</strong></span> <span class='ocrx_word' id='word_1_292' title='bbox 2739 1815 2883 1887; x_wconf 76' lang='lat' dir='ltr'><strong>agite</strong></span> <span class='ocrx_word' id='word_1_293' title='bbox 2939 1817 3140 1883; x_wconf 86' lang='lat' dir='ltr'><strong>(vertit</strong></span> <span class='ocrx_word' id='word_1_294' title='bbox 3187 1817 3393 1871; x_wconf 86' lang='lat' dir='ltr'><strong>vultum</strong></span> <span class='ocrx_word' id='word_1_295' title='bbox 3452 1833 3480 1868; x_wconf 88' lang='lat' dir='ltr'><strong>a</strong></span> 
     </span>
    </p>
   </div>
   <div class='ocr_carea' id='block_1_44' title="bbox 1906 1902 3480 1976">
    <p class='ocr_par' dir='ltr' id='par_1_44' title="bbox 1906 1902 3480 1976">
     <span class='ocr_line' id='line_1_44' title="bbox 1906 1902 3480 1976; baseline 0.001 -20"><span class='ocrx_word' id='word_1_296' title='bbox 1906 1902 2205 1958; x_wconf 82' lang='lat' dir='ltr'><strong>Baimundo</strong></span> <span class='ocrx_word' id='word_1_297' title='bbox 2234 1906 2475 1974; x_wconf 87' lang='lat' dir='ltr'><strong>quicum</strong></span> <span class='ocrx_word' id='word_1_298' title='bbox 2519 1917 2728 1961; x_wconf 89' lang='lat' dir='ltr'><strong>secreto</strong></span> <span class='ocrx_word' id='word_1_299' title='bbox 2776 1906 3134 1976; x_wconf 74' lang='lat' dir='ltr'><strong>loquebatur,</strong></span> <span class='ocrx_word' id='word_1_300' title='bbox 3190 1909 3255 1961; x_wconf 88' lang='lat' dir='ltr'><strong>ad</strong></span> <span class='ocrx_word' id='word_1_301' title='bbox 3313 1908 3480 1962; x_wconf 68' lang='lat' dir='ltr'><strong>duret</strong></span> 
     </span>
    </p>
   </div>
   <div class='ocr_carea' id='block_1_45' title="bbox 1904 1996 3479 2069">
    <p class='ocr_par' dir='ltr' id='par_1_45' title="bbox 1904 1996 3479 2069">
     <span class='ocr_line' id='line_1_45' title="bbox 1904 1996 3479 2069; baseline 0.001 -19"><span class='ocrx_word' id='word_1_302' title='bbox 1904 1996 2461 2052; x_wconf 80' lang='lat' dir='ltr'><strong>exercitusastantes</strong></span> <span class='ocrx_word' id='word_1_303' title='bbox 2517 1998 2807 2069; x_wconf 85' lang='lat' dir='ltr'><strong>palamque</strong></span> <span class='ocrx_word' id='word_1_304' title='bbox 2876 1999 3010 2069; x_wconf 84' lang='lat' dir='ltr'><strong>ipsis</strong></span> <span class='ocrx_word' id='word_1_305' title='bbox 3057 2008 3305 2053; x_wconf 83' lang='lat' dir='ltr'><strong>contenta</strong></span> <span class='ocrx_word' id='word_1_306' title='bbox 3355 2014 3479 2051; x_wconf 60' lang='lat' dir='ltr'><strong>vim!</strong></span> 
     </span>
    </p>
   </div>
   <div class='ocr_carea' id='block_1_46' title="bbox 1905 2086 3473 2158">
    <p class='ocr_par' dir='ltr' id='par_1_46' title="bbox 1905 2086 3473 2158">
     <span class='ocr_line' id='line_1_46' title="bbox 1905 2086 3473 2158; baseline 0.001 -20"><span class='ocrx_word' id='word_1_307' title='bbox 1905 2086 1985 2140; x_wconf 86' lang='lat' dir='ltr'><strong>sic</strong></span> <span class='ocrx_word' id='word_1_308' title='bbox 2018 2087 2200 2150; x_wconf 78' lang='lat' dir='ltr'><strong>edicit,</strong></span> <span class='ocrx_word' id='word_1_309' title='bbox 2228 2088 2389 2158; x_wconf 78' lang='lat' dir='ltr'><strong>agite,</strong></span> <span class='ocrx_word' id='word_1_310' title='bbox 2421 2091 2665 2155; x_wconf 87' lang='lat' dir='ltr'><strong>inquam,</strong></span> <span class='ocrx_word' id='word_1_311' title='bbox 2698 2105 2869 2158; x_wconf 84' lang='lat' dir='ltr'><strong>equos</strong></span> <span class='ocrx_word' id='word_1_312' title='bbox 2902 2092 3181 2158; x_wconf 83' lang='lat' dir='ltr'><strong>expedite,</strong></span> <span class='ocrx_word' id='word_1_313' title='bbox 3234 2105 3355 2142; x_wconf 76' lang='lat' dir='ltr'><strong>mox</strong></span> <span class='ocrx_word' id='word_1_314' title='bbox 3388 2104 3473 2141; x_wconf 88' lang='lat' dir='ltr'><strong>no-</strong></span> 
     </span>
    </p>
   </div>
   <div class='ocr_carea' id='block_1_47' title="bbox 1902 2176 3474 2250">
    <p class='ocr_par' dir='ltr' id='par_1_47' title="bbox 1902 2176 3474 2250">
     <span class='ocr_line' id='line_1_47' title="bbox 1902 2176 3474 2250; baseline 0 -18"><span class='ocrx_word' id='word_1_315' title='bbox 1902 2176 2117 2232; x_wconf 85' lang='lat' dir='ltr'><strong>biseum</strong></span> <span class='ocrx_word' id='word_1_316' title='bbox 2166 2178 2563 2250; x_wconf 84' lang='lat' dir='ltr'><strong>Dyrrhachium</strong></span> <span class='ocrx_word' id='word_1_317' title='bbox 2618 2197 2805 2237; x_wconf 88' lang='lat' dir='ltr'><strong>versus</strong></span> <span class='ocrx_word' id='word_1_318' title='bbox 2866 2182 3185 2248; x_wconf 80' lang='lat' dir='ltr'><strong>profecturi.</strong></span> <span class='ocrx_word' id='word_1_319' title='bbox 3232 2180 3327 2235; x_wconf 78' lang='lat' dir='ltr'><strong>liis</strong></span> <span class='ocrx_word' id='word_1_320' title='bbox 3388 2195 3474 2232; x_wconf 86' lang='lat' dir='ltr'><strong>au-</strong></span> 
     </span>
    </p>
   </div>
   <div class='ocr_carea' id='block_1_48' title="bbox 1911 2270 3480 2351">
    <p class='ocr_par' dir='ltr' id='par_1_48' title="bbox 1911 2270 3480 2351">
     <span class='ocr_line' id='line_1_48' title="bbox 1911 2270 3480 2351; baseline -0.001 -27"><span class='ocrx_word' id='word_1_321' title='bbox 1911 2271 2039 2326; x_wconf 83' lang='lat' dir='ltr'><strong>ditis</strong></span> <span class='ocrx_word' id='word_1_322' title='bbox 2070 2270 2399 2327; x_wconf 88' lang='lat' dir='ltr'><strong>Baimundus</strong></span> <span class='ocrx_word' id='word_1_323' title='bbox 2449 2288 2569 2327; x_wconf 88' lang='lat' dir='ltr'><strong>cum</strong></span> <span class='ocrx_word' id='word_1_324' title='bbox 2630 2277 2696 2327; x_wconf 88' lang='lat' dir='ltr'><strong>ad</strong></span> <span class='ocrx_word' id='word_1_325' title='bbox 2730 2274 3065 2351; x_wconf 76' lang='lat' dir='ltr'><strong>designatum</strong></span> <span class='ocrx_word' id='word_1_326' title='bbox 3130 2281 3480 2342; x_wconf 83' lang='lat' dir='ltr'><strong>paratumque</strong></span> 
     </span>
    </p>
   </div>
   <div class='ocr_carea' id='block_1_49' title="bbox 1909 2361 3480 2435">
    <p class='ocr_par' dir='ltr' id='par_1_49' title="bbox 1909 2361 3480 2435">
     <span class='ocr_line' id='line_1_49' title="bbox 1909 2361 3480 2435; baseline -0.002 -20"><span class='ocrx_word' id='word_1_327' title='bbox 1909 2361 2011 2415; x_wconf 86' lang='lat' dir='ltr'><strong>sibi</strong></span> <span class='ocrx_word' id='word_1_328' title='bbox 2056 2363 2461 2416; x_wconf 82' lang='lat' dir='ltr'><strong>tabernaculum</strong></span> <span class='ocrx_word' id='word_1_329' title='bbox 2510 2380 2569 2418; x_wconf 90' lang='lat' dir='ltr'><strong>se</strong></span> <span class='ocrx_word' id='word_1_330' title='bbox 2621 2366 2927 2435; x_wconf 73' lang='lat' dir='ltr'><strong>reciperet,</strong></span> <span class='ocrx_word' id='word_1_331' title='bbox 2976 2380 3150 2417; x_wconf 86' lang='lat' dir='ltr'><strong>meum</strong></span> <span class='ocrx_word' id='word_1_332' title='bbox 3214 2363 3480 2418; x_wconf 59' lang='lat' dir='ltr'><strong>Caesarem</strong></span> 
     </span>
    </p>
   </div>
   <div class='ocr_carea' id='block_1_50' title="bbox 1908 2451 3479 2524">
    <p class='ocr_par' dir='ltr' id='par_1_50' title="bbox 1908 2451 3479 2524">
     <span class='ocr_line' id='line_1_50' title="bbox 1908 2451 3479 2524; baseline -0.001 -18"><span class='ocrx_word' id='word_1_333' title='bbox 1908 2451 2268 2521; x_wconf 77' lang='lat' dir='ltr'><strong>Nicephorum</strong></span> <span class='ocrx_word' id='word_1_334' title='bbox 2322 2451 2609 2524; x_wconf 79' lang='lat' dir='ltr'><strong>Bryenium</strong></span> <span class='ocrx_word' id='word_1_335' title='bbox 2665 2453 3147 2523; x_wconf 72' lang='lat' dir='ltr'><strong>pauhypersebasti</strong></span> <span class='ocrx_word' id='word_1_336' title='bbox 3221 2454 3377 2507; x_wconf 83' lang='lat' dir='ltr'><strong>titulo</strong></span> <span class='ocrx_word' id='word_1_337' title='bbox 3424 2465 3479 2505; x_wconf 81' lang='lat' dir='ltr'><strong>ac</strong></span> 
     </span>
    </p>
   </div>
   <div class='ocr_carea' id='block_1_51' title="bbox 1909 2543 3480 2615">
    <p class='ocr_par' dir='ltr' id='par_1_51' title="bbox 1909 2543 3480 2615">
     <span class='ocr_line' id='line_1_51' title="bbox 1909 2543 3480 2615; baseline -0.002 -15"><span class='ocrx_word' id='word_1_338' title='bbox 1909 2543 2171 2613; x_wconf 78' lang='lat' dir='ltr'><strong>dignitate</strong></span> <span class='ocrx_word' id='word_1_339' title='bbox 2191 2544 2302 2613; x_wconf 88' lang='lat' dir='ltr'><strong>jam</strong></span> <span class='ocrx_word' id='word_1_340' title='bbox 2336 2553 2446 2599; x_wconf 92' lang='lat' dir='ltr'><strong>tum</strong></span> <span class='ocrx_word' id='word_1_341' title='bbox 2497 2556 2748 2601; x_wconf 85' lang='lat' dir='ltr'><strong>ornatum</strong></span> <span class='ocrx_word' id='word_1_342' title='bbox 2799 2546 2981 2601; x_wconf 79' lang='lat' dir='ltr'><strong>videre</strong></span> <span class='ocrx_word' id='word_1_343' title='bbox 3026 2547 3200 2601; x_wconf 89' lang='lat' dir='ltr'><strong>obiter</strong></span> <span class='ocrx_word' id='word_1_344' title='bbox 3242 2543 3480 2615; x_wconf 80' lang='lat' dir='ltr'><strong>expetiit.</strong></span> 
     </span>
    </p>
   </div>
   <div class='ocr_carea' id='block_1_52' title="bbox 228 2638 3479 2711">
    <p class='ocr_par' dir='ltr' id='par_1_52' title="bbox 228 2638 3479 2711">
     <span class='ocr_line' id='line_1_52' title="bbox 228 2638 3479 2711; baseline -0.002 -14"><span class='ocrx_word' id='word_1_345' title='bbox 228 2643 437 2700; x_wconf 76' lang='lat' dir='ltr'><strong>Prodiit</strong></span> <span class='ocrx_word' id='word_1_346' title='bbox 491 2645 602 2709; x_wconf 83' lang='lat' dir='ltr'><strong>ille,</strong></span> <span class='ocrx_word' id='word_1_347' title='bbox 661 2652 935 2711; x_wconf 83' lang='lat' dir='ltr'><strong>totamque</strong></span> <span class='ocrx_word' id='word_1_348' title='bbox 984 2640 1260 2711; x_wconf 81' lang='lat' dir='ltr'><strong>explicans</strong></span> <span class='ocrx_word' id='word_1_349' title='bbox 1311 2653 1472 2709; x_wconf 90' lang='lat' dir='ltr'><strong>quam</strong></span> <span class='ocrx_word' id='word_1_350' title='bbox 1529 2652 1798 2694; x_wconf 82' lang='lat' dir='ltr'><strong>summam</strong></span> <span class='ocrx_word' id='word_1_351' title='bbox 1841 2638 2075 2693; x_wconf 86' lang='lat' dir='ltr'><strong>habebat</strong></span> <span class='ocrx_word' id='word_1_352' title='bbox 2100 2638 2313 2695; x_wconf 88' lang='lat' dir='ltr'><strong>dicendi</strong></span> <span class='ocrx_word' id='word_1_353' title='bbox 2342 2640 2810 2705; x_wconf 88' lang='lat' dir='ltr'><strong>vim,sermonum</strong></span> <span class='ocrx_word' id='word_1_354' title='bbox 2839 2642 2953 2709; x_wconf 87' lang='lat' dir='ltr'><strong>ejus</strong></span> <span class='ocrx_word' id='word_1_355' title='bbox 3019 2642 3365 2695; x_wconf 80' lang='lat' dir='ltr'><strong>familiarium</strong></span> <span class='ocrx_word' id='word_1_356' title='bbox 3430 2648 3479 2693; x_wconf 89' lang='lat' dir='ltr'><strong>et</strong></span> 
     </span>
    </p>
   </div>
   <div class='ocr_carea' id='block_1_53' title="bbox 222 2733 3480 2806">
    <p class='ocr_par' dir='ltr' id='par_1_53' title="bbox 222 2733 3480 2806">
     <span class='ocr_line' id='line_1_53' title="bbox 222 2733 3480 2806; baseline -0.001 -14"><span class='ocrx_word' id='word_1_357' title='bbox 222 2740 564 2804; x_wconf 83' lang='lat' dir='ltr'><strong>publicarum</strong></span> <span class='ocrx_word' id='word_1_358' title='bbox 610 2741 673 2794; x_wconf 85' lang='lat' dir='ltr'><strong>ad</strong></span> <span class='ocrx_word' id='word_1_359' title='bbox 720 2738 1008 2792; x_wconf 85' lang='lat' dir='ltr'><strong>conciones</strong></span> <span class='ocrx_word' id='word_1_360' title='bbox 1052 2736 1357 2791; x_wconf 86' lang='lat' dir='ltr'><strong>orationum</strong></span> <span class='ocrx_word' id='word_1_361' title='bbox 1411 2733 1799 2806; x_wconf 78' lang='lat' dir='ltr'><strong>experimentis</strong></span> <span class='ocrx_word' id='word_1_362' title='bbox 1840 2735 2052 2790; x_wconf 78' lang='lat' dir='ltr'><strong>abunde</strong></span> <span class='ocrx_word' id='word_1_363' title='bbox 2082 2737 2384 2803; x_wconf 87' lang='lat' dir='ltr'><strong>probatam,</strong></span> <span class='ocrx_word' id='word_1_364' title='bbox 2416 2736 2485 2791; x_wconf 87' lang='lat' dir='ltr'><strong>ad</strong></span> <span class='ocrx_word' id='word_1_365' title='bbox 2549 2738 2891 2792; x_wconf 89' lang='lat' dir='ltr'><strong>tractandum</strong></span> <span class='ocrx_word' id='word_1_366' title='bbox 2963 2738 3183 2792; x_wconf 85' lang='lat' dir='ltr'><strong>adhibet</strong></span> <span class='ocrx_word' id='word_1_367' title='bbox 3245 2737 3480 2792; x_wconf 82' lang='lat' dir='ltr'><strong>ferocem</strong></span> 
     </span>
    </p>
   </div>
   <div class='ocr_carea' id='block_1_54' title="bbox 224 2828 3473 2905">
    <p class='ocr_par' dir='ltr' id='par_1_54' title="bbox 224 2828 3473 2905">
     <span class='ocr_line' id='line_1_54' title="bbox 224 2828 3473 2905; baseline 0.002 -23"><span class='ocrx_word' id='word_1_368' title='bbox 224 2834 495 2893; x_wconf 83' lang='lat' dir='ltr'><strong>animum,</strong></span> <span class='ocrx_word' id='word_1_369' title='bbox 529 2831 782 2899; x_wconf 80' lang='lat' dir='ltr'><strong>omnique</strong></span> <span class='ocrx_word' id='word_1_370' title='bbox 812 2847 877 2886; x_wconf 80' lang='lat' dir='ltr'><strong>ex</strong></span> <span class='ocrx_word' id='word_1_371' title='bbox 912 2838 1066 2899; x_wconf 85' lang='lat' dir='ltr'><strong>parte</strong></span> <span class='ocrx_word' id='word_1_372' title='bbox 1092 2828 1450 2883; x_wconf 86' lang='lat' dir='ltr'><strong>Baimundum</strong></span> <span class='ocrx_word' id='word_1_373' title='bbox 1500 2828 1670 2883; x_wconf 88' lang='lat' dir='ltr'><strong>ambit</strong></span> <span class='ocrx_word' id='word_1_374' title='bbox 1719 2836 1882 2898; x_wconf 85' lang='lat' dir='ltr'><strong>atque</strong></span> <span class='ocrx_word' id='word_1_375' title='bbox 1914 2840 2069 2897; x_wconf 76' lang='lat' dir='ltr'><strong>urget</strong></span> <span class='ocrx_word' id='word_1_376' title='bbox 2138 2831 2352 2894; x_wconf 85' lang='lat' dir='ltr'><strong>leniter,</strong></span> <span class='ocrx_word' id='word_1_377' title='bbox 2417 2847 2510 2886; x_wconf 85' lang='lat' dir='ltr'><strong>sua</strong></span> <span class='ocrx_word' id='word_1_378' title='bbox 2571 2833 2658 2886; x_wconf 87' lang='lat' dir='ltr'><strong>illa</strong></span> <span class='ocrx_word' id='word_1_379' title='bbox 2717 2848 2819 2902; x_wconf 90' lang='lat' dir='ltr'><strong>qua</strong></span> <span class='ocrx_word' id='word_1_380' title='bbox 2872 2834 3107 2905; x_wconf 66' lang='lat' dir='ltr'><strong>pollebat</strong></span> <span class='ocrx_word' id='word_1_381' title='bbox 3149 2835 3473 2903; x_wconf 86' lang='lat' dir='ltr'><strong>incompara-</strong></span> 
     </span>
    </p>
   </div>
   <div class='ocr_carea' id='block_1_55' title="bbox 220 2922 3475 2999">
    <p class='ocr_par' dir='ltr' id='par_1_55' title="bbox 220 2922 3475 2999">
     <span class='ocr_line' id='line_1_55' title="bbox 220 2922 3475 2999; baseline 0.002 -20"><span class='ocrx_word' id='word_1_382' title='bbox 220 2925 317 2979; x_wconf 84' lang='lat' dir='ltr'><strong>bili</strong></span> <span class='ocrx_word' id='word_1_383' title='bbox 343 2924 579 2979; x_wconf 77' lang='lat' dir='ltr'><strong>et‘licacia</strong></span> <span class='ocrx_word' id='word_1_384' title='bbox 617 2924 1112 2989; x_wconf 77' lang='lat' dir='ltr'><strong>suavitatis,donec</strong></span> <span class='ocrx_word' id='word_1_385' title='bbox 1136 2922 1437 2979; x_wconf 88' lang='lat' dir='ltr'><strong>molliendis</strong></span> <span class='ocrx_word' id='word_1_386' title='bbox 1456 2922 1799 2991; x_wconf 81' lang='lat' dir='ltr'><strong>quibusdam,</strong></span> <span class='ocrx_word' id='word_1_387' title='bbox 1846 2925 2186 2992; x_wconf 75' lang='lat' dir='ltr'><strong>intlulgendis</strong></span> <span class='ocrx_word' id='word_1_388' title='bbox 2214 2925 2354 2994; x_wconf 82' lang='lat' dir='ltr'><strong>aliis,</strong></span> <span class='ocrx_word' id='word_1_389' title='bbox 2393 2928 2618 2996; x_wconf 75' lang='lat' dir='ltr'><strong>perfecit</strong></span> <span class='ocrx_word' id='word_1_390' title='bbox 2657 2928 2874 2984; x_wconf 88' lang='lat' dir='ltr'><strong>tandem</strong></span> <span class='ocrx_word' id='word_1_391' title='bbox 2947 2940 3005 2983; x_wconf 92' lang='lat' dir='ltr'><strong>ut</strong></span> <span class='ocrx_word' id='word_1_392' title='bbox 3051 2929 3319 2999; x_wconf 80' lang='lat' dir='ltr'><strong>plerisque</strong></span> <span class='ocrx_word' id='word_1_393' title='bbox 3387 2944 3475 2984; x_wconf 84' lang='lat' dir='ltr'><strong>eo-</strong></span> 
     </span>
    </p>
   </div>
   <div class='ocr_carea' id='block_1_56' title="bbox 227 3018 3478 3095">
    <p class='ocr_par' dir='ltr' id='par_1_56' title="bbox 227 3018 3478 3095">
     <span class='ocr_line' id='line_1_56' title="bbox 227 3018 3478 3095; baseline 0.002 -22"><span class='ocrx_word' id='word_1_394' title='bbox 227 3036 345 3073; x_wconf 83' lang='lat' dir='ltr'><strong>rum</strong></span> <span class='ocrx_word' id='word_1_395' title='bbox 378 3035 498 3089; x_wconf 66' lang='lat' dir='ltr'><strong>quae</strong></span> <span class='ocrx_word' id='word_1_396' title='bbox 524 3023 799 3093; x_wconf 69' lang='lat' dir='ltr'><strong>Augustus</strong></span> <span class='ocrx_word' id='word_1_397' title='bbox 834 3021 1063 3089; x_wconf 84' lang='lat' dir='ltr'><strong>petierat</strong></span> <span class='ocrx_word' id='word_1_398' title='bbox 1122 3020 1473 3087; x_wconf 85' lang='lat' dir='ltr'><strong>acquiescere</strong></span> <span class='ocrx_word' id='word_1_399' title='bbox 1525 3018 1635 3087; x_wconf 91' lang='lat' dir='ltr'><strong>jam</strong></span> <span class='ocrx_word' id='word_1_400' title='bbox 1656 3028 1875 3089; x_wconf 87' lang='lat' dir='ltr'><strong>paratus</strong></span> <span class='ocrx_word' id='word_1_401' title='bbox 1912 3029 2057 3074; x_wconf 87' lang='lat' dir='ltr'><strong>esset</strong></span> <span class='ocrx_word' id='word_1_402' title='bbox 2085 3021 2439 3077; x_wconf 79' lang='lat' dir='ltr'><strong>Baimuntlus.</strong></span> <span class='ocrx_word' id='word_1_403' title='bbox 2486 3023 2603 3090; x_wconf 88' lang='lat' dir='ltr'><strong>Quo</strong></span> <span class='ocrx_word' id='word_1_404' title='bbox 2650 3025 2782 3079; x_wconf 86' lang='lat' dir='ltr'><strong>satis</strong></span> <span class='ocrx_word' id='word_1_405' title='bbox 2837 3024 2925 3087; x_wconf 63' lang='lat' dir='ltr'><strong>vi:</strong></span> <span class='ocrx_word' id='word_1_406' title='bbox 2949 3040 3099 3079; x_wconf 89' lang='lat' dir='ltr'><strong>mens</strong></span> <span class='ocrx_word' id='word_1_407' title='bbox 3152 3034 3435 3095; x_wconf 87' lang='lat' dir='ltr'><strong>perspecto</strong></span> <span class='ocrx_word' id='word_1_408' title='bbox 3461 3063 3478 3088; x_wconf 95' lang='lat'><strong>,</strong></span> 
     </span>
    </p>
   </div>
   <div class='ocr_carea' id='block_1_57' title="bbox 217 3115 3478 3188">
    <p class='ocr_par' dir='ltr' id='par_1_57' title="bbox 217 3115 3478 3188">
     <span class='ocr_line' id='line_1_57' title="bbox 217 3115 3478 3188; baseline 0.001 -16"><span class='ocrx_word' id='word_1_409' title='bbox 217 3118 453 3173; x_wconf 84' lang='lat' dir='ltr'><strong>comiter</strong></span> <span class='ocrx_word' id='word_1_410' title='bbox 482 3120 876 3188; x_wconf 85' lang='lat' dir='ltr'><strong>apprehensum</strong></span> <span class='ocrx_word' id='word_1_411' title='bbox 907 3132 1065 3170; x_wconf 84' lang='lat' dir='ltr'><strong>manu</strong></span> <span class='ocrx_word' id='word_1_412' title='bbox 1099 3115 1457 3169; x_wconf 79' lang='lat' dir='ltr'><strong>Baimuudum</strong></span> <span class='ocrx_word' id='word_1_413' title='bbox 1504 3116 1795 3170; x_wconf 87' lang='lat' dir='ltr'><strong>introducit</strong></span> <span class='ocrx_word' id='word_1_414' title='bbox 1833 3115 1996 3187; x_wconf 61' lang='grc'><strong>406</strong></span> <span class='ocrx_word' id='word_1_415' title='bbox 2023 3117 2088 3170; x_wconf 92' lang='lat' dir='ltr'><strong>ad</strong></span> <span class='ocrx_word' id='word_1_416' title='bbox 2120 3118 2440 3187; x_wconf 77' lang='lat' dir='ltr'><strong>Augustum.</strong></span> <span class='ocrx_word' id='word_1_417' title='bbox 2503 3118 2767 3175; x_wconf 87' lang='lat' dir='ltr'><strong>Convenit</strong></span> <span class='ocrx_word' id='word_1_418' title='bbox 2808 3122 2987 3175; x_wconf 88' lang='lat' dir='ltr'><strong>statim</strong></span> <span class='ocrx_word' id='word_1_419' title='bbox 3042 3121 3180 3175; x_wconf 89' lang='lat' dir='ltr'><strong>inter</strong></span> <span class='ocrx_word' id='word_1_420' title='bbox 3244 3123 3433 3177; x_wconf 91' lang='lat' dir='ltr'><strong>ambos</strong></span> <span class='ocrx_word' id='word_1_421' title='bbox 3462 3161 3478 3185; x_wconf 92' lang='lat'><strong>,</strong></span> 
     </span>
    </p>
   </div>
   <div class='ocr_carea' id='block_1_58' title="bbox 218 3206 3479 3281">
    <p class='ocr_par' dir='ltr' id='par_1_58' title="bbox 218 3206 3479 3281">
     <span class='ocr_line' id='line_1_58' title="bbox 218 3206 3479 3281; baseline 0.001 -17"><span class='ocrx_word' id='word_1_422' title='bbox 218 3222 277 3265; x_wconf 90' lang='lat' dir='ltr'><strong>et</strong></span> <span class='ocrx_word' id='word_1_423' title='bbox 308 3211 575 3281; x_wconf 84' lang='lat' dir='ltr'><strong>postridie</strong></span> <span class='ocrx_word' id='word_1_424' title='bbox 638 3225 704 3263; x_wconf 77' lang='lat' dir='ltr'><strong>ex</strong></span> <span class='ocrx_word' id='word_1_425' title='bbox 759 3208 1039 3277; x_wconf 89' lang='lat' dir='ltr'><strong>utriusque</strong></span> <span class='ocrx_word' id='word_1_426' title='bbox 1092 3207 1359 3261; x_wconf 71' lang='lat' dir='ltr'><strong>Setttentia</strong></span> <span class='ocrx_word' id='word_1_427' title='bbox 1432 3206 1685 3261; x_wconf 89' lang='lat' dir='ltr'><strong>conclusa</strong></span> <span class='ocrx_word' id='word_1_428' title='bbox 1771 3208 2059 3263; x_wconf 85' lang='lat' dir='ltr'><strong>concordia</strong></span> <span class='ocrx_word' id='word_1_429' title='bbox 2128 3218 2233 3277; x_wconf 84' lang='lat' dir='ltr'><strong>es&#39;,</strong></span> <span class='ocrx_word' id='word_1_430' title='bbox 2282 3209 2643 3267; x_wconf 85' lang='lat' dir='ltr'><strong>instrumento</strong></span> <span class='ocrx_word' id='word_1_431' title='bbox 2712 3212 2922 3281; x_wconf 77' lang='lat' dir='ltr'><strong>publico</strong></span> <span class='ocrx_word' id='word_1_432' title='bbox 2974 3211 3247 3268; x_wconf 86' lang='lat' dir='ltr'><strong>Baitnundi</strong></span> <span class='ocrx_word' id='word_1_433' title='bbox 3302 3214 3479 3269; x_wconf 85' lang='lat' dir='ltr'><strong>verbis</strong></span> 
     </span>
    </p>
   </div>
   <div class='ocr_carea' id='block_1_59' title="bbox 222 3297 2002 3371">
    <p class='ocr_par' dir='ltr' id='par_1_59' title="bbox 222 3297 2002 3371">
     <span class='ocr_line' id='line_1_59' title="bbox 222 3297 2002 3371; baseline -0.003 -14"><span class='ocrx_word' id='word_1_434' title='bbox 222 3305 329 3358; x_wconf 88' lang='lat' dir='ltr'><strong>rite</strong></span> <span class='ocrx_word' id='word_1_435' title='bbox 355 3311 642 3371; x_wconf 80' lang='lat' dir='ltr'><strong>concepto,</strong></span> <span class='ocrx_word' id='word_1_436' title='bbox 675 3300 829 3368; x_wconf 88' lang='lat' dir='ltr'><strong>cujus</strong></span> <span class='ocrx_word' id='word_1_437' title='bbox 852 3300 1154 3369; x_wconf 74' lang='lat' dir='ltr'><strong>exemplum</strong></span> <span class='ocrx_word' id='word_1_438' title='bbox 1186 3299 1274 3352; x_wconf 86' lang='lat' dir='ltr'><strong>hic</strong></span> <span class='ocrx_word' id='word_1_439' title='bbox 1311 3297 1563 3366; x_wconf 87' lang='lat' dir='ltr'><strong>deinceps</strong></span> <span class='ocrx_word' id='word_1_440' title='bbox 1595 3297 1949 3352; x_wconf 87' lang='lat' dir='ltr'><strong>describimus</strong></span> <span class='ocrx_word' id='word_1_441' title='bbox 1989 3314 2002 3351; x_wconf 89' lang='lat'><strong>:</strong></span> 
     </span>
    </p>
   </div>
   <div class='ocr_carea' id='block_1_60' title="bbox 300 3393 1877 3467">
    <p class='ocr_par' dir='ltr' id='par_1_60' title="bbox 300 3393 1877 3467">
     <span class='ocr_line' id='line_1_60' title="bbox 300 3393 1877 3467; baseline -0.004 -16"><span class='ocrx_word' id='word_1_442' title='bbox 300 3418 319 3451; x_wconf 76' lang='grc' dir='ltr'><strong>ι</strong></span> <span class='ocrx_word' id='word_1_443' title='bbox 388 3400 457 3451; x_wconf 80' lang='grc' dir='ltr'><strong><em>Ἥ</em></strong></span> <span class='ocrx_word' id='word_1_444' title='bbox 501 3399 599 3467; x_wconf 83' lang='grc' dir='ltr'><strong>μὲν</strong></span> <span class='ocrx_word' id='word_1_445' title='bbox 635 3398 880 3467; x_wconf 81' lang='grc' dir='ltr'><strong>προτέρα</strong></span> <span class='ocrx_word' id='word_1_446' title='bbox 928 3396 1241 3466; x_wconf 75' lang='grc' dir='ltr'><strong>συμφωνία,</strong></span> <span class='ocrx_word' id='word_1_447' title='bbox 1291 3397 1411 3465; x_wconf 70' lang='grc' dir='ltr'><strong>ἣτις</strong></span> <span class='ocrx_word' id='word_1_448' title='bbox 1441 3394 1509 3464; x_wconf 81' lang='grc' dir='ltr'><strong>δὴ</strong></span> <span class='ocrx_word' id='word_1_449' title='bbox 1546 3396 1643 3448; x_wconf 77' lang='grc' dir='ltr'><strong>καὶ</strong></span> <span class='ocrx_word' id='word_1_450' title='bbox 1686 3393 1806 3447; x_wconf 85' lang='grc' dir='ltr'><strong>κατ’</strong></span> <span class='ocrx_word' id='word_1_451' title='bbox 1836 3400 1877 3456; x_wconf 85' lang='lat' dir='ltr'><strong><em>C</em></strong></span> 
     </span>
    </p>
   </div>
   <div class='ocr_carea' id='block_1_61' title="bbox 221 3486 1802 3559">
    <p class='ocr_par' dir='ltr' id='par_1_61' title="bbox 221 3486 1802 3559">
     <span class='ocr_line' id='line_1_61' title="bbox 221 3486 1802 3559; baseline -0.004 -13"><span class='ocrx_word' id='word_1_452' title='bbox 221 3494 402 3546; x_wconf 77' lang='grc' dir='ltr'><strong>ἐκεῖνο</strong></span> <span class='ocrx_word' id='word_1_453' title='bbox 434 3487 631 3558; x_wconf 81' lang='grc' dir='ltr'><strong>καιροῦ</strong></span> <span class='ocrx_word' id='word_1_454' title='bbox 660 3488 851 3555; x_wconf 84' lang='grc' dir='ltr'><strong>γέγονε</strong></span> <span class='ocrx_word' id='word_1_455' title='bbox 881 3488 1019 3559; x_wconf 76' lang='grc' dir='ltr'><strong>πρὸς</strong></span> <span class='ocrx_word' id='word_1_456' title='bbox 1048 3487 1108 3540; x_wconf 77' lang='grc' dir='ltr'><strong>τὸ</strong></span> <span class='ocrx_word' id='word_1_457' title='bbox 1140 3487 1440 3554; x_wconf 79' lang='grc' dir='ltr'><strong>Θεοστεφὲς</strong></span> <span class='ocrx_word' id='word_1_458' title='bbox 1469 3486 1669 3556; x_wconf 85' lang='grc' dir='ltr'><strong>κράτος</strong></span> <span class='ocrx_word' id='word_1_459' title='bbox 1710 3503 1802 3539; x_wconf 93' lang='grc' dir='ltr'><strong>σου</strong></span> 
     </span>
    </p>
   </div>
   <div class='ocr_carea' id='block_1_62' title="bbox 216 3576 1804 3650">
    <p class='ocr_par' dir='ltr' id='par_1_62' title="bbox 216 3576 1804 3650">
     <span class='ocr_line' id='line_1_62' title="bbox 216 3576 1804 3650; baseline -0.004 -13"><span class='ocrx_word' id='word_1_460' title='bbox 216 3585 427 3641; x_wconf 71' lang='grc' dir='ltr'><strong>ὁπόταν</strong></span> <span class='ocrx_word' id='word_1_461' title='bbox 458 3581 598 3650; x_wconf 86' lang='grc' dir='ltr'><strong>μετά</strong></span> <span class='ocrx_word' id='word_1_462' title='bbox 620 3579 721 3647; x_wconf 81' lang='grc' dir='ltr'><strong>τῆς</strong></span> <span class='ocrx_word' id='word_1_463' title='bbox 750 3576 1128 3647; x_wconf 79' lang='grc' dir='ltr'><strong>πολυπληθοῦς</strong></span> <span class='ocrx_word' id='word_1_464' title='bbox 1160 3578 1378 3646; x_wconf 78' lang='grc' dir='ltr'><strong>ἐκείνης</strong></span> <span class='ocrx_word' id='word_1_465' title='bbox 1407 3579 1669 3647; x_wconf 82' lang='grc' dir='ltr'><strong>στρατιᾶς</strong></span> <span class='ocrx_word' id='word_1_466' title='bbox 1697 3578 1804 3631; x_wconf 84' lang='grc' dir='ltr'><strong>τῶν</strong></span> 
     </span>
    </p>
   </div>
   <div class='ocr_carea' id='block_1_63' title="bbox 220 3670 1805 3743">
    <p class='ocr_par' dir='ltr' id='par_1_63' title="bbox 220 3670 1805 3743">
     <span class='ocr_line' id='line_1_63' title="bbox 220 3670 1805 3743; baseline -0.003 -16"><span class='ocrx_word' id='word_1_467' title='bbox 220 3675 499 3743; x_wconf 76' lang='grc' dir='ltr'><strong>Φράγγων</strong></span> <span class='ocrx_word' id='word_1_468' title='bbox 549 3673 629 3735; x_wconf 89' lang='grc' dir='ltr'><strong>είς</strong></span> <span class='ocrx_word' id='word_1_469' title='bbox 657 3672 757 3742; x_wconf 80' lang='grc' dir='ltr'><strong>τὴν</strong></span> <span class='ocrx_word' id='word_1_470' title='bbox 792 3670 1044 3740; x_wconf 82' lang='grc' dir='ltr'><strong>βασιλίδα</strong></span> <span class='ocrx_word' id='word_1_471' title='bbox 1094 3670 1249 3723; x_wconf 85' lang='grc' dir='ltr'><strong>πόλιν</strong></span> <span class='ocrx_word' id='word_1_472' title='bbox 1284 3670 1664 3740; x_wconf 81' lang='grc' dir='ltr'><strong>ἐπιδεδήμηκα</strong></span> <span class='ocrx_word' id='word_1_473' title='bbox 1691 3671 1805 3723; x_wconf 81' lang='grc' dir='ltr'><strong>δια-</strong></span> 
     </span>
    </p>
   </div>
   <div class='ocr_carea' id='block_1_64' title="bbox 221 3760 1805 3833">
    <p class='ocr_par' dir='ltr' id='par_1_64' title="bbox 221 3760 1805 3833">
     <span class='ocr_line' id='line_1_64' title="bbox 221 3760 1805 3833; baseline -0.003 -14"><span class='ocrx_word' id='word_1_474' title='bbox 221 3768 431 3820; x_wconf 73' lang='grc' dir='ltr'><strong>ϐαίνων</strong></span> <span class='ocrx_word' id='word_1_475' title='bbox 464 3764 573 3817; x_wconf 80' lang='grc' dir='ltr'><strong>ἀπὸ</strong></span> <span class='ocrx_word' id='word_1_476' title='bbox 600 3763 701 3832; x_wconf 83' lang='grc' dir='ltr'><strong>τῆς</strong></span> <span class='ocrx_word' id='word_1_477' title='bbox 727 3761 999 3833; x_wconf 84' lang='grc' dir='ltr'><strong>Εὐρώπης</strong></span> <span class='ocrx_word' id='word_1_478' title='bbox 1027 3763 1108 3825; x_wconf 86' lang='grc' dir='ltr'><strong>είς</strong></span> <span class='ocrx_word' id='word_1_479' title='bbox 1139 3762 1240 3831; x_wconf 76' lang='grc' dir='ltr'><strong>τὴν</strong></span> <span class='ocrx_word' id='word_1_480' title='bbox 1274 3761 1459 3814; x_wconf 75' lang='grc' dir='ltr'><strong>Ἀσίαν</strong></span> <span class='ocrx_word' id='word_1_481' title='bbox 1490 3760 1585 3814; x_wconf 70' lang='grc' dir='ltr'><strong>ἐπὶ</strong></span> <span class='ocrx_word' id='word_1_482' title='bbox 1610 3764 1673 3831; x_wconf 79' lang='grc' dir='ltr'><strong>τῇ</strong></span> <span class='ocrx_word' id='word_1_483' title='bbox 1697 3762 1805 3814; x_wconf 81' lang='grc' dir='ltr'><strong>τῶν</strong></span> 
     </span>
    </p>
   </div>
   <div class='ocr_carea' id='block_1_65' title="bbox 235 3852 1805 3929">
    <p class='ocr_par' dir='ltr' id='par_1_65' title="bbox 235 3852 1805 3929">
     <span class='ocr_line' id='line_1_65' title="bbox 235 3852 1805 3929; baseline -0.004 -16"><span class='ocrx_word' id='word_1_484' title='bbox 235 3857 635 3929; x_wconf 85' lang='grc' dir='ltr'><strong>Ἱεροσολύμων</strong></span> <span class='ocrx_word' id='word_1_485' title='bbox 688 3854 998 3924; x_wconf 76' lang='grc' dir='ltr'><strong>ἐλευθερία,</strong></span> <span class='ocrx_word' id='word_1_486' title='bbox 1042 3852 1230 3923; x_wconf 75' lang='grc' dir='ltr'><strong>ἐπειδὴ</strong></span> <span class='ocrx_word' id='word_1_487' title='bbox 1279 3852 1419 3905; x_wconf 87' lang='grc' dir='ltr'><strong>κατά</strong></span> <span class='ocrx_word' id='word_1_488' title='bbox 1457 3869 1611 3913; x_wconf 89' lang='grc' dir='ltr'><strong>τινας</strong></span> <span class='ocrx_word' id='word_1_489' title='bbox 1650 3870 1805 3923; x_wconf 87' lang='grc' dir='ltr'><strong>περι-</strong></span> 
     </span>
    </p>
   </div>
   <div class='ocr_carea' id='block_1_66' title="bbox 221 3941 1805 4016">
    <p class='ocr_par' dir='ltr' id='par_1_66' title="bbox 221 3941 1805 4016">
     <span class='ocr_line' id='line_1_66' title="bbox 221 3941 1805 4016; baseline -0.003 -14"><span class='ocrx_word' id='word_1_490' title='bbox 221 3947 449 4009; x_wconf 82' lang='grc' dir='ltr'><strong>πετείας</strong></span> <span class='ocrx_word' id='word_1_491' title='bbox 470 3944 816 4016; x_wconf 84' lang='grc' dir='ltr'><strong>πραγμάτων</strong></span> <span class='ocrx_word' id='word_1_492' title='bbox 832 3942 1118 4013; x_wconf 51' lang='lat' dir='ltr'><strong>noscam,</strong></span> <span class='ocrx_word' id='word_1_493' title='bbox 1144 3941 1331 4013; x_wconf 75' lang='grc' dir='ltr'><strong>ἐκείνη</strong></span> <span class='ocrx_word' id='word_1_494' title='bbox 1356 3942 1459 4012; x_wconf 86' lang='grc' dir='ltr'><strong>μὲν</strong></span> <span class='ocrx_word' id='word_1_495' title='bbox 1486 3943 1805 4013; x_wconf 84' lang='grc' dir='ltr'><strong>σχολασάτω</strong></span> 
     </span>
    </p>
   </div>
   <div class='ocr_carea' id='block_1_67' title="bbox 222 4033 1804 4109">
    <p class='ocr_par' dir='ltr' id='par_1_67' title="bbox 222 4033 1804 4109">
     <span class='ocr_line' id='line_1_67' title="bbox 222 4033 1804 4109; baseline -0.004 -15"><span class='ocrx_word' id='word_1_496' title='bbox 222 4040 321 4094; x_wconf 77' lang='grc' dir='ltr'><strong>καὶ</strong></span> <span class='ocrx_word' id='word_1_497' title='bbox 373 4038 453 4109; x_wconf 83' lang='grc' dir='ltr'><strong>μὴ</strong></span> <span class='ocrx_word' id='word_1_498' title='bbox 486 4037 662 4108; x_wconf 77' lang='grc' dir='ltr'><strong>ἐχέτω</strong></span> <span class='ocrx_word' id='word_1_499' title='bbox 710 4035 771 4088; x_wconf 85' lang='grc' dir='ltr'><strong>τὸ</strong></span> <span class='ocrx_word' id='word_1_500' title='bbox 819 4033 1042 4103; x_wconf 73' lang='grc' dir='ltr'><strong>ἐνεργὸν</strong></span> <span class='ocrx_word' id='word_1_501' title='bbox 1072 4033 1148 4097; x_wconf 81' lang='grc' dir='ltr'><strong>ὡς</strong></span> <span class='ocrx_word' id='word_1_502' title='bbox 1174 4033 1236 4086; x_wconf 82' lang='grc' dir='ltr'><strong>τὸ</strong></span> <span class='ocrx_word' id='word_1_503' title='bbox 1274 4034 1482 4104; x_wconf 73' lang='grc' dir='ltr'><strong>ἄκυρον</strong></span> <span class='ocrx_word' id='word_1_504' title='bbox 1527 4035 1804 4105; x_wconf 84' lang='grc' dir='ltr'><strong>ἀποφερο-</strong></span> 
     </span>
    </p>
   </div>
   <div class='ocr_carea' id='block_1_68' title="bbox 225 4126 1801 4201">
    <p class='ocr_par' dir='ltr' id='par_1_68' title="bbox 225 4126 1801 4201">
     <span class='ocr_line' id='line_1_68' title="bbox 225 4126 1801 4201; baseline -0.003 -17"><span class='ocrx_word' id='word_1_505' title='bbox 225 4133 369 4201; x_wconf 86' lang='grc' dir='ltr'><strong>μένη</strong></span> <span class='ocrx_word' id='word_1_506' title='bbox 422 4130 511 4183; x_wconf 83' lang='grc' dir='ltr'><strong>διὰ</strong></span> <span class='ocrx_word' id='word_1_507' title='bbox 547 4128 647 4199; x_wconf 76' lang='grc' dir='ltr'><strong>τὴν</strong></span> <span class='ocrx_word' id='word_1_508' title='bbox 681 4126 792 4180; x_wconf 86' lang='grc' dir='ltr'><strong>τῶν</strong></span> <span class='ocrx_word' id='word_1_509' title='bbox 829 4126 1174 4198; x_wconf 79' lang='grc' dir='ltr'><strong>πραγμάτων</strong></span> <span class='ocrx_word' id='word_1_510' title='bbox 1207 4126 1534 4195; x_wconf 83' lang='grc' dir='ltr'><strong>περίστασιν</strong></span> <span class='ocrx_word' id='word_1_511' title='bbox 1558 4142 1572 4157; x_wconf 89' lang='grc'><strong>·</strong></span> <span class='ocrx_word' id='word_1_512' title='bbox 1615 4129 1712 4180; x_wconf 72' lang='grc' dir='ltr'><strong>καὶ</strong></span> <span class='ocrx_word' id='word_1_513' title='bbox 1742 4126 1801 4194; x_wconf 71' lang='grc' dir='ltr'><strong>ἐξ</strong></span> 
     </span>
    </p>
   </div>
   <div class='ocr_carea' id='block_1_69' title="bbox 222 4214 1803 4292">
    <p class='ocr_par' dir='ltr' id='par_1_69' title="bbox 222 4214 1803 4292">
     <span class='ocr_line' id='line_1_69' title="bbox 222 4214 1803 4292; baseline -0.003 -18"><span class='ocrx_word' id='word_1_514' title='bbox 222 4222 449 4292; x_wconf 64' lang='grc' dir='ltr'><strong>ἐκείνης</strong></span> <span class='ocrx_word' id='word_1_515' title='bbox 478 4219 539 4273; x_wconf 84' lang='grc' dir='ltr'>οὐ</span> <span class='ocrx_word' id='word_1_516' title='bbox 569 4220 676 4290; x_wconf 81' lang='grc' dir='ltr'><strong>χρὴ</strong></span> <span class='ocrx_word' id='word_1_517' title='bbox 708 4219 831 4271; x_wconf 81' lang='grc' dir='ltr'><strong>κατ’</strong></span> <span class='ocrx_word' id='word_1_518' title='bbox 860 4216 998 4287; x_wconf 71' lang='grc' dir='ltr'><strong>ἐμοῦ</strong></span> <span class='ocrx_word' id='word_1_519' title='bbox 1026 4216 1237 4269; x_wconf 86' lang='grc' dir='ltr'><strong>δίκαιόν</strong></span> <span class='ocrx_word' id='word_1_520' title='bbox 1261 4235 1313 4269; x_wconf 94' lang='grc' dir='ltr'><strong>τι</strong></span> <span class='ocrx_word' id='word_1_521' title='bbox 1346 4215 1492 4286; x_wconf 82' lang='grc' dir='ltr'><strong>ἔχειν</strong></span> <span class='ocrx_word' id='word_1_522' title='bbox 1522 4214 1620 4287; x_wconf 75' lang='grc' dir='ltr'><strong>τὴν</strong></span> <span class='ocrx_word' id='word_1_523' title='bbox 1648 4215 1803 4285; x_wconf 67' lang='grc' dir='ltr'><strong>βασις</strong></span> 
     </span>
    </p>
   </div>
   <div class='ocr_carea' id='block_1_70' title="bbox 223 4306 1797 4376">
    <p class='ocr_par' dir='ltr' id='par_1_70' title="bbox 223 4306 1797 4376">
     <span class='ocr_line' id='line_1_70' title="bbox 223 4306 1797 4376; baseline -0.004 -11"><span class='ocrx_word' id='word_1_524' title='bbox 223 4313 379 4365; x_wconf 82' lang='grc' dir='ltr'><strong>λείαν</strong></span> <span class='ocrx_word' id='word_1_525' title='bbox 426 4328 545 4375; x_wconf 92' lang='grc' dir='ltr'><strong>σου,</strong></span> <span class='ocrx_word' id='word_1_526' title='bbox 600 4308 899 4362; x_wconf 88' lang='grc' dir='ltr'><strong>κάντεῦθεν</strong></span> <span class='ocrx_word' id='word_1_527' title='bbox 965 4306 1341 4375; x_wconf 76' lang='grc' dir='ltr'><strong>ἰσχυρίζεσθαι</strong></span> <span class='ocrx_word' id='word_1_528' title='bbox 1399 4307 1527 4376; x_wconf 68' lang='grc' dir='ltr'><strong>περὶ</strong></span> <span class='ocrx_word' id='word_1_529' title='bbox 1574 4307 1681 4358; x_wconf 85' lang='grc' dir='ltr'><strong>τῶν</strong></span> <span class='ocrx_word' id='word_1_530' title='bbox 1738 4308 1797 4359; x_wconf 76' lang='grc' dir='ltr'><strong>έν</strong></span> 
     </span>
    </p>
   </div>
   <div class='ocr_carea' id='block_1_71' title="bbox 225 4396 1801 4473">
    <p class='ocr_par' dir='ltr' id='par_1_71' title="bbox 225 4396 1801 4473">
     <span class='ocr_line' id='line_1_71' title="bbox 225 4396 1801 4473; baseline -0.004 -17"><span class='ocrx_word' id='word_1_531' title='bbox 225 4403 419 4473; x_wconf 78' lang='grc' dir='ltr'><strong>ἐκείνῃ</strong></span> <span class='ocrx_word' id='word_1_532' title='bbox 465 4397 995 4470; x_wconf 77' lang='grc' dir='ltr'><strong>συμπεφωνημένων</strong></span> <span class='ocrx_word' id='word_1_533' title='bbox 1041 4413 1101 4448; x_wconf 87' lang='grc' dir='ltr'><strong>τε</strong></span> <span class='ocrx_word' id='word_1_534' title='bbox 1136 4397 1231 4449; x_wconf 78' lang='grc' dir='ltr'><strong>καὶ</strong></span> <span class='ocrx_word' id='word_1_535' title='bbox 1263 4396 1801 4464; x_wconf 86' lang='grc' dir='ltr'><strong>ἀναγεγραμμένων.</strong></span> 
     </span>
    </p>
   </div>
   <div class='ocr_carea' id='block_1_72' title="bbox 229 4485 1805 4561">
    <p class='ocr_par' dir='ltr' id='par_1_72' title="bbox 229 4485 1805 4561">
     <span class='ocr_line' id='line_1_72' title="bbox 229 4485 1805 4561; baseline -0.004 -17"><span class='ocrx_word' id='word_1_536' title='bbox 229 4492 485 4561; x_wconf 83' lang='grc' dir='ltr'><strong>Πόλεμον</strong></span> <span class='ocrx_word' id='word_1_537' title='bbox 518 4490 628 4559; x_wconf 80' lang='grc' dir='ltr'><strong>γὰρ</strong></span> <span class='ocrx_word' id='word_1_538' title='bbox 678 4487 961 4559; x_wconf 84' lang='grc' dir='ltr'><strong>ἀραμένου</strong></span> <span class='ocrx_word' id='word_1_539' title='bbox 1005 4503 1106 4555; x_wconf 90' lang='grc' dir='ltr'><strong>μου</strong></span> <span class='ocrx_word' id='word_1_540' title='bbox 1142 4485 1285 4538; x_wconf 85' lang='grc' dir='ltr'><strong>κατά</strong></span> <span class='ocrx_word' id='word_1_541' title='bbox 1318 4486 1413 4538; x_wconf 90' lang='grc' dir='ltr'><strong>τοῦ</strong></span> <span class='ocrx_word' id='word_1_542' title='bbox 1447 4485 1541 4538; x_wconf 89' lang='grc' dir='ltr'>σοῦ</span> <span class='ocrx_word' id='word_1_543' title='bbox 1572 4485 1805 4556; x_wconf 84' lang='grc' dir='ltr'><strong>Θεοπρο-</strong></span> 
     </span>
    </p>
   </div>
   <div class='ocr_carea' id='block_1_73' title="bbox 222 4579 1799 4655">
    <p class='ocr_par' dir='ltr' id='par_1_73' title="bbox 222 4579 1799 4655">
     <span class='ocr_line' id='line_1_73' title="bbox 222 4579 1799 4655; baseline -0.003 -19"><span class='ocrx_word' id='word_1_544' title='bbox 222 4585 426 4655; x_wconf 83' lang='grc' dir='ltr'><strong>6λήτου</strong></span> <span class='ocrx_word' id='word_1_545' title='bbox 453 4584 691 4653; x_wconf 85' lang='grc' dir='ltr'><strong>κράτους</strong></span> <span class='ocrx_word' id='word_1_546' title='bbox 736 4582 830 4633; x_wconf 73' lang='grc' dir='ltr'><strong>καὶ</strong></span> <span class='ocrx_word' id='word_1_547' title='bbox 856 4579 1279 4649; x_wconf 86' lang='grc' dir='ltr'><strong>παραλύσαντος</strong></span> <span class='ocrx_word' id='word_1_548' title='bbox 1311 4580 1381 4631; x_wconf 89' lang='grc' dir='ltr'><strong>τά</strong></span> <span class='ocrx_word' id='word_1_549' title='bbox 1424 4595 1799 4648; x_wconf 85' lang='grc' dir='ltr'><strong>συμπεφωνη-</strong></span> 
     </span>
    </p>
   </div>
   <div class='ocr_carea' id='block_1_74' title="bbox 225 4668 1797 4747">
    <p class='ocr_par' dir='ltr' id='par_1_74' title="bbox 225 4668 1797 4747">
     <span class='ocr_line' id='line_1_74' title="bbox 225 4668 1797 4747; baseline -0.004 -20"><span class='ocrx_word' id='word_1_550' title='bbox 225 4679 388 4747; x_wconf 81' lang='grc' dir='ltr'><strong>μένα,</strong></span> <span class='ocrx_word' id='word_1_551' title='bbox 434 4673 930 4744; x_wconf 81' lang='grc' dir='ltr'><strong>συμπαραλέλυται</strong></span> <span class='ocrx_word' id='word_1_552' title='bbox 968 4670 1180 4733; x_wconf 82' lang='grc' dir='ltr'><strong>τούτοις</strong></span> <span class='ocrx_word' id='word_1_553' title='bbox 1209 4670 1305 4723; x_wconf 79' lang='grc' dir='ltr'><strong>καὶ</strong></span> <span class='ocrx_word' id='word_1_554' title='bbox 1334 4671 1401 4722; x_wconf 77' lang='grc' dir='ltr'><strong>τὰ</strong></span> <span class='ocrx_word' id='word_1_555' title='bbox 1432 4669 1540 4722; x_wconf 85' lang='grc' dir='ltr'><strong>ἀπὸ</strong></span> <span class='ocrx_word' id='word_1_556' title='bbox 1573 4670 1669 4722; x_wconf 87' lang='grc' dir='ltr'><strong>τοῦ</strong></span> <span class='ocrx_word' id='word_1_557' title='bbox 1704 4668 1797 4724; x_wconf 90' lang='grc' dir='ltr'>σοῦ</span> 
     </span>
    </p>
   </div>
   <div class='ocr_carea' id='block_1_75' title="bbox 222 4759 1798 4840">
    <p class='ocr_par' dir='ltr' id='par_1_75' title="bbox 222 4759 1798 4840">
     <span class='ocr_line' id='line_1_75' title="bbox 222 4759 1798 4840; baseline -0.008 -16"><span class='ocrx_word' id='word_1_558' title='bbox 222 4771 465 4840; x_wconf 77' lang='grc' dir='ltr'><strong>κράτους</strong></span> <span class='ocrx_word' id='word_1_559' title='bbox 512 4769 633 4819; x_wconf 80' lang='grc' dir='ltr'><strong>κατ’</strong></span> <span class='ocrx_word' id='word_1_560' title='bbox 666 4765 801 4833; x_wconf 79' lang='grc' dir='ltr'><strong>ἐμοῦ</strong></span> <span class='ocrx_word' id='word_1_561' title='bbox 834 4765 1153 4833; x_wconf 83' lang='grc' dir='ltr'><strong>αἰτιάματα.</strong></span> <span class='ocrx_word' id='word_1_562' title='bbox 1190 4762 1305 4815; x_wconf 86' lang='grc' dir='ltr'><strong>Νῦν</strong></span> <span class='ocrx_word' id='word_1_563' title='bbox 1329 4761 1385 4813; x_wconf 85' lang='grc' dir='ltr'><strong>δὲ</strong></span> <span class='ocrx_word' id='word_1_564' title='bbox 1416 4759 1509 4814; x_wconf 80' lang='grc' dir='ltr'><strong>οῦν</strong></span> <span class='ocrx_word' id='word_1_565' title='bbox 1539 4762 1582 4793; x_wconf 75' lang='grc' dir='ltr'><strong>⁸ο</strong></span> <span class='ocrx_word' id='word_1_566' title='bbox 1612 4761 1798 4831; x_wconf 80' lang='grc' dir='ltr'><strong>ὥσπερ</strong></span> 
     </span>
    </p>
   </div>
   <div class='ocr_carea' id='block_1_76' title="bbox 222 4851 1800 4930">
    <p class='ocr_par' dir='ltr' id='par_1_76' title="bbox 222 4851 1800 4930">
     <span class='ocr_line' id='line_1_76' title="bbox 222 4851 1800 4930; baseline -0.008 -15"><span class='ocrx_word' id='word_1_567' title='bbox 222 4865 285 4915; x_wconf 76' lang='grc' dir='ltr'><strong>ἐκ</strong></span> <span class='ocrx_word' id='word_1_568' title='bbox 320 4857 685 4930; x_wconf 83' lang='grc' dir='ltr'><strong>μεταμελείας</strong></span> <span class='ocrx_word' id='word_1_569' title='bbox 710 4858 998 4926; x_wconf 73' lang='grc' dir='ltr'><strong>ἐρχόμενος</strong></span> <span class='ocrx_word' id='word_1_570' title='bbox 1028 4855 1121 4907; x_wconf 74' lang='grc' dir='ltr'><strong>καὶ</strong></span> <span class='ocrx_word' id='word_1_571' title='bbox 1147 4852 1339 4920; x_wconf 79' lang='grc' dir='ltr'><strong>ὥσπερ</strong></span> <span class='ocrx_word' id='word_1_572' title='bbox 1364 4852 1546 4913; x_wconf 77' lang='grc' dir='ltr'><strong>ἁλιεὺς</strong></span> <span class='ocrx_word' id='word_1_573' title='bbox 1568 4851 1800 4920; x_wconf 70' lang='grc' dir='ltr'><strong>πληγεὶς</strong></span> 
     </span>
    </p>
   </div>
   <div class='ocr_carea' id='block_1_77' title="bbox 224 4943 1799 5017">
    <p class='ocr_par' dir='ltr' id='par_1_77' title="bbox 224 4943 1799 5017">
     <span class='ocr_line' id='line_1_77' title="bbox 224 4943 1799 5017; baseline -0.008 -12"><span class='ocrx_word' id='word_1_574' title='bbox 224 4953 321 5005; x_wconf 75' lang='grc' dir='ltr'><strong>καὶ</strong></span> <span class='ocrx_word' id='word_1_575' title='bbox 354 4949 805 5017; x_wconf 79' lang='grc' dir='ltr'><strong>ἀπενεγκάμενος</strong></span> <span class='ocrx_word' id='word_1_576' title='bbox 837 4946 963 4999; x_wconf 83' lang='grc' dir='ltr'>νοῦν</span> <span class='ocrx_word' id='word_1_577' title='bbox 998 4945 1092 4999; x_wconf 72' lang='grc' dir='ltr'><strong>καὶ</strong></span> <span class='ocrx_word' id='word_1_578' title='bbox 1139 4945 1303 5014; x_wconf 78' lang='grc' dir='ltr'><strong>μόνον</strong></span> <span class='ocrx_word' id='word_1_579' title='bbox 1345 4945 1467 5013; x_wconf 74' lang='grc' dir='ltr'><strong>οὐχὶ</strong></span> <span class='ocrx_word' id='word_1_580' title='bbox 1502 4944 1579 5011; x_wconf 88' lang='grc' dir='ltr'><strong>τῷ</strong></span> <span class='ocrx_word' id='word_1_581' title='bbox 1612 4943 1799 5013; x_wconf 81' lang='grc' dir='ltr'><strong>δόρατι</strong></span> 
     </span>
    </p>
   </div>
   <div class='ocr_carea' id='block_1_78' title="bbox 1989 3396 3480 3472">
    <p class='ocr_par' dir='ltr' id='par_1_78' title="bbox 1989 3396 3480 3472">
     <span class='ocr_line' id='line_1_78' title="bbox 1989 3396 3480 3472; baseline 0.009 -24"><span class='ocrx_word' id='word_1_582' title='bbox 1989 3415 2007 3448; x_wconf 88' lang='grc' dir='ltr'><strong>ι</strong></span> <span class='ocrx_word' id='word_1_583' title='bbox 2045 3396 2288 3452; x_wconf 88' lang='lat' dir='ltr'><strong>Primum</strong></span> <span class='ocrx_word' id='word_1_584' title='bbox 2342 3399 2583 3453; x_wconf 89' lang='lat' dir='ltr'><strong>omnium</strong></span> <span class='ocrx_word' id='word_1_585' title='bbox 2616 3440 2631 3463; x_wconf 92' lang='lat'><strong>,</strong></span> <span class='ocrx_word' id='word_1_586' title='bbox 2668 3403 2954 3455; x_wconf 70' lang='lat' dir='ltr'><strong>conventio</strong></span> <span class='ocrx_word' id='word_1_587' title='bbox 2988 3411 3350 3472; x_wconf 79' lang='lat' dir='ltr'><strong>tractatusque</strong></span> <span class='ocrx_word' id='word_1_588' title='bbox 3392 3405 3480 3461; x_wconf 83' lang='lat' dir='ltr'><strong>ille</strong></span> 
     </span>
    </p>
   </div>
   <div class='ocr_carea' id='block_1_79' title="bbox 1907 3484 3480 3559">
    <p class='ocr_par' dir='ltr' id='par_1_79' title="bbox 1907 3484 3480 3559">
     <span class='ocr_line' id='line_1_79' title="bbox 1907 3484 3480 3559; baseline 0.01 -25"><span class='ocrx_word' id='word_1_589' title='bbox 1907 3496 2067 3550; x_wconf 89' lang='lat' dir='ltr'><strong>quem</strong></span> <span class='ocrx_word' id='word_1_590' title='bbox 2094 3499 2215 3537; x_wconf 90' lang='lat' dir='ltr'><strong>cttm</strong></span> <span class='ocrx_word' id='word_1_591' title='bbox 2242 3500 2273 3539; x_wconf 89' lang='lat' dir='ltr'><strong>a</strong></span> <span class='ocrx_word' id='word_1_592' title='bbox 2296 3484 2405 3540; x_wconf 89' lang='lat' dir='ltr'><strong>Deo</strong></span> <span class='ocrx_word' id='word_1_593' title='bbox 2434 3496 2689 3541; x_wconf 90' lang='lat' dir='ltr'><strong>coronata</strong></span> <span class='ocrx_word' id='word_1_594' title='bbox 2724 3489 3007 3559; x_wconf 85' lang='lat' dir='ltr'><strong>majestate</strong></span> <span class='ocrx_word' id='word_1_595' title='bbox 3042 3500 3129 3544; x_wconf 85' lang='lat' dir='ltr'><strong>tua</strong></span> <span class='ocrx_word' id='word_1_596' title='bbox 3162 3500 3271 3545; x_wconf 90' lang='lat' dir='ltr'><strong>tum</strong></span> <span class='ocrx_word' id='word_1_597' title='bbox 3309 3502 3480 3549; x_wconf 67' lang='lat' dir='ltr'><strong>trass«</strong></span> 
     </span>
    </p>
   </div>
   <div class='ocr_carea' id='block_1_80' title="bbox 1915 3573 3478 3643">
    <p class='ocr_par' dir='ltr' id='par_1_80' title="bbox 1915 3573 3478 3643">
     <span class='ocr_line' id='line_1_80' title="bbox 1915 3573 3478 3643; baseline 0.008 -16"><span class='ocrx_word' id='word_1_598' title='bbox 1915 3573 2023 3641; x_wconf 77' lang='lat' dir='ltr'><strong>egi,</strong></span> <span class='ocrx_word' id='word_1_599' title='bbox 2064 3581 2277 3643; x_wconf 83' lang='lat' dir='ltr'><strong>quando</strong></span> <span class='ocrx_word' id='word_1_600' title='bbox 2309 3577 2361 3631; x_wconf 91' lang='lat' dir='ltr'><strong>in</strong></span> <span class='ocrx_word' id='word_1_601' title='bbox 2385 3581 2641 3632; x_wconf 87' lang='lat' dir='ltr'><strong>comitatu</strong></span> <span class='ocrx_word' id='word_1_602' title='bbox 2692 3583 3119 3635; x_wconf 78' lang='lat' dir='ltr'><strong>numerosissitni</strong></span> <span class='ocrx_word' id='word_1_603' title='bbox 3148 3583 3289 3638; x_wconf 70' lang='lat' dir='ltr'><strong>illius</strong></span> <span class='ocrx_word' id='word_1_604' title='bbox 3316 3600 3478 3640; x_wconf 79' lang='lat' dir='ltr'><strong>exer-</strong></span> 
     </span>
    </p>
   </div>
   <div class='ocr_carea' id='block_1_81' title="bbox 1904 3663 3474 3740">
    <p class='ocr_par' dir='ltr' id='par_1_81' title="bbox 1904 3663 3474 3740">
     <span class='ocr_line' id='line_1_81' title="bbox 1904 3663 3474 3740; baseline 0.007 -21"><span class='ocrx_word' id='word_1_605' title='bbox 1904 3666 2044 3719; x_wconf 90' lang='lat' dir='ltr'><strong>citus</strong></span> <span class='ocrx_word' id='word_1_606' title='bbox 2073 3663 2317 3720; x_wconf 85' lang='lat' dir='ltr'><strong>Francici</strong></span> <span class='ocrx_word' id='word_1_607' title='bbox 2374 3682 2440 3722; x_wconf 84' lang='lat' dir='ltr'><strong>ex</strong></span> <span class='ocrx_word' id='word_1_608' title='bbox 2504 3669 2717 3738; x_wconf 84' lang='lat' dir='ltr'><strong>Europa</strong></span> <span class='ocrx_word' id='word_1_609' title='bbox 2750 3673 3148 3740; x_wconf 79' lang='lat' dir='ltr'><strong>transgrediens</strong></span> <span class='ocrx_word' id='word_1_610' title='bbox 3198 3675 3250 3728; x_wconf 93' lang='lat' dir='ltr'><strong>in</strong></span> <span class='ocrx_word' id='word_1_611' title='bbox 3291 3676 3474 3730; x_wconf 80' lang='lat' dir='ltr'><strong>Asiam</strong></span> 
     </span>
    </p>
   </div>
   <div class='ocr_carea' id='block_1_82' title="bbox 1904 3753 3474 3834">
    <p class='ocr_par' dir='ltr' id='par_1_82' title="bbox 1904 3753 3474 3834">
     <span class='ocr_line' id='line_1_82' title="bbox 1904 3753 3474 3834; baseline 0.009 -28"><span class='ocrx_word' id='word_1_612' title='bbox 1904 3753 2401 3825; x_wconf 82' lang='lat' dir='ltr'><strong>Hierosolymorum</strong></span> <span class='ocrx_word' id='word_1_613' title='bbox 2494 3758 2917 3825; x_wconf 85' lang='lat' dir='ltr'><strong>liberationem,</strong></span> <span class='ocrx_word' id='word_1_614' title='bbox 3002 3762 3474 3834; x_wconf 80' lang='lat' dir='ltr'><strong>Constantinopoli</strong></span> 
     </span>
    </p>
   </div>
   <div class='ocr_carea' id='block_1_83' title="bbox 1907 3844 3477 3920">
    <p class='ocr_par' dir='ltr' id='par_1_83' title="bbox 1907 3844 3477 3920">
     <span class='ocr_line' id='line_1_83' title="bbox 1907 3844 3477 3920; baseline 0.008 -24"><span class='ocrx_word' id='word_1_615' title='bbox 1907 3844 2152 3909; x_wconf 86' lang='lat' dir='ltr'><strong>transivi,</strong></span> <span class='ocrx_word' id='word_1_616' title='bbox 2181 3854 2239 3899; x_wconf 90' lang='lat' dir='ltr'><strong>ut</strong></span> <span class='ocrx_word' id='word_1_617' title='bbox 2260 3846 2581 3915; x_wconf 86' lang='lat' dir='ltr'><strong>quibusdam</strong></span> <span class='ocrx_word' id='word_1_618' title='bbox 2609 3862 2785 3901; x_wconf 90' lang='lat' dir='ltr'><strong>rerum</strong></span> <span class='ocrx_word' id='word_1_619' title='bbox 2817 3858 2870 3902; x_wconf 89' lang='lat' dir='ltr'><strong>et</strong></span> <span class='ocrx_word' id='word_1_620' title='bbox 2903 3852 3236 3920; x_wconf 79' lang='lat' dir='ltr'><strong>negotiorum</strong></span> <span class='ocrx_word' id='word_1_621' title='bbox 3293 3856 3362 3909; x_wconf 91' lang='lat' dir='ltr'><strong>ab</strong></span> <span class='ocrx_word' id='word_1_622' title='bbox 3410 3870 3477 3909; x_wconf 89' lang='lat' dir='ltr'><strong>en</strong></span> 
     </span>
    </p>
   </div>
   <div class='ocr_carea' id='block_1_84' title="bbox 1904 3936 3476 4016">
    <p class='ocr_par' dir='ltr' id='par_1_84' title="bbox 1904 3936 3476 4016">
     <span class='ocr_line' id='line_1_84' title="bbox 1904 3936 3476 4016; baseline 0.007 -28"><span class='ocrx_word' id='word_1_623' title='bbox 1904 3944 2148 4005; x_wconf 89' lang='lat' dir='ltr'><strong>tempore</strong></span> <span class='ocrx_word' id='word_1_624' title='bbox 2184 3936 2577 3992; x_wconf 90' lang='lat' dir='ltr'><strong>incurrentium</strong></span> <span class='ocrx_word' id='word_1_625' title='bbox 2606 3939 2811 3993; x_wconf 87' lang='lat' dir='ltr'><strong>vicibus</strong></span> <span class='ocrx_word' id='word_1_626' title='bbox 2835 3939 3129 4009; x_wconf 73' lang='lat' dir='ltr'><strong>abrogatus</strong></span> <span class='ocrx_word' id='word_1_627' title='bbox 3152 3953 3254 4009; x_wconf 87' lang='lat' dir='ltr'><strong>est,</strong></span> <span class='ocrx_word' id='word_1_628' title='bbox 3289 3946 3359 4000; x_wconf 90' lang='lat' dir='ltr'><strong>ita</strong></span> <span class='ocrx_word' id='word_1_629' title='bbox 3382 3963 3476 4016; x_wconf 86' lang='lat' dir='ltr'><strong>pro</strong></span> 
     </span>
    </p>
   </div>
   <div class='ocr_carea' id='block_1_85' title="bbox 1903 4026 3478 4097">
    <p class='ocr_par' dir='ltr' id='par_1_85' title="bbox 1903 4026 3478 4097">
     <span class='ocr_line' id='line_1_85' title="bbox 1903 4026 3478 4097; baseline 0.008 -18"><span class='ocrx_word' id='word_1_630' title='bbox 1903 4026 2163 4093; x_wconf 81' lang='lat' dir='ltr'><strong>abrogato</strong></span> <span class='ocrx_word' id='word_1_631' title='bbox 2190 4028 2455 4096; x_wconf 87' lang='lat' dir='ltr'><strong>planeque</strong></span> <span class='ocrx_word' id='word_1_632' title='bbox 2488 4028 2765 4097; x_wconf 88' lang='lat' dir='ltr'><strong>antiqttato</strong></span> <span class='ocrx_word' id='word_1_633' title='bbox 2816 4047 2961 4088; x_wconf 90' lang='lat' dir='ltr'><strong>nunc</strong></span> <span class='ocrx_word' id='word_1_634' title='bbox 3010 4035 3274 4091; x_wconf 86' lang='lat' dir='ltr'><strong>habeatur</strong></span> <span class='ocrx_word' id='word_1_635' title='bbox 3318 4055 3331 4091; x_wconf 90' lang='lat'><strong>:</strong></span> <span class='ocrx_word' id='word_1_636' title='bbox 3375 4055 3478 4092; x_wconf 83' lang='lat' dir='ltr'><strong>nec</strong></span> 
     </span>
    </p>
   </div>
   <div class='ocr_carea' id='block_1_86' title="bbox 1904 4118 3473 4191">
    <p class='ocr_par' dir='ltr' id='par_1_86' title="bbox 1904 4118 3473 4191">
     <span class='ocr_line' id='line_1_86' title="bbox 1904 4118 3473 4191; baseline 0.01 -21"><span class='ocrx_word' id='word_1_637' title='bbox 1904 4134 1969 4170; x_wconf 81' lang='lat' dir='ltr'><strong>ex</strong></span> <span class='ocrx_word' id='word_1_638' title='bbox 1995 4132 2060 4170; x_wconf 91' lang='lat' dir='ltr'><strong>eo</strong></span> <span class='ocrx_word' id='word_1_639' title='bbox 2086 4126 2172 4171; x_wconf 89' lang='lat' dir='ltr'><strong>tua</strong></span> <span class='ocrx_word' id='word_1_640' title='bbox 2198 4118 2449 4187; x_wconf 88' lang='lat' dir='ltr'><strong>majestas</strong></span> <span class='ocrx_word' id='word_1_641' title='bbox 2471 4119 2560 4187; x_wconf 90' lang='lat' dir='ltr'><strong>jus</strong></span> <span class='ocrx_word' id='word_1_642' title='bbox 2590 4121 2690 4174; x_wconf 88' lang='lat' dir='ltr'><strong>sibi</strong></span> <span class='ocrx_word' id='word_1_643' title='bbox 2727 4125 2958 4189; x_wconf 86' lang='lat' dir='ltr'><strong>posthac</strong></span> <span class='ocrx_word' id='word_1_644' title='bbox 3004 4125 3169 4180; x_wconf 89' lang='lat' dir='ltr'><strong>ullum</strong></span> <span class='ocrx_word' id='word_1_645' title='bbox 3217 4144 3432 4185; x_wconf 88' lang='lat' dir='ltr'><strong>sumere</strong></span> <span class='ocrx_word' id='word_1_646' title='bbox 3458 4173 3473 4191; x_wconf 92' lang='lat'><strong>,</strong></span> 
     </span>
    </p>
   </div>
   <div class='ocr_carea' id='block_1_87' title="bbox 1905 4208 3474 4290">
    <p class='ocr_par' dir='ltr' id='par_1_87' title="bbox 1905 4208 3474 4290">
     <span class='ocr_line' id='line_1_87' title="bbox 1905 4208 3474 4290; baseline 0.01 -28"><span class='ocrx_word' id='word_1_647' title='bbox 1905 4208 2060 4276; x_wconf 87' lang='lat' dir='ltr'><strong>eique</strong></span> <span class='ocrx_word' id='word_1_648' title='bbox 2088 4210 2156 4263; x_wconf 90' lang='lat' dir='ltr'><strong>ad</strong></span> <span class='ocrx_word' id='word_1_649' title='bbox 2187 4226 2336 4278; x_wconf 88' lang='lat' dir='ltr'><strong>spem</strong></span> <span class='ocrx_word' id='word_1_650' title='bbox 2369 4212 2531 4265; x_wconf 85' lang='lat' dir='ltr'><strong>ullam</strong></span> <span class='ocrx_word' id='word_1_651' title='bbox 2563 4213 2718 4267; x_wconf 87' lang='lat' dir='ltr'><strong>inttiti</strong></span> <span class='ocrx_word' id='word_1_652' title='bbox 2747 4215 2941 4279; x_wconf 86' lang='lat' dir='ltr'><strong>valeat,</strong></span> <span class='ocrx_word' id='word_1_653' title='bbox 2967 4216 3035 4270; x_wconf 93' lang='lat' dir='ltr'><strong>ob</strong></span> <span class='ocrx_word' id='word_1_654' title='bbox 3057 4233 3118 4272; x_wconf 90' lang='lat' dir='ltr'><strong>ea</strong></span> <span class='ocrx_word' id='word_1_655' title='bbox 3138 4235 3474 4290; x_wconf 73' lang='lat' dir='ltr'><strong>qtttecunque</strong></span> 
     </span>
    </p>
   </div>
   <div class='ocr_carea' id='block_1_88' title="bbox 1905 4299 3476 4378">
    <p class='ocr_par' dir='ltr' id='par_1_88' title="bbox 1905 4299 3476 4378">
     <span class='ocr_line' id='line_1_88' title="bbox 1905 4299 3476 4378; baseline 0.011 -27"><span class='ocrx_word' id='word_1_656' title='bbox 1905 4312 1969 4352; x_wconf 85' lang='lat' dir='ltr'><strong>ac</strong></span> <span class='ocrx_word' id='word_1_657' title='bbox 1997 4299 2391 4369; x_wconf 77' lang='lat' dir='ltr'><strong>qualiacunque</strong></span> <span class='ocrx_word' id='word_1_658' title='bbox 2440 4311 2595 4355; x_wconf 87' lang='lat' dir='ltr'><strong>cauta</strong></span> <span class='ocrx_word' id='word_1_659' title='bbox 2621 4343 2636 4368; x_wconf 94' lang='lat'><strong>,</strong></span> <span class='ocrx_word' id='word_1_660' title='bbox 2672 4315 2892 4373; x_wconf 82' lang='lat' dir='ltr'><strong>excepta</strong></span> <span class='ocrx_word' id='word_1_661' title='bbox 2926 4347 2941 4371; x_wconf 91' lang='lat'><strong>,</strong></span> <span class='ocrx_word' id='word_1_662' title='bbox 2979 4309 3177 4377; x_wconf 83' lang='lat' dir='ltr'><strong>scripta</strong></span> <span class='ocrx_word' id='word_1_663' title='bbox 3202 4350 3218 4375; x_wconf 93' lang='lat'><strong>,</strong></span> <span class='ocrx_word' id='word_1_664' title='bbox 3254 4310 3430 4378; x_wconf 59' lang='lat' dir='ltr'><strong>jurata</strong></span> <span class='ocrx_word' id='word_1_665' title='bbox 3460 4354 3476 4378; x_wconf 91' lang='lat'><strong>,</strong></span> 
     </span>
    </p>
   </div>
   <div class='ocr_carea' id='block_1_89' title="bbox 1905 4390 3474 4459">
    <p class='ocr_par' dir='ltr' id='par_1_89' title="bbox 1905 4390 3474 4459">
     <span class='ocr_line' id='line_1_89' title="bbox 1905 4390 3474 4459; baseline 0.008 -16"><span class='ocrx_word' id='word_1_666' title='bbox 1905 4390 2393 4459; x_wconf 89' lang='lat' dir='ltr'><strong>quomodocunque</strong></span> <span class='ocrx_word' id='word_1_667' title='bbox 2448 4391 2520 4446; x_wconf 90' lang='lat' dir='ltr'><strong>ibi</strong></span> <span class='ocrx_word' id='word_1_668' title='bbox 2571 4394 2831 4459; x_wconf 87' lang='lat' dir='ltr'><strong>promissa</strong></span> <span class='ocrx_word' id='word_1_669' title='bbox 2880 4406 2970 4449; x_wconf 90' lang='lat' dir='ltr'><strong>aut</strong></span> <span class='ocrx_word' id='word_1_670' title='bbox 3021 4412 3337 4456; x_wconf 88' lang='lat' dir='ltr'><strong>memorata.</strong></span> <span class='ocrx_word' id='word_1_671' title='bbox 3382 4404 3474 4456; x_wconf 80' lang='lat' dir='ltr'><strong>Et-</strong></span> 
     </span>
    </p>
   </div>
   <div class='ocr_carea' id='block_1_90' title="bbox 1908 4482 3478 4564">
    <p class='ocr_par' dir='ltr' id='par_1_90' title="bbox 1908 4482 3478 4564">
     <span class='ocr_line' id='line_1_90' title="bbox 1908 4482 3478 4564; baseline 0.008 -27"><span class='ocrx_word' id='word_1_672' title='bbox 1908 4483 2052 4537; x_wconf 89' lang='lat' dir='ltr'><strong>enim</strong></span> <span class='ocrx_word' id='word_1_673' title='bbox 2078 4482 2219 4538; x_wconf 88' lang='lat' dir='ltr'><strong>bello</strong></span> <span class='ocrx_word' id='word_1_674' title='bbox 2254 4485 2450 4539; x_wconf 75' lang='lat' dir='ltr'><strong>exinde</strong></span> <span class='ocrx_word' id='word_1_675' title='bbox 2484 4500 2513 4538; x_wconf 90' lang='lat' dir='ltr'><strong>a</strong></span> <span class='ocrx_word' id='word_1_676' title='bbox 2555 4502 2641 4541; x_wconf 87' lang='lat' dir='ltr'><strong>nte</strong></span> <span class='ocrx_word' id='word_1_677' title='bbox 2671 4488 2933 4543; x_wconf 87' lang='lat' dir='ltr'><strong>adversus</strong></span> <span class='ocrx_word' id='word_1_678' title='bbox 2981 4500 3123 4545; x_wconf 88' lang='lat' dir='ltr'><strong>tuam</strong></span> <span class='ocrx_word' id='word_1_679' title='bbox 3157 4508 3185 4545; x_wconf 91' lang='lat' dir='ltr'><strong>a</strong></span> <span class='ocrx_word' id='word_1_680' title='bbox 3222 4495 3327 4548; x_wconf 89' lang='lat' dir='ltr'><strong>Deo</strong></span> <span class='ocrx_word' id='word_1_681' title='bbox 3353 4512 3478 4564; x_wconf 93' lang='lat' dir='ltr'><strong>pro-</strong></span> 
     </span>
    </p>
   </div>
   <div class='ocr_carea' id='block_1_91' title="bbox 1907 4574 3474 4651">
    <p class='ocr_par' dir='ltr' id='par_1_91' title="bbox 1907 4574 3474 4651">
     <span class='ocr_line' id='line_1_91' title="bbox 1907 4574 3474 4651; baseline 0.008 -24"><span class='ocrx_word' id='word_1_682' title='bbox 1907 4585 2107 4627; x_wconf 87' lang='lat' dir='ltr'><strong>motam</strong></span> <span class='ocrx_word' id='word_1_683' title='bbox 2164 4574 2500 4642; x_wconf 75' lang='lat' dir='ltr'><strong>ntajestatetn</strong></span> <span class='ocrx_word' id='word_1_684' title='bbox 2563 4588 2706 4633; x_wconf 86' lang='lat' dir='ltr'><strong>moto</strong></span> <span class='ocrx_word' id='word_1_685' title='bbox 2750 4592 3012 4650; x_wconf 76' lang='lat' dir='ltr'><strong>gestoque</strong></span> <span class='ocrx_word' id='word_1_686' title='bbox 3056 4596 3301 4639; x_wconf 87' lang='lat' dir='ltr'><strong>revocata</strong></span> <span class='ocrx_word' id='word_1_687' title='bbox 3355 4588 3474 4651; x_wconf 89' lang='lat' dir='ltr'><strong>illa,</strong></span> 
     </span>
    </p>
   </div>
   <div class='ocr_carea' id='block_1_92' title="bbox 1908 4665 3477 4742">
    <p class='ocr_par' dir='ltr' id='par_1_92' title="bbox 1908 4665 3477 4742">
     <span class='ocr_line' id='line_1_92' title="bbox 1908 4665 3477 4742; baseline 0.009 -24"><span class='ocrx_word' id='word_1_688' title='bbox 1908 4665 2172 4734; x_wconf 80' lang='lat' dir='ltr'><strong>irritaqtte</strong></span> <span class='ocrx_word' id='word_1_689' title='bbox 2198 4681 2259 4720; x_wconf 86' lang='lat' dir='ltr'><strong>ac</strong></span> <span class='ocrx_word' id='word_1_690' title='bbox 2282 4682 2432 4721; x_wconf 83' lang='lat' dir='ltr'><strong>cassa</strong></span> <span class='ocrx_word' id='word_1_691' title='bbox 2460 4667 2728 4723; x_wconf 84' lang='lat' dir='ltr'><strong>declarata</strong></span> <span class='ocrx_word' id='word_1_692' title='bbox 2777 4673 2988 4725; x_wconf 70' lang='lat' dir='ltr'><strong>censeri</strong></span> <span class='ocrx_word' id='word_1_693' title='bbox 3033 4689 3158 4742; x_wconf 87' lang='lat' dir='ltr'><strong>pars</strong></span> <span class='ocrx_word' id='word_1_694' title='bbox 3211 4686 3294 4728; x_wconf 91' lang='lat' dir='ltr'><strong>est</strong></span> <span class='ocrx_word' id='word_1_695' title='bbox 3330 4690 3345 4727; x_wconf 87' lang='lat'><strong>:</strong></span> <span class='ocrx_word' id='word_1_696' title='bbox 3378 4693 3477 4731; x_wconf 87' lang='lat' dir='ltr'><strong>nee</strong></span> 
     </span>
    </p>
   </div>
   <div class='ocr_carea' id='block_1_93' title="bbox 1906 4757 3476 4834">
    <p class='ocr_par' dir='ltr' id='par_1_93' title="bbox 1906 4757 3476 4834">
     <span class='ocr_line' id='line_1_93' title="bbox 1906 4757 3476 4834; baseline 0.006 -24"><span class='ocrx_word' id='word_1_697' title='bbox 1906 4770 2132 4810; x_wconf 84' lang='lat' dir='ltr'><strong>causam</strong></span> <span class='ocrx_word' id='word_1_698' title='bbox 2163 4767 2258 4810; x_wconf 88' lang='lat' dir='ltr'><strong>aut</strong></span> <span class='ocrx_word' id='word_1_699' title='bbox 2286 4757 2499 4811; x_wconf 90' lang='lat' dir='ltr'><strong>titulum</strong></span> <span class='ocrx_word' id='word_1_700' title='bbox 2534 4762 2775 4828; x_wconf 75' lang='lat' dir='ltr'><strong>pra:bere</strong></span> <span class='ocrx_word' id='word_1_701' title='bbox 2801 4762 2963 4814; x_wconf 89' lang='lat' dir='ltr'><strong>ullum</strong></span> <span class='ocrx_word' id='word_1_702' title='bbox 2995 4764 3087 4816; x_wconf 87' lang='lat' dir='ltr'><strong>tibi</strong></span> <span class='ocrx_word' id='word_1_703' title='bbox 3116 4779 3272 4831; x_wconf 90' lang='lat' dir='ltr'><strong>posse</strong></span> <span class='ocrx_word' id='word_1_704' title='bbox 3302 4765 3476 4834; x_wconf 75' lang='lat' dir='ltr'><strong>legiti-</strong></span> 
     </span>
    </p>
   </div>
   <div class='ocr_carea' id='block_1_94' title="bbox 1903 4852 3472 4921">
    <p class='ocr_par' dir='ltr' id='par_1_94' title="bbox 1903 4852 3472 4921">
     <span class='ocr_line' id='line_1_94' title="bbox 1903 4852 3472 4921; baseline 0.005 -17"><span class='ocrx_word' id='word_1_705' title='bbox 1903 4866 2050 4904; x_wconf 88' lang='lat' dir='ltr'><strong>mum</strong></span> <span class='ocrx_word' id='word_1_706' title='bbox 2106 4858 2296 4904; x_wconf 88' lang='lat' dir='ltr'><strong>contra</strong></span> <span class='ocrx_word' id='word_1_707' title='bbox 2346 4865 2433 4905; x_wconf 87' lang='lat' dir='ltr'><strong>me</strong></span> <span class='ocrx_word' id='word_1_708' title='bbox 2480 4852 2826 4906; x_wconf 86' lang='lat' dir='ltr'><strong>accnsatione</strong></span> <span class='ocrx_word' id='word_1_709' title='bbox 2882 4852 2988 4906; x_wconf 91' lang='lat' dir='ltr'><strong>ulla</strong></span> <span class='ocrx_word' id='word_1_710' title='bbox 3044 4856 3330 4921; x_wconf 88' lang='lat' dir='ltr'><strong>querelave</strong></span> <span class='ocrx_word' id='word_1_711' title='bbox 3387 4874 3472 4913; x_wconf 88' lang='lat' dir='ltr'><strong>ve-</strong></span> 
     </span>
    </p>
   </div>
   <div class='ocr_carea' id='block_1_95' title="bbox 1905 4941 3473 5010">
    <p class='ocr_par' dir='ltr' id='par_1_95' title="bbox 1905 4941 3473 5010">
     <span class='ocr_line' id='line_1_95' title="bbox 1905 4941 3473 5010; baseline 0.004 -15"><span class='ocrx_word' id='word_1_712' title='bbox 1905 4941 2106 4995; x_wconf 90' lang='lat' dir='ltr'><strong>niendi.</strong></span> <span class='ocrx_word' id='word_1_713' title='bbox 2141 4942 2352 5009; x_wconf 74' lang='lat' dir='ltr'><strong>Integer</strong></span> <span class='ocrx_word' id='word_1_714' title='bbox 2375 4954 2504 5008; x_wconf 78' lang='lat' dir='ltr'><strong>ergo</strong></span> <span class='ocrx_word' id='word_1_715' title='bbox 2535 4957 2675 4995; x_wconf 88' lang='lat' dir='ltr'><strong>nunc</strong></span> <span class='ocrx_word' id='word_1_716' title='bbox 2701 4941 2968 5009; x_wconf 80' lang='lat' dir='ltr'><strong>pleneque</strong></span> <span class='ocrx_word' id='word_1_717' title='bbox 3008 4944 3148 5010; x_wconf 88' lang='lat' dir='ltr'><strong>juris</strong></span> <span class='ocrx_word' id='word_1_718' title='bbox 3197 4947 3299 5000; x_wconf 90' lang='lat' dir='ltr'><strong>mei</strong></span> <span class='ocrx_word' id='word_1_719' title='bbox 3333 4948 3473 5001; x_wconf 90' lang='lat' dir='ltr'><strong>ultro</strong></span> 
     </span>
    </p>
   </div>
   <div class='ocr_carea' id='block_1_96' title="bbox 222 5028 1803 5112">
    <p class='ocr_par' dir='ltr' id='par_1_96' title="bbox 222 5035 1799 5112">
     <span class='ocr_line' id='line_1_96' title="bbox 222 5035 1799 5112; baseline -0.006 -17"><span class='ocrx_word' id='word_1_720' title='bbox 222 5046 301 5112; x_wconf 81' lang='grc' dir='ltr'><strong>τῷ</strong></span> <span class='ocrx_word' id='word_1_721' title='bbox 344 5044 437 5094; x_wconf 90' lang='grc' dir='ltr'>σοῦ</span> <span class='ocrx_word' id='word_1_722' title='bbox 471 5042 885 5110; x_wconf 86' lang='grc' dir='ltr'><strong>νουνεχέστερος</strong></span> <span class='ocrx_word' id='word_1_723' title='bbox 915 5035 1153 5106; x_wconf 86' lang='grc' dir='ltr'><strong>γεγονὼς</strong></span> <span class='ocrx_word' id='word_1_724' title='bbox 1201 5036 1296 5089; x_wconf 74' lang='grc' dir='ltr'><strong>καὶ</strong></span> <span class='ocrx_word' id='word_1_725' title='bbox 1336 5036 1433 5102; x_wconf 82' lang='grc' dir='ltr'><strong>τῆς</strong></span> <span class='ocrx_word' id='word_1_726' title='bbox 1470 5035 1591 5087; x_wconf 78' lang='grc' dir='ltr'><strong>κατ’</strong></span> <span class='ocrx_word' id='word_1_727' title='bbox 1624 5035 1799 5086; x_wconf 77' lang='grc' dir='ltr'><strong>ἐκεῖνο</strong></span> 
     </span>
    </p>
   </div>
   <div class='ocr_carea' id='block_1_97' title="bbox 1908 5028 3472 5112">
    <p class='ocr_par' dir='ltr' id='par_1_97' title="bbox 1908 5028 3472 5101">
     <span class='ocr_line' id='line_1_97' title="bbox 1908 5028 3472 5101; baseline 0.004 -17"><span class='ocrx_word' id='word_1_728' title='bbox 1908 5030 1993 5084; x_wconf 81' lang='lat' dir='ltr'><strong>tibi</strong></span> <span class='ocrx_word' id='word_1_729' title='bbox 2024 5044 2106 5082; x_wconf 89' lang='lat' dir='ltr'><strong>me</strong></span> <span class='ocrx_word' id='word_1_730' title='bbox 2140 5030 2294 5093; x_wconf 88' lang='lat' dir='ltr'><strong>sisto,</strong></span> <span class='ocrx_word' id='word_1_731' title='bbox 2336 5029 2476 5082; x_wconf 85' lang='lat' dir='ltr'><strong>velut</strong></span> <span class='ocrx_word' id='word_1_732' title='bbox 2503 5031 2739 5097; x_wconf 90' lang='lat' dir='ltr'><strong>piscator</strong></span> <span class='ocrx_word' id='word_1_733' title='bbox 2769 5028 2904 5082; x_wconf 84' lang='lat' dir='ltr'><strong>ictus</strong></span> <span class='ocrx_word' id='word_1_734' title='bbox 2941 5030 3021 5084; x_wconf 86' lang='lat' dir='ltr'><strong>vel</strong></span> <span class='ocrx_word' id='word_1_735' title='bbox 3046 5045 3169 5086; x_wconf 83' lang='lat' dir='ltr'><strong>sero</strong></span> <span class='ocrx_word' id='word_1_736' title='bbox 3214 5036 3472 5101; x_wconf 78' lang='lat' dir='ltr'><strong>promens</strong></span> 
     </span>
    </p>
   </div>
   <div class='ocr_carea' id='block_1_98' title="bbox 225 5123 1795 5203">
    <p class='ocr_par' dir='ltr' id='par_1_98' title="bbox 225 5123 1795 5203">
     <span class='ocr_line' id='line_1_98' title="bbox 225 5123 1795 5203; baseline -0.008 -16"><span class='ocrx_word' id='word_1_737' title='bbox 225 5132 420 5203; x_wconf 77' lang='grc' dir='ltr'><strong>καιροῦ</strong></span> <span class='ocrx_word' id='word_1_738' title='bbox 467 5133 636 5203; x_wconf 71' lang='grc' dir='ltr'><strong>ἥττης</strong></span> <span class='ocrx_word' id='word_1_739' title='bbox 684 5129 781 5183; x_wconf 77' lang='grc' dir='ltr'><strong>καὶ</strong></span> <span class='ocrx_word' id='word_1_740' title='bbox 826 5128 934 5181; x_wconf 83' lang='grc' dir='ltr'><strong>τῶν</strong></span> <span class='ocrx_word' id='word_1_741' title='bbox 983 5126 1236 5197; x_wconf 85' lang='grc' dir='ltr'><strong>πολέμων</strong></span> <span class='ocrx_word' id='word_1_742' title='bbox 1283 5123 1658 5194; x_wconf 73' lang='grc' dir='ltr'><strong>ἀναμνησθεὶς</strong></span> <span class='ocrx_word' id='word_1_743' title='bbox 1714 5124 1795 5186; x_wconf 84' lang='grc' dir='ltr'><strong>είς</strong></span> 
     </span>
    </p>
   </div>
   <div class='ocr_carea' id='block_1_99' title="bbox 1903 5122 3471 5196">
    <p class='ocr_par' dir='ltr' id='par_1_99' title="bbox 1903 5122 3471 5196">
     <span class='ocr_line' id='line_1_99' title="bbox 1903 5122 3471 5196; baseline 0.006 -20"><span class='ocrx_word' id='word_1_744' title='bbox 1903 5122 2273 5189; x_wconf 74' lang='lat' dir='ltr'><strong>paenitentiam</strong></span> <span class='ocrx_word' id='word_1_745' title='bbox 2326 5138 2486 5192; x_wconf 89' lang='lat' dir='ltr'><strong>quam</strong></span> <span class='ocrx_word' id='word_1_746' title='bbox 2518 5125 2736 5196; x_wconf 73' lang='lat' dir='ltr'><strong>concepi</strong></span> <span class='ocrx_word' id='word_1_747' title='bbox 2786 5138 3006 5190; x_wconf 84' lang='lat' dir='ltr'><strong>veram,</strong></span> <span class='ocrx_word' id='word_1_748' title='bbox 3056 5142 3119 5181; x_wconf 84' lang='lat' dir='ltr'><strong>ex</strong></span> <span class='ocrx_word' id='word_1_749' title='bbox 3163 5140 3308 5183; x_wconf 80' lang='lat' dir='ltr'><strong>certa</strong></span> <span class='ocrx_word' id='word_1_750' title='bbox 3355 5148 3471 5188; x_wconf 83' lang='lat' dir='ltr'><strong>utea</strong></span> 
     </span>
    </p>
   </div>
   <div class='ocr_carea' id='block_1_100' title="bbox 1379 5239 2521 5305">
    <p class='ocr_par' dir='ltr' id='par_1_100' title="bbox 1379 5239 2521 5305">
     <span class='ocr_line' id='line_1_100' title="bbox 1379 5239 2521 5305; baseline -0.003 -2"><span class='ocrx_word' id='word_1_751' title='bbox 1379 5242 1583 5303; x_wconf 61' lang='lat' dir='ltr'><strong>Varias</strong></span> <span class='ocrx_word' id='word_1_752' title='bbox 1617 5243 1923 5305; x_wconf 90' lang='lat' dir='ltr'><strong>lectiones</strong></span> <span class='ocrx_word' id='word_1_753' title='bbox 1961 5258 2044 5302; x_wconf 78' lang='lat' dir='ltr'><strong>ex</strong></span> <span class='ocrx_word' id='word_1_754' title='bbox 2079 5241 2220 5303; x_wconf 86' lang='lat' dir='ltr'><strong>cod.</strong></span> <span class='ocrx_word' id='word_1_755' title='bbox 2257 5239 2521 5303; x_wconf 89' lang='lat' dir='ltr'><strong>Coislin.</strong></span> 
     </span>
    </p>
   </div>
   <div class='ocr_carea' id='block_1_101' title="bbox 290 5353 459 5409">
    <p class='ocr_par' dir='ltr' id='par_1_101' title="bbox 290 5353 459 5409">
     <span class='ocr_line' id='line_1_101' title="bbox 290 5353 459 5409; baseline 0 -1"><span class='ocrx_word' id='word_1_756' title='bbox 290 5353 337 5384; x_wconf 79' lang='grc'><strong><em>⁸⁸</em></strong></span> <span class='ocrx_word' id='word_1_757' title='bbox 370 5353 459 5409; x_wconf 82' lang='grc' dir='ltr'><strong>αὖ.</strong></span> 
     </span>
    </p>
   </div>
   <div class='ocr_carea' id='block_1_102' title="bbox 1268 5434 2362 5517">
    <p class='ocr_par' dir='ltr' id='par_1_102' title="bbox 1268 5434 2362 5517">
     <span class='ocr_line' id='line_1_102' title="bbox 1268 5434 2362 5517; baseline 0.003 -19"><span class='ocrx_word' id='word_1_758' title='bbox 1268 5434 1745 5499; x_wconf 85' lang='lat' dir='ltr'><strong>Car.Dufresnii</strong></span> <span class='ocrx_word' id='word_1_759' title='bbox 1790 5438 1886 5497; x_wconf 90' lang='lat' dir='ltr'><strong>Du</strong></span> <span class='ocrx_word' id='word_1_760' title='bbox 1934 5437 2146 5517; x_wconf 82' lang='lat' dir='ltr'><strong>Cangii</strong></span> <span class='ocrx_word' id='word_1_761' title='bbox 2178 5443 2362 5501; x_wconf 77' lang='lat' dir='ltr'><strong>notte.</strong></span> 
     </span>
    </p>
   </div>
   <div class='ocr_carea' id='block_1_103' title="bbox 288 5563 1791 5641">
    <p class='ocr_par' dir='ltr' id='par_1_103' title="bbox 288 5563 1791 5641">
     <span class='ocr_line' id='line_1_103' title="bbox 288 5563 1791 5641; baseline -0.012 -8"><span class='ocrx_word' id='word_1_762' title='bbox 288 5577 401 5641; x_wconf 79' lang='lat'><strong>(88)</strong></span> <span class='ocrx_word' id='word_1_763' title='bbox 455 5572 598 5641; x_wconf 75' lang='grc' dir='ltr'><strong>Εἶχε</strong></span> <span class='ocrx_word' id='word_1_764' title='bbox 673 5572 741 5626; x_wconf 80' lang='grc' dir='ltr'><strong>δὲ</strong></span> <span class='ocrx_word' id='word_1_765' title='bbox 801 5567 998 5636; x_wconf 82' lang='grc' dir='ltr'><strong>οὗτος.</strong></span> <span class='ocrx_word' id='word_1_766' title='bbox 1072 5568 1146 5621; x_wconf 78' lang='lat' dir='ltr'><strong>De.</strong></span> <span class='ocrx_word' id='word_1_767' title='bbox 1195 5581 1323 5634; x_wconf 82' lang='lat' dir='ltr'><strong>pace</strong></span> <span class='ocrx_word' id='word_1_768' title='bbox 1378 5563 1791 5641; x_wconf 42' lang='grc' dir='ltr'><strong>Μαρια-ξηροί·</strong></span> 
     </span>
    </p>
   </div>
   <div class='ocr_carea' id='block_1_104' title="bbox 221 5633 1790 5701">
    <p class='ocr_par' dir='ltr' id='par_1_104' title="bbox 221 5633 1790 5701">
     <span class='ocr_line' id='line_1_104' title="bbox 221 5633 1790 5701; baseline -0.008 -3"><span class='ocrx_word' id='word_1_769' title='bbox 221 5633 460 5701; x_wconf 75' lang='lat' dir='ltr'><strong>Alexium</strong></span> <span class='ocrx_word' id='word_1_770' title='bbox 492 5633 932 5697; x_wconf 67' lang='grc' dir='ltr'><strong>οἱἸζιιιιιηιιηιΙιιηι</strong></span> <span class='ocrx_word' id='word_1_771' title='bbox 957 5633 1129 5699; x_wconf 61' lang='grc' dir='ltr'><strong>ἐικιιιιι</strong></span> <span class='ocrx_word' id='word_1_772' title='bbox 1168 5633 1422 5701; x_wconf 79' lang='lat' dir='ltr'><strong>pra-terea</strong></span> <span class='ocrx_word' id='word_1_773' title='bbox 1476 5633 1790 5687; x_wconf 72' lang='lat' dir='ltr'><strong>Fulrlterius</strong></span> 
     </span>
    </p>
   </div>
   <div class='ocr_carea' id='block_1_105' title="bbox 220 5703 1793 5779">
    <p class='ocr_par' dir='ltr' id='par_1_105' title="bbox 220 5703 1793 5779">
     <span class='ocr_line' id='line_1_105' title="bbox 220 5703 1793 5779; baseline -0.01 -10"><span class='ocrx_word' id='word_1_774' title='bbox 220 5718 427 5773; x_wconf 27' lang='lat' dir='ltr'><strong>Caruol.</strong></span> <span class='ocrx_word' id='word_1_775' title='bbox 458 5716 552 5768; x_wconf 88' lang='lat' dir='ltr'><strong>lib.</strong></span> <span class='ocrx_word' id='word_1_776' title='bbox 582 5730 640 5775; x_wconf 85' lang='lat' dir='ltr'><strong>tt,</strong></span> <span class='ocrx_word' id='word_1_777' title='bbox 672 5730 791 5779; x_wconf 83' lang='lat' dir='ltr'><strong>cap.</strong></span> <span class='ocrx_word' id='word_1_778' title='bbox 814 5712 915 5773; x_wconf 77' lang='lat'><strong>57;</strong></span> <span class='ocrx_word' id='word_1_779' title='bbox 944 5710 1194 5762; x_wconf 81' lang='lat' dir='ltr'><strong>Albertus</strong></span> <span class='ocrx_word' id='word_1_780' title='bbox 1220 5708 1323 5771; x_wconf 81' lang='lat' dir='ltr'><strong>Aq.</strong></span> <span class='ocrx_word' id='word_1_781' title='bbox 1354 5705 1444 5757; x_wconf 90' lang='lat' dir='ltr'><strong>lib.</strong></span> <span class='ocrx_word' id='word_1_782' title='bbox 1475 5720 1525 5766; x_wconf 70' lang='grc' dir='ltr'><strong>κ,</strong></span> <span class='ocrx_word' id='word_1_783' title='bbox 1547 5719 1662 5771; x_wconf 84' lang='lat' dir='ltr'><strong>cap.</strong></span> <span class='ocrx_word' id='word_1_784' title='bbox 1686 5703 1793 5767; x_wconf 66' lang='lat'><strong>44;</strong></span> 
     </span>
    </p>
   </div>
   <div class='ocr_carea' id='block_1_106' title="bbox 547 5798 1324 5867">
    <p class='ocr_par' dir='ltr' id='par_1_106' title="bbox 547 5798 1324 5867">
     <span class='ocr_line' id='line_1_106' title="bbox 547 5798 1324 5867; baseline -0.01 0"><span class='ocrx_word' id='word_1_785' title='bbox 547 5809 820 5867; x_wconf 71' lang='lat' dir='ltr'><strong>PATROL.</strong></span> <span class='ocrx_word' id='word_1_786' title='bbox 867 5805 985 5865; x_wconf 78' lang='lat' dir='ltr'><strong>Gn.</strong></span> <span class='ocrx_word' id='word_1_787' title='bbox 1032 5802 1197 5862; x_wconf 68' lang='lat' dir='ltr'><strong>C.\‘.\&#39;</strong></span> <span class='ocrx_word' id='word_1_788' title='bbox 1213 5798 1324 5859; x_wconf 75' lang='lat' dir='ltr'><strong>Xl.</strong></span> 
     </span>
    </p>
   </div>
   <div class='ocr_carea' id='block_1_107' title="bbox 1899 5565 3463 5639">
    <p class='ocr_par' dir='ltr' id='par_1_107' title="bbox 1899 5565 3463 5639">
     <span class='ocr_line' id='line_1_107' title="bbox 1899 5565 3463 5639; baseline 0.004 -21"><span class='ocrx_word' id='word_1_789' title='bbox 1899 5567 2190 5620; x_wconf 80' lang='lat' dir='ltr'><strong>Ortiericus</strong></span> <span class='ocrx_word' id='word_1_790' title='bbox 2222 5566 2587 5639; x_wconf 67' lang='lat' dir='ltr'><strong>e_t__M_attbzeus</strong></span> <span class='ocrx_word' id='word_1_791' title='bbox 2622 5565 2773 5623; x_wconf 87' lang='lat' dir='ltr'><strong>Paris</strong></span> <span class='ocrx_word' id='word_1_792' title='bbox 2801 5583 2889 5622; x_wconf 79' lang='lat' dir='ltr'><strong>an.</strong></span> <span class='ocrx_word' id='word_1_793' title='bbox 2924 5565 3095 5639; x_wconf 82' lang='lat' dir='ltr'><strong>H09;</strong></span> <span class='ocrx_word' id='word_1_794' title='bbox 3139 5582 3291 5625; x_wconf 83' lang='lat' dir='ltr'><strong>vetns</strong></span> <span class='ocrx_word' id='word_1_795' title='bbox 3324 5569 3463 5626; x_wconf 85' lang='lat' dir='ltr'><strong>scri-</strong></span> 
     </span>
    </p>
   </div>
   <div class='ocr_carea' id='block_1_108' title="bbox 1897 5634 2881 5709">
    <p class='ocr_par' dir='ltr' id='par_1_108' title="bbox 1897 5634 2881 5709">
     <span class='ocr_line' id='line_1_108' title="bbox 1897 5634 2881 5709; baseline 0.009 -22"><span class='ocrx_word' id='word_1_796' title='bbox 1897 5649 2037 5704; x_wconf 87' lang='lat' dir='ltr'><strong>ptor,</strong></span> <span class='ocrx_word' id='word_1_797' title='bbox 2075 5646 2201 5691; x_wconf 91' lang='lat' dir='ltr'><strong>tom.</strong></span> <span class='ocrx_word' id='word_1_798' title='bbox 2245 5634 2312 5690; x_wconf 84' lang='lat' dir='ltr'><strong>IV</strong></span> <span class='ocrx_word' id='word_1_799' title='bbox 2342 5635 2479 5690; x_wconf 76' lang='lat' dir='ltr'><strong>Hist.</strong></span> <span class='ocrx_word' id='word_1_800' title='bbox 2507 5635 2602 5692; x_wconf 82' lang='lat' dir='ltr'><strong>Fr.</strong></span> <span class='ocrx_word' id='word_1_801' title='bbox 2635 5653 2758 5709; x_wconf 77' lang='lat' dir='ltr'><strong>pag.</strong></span> <span class='ocrx_word' id='word_1_802' title='bbox 2791 5640 2881 5696; x_wconf 81' lang='lat'><strong>95.</strong></span> 
     </span>
    </p>
   </div>
   <div class='ocr_carea' id='block_1_109' title="bbox 2957 5796 3033 5858">
    <p class='ocr_par' dir='ltr' id='par_1_109' title="bbox 2957 5796 3033 5858">
     <span class='ocr_line' id='line_1_109' title="bbox 2957 5796 3033 5858; baseline -0.013 0"><span class='ocrx_word' id='word_1_803' title='bbox 2957 5796 3033 5858; x_wconf 72' lang='lat'><strong>32</strong></span> 
     </span>
    </p>
   </div>
  </div>
