3900 6644
221 452 363 517 1005

1430 441 1844 507 ALEXIADIS
1883 442 2029 506 LIB.
2065 434 2244 505 XIII.

3332 446 3476 513 1006

211 561 382 631 κυροῦ
433 559 681 614 Ἰωάννου
735 557 830 611 τοῦ
871 556 1393 629 Πορφυρογεννήτου
1423 568 1439 584 ο
1481 554 1549 625 ἢν
1583 554 1793 624 ἀμετα-

1919 553 2220 609 nvestitura
2253 553 2385 609 mihi
2423 554 2705 613 confertur
2739 570 2835 627 per
2862 557 3066 613 Bullam
3102 560 3334 616 Auream
3364 577 3479 617 ma-

210 652 438 720 κί-ἑνητον
479 651 574 704 καὶ
613 648 913 703 ἀσάλευτον
950 647 1208 714 καθέξειν
1239 644 1670 715 ἑπισχνούμενος
1694 660 1798 696 κα-

1916 646 2114 709 lestatis
2148 656 2279 711 tute,
2323 662 2353 701 a
2408 656 2459 703 te
2512 650 2864 706 rubramento
2915 653 3299 723 subsrriptam.
3351 653 3483 723 Quae

211 744 391 814 θάπερ
440 744 691 812 ἄγκυραν
749 740 993 811 ἀσφαλῆ.
1044 740 1156 793 Καὶ
1195 738 1286 793 ἵνα
1329 736 1664 792 ὲπαναλάϐω
1706 736 1801 789 τὸν

208 836 374 902 λόγον
416 833 751 905 σαφέστερον
788 833 883 886 καὶ
921 831 1022 903 τὴν
1054 831 1298 900 ίδιότητα
1344 830 1650 899 φυλάξαιμι
1691 827 1800 880 τῶν

207 929 514 998 ἐγγράφως
548 926 1009 996 συμφωνούντων,
1058 923 1167 977 ἰδοὺ
1225 921 1338 992 ιγὼ
1387 922 1723 993 Βαϊμοῦντος
1755 921 1800 952 ⁶¹

209 1020 336 1081 υἱὸς
412 1021 758 1090 Ῥομπέρτου
813 1017 1120 1088 Γισκάρδου
1169 1015 1449 1087 συμφωνῶ
1510 1014 1649 1086 μετὰ
1706 1012 1802 1067 τοῦ

208 1109 463 1178 κράτους
497 1108 652 1177 ὑμῶν
683 1109 779 1161 καὶ
830 1108 931 1177 τὴν
971 1106 1296 1176 συμφωνίαν
1341 1104 1558 1177 ἀρραγῆ
1614 1104 1805 1173 τίθημι

210 1200 517 1269 φυλάττειν
552 1200 688 1269 πρὸς
713 1200 814 1270 τὴν
839 1198 1120 1269 βασιλείαν
1150 1197 1330 1268 ὑμῶν,
1359 1197 1629 1262 τουτέστι,
1660 1197 1720 1250 σέ
1744 1212 1804 1249 τι

208 1292 309 1344 τὸν
338 1293 721 1363 αὐτοκράτορα
764 1292 1056 1363 Ῥωμαίων
1083 1293 1190 1364 κῦρ
1218 1291 1264 1326 ⁸³
1284 1290 1553 1360 Ἀλέξιον,
1586 1291 1681 1346 καὶ⁸
1711 1290 1805 1344 τὸν

211 1382 455 1453 βασιλέα
485 1385 581 1437 καὶ
617 1384 730 1437 υίόν
766 1398 864 1437 σου
895 1383 985 1437 τὸν
1027 1383 1566 1456 Πορφυρογέννητον,
1619 1380 1807 1436 καὶτὸ

208 1472 394 1537 λίζιον
448 1473 756 1543 ἀνθρώπων
810 1473 1104 1527 άνόθευτὸν
1130 1490 1191 1527 τε
1228 1474 1321 1527 καὶ
1377 1473 1809 1544 άπαραποίητον

206 1562 324 1626 ἓως
347 1563 415 1617 ἂν
444 1565 669 1634 ἐμπνέω
696 1565 788 1617 καὶ
813 1564 952 1635 μετά
978 1565 1087 1619 τῶν
1108 1565 1328 1630 ζώντων
1352 1564 1804 1635 συναριθμῶμαι·

208 1658 315 1710 καὶ
351 1657 758 1727 ὲξοπλισαίμην
779 1657 878 1729 τήν
900 1662 1060 1729 χεῖρα
1090 1658 1235 1712 κατὰ
1264 1658 1375 1711 τῶν
1403 1656 1653 1712 ἐντεῦθεν
1677 1658 1810 1710 ἁνα-

210 1750 621 1820 φανησομένων
677 1749 888 1821 ἐχθρῶν
929 1750 1084 1821 ὑμῶν
1122 1750 1216 1805 καὶ
1248 1753 1349 1818 τῆς
1388 1749 1666 1821 βασιλείας
1711 1750 1810 1820 τῆς

209 1843 501 1914 ὑμετέρας
526 1842 635 1897 τῶν
666 1843 1039 1897 άεισεδάστων
1081 1843 1366 1896 σεϐαστῶν
1399 1842 1667 1913 βασιλέων
1707 1842 1808 1912 τῆς

206 1936 334 1989 τῶν
368 1937 665 2008 Ῥωμαίων
702 1938 1007 2009 ἡγεμονίας
1034 1939 1129 1992 καὶ
1161 1937 1293 1992 ἔνθα
1327 1937 1393 1991 ἂν
1420 1938 1515 1991 καὶ
1570 1955 1811 2008 προστα-

206 2027 415 2099 χθείην
441 2029 531 2099 ὑφ’
557 2030 586 2083 ὖ
596 2029 714 2100 μῶν
738 2031 880 2101 μετά
903 2030 1085 2101 πάσης
1112 2033 1212 2101 τῆς
1259 2047 1325 2083 πε
1337 2031 1389 2100 pl.
1422 2030 1523 2099 ἐμὲ
1548 2029 1813 2099 στρατιᾶς

205 2122 649 2193 ἀπροφασίστως
694 2124 1030 2177 ὲκδουλεύσω
1092 2125 1232 2177 κατὰ
1262 2123 1361 2196 τήν
1396 2123 1814 2193 παρισταμένην

204 2214 441 2284 χρείαν.
481 2215 592 2268 Καὶ
632 2215 684 2267 ετ
711 2232 854 2277 τινες
885 2216 951 2269 ἂν
990 2217 1084 2269 καὶ
1124 2210 1234 2268 εἷεν
1266 2215 1551 2285 δυσμενῶς
1596 2214 1814 2284 ἔχοντες

207 2305 362 2375 πρὸς
400 2304 464 2358 τὸ
503 2306 772 2377 ὑμέτερον
806 2308 1007 2377 κράτος
1040 2307 1089 2360 εί
1130 2308 1317 2378 μήπου
1376 2309 1490 2369 τοῖς
1521 2306 1815 2368 ἀθανάτοις

206 2399 485 2467 ἀγγέλοις
520 2398 827 2463 ίστάζοιντο
864 2401 929 2453 ἂν
971 2400 1064 2453 καὶ
1092 2400 1198 2452 είσὶ
1234 2400 1348 2462 τοῖς
1388 2399 1685 2470 ἡμετέροις
1722 2398 1813 2451 δό-

212 2507 388 2560 ρασιν
428 2491 687 2560 ἄτρωτοι,
719 2490 753 2561 ἢ
793 2491 1135 2561 ἀδαμάντινά
1170 2509 1290 2543 τινα
1324 2490 1672 2561 περίκεινται
1707 2488 1815 2542 σώ-

210 2601 375 2652 ματα
411 2584 558 2637 κατὰ
605 2584 813 2639 τούτων
871 2586 1094 2639 πάντων
1141 2585 1679 2657 ὑπεραγωνισαίμην
1715 2588 1815 2655 τῆς

208 2673 511 2744 βασιλείας
534 2675 712 2745 ὑμῶν.
740 2677 850 2729 Καὶ
872 2676 921 2728 εί
951 2676 1051 2747 μὲν
1086 2676 1254 2744 ὑγιῶς
1283 2676 1393 2747 ἔχω
1423 2676 1518 2729 τοῦ
1559 2675 1813 2746 σώματος

205 2768 313 2820 καὶ
379 2766 752 2837 ἐλευθεριάζω
793 2767 1032 2838 πολέμου
1060 2768 1207 2830 τινὸς
1248 2766 1592 2839 βαρϐαρικοῦ
1629 2784 1687 2819 τε
1719 2767 1816 2820 καὶ

204 2856 537 2927 τουρκικοῦ
595 2857 761 2920 αὐτὸς
790 2856 903 2925 ἐγὼ
942 2857 1021 2926 τῷ
1061 2857 1178 2927 ἐμῷ
1216 2855 1430 2927 σώματι
1462 2855 1814 2927 ἀγωνιοῦμαι

204 2949 311 2999 καὶ
352 2947 449 2999 τὸν
485 2947 625 3015 ὑπὲρ
662 2948 817 3017 ὑμῶν
853 2949 1095 3018 πόλεμον
1124 2950 1265 3017 μετὰ
1303 2946 1397 3000 τοῦ
1440 2947 1813 3017 ξυνεπομένου

208 3039 665 3110 στρατεύματος.
703 3041 765 3093 Εί
805 3040 862 3093 δὲ
915 3040 948 3111 ἢ
982 3040 1123 3110 νόσῳ
1160 3040 1357 3110 βαρείᾳ
1410 3040 1683 3110 πεδοῦμαι
1726 3032 1815 3092 οἷα

210 3130 402 3183 πολλὰ
432 3130 503 3182 τά
534 3129 870 3201 ἀνθρώπινα,
904 3130 938 3202 ἢ
988 3131 1228 3201 πόλεμος
1269 3132 1622 3202 ἐπικείμενος
1675 3133 1817 3203 πρὸς

204 3221 425 3274 ἑαυτὸν
457 3222 605 3275 ἕλκει
638 3239 726 3291 με,
751 3223 874 3275 τότε
911 3222 997 3293 δὴ,
1028 3224 1153 3275 τότε
1185 3224 1555 3294 ὑπισχνοῦμαι
1580 3226 1669 3278 διὰ
1702 3225 1812 3277 τῶν
1838 3249 1883 3306 c

203 3310 355 3381 capi.
382 3310 488 3379 ἐμὲ
515 3312 780 3378 γενναίων
813 3311 1119 3382 ἀνθρώπων
1152 3330 1255 3384 μου
1320 3313 1420 3383 τὴν
1466 3314 1697 3384 δυνατὴν
1728 3315 1813 3382 ἐξ-

202 3404 588 3456 αποστέλλειν
618 3401 890 3472 βοήθειαν,
915 3404 991 3467 ὡς
1016 3403 1477 3468 ὲπανασωζόντων
1503 3406 1726 3459 ἐκείνων
1752 3408 1813 3461 τὸ

202 3493 359 3564 ἐμὸν
402 3492 698 3563 ἔλλειμμα.
760 3494 824 3546 Ἥ
871 3495 981 3565 γὰρ
1026 3496 1165 3567 ὀρθὴ
1226 3495 1413 3560 πίστις
1462 3497 1531 3569 ἣν
1573 3500 1816 3569 σήμερον

204 3587 369 3658 πρὸς
432 3585 535 3657 τὴν
576 3585 857 3656 βασιλείαν
916 3588 1093 3657 ὑμῶν·
1152 3588 1314 3641 τοῦτο
1377 3591 1494 3642 ἐστὶ
1532 3590 1616 3651 τὸ,
1672 3590 1815 3660 nar

207 3678 481 3749 ἐμαυτοῦ
513 3678 545 3749 ἦ
578 3678 645 3732 δι’
675 3680 901 3750 ἐτέρων,
932 3681 1189 3751 καθάπερ
1219 3682 1466 3752 εῐρηται,
1490 3683 1817 3755 ἁνακρωτη-

204 3775 431 3843 ρξαστα
470 3774 658 3840 τηρεῖν
690 3771 756 3825 τά
805 3773 906 3841 τῆς
936 3773 1282 3842 συμφωνίας,
1308 3773 1477 3842 ὀρθήν
1526 3792 1583 3826 τε
1630 3773 1816 3829 πίστιν

202 3862 529 3930 φυλάττειν
564 3862 848 3933 διόμνυμιο
885 3863 979 3916 καὶ
1028 3863 1259 3917 καθόλου
1311 3865 1578 3918 καὶκατὰ
1622 3866 1812 3936 μέρος,

198 3955 374 4023 ὑπὲρ
413 3952 513 4006 τοῦ
542 3953 814 4025 ὑμετέρου
847 3956 1085 4025 κράτους
1112 3956 1328 4025 καὶτῆς
1364 3955 1641 4027 ὑμετέρας
1672 3956 1817 4027 ζωῆς

196 4047 473 4115 ταυτησὶ
512 4046 656 4113 λέγω
686 4047 784 4115 τῆς
822 4048 974 4100 κάτω
1003 4064 1062 4099 τε
1122 4048 1218 4101 καὶ
1249 4049 1446 4118 γηῖνης
1476 4065 1489 4077 ·
1525 4048 1667 4119 ὑπὲρ
1709 4050 1817 4118 γὰρ

194 4145 321 4211 τῆς
362 4138 627 4211 τοιαύτης
660 4139 813 4210 ὑμῶν
841 4139 1009 4208 ζωῆς,
1042 4138 1299 4210 σιδηροῦς
1335 4156 1419 4202 τις
1460 4139 1685 4210 ἀνδριάς
1727 4140 1820 4192 καὶ

197 4232 582 4302 σφυρήλατος
617 4230 919 4301 γεννοίμην
951 4234 1062 4294 τοῖς
1093 4233 1302 4295 ὅπλοις,
1344 4231 1482 4285 ἀλλὰ
1525 4231 1689 4303 μέχρι
1726 4231 1821 4284 καὶ

192 4329 324 4395 τῆς
360 4324 535 4394 τιμῆς
557 4322 656 4392 τῆς
688 4324 986 4394 ὑμετέρας,
1026 4324 1307 4394 καὶμέχρι
1332 4323 1630 4394 βασιλικῶν
1664 4322 1820 4393 ὑμῶν

198 4416 418 4490 μελῶν
456 4417 685 4469 ὲκτείνω
710 4417 803 4468 τὸν
842 4416 1027 4484 ὅρκον,
1054 4416 1108 4467 εἴ
1135 4432 1219 4478 τις
1244 4416 1430 4479 αὐτοῖς
1468 4415 1823 4470 ἐπιϐουλεύε-

190 4528 317 4566 ται
372 4509 623 4572 κάκωσις
672 4510 826 4580 παρά
879 4527 1044 4563 τινων
1087 4497 1390 4581 άλιτηρίων
1451 4509 1685 4582 ἐχθρῶν,
1728 4508 1820 4573 οὓς

1836 1892 1885 1951 Β

1901 736 2118 806 quidem
2148 736 2299 791 Bulla
2329 754 2436 793 non
2464 742 2636 809 gratis
2662 744 2795 797 mihi
2829 754 2911 799 est
2948 748 3169 814 tradita,
3209 750 3303 803 sed
3329 764 3482 804 con.-

1906 837 2113 883 mutata
2139 843 2237 898 pro
2269 844 2329 885 re
2358 834 2613 901 quapiam
2646 849 2674 888 a
2711 851 2797 890 me
2838 838 3077 893 vicissim
3130 842 3435 896 exhibenda
3462 859 3479 903 ;

1904 918 1978 973 ita
2018 933 2118 988 ego
2148 936 2293 977 nunc
2334 924 2543 993 accipio
2589 934 2763 981 terras
2798 938 2857 982 et
2887 929 3124 986 ditiones
3166 932 3287 988 illas
3330 950 3357 986 a
3390 944 3482 988 turi

1904 1012 2189 1083 majestate
2235 1014 2575 1071 irrevocabili
2626 1019 2678 1073 vi
2733 1020 3004 1089 praedictae
3062 1023 3229 1079 Bulla;
3286 1027 3482 1080 Aurea:

1905 1106 2193 1163 attributas
2240 1109 2410 1176 mihi,
2451 1118 2513 1164 ut
2568 1111 2621 1166 in
2676 1116 3165 1170 remunerationem
3220 1125 3383 1187 atque
3431 1117 3484 1172 in

1906 1200 2136 1266 pretium
2170 1209 2247 1254 tot
2306 1200 2521 1256 illarum
2565 1210 2945 1276 tantarumque
2979 1208 3260 1279 regionum
3298 1218 3353 1265 et
3399 1226 3489 1265 ur—

1908 1292 2075 1356 bium,
2136 1307 2405 1362 opponam
2452 1296 2793 1369 obligemque
2835 1298 2995 1355 fidem
3050 1316 3115 1355 ac
3162 1302 3481 1359 fidelitatem

1915 1397 2090 1438 meam
2124 1385 2397 1454 majestati
2425 1388 2707 1457 utriusque
2734 1400 2968 1447 vestrum
2996 1408 3012 1458 ;
3048 1401 3187 1460 tuae,
3234 1396 3486 1465 inquam,

1910 1475 2092 1545 magni
2131 1476 2479 1544 imperatoris
2505 1481 2707 1535 domini
2740 1482 2917 1538 Διοτῑί
2956 1484 3256 1551 Contncui,
3296 1495 3349 1541 et
3395 1487 3491 1540 de-

1910 1569 2293 1625 sideratissimi
2330 1572 2423 1626 lilii
2460 1573 2535 1626 tui
2566 1575 2830 1644 principis
2870 1577 3071 1632 domini
3103 1576 3329 1634 Joannis
3359 1578 3493 1633 Por-

1912 1659 2251 1731 phyrogeniti
2291 1663 2562 1732 spondens
2609 1675 2663 1719 et
2710 1666 2977 1736 pollicens
3025 1669 3303 1723 immotam
3367 1684 3489 1724 eam

1912 1749 2402 1821 incou‘cussamque
2443 1762 2801 1823 retenturum,
2838 1758 2981 1813 velut
3027 1758 3240 1814 ﬁrmam
3287 1760 3493 1814 ancboo

1916 1854 2055 1894 ram.
2084 1840 2259 1911 Atque
2288 1848 2347 1895 ut
2376 1842 2579 1899 clarius
2613 1858 2882 1915 exponam
2920 1856 3157 1903 mentem
3196 1863 3371 1903 meam
3392 1889 3407 1912 ,
3443 1858 3495 1904 ct

1918 1930 2304 2000 pr0prietatem
2332 1947 2566 1999 servem,
2595 1934 2976 2007 legitimasque
3006 1952 3260 2009 usurpem
3298 1939 3495 1994 forma.

1915 2022 1999 2079 las
2037 2038 2225 2078 eorum
2263 2025 2353 2095 qui
2405 2025 2509 2081 rite
2543 2027 2851 2083 ﬁdelitatem
2888 2031 3049 2085 alicui
3084 2045 3238 2086 suam
3288 2031 3495 2101 scripto

1914 2116 2231 2172 authentico
2262 2118 2589 2187 profitentur
2616 2138 2630 2175 :
2663 2136 2730 2175 en
2758 2136 2857 2191 ego
2898 2121 3232 2179 thimundus
3268 2125 3493 2181 Roberti

1915 2206 2164 2263 Giscardi
2198 2209 2361 2275 illius,
2391 2210 2705 2267 fidelitatem
2728 2221 2786 2269 et
2808 2214 3200 2283 subjectionem
3236 2218 3496 2289 profiteor

1918 2310 2111 2354 vestrae
2146 2301 2438 2371 majeslali,
2479 2305 2580 2358 hoc
2610 2313 2720 2368 est,
2746 2304 2844 2360 tibi
2876 2307 3190 2375 imperatori
3223 2306 3473 2363 Romano

1919 2404 2036 2442 rum
2067 2389 2288 2446 domino
2319 2392 2515 2448 Alexio
2539 2433 2555 2458 ,
2592 2406 2645 2450 et
2685 2395 2915 2466 principi
2960 2412 3024 2452 ac
3061 2397 3170 2454 lilio
3221 2408 3317 2455 tuo
3359 2400 3499 2456 Por-

1918 2481 2315 2553 phyrogenito;
2358 2493 2414 2540 et
2447 2488 2689 2557 spondeo
2726 2501 2813 2544 me
2859 2486 3014 2544 vobis
3063 2488 3245 2544 lizium
3280 2505 3497 2547 omnem

1916 2589 2104 2628 verum
2130 2590 2197 2630 ac
2225 2577 2498 2633 sincerum
2538 2578 2675 2645 fore,
2708 2580 2951 2649 quandiu
2980 2582 3230 2652 Spiritum
3260 2584 3455 2640 ducam
3479 2625 3498 2648 ,

1916 2678 1972 2721 et
2014 2681 2134 2721 cum
2183 2669 2320 2723 vivis
2368 2672 2718 2738 numerabar,
2777 2682 3231 2745 armatorumque
3278 2692 3499 2732 manum

1917 2768 2106 2813 contra
2151 2773 2340 2816 omnes
2377 2761 2469 2830 qui
2502 2775 2565 2815 ex
2613 2762 2715 2818 hoc
2759 2772 3006 2834 tempore
3056 2780 3178 2821 sese
3227 2767 3497 2836 proferen'

1920 2849 2103 2903 hostes
2164 2849 2462 2917 majestatis
2501 2862 2719 2917 vestrae,
2781 2852 3176 2922 imperatorum
3241 2855 3501 2911 Romanae

1919 2938 2142 2995 ditionis
2175 2954 2393 3009 semper
2433 2943 2817 3011 Augustorum.
2857 2942 3052 2999 Vester
3098 2954 3303 3001 tantum
3351 2949 3503 3002 labor

1920 3028 2083 3083 fuerit
2134 3030 2326 3100 jubere
2376 3047 2441 3086 ac
2491 3034 2786 3104 praecipere
2812 3050 2919 3105 quo
2966 3037 3085 3093 loco
3143 3051 3207 3093 ac
3259 3049 3504 3109 tempore

1919 3120 2099 3175 velitis
2132 3135 2216 3176 me
2244 3132 2440 3191 prarsto
2460 3123 2651 3179 adesse
2679 3140 2800 3181 cum
2827 3126 2961 3183 meis
2992 3129 3163 3199 copiis
3188 3129 3500 3197 universis:

1920 3211 2191 3281 obsequar
2225 3212 2499 3283 extemplo
2548 3215 2669 3270 sine
2711 3217 3087 3284 excusatione,
3140 3220 3258 3275 sine
3305 3234 3457 3275 mora
3484 3261 3501 3287 .

1918 3304 2241 3371 navaboque
2273 3301 2488 3359 fidelem
2523 3314 2579 3360 et
2608 3320 2769 3374 quam
2799 3307 3144 3363 utilissimam
3178 3310 3333 3367 vobis
3366 3327 3504 3382 ope-

1918 3410 2060 3457 ram.
2097 3403 2261 3464 prout
2322 3410 2411 3451 res
2466 3408 2766 3468 praesentes
2824 3400 3067 3468 cxigent,
3134 3402 3504 3470 perduellibus

1923 3484 2140 3546 vestris.
2171 3495 2265 3540 aut
2296 3486 2704 3559 qu’ibuscunque
2726 3490 3214 3562 quomodocunque
3246 3493 3398 3549 vobis
3422 3494 3506 3548 in-

1923 3575 2093 3631 fensis
2128 3578 2257 3647 (nisi
2291 3576 2433 3632 forte
2466 3579 2869 3637 immortalibus
2910 3582 3116 3639 similes
3148 3584 3359 3655 angelis
3396 3586 3507 3641 sint

1922 3666 2347 3723 invulnerabiles
2381 3669 2581 3723 nostris
2614 3668 2805 3735 hastis,
2837 3677 2891 3723 et
2929 3670 3295 3727 adamantinis
3340 3671 3504 3728 solidi

1921 3758 2239 3827 corporibus
2275 3758 2529 3828 rigeant),
2563 3767 2674 3815 toto
2698 3760 2898 3828 impetu
2927 3775 3025 3830 pro
3049 3772 3226 3816 vestra
3254 3777 3417 3819 causa
3448 3774 3506 3819 ct

1923 3851 2203 3920 majestate
2240 3851 2566 3920 impeteutlis
2596 3867 2660 3906 ac
2690 3852 3043 3908 debellandis.
3071 3854 3149 3909 Ac
3177 3854 3221 3909 si
3249 3869 3351 3925 ego
3382 3856 3505 3925 qui-

1923 3946 2043 3999 dem
2085 3952 2139 3999 et
2178 3958 2408 4013 corpore
2441 3944 2653 4008 valebo,
2689 3952 2742 3999 et
2774 3958 2805 3997 a
2841 3944 2980 3999 bello
3021 3960 3343 4016 quocunque
3379 3948 3507 4002 bar-

1922 4036 2107 4091 barico
2134 4044 2228 4090 aut.
2258 4036 2488 4090 Turcico
2513 4035 2649 4090 liber
2677 4035 2852 4101 fuero,
2878 4052 2976 4107 per
3003 4052 3089 4092 me
3112 4037 3230 4108 ipse
3260 4052 3504 4109 praesens

1923 4129 2155 4184 ductabo
2189 4142 2339 4183 meas
2369 4128 2578 4198 copias,
2616 4143 2852 4199 cumque
2899 4130 2967 4185 iis
3013 4144 3192 4185 meum
3238 4140 3407 4203 caput
3450 4142 3507 4187 et

1923 4221 2090 4294 408
2105 4237 2301 4293 corpus
2328 4239 2380 4277 tn
2410 4238 2603 4292 pugna:
2629 4221 2919 4277 discrimen
2947 4234 3129 4277 vestra
3152 4240 3315 4279 causa
3343 4225 3506 4281 dabo.

1927 4316 2024 4369 Sin
2070 4331 2179 4379 me,
2213 4315 2396 4385 qualia
2432 4317 2601 4371 multa
2641 4317 2933 4373 humanam
2968 4317 3133 4371 vitam
3162 4317 3505 4374 incommoda

1926 4409 2205 4475 infestant,
2236 4420 2325 4465 aut
2355 4411 2539 4480 gravis
2568 4409 2791 4465 morbus
2819 4409 3145 4480 impedierit,
3184 4420 3275 4466 aut
3305 4409 3508 4466 bellum

1929 4500 2247 4558 incumbens
2308 4503 2377 4559 ad
2428 4517 2547 4558 sese
2606 4501 2711 4557 alio
2766 4502 3013 4568 traxerit,
3070 4512 3197 4559 tunc
3246 4504 3510 4574 polliceor

188 4602 464 4657 δυνατόν
495 4603 645 4655 ἐστιν
684 4576 786 4674 ἔμε
826 4603 1122 4657 καταλύειν
1160 4576 1571 4675 καλ-ἀπείργειν
1598 4602 1693 4656 τοῦ
1725 4620 1810 4656 κα-

1931 4595 2221 4649 missurum
2256 4609 2342 4650 me
2373 4611 2537 4665 quam
2572 4605 2763 4665 potero
2806 4593 3199 4651 validissimum
3239 4594 3506 4648 auxilium

186 4696 324 4752 κοῦ
357 4696 787 4765 ἐγχειρήματος·
819 4695 955 4751 ἀλλὰ
978 4696 1071 4748 καὶ
1106 4696 1246 4767 ὑπὲρ
1285 4696 1466 4767 πάσης
1506 4695 1810 4768 χώραςτῆς

1929 4686 2168 4741 virorum
2204 4686 2425 4743 fortium
2457 4689 2546 4758 qui
2579 4687 2712 4743 mihi
2740 4688 2993 4754 subsunt,
3032 4688 3121 4759 qui
3155 4688 3221 4741 ad
3268 4695 3506 4742 vestrum

185 4789 512 4861 ὑμετέρας
562 4787 658 4839 xa't.
698 4786 907 4850 πόλεως
952 4789 1157 4855 μικράς
1185 4805 1242 4840 τε
1284 4788 1377 4840 καὶ
1427 4788 1675 4859 μεγάλης
1724 4790 1810 4843 καῖ

1933 4789 2122 4835 nutqu
2157 4795 2267 4853 quo
2312 4780 2575 4852 jubebitis
2604 4790 2799 4851 praesto
2856 4780 3055 4843 futuri,
3112 4795 3288 4833 meum
3342 4779 3499 4832 obse-

181 4885 418 4952 νήσων
446 4878 648 4940 αὐτῶν,
679 4878 774 4930 καὶ
811 4877 1172 4943 ἁπαξαπλῶς,
1205 4879 1377 4949 ὁπόση
1410 4880 1493 4944 τις
1526 4882 1641 4933 ἐστι
1666 4881 1737 4951 γῆ
1761 4899 1810 4934 τε

1931 4876 2119 4946 quium
2169 4883 2559 4943 representent
2609 4885 2662 4929 et
2716 4873 2988 4929 defectum
3038 4873 3346 4944 suppleam.
3385 4870 3511 4926 Haec

181 4971 323 5022 καὶ
387 4966 643 5020 θάλασσα
692 4966 798 5020 ὑπὸ
840 4967 908 5020 τὰ
950 4967 1194 5037 ὑμέτερα
1249 4970 1505 5041 σκῆπτρα
1556 4969 1616 5034 ἐξ
1649 4969 1810 5023 αὐτοῦ

1928 4966 2074 5021 enim
2108 4975 2254 5019 recta
2299 4964 2430 5020 lides
2456 4974 2562 5028 est,
2590 4979 2751 5033 quam
2804 4963 2962 5019 hodie
3017 4961 3287 5030 majestati
3320 4970 3511 5016 vestrae

176 5062 271 5132 δή
286 5060 479 5112 πουοε
499 5057 594 5112 τοῦ
625 5057 1004 5127 Ἀδριαντικοῦ
1031 5059 1300 5128 πελάγους
1327 5064 1421 5114 καὶ
1446 5059 1608 5131 μέχρι
1635 5061 1810 5131 πάσης

1928 5057 2130 5128 obliga,
2167 5066 2258 5111 aut
2291 5071 2383 5126 per
2411 5071 2498 5110 me
2526 5067 2616 5111 aut
2646 5072 2743 5123 per
2776 5055 2933 5120 alios,
2971 5066 3030 5110 ut
3056 5054 3165 5110 dixi
3192 5092 3207 5119 ,
3240 5054 3507 5108 illibatum

175 5147 512 5216 ἀνατολῆς
542 5148 635 5199 καὶ
668 5148 814 5201 κατὰ
848 5150 1021 5217 μῆκος
1053 5150 1151 5217 τῆς
1190 5148 1434 5221 μεγάλης
1474 5150 1656 5213 Ἀσίας
1692 5149 1810 5203 ἔνθα

1928 5149 2068 5205 tueri
2101 5148 2453 5218 subjectionis
2476 5148 2745 5214 oliicium;
2781 5149 2884 5203 hoc
2914 5162 3077 5203 sensu
3116 5155 3317 5202 rectam
3345 5146 3506 5203 fidem

168 5246 274 5298 τὰ
318 5239 444 5293 τῶν
484 5238 774 5309 Ῥωμαίων
824 5239 1101 5309 ὁρίσματα
1134 5234 1221 5310 ἦν.
1260 5240 1383 5292 Ἔτι
1415 5241 1694 5309 συμφωνῶ
1731 5242 1810 5293 καλ

1924 5244 2071 5325 iuro,
2106 5254 2162 5298 et
2188 5243 2482 5298 universim
2515 5252 2568 5297 et
2596 5257 2692 5312 per
2726 5253 2933 5313 partes,
2977 5258 3077 5312 pro
3107 5251 3285 5298 vestra
3319 5244 3513 5313 ampli—

169 5337 400 5391 ἕσται
434 5330 544 5384 τῶν
574 5331 1106 5402 συμπεφωνημένων
1151 5333 1365 5403 μάρτυς
1399 5334 1493 5385 καὶ
1524 5332 1764 5402 ὑπήκοος
1796 5335 1810 5385 ί

1930 5336 2116 5391 tudine
2140 5351 2204 5391 ac
2238 5335 2500 5405 potentia,
2527 5349 2731 5407 proque
2757 5345 2938 5392 vestra
2962 5335 3097 5401 vita,
3121 5334 3247 5401 hac,
3270 5336 3508 5407 inquam,

166 5429 370 5490 Θεὸς
406 5425 680 5495 μηδεμίαν
714 5424 984 5495 μηδέποτε
1024 5424 1209 5494 χώραν
1237 5424 1580 5496 τεταγμέιην
1623 5426 1728 5478 ὑπὸ
1760 5426 1810 5480 τέ

1930 5427 2112 5482 intima
2150 5426 2501 5497 tcrrestrique
2532 5442 2597 5483 ac
2625 5428 2864 5484 naturali
2891 5428 3002 5485 vita
3027 5470 3045 5497 ,
3075 5427 3276 5485 tuenda
3306 5444 3510 5499 propu-

164 5520 483 5590 ὑμέτερα
521 5518 784 5587 σκῆπτρα
823 5514 935 5567 εἴτε
980 5515 1074 5567 νῦν
1118 5516 1230 5568 εἴτε
1264 5514 1552 5585 πρότερον,
1586 5516 1698 5569 εἴτε
1734 5519 1804 5571 πό

1929 5518 2283 5588 gnandaqtte,
2322 5532 2427 5570 non
2483 5517 2665 5573 minus
2724 5520 3084 5579 inconcussus
3132 5535 3205 5577 ac
3255 5527 3513 5578 constans

162 5613 294 5666 λιν
342 5607 386 5676 ἦ
418 5608 581 5675 νῆσον
613 5609 834 5675 κρατεῖν
865 5623 923 5660 τε
959 5610 1053 5660 καὶ
1082 5608 1250 5677 ἔχειν.
1282 5608 1391 5661 Καὶ
1428 5608 1619 5672 ἁπλῶς
1651 5612 1810 5665 ὁπόσα

1929 5625 2089 5689 quam
2120 5608 2298 5663 ferrea
2330 5607 2413 5664 vel
2449 5625 2557 5665 aere
2585 5608 2702 5668 fusa
2745 5612 2976 5670 ductave
3015 5622 3193 5670 statua
3244 5611 3296 5667 in
3344 5610 3513 5665 armis

1304 5746 1502 5811 Variae
1540 5749 1848 5817 lectiones
1881 5768 1957 5816 ex
1983 5751 2127 5816 cod.
2165 5749 2435 5814 Coislin.

278 5873 355 5907 ⁸⁸
397 5870 426 5922 ὁ
461 5867 819 5940 Βαῖμοῦνδος.
900 5869 946 5902 ⁸³
985 5869 1144 5926 Deest
1202 5885 1303 5926 vox
1338 5870 1465 5943 κῦρ.
