  <div class='ocr_page' id='page_1' title='image "/cluster/home/n/w/nwhite01/storage/ocr_20150623/131/hvd.32044019208263/529.png"; bbox 0 0 3900 6612; ppageno 0'>
   <div class='ocr_carea' id='block_1_1' title="bbox 498 434 639 500">
    <p class='ocr_par' dir='ltr' id='par_1_1' title="bbox 498 434 639 500">
     <span class='ocr_line' id='line_1_1' title="bbox 498 434 639 500; baseline 0 0"><span class='ocrx_word' id='word_1_1' title='bbox 498 434 639 500; x_wconf 79' lang='grc' dir='ltr'><strong>10οἹ</strong></span> 
     </span>
    </p>
   </div>
   <div class='ocr_carea' id='block_1_2' title="bbox 1764 388 2416 494">
    <p class='ocr_par' dir='ltr' id='par_1_2' title="bbox 1764 388 2416 494">
     <span class='ocr_line' id='line_1_2' title="bbox 1764 388 2416 494; baseline 0.008 -6"><span class='ocrx_word' id='word_1_2' title='bbox 1764 431 1992 493; x_wconf 54' lang='lat' dir='ltr'><strong>nam</strong></span> <span class='ocrx_word' id='word_1_3' title='bbox 2033 388 2416 494; x_wconf 66' lang='lat' dir='ltr'><strong>comam</strong></span> 
     </span>
    </p>
   </div>
   <div class='ocr_carea' id='block_1_3' title="bbox 3571 442 3678 505">
    <p class='ocr_par' dir='ltr' id='par_1_3' title="bbox 3571 442 3678 505">
     <span class='ocr_line' id='line_1_3' title="bbox 3571 442 3678 505; baseline 0.056 -6"><span class='ocrx_word' id='word_1_4' title='bbox 3571 442 3678 505; x_wconf 68' lang='lat'><strong>1008</strong></span> 
     </span>
    </p>
   </div>
   <div class='ocr_carea' id='block_1_4' title="bbox 497 523 2063 619">
    <p class='ocr_par' dir='ltr' id='par_1_4' title="bbox 497 546 2061 615">
     <span class='ocr_line' id='line_1_4' title="bbox 497 546 2061 615; baseline -0.01 -7"><span class='ocrx_word' id='word_1_5' title='bbox 497 567 584 608; x_wconf 87' lang='lat' dir='ltr'><strong>me</strong></span> <span class='ocrx_word' id='word_1_6' title='bbox 622 557 887 607; x_wconf 87' lang='lat' dir='ltr'><strong>staturum</strong></span> <span class='ocrx_word' id='word_1_7' title='bbox 921 564 933 598; x_wconf 92' lang='lat'><strong>:</strong></span> <span class='ocrx_word' id='word_1_8' title='bbox 962 546 1436 614; x_wconf 63' lang='lat' dir='ltr'><strong>iuramr-utumque</strong></span> <span class='ocrx_word' id='word_1_9' title='bbox 1465 557 1703 615; x_wconf 85' lang='lat' dir='ltr'><strong>eousque</strong></span> <span class='ocrx_word' id='word_1_10' title='bbox 1723 546 1978 608; x_wconf 74' lang='lat' dir='ltr'><strong>extendo,</strong></span> <span class='ocrx_word' id='word_1_11' title='bbox 2005 553 2061 595; x_wconf 89' lang='lat' dir='ltr'><strong>ut</strong></span> 
     </span>
    </p>
   </div>
   <div class='ocr_carea' id='block_1_5' title="bbox 2167 523 3680 619">
    <p class='ocr_par' dir='ltr' id='par_1_5' title="bbox 2167 523 3680 619">
     <span class='ocr_line' id='line_1_5' title="bbox 2167 523 3680 619; baseline 0.001 -28"><span class='ocrx_word' id='word_1_12' title='bbox 2167 541 2203 609; x_wconf 75' lang='grc' dir='ltr'><strong>ἡ</strong></span> <span class='ocrx_word' id='word_1_13' title='bbox 2258 536 2508 607; x_wconf 85' lang='grc' dir='ltr'>βασιλεία</span> <span class='ocrx_word' id='word_1_14' title='bbox 2562 537 3191 606; x_wconf 68' lang='grc' dir='ltr'>Κωνσταντινουπὸὶεως</span> <span class='ocrx_word' id='word_1_15' title='bbox 3237 543 3499 613; x_wconf 75' lang='grc' dir='ltr'><strong>περιεῖχεν</strong></span> <span class='ocrx_word' id='word_1_16' title='bbox 3607 555 3680 608; x_wconf 72' lang='grc' dir='ltr'>νῦν</span> 
     </span>
    </p>
   </div>
   <div class='ocr_carea' id='block_1_6' title="bbox 498 637 2059 708">
    <p class='ocr_par' dir='ltr' id='par_1_6' title="bbox 498 637 2059 708">
     <span class='ocr_line' id='line_1_6' title="bbox 498 637 2059 708; baseline -0.008 -8"><span class='ocrx_word' id='word_1_17' title='bbox 498 661 606 702; x_wconf 86' lang='lat' dir='ltr'><strong>non</strong></span> <span class='ocrx_word' id='word_1_18' title='bbox 639 652 844 698; x_wconf 88' lang='lat' dir='ltr'><strong>tantum</strong></span> <span class='ocrx_word' id='word_1_19' title='bbox 877 655 973 708; x_wconf 86' lang='lat' dir='ltr'><strong>pro</strong></span> <span class='ocrx_word' id='word_1_20' title='bbox 1009 637 1267 692; x_wconf 81' lang='lat' dir='ltr'><strong>membris</strong></span> <span class='ocrx_word' id='word_1_21' title='bbox 1299 638 1497 693; x_wconf 75' lang='lat' dir='ltr'><strong>vestris</strong></span> <span class='ocrx_word' id='word_1_22' title='bbox 1529 637 1715 707; x_wconf 73' lang='lat' dir='ltr'><strong>regiis,</strong></span> <span class='ocrx_word' id='word_1_23' title='bbox 1757 638 1852 690; x_wconf 83' lang='lat' dir='ltr'><strong>sed</strong></span> <span class='ocrx_word' id='word_1_24' title='bbox 1896 637 2059 689; x_wconf 87' lang='lat' dir='ltr'><strong>etiam</strong></span> 
     </span>
    </p>
   </div>
   <div class='ocr_carea' id='block_1_7' title="bbox 498 727 2062 809">
    <p class='ocr_par' dir='ltr' id='par_1_7' title="bbox 498 727 2062 809">
     <span class='ocr_line' id='line_1_7' title="bbox 498 727 2062 809; baseline -0.009 -17"><span class='ocrx_word' id='word_1_25' title='bbox 498 753 596 809; x_wconf 87' lang='lat' dir='ltr'><strong>pro</strong></span> <span class='ocrx_word' id='word_1_26' title='bbox 622 737 828 791; x_wconf 81' lang='lat' dir='ltr'><strong>honore</strong></span> <span class='ocrx_word' id='word_1_27' title='bbox 856 731 1191 786; x_wconf 86' lang='lat' dir='ltr'><strong>defendendo</strong></span> <span class='ocrx_word' id='word_1_28' title='bbox 1213 739 1415 794; x_wconf 87' lang='lat' dir='ltr'><strong>vestro,</strong></span> <span class='ocrx_word' id='word_1_29' title='bbox 1442 729 1809 800; x_wconf 74' lang='lat' dir='ltr'><strong>dignitateque</strong></span> <span class='ocrx_word' id='word_1_30' title='bbox 1834 743 1896 782; x_wconf 90' lang='lat' dir='ltr'><strong>ac</strong></span> <span class='ocrx_word' id='word_1_31' title='bbox 1921 727 2062 780; x_wconf 78' lang='lat' dir='ltr'><strong>fama</strong></span> 
     </span>
    </p>
   </div>
   <div class='ocr_carea' id='block_1_8' title="bbox 501 817 2064 891">
    <p class='ocr_par' dir='ltr' id='par_1_8' title="bbox 501 817 2064 891">
     <span class='ocr_line' id='line_1_8' title="bbox 501 817 2064 891; baseline -0.006 -9"><span class='ocrx_word' id='word_1_32' title='bbox 501 828 713 890; x_wconf 82' lang='lat' dir='ltr'><strong>tuendis</strong></span> <span class='ocrx_word' id='word_1_33' title='bbox 746 833 933 881; x_wconf 89' lang='lat' dir='ltr'><strong>contra</strong></span> <span class='ocrx_word' id='word_1_34' title='bbox 963 835 1316 891; x_wconf 85' lang='lat' dir='ltr'><strong>quoscunque</strong></span> <span class='ocrx_word' id='word_1_35' title='bbox 1341 820 1537 876; x_wconf 65' lang='lat' dir='ltr'><strong>laedere</strong></span> <span class='ocrx_word' id='word_1_36' title='bbox 1564 819 1684 874; x_wconf 89' lang='lat' dir='ltr'><strong>illas</strong></span> <span class='ocrx_word' id='word_1_37' title='bbox 1720 827 1813 873; x_wconf 86' lang='lat' dir='ltr'><strong>aut</strong></span> <span class='ocrx_word' id='word_1_38' title='bbox 1861 817 2064 872; x_wconf 89' lang='lat' dir='ltr'><strong>violare</strong></span> 
     </span>
    </p>
   </div>
   <div class='ocr_carea' id='block_1_9' title="bbox 499 908 2064 984">
    <p class='ocr_par' dir='ltr' id='par_1_9' title="bbox 499 908 2064 984">
     <span class='ocr_line' id='line_1_9' title="bbox 499 908 2064 984; baseline -0.005 -16"><span class='ocrx_word' id='word_1_39' title='bbox 499 912 902 984; x_wconf 88' lang='lat' dir='ltr'><strong>quomodolibet</strong></span> <span class='ocrx_word' id='word_1_40' title='bbox 941 918 1292 974; x_wconf 82' lang='lat' dir='ltr'><strong>attentantes,</strong></span> <span class='ocrx_word' id='word_1_41' title='bbox 1327 908 1409 962; x_wconf 86' lang='lat' dir='ltr'><strong>vel</strong></span> <span class='ocrx_word' id='word_1_42' title='bbox 1445 916 1722 977; x_wconf 85' lang='lat' dir='ltr'><strong>parantes,</strong></span> <span class='ocrx_word' id='word_1_43' title='bbox 1764 915 1877 962; x_wconf 87' lang='lat' dir='ltr'><strong>tota</strong></span> <span class='ocrx_word' id='word_1_44' title='bbox 1913 908 1964 960; x_wconf 93' lang='lat' dir='ltr'><strong>vi</strong></span> <span class='ocrx_word' id='word_1_45' title='bbox 1999 920 2064 960; x_wconf 88' lang='lat' dir='ltr'><strong>ac</strong></span> 
     </span>
    </p>
   </div>
   <div class='ocr_carea' id='block_1_10' title="bbox 497 998 2065 1076">
    <p class='ocr_par' dir='ltr' id='par_1_10' title="bbox 497 998 2065 1076">
     <span class='ocr_line' id='line_1_10' title="bbox 497 998 2065 1076; baseline -0.004 -18"><span class='ocrx_word' id='word_1_46' title='bbox 497 1005 738 1076; x_wconf 73' lang='lat' dir='ltr'><strong>polentia</strong></span> <span class='ocrx_word' id='word_1_47' title='bbox 770 1019 884 1058; x_wconf 86' lang='lat' dir='ltr'><strong>mea</strong></span> <span class='ocrx_word' id='word_1_48' title='bbox 924 1003 1157 1068; x_wconf 83' lang='lat' dir='ltr'><strong>veniam;</strong></span> <span class='ocrx_word' id='word_1_49' title='bbox 1189 1000 1442 1069; x_wconf 86' lang='lat' dir='ltr'><strong>injuriam</strong></span> <span class='ocrx_word' id='word_1_50' title='bbox 1479 1015 1580 1070; x_wconf 90' lang='lat' dir='ltr'><strong>pro</strong></span> <span class='ocrx_word' id='word_1_51' title='bbox 1618 1013 1738 1054; x_wconf 90' lang='lat' dir='ltr'><strong>meo</strong></span> <span class='ocrx_word' id='word_1_52' title='bbox 1765 998 1903 1053; x_wconf 86' lang='lat' dir='ltr'><strong>virili</strong></span> <span class='ocrx_word' id='word_1_53' title='bbox 1940 1011 2065 1066; x_wconf 88' lang='lat' dir='ltr'><strong>pro-</strong></span> 
     </span>
    </p>
   </div>
   <div class='ocr_carea' id='block_1_11' title="bbox 497 1087 2066 1161">
    <p class='ocr_par' dir='ltr' id='par_1_11' title="bbox 497 1087 2066 1161">
     <span class='ocr_line' id='line_1_11' title="bbox 497 1087 2066 1161; baseline -0.006 -12"><span class='ocrx_word' id='word_1_54' title='bbox 497 1095 792 1150; x_wconf 81' lang='lat' dir='ltr'><strong>hibiturus.</strong></span> <span class='ocrx_word' id='word_1_55' title='bbox 823 1092 934 1147; x_wconf 74' lang='lat' dir='ltr'><strong>Nec</strong></span> <span class='ocrx_word' id='word_1_56' title='bbox 967 1107 1065 1161; x_wconf 86' lang='lat' dir='ltr'><strong>pro</strong></span> <span class='ocrx_word' id='word_1_57' title='bbox 1094 1090 1238 1144; x_wconf 78' lang='lat' dir='ltr'><strong>fama</strong></span> <span class='ocrx_word' id='word_1_58' title='bbox 1265 1101 1321 1144; x_wconf 89' lang='lat' dir='ltr'><strong>et</strong></span> <span class='ocrx_word' id='word_1_59' title='bbox 1342 1088 1742 1144; x_wconf 69' lang='lat' dir='ltr'><strong>existimatione</strong></span> <span class='ocrx_word' id='word_1_60' title='bbox 1773 1087 1942 1140; x_wconf 73' lang='lat' dir='ltr'><strong>solum</strong></span> <span class='ocrx_word' id='word_1_61' title='bbox 1973 1100 2066 1140; x_wconf 54' lang='lat' dir='ltr'><strong>ve.</strong></span> 
     </span>
    </p>
   </div>
   <div class='ocr_carea' id='block_1_12' title="bbox 497 1177 2062 1252">
    <p class='ocr_par' dir='ltr' id='par_1_12' title="bbox 497 1177 2062 1252">
     <span class='ocr_line' id='line_1_12' title="bbox 497 1177 2062 1252; baseline -0.008 -11"><span class='ocrx_word' id='word_1_62' title='bbox 497 1194 632 1252; x_wconf 86' lang='lat' dir='ltr'><strong>stra,</strong></span> <span class='ocrx_word' id='word_1_63' title='bbox 663 1185 757 1241; x_wconf 89' lang='lat' dir='ltr'><strong>sed</strong></span> <span class='ocrx_word' id='word_1_64' title='bbox 795 1183 960 1238; x_wconf 91' lang='lat' dir='ltr'><strong>etiam</strong></span> <span class='ocrx_word' id='word_1_65' title='bbox 997 1198 1094 1252; x_wconf 91' lang='lat' dir='ltr'><strong>pro</strong></span> <span class='ocrx_word' id='word_1_66' title='bbox 1145 1181 1337 1250; x_wconf 87' lang='lat' dir='ltr'><strong>quavis</strong></span> <span class='ocrx_word' id='word_1_67' title='bbox 1391 1181 1645 1250; x_wconf 88' lang='lat' dir='ltr'><strong>regione,</strong></span> <span class='ocrx_word' id='word_1_68' title='bbox 1691 1177 1822 1231; x_wconf 85' lang='lat' dir='ltr'><strong>urbe</strong></span> <span class='ocrx_word' id='word_1_69' title='bbox 1849 1215 1862 1239; x_wconf 93' lang='lat'><strong>,</strong></span> <span class='ocrx_word' id='word_1_70' title='bbox 1899 1191 2062 1244; x_wconf 84' lang='lat' dir='ltr'><strong>parva</strong></span> 
     </span>
    </p>
   </div>
   <div class='ocr_carea' id='block_1_13' title="bbox 495 1266 2063 1345">
    <p class='ocr_par' dir='ltr' id='par_1_13' title="bbox 495 1266 2063 1345">
     <span class='ocr_line' id='line_1_13' title="bbox 495 1266 2063 1345; baseline -0.005 -17"><span class='ocrx_word' id='word_1_71' title='bbox 495 1276 580 1330; x_wconf 94' lang='lat' dir='ltr'><strong>vel</strong></span> <span class='ocrx_word' id='word_1_72' title='bbox 611 1288 829 1345; x_wconf 88' lang='lat' dir='ltr'><strong>magna,</strong></span> <span class='ocrx_word' id='word_1_73' title='bbox 859 1271 1050 1328; x_wconf 92' lang='lat' dir='ltr'><strong>insulis</strong></span> <span class='ocrx_word' id='word_1_74' title='bbox 1080 1285 1299 1340; x_wconf 88' lang='lat' dir='ltr'><strong>quoque</strong></span> <span class='ocrx_word' id='word_1_75' title='bbox 1339 1268 1502 1338; x_wconf 82' lang='lat' dir='ltr'><strong>ipsis;</strong></span> <span class='ocrx_word' id='word_1_76' title='bbox 1530 1266 1786 1335; x_wconf 88' lang='lat' dir='ltr'><strong>denique,</strong></span> <span class='ocrx_word' id='word_1_77' title='bbox 1815 1276 1871 1318; x_wconf 92' lang='lat' dir='ltr'><strong>ut</strong></span> <span class='ocrx_word' id='word_1_78' title='bbox 1898 1268 2063 1320; x_wconf 89' lang='lat' dir='ltr'><strong>verbo</strong></span> 
     </span>
    </p>
   </div>
   <div class='ocr_carea' id='block_1_14' title="bbox 495 1358 2063 1436">
    <p class='ocr_par' dir='ltr' id='par_1_14' title="bbox 495 1358 2063 1436">
     <span class='ocr_line' id='line_1_14' title="bbox 495 1358 2063 1436; baseline -0.004 -15"><span class='ocrx_word' id='word_1_79' title='bbox 495 1367 694 1433; x_wconf 89' lang='lat' dir='ltr'><strong>dicam,</strong></span> <span class='ocrx_word' id='word_1_80' title='bbox 725 1380 822 1436; x_wconf 92' lang='lat' dir='ltr'><strong>pro</strong></span> <span class='ocrx_word' id='word_1_81' title='bbox 845 1377 1168 1434; x_wconf 90' lang='lat' dir='ltr'><strong>quocunque</strong></span> <span class='ocrx_word' id='word_1_82' title='bbox 1195 1362 1315 1416; x_wconf 92' lang='lat' dir='ltr'><strong>loco</strong></span> <span class='ocrx_word' id='word_1_83' title='bbox 1340 1369 1500 1415; x_wconf 76' lang='lat' dir='ltr'><strong>terra:</strong></span> <span class='ocrx_word' id='word_1_84' title='bbox 1531 1358 1804 1427; x_wconf 82' lang='lat' dir='ltr'><strong>marisque</strong></span> <span class='ocrx_word' id='word_1_85' title='bbox 1829 1359 2063 1428; x_wconf 80' lang='lat' dir='ltr'><strong>sceptris</strong></span> 
     </span>
    </p>
   </div>
   <div class='ocr_carea' id='block_1_15' title="bbox 496 1449 2062 1522">
    <p class='ocr_par' dir='ltr' id='par_1_15' title="bbox 496 1449 2062 1522">
     <span class='ocr_line' id='line_1_15' title="bbox 496 1449 2062 1522; baseline -0.005 -8"><span class='ocrx_word' id='word_1_86' title='bbox 496 1460 692 1514; x_wconf 87' lang='lat' dir='ltr'><strong>vestris</strong></span> <span class='ocrx_word' id='word_1_87' title='bbox 730 1458 988 1522; x_wconf 81' lang='lat' dir='ltr'><strong>obnoxio,</strong></span> <span class='ocrx_word' id='word_1_88' title='bbox 1023 1456 1091 1512; x_wconf 85' lang='lat' dir='ltr'><strong>ab</strong></span> <span class='ocrx_word' id='word_1_89' title='bbox 1118 1452 1394 1510; x_wconf 81' lang='lat' dir='ltr'><strong>Adriatico</strong></span> <span class='ocrx_word' id='word_1_90' title='bbox 1434 1452 1645 1522; x_wconf 77' lang='lat' dir='ltr'><strong>pelago,</strong></span> <span class='ocrx_word' id='word_1_91' title='bbox 1678 1466 1848 1520; x_wconf 87' lang='lat' dir='ltr'><strong>usque</strong></span> <span class='ocrx_word' id='word_1_92' title='bbox 1879 1449 1947 1505; x_wconf 85' lang='lat' dir='ltr'><strong>ad</strong></span> <span class='ocrx_word' id='word_1_93' title='bbox 1979 1460 2062 1506; x_wconf 84' lang='lat' dir='ltr'><strong>to-</strong></span> 
     </span>
    </p>
   </div>
   <div class='ocr_carea' id='block_1_16' title="bbox 497 1542 2060 1618">
    <p class='ocr_par' dir='ltr' id='par_1_16' title="bbox 497 1542 2060 1618">
     <span class='ocr_line' id='line_1_16' title="bbox 497 1542 2060 1618; baseline -0.005 -12"><span class='ocrx_word' id='word_1_94' title='bbox 497 1563 606 1606; x_wconf 77' lang='lat' dir='ltr'><strong>tum</strong></span> <span class='ocrx_word' id='word_1_95' title='bbox 637 1550 940 1612; x_wconf 82' lang='lat' dir='ltr'><strong>Orientem,</strong></span> <span class='ocrx_word' id='word_1_96' title='bbox 966 1559 1020 1603; x_wconf 89' lang='lat' dir='ltr'><strong>et</strong></span> <span class='ocrx_word' id='word_1_97' title='bbox 1055 1561 1150 1618; x_wconf 89' lang='lat' dir='ltr'><strong>per</strong></span> <span class='ocrx_word' id='word_1_98' title='bbox 1177 1546 1514 1599; x_wconf 80' lang='lat' dir='ltr'><strong>latitudinem</strong></span> <span class='ocrx_word' id='word_1_99' title='bbox 1544 1558 1750 1612; x_wconf 78' lang='lat' dir='ltr'><strong>magna:</strong></span> <span class='ocrx_word' id='word_1_100' title='bbox 1779 1542 1941 1608; x_wconf 69' lang='lat' dir='ltr'><strong>Asiae,</strong></span> <span class='ocrx_word' id='word_1_101' title='bbox 1971 1543 2060 1598; x_wconf 90' lang='lat' dir='ltr'><strong>ubi</strong></span> 
     </span>
    </p>
   </div>
   <div class='ocr_carea' id='block_1_17' title="bbox 490 1634 2065 1704">
    <p class='ocr_par' dir='ltr' id='par_1_17' title="bbox 490 1634 2065 1704">
     <span class='ocr_line' id='line_1_17' title="bbox 490 1634 2065 1704; baseline -0.004 -9"><span class='ocrx_word' id='word_1_102' title='bbox 490 1641 865 1698; x_wconf 82' lang='lat' dir='ltr'><strong>Romanorum</strong></span> <span class='ocrx_word' id='word_1_103' title='bbox 904 1639 1038 1694; x_wconf 85' lang='lat' dir='ltr'><strong>lines</strong></span> <span class='ocrx_word' id='word_1_104' title='bbox 1066 1645 1248 1694; x_wconf 88' lang='lat' dir='ltr'><strong>erant.</strong></span> <span class='ocrx_word' id='word_1_105' title='bbox 1275 1636 1540 1691; x_wconf 88' lang='lat' dir='ltr'><strong>Promitto</strong></span> <span class='ocrx_word' id='word_1_106' title='bbox 1565 1642 1844 1704; x_wconf 66' lang='lat' dir='ltr'><strong>praeterea,</strong></span> <span class='ocrx_word' id='word_1_107' title='bbox 1875 1643 1933 1689; x_wconf 92' lang='lat' dir='ltr'><strong>et</strong></span> <span class='ocrx_word' id='word_1_108' title='bbox 1963 1634 2065 1691; x_wconf 81' lang='lat' dir='ltr'><strong>erit</strong></span> 
     </span>
    </p>
   </div>
   <div class='ocr_carea' id='block_1_18' title="bbox 493 1726 2064 1804">
    <p class='ocr_par' dir='ltr' id='par_1_18' title="bbox 493 1726 2064 1804">
     <span class='ocr_line' id='line_1_18' title="bbox 493 1726 2064 1804; baseline -0.004 -17"><span class='ocrx_word' id='word_1_109' title='bbox 493 1733 885 1804; x_wconf 80' lang='lat' dir='ltr'><strong>promissorum</strong></span> <span class='ocrx_word' id='word_1_110' title='bbox 939 1729 1094 1784; x_wconf 84' lang='lat' dir='ltr'><strong>testis</strong></span> <span class='ocrx_word' id='word_1_111' title='bbox 1142 1737 1195 1782; x_wconf 91' lang='lat' dir='ltr'><strong>et</strong></span> <span class='ocrx_word' id='word_1_112' title='bbox 1229 1727 1444 1781; x_wconf 88' lang='lat' dir='ltr'><strong>auditor</strong></span> <span class='ocrx_word' id='word_1_113' title='bbox 1492 1726 1668 1792; x_wconf 90' lang='lat' dir='ltr'><strong>Deus,</strong></span> <span class='ocrx_word' id='word_1_114' title='bbox 1722 1728 1924 1781; x_wconf 90' lang='lat' dir='ltr'><strong>nullam</strong></span> <span class='ocrx_word' id='word_1_115' title='bbox 1979 1740 2064 1781; x_wconf 89' lang='lat' dir='ltr'><strong>me</strong></span> 
     </span>
    </p>
   </div>
   <div class='ocr_carea' id='block_1_19' title="bbox 494 1817 2058 1895">
    <p class='ocr_par' dir='ltr' id='par_1_19' title="bbox 494 1817 2058 1895">
     <span class='ocr_line' id='line_1_19' title="bbox 494 1817 2058 1895; baseline -0.004 -16"><span class='ocrx_word' id='word_1_116' title='bbox 494 1841 729 1895; x_wconf 83' lang='lat' dir='ltr'><strong>unquam</strong></span> <span class='ocrx_word' id='word_1_117' title='bbox 776 1823 1052 1891; x_wconf 87' lang='lat' dir='ltr'><strong>regionem</strong></span> <span class='ocrx_word' id='word_1_118' title='bbox 1095 1819 1393 1890; x_wconf 86' lang='lat' dir='ltr'><strong>subjectam</strong></span> <span class='ocrx_word' id='word_1_119' title='bbox 1421 1817 1655 1885; x_wconf 78' lang='lat' dir='ltr'><strong>sceptris</strong></span> <span class='ocrx_word' id='word_1_120' title='bbox 1692 1818 1906 1884; x_wconf 89' lang='lat' dir='ltr'><strong>vestris,</strong></span> <span class='ocrx_word' id='word_1_121' title='bbox 1942 1820 2058 1874; x_wconf 87' lang='lat' dir='ltr'><strong>sive</strong></span> 
     </span>
    </p>
   </div>
   <div class='ocr_carea' id='block_1_20' title="bbox 493 1885 2132 1983">
    <p class='ocr_par' dir='ltr' id='par_1_20' title="bbox 493 1885 2132 1983">
     <span class='ocr_line' id='line_1_20' title="bbox 493 1885 2132 1983; baseline -0.005 -12"><span class='ocrx_word' id='word_1_122' title='bbox 493 1885 660 1981; x_wconf 72' lang='lat' dir='ltr'><strong>nunc,</strong></span> <span class='ocrx_word' id='word_1_123' title='bbox 689 1917 803 1970; x_wconf 83' lang='lat' dir='ltr'><strong>sive</strong></span> <span class='ocrx_word' id='word_1_124' title='bbox 825 1913 1003 1983; x_wconf 85' lang='lat' dir='ltr'><strong>prius,</strong></span> <span class='ocrx_word' id='word_1_125' title='bbox 1041 1926 1132 1966; x_wconf 89' lang='lat' dir='ltr'><strong>seu</strong></span> <span class='ocrx_word' id='word_1_126' title='bbox 1161 1912 1292 1965; x_wconf 87' lang='lat' dir='ltr'><strong>urbs</strong></span> <span class='ocrx_word' id='word_1_127' title='bbox 1336 1910 1448 1976; x_wconf 89' lang='lat' dir='ltr'><strong>illa,</strong></span> <span class='ocrx_word' id='word_1_128' title='bbox 1497 1925 1594 1966; x_wconf 86' lang='lat' dir='ltr'><strong>seu</strong></span> <span class='ocrx_word' id='word_1_129' title='bbox 1642 1911 1815 1967; x_wconf 85' lang='lat' dir='ltr'><strong>insula</strong></span> <span class='ocrx_word' id='word_1_130' title='bbox 1851 1911 2015 1964; x_wconf 80' lang='lat' dir='ltr'><strong>fuerit</strong></span> <span class='ocrx_word' id='word_1_131' title='bbox 2039 1949 2055 1976; x_wconf 94' lang='lat'><strong>,</strong></span> <span class='ocrx_word' id='word_1_132' title='bbox 2088 1885 2132 1942; x_wconf 77' lang='grc' dir='ltr'><strong>Β</strong></span> 
     </span>
    </p>
   </div>
   <div class='ocr_carea' id='block_1_21' title="bbox 497 1998 2059 2071">
    <p class='ocr_par' dir='ltr' id='par_1_21' title="bbox 497 1998 2059 2071">
     <span class='ocr_line' id='line_1_21' title="bbox 497 1998 2059 2071; baseline -0.004 -13"><span class='ocrx_word' id='word_1_133' title='bbox 497 2006 803 2058; x_wconf 85' lang='lat' dir='ltr'><strong>habiturum</strong></span> <span class='ocrx_word' id='word_1_134' title='bbox 835 2014 1286 2071; x_wconf 80' lang='lat' dir='ltr'><strong>possessurumve</strong></span> <span class='ocrx_word' id='word_1_135' title='bbox 1321 2012 1425 2065; x_wconf 87' lang='lat' dir='ltr'><strong>me,</strong></span> <span class='ocrx_word' id='word_1_136' title='bbox 1467 2007 1559 2053; x_wconf 89' lang='lat' dir='ltr'><strong>aut</strong></span> <span class='ocrx_word' id='word_1_137' title='bbox 1588 2000 1719 2053; x_wconf 91' lang='lat' dir='ltr'><strong>mibi</strong></span> <span class='ocrx_word' id='word_1_138' title='bbox 1752 1998 2059 2053; x_wconf 82' lang='lat' dir='ltr'><strong>vindicatu-</strong></span> 
     </span>
    </p>
   </div>
   <div class='ocr_carea' id='block_1_22' title="bbox 497 2090 2064 2162">
    <p class='ocr_par' dir='ltr' id='par_1_22' title="bbox 497 2090 2064 2162">
     <span class='ocr_line' id='line_1_22' title="bbox 497 2090 2064 2162; baseline -0.004 -13"><span class='ocrx_word' id='word_1_139' title='bbox 497 2111 637 2157; x_wconf 89' lang='lat' dir='ltr'><strong>rum,</strong></span> <span class='ocrx_word' id='word_1_140' title='bbox 671 2103 864 2162; x_wconf 69' lang='lat' dir='ltr'><strong>praeter</strong></span> <span class='ocrx_word' id='word_1_141' title='bbox 895 2107 987 2147; x_wconf 84' lang='lat' dir='ltr'><strong>eas</strong></span> <span class='ocrx_word' id='word_1_142' title='bbox 1025 2100 1200 2145; x_wconf 88' lang='lat' dir='ltr'><strong>terras</strong></span> <span class='ocrx_word' id='word_1_143' title='bbox 1233 2099 1288 2144; x_wconf 89' lang='lat' dir='ltr'><strong>et</strong></span> <span class='ocrx_word' id='word_1_144' title='bbox 1313 2090 1432 2146; x_wconf 89' lang='lat' dir='ltr'><strong>loca</strong></span> <span class='ocrx_word' id='word_1_145' title='bbox 1460 2090 1774 2144; x_wconf 88' lang='lat' dir='ltr'><strong>nominatim</strong></span> <span class='ocrx_word' id='word_1_146' title='bbox 1816 2105 1941 2145; x_wconf 77' lang='lat' dir='ltr'><strong>mox</strong></span> <span class='ocrx_word' id='word_1_147' title='bbox 1970 2104 2064 2145; x_wconf 82' lang='lat' dir='ltr'><strong>ex-</strong></span> 
     </span>
    </p>
   </div>
   <div class='ocr_carea' id='block_1_23' title="bbox 496 2181 2063 2254">
    <p class='ocr_par' dir='ltr' id='par_1_23' title="bbox 496 2181 2063 2254">
     <span class='ocr_line' id='line_1_23' title="bbox 496 2181 2063 2254; baseline 0 -18"><span class='ocrx_word' id='word_1_148' title='bbox 496 2185 777 2254; x_wconf 88' lang='lat' dir='ltr'><strong>primenda</strong></span> <span class='ocrx_word' id='word_1_149' title='bbox 814 2185 866 2238; x_wconf 91' lang='lat' dir='ltr'><strong>in</strong></span> <span class='ocrx_word' id='word_1_150' title='bbox 911 2183 1164 2253; x_wconf 66' lang='lat' dir='ltr'><strong>praesenti</strong></span> <span class='ocrx_word' id='word_1_151' title='bbox 1211 2181 1446 2250; x_wconf 90' lang='lat' dir='ltr'><strong>scripto,</strong></span> <span class='ocrx_word' id='word_1_152' title='bbox 1475 2195 1592 2250; x_wconf 60' lang='lat' dir='ltr'><strong>quae</strong></span> <span class='ocrx_word' id='word_1_153' title='bbox 1627 2181 1760 2235; x_wconf 86' lang='lat' dir='ltr'><strong>mibi</strong></span> <span class='ocrx_word' id='word_1_154' title='bbox 1806 2181 2063 2236; x_wconf 83' lang='lat' dir='ltr'><strong>distincte</strong></span> 
     </span>
    </p>
   </div>
   <div class='ocr_carea' id='block_1_24' title="bbox 497 2273 2060 2343">
    <p class='ocr_par' dir='ltr' id='par_1_24' title="bbox 497 2273 2060 2343">
     <span class='ocr_line' id='line_1_24' title="bbox 497 2273 2060 2343; baseline -0.004 -9"><span class='ocrx_word' id='word_1_155' title='bbox 497 2281 706 2334; x_wconf 81' lang='lat' dir='ltr'><strong>donatae</strong></span> <span class='ocrx_word' id='word_1_156' title='bbox 735 2285 862 2330; x_wconf 90' lang='lat' dir='ltr'><strong>sunt</strong></span> <span class='ocrx_word' id='word_1_157' title='bbox 908 2277 974 2330; x_wconf 85' lang='lat' dir='ltr'><strong>ab</strong></span> <span class='ocrx_word' id='word_1_158' title='bbox 1008 2274 1266 2330; x_wconf 87' lang='lat' dir='ltr'><strong>divinitus</strong></span> <span class='ocrx_word' id='word_1_159' title='bbox 1293 2273 1462 2329; x_wconf 87' lang='lat' dir='ltr'><strong>electa</strong></span> <span class='ocrx_word' id='word_1_160' title='bbox 1509 2273 1792 2343; x_wconf 84' lang='lat' dir='ltr'><strong>majestate</strong></span> <span class='ocrx_word' id='word_1_161' title='bbox 1827 2281 2007 2329; x_wconf 89' lang='lat' dir='ltr'><strong>vestra</strong></span> <span class='ocrx_word' id='word_1_162' title='bbox 2046 2291 2060 2328; x_wconf 90' lang='lat'><strong>:</strong></span> 
     </span>
    </p>
   </div>
   <div class='ocr_carea' id='block_1_25' title="bbox 496 2364 2064 2435">
    <p class='ocr_par' dir='ltr' id='par_1_25' title="bbox 496 2364 2064 2435">
     <span class='ocr_line' id='line_1_25' title="bbox 496 2364 2064 2435; baseline -0.003 -13"><span class='ocrx_word' id='word_1_163' title='bbox 496 2372 564 2423; x_wconf 89' lang='lat' dir='ltr'><strong>iis</strong></span> <span class='ocrx_word' id='word_1_164' title='bbox 591 2371 854 2422; x_wconf 79' lang='lat' dir='ltr'><strong>duntaxat</strong></span> <span class='ocrx_word' id='word_1_165' title='bbox 887 2367 1148 2435; x_wconf 78' lang='lat' dir='ltr'><strong>exceptis,</strong></span> <span class='ocrx_word' id='word_1_166' title='bbox 1173 2375 1368 2419; x_wconf 67' lang='lat' dir='ltr'><strong>caetera</strong></span> <span class='ocrx_word' id='word_1_167' title='bbox 1401 2365 1561 2435; x_wconf 86' lang='lat' dir='ltr'><strong>plane</strong></span> <span class='ocrx_word' id='word_1_168' title='bbox 1593 2367 1795 2429; x_wconf 87' lang='lat' dir='ltr'><strong>omnia,</strong></span> <span class='ocrx_word' id='word_1_169' title='bbox 1831 2381 1950 2434; x_wconf 69' lang='lat' dir='ltr'><strong>quae</strong></span> <span class='ocrx_word' id='word_1_170' title='bbox 1981 2364 2064 2419; x_wconf 86' lang='lat' dir='ltr'><strong>vel</strong></span> 
     </span>
    </p>
   </div>
   <div class='ocr_carea' id='block_1_26' title="bbox 497 2455 2064 2526">
    <p class='ocr_par' dir='ltr' id='par_1_26' title="bbox 497 2455 2064 2526">
     <span class='ocr_line' id='line_1_26' title="bbox 497 2455 2064 2526; baseline -0.004 -11"><span class='ocrx_word' id='word_1_171' title='bbox 497 2462 631 2516; x_wconf 88' lang='lat' dir='ltr'><strong>alias</strong></span> <span class='ocrx_word' id='word_1_172' title='bbox 678 2457 1156 2526; x_wconf 88' lang='lat' dir='ltr'><strong>complectebatur,</strong></span> <span class='ocrx_word' id='word_1_173' title='bbox 1209 2455 1290 2509; x_wconf 89' lang='lat' dir='ltr'><strong>vel</strong></span> <span class='ocrx_word' id='word_1_174' title='bbox 1341 2472 1482 2510; x_wconf 91' lang='lat' dir='ltr'><strong>nunc</strong></span> <span class='ocrx_word' id='word_1_175' title='bbox 1530 2456 1925 2524; x_wconf 86' lang='lat' dir='ltr'><strong>complectitur,</strong></span> <span class='ocrx_word' id='word_1_176' title='bbox 1969 2471 2064 2524; x_wconf 82' lang='lat' dir='ltr'><strong>per</strong></span> 
     </span>
    </p>
   </div>
   <div class='ocr_carea' id='block_1_27' title="bbox 495 2546 2057 2619">
    <p class='ocr_par' dir='ltr' id='par_1_27' title="bbox 495 2546 2057 2619">
     <span class='ocr_line' id='line_1_27' title="bbox 495 2546 2057 2619; baseline -0.006 -11"><span class='ocrx_word' id='word_1_177' title='bbox 495 2552 767 2608; x_wconf 88' lang='lat' dir='ltr'><strong>Orientem</strong></span> <span class='ocrx_word' id='word_1_178' title='bbox 805 2563 1002 2619; x_wconf 88' lang='lat' dir='ltr'><strong>perque</strong></span> <span class='ocrx_word' id='word_1_179' title='bbox 1038 2546 1379 2602; x_wconf 86' lang='lat' dir='ltr'><strong>Occidentem</strong></span> <span class='ocrx_word' id='word_1_180' title='bbox 1405 2546 2057 2616; x_wconf 84' lang='lat' dir='ltr'><strong>Constantinopolitanum</strong></span> 
     </span>
    </p>
   </div>
   <div class='ocr_carea' id='block_1_28' title="bbox 497 2633 2065 2712">
    <p class='ocr_par' dir='ltr' id='par_1_28' title="bbox 497 2633 2065 2712">
     <span class='ocr_line' id='line_1_28' title="bbox 497 2633 2065 2712; baseline -0.004 -16"><span class='ocrx_word' id='word_1_181' title='bbox 497 2642 778 2712; x_wconf 86' lang='lat' dir='ltr'><strong>imperium</strong></span> <span class='ocrx_word' id='word_1_182' title='bbox 808 2638 1021 2709; x_wconf 89' lang='lat' dir='ltr'><strong>propria</strong></span> <span class='ocrx_word' id='word_1_183' title='bbox 1048 2650 1141 2705; x_wconf 90' lang='lat' dir='ltr'><strong>per</strong></span> <span class='ocrx_word' id='word_1_184' title='bbox 1173 2649 1255 2688; x_wconf 90' lang='lat' dir='ltr'><strong>me</strong></span> <span class='ocrx_word' id='word_1_185' title='bbox 1278 2635 1431 2689; x_wconf 85' lang='lat' dir='ltr'><strong>vobis</strong></span> <span class='ocrx_word' id='word_1_186' title='bbox 1461 2633 1654 2703; x_wconf 89' lang='lat' dir='ltr'><strong>etjure</strong></span> <span class='ocrx_word' id='word_1_187' title='bbox 1676 2649 1834 2702; x_wconf 87' lang='lat' dir='ltr'><strong>quam</strong></span> <span class='ocrx_word' id='word_1_188' title='bbox 1863 2635 2065 2703; x_wconf 81' lang='lat' dir='ltr'><strong>Optimo</strong></span> 
     </span>
    </p>
   </div>
   <div class='ocr_carea' id='block_1_29' title="bbox 496 2725 2065 2800">
    <p class='ocr_par' dir='ltr' id='par_1_29' title="bbox 496 2725 2065 2800">
     <span class='ocr_line' id='line_1_29' title="bbox 496 2725 2065 2800; baseline -0.004 -13"><span class='ocrx_word' id='word_1_189' title='bbox 496 2731 788 2800; x_wconf 64' lang='lat' dir='ltr'><strong>peculiaria</strong></span> <span class='ocrx_word' id='word_1_190' title='bbox 824 2741 1003 2784; x_wconf 88' lang='lat' dir='ltr'><strong>erunt.</strong></span> <span class='ocrx_word' id='word_1_191' title='bbox 1037 2725 1190 2794; x_wconf 87' lang='lat' dir='ltr'><strong>Quod</strong></span> <span class='ocrx_word' id='word_1_192' title='bbox 1233 2725 1276 2780; x_wconf 91' lang='lat' dir='ltr'><strong>si</strong></span> <span class='ocrx_word' id='word_1_193' title='bbox 1319 2741 1482 2795; x_wconf 86' lang='lat' dir='ltr'><strong>quam</strong></span> <span class='ocrx_word' id='word_1_194' title='bbox 1521 2729 1655 2781; x_wconf 82' lang='lat' dir='ltr'><strong>forte</strong></span> <span class='ocrx_word' id='word_1_195' title='bbox 1687 2725 1850 2779; x_wconf 88' lang='lat' dir='ltr'><strong>armis</strong></span> <span class='ocrx_word' id='word_1_196' title='bbox 1897 2725 2065 2795; x_wconf 86' lang='lat' dir='ltr'><strong>subji-</strong></span> 
     </span>
    </p>
   </div>
   <div class='ocr_carea' id='block_1_30' title="bbox 488 2818 2062 2897">
    <p class='ocr_par' dir='ltr' id='par_1_30' title="bbox 488 2818 2062 2897">
     <span class='ocr_line' id='line_1_30' title="bbox 488 2818 2062 2897; baseline -0.006 -18"><span class='ocrx_word' id='word_1_197' title='bbox 488 2839 618 2879; x_wconf 83' lang='lat' dir='ltr'><strong>cere</strong></span> <span class='ocrx_word' id='word_1_198' title='bbox 654 2823 878 2892; x_wconf 89' lang='lat' dir='ltr'><strong>quivero</strong></span> <span class='ocrx_word' id='word_1_199' title='bbox 909 2821 1204 2891; x_wconf 68' lang='lat' dir='ltr'><strong>regio—nem,</strong></span> <span class='ocrx_word' id='word_1_200' title='bbox 1241 2818 1595 2897; x_wconf 49' lang='lat' dir='ltr'><strong>praesentibus</strong></span> <span class='ocrx_word' id='word_1_201' title='bbox 1630 2818 1747 2886; x_wconf 74' lang='lat' dir='ltr'><strong>ejus</strong></span> <span class='ocrx_word' id='word_1_202' title='bbox 1779 2832 2062 2885; x_wconf 83' lang='lat' dir='ltr'><strong>possesso-</strong></span> 
     </span>
    </p>
   </div>
   <div class='ocr_carea' id='block_1_31' title="bbox 495 2907 2062 2978">
    <p class='ocr_par' dir='ltr' id='par_1_31' title="bbox 495 2907 2062 2978">
     <span class='ocr_line' id='line_1_31' title="bbox 495 2907 2062 2978; baseline -0.003 -10"><span class='ocrx_word' id='word_1_203' title='bbox 495 2915 647 2969; x_wconf 87' lang='lat' dir='ltr'><strong>ribus</strong></span> <span class='ocrx_word' id='word_1_204' title='bbox 681 2913 818 2968; x_wconf 90' lang='lat' dir='ltr'><strong>bello</strong></span> <span class='ocrx_word' id='word_1_205' title='bbox 845 2909 1297 2972; x_wconf 78' lang='lat' dir='ltr'><strong>exterminaudis,</strong></span> <span class='ocrx_word' id='word_1_206' title='bbox 1339 2924 1459 2978; x_wconf 70' lang='lat' dir='ltr'><strong>qua:</strong></span> <span class='ocrx_word' id='word_1_207' title='bbox 1499 2909 1634 2964; x_wconf 87' lang='lat' dir='ltr'><strong>olim</strong></span> <span class='ocrx_word' id='word_1_208' title='bbox 1659 2907 1946 2978; x_wconf 83' lang='lat' dir='ltr'><strong>aliquando</strong></span> <span class='ocrx_word' id='word_1_209' title='bbox 1997 2909 2062 2963; x_wconf 87' lang='lat' dir='ltr'><strong>ad</strong></span> 
     </span>
    </p>
   </div>
   <div class='ocr_carea' id='block_1_32' title="bbox 496 2997 2060 3072">
    <p class='ocr_par' dir='ltr' id='par_1_32' title="bbox 496 2997 2060 3072">
     <span class='ocr_line' id='line_1_32' title="bbox 496 2997 2060 3072; baseline -0.004 -14"><span class='ocrx_word' id='word_1_210' title='bbox 496 3004 795 3060; x_wconf 75' lang='lat' dir='ltr'><strong>Romanum</strong></span> <span class='ocrx_word' id='word_1_211' title='bbox 850 3000 1135 3072; x_wconf 89' lang='lat' dir='ltr'><strong>imperium</strong></span> <span class='ocrx_word' id='word_1_212' title='bbox 1181 2999 1523 3066; x_wconf 87' lang='lat' dir='ltr'><strong>pertinuerit,</strong></span> <span class='ocrx_word' id='word_1_213' title='bbox 1557 2999 1814 3067; x_wconf 89' lang='lat' dir='ltr'><strong>polliceor</strong></span> <span class='ocrx_word' id='word_1_214' title='bbox 1861 3014 1947 3052; x_wconf 87' lang='lat' dir='ltr'><strong>me</strong></span> <span class='ocrx_word' id='word_1_215' title='bbox 1994 2997 2060 3051; x_wconf 88' lang='lat' dir='ltr'><strong>ad</strong></span> 
     </span>
    </p>
   </div>
   <div class='ocr_carea' id='block_1_33' title="bbox 499 3091 2060 3152">
    <p class='ocr_par' dir='ltr' id='par_1_33' title="bbox 499 3091 2060 3152">
     <span class='ocr_line' id='line_1_33' title="bbox 499 3091 2060 3152; baseline -0.004 -2"><span class='ocrx_word' id='word_1_216' title='bbox 499 3105 731 3152; x_wconf 88' lang='lat' dir='ltr'><strong>vestrum</strong></span> <span class='ocrx_word' id='word_1_217' title='bbox 764 3093 1046 3148; x_wconf 87' lang='lat' dir='ltr'><strong>arbitrium</strong></span> <span class='ocrx_word' id='word_1_218' title='bbox 1083 3091 1392 3146; x_wconf 83' lang='lat' dir='ltr'><strong>delaturum</strong></span> <span class='ocrx_word' id='word_1_219' title='bbox 1446 3091 1686 3146; x_wconf 58' lang='lat' dir='ltr'><strong>victoria;</strong></span> <span class='ocrx_word' id='word_1_220' title='bbox 1741 3091 1882 3144; x_wconf 87' lang='lat' dir='ltr'><strong>illius</strong></span> <span class='ocrx_word' id='word_1_221' title='bbox 1925 3105 2060 3144; x_wconf 73' lang='lat' dir='ltr'><strong>mea:</strong></span> 
     </span>
    </p>
   </div>
   <div class='ocr_carea' id='block_1_34' title="bbox 2167 631 3682 709">
    <p class='ocr_par' dir='ltr' id='par_1_34' title="bbox 2167 631 3682 709">
     <span class='ocr_line' id='line_1_34' title="bbox 2167 631 3682 709; baseline 0.007 -25"><span class='ocrx_word' id='word_1_222' title='bbox 2167 631 2408 701; x_wconf 82' lang='grc' dir='ltr'>κατέχει,</span> <span class='ocrx_word' id='word_1_223' title='bbox 2446 632 2590 686; x_wconf 81' lang='grc' dir='ltr'>κατά</span> <span class='ocrx_word' id='word_1_224' title='bbox 2619 648 2676 684; x_wconf 91' lang='grc' dir='ltr'><strong>τε</strong></span> <span class='ocrx_word' id='word_1_225' title='bbox 2706 632 2804 702; x_wconf 78' lang='grc' dir='ltr'>τὴν</span> <span class='ocrx_word' id='word_1_226' title='bbox 2832 632 3101 701; x_wconf 74' lang='grc' dir='ltr'>ἀνατολὴν</span> <span class='ocrx_word' id='word_1_227' title='bbox 3134 636 3228 684; x_wconf 71' lang='grc' dir='ltr'>καὶ</span> <span class='ocrx_word' id='word_1_228' title='bbox 3261 632 3360 702; x_wconf 76' lang='grc' dir='ltr'>τὴν</span> <span class='ocrx_word' id='word_1_229' title='bbox 3387 632 3543 700; x_wconf 78' lang='grc' dir='ltr'>δύσιν,</span> <span class='ocrx_word' id='word_1_230' title='bbox 3563 641 3682 709; x_wconf 66' lang='grc' dir='ltr'>ἐκτὸς</span> 
     </span>
    </p>
   </div>
   <div class='ocr_carea' id='block_1_35' title="bbox 2163 722 3680 803">
    <p class='ocr_par' dir='ltr' id='par_1_35' title="bbox 2163 722 3680 803">
     <span class='ocr_line' id='line_1_35' title="bbox 2163 722 3680 803; baseline 0.001 -27"><span class='ocrx_word' id='word_1_231' title='bbox 2163 723 2273 776; x_wconf 85' lang='grc' dir='ltr'><strong>τῶν</strong></span> <span class='ocrx_word' id='word_1_232' title='bbox 2314 723 2494 793; x_wconf 78' lang='grc' dir='ltr'>ῥητῶς</span> <span class='ocrx_word' id='word_1_233' title='bbox 2525 723 2914 792; x_wconf 82' lang='grc' dir='ltr'>δεδωρημένων</span> <span class='ocrx_word' id='word_1_234' title='bbox 2947 740 3039 792; x_wconf 85' lang='grc' dir='ltr'><strong>μοι</strong></span> <span class='ocrx_word' id='word_1_235' title='bbox 3088 722 3240 792; x_wconf 79' lang='grc' dir='ltr'>παρὰ</span> <span class='ocrx_word' id='word_1_236' title='bbox 3273 724 3366 775; x_wconf 74' lang='grc' dir='ltr'>τοῦ</span> <span class='ocrx_word' id='word_1_237' title='bbox 3395 730 3680 803; x_wconf 74' lang='grc' dir='ltr'>Θεοπροσλή.</span> 
     </span>
    </p>
   </div>
   <div class='ocr_carea' id='block_1_36' title="bbox 2163 814 3681 889">
    <p class='ocr_par' dir='ltr' id='par_1_36' title="bbox 2163 814 3681 889">
     <span class='ocr_line' id='line_1_36' title="bbox 2163 814 3681 889; baseline 0.003 -21"><span class='ocrx_word' id='word_1_238' title='bbox 2163 831 2258 868; x_wconf 83' lang='grc' dir='ltr'><strong>του</strong></span> <span class='ocrx_word' id='word_1_239' title='bbox 2293 817 2532 885; x_wconf 80' lang='grc' dir='ltr'><strong>κράτους</strong></span> <span class='ocrx_word' id='word_1_240' title='bbox 2565 815 2742 884; x_wconf 83' lang='grc' dir='ltr'>ὑμῶν,</span> <span class='ocrx_word' id='word_1_241' title='bbox 2789 814 2826 868; x_wconf 75' lang='grc' dir='ltr'>ἃ</span> <span class='ocrx_word' id='word_1_242' title='bbox 2872 816 2966 868; x_wconf 70' lang='grc' dir='ltr'>καὶ</span> <span class='ocrx_word' id='word_1_243' title='bbox 2994 817 3119 868; x_wconf 87' lang='grc' dir='ltr'>κατ’</span> <span class='ocrx_word' id='word_1_244' title='bbox 3155 815 3328 885; x_wconf 80' lang='grc' dir='ltr'>ὄνομα</span> <span class='ocrx_word' id='word_1_245' title='bbox 3359 815 3681 889; x_wconf 68' lang='grc' dir='ltr'>δηλωθῇσεςαι</span> 
     </span>
    </p>
   </div>
   <div class='ocr_carea' id='block_1_37' title="bbox 2137 905 3681 984">
    <p class='ocr_par' dir='ltr' id='par_1_37' title="bbox 2137 905 3681 984">
     <span class='ocr_line' id='line_1_37' title="bbox 2137 905 3681 984; baseline 0.004 -27"><span class='ocrx_word' id='word_1_246' title='bbox 2137 906 2221 957; x_wconf 73' lang='grc' dir='ltr'><strong>’ἐν</strong></span> <span class='ocrx_word' id='word_1_247' title='bbox 2256 906 2332 975; x_wconf 83' lang='grc' dir='ltr'>τῷ</span> <span class='ocrx_word' id='word_1_248' title='bbox 2359 905 2891 977; x_wconf 75' lang='grc' dir='ltr'>παρόντιέγγράφῳ.</span> <span class='ocrx_word' id='word_1_249' title='bbox 2945 906 3088 958; x_wconf 81' lang='grc' dir='ltr'>Ἀλλ’</span> <span class='ocrx_word' id='word_1_250' title='bbox 3119 907 3327 976; x_wconf 79' lang='grc' dir='ltr'><strong>ὁπόσην</strong></span> <span class='ocrx_word' id='word_1_251' title='bbox 3354 907 3418 960; x_wconf 76' lang='grc' dir='ltr'>ἂν</span> <span class='ocrx_word' id='word_1_252' title='bbox 3448 908 3681 984; x_wconf 72' lang='grc' dir='ltr'><strong>δυνηθείην</strong></span> 
     </span>
    </p>
   </div>
   <div class='ocr_carea' id='block_1_38' title="bbox 2164 996 3684 1068">
    <p class='ocr_par' dir='ltr' id='par_1_38' title="bbox 2164 996 3684 1068">
     <span class='ocr_line' id='line_1_38' title="bbox 2164 996 3684 1068; baseline 0.009 -21"><span class='ocrx_word' id='word_1_253' title='bbox 2164 996 2530 1067; x_wconf 65' lang='grc' dir='ltr'><strong>χειρώσασθαι</strong></span> <span class='ocrx_word' id='word_1_254' title='bbox 2552 997 2738 1068; x_wconf 84' lang='grc' dir='ltr'>χώραν</span> <span class='ocrx_word' id='word_1_255' title='bbox 2780 996 3046 1051; x_wconf 75' lang='grc' dir='ltr'>τελοῦσαν</span> <span class='ocrx_word' id='word_1_256' title='bbox 3068 1013 3201 1050; x_wconf 85' lang='grc' dir='ltr'>ποτε</span> <span class='ocrx_word' id='word_1_257' title='bbox 3225 999 3328 1050; x_wconf 58' lang='grc' dir='ltr'>ὑπ’,</span> <span class='ocrx_word' id='word_1_258' title='bbox 3346 997 3444 1066; x_wconf 78' lang='grc' dir='ltr'>τὴν</span> <span class='ocrx_word' id='word_1_259' title='bbox 3465 999 3684 1068; x_wconf 74' lang='grc' dir='ltr'>βασιλείαν</span> 
     </span>
    </p>
   </div>
   <div class='ocr_carea' id='block_1_39' title="bbox 2163 1087 3684 1165">
    <p class='ocr_par' dir='ltr' id='par_1_39' title="bbox 2163 1087 3684 1165">
     <span class='ocr_line' id='line_1_39' title="bbox 2163 1087 3684 1165; baseline -0.001 -26"><span class='ocrx_word' id='word_1_260' title='bbox 2163 1087 2367 1157; x_wconf 77' lang='grc' dir='ltr'>ταύτην</span> <span class='ocrx_word' id='word_1_261' title='bbox 2390 1090 2752 1157; x_wconf 78' lang='grc' dir='ltr'>ἀπωσάμενος</span> <span class='ocrx_word' id='word_1_262' title='bbox 2771 1089 2894 1152; x_wconf 75' lang='grc' dir='ltr'>τοὺς</span> <span class='ocrx_word' id='word_1_263' title='bbox 2915 1089 3014 1160; x_wconf 76' lang='grc' dir='ltr'><strong>τὴν</strong></span> <span class='ocrx_word' id='word_1_264' title='bbox 3034 1090 3220 1159; x_wconf 84' lang='grc' dir='ltr'>χώραν</span> <span class='ocrx_word' id='word_1_265' title='bbox 3241 1091 3460 1158; x_wconf 76' lang='grc' dir='ltr'>ἐκείνην</span> <span class='ocrx_word' id='word_1_266' title='bbox 3478 1097 3684 1165; x_wconf 72' lang='grc' dir='ltr'>κατέχον.</span> 
     </span>
    </p>
   </div>
   <div class='ocr_carea' id='block_1_40' title="bbox 2161 1178 3686 1257">
    <p class='ocr_par' dir='ltr' id='par_1_40' title="bbox 2161 1178 3686 1257">
     <span class='ocr_line' id='line_1_40' title="bbox 2161 1178 3686 1257; baseline 0.005 -27"><span class='ocrx_word' id='word_1_267' title='bbox 2161 1193 2261 1238; x_wconf 77' lang='grc' dir='ltr'><strong>τας</strong></span> <span class='ocrx_word' id='word_1_268' title='bbox 2281 1179 2358 1239; x_wconf 85' lang='grc' dir='ltr'><strong>είς</strong></span> <span class='ocrx_word' id='word_1_269' title='bbox 2377 1180 2475 1245; x_wconf 82' lang='grc' dir='ltr'>τὴν</span> <span class='ocrx_word' id='word_1_270' title='bbox 2497 1178 2723 1247; x_wconf 96' lang='grc' dir='ltr'>γνώμην</span> <span class='ocrx_word' id='word_1_271' title='bbox 2746 1178 2844 1249; x_wconf 84' lang='grc' dir='ltr'>τὴν</span> <span class='ocrx_word' id='word_1_272' title='bbox 2867 1179 3139 1250; x_wconf 83' lang='grc' dir='ltr'><strong>ὑμετέραν</strong></span> <span class='ocrx_word' id='word_1_273' title='bbox 3164 1182 3403 1250; x_wconf 79' lang='grc' dir='ltr'>ἀναρτᾷν</span> <span class='ocrx_word' id='word_1_274' title='bbox 3427 1182 3599 1248; x_wconf 71' lang='grc' dir='ltr'>ὀφείλω</span> <span class='ocrx_word' id='word_1_275' title='bbox 3614 1188 3686 1257; x_wconf 61' lang='grc' dir='ltr'>τὴν</span> 
     </span>
    </p>
   </div>
   <div class='ocr_carea' id='block_1_41' title="bbox 2166 1270 3683 1340">
    <p class='ocr_par' dir='ltr' id='par_1_41' title="bbox 2166 1270 3683 1340">
     <span class='ocr_line' id='line_1_41' title="bbox 2166 1270 3683 1340; baseline 0.005 -18"><span class='ocrx_word' id='word_1_276' title='bbox 2166 1272 2299 1339; x_wconf 75' lang='grc' dir='ltr'>περὶ</span> <span class='ocrx_word' id='word_1_277' title='bbox 2343 1271 2550 1340; x_wconf 81' lang='grc' dir='ltr'>ταύτης</span> <span class='ocrx_word' id='word_1_278' title='bbox 2601 1270 2938 1340; x_wconf 69' lang='grc' dir='ltr'><strong>οἰκονομίαν·</strong></span> <span class='ocrx_word' id='word_1_279' title='bbox 2987 1272 3160 1325; x_wconf 84' lang='grc' dir='ltr'>καὶεί</span> <span class='ocrx_word' id='word_1_280' title='bbox 3216 1273 3317 1340; x_wconf 80' lang='grc' dir='ltr'>μὲν</span> <span class='ocrx_word' id='word_1_281' title='bbox 3345 1272 3446 1340; x_wconf 76' lang='grc' dir='ltr'><strong>ἐμὲ</strong></span> <span class='ocrx_word' id='word_1_282' title='bbox 3474 1272 3683 1340; x_wconf 72' lang='grc' dir='ltr'>βούλεσθε</span> 
     </span>
    </p>
   </div>
   <div class='ocr_carea' id='block_1_42' title="bbox 2164 1361 3686 1437">
    <p class='ocr_par' dir='ltr' id='par_1_42' title="bbox 2164 1361 3686 1437">
     <span class='ocr_line' id='line_1_42' title="bbox 2164 1361 3686 1437; baseline -0.002 -23"><span class='ocrx_word' id='word_1_283' title='bbox 2164 1361 2544 1430; x_wconf 68' lang='grc' dir='ltr'><strong>ἐπιτροπεύειν</strong></span> <span class='ocrx_word' id='word_1_284' title='bbox 2590 1361 2692 1431; x_wconf 82' lang='grc' dir='ltr'>τῆς</span> <span class='ocrx_word' id='word_1_285' title='bbox 2741 1361 3126 1432; x_wconf 82' lang='grc' dir='ltr'>κυριευθείσης</span> <span class='ocrx_word' id='word_1_286' title='bbox 3171 1363 3357 1432; x_wconf 88' lang='grc' dir='ltr'>χώρας</span> <span class='ocrx_word' id='word_1_287' title='bbox 3396 1365 3471 1426; x_wconf 82' lang='grc' dir='ltr'>ὼς</span> <span class='ocrx_word' id='word_1_288' title='bbox 3519 1366 3686 1437; x_wconf 63' lang='lat' dir='ltr'><strong>avlle.</strong></span> 
     </span>
    </p>
   </div>
   <div class='ocr_carea' id='block_1_43' title="bbox 2165 1449 3686 1519">
    <p class='ocr_par' dir='ltr' id='par_1_43' title="bbox 2165 1449 3686 1519">
     <span class='ocr_line' id='line_1_43' title="bbox 2165 1449 3686 1519; baseline 0.004 -15"><span class='ocrx_word' id='word_1_289' title='bbox 2165 1468 2266 1504; x_wconf 90' lang='grc' dir='ltr'><strong>πον</strong></span> <span class='ocrx_word' id='word_1_290' title='bbox 2311 1451 2577 1519; x_wconf 73' lang='grc' dir='ltr'>ὑμέτερον</span> <span class='ocrx_word' id='word_1_291' title='bbox 2617 1449 2788 1514; x_wconf 73' lang='grc' dir='ltr'>λίζιον</span> <span class='ocrx_word' id='word_1_292' title='bbox 2815 1452 2909 1504; x_wconf 77' lang='grc' dir='ltr'>καὶ</span> <span class='ocrx_word' id='word_1_293' title='bbox 2936 1451 3124 1504; x_wconf 82' lang='grc' dir='ltr'>δοῦλον</span> <span class='ocrx_word' id='word_1_294' title='bbox 3150 1453 3342 1505; x_wconf 78' lang='grc' dir='ltr'>πιστὸν</span> <span class='ocrx_word' id='word_1_295' title='bbox 3365 1453 3513 1504; x_wconf 72' lang='grc' dir='ltr'>ἔσται</span> <span class='ocrx_word' id='word_1_296' title='bbox 3546 1457 3686 1512; x_wconf 83' lang='grc' dir='ltr'>τοῦτο.</span> 
     </span>
    </p>
   </div>
   <div class='ocr_carea' id='block_1_44' title="bbox 2163 1536 3686 1614">
    <p class='ocr_par' dir='ltr' id='par_1_44' title="bbox 2163 1536 3686 1614">
     <span class='ocr_line' id='line_1_44' title="bbox 2163 1536 3686 1614; baseline 0.004 -19"><span class='ocrx_word' id='word_1_297' title='bbox 2163 1543 2227 1595; x_wconf 80' lang='lat' dir='ltr'><strong>El</strong></span> <span class='ocrx_word' id='word_1_298' title='bbox 2259 1542 2302 1596; x_wconf 82' lang='grc' dir='ltr'>δ’</span> <span class='ocrx_word' id='word_1_299' title='bbox 2333 1539 2450 1607; x_wconf 80' lang='grc' dir='ltr'>οὑν,</span> <span class='ocrx_word' id='word_1_300' title='bbox 2475 1541 2614 1595; x_wconf 78' lang='grc' dir='ltr'>ἀλλὰ</span> <span class='ocrx_word' id='word_1_301' title='bbox 2646 1542 2947 1613; x_wconf 72' lang='grc' dir='ltr'>παραδοίην</span> <span class='ocrx_word' id='word_1_302' title='bbox 2980 1543 3046 1597; x_wconf 76' lang='grc' dir='ltr'>ἂν</span> <span class='ocrx_word' id='word_1_303' title='bbox 3069 1536 3116 1610; x_wconf 82' lang='grc' dir='ltr'>ᾧ</span> <span class='ocrx_word' id='word_1_304' title='bbox 3137 1542 3202 1596; x_wconf 81' lang='grc' dir='ltr'>ἂν</span> <span class='ocrx_word' id='word_1_305' title='bbox 3233 1543 3393 1612; x_wconf 71' lang='grc' dir='ltr'>ἀνδρὶ</span> <span class='ocrx_word' id='word_1_306' title='bbox 3429 1545 3462 1613; x_wconf 75' lang='grc' dir='ltr'>ἡ</span> <span class='ocrx_word' id='word_1_307' title='bbox 3489 1545 3686 1614; x_wconf 76' lang='grc' dir='ltr'>βασιλεία</span> 
     </span>
    </p>
   </div>
   <div class='ocr_carea' id='block_1_45' title="bbox 2163 1632 3690 1704">
    <p class='ocr_par' dir='ltr' id='par_1_45' title="bbox 2163 1632 3690 1704">
     <span class='ocr_line' id='line_1_45' title="bbox 2163 1632 3690 1704; baseline 0.003 -19"><span class='ocrx_word' id='word_1_308' title='bbox 2163 1632 2316 1701; x_wconf 83' lang='grc' dir='ltr'>ὑμῶν</span> <span class='ocrx_word' id='word_1_309' title='bbox 2357 1632 2642 1703; x_wconf 78' lang='grc' dir='ltr'><strong>βουληθείη</strong></span> <span class='ocrx_word' id='word_1_310' title='bbox 2665 1673 2680 1697; x_wconf 89' lang='grc'><strong>,</strong></span> <span class='ocrx_word' id='word_1_311' title='bbox 2721 1634 2795 1704; x_wconf 81' lang='grc' dir='ltr'>μὴ</span> <span class='ocrx_word' id='word_1_312' title='bbox 2828 1633 3184 1703; x_wconf 72' lang='grc' dir='ltr'>ἀμφιδάλλων</span> <span class='ocrx_word' id='word_1_313' title='bbox 3218 1635 3361 1688; x_wconf 85' lang='grc' dir='ltr'>κατά</span> <span class='ocrx_word' id='word_1_314' title='bbox 3395 1652 3451 1686; x_wconf 88' lang='grc' dir='ltr'><strong>τι</strong></span> <span class='ocrx_word' id='word_1_315' title='bbox 3485 1637 3540 1688; x_wconf 81' lang='grc' dir='ltr'><strong>τὸ</strong></span> <span class='ocrx_word' id='word_1_316' title='bbox 3593 1639 3690 1690; x_wconf 57' lang='grc' dir='ltr'>σύν.</span> 
     </span>
    </p>
   </div>
   <div class='ocr_carea' id='block_1_46' title="bbox 2135 1723 3690 1797">
    <p class='ocr_par' dir='ltr' id='par_1_46' title="bbox 2135 1723 3690 1797">
     <span class='ocr_line' id='line_1_46' title="bbox 2135 1723 3690 1797; baseline 0.003 -20"><span class='ocrx_word' id='word_1_317' title='bbox 2135 1761 2139 1764; x_wconf 91' lang='grc'><strong>-</strong></span> <span class='ocrx_word' id='word_1_318' title='bbox 2167 1725 2310 1778; x_wconf 84' lang='grc' dir='ltr'>ολον.</span> <span class='ocrx_word' id='word_1_319' title='bbox 2340 1723 2540 1794; x_wconf 83' lang='grc' dir='ltr'>Χώραν</span> <span class='ocrx_word' id='word_1_320' title='bbox 2566 1724 2622 1776; x_wconf 82' lang='grc' dir='ltr'>δὲ</span> <span class='ocrx_word' id='word_1_321' title='bbox 2645 1725 2705 1778; x_wconf 85' lang='grc' dir='ltr'><strong>οὑ</strong></span> <span class='ocrx_word' id='word_1_322' title='bbox 2734 1725 2956 1794; x_wconf 80' lang='grc' dir='ltr'>δέξομαι</span> <span class='ocrx_word' id='word_1_323' title='bbox 2979 1725 3070 1792; x_wconf 82' lang='grc' dir='ltr'>ὑφ’</span> <span class='ocrx_word' id='word_1_324' title='bbox 3102 1725 3288 1795; x_wconf 78' lang='grc' dir='ltr'>ἑτέρου</span> <span class='ocrx_word' id='word_1_325' title='bbox 3319 1727 3469 1787; x_wconf 82' lang='grc' dir='ltr'>τινὸς</span> <span class='ocrx_word' id='word_1_326' title='bbox 3497 1728 3690 1797; x_wconf 78' lang='grc' dir='ltr'>προδιδο-</span> 
     </span>
    </p>
   </div>
   <div class='ocr_carea' id='block_1_47' title="bbox 2170 1815 3693 1886">
    <p class='ocr_par' dir='ltr' id='par_1_47' title="bbox 2170 1815 3693 1886">
     <span class='ocr_line' id='line_1_47' title="bbox 2170 1815 3693 1886; baseline 0.003 -18"><span class='ocrx_word' id='word_1_327' title='bbox 2170 1815 2339 1884; x_wconf 78' lang='grc' dir='ltr'>μένην</span> <span class='ocrx_word' id='word_1_328' title='bbox 2369 1816 2517 1883; x_wconf 67' lang='grc' dir='ltr'>ἐμοὶ,</span> <span class='ocrx_word' id='word_1_329' title='bbox 2540 1816 2572 1884; x_wconf 81' lang='grc' dir='ltr'><strong>ἢ</strong></span> <span class='ocrx_word' id='word_1_330' title='bbox 2605 1815 2758 1868; x_wconf 78' lang='grc' dir='ltr'>πόλιν</span> <span class='ocrx_word' id='word_1_331' title='bbox 2788 1816 2913 1868; x_wconf 76' lang='grc' dir='ltr'>τινὰ</span> <span class='ocrx_word' id='word_1_332' title='bbox 2943 1815 3292 1886; x_wconf 78' lang='grc' dir='ltr'>ἢπολίχνιον,</span> <span class='ocrx_word' id='word_1_333' title='bbox 3317 1816 3466 1885; x_wconf 76' lang='grc' dir='ltr'>ἅπερ</span> <span class='ocrx_word' id='word_1_334' title='bbox 3487 1820 3596 1870; x_wconf 74' lang='grc' dir='ltr'>ποτὲ</span> <span class='ocrx_word' id='word_1_335' title='bbox 3616 1821 3693 1872; x_wconf 72' lang='grc' dir='ltr'><strong>ὑπὸ</strong></span> 
     </span>
    </p>
   </div>
   <div class='ocr_carea' id='block_1_48' title="bbox 2161 1906 3690 1977">
    <p class='ocr_par' dir='ltr' id='par_1_48' title="bbox 2161 1906 3690 1977">
     <span class='ocr_line' id='line_1_48' title="bbox 2161 1906 3690 1977; baseline 0.003 -19"><span class='ocrx_word' id='word_1_336' title='bbox 2161 1908 2257 1976; x_wconf 79' lang='grc' dir='ltr'><strong>τὴν</strong></span> <span class='ocrx_word' id='word_1_337' title='bbox 2289 1909 2388 1977; x_wconf 75' lang='grc' dir='ltr'>τῆς</span> <span class='ocrx_word' id='word_1_338' title='bbox 2428 1906 2704 1976; x_wconf 77' lang='grc' dir='ltr'>βασιλείας</span> <span class='ocrx_word' id='word_1_339' title='bbox 2731 1907 2979 1971; x_wconf 73' lang='grc' dir='ltr'><strong>ἐξουσίαν</strong></span> <span class='ocrx_word' id='word_1_340' title='bbox 3011 1907 3332 1977; x_wconf 78' lang='grc' dir='ltr'>ἐτύγχανον,</span> <span class='ocrx_word' id='word_1_341' title='bbox 3367 1913 3448 1970; x_wconf 82' lang='grc' dir='ltr'>ὡς</span> <span class='ocrx_word' id='word_1_342' title='bbox 3473 1911 3581 1976; x_wconf 68' lang='grc' dir='ltr'>ἐμοὶ</span> <span class='ocrx_word' id='word_1_343' title='bbox 3598 1911 3690 1963; x_wconf 85' lang='grc' dir='ltr'>δια-</span> 
     </span>
    </p>
   </div>
   <div class='ocr_carea' id='block_1_49' title="bbox 2163 1997 3695 2069">
    <p class='ocr_par' dir='ltr' id='par_1_49' title="bbox 2163 1997 3695 2069">
     <span class='ocr_line' id='line_1_49' title="bbox 2163 1997 3695 2069; baseline 0.004 -21"><span class='ocrx_word' id='word_1_344' title='bbox 2163 1997 2418 2067; x_wconf 76' lang='grc' dir='ltr'>φέροντα.</span> <span class='ocrx_word' id='word_1_345' title='bbox 2459 1997 2596 2050; x_wconf 79' lang='grc' dir='ltr'>ἀλλὰ</span> <span class='ocrx_word' id='word_1_346' title='bbox 2634 1998 2732 2051; x_wconf 76' lang='grc' dir='ltr'>καὶ</span> <span class='ocrx_word' id='word_1_347' title='bbox 2770 2000 2838 2051; x_wconf 66' lang='grc' dir='ltr'><strong>τὰ</strong></span> <span class='ocrx_word' id='word_1_348' title='bbox 2888 2000 3178 2069; x_wconf 70' lang='grc' dir='ltr'>πολιορκίᾳ</span> <span class='ocrx_word' id='word_1_349' title='bbox 3217 2000 3578 2068; x_wconf 76' lang='grc' dir='ltr'>κρατούμενα,</span> <span class='ocrx_word' id='word_1_350' title='bbox 3623 2003 3695 2054; x_wconf 78' lang='grc' dir='ltr'>καὶ</span> 
     </span>
    </p>
   </div>
   <div class='ocr_carea' id='block_1_50' title="bbox 2162 2085 3695 2160">
    <p class='ocr_par' dir='ltr' id='par_1_50' title="bbox 2162 2085 3695 2160">
     <span class='ocr_line' id='line_1_50' title="bbox 2162 2085 3695 2160; baseline 0 -18"><span class='ocrx_word' id='word_1_351' title='bbox 2162 2090 2230 2142; x_wconf 80' lang='grc' dir='ltr'>τὰ</span> <span class='ocrx_word' id='word_1_352' title='bbox 2262 2091 2388 2144; x_wconf 77' lang='grc' dir='ltr'>ἄνευ</span> <span class='ocrx_word' id='word_1_353' title='bbox 2418 2089 2730 2160; x_wconf 75' lang='grc' dir='ltr'>πολιορκίας</span> <span class='ocrx_word' id='word_1_354' title='bbox 2761 2089 3002 2160; x_wconf 80' lang='grc' dir='ltr'>ὑμέτερα</span> <span class='ocrx_word' id='word_1_355' title='bbox 3034 2090 3078 2141; x_wconf 81' lang='grc' dir='ltr'>δ’</span> <span class='ocrx_word' id='word_1_356' title='bbox 3111 2085 3251 2159; x_wconf 79' lang='grc' dir='ltr'>ἦσαν</span> <span class='ocrx_word' id='word_1_357' title='bbox 3282 2090 3378 2142; x_wconf 77' lang='grc' dir='ltr'>καὶ</span> <span class='ocrx_word' id='word_1_358' title='bbox 3416 2089 3563 2140; x_wconf 77' lang='grc' dir='ltr'>πάλιν</span> <span class='ocrx_word' id='word_1_359' title='bbox 3591 2089 3695 2157; x_wconf 74' lang='grc' dir='ltr'>ὑμέ-</span> 
     </span>
    </p>
   </div>
   <div class='ocr_carea' id='block_1_51' title="bbox 2163 2179 3698 2253">
    <p class='ocr_par' dir='ltr' id='par_1_51' title="bbox 2163 2179 3698 2253">
     <span class='ocr_line' id='line_1_51' title="bbox 2163 2179 3698 2253; baseline 0 -19"><span class='ocrx_word' id='word_1_360' title='bbox 2163 2199 2297 2253; x_wconf 82' lang='grc' dir='ltr'>τερα</span> <span class='ocrx_word' id='word_1_361' title='bbox 2320 2181 2537 2236; x_wconf 79' lang='grc' dir='ltr'>ἔσονται</span> <span class='ocrx_word' id='word_1_362' title='bbox 2558 2199 2572 2212; x_wconf 71' lang='grc'><strong>⁸</strong></span> <span class='ocrx_word' id='word_1_363' title='bbox 2599 2182 2720 2252; x_wconf 82' lang='grc' dir='ltr'>μηδ’</span> <span class='ocrx_word' id='word_1_364' title='bbox 2743 2183 2886 2245; x_wconf 82' lang='grc' dir='ltr'>ὅπως</span> <span class='ocrx_word' id='word_1_365' title='bbox 2912 2200 2960 2234; x_wconf 86' lang='grc' dir='ltr'><strong>τι</strong></span> <span class='ocrx_word' id='word_1_366' title='bbox 2984 2179 3076 2236; x_wconf 77' lang='grc' dir='ltr'>οὖν</span> <span class='ocrx_word' id='word_1_367' title='bbox 3097 2182 3594 2252; x_wconf 69' lang='grc' dir='ltr'>δικαιολογουμένου</span> <span class='ocrx_word' id='word_1_368' title='bbox 3620 2198 3698 2250; x_wconf 82' lang='grc' dir='ltr'><strong>μου</strong></span> 
     </span>
    </p>
   </div>
   <div class='ocr_carea' id='block_1_52' title="bbox 2165 2271 3700 2343">
    <p class='ocr_par' dir='ltr' id='par_1_52' title="bbox 2165 2271 3700 2343">
     <span class='ocr_line' id='line_1_52' title="bbox 2165 2271 3700 2343; baseline -0.001 -19"><span class='ocrx_word' id='word_1_369' title='bbox 2165 2274 2294 2343; x_wconf 85' lang='grc' dir='ltr'><strong>περί</strong></span> <span class='ocrx_word' id='word_1_370' title='bbox 2328 2272 2559 2326; x_wconf 81' lang='grc' dir='ltr'>τούτων.</span> <span class='ocrx_word' id='word_1_371' title='bbox 2609 2272 2748 2324; x_wconf 82' lang='grc' dir='ltr'>Ἀλλ’</span> <span class='ocrx_word' id='word_1_372' title='bbox 2778 2273 2898 2324; x_wconf 85' lang='grc' dir='ltr'>οὑδὲ</span> <span class='ocrx_word' id='word_1_373' title='bbox 2939 2273 3100 2339; x_wconf 81' lang='grc' dir='ltr'>ὅρκον</span> <span class='ocrx_word' id='word_1_374' title='bbox 3146 2271 3373 2340; x_wconf 78' lang='grc' dir='ltr'>δέξομαι</span> <span class='ocrx_word' id='word_1_375' title='bbox 3416 2274 3558 2341; x_wconf 67' lang='grc' dir='ltr'>παρὰ</span> <span class='ocrx_word' id='word_1_376' title='bbox 3587 2289 3700 2333; x_wconf 75' lang='grc' dir='ltr'>τινος</span> 
     </span>
    </p>
   </div>
   <div class='ocr_carea' id='block_1_53' title="bbox 2163 2363 3703 2434">
    <p class='ocr_par' dir='ltr' id='par_1_53' title="bbox 2163 2363 3703 2434">
     <span class='ocr_line' id='line_1_53' title="bbox 2163 2363 3703 2434; baseline -0.001 -18"><span class='ocrx_word' id='word_1_377' title='bbox 2163 2363 2515 2433; x_wconf 69' lang='grc' dir='ltr'>Χριστιανοῦ,</span> <span class='ocrx_word' id='word_1_378' title='bbox 2544 2363 2576 2432; x_wconf 79' lang='grc' dir='ltr'>ἢ</span> <span class='ocrx_word' id='word_1_379' title='bbox 2603 2363 2762 2416; x_wconf 83' lang='grc' dir='ltr'>δώσω</span> <span class='ocrx_word' id='word_1_380' title='bbox 2794 2364 2926 2433; x_wconf 80' lang='grc' dir='ltr'>πρὸς</span> <span class='ocrx_word' id='word_1_381' title='bbox 2949 2365 3034 2414; x_wconf 68' lang='grc' dir='ltr'><strong>ἔτι</strong></span> <span class='ocrx_word' id='word_1_382' title='bbox 3047 2380 3158 2430; x_wconf 88' lang='grc' dir='ltr'>ρον,</span> <span class='ocrx_word' id='word_1_383' title='bbox 3186 2364 3219 2434; x_wconf 77' lang='grc' dir='ltr'>ἢ</span> <span class='ocrx_word' id='word_1_384' title='bbox 3248 2364 3565 2433; x_wconf 78' lang='grc' dir='ltr'>συμφωνίαν</span> <span class='ocrx_word' id='word_1_385' title='bbox 3589 2366 3703 2432; x_wconf 58' lang='lat' dir='ltr'><strong>lim-</strong></span> 
     </span>
    </p>
   </div>
   <div class='ocr_carea' id='block_1_54' title="bbox 2164 2453 3704 2525">
    <p class='ocr_par' dir='ltr' id='par_1_54' title="bbox 2164 2453 3704 2525">
     <span class='ocr_line' id='line_1_54' title="bbox 2164 2453 3704 2525; baseline -0.003 -18"><span class='ocrx_word' id='word_1_386' title='bbox 2164 2453 2323 2508; x_wconf 83' lang='grc' dir='ltr'>ναοῦν</span> <span class='ocrx_word' id='word_1_387' title='bbox 2359 2456 2493 2524; x_wconf 75' lang='grc' dir='ltr'>πρὸς</span> <span class='ocrx_word' id='word_1_388' title='bbox 2527 2454 2730 2525; x_wconf 73' lang='grc' dir='ltr'>βλάϐην</span> <span class='ocrx_word' id='word_1_389' title='bbox 2754 2455 3025 2524; x_wconf 80' lang='grc' dir='ltr'>ὑμετέραν</span> <span class='ocrx_word' id='word_1_390' title='bbox 3049 2454 3286 2524; x_wconf 78' lang='grc' dir='ltr'>ὁρῶσαν,</span> <span class='ocrx_word' id='word_1_391' title='bbox 3383 2453 3518 2523; x_wconf 78' lang='grc' dir='ltr'>πρὸς</span> <span class='ocrx_word' id='word_1_392' title='bbox 3541 2453 3704 2521; x_wconf 72' lang='grc' dir='ltr'>ζημίαν</span> 
     </span>
    </p>
   </div>
   <div class='ocr_carea' id='block_1_55' title="bbox 2166 2543 3704 2616">
    <p class='ocr_par' dir='ltr' id='par_1_55' title="bbox 2166 2543 3704 2616">
     <span class='ocr_line' id='line_1_55' title="bbox 2166 2543 3704 2616; baseline -0.003 -18"><span class='ocrx_word' id='word_1_393' title='bbox 2166 2546 2259 2598; x_wconf 73' lang='grc' dir='ltr'>καὶ</span> <span class='ocrx_word' id='word_1_394' title='bbox 2312 2546 2464 2613; x_wconf 79' lang='grc' dir='ltr'>ὑμῶν</span> <span class='ocrx_word' id='word_1_395' title='bbox 2523 2546 2738 2613; x_wconf 75' lang='grc' dir='ltr'>καὶτῆς</span> <span class='ocrx_word' id='word_1_396' title='bbox 2783 2545 3059 2616; x_wconf 83' lang='grc' dir='ltr'>βασιλείας</span> <span class='ocrx_word' id='word_1_397' title='bbox 3109 2547 3208 2615; x_wconf 78' lang='grc' dir='ltr'>τῆς</span> <span class='ocrx_word' id='word_1_398' title='bbox 3253 2545 3548 2613; x_wconf 80' lang='grc' dir='ltr'><strong>ὑμετέρας.</strong></span> <span class='ocrx_word' id='word_1_399' title='bbox 3595 2543 3704 2596; x_wconf 67' lang='grc' dir='ltr'>Ἀλλ’</span> 
     </span>
    </p>
   </div>
   <div class='ocr_carea' id='block_1_56' title="bbox 2163 2635 3706 2706">
    <p class='ocr_par' dir='ltr' id='par_1_56' title="bbox 2163 2635 3706 2706">
     <span class='ocr_line' id='line_1_56' title="bbox 2163 2635 3706 2706; baseline -0.003 -17"><span class='ocrx_word' id='word_1_400' title='bbox 2163 2636 2285 2689; x_wconf 74' lang='grc' dir='ltr'>οὑδὲ</span> <span class='ocrx_word' id='word_1_401' title='bbox 2319 2635 2606 2706; x_wconf 84' lang='grc' dir='ltr'>ἄνθρωπος</span> <span class='ocrx_word' id='word_1_402' title='bbox 2648 2636 2838 2705; x_wconf 81' lang='grc' dir='ltr'>ἑτέρου</span> <span class='ocrx_word' id='word_1_403' title='bbox 2883 2638 3203 2706; x_wconf 72' lang='grc' dir='ltr'>γενήσομαι,</span> <span class='ocrx_word' id='word_1_404' title='bbox 3241 2636 3274 2706; x_wconf 78' lang='grc' dir='ltr'>ἢ</span> <span class='ocrx_word' id='word_1_405' title='bbox 3331 2637 3522 2704; x_wconf 75' lang='grc' dir='ltr'>ἑτέρας</span> <span class='ocrx_word' id='word_1_406' title='bbox 3565 2636 3706 2702; x_wconf 74' lang='grc' dir='ltr'>ἀρχῆς</span> 
     </span>
    </p>
   </div>
   <div class='ocr_carea' id='block_1_57' title="bbox 2167 2725 3706 2797">
    <p class='ocr_par' dir='ltr' id='par_1_57' title="bbox 2167 2725 3706 2797">
     <span class='ocr_line' id='line_1_57' title="bbox 2167 2725 3706 2797; baseline -0.001 -19"><span class='ocrx_word' id='word_1_407' title='bbox 2167 2725 2433 2797; x_wconf 75' lang='grc' dir='ltr'>μείζονος,</span> <span class='ocrx_word' id='word_1_408' title='bbox 2468 2726 2830 2796; x_wconf 72' lang='grc' dir='ltr'>ἢὲλάστονος,</span> <span class='ocrx_word' id='word_1_409' title='bbox 2873 2728 3000 2780; x_wconf 79' lang='grc' dir='ltr'>ἄνευ</span> <span class='ocrx_word' id='word_1_410' title='bbox 3041 2727 3131 2780; x_wconf 83' lang='grc' dir='ltr'>τοῦ</span> <span class='ocrx_word' id='word_1_411' title='bbox 3163 2728 3398 2796; x_wconf 77' lang='grc' dir='ltr'>κράτους</span> <span class='ocrx_word' id='word_1_412' title='bbox 3429 2727 3520 2779; x_wconf 74' lang='grc' dir='ltr'>τοῦ</span> <span class='ocrx_word' id='word_1_413' title='bbox 3546 2727 3706 2795; x_wconf 73' lang='grc' dir='ltr'>ὑμετε-</span> 
     </span>
    </p>
   </div>
   <div class='ocr_carea' id='block_1_58' title="bbox 2167 2813 3710 2890">
    <p class='ocr_par' dir='ltr' id='par_1_58' title="bbox 2167 2813 3710 2890">
     <span class='ocr_line' id='line_1_58' title="bbox 2167 2813 3710 2890; baseline -0.003 -20"><span class='ocrx_word' id='word_1_414' title='bbox 2167 2835 2282 2888; x_wconf 86' lang='grc' dir='ltr'>ρου,</span> <span class='ocrx_word' id='word_1_415' title='bbox 2332 2817 2468 2870; x_wconf 71' lang='grc' dir='ltr'>ἀλλὰ</span> <span class='ocrx_word' id='word_1_416' title='bbox 2513 2818 2609 2886; x_wconf 85' lang='grc' dir='ltr'><strong>μία</strong></span> <span class='ocrx_word' id='word_1_417' title='bbox 2653 2818 2909 2888; x_wconf 84' lang='grc' dir='ltr'>κυριότης</span> <span class='ocrx_word' id='word_1_418' title='bbox 2958 2819 3078 2886; x_wconf 75' lang='grc' dir='ltr'>ἐμοὶ</span> <span class='ocrx_word' id='word_1_419' title='bbox 3204 2817 3567 2886; x_wconf 73' lang='grc' dir='ltr'>ὑτισχνοῦμαι</span> <span class='ocrx_word' id='word_1_420' title='bbox 3617 2817 3710 2867; x_wconf 68' lang='grc' dir='ltr'>διυ-</span> 
     </span>
    </p>
   </div>
   <div class='ocr_carea' id='block_1_59' title="bbox 2165 2907 3712 2978">
    <p class='ocr_par' dir='ltr' id='par_1_59' title="bbox 2165 2907 3712 2978">
     <span class='ocr_line' id='line_1_59' title="bbox 2165 2907 3712 2978; baseline -0.001 -18"><span class='ocrx_word' id='word_1_421' title='bbox 2165 2909 2363 2973; x_wconf 81' lang='grc' dir='ltr'>λεύειν,</span> <span class='ocrx_word' id='word_1_422' title='bbox 2402 2911 2434 2978; x_wconf 80' lang='grc' dir='ltr'>ἡ</span> <span class='ocrx_word' id='word_1_423' title='bbox 2489 2907 2732 2978; x_wconf 87' lang='grc' dir='ltr'>βασιλεία</span> <span class='ocrx_word' id='word_1_424' title='bbox 2778 2909 2872 2962; x_wconf 82' lang='grc' dir='ltr'>σοῦ</span> <span class='ocrx_word' id='word_1_425' title='bbox 2910 2927 2968 2961; x_wconf 89' lang='grc' dir='ltr'><strong>τε</strong></span> <span class='ocrx_word' id='word_1_426' title='bbox 3005 2911 3098 2961; x_wconf 75' lang='grc' dir='ltr'>καὶ</span> <span class='ocrx_word' id='word_1_427' title='bbox 3138 2909 3232 2962; x_wconf 76' lang='grc' dir='ltr'>τοῦ</span> <span class='ocrx_word' id='word_1_428' title='bbox 3269 2910 3588 2978; x_wconf 74' lang='grc' dir='ltr'>τριποθῄτου</span> <span class='ocrx_word' id='word_1_429' title='bbox 3615 2909 3712 2959; x_wconf 73' lang='grc' dir='ltr'><strong>’.ιῖοῦ</strong></span> 
     </span>
    </p>
   </div>
   <div class='ocr_carea' id='block_1_60' title="bbox 2166 3000 3712 3072">
    <p class='ocr_par' dir='ltr' id='par_1_60' title="bbox 2166 3000 3712 3072">
     <span class='ocr_line' id='line_1_60' title="bbox 2166 3000 3712 3072; baseline -0.001 -19"><span class='ocrx_word' id='word_1_430' title='bbox 2166 3017 2281 3053; x_wconf 84' lang='grc' dir='ltr'>σου.</span> <span class='ocrx_word' id='word_1_431' title='bbox 2315 3001 2449 3062; x_wconf 66' lang='grc' dir='ltr'>Τοὺς</span> <span class='ocrx_word' id='word_1_432' title='bbox 2481 3000 2535 3052; x_wconf 81' lang='grc' dir='ltr'>δὲ</span> <span class='ocrx_word' id='word_1_433' title='bbox 2569 3002 3038 3070; x_wconf 69' lang='grc' dir='ltr'>προσερχομένους</span> <span class='ocrx_word' id='word_1_434' title='bbox 3060 3018 3150 3071; x_wconf 88' lang='grc' dir='ltr'><strong>μοι</strong></span> <span class='ocrx_word' id='word_1_435' title='bbox 3174 3001 3498 3072; x_wconf 70' lang='grc' dir='ltr'>ἀνθρώπους</span> <span class='ocrx_word' id='word_1_436' title='bbox 3529 3003 3613 3069; x_wconf 71' lang='grc' dir='ltr'>τῆς</span> <span class='ocrx_word' id='word_1_437' title='bbox 3637 3002 3712 3068; x_wconf 83' lang='grc' dir='ltr'>βα-</span> 
     </span>
    </p>
   </div>
   <div class='ocr_carea' id='block_1_61' title="bbox 2167 3091 3714 3162">
    <p class='ocr_par' dir='ltr' id='par_1_61' title="bbox 2167 3091 3714 3162">
     <span class='ocr_line' id='line_1_61' title="bbox 2167 3091 3714 3162; baseline -0.002 -17"><span class='ocrx_word' id='word_1_438' title='bbox 2167 3093 2369 3154; x_wconf 84' lang='grc' dir='ltr'>σιλείας</span> <span class='ocrx_word' id='word_1_439' title='bbox 2399 3109 2491 3144; x_wconf 85' lang='grc' dir='ltr'><strong>σου</strong></span> <span class='ocrx_word' id='word_1_440' title='bbox 2510 3093 2582 3154; x_wconf 76' lang='grc' dir='ltr'>ὡς</span> <span class='ocrx_word' id='word_1_441' title='bbox 2608 3094 3114 3158; x_wconf 71' lang='grc' dir='ltr'>κατεξαναστάντας</span> <span class='ocrx_word' id='word_1_442' title='bbox 3148 3093 3241 3145; x_wconf 74' lang='grc' dir='ltr'>τοῦ</span> <span class='ocrx_word' id='word_1_443' title='bbox 3267 3097 3510 3162; x_wconf 75' lang='grc' dir='ltr'>κράτους</span> <span class='ocrx_word' id='word_1_444' title='bbox 3535 3093 3619 3145; x_wconf 69' lang='grc' dir='ltr'>τοῦ</span> <span class='ocrx_word' id='word_1_445' title='bbox 3638 3091 3714 3143; x_wconf 71' lang='grc' dir='ltr'>σοῦ</span> 
     </span>
    </p>
   </div>
   <div class='ocr_carea' id='block_1_62' title="bbox 499 3181 2063 3268">
    <p class='ocr_par' dir='ltr' id='par_1_62' title="bbox 499 3181 2063 3252">
     <span class='ocr_line' id='line_1_62' title="bbox 499 3181 2063 3252; baseline -0.005 -14"><span class='ocrx_word' id='word_1_446' title='bbox 499 3189 731 3240; x_wconf 81' lang='lat' dir='ltr'><strong>fructum</strong></span> <span class='ocrx_word' id='word_1_447' title='bbox 759 3224 774 3249; x_wconf 96' lang='lat'><strong>,</strong></span> <span class='ocrx_word' id='word_1_448' title='bbox 836 3191 1387 3252; x_wconf 83' lang='lat' dir='ltr'><strong>exspectaturumque</strong></span> <span class='ocrx_word' id='word_1_449' title='bbox 1441 3181 1675 3235; x_wconf 79' lang='lat' dir='ltr'><strong>obnoxie</strong></span> <span class='ocrx_word' id='word_1_450' title='bbox 1717 3181 1846 3248; x_wconf 90' lang='lat' dir='ltr'><strong>quid</strong></span> <span class='ocrx_word' id='word_1_451' title='bbox 1895 3181 1960 3234; x_wconf 87' lang='lat' dir='ltr'><strong>de</strong></span> <span class='ocrx_word' id='word_1_452' title='bbox 1999 3196 2063 3235; x_wconf 81' lang='lat' dir='ltr'><strong>eo</strong></span> 
     </span>
    </p>
   </div>
   <div class='ocr_carea' id='block_1_63' title="bbox 2167 3181 3712 3268">
    <p class='ocr_par' dir='ltr' id='par_1_63' title="bbox 2170 3183 3712 3254">
     <span class='ocr_line' id='line_1_63' title="bbox 2170 3183 3712 3254; baseline -0.001 -19"><span class='ocrx_word' id='word_1_453' title='bbox 2170 3185 2293 3252; x_wconf 66' lang='lat' dir='ltr'><strong>spot</strong></span> <span class='ocrx_word' id='word_1_454' title='bbox 2330 3183 2665 3236; x_wconf 69' lang='grc' dir='ltr'>ὲκδουλεὺειν</span> <span class='ocrx_word' id='word_1_455' title='bbox 2696 3185 2772 3249; x_wconf 69' lang='grc'><strong>⁸⁸,</strong></span> <span class='ocrx_word' id='word_1_456' title='bbox 2809 3185 2898 3236; x_wconf 73' lang='grc' dir='ltr'>καὶ</span> <span class='ocrx_word' id='word_1_457' title='bbox 2931 3185 3148 3254; x_wconf 83' lang='grc' dir='ltr'>μισήσω</span> <span class='ocrx_word' id='word_1_458' title='bbox 3178 3187 3273 3237; x_wconf 73' lang='grc' dir='ltr'><strong>καὶ</strong></span> <span class='ocrx_word' id='word_1_459' title='bbox 3301 3185 3712 3252; x_wconf 60' lang='grc' dir='ltr'>ἀποπέμψομαι·</span> 
     </span>
    </p>
   </div>
   <div class='ocr_carea' id='block_1_64' title="bbox 494 3270 2062 3339">
    <p class='ocr_par' dir='ltr' id='par_1_64' title="bbox 494 3270 2062 3339">
     <span class='ocr_line' id='line_1_64' title="bbox 494 3270 2062 3339; baseline -0.003 -10"><span class='ocrx_word' id='word_1_460' title='bbox 494 3274 825 3329; x_wconf 87' lang='lat' dir='ltr'><strong>constituere</strong></span> <span class='ocrx_word' id='word_1_461' title='bbox 854 3271 1006 3326; x_wconf 90' lang='lat' dir='ltr'><strong>vobis</strong></span> <span class='ocrx_word' id='word_1_462' title='bbox 1035 3270 1278 3338; x_wconf 88' lang='lat' dir='ltr'><strong>placeat;</strong></span> <span class='ocrx_word' id='word_1_463' title='bbox 1315 3285 1376 3324; x_wconf 91' lang='lat' dir='ltr'><strong>ac</strong></span> <span class='ocrx_word' id='word_1_464' title='bbox 1410 3270 1452 3324; x_wconf 92' lang='lat' dir='ltr'><strong>si</strong></span> <span class='ocrx_word' id='word_1_465' title='bbox 1482 3272 1697 3339; x_wconf 87' lang='lat' dir='ltr'><strong>quidem</strong></span> <span class='ocrx_word' id='word_1_466' title='bbox 1729 3271 1879 3324; x_wconf 86' lang='lat' dir='ltr'><strong>vobis</strong></span> <span class='ocrx_word' id='word_1_467' title='bbox 1912 3271 2062 3324; x_wconf 89' lang='lat' dir='ltr'><strong>vide-</strong></span> 
     </span>
    </p>
   </div>
   <div class='ocr_carea' id='block_1_65' title="bbox 495 3363 2062 3430">
    <p class='ocr_par' dir='ltr' id='par_1_65' title="bbox 495 3363 2062 3430">
     <span class='ocr_line' id='line_1_65' title="bbox 495 3363 2062 3430; baseline -0.003 -10"><span class='ocrx_word' id='word_1_468' title='bbox 495 3367 643 3420; x_wconf 85' lang='lat' dir='ltr'><strong>bitur</strong></span> <span class='ocrx_word' id='word_1_469' title='bbox 709 3364 1231 3418; x_wconf 82' lang='lat' dir='ltr'><strong>administrationem</strong></span> <span class='ocrx_word' id='word_1_470' title='bbox 1281 3370 1335 3416; x_wconf 88' lang='lat' dir='ltr'><strong>et</strong></span> <span class='ocrx_word' id='word_1_471' title='bbox 1390 3363 1686 3430; x_wconf 86' lang='lat' dir='ltr'><strong>precariam</strong></span> <span class='ocrx_word' id='word_1_472' title='bbox 1743 3370 2062 3428; x_wconf 78' lang='lat' dir='ltr'><strong>potestatem</strong></span> 
     </span>
    </p>
   </div>
   <div class='ocr_carea' id='block_1_66' title="bbox 497 3453 2062 3530">
    <p class='ocr_par' dir='ltr' id='par_1_66' title="bbox 497 3453 2062 3530">
     <span class='ocr_line' id='line_1_66' title="bbox 497 3453 2062 3530; baseline -0.006 -15"><span class='ocrx_word' id='word_1_473' title='bbox 497 3460 785 3530; x_wconf 77' lang='lat' dir='ltr'><strong>provinciae</strong></span> <span class='ocrx_word' id='word_1_474' title='bbox 813 3459 935 3513; x_wconf 89' lang='lat' dir='ltr'><strong>talis</strong></span> <span class='ocrx_word' id='word_1_475' title='bbox 965 3474 993 3511; x_wconf 90' lang='lat' dir='ltr'><strong>a</strong></span> <span class='ocrx_word' id='word_1_476' title='bbox 1028 3471 1111 3512; x_wconf 90' lang='lat' dir='ltr'><strong>me</strong></span> <span class='ocrx_word' id='word_1_477' title='bbox 1141 3457 1282 3511; x_wconf 90' lang='lat' dir='ltr'><strong>bello</strong></span> <span class='ocrx_word' id='word_1_478' title='bbox 1309 3455 1567 3523; x_wconf 71' lang='lat' dir='ltr'><strong>qumsitaa,</strong></span> <span class='ocrx_word' id='word_1_479' title='bbox 1595 3453 1722 3506; x_wconf 86' lang='lat' dir='ltr'><strong>mihi</strong></span> <span class='ocrx_word' id='word_1_480' title='bbox 1747 3455 2062 3516; x_wconf 89' lang='lat' dir='ltr'><strong>concedere,</strong></span> 
     </span>
    </p>
   </div>
   <div class='ocr_carea' id='block_1_67' title="bbox 497 3545 2066 3618">
    <p class='ocr_par' dir='ltr' id='par_1_67' title="bbox 497 3545 2066 3618">
     <span class='ocr_line' id='line_1_67' title="bbox 497 3545 2066 3618; baseline -0.005 -12"><span class='ocrx_word' id='word_1_481' title='bbox 497 3553 549 3606; x_wconf 87' lang='lat' dir='ltr'><strong>id</strong></span> <span class='ocrx_word' id='word_1_482' title='bbox 587 3551 640 3603; x_wconf 91' lang='lat' dir='ltr'><strong>in</strong></span> <span class='ocrx_word' id='word_1_483' title='bbox 665 3550 850 3618; x_wconf 68' lang='lat' dir='ltr'><strong>gratia:</strong></span> <span class='ocrx_word' id='word_1_484' title='bbox 883 3557 1033 3618; x_wconf 88' lang='lat' dir='ltr'><strong>parte</strong></span> <span class='ocrx_word' id='word_1_485' title='bbox 1063 3546 1339 3616; x_wconf 84' lang='lat' dir='ltr'><strong>imputabo</strong></span> <span class='ocrx_word' id='word_1_486' title='bbox 1372 3545 1521 3599; x_wconf 81' lang='lat' dir='ltr'><strong>vobis</strong></span> <span class='ocrx_word' id='word_1_487' title='bbox 1553 3559 1567 3597; x_wconf 85' lang='lat'><strong>:</strong></span> <span class='ocrx_word' id='word_1_488' title='bbox 1599 3555 1653 3599; x_wconf 92' lang='lat' dir='ltr'><strong>et</strong></span> <span class='ocrx_word' id='word_1_489' title='bbox 1685 3560 1821 3599; x_wconf 90' lang='lat' dir='ltr'><strong>novo</strong></span> <span class='ocrx_word' id='word_1_490' title='bbox 1850 3546 2066 3598; x_wconf 89' lang='lat' dir='ltr'><strong>nomine</strong></span> 
     </span>
    </p>
   </div>
   <div class='ocr_carea' id='block_1_68' title="bbox 498 3636 2068 3710">
    <p class='ocr_par' dir='ltr' id='par_1_68' title="bbox 498 3636 2068 3710">
     <span class='ocr_line' id='line_1_68' title="bbox 498 3636 2068 3710; baseline -0.004 -14"><span class='ocrx_word' id='word_1_491' title='bbox 498 3655 652 3697; x_wconf 73' lang='lat' dir='ltr'><strong>terrm</strong></span> <span class='ocrx_word' id='word_1_492' title='bbox 689 3657 750 3696; x_wconf 88' lang='lat' dir='ltr'><strong>ac</strong></span> <span class='ocrx_word' id='word_1_493' title='bbox 780 3639 1142 3710; x_wconf 86' lang='lat' dir='ltr'><strong>possessionis</strong></span> <span class='ocrx_word' id='word_1_494' title='bbox 1195 3639 1354 3694; x_wconf 88' lang='lat' dir='ltr'><strong>istius</strong></span> <span class='ocrx_word' id='word_1_495' title='bbox 1405 3636 1566 3690; x_wconf 89' lang='lat' dir='ltr'><strong>homo</strong></span> <span class='ocrx_word' id='word_1_496' title='bbox 1611 3637 1761 3690; x_wconf 85' lang='lat' dir='ltr'><strong>vobis</strong></span> <span class='ocrx_word' id='word_1_497' title='bbox 1812 3636 1967 3691; x_wconf 84' lang='lat' dir='ltr'><strong>lizius</strong></span> <span class='ocrx_word' id='word_1_498' title='bbox 2013 3644 2068 3690; x_wconf 88' lang='lat' dir='ltr'><strong>et</strong></span> 
     </span>
    </p>
   </div>
   <div class='ocr_carea' id='block_1_69' title="bbox 497 3727 2056 3798">
    <p class='ocr_par' dir='ltr' id='par_1_69' title="bbox 497 3727 2056 3798">
     <span class='ocr_line' id='line_1_69' title="bbox 497 3727 2056 3798; baseline -0.006 -9"><span class='ocrx_word' id='word_1_499' title='bbox 497 3748 682 3789; x_wconf 83' lang='lat' dir='ltr'><strong>servus</strong></span> <span class='ocrx_word' id='word_1_500' title='bbox 716 3733 888 3787; x_wconf 84' lang='lat' dir='ltr'><strong>ﬁdelis</strong></span> <span class='ocrx_word' id='word_1_501' title='bbox 939 3746 1062 3786; x_wconf 89' lang='lat' dir='ltr'><strong>esse</strong></span> <span class='ocrx_word' id='word_1_502' title='bbox 1109 3745 1351 3798; x_wconf 84' lang='lat' dir='ltr'><strong>pergam.</strong></span> <span class='ocrx_word' id='word_1_503' title='bbox 1389 3728 1483 3781; x_wconf 92' lang='lat' dir='ltr'><strong>Sin</strong></span> <span class='ocrx_word' id='word_1_504' title='bbox 1535 3728 1677 3780; x_wconf 88' lang='lat' dir='ltr'><strong>aliud</strong></span> <span class='ocrx_word' id='word_1_505' title='bbox 1731 3727 2056 3794; x_wconf 86' lang='lat' dir='ltr'><strong>malueritis,</strong></span> 
     </span>
    </p>
   </div>
   <div class='ocr_carea' id='block_1_70' title="bbox 497 3815 2064 3886">
    <p class='ocr_par' dir='ltr' id='par_1_70' title="bbox 497 3815 2064 3886">
     <span class='ocr_line' id='line_1_70' title="bbox 497 3815 2064 3886; baseline -0.007 -9"><span class='ocrx_word' id='word_1_506' title='bbox 497 3826 705 3877; x_wconf 86' lang='lat' dir='ltr'><strong>tradam</strong></span> <span class='ocrx_word' id='word_1_507' title='bbox 734 3838 857 3876; x_wconf 90' lang='lat' dir='ltr'><strong>cum</strong></span> <span class='ocrx_word' id='word_1_508' title='bbox 887 3821 986 3874; x_wconf 87' lang='lat' dir='ltr'><strong>iide</strong></span> <span class='ocrx_word' id='word_1_509' title='bbox 1017 3820 1134 3874; x_wconf 88' lang='lat' dir='ltr'><strong>sine</strong></span> <span class='ocrx_word' id='word_1_510' title='bbox 1170 3819 1427 3872; x_wconf 90' lang='lat' dir='ltr'><strong>dilatione</strong></span> <span class='ocrx_word' id='word_1_511' title='bbox 1466 3815 1716 3869; x_wconf 79' lang='lat' dir='ltr'><strong>fraudevc</strong></span> <span class='ocrx_word' id='word_1_512' title='bbox 1741 3815 1901 3886; x_wconf 67' lang='grc'><strong>409</strong></span> <span class='ocrx_word' id='word_1_513' title='bbox 1935 3816 2064 3879; x_wconf 88' lang='lat' dir='ltr'><strong>ulla,</strong></span> 
     </span>
    </p>
   </div>
   <div class='ocr_carea' id='block_1_71' title="bbox 498 3909 2063 3976">
    <p class='ocr_par' dir='ltr' id='par_1_71' title="bbox 498 3909 2063 3976">
     <span class='ocr_line' id='line_1_71' title="bbox 498 3909 2063 3976; baseline -0.006 -8"><span class='ocrx_word' id='word_1_514' title='bbox 498 3923 662 3968; x_wconf 88' lang='lat' dir='ltr'><strong>totam</strong></span> <span class='ocrx_word' id='word_1_515' title='bbox 693 3913 835 3965; x_wconf 84' lang='lat' dir='ltr'><strong>illam</strong></span> <span class='ocrx_word' id='word_1_516' title='bbox 870 3921 1066 3965; x_wconf 90' lang='lat' dir='ltr'><strong>terram</strong></span> <span class='ocrx_word' id='word_1_517' title='bbox 1100 3909 1371 3976; x_wconf 82' lang='lat' dir='ltr'><strong>urbesque</strong></span> <span class='ocrx_word' id='word_1_518' title='bbox 1411 3917 1466 3960; x_wconf 87' lang='lat' dir='ltr'><strong>et</strong></span> <span class='ocrx_word' id='word_1_519' title='bbox 1509 3921 1662 3960; x_wconf 87' lang='lat' dir='ltr'><strong>arces</strong></span> <span class='ocrx_word' id='word_1_520' title='bbox 1697 3909 2000 3974; x_wconf 82' lang='lat' dir='ltr'><strong>cuicunque</strong></span> <span class='ocrx_word' id='word_1_521' title='bbox 2033 3919 2063 3958; x_wconf 86' lang='lat' dir='ltr'><strong>a</strong></span> 
     </span>
    </p>
   </div>
   <div class='ocr_carea' id='block_1_72' title="bbox 497 3995 2067 4074">
    <p class='ocr_par' dir='ltr' id='par_1_72' title="bbox 497 3995 2067 4074">
     <span class='ocr_line' id='line_1_72' title="bbox 497 3995 2067 4074; baseline -0.006 -16"><span class='ocrx_word' id='word_1_522' title='bbox 497 4007 779 4074; x_wconf 85' lang='lat' dir='ltr'><strong>majestate</strong></span> <span class='ocrx_word' id='word_1_523' title='bbox 809 4011 991 4056; x_wconf 85' lang='lat' dir='ltr'><strong>vestra</strong></span> <span class='ocrx_word' id='word_1_524' title='bbox 1019 4001 1082 4053; x_wconf 90' lang='lat' dir='ltr'><strong>ad</strong></span> <span class='ocrx_word' id='word_1_525' title='bbox 1112 3999 1164 4052; x_wconf 92' lang='lat' dir='ltr'><strong>id</strong></span> <span class='ocrx_word' id='word_1_526' title='bbox 1196 3998 1475 4067; x_wconf 88' lang='lat' dir='ltr'><strong>designato</strong></span> <span class='ocrx_word' id='word_1_527' title='bbox 1503 3998 1770 4065; x_wconf 89' lang='lat' dir='ltr'><strong>missoque</strong></span> <span class='ocrx_word' id='word_1_528' title='bbox 1794 3995 1929 4048; x_wconf 90' lang='lat' dir='ltr'><strong>viro.</strong></span> <span class='ocrx_word' id='word_1_529' title='bbox 1952 3995 2067 4048; x_wconf 88' lang='lat' dir='ltr'><strong>imo</strong></span> 
     </span>
    </p>
   </div>
   <div class='ocr_carea' id='block_1_73' title="bbox 495 4089 2064 4164">
    <p class='ocr_par' dir='ltr' id='par_1_73' title="bbox 495 4089 2064 4164">
     <span class='ocr_line' id='line_1_73' title="bbox 495 4089 2064 4164; baseline -0.007 -15"><span class='ocrx_word' id='word_1_530' title='bbox 495 4097 539 4149; x_wconf 88' lang='lat' dir='ltr'><strong>si</strong></span> <span class='ocrx_word' id='word_1_531' title='bbox 590 4095 712 4164; x_wconf 88' lang='lat' dir='ltr'><strong>quis</strong></span> <span class='ocrx_word' id='word_1_532' title='bbox 769 4094 907 4147; x_wconf 80' lang='lat' dir='ltr'><strong>forte</strong></span> <span class='ocrx_word' id='word_1_533' title='bbox 957 4092 1026 4145; x_wconf 90' lang='lat' dir='ltr'><strong>sit</strong></span> <span class='ocrx_word' id='word_1_534' title='bbox 1081 4089 1172 4156; x_wconf 83' lang='lat' dir='ltr'><strong>qui</strong></span> <span class='ocrx_word' id='word_1_535' title='bbox 1229 4089 1709 4156; x_wconf 87' lang='lat' dir='ltr'><strong>quomodocunquc</strong></span> <span class='ocrx_word' id='word_1_536' title='bbox 1766 4102 2064 4156; x_wconf 78' lang='lat' dir='ltr'><strong>posscsSam</strong></span> 
     </span>
    </p>
   </div>
   <div class='ocr_carea' id='block_1_74' title="bbox 498 4179 2068 4253">
    <p class='ocr_par' dir='ltr' id='par_1_74' title="bbox 498 4179 2068 4253">
     <span class='ocr_line' id='line_1_74' title="bbox 498 4179 2068 4253; baseline -0.006 -14"><span class='ocrx_word' id='word_1_537' title='bbox 498 4193 811 4253; x_wconf 88' lang='lat' dir='ltr'><strong>ereptamve</strong></span> <span class='ocrx_word' id='word_1_538' title='bbox 870 4181 1118 4237; x_wconf 87' lang='lat' dir='ltr'><strong>bostibus</strong></span> <span class='ocrx_word' id='word_1_539' title='bbox 1166 4179 1354 4233; x_wconf 88' lang='lat' dir='ltr'><strong>urbem</strong></span> <span class='ocrx_word' id='word_1_540' title='bbox 1432 4193 1680 4247; x_wconf 88' lang='lat' dir='ltr'><strong>magnam</strong></span> <span class='ocrx_word' id='word_1_541' title='bbox 1739 4179 2068 4230; x_wconf 86' lang='lat' dir='ltr'><strong>minutamve</strong></span> 
     </span>
    </p>
   </div>
   <div class='ocr_carea' id='block_1_75' title="bbox 496 4262 2070 4346">
    <p class='ocr_par' dir='ltr' id='par_1_75' title="bbox 496 4262 2070 4346">
     <span class='ocr_line' id='line_1_75' title="bbox 496 4262 2070 4346; baseline -0.007 -17"><span class='ocrx_word' id='word_1_542' title='bbox 496 4278 816 4346; x_wconf 82' lang='lat' dir='ltr'><strong>quamlibet,</strong></span> <span class='ocrx_word' id='word_1_543' title='bbox 847 4291 912 4328; x_wconf 84' lang='lat' dir='ltr'><strong>ex</strong></span> <span class='ocrx_word' id='word_1_544' title='bbox 947 4275 1013 4328; x_wconf 91' lang='lat' dir='ltr'><strong>iis</strong></span> <span class='ocrx_word' id='word_1_545' title='bbox 1044 4262 1160 4342; x_wconf 70' lang='lat' dir='ltr'><strong>quae</strong></span> <span class='ocrx_word' id='word_1_546' title='bbox 1193 4273 1292 4325; x_wconf 90' lang='lat' dir='ltr'><strong>sub</strong></span> <span class='ocrx_word' id='word_1_547' title='bbox 1327 4269 1562 4324; x_wconf 87' lang='lat' dir='ltr'><strong>dominio</strong></span> <span class='ocrx_word' id='word_1_548' title='bbox 1606 4267 1834 4322; x_wconf 81' lang='lat' dir='ltr'><strong>Romani</strong></span> <span class='ocrx_word' id='word_1_549' title='bbox 1870 4267 2070 4336; x_wconf 83' lang='lat' dir='ltr'><strong>princi-</strong></span> 
     </span>
    </p>
   </div>
   <div class='ocr_carea' id='block_1_76' title="bbox 496 4360 2068 4440">
    <p class='ocr_par' dir='ltr' id='par_1_76' title="bbox 496 4360 2068 4440">
     <span class='ocr_line' id='line_1_76' title="bbox 496 4360 2068 4440; baseline -0.008 -17"><span class='ocrx_word' id='word_1_550' title='bbox 496 4380 654 4440; x_wconf 86' lang='lat' dir='ltr'><strong>patus</strong></span> <span class='ocrx_word' id='word_1_551' title='bbox 683 4367 970 4435; x_wconf 85' lang='lat' dir='ltr'><strong>aliquando</strong></span> <span class='ocrx_word' id='word_1_552' title='bbox 999 4365 1236 4427; x_wconf 84' lang='lat' dir='ltr'><strong>fuerunt,</strong></span> <span class='ocrx_word' id='word_1_553' title='bbox 1285 4362 1414 4416; x_wconf 81' lang='lat' dir='ltr'><strong>milii</strong></span> <span class='ocrx_word' id='word_1_554' title='bbox 1464 4360 1713 4431; x_wconf 84' lang='lat' dir='ltr'><strong>prodere,</strong></span> <span class='ocrx_word' id='word_1_555' title='bbox 1758 4368 1847 4412; x_wconf 88' lang='lat' dir='ltr'><strong>aut</strong></span> <span class='ocrx_word' id='word_1_556' title='bbox 1881 4361 1932 4413; x_wconf 90' lang='lat' dir='ltr'><strong>in</strong></span> <span class='ocrx_word' id='word_1_557' title='bbox 1971 4374 2068 4428; x_wconf 57' lang='lat' dir='ltr'><strong>po.</strong></span> 
     </span>
    </p>
   </div>
   <div class='ocr_carea' id='block_1_77' title="bbox 500 4451 2069 4525">
    <p class='ocr_par' dir='ltr' id='par_1_77' title="bbox 500 4451 2069 4525">
     <span class='ocr_line' id='line_1_77' title="bbox 500 4451 2069 4525; baseline -0.006 -13"><span class='ocrx_word' id='word_1_558' title='bbox 500 4469 748 4513; x_wconf 88' lang='lat' dir='ltr'><strong>tcslatem</strong></span> <span class='ocrx_word' id='word_1_559' title='bbox 781 4457 1042 4525; x_wconf 84' lang='lat' dir='ltr'><strong>privatam</strong></span> <span class='ocrx_word' id='word_1_560' title='bbox 1079 4470 1250 4509; x_wconf 88' lang='lat' dir='ltr'><strong>meam</strong></span> <span class='ocrx_word' id='word_1_561' title='bbox 1285 4452 1600 4516; x_wconf 81' lang='lat' dir='ltr'><strong>transferre,</strong></span> <span class='ocrx_word' id='word_1_562' title='bbox 1627 4452 1824 4504; x_wconf 88' lang='lat' dir='ltr'><strong>mihive</strong></span> <span class='ocrx_word' id='word_1_563' title='bbox 1856 4451 2069 4518; x_wconf 85' lang='lat' dir='ltr'><strong>prOprie</strong></span> 
     </span>
    </p>
   </div>
   <div class='ocr_carea' id='block_1_78' title="bbox 495 4543 2067 4620">
    <p class='ocr_par' dir='ltr' id='par_1_78' title="bbox 495 4543 2067 4620">
     <span class='ocr_line' id='line_1_78' title="bbox 495 4543 2067 4620; baseline -0.006 -16"><span class='ocrx_word' id='word_1_564' title='bbox 495 4549 882 4620; x_wconf 66' lang='lat' dir='ltr'><strong>possidendam</strong></span> <span class='ocrx_word' id='word_1_565' title='bbox 915 4546 1206 4601; x_wconf 90' lang='lat' dir='ltr'><strong>attribuere</strong></span> <span class='ocrx_word' id='word_1_566' title='bbox 1246 4545 1395 4609; x_wconf 90' lang='lat' dir='ltr'><strong>velit,</strong></span> <span class='ocrx_word' id='word_1_567' title='bbox 1430 4546 1615 4614; x_wconf 89' lang='lat' dir='ltr'><strong>utique</strong></span> <span class='ocrx_word' id='word_1_568' title='bbox 1643 4543 1906 4597; x_wconf 88' lang='lat' dir='ltr'><strong>recusabo</strong></span> <span class='ocrx_word' id='word_1_569' title='bbox 1933 4559 1947 4596; x_wconf 91' lang='lat'><strong>:</strong></span> <span class='ocrx_word' id='word_1_570' title='bbox 1975 4543 2067 4595; x_wconf 90' lang='lat' dir='ltr'><strong>sed</strong></span> 
     </span>
    </p>
   </div>
   <div class='ocr_carea' id='block_1_79' title="bbox 495 4633 2068 4708">
    <p class='ocr_par' dir='ltr' id='par_1_79' title="bbox 495 4633 2068 4708">
     <span class='ocr_line' id='line_1_79' title="bbox 495 4633 2068 4708; baseline -0.005 -13"><span class='ocrx_word' id='word_1_571' title='bbox 495 4642 610 4697; x_wconf 71' lang='lat' dir='ltr'><strong>sive</strong></span> <span class='ocrx_word' id='word_1_572' title='bbox 657 4641 742 4694; x_wconf 88' lang='lat' dir='ltr'><strong>illa</strong></span> <span class='ocrx_word' id='word_1_573' title='bbox 788 4637 1186 4708; x_wconf 86' lang='lat' dir='ltr'><strong>oppugnatione</strong></span> <span class='ocrx_word' id='word_1_574' title='bbox 1230 4651 1347 4689; x_wconf 86' lang='lat' dir='ltr'><strong>mea</strong></span> <span class='ocrx_word' id='word_1_575' title='bbox 1397 4634 1688 4688; x_wconf 86' lang='lat' dir='ltr'><strong>alteriusve</strong></span> <span class='ocrx_word' id='word_1_576' title='bbox 1728 4634 1906 4702; x_wconf 77' lang='lat' dir='ltr'><strong>capta,</strong></span> <span class='ocrx_word' id='word_1_577' title='bbox 1956 4633 2068 4687; x_wconf 89' lang='lat' dir='ltr'><strong>sive</strong></span> 
     </span>
    </p>
   </div>
   <div class='ocr_carea' id='block_1_80' title="bbox 495 4723 2066 4802">
    <p class='ocr_par' dir='ltr' id='par_1_80' title="bbox 495 4723 2066 4802">
     <span class='ocr_line' id='line_1_80' title="bbox 495 4723 2066 4802; baseline -0.005 -17"><span class='ocrx_word' id='word_1_578' title='bbox 495 4733 630 4786; x_wconf 75' lang='lat' dir='ltr'><strong>citra</strong></span> <span class='ocrx_word' id='word_1_579' title='bbox 667 4729 1118 4802; x_wconf 83' lang='lat' dir='ltr'><strong>oppugnationem</strong></span> <span class='ocrx_word' id='word_1_580' title='bbox 1153 4727 1281 4781; x_wconf 89' lang='lat' dir='ltr'><strong>mibi</strong></span> <span class='ocrx_word' id='word_1_581' title='bbox 1317 4726 1477 4780; x_wconf 89' lang='lat' dir='ltr'><strong>aliive</strong></span> <span class='ocrx_word' id='word_1_582' title='bbox 1508 4726 1712 4788; x_wconf 86' lang='lat' dir='ltr'><strong>dedita,</strong></span> <span class='ocrx_word' id='word_1_583' title='bbox 1741 4736 1912 4778; x_wconf 85' lang='lat' dir='ltr'><strong>vestra</strong></span> <span class='ocrx_word' id='word_1_584' title='bbox 1939 4763 1952 4788; x_wconf 95' lang='lat'><strong>,</strong></span> <span class='ocrx_word' id='word_1_585' title='bbox 1991 4723 2066 4777; x_wconf 87' lang='lat' dir='ltr'><strong>uti</strong></span> 
     </span>
    </p>
   </div>
   <div class='ocr_carea' id='block_1_81' title="bbox 496 4821 2064 4896">
    <p class='ocr_par' dir='ltr' id='par_1_81' title="bbox 496 4821 2064 4896">
     <span class='ocr_line' id='line_1_81' title="bbox 496 4821 2064 4896; baseline -0.008 -17"><span class='ocrx_word' id='word_1_586' title='bbox 496 4827 646 4896; x_wconf 89' lang='lat' dir='ltr'><strong>prius</strong></span> <span class='ocrx_word' id='word_1_587' title='bbox 679 4825 914 4887; x_wconf 83' lang='lat' dir='ltr'><strong>inerant,</strong></span> <span class='ocrx_word' id='word_1_588' title='bbox 942 4821 1018 4874; x_wconf 90' lang='lat' dir='ltr'><strong>sic</strong></span> <span class='ocrx_word' id='word_1_589' title='bbox 1046 4821 1296 4886; x_wconf 90' lang='lat' dir='ltr'><strong>deinceps</strong></span> <span class='ocrx_word' id='word_1_590' title='bbox 1321 4828 1479 4870; x_wconf 90' lang='lat' dir='ltr'><strong>erunt</strong></span> <span class='ocrx_word' id='word_1_591' title='bbox 1530 4825 1584 4870; x_wconf 88' lang='lat' dir='ltr'><strong>et</strong></span> <span class='ocrx_word' id='word_1_592' title='bbox 1629 4823 2018 4884; x_wconf 87' lang='lat' dir='ltr'><strong>permanebunt</strong></span> <span class='ocrx_word' id='word_1_593' title='bbox 2049 4858 2064 4881; x_wconf 92' lang='lat'><strong>,</strong></span> 
     </span>
    </p>
   </div>
   <div class='ocr_carea' id='block_1_82' title="bbox 498 4907 2063 4978">
    <p class='ocr_par' dir='ltr' id='par_1_82' title="bbox 498 4907 2063 4978">
     <span class='ocr_line' id='line_1_82' title="bbox 498 4907 2063 4978; baseline -0.006 -8"><span class='ocrx_word' id='word_1_594' title='bbox 498 4932 581 4970; x_wconf 89' lang='lat' dir='ltr'><strong>me</strong></span> <span class='ocrx_word' id='word_1_595' title='bbox 613 4915 744 4969; x_wconf 84' lang='lat' dir='ltr'><strong>nihil</strong></span> <span class='ocrx_word' id='word_1_596' title='bbox 764 4915 818 4967; x_wconf 92' lang='lat' dir='ltr'><strong>in</strong></span> <span class='ocrx_word' id='word_1_597' title='bbox 849 4912 1179 4967; x_wconf 88' lang='lat' dir='ltr'><strong>contrarium</strong></span> <span class='ocrx_word' id='word_1_598' title='bbox 1200 4910 1434 4978; x_wconf 78' lang='lat' dir='ltr'><strong>allegare</strong></span> <span class='ocrx_word' id='word_1_599' title='bbox 1462 4907 1782 4974; x_wconf 89' lang='lat' dir='ltr'><strong>causarique</strong></span> <span class='ocrx_word' id='word_1_600' title='bbox 1809 4907 2063 4961; x_wconf 88' lang='lat' dir='ltr'><strong>valituro.</strong></span> 
     </span>
    </p>
   </div>
   <div class='ocr_carea' id='block_1_83' title="bbox 495 4996 2066 5074">
    <p class='ocr_par' dir='ltr' id='par_1_83' title="bbox 495 4996 2066 5074">
     <span class='ocr_line' id='line_1_83' title="bbox 495 4996 2066 5074; baseline -0.007 -13"><span class='ocrx_word' id='word_1_601' title='bbox 495 5006 600 5060; x_wconf 86' lang='lat' dir='ltr'><strong>Sed</strong></span> <span class='ocrx_word' id='word_1_602' title='bbox 628 5019 801 5074; x_wconf 91' lang='lat' dir='ltr'><strong>neque</strong></span> <span class='ocrx_word' id='word_1_603' title='bbox 827 5003 1194 5070; x_wconf 86' lang='lat' dir='ltr'><strong>juramentum</strong></span> <span class='ocrx_word' id='word_1_604' title='bbox 1234 4998 1494 5068; x_wconf 85' lang='lat' dir='ltr'><strong>accipiam</strong></span> <span class='ocrx_word' id='word_1_605' title='bbox 1525 5012 1552 5050; x_wconf 90' lang='lat' dir='ltr'><strong>a</strong></span> <span class='ocrx_word' id='word_1_606' title='bbox 1593 5013 1866 5066; x_wconf 90' lang='lat' dir='ltr'><strong>quoquam</strong></span> <span class='ocrx_word' id='word_1_607' title='bbox 1905 4996 2066 5052; x_wconf 86' lang='lat' dir='ltr'><strong>Chri-</strong></span> 
     </span>
    </p>
   </div>
   <div class='ocr_carea' id='block_1_84' title="bbox 435 5087 2066 5163">
    <p class='ocr_par' dir='ltr' id='par_1_84' title="bbox 435 5087 2066 5163">
     <span class='ocr_line' id='line_1_84' title="bbox 435 5087 2066 5163; baseline -0.006 -11"><span class='ocrx_word' id='word_1_608' title='bbox 435 5147 442 5155; x_wconf 88' lang='lat'><em>.</em></span> <span class='ocrx_word' id='word_1_609' title='bbox 499 5097 704 5163; x_wconf 87' lang='lat' dir='ltr'><strong>stiauo,</strong></span> <span class='ocrx_word' id='word_1_610' title='bbox 737 5106 831 5148; x_wconf 89' lang='lat' dir='ltr'><strong>aut</strong></span> <span class='ocrx_word' id='word_1_611' title='bbox 866 5093 1007 5148; x_wconf 86' lang='lat' dir='ltr'><strong>dabo</strong></span> <span class='ocrx_word' id='word_1_612' title='bbox 1041 5092 1289 5158; x_wconf 89' lang='lat' dir='ltr'><strong>cuiquam</strong></span> <span class='ocrx_word' id='word_1_613' title='bbox 1319 5087 1496 5152; x_wconf 86' lang='lat' dir='ltr'><strong>alteri,</strong></span> <span class='ocrx_word' id='word_1_614' title='bbox 1526 5087 1906 5142; x_wconf 84' lang='lat' dir='ltr'><strong>ﬁdelitatemve</strong></span> <span class='ocrx_word' id='word_1_615' title='bbox 1939 5104 2066 5158; x_wconf 81' lang='lat' dir='ltr'><strong>pro-</strong></span> 
     </span>
    </p>
   </div>
   <div class='ocr_carea' id='block_1_85' title="bbox 494 5179 2064 5248">
    <p class='ocr_par' dir='ltr' id='par_1_85' title="bbox 494 5179 2064 5248">
     <span class='ocr_line' id='line_1_85' title="bbox 494 5179 2064 5248; baseline -0.006 -7"><span class='ocrx_word' id='word_1_616' title='bbox 494 5188 825 5242; x_wconf 64' lang='lat' dir='ltr'><strong>mittam‘aut</strong></span> <span class='ocrx_word' id='word_1_617' title='bbox 849 5183 1260 5240; x_wconf 87' lang='lat' dir='ltr'><strong>conventionem</strong></span> <span class='ocrx_word' id='word_1_618' title='bbox 1286 5179 1428 5234; x_wconf 92' lang='lat' dir='ltr'><strong>inibo</strong></span> <span class='ocrx_word' id='word_1_619' title='bbox 1460 5179 1646 5244; x_wconf 85' lang='lat' dir='ltr'><strong>ullam,</strong></span> <span class='ocrx_word' id='word_1_620' title='bbox 1671 5194 1789 5248; x_wconf 64' lang='lat' dir='ltr'><strong>quae</strong></span> <span class='ocrx_word' id='word_1_621' title='bbox 1817 5179 1867 5232; x_wconf 89' lang='lat' dir='ltr'><strong>in</strong></span> <span class='ocrx_word' id='word_1_622' title='bbox 1901 5181 2064 5233; x_wconf 88' lang='lat' dir='ltr'><strong>ullum</strong></span> 
     </span>
    </p>
   </div>
   <div class='ocr_carea' id='block_1_86' title="bbox 494 5272 2066 5341">
    <p class='ocr_par' dir='ltr' id='par_1_86' title="bbox 494 5272 2066 5341">
     <span class='ocr_line' id='line_1_86' title="bbox 494 5272 2066 5341; baseline -0.005 -9"><span class='ocrx_word' id='word_1_623' title='bbox 494 5279 898 5341; x_wconf 84' lang='lat' dir='ltr'><strong>detrimentum,</strong></span> <span class='ocrx_word' id='word_1_624' title='bbox 936 5273 1330 5330; x_wconf 88' lang='lat' dir='ltr'><strong>incommodmn</strong></span> <span class='ocrx_word' id='word_1_625' title='bbox 1365 5281 1453 5326; x_wconf 88' lang='lat' dir='ltr'><strong>aut</strong></span> <span class='ocrx_word' id='word_1_626' title='bbox 1486 5272 1742 5326; x_wconf 87' lang='lat' dir='ltr'><strong>damnum</strong></span> <span class='ocrx_word' id='word_1_627' title='bbox 1785 5286 2024 5339; x_wconf 76' lang='lat' dir='ltr'><strong>personae</strong></span> <span class='ocrx_word' id='word_1_628' title='bbox 2053 5312 2066 5335; x_wconf 97' lang='lat'><strong>,</strong></span> 
     </span>
    </p>
   </div>
   <div class='ocr_carea' id='block_1_87' title="bbox 498 5362 2067 5437">
    <p class='ocr_par' dir='ltr' id='par_1_87' title="bbox 498 5362 2067 5437">
     <span class='ocr_line' id='line_1_87' title="bbox 498 5362 2067 5437; baseline -0.004 -16"><span class='ocrx_word' id='word_1_629' title='bbox 498 5367 797 5437; x_wconf 85' lang='lat' dir='ltr'><strong>majestatis</strong></span> <span class='ocrx_word' id='word_1_630' title='bbox 823 5409 837 5432; x_wconf 87' lang='lat'><strong>,</strong></span> <span class='ocrx_word' id='word_1_631' title='bbox 873 5377 964 5420; x_wconf 89' lang='lat' dir='ltr'><strong>aut</strong></span> <span class='ocrx_word' id='word_1_632' title='bbox 999 5364 1211 5433; x_wconf 85' lang='lat' dir='ltr'><strong>imperii</strong></span> <span class='ocrx_word' id='word_1_633' title='bbox 1243 5362 1408 5417; x_wconf 86' lang='lat' dir='ltr'><strong>vestri</strong></span> <span class='ocrx_word' id='word_1_634' title='bbox 1445 5362 1652 5432; x_wconf 90' lang='lat' dir='ltr'><strong>possint</strong></span> <span class='ocrx_word' id='word_1_635' title='bbox 1683 5375 1924 5431; x_wconf 87' lang='lat' dir='ltr'><strong>vergere.</strong></span> <span class='ocrx_word' id='word_1_636' title='bbox 1961 5363 2067 5416; x_wconf 83' lang='lat' dir='ltr'><strong>Sed</strong></span> 
     </span>
    </p>
   </div>
   <div class='ocr_carea' id='block_1_88' title="bbox 496 5454 2067 5528">
    <p class='ocr_par' dir='ltr' id='par_1_88' title="bbox 496 5454 2067 5528">
     <span class='ocr_line' id='line_1_88' title="bbox 496 5454 2067 5528; baseline -0.002 -15"><span class='ocrx_word' id='word_1_637' title='bbox 496 5472 670 5528; x_wconf 87' lang='lat' dir='ltr'><strong>neque</strong></span> <span class='ocrx_word' id='word_1_638' title='bbox 703 5459 865 5513; x_wconf 90' lang='lat' dir='ltr'><strong>homo</strong></span> <span class='ocrx_word' id='word_1_639' title='bbox 895 5455 1122 5511; x_wconf 85' lang='lat' dir='ltr'><strong>alterius</strong></span> <span class='ocrx_word' id='word_1_640' title='bbox 1157 5454 1282 5508; x_wconf 86' lang='lat' dir='ltr'><strong>tiam</strong></span> <span class='ocrx_word' id='word_1_641' title='bbox 1315 5454 1574 5524; x_wconf 88' lang='lat' dir='ltr'><strong>principis</strong></span> <span class='ocrx_word' id='word_1_642' title='bbox 1601 5463 1690 5508; x_wconf 91' lang='lat' dir='ltr'><strong>aut</strong></span> <span class='ocrx_word' id='word_1_643' title='bbox 1727 5454 2067 5523; x_wconf 86' lang='lat' dir='ltr'><strong>principatus</strong></span> 
     </span>
    </p>
   </div>
   <div class='ocr_carea' id='block_1_89' title="bbox 497 5545 2057 5620">
    <p class='ocr_par' dir='ltr' id='par_1_89' title="bbox 497 5545 2057 5620">
     <span class='ocr_line' id='line_1_89' title="bbox 497 5545 2057 5620; baseline -0.001 -18"><span class='ocrx_word' id='word_1_644' title='bbox 497 5551 720 5620; x_wconf 84' lang='lat' dir='ltr'><strong>majoris</strong></span> <span class='ocrx_word' id='word_1_645' title='bbox 749 5548 1057 5612; x_wconf 85' lang='lat' dir='ltr'><strong>minorisve,</strong></span> <span class='ocrx_word' id='word_1_646' title='bbox 1093 5555 1284 5617; x_wconf 72' lang='lat' dir='ltr'><strong>praeter</strong></span> <span class='ocrx_word' id='word_1_647' title='bbox 1315 5560 1476 5615; x_wconf 89' lang='lat' dir='ltr'><strong>quam</strong></span> <span class='ocrx_word' id='word_1_648' title='bbox 1508 5545 1810 5614; x_wconf 87' lang='lat' dir='ltr'><strong>majestatis</strong></span> <span class='ocrx_word' id='word_1_649' title='bbox 1842 5553 2057 5613; x_wconf 69' lang='lat' dir='ltr'><strong>vestrae,</strong></span> 
     </span>
    </p>
   </div>
   <div class='ocr_carea' id='block_1_90' title="bbox 2175 3272 3716 3342">
    <p class='ocr_par' dir='ltr' id='par_1_90' title="bbox 2175 3272 3716 3342">
     <span class='ocr_line' id='line_1_90' title="bbox 2175 3272 3716 3342; baseline -0.001 -18"><span class='ocrx_word' id='word_1_650' title='bbox 2175 3272 2374 3340; x_wconf 79' lang='grc' dir='ltr'>μᾶλλον</span> <span class='ocrx_word' id='word_1_651' title='bbox 2413 3272 2467 3323; x_wconf 83' lang='grc' dir='ltr'>δὲ</span> <span class='ocrx_word' id='word_1_652' title='bbox 2512 3272 2630 3326; x_wconf 67' lang='grc' dir='ltr'>κατ’</span> <span class='ocrx_word' id='word_1_653' title='bbox 2665 3273 2842 3325; x_wconf 72' lang='grc' dir='ltr'>αὐτῶν</span> <span class='ocrx_word' id='word_1_654' title='bbox 2880 3273 3252 3342; x_wconf 70' lang='grc' dir='ltr'>ἐξοπλίτομαι.</span> <span class='ocrx_word' id='word_1_655' title='bbox 3284 3275 3422 3335; x_wconf 73' lang='grc' dir='ltr'>Τοὺς</span> <span class='ocrx_word' id='word_1_656' title='bbox 3466 3275 3521 3324; x_wconf 77' lang='grc' dir='ltr'>δὲ</span> <span class='ocrx_word' id='word_1_657' title='bbox 3554 3272 3716 3332; x_wconf 70' lang='grc' dir='ltr'>ἄλλοις</span> 
     </span>
    </p>
   </div>
   <div class='ocr_carea' id='block_1_91' title="bbox 2173 3362 3719 3433">
    <p class='ocr_par' dir='ltr' id='par_1_91' title="bbox 2173 3362 3719 3433">
     <span class='ocr_line' id='line_1_91' title="bbox 2173 3362 3719 3433; baseline -0.001 -20"><span class='ocrx_word' id='word_1_658' title='bbox 2173 3362 2510 3433; x_wconf 71' lang='grc' dir='ltr'>Βαρὸἀρους,</span> <span class='ocrx_word' id='word_1_659' title='bbox 2543 3363 2825 3426; x_wconf 72' lang='grc' dir='ltr'>ἐθέλοντας</span> <span class='ocrx_word' id='word_1_660' title='bbox 2853 3365 2908 3416; x_wconf 85' lang='grc' dir='ltr'>δὲ</span> <span class='ocrx_word' id='word_1_661' title='bbox 2935 3366 3080 3432; x_wconf 81' lang='grc' dir='ltr'>ὅμως</span> <span class='ocrx_word' id='word_1_662' title='bbox 3120 3366 3224 3416; x_wconf 80' lang='grc' dir='ltr'>ὑπὸ</span> <span class='ocrx_word' id='word_1_663' title='bbox 3252 3366 3477 3431; x_wconf 38' lang='lat' dir='ltr'><strong>mare»</strong></span> <span class='ocrx_word' id='word_1_664' title='bbox 3503 3366 3622 3432; x_wconf 69' lang='grc' dir='ltr'>δόρυ</span> <span class='ocrx_word' id='word_1_665' title='bbox 3652 3366 3719 3428; x_wconf 60' lang='grc' dir='ltr'><strong>τί·</strong></span> 
     </span>
    </p>
   </div>
   <div class='ocr_carea' id='block_1_92' title="bbox 2172 3454 3718 3526">
    <p class='ocr_par' dir='ltr' id='par_1_92' title="bbox 2172 3454 3718 3526">
     <span class='ocr_line' id='line_1_92' title="bbox 2172 3454 3718 3526; baseline -0.002 -21"><span class='ocrx_word' id='word_1_666' title='bbox 2172 3454 2377 3516; x_wconf 79' lang='grc' dir='ltr'>νεσοαι,</span> <span class='ocrx_word' id='word_1_667' title='bbox 2405 3454 2666 3524; x_wconf 76' lang='grc' dir='ltr'>δεξαίμην</span> <span class='ocrx_word' id='word_1_668' title='bbox 2695 3457 2820 3524; x_wconf 74' lang='grc' dir='ltr'>μὴν,</span> <span class='ocrx_word' id='word_1_669' title='bbox 2846 3456 2962 3507; x_wconf 78' lang='grc' dir='ltr'>ἀλλ’</span> <span class='ocrx_word' id='word_1_670' title='bbox 2987 3456 3082 3509; x_wconf 86' lang='grc' dir='ltr'><strong>οὑκ</strong></span> <span class='ocrx_word' id='word_1_671' title='bbox 3110 3457 3223 3524; x_wconf 82' lang='grc' dir='ltr'>ἰδίῳ</span> <span class='ocrx_word' id='word_1_672' title='bbox 3246 3455 3544 3526; x_wconf 75' lang='grc' dir='ltr'>προσώπῳ,</span> <span class='ocrx_word' id='word_1_673' title='bbox 3571 3455 3718 3524; x_wconf 59' lang='lat' dir='ltr'><strong>(Spitsz</strong></span> 
     </span>
    </p>
   </div>
   <div class='ocr_carea' id='block_1_93' title="bbox 2172 3547 3717 3618">
    <p class='ocr_par' dir='ltr' id='par_1_93' title="bbox 2172 3547 3717 3618">
     <span class='ocr_line' id='line_1_93' title="bbox 2172 3547 3717 3618; baseline -0.002 -19"><span class='ocrx_word' id='word_1_674' title='bbox 2172 3547 2226 3599; x_wconf 86' lang='grc' dir='ltr'>δὲ</span> <span class='ocrx_word' id='word_1_675' title='bbox 2262 3550 2482 3609; x_wconf 70' lang='grc' dir='ltr'>τούτους</span> <span class='ocrx_word' id='word_1_676' title='bbox 2516 3549 2677 3600; x_wconf 75' lang='grc' dir='ltr'>ἕνεκα</span> <span class='ocrx_word' id='word_1_677' title='bbox 2724 3547 2814 3600; x_wconf 82' lang='grc' dir='ltr'><strong>σοὺ</strong></span> <span class='ocrx_word' id='word_1_678' title='bbox 2851 3565 2909 3600; x_wconf 85' lang='grc' dir='ltr'><strong>τε</strong></span> <span class='ocrx_word' id='word_1_679' title='bbox 2948 3551 3042 3601; x_wconf 75' lang='grc' dir='ltr'>καὶ</span> <span class='ocrx_word' id='word_1_680' title='bbox 3077 3548 3169 3601; x_wconf 82' lang='grc' dir='ltr'>τοῦ</span> <span class='ocrx_word' id='word_1_681' title='bbox 3212 3549 3580 3618; x_wconf 71' lang='grc' dir='ltr'>περιποθήτου</span> <span class='ocrx_word' id='word_1_682' title='bbox 3622 3548 3717 3597; x_wconf 69' lang='grc' dir='ltr'>υἱοῦ</span> 
     </span>
    </p>
   </div>
   <div class='ocr_carea' id='block_1_94' title="bbox 2175 3635 3719 3706">
    <p class='ocr_par' dir='ltr' id='par_1_94' title="bbox 2175 3635 3719 3706">
     <span class='ocr_line' id='line_1_94' title="bbox 2175 3635 3719 3706; baseline -0.011 -18"><span class='ocrx_word' id='word_1_683' title='bbox 2175 3653 2265 3689; x_wconf 75' lang='grc' dir='ltr'><strong>σου</strong></span> <span class='ocrx_word' id='word_1_684' title='bbox 2304 3637 2398 3689; x_wconf 75' lang='grc' dir='ltr'>καὶ</span> <span class='ocrx_word' id='word_1_685' title='bbox 2441 3637 2537 3699; x_wconf 83' lang='grc' dir='ltr'>τὰς</span> <span class='ocrx_word' id='word_1_686' title='bbox 2584 3637 2642 3702; x_wconf 77' lang='grc' dir='ltr'>ἐξ</span> <span class='ocrx_word' id='word_1_687' title='bbox 2692 3637 2868 3690; x_wconf 67' lang='grc' dir='ltr'>αὐτῶν</span> <span class='ocrx_word' id='word_1_688' title='bbox 2909 3637 3091 3706; x_wconf 78' lang='grc' dir='ltr'>χώρας</span> <span class='ocrx_word' id='word_1_689' title='bbox 3124 3637 3515 3706; x_wconf 49' lang='grc' dir='ltr'>παραλήψομαι</span> <span class='ocrx_word' id='word_1_690' title='bbox 3552 3635 3719 3700; x_wconf 49' lang='grc' dir='ltr'>δικαίῳ</span> 
     </span>
    </p>
   </div>
   <div class='ocr_carea' id='block_1_95' title="bbox 2171 3726 3722 3798">
    <p class='ocr_par' dir='ltr' id='par_1_95' title="bbox 2171 3726 3722 3798">
     <span class='ocr_line' id='line_1_95' title="bbox 2171 3726 3722 3798; baseline -0.003 -19"><span class='ocrx_word' id='word_1_691' title='bbox 2171 3729 2270 3795; x_wconf 81' lang='grc' dir='ltr'>τῆς</span> <span class='ocrx_word' id='word_1_692' title='bbox 2306 3727 2583 3796; x_wconf 79' lang='grc' dir='ltr'>βασιλείας</span> <span class='ocrx_word' id='word_1_693' title='bbox 2627 3732 2722 3798; x_wconf 83' lang='grc' dir='ltr'>τῆς</span> <span class='ocrx_word' id='word_1_694' title='bbox 2764 3729 3070 3798; x_wconf 77' lang='grc' dir='ltr'>ὑμετέρας,</span> <span class='ocrx_word' id='word_1_695' title='bbox 3106 3727 3199 3780; x_wconf 64' lang='grc' dir='ltr'><strong>καλ⁵</strong></span> <span class='ocrx_word' id='word_1_696' title='bbox 3232 3729 3485 3780; x_wconf 70' lang='grc' dir='ltr'>ἐντεῦθεν</span> <span class='ocrx_word' id='word_1_697' title='bbox 3517 3728 3574 3778; x_wconf 72' lang='grc' dir='ltr'>τὸ</span> <span class='ocrx_word' id='word_1_698' title='bbox 3605 3726 3722 3791; x_wconf 64' lang='grc' dir='ltr'>ὑπὲρ</span> 
     </span>
    </p>
   </div>
   <div class='ocr_carea' id='block_1_96' title="bbox 2174 3819 3719 3892">
    <p class='ocr_par' dir='ltr' id='par_1_96' title="bbox 2174 3819 3719 3890">
     <span class='ocr_line' id='line_1_96' title="bbox 2174 3819 3719 3890; baseline -0.003 -17"><span class='ocrx_word' id='word_1_699' title='bbox 2174 3819 2355 3873; x_wconf 85' lang='grc' dir='ltr'>αὑτῶν</span> <span class='ocrx_word' id='word_1_700' title='bbox 2391 3821 2881 3890; x_wconf 71' lang='grc' dir='ltr'>προσταττόμενον,</span> <span class='ocrx_word' id='word_1_701' title='bbox 2912 3821 3336 3890; x_wconf 76' lang='grc' dir='ltr'>ἀπροφασίστως</span> <span class='ocrx_word' id='word_1_702' title='bbox 3374 3822 3544 3871; x_wconf 81' lang='grc' dir='ltr'>ποιεῖν</span> <span class='ocrx_word' id='word_1_703' title='bbox 3575 3821 3719 3882; x_wconf 78' lang='grc' dir='ltr'><strong>ἐπα-ί·</strong></span> 
     </span>
    </p>
   </div>
   <div class='ocr_carea' id='block_1_97' title="bbox 2173 3909 3721 3980">
    <p class='ocr_par' dir='ltr' id='par_1_97' title="bbox 2173 3909 3721 3980">
     <span class='ocr_line' id='line_1_97' title="bbox 2173 3909 3721 3980; baseline -0.001 -20"><span class='ocrx_word' id='word_1_704' title='bbox 2173 3910 2455 3978; x_wconf 81' lang='grc' dir='ltr'>γέλλομαι.</span> <span class='ocrx_word' id='word_1_705' title='bbox 2498 3909 2686 3964; x_wconf 78' lang='grc' dir='ltr'>Ταῦτα</span> <span class='ocrx_word' id='word_1_706' title='bbox 2719 3913 2818 3980; x_wconf 79' lang='grc' dir='ltr'>μὲν</span> <span class='ocrx_word' id='word_1_707' title='bbox 2859 3914 2987 3980; x_wconf 74' lang='grc' dir='ltr'>περὶ</span> <span class='ocrx_word' id='word_1_708' title='bbox 3025 3912 3132 3964; x_wconf 83' lang='grc' dir='ltr'>τῶν</span> <span class='ocrx_word' id='word_1_709' title='bbox 3171 3912 3382 3964; x_wconf 81' lang='grc' dir='ltr'>πόλεων</span> <span class='ocrx_word' id='word_1_710' title='bbox 3408 3914 3502 3963; x_wconf 74' lang='grc' dir='ltr'>καὶ</span> <span class='ocrx_word' id='word_1_711' title='bbox 3525 3909 3721 3979; x_wconf 75' lang='grc' dir='ltr'>χωρῶν,</span> 
     </span>
    </p>
   </div>
   <div class='ocr_carea' id='block_1_98' title="bbox 2173 4001 3724 4073">
    <p class='ocr_par' dir='ltr' id='par_1_98' title="bbox 2173 4001 3724 4073">
     <span class='ocr_line' id='line_1_98' title="bbox 2173 4001 3724 4073; baseline -0.002 -20"><span class='ocrx_word' id='word_1_712' title='bbox 2173 4001 2294 4053; x_wconf 84' lang='grc' dir='ltr'>ὅσαι</span> <span class='ocrx_word' id='word_1_713' title='bbox 2326 4001 2430 4053; x_wconf 73' lang='grc' dir='ltr'>ὑπὸ</span> <span class='ocrx_word' id='word_1_714' title='bbox 2462 4001 2520 4053; x_wconf 79' lang='grc' dir='ltr'>τὸ</span> <span class='ocrx_word' id='word_1_715' title='bbox 2551 4003 2829 4072; x_wconf 74' lang='grc' dir='ltr'>σκῆπτρον</span> <span class='ocrx_word' id='word_1_716' title='bbox 2860 4004 2956 4073; x_wconf 79' lang='grc' dir='ltr'>τῆς</span> <span class='ocrx_word' id='word_1_717' title='bbox 3004 4003 3292 4073; x_wconf 68' lang='grc' dir='ltr'>Ῥωμαίων</span> <span class='ocrx_word' id='word_1_718' title='bbox 3323 4005 3492 4072; x_wconf 81' lang='grc' dir='ltr'>τύχης</span> <span class='ocrx_word' id='word_1_719' title='bbox 3521 4001 3724 4069; x_wconf 78' lang='grc' dir='ltr'>ἐτύγχα-</span> 
     </span>
    </p>
   </div>
   <div class='ocr_carea' id='block_1_99' title="bbox 2174 4089 3724 4167">
    <p class='ocr_par' dir='ltr' id='par_1_99' title="bbox 2174 4089 3724 4167">
     <span class='ocr_line' id='line_1_99' title="bbox 2174 4089 3724 4167; baseline 0 -23"><span class='ocrx_word' id='word_1_720' title='bbox 2174 4111 2263 4144; x_wconf 87' lang='grc' dir='ltr'><strong>νον</strong></span> <span class='ocrx_word' id='word_1_721' title='bbox 2310 4089 2488 4146; x_wconf 76' lang='grc' dir='ltr'>οὗσαι.</span> <span class='ocrx_word' id='word_1_722' title='bbox 2535 4096 2670 4164; x_wconf 73' lang='grc' dir='ltr'>Περὶ</span> <span class='ocrx_word' id='word_1_723' title='bbox 2702 4095 2757 4148; x_wconf 82' lang='grc' dir='ltr'>δὲ</span> <span class='ocrx_word' id='word_1_724' title='bbox 2799 4097 2906 4149; x_wconf 82' lang='grc' dir='ltr'>τῶν</span> <span class='ocrx_word' id='word_1_725' title='bbox 2953 4097 3177 4167; x_wconf 68' lang='grc' dir='ltr'>μηδέπω</span> <span class='ocrx_word' id='word_1_726' title='bbox 3217 4097 3637 4149; x_wconf 77' lang='grc' dir='ltr'>δεδουλευκότων</span> <span class='ocrx_word' id='word_1_727' title='bbox 3672 4097 3724 4160; x_wconf 74' lang='grc' dir='ltr'>τῇ</span> 
     </span>
    </p>
   </div>
   <div class='ocr_carea' id='block_1_100' title="bbox 2185 4182 3723 4256">
    <p class='ocr_par' dir='ltr' id='par_1_100' title="bbox 2185 4182 3723 4256">
     <span class='ocr_line' id='line_1_100' title="bbox 2185 4182 3723 4256; baseline -0.002 -22"><span class='ocrx_word' id='word_1_728' title='bbox 2185 4182 2486 4253; x_wconf 79' lang='grc' dir='ltr'>Ῥωμανίᾳ,</span> <span class='ocrx_word' id='word_1_729' title='bbox 2521 4183 2696 4236; x_wconf 77' lang='grc' dir='ltr'>ταῦτα</span> <span class='ocrx_word' id='word_1_730' title='bbox 2727 4185 2965 4255; x_wconf 84' lang='grc' dir='ltr'>ἐνόρκως</span> <span class='ocrx_word' id='word_1_731' title='bbox 2991 4186 3536 4256; x_wconf 75' lang='grc' dir='ltr'>κατεπαγγέλλομαι,</span> <span class='ocrx_word' id='word_1_732' title='bbox 3564 4185 3630 4247; x_wconf 84' lang='grc' dir='ltr'>ὡς</span> <span class='ocrx_word' id='word_1_733' title='bbox 3655 4185 3723 4234; x_wconf 76' lang='grc' dir='ltr'>ἵνα</span> 
     </span>
    </p>
   </div>
   <div class='ocr_carea' id='block_1_101' title="bbox 2174 4274 3728 4347">
    <p class='ocr_par' dir='ltr' id='par_1_101' title="bbox 2174 4274 3728 4347">
     <span class='ocr_line' id='line_1_101' title="bbox 2174 4274 3728 4347; baseline -0.001 -22"><span class='ocrx_word' id='word_1_734' title='bbox 2174 4274 2270 4335; x_wconf 82' lang='grc' dir='ltr'>τάς</span> <span class='ocrx_word' id='word_1_735' title='bbox 2294 4291 2350 4325; x_wconf 85' lang='grc' dir='ltr'><strong>τε</strong></span> <span class='ocrx_word' id='word_1_736' title='bbox 2377 4276 2748 4344; x_wconf 76' lang='grc' dir='ltr'>ἐπερχομένας</span> <span class='ocrx_word' id='word_1_737' title='bbox 2782 4293 2870 4345; x_wconf 90' lang='grc' dir='ltr'><strong>μοι</strong></span> <span class='ocrx_word' id='word_1_738' title='bbox 2894 4277 3076 4347; x_wconf 88' lang='grc' dir='ltr'>χώρας</span> <span class='ocrx_word' id='word_1_739' title='bbox 3105 4278 3232 4330; x_wconf 74' lang='grc' dir='ltr'>ἄνευ</span> <span class='ocrx_word' id='word_1_740' title='bbox 3256 4277 3518 4346; x_wconf 79' lang='grc' dir='ltr'>πολέμου,</span> <span class='ocrx_word' id='word_1_741' title='bbox 3551 4276 3583 4346; x_wconf 77' lang='grc' dir='ltr'><strong>ἢ</strong></span> <span class='ocrx_word' id='word_1_742' title='bbox 3611 4275 3728 4344; x_wconf 69' lang='grc' dir='ltr'>μετὰ</span> 
     </span>
    </p>
   </div>
   <div class='ocr_carea' id='block_1_102' title="bbox 2176 4363 3727 4435">
    <p class='ocr_par' dir='ltr' id='par_1_102' title="bbox 2176 4363 3727 4435">
     <span class='ocr_line' id='line_1_102' title="bbox 2176 4363 3727 4435; baseline 0.002 -21"><span class='ocrx_word' id='word_1_743' title='bbox 2176 4363 2413 4433; x_wconf 83' lang='grc' dir='ltr'>πολέμου</span> <span class='ocrx_word' id='word_1_744' title='bbox 2439 4366 2531 4416; x_wconf 76' lang='grc' dir='ltr'>καὶ</span> <span class='ocrx_word' id='word_1_745' title='bbox 2565 4365 2764 4435; x_wconf 81' lang='grc' dir='ltr'>μάχης,</span> <span class='ocrx_word' id='word_1_746' title='bbox 2803 4367 2896 4419; x_wconf 78' lang='grc' dir='ltr'>καὶ</span> <span class='ocrx_word' id='word_1_747' title='bbox 2932 4368 3134 4427; x_wconf 71' lang='grc' dir='ltr'>ταύτας</span> <span class='ocrx_word' id='word_1_748' title='bbox 3170 4369 3389 4431; x_wconf 78' lang='grc' dir='ltr'>ἀπάτας</span> <span class='ocrx_word' id='word_1_749' title='bbox 3417 4368 3493 4428; x_wconf 86' lang='grc' dir='ltr'><strong>ώς</strong></span> <span class='ocrx_word' id='word_1_750' title='bbox 3520 4368 3623 4419; x_wconf 76' lang='grc' dir='ltr'>ἀπὸ</span> <span class='ocrx_word' id='word_1_751' title='bbox 3645 4366 3727 4431; x_wconf 75' lang='grc' dir='ltr'>τῆς</span> 
     </span>
    </p>
   </div>
   <div class='ocr_carea' id='block_1_103' title="bbox 2177 4455 3727 4530">
    <p class='ocr_par' dir='ltr' id='par_1_103' title="bbox 2177 4455 3727 4530">
     <span class='ocr_line' id='line_1_103' title="bbox 2177 4455 3727 4530; baseline 0 -24"><span class='ocrx_word' id='word_1_752' title='bbox 2177 4455 2449 4524; x_wconf 77' lang='grc' dir='ltr'>ὑμετέρας</span> <span class='ocrx_word' id='word_1_753' title='bbox 2477 4455 2753 4525; x_wconf 80' lang='grc' dir='ltr'>βασιλείας</span> <span class='ocrx_word' id='word_1_754' title='bbox 2779 4456 3087 4527; x_wconf 77' lang='grc' dir='ltr'>λογίζομαι,</span> <span class='ocrx_word' id='word_1_755' title='bbox 3123 4459 3230 4510; x_wconf 75' lang='grc' dir='ltr'>εἴτε</span> <span class='ocrx_word' id='word_1_756' title='bbox 3257 4459 3558 4530; x_wconf 82' lang='grc' dir='ltr'>Τουρκικαί</span> <span class='ocrx_word' id='word_1_757' title='bbox 3585 4461 3727 4516; x_wconf 74' lang='grc' dir='ltr'>εἰσιν,</span> 
     </span>
    </p>
   </div>
   <div class='ocr_carea' id='block_1_104' title="bbox 2105 4546 3728 4620">
    <p class='ocr_par' dir='ltr' id='par_1_104' title="bbox 2105 4546 3728 4620">
     <span class='ocr_line' id='line_1_104' title="bbox 2105 4546 3728 4620; baseline -0.001 -22"><span class='ocrx_word' id='word_1_758' title='bbox 2105 4556 2144 4608; x_wconf 83' lang='lat' dir='ltr'><strong>D</strong></span> <span class='ocrx_word' id='word_1_759' title='bbox 2176 4547 2285 4598; x_wconf 72' lang='grc' dir='ltr'>εἴτε</span> <span class='ocrx_word' id='word_1_760' title='bbox 2326 4546 2667 4615; x_wconf 77' lang='grc' dir='ltr'>Ἀρμενικαὶ,</span> <span class='ocrx_word' id='word_1_761' title='bbox 2697 4547 2792 4599; x_wconf 70' lang='grc' dir='ltr'><strong>καὶ</strong></span> <span class='ocrx_word' id='word_1_762' title='bbox 2823 4547 2896 4610; x_wconf 86' lang='grc' dir='ltr'>ὡς</span> <span class='ocrx_word' id='word_1_763' title='bbox 2928 4549 2992 4601; x_wconf 77' lang='grc' dir='ltr'>ἄν</span> <span class='ocrx_word' id='word_1_764' title='bbox 3021 4566 3105 4610; x_wconf 78' lang='grc' dir='ltr'><strong>τις</strong></span> <span class='ocrx_word' id='word_1_765' title='bbox 3294 4548 3404 4600; x_wconf 81' lang='grc' dir='ltr'>τῶν</span> <span class='ocrx_word' id='word_1_766' title='bbox 3427 4552 3530 4618; x_wconf 78' lang='grc' dir='ltr'>τὴν</span> <span class='ocrx_word' id='word_1_767' title='bbox 3557 4547 3728 4616; x_wconf 75' lang='grc' dir='ltr'>ἡμετέ-</span> 
     </span>
    </p>
   </div>
   <div class='ocr_carea' id='block_1_105' title="bbox 2180 4638 3729 4713">
    <p class='ocr_par' dir='ltr' id='par_1_105' title="bbox 2180 4638 3729 4713">
     <span class='ocr_line' id='line_1_105' title="bbox 2180 4638 3729 4713; baseline -0.001 -24"><span class='ocrx_word' id='word_1_768' title='bbox 2180 4655 2278 4706; x_wconf 86' lang='grc' dir='ltr'><strong>ραν</strong></span> <span class='ocrx_word' id='word_1_769' title='bbox 2299 4638 2683 4707; x_wconf 77' lang='grc' dir='ltr'>ἐπισταμένων</span> <span class='ocrx_word' id='word_1_770' title='bbox 2714 4639 2920 4710; x_wconf 81' lang='grc' dir='ltr'>φωνὴν,</span> <span class='ocrx_word' id='word_1_771' title='bbox 2948 4643 3303 4713; x_wconf 77' lang='grc' dir='ltr'>παγανικαὶῆ</span> <span class='ocrx_word' id='word_1_772' title='bbox 3339 4638 3729 4711; x_wconf 80' lang='grc' dir='ltr'>Χριστιανιχοὶ.</span> 
     </span>
    </p>
   </div>
   <div class='ocr_carea' id='block_1_106' title="bbox 2175 4729 3728 4804">
    <p class='ocr_par' dir='ltr' id='par_1_106' title="bbox 2175 4729 3728 4804">
     <span class='ocr_line' id='line_1_106' title="bbox 2175 4729 3728 4804; baseline -0.001 -23"><span class='ocrx_word' id='word_1_773' title='bbox 2175 4730 2312 4791; x_wconf 74' lang='grc' dir='ltr'>Τοὺς</span> <span class='ocrx_word' id='word_1_774' title='bbox 2341 4747 2399 4782; x_wconf 86' lang='grc' dir='ltr'><strong>τε</strong></span> <span class='ocrx_word' id='word_1_775' title='bbox 2425 4729 2531 4782; x_wconf 79' lang='grc' dir='ltr'><strong>ἀπὸ</strong></span> <span class='ocrx_word' id='word_1_776' title='bbox 2559 4730 2667 4782; x_wconf 83' lang='grc' dir='ltr'>τῶν</span> <span class='ocrx_word' id='word_1_777' title='bbox 2695 4731 2861 4784; x_wconf 78' lang='grc' dir='ltr'><strong>ὲονῶν</strong></span> <span class='ocrx_word' id='word_1_778' title='bbox 2892 4735 3217 4802; x_wconf 85' lang='grc' dir='ltr'>προσιόντας</span> <span class='ocrx_word' id='word_1_779' title='bbox 3243 4751 3334 4804; x_wconf 88' lang='grc' dir='ltr'><strong>μοι</strong></span> <span class='ocrx_word' id='word_1_780' title='bbox 3365 4736 3455 4787; x_wconf 73' lang='grc' dir='ltr'>καὶ</span> <span class='ocrx_word' id='word_1_781' title='bbox 3479 4731 3728 4785; x_wconf 70' lang='grc' dir='ltr'>δουλεύειν</span> 
     </span>
    </p>
   </div>
   <div class='ocr_carea' id='block_1_107' title="bbox 2173 4820 3730 4894">
    <p class='ocr_par' dir='ltr' id='par_1_107' title="bbox 2173 4820 3730 4894">
     <span class='ocr_line' id='line_1_107' title="bbox 2173 4820 3730 4894; baseline 0.003 -24"><span class='ocrx_word' id='word_1_782' title='bbox 2173 4822 2297 4889; x_wconf 73' lang='grc' dir='ltr'>ἐμοὶ</span> <span class='ocrx_word' id='word_1_783' title='bbox 2339 4820 2729 4890; x_wconf 77' lang='grc' dir='ltr'>βουλομένους,</span> <span class='ocrx_word' id='word_1_784' title='bbox 2770 4823 2949 4886; x_wconf 74' lang='grc' dir='ltr'>οὕτως</span> <span class='ocrx_word' id='word_1_785' title='bbox 2996 4825 3082 4877; x_wconf 82' lang='grc' dir='ltr'>ἵνα</span> <span class='ocrx_word' id='word_1_786' title='bbox 3113 4827 3336 4889; x_wconf 76' lang='grc' dir='ltr'>τούτους</span> <span class='ocrx_word' id='word_1_787' title='bbox 3374 4825 3730 4894; x_wconf 79' lang='grc' dir='ltr'>παρ;.δέχομαι</span> 
     </span>
    </p>
   </div>
   <div class='ocr_carea' id='block_1_108' title="bbox 2173 4906 3730 4986">
    <p class='ocr_par' dir='ltr' id='par_1_108' title="bbox 2173 4906 3730 4986">
     <span class='ocr_line' id='line_1_108' title="bbox 2173 4906 3730 4986; baseline 0.002 -25"><span class='ocrx_word' id='word_1_788' title='bbox 2173 4910 2247 4972; x_wconf 83' lang='grc' dir='ltr'>ὡς</span> <span class='ocrx_word' id='word_1_789' title='bbox 2275 4906 2410 4963; x_wconf 83' lang='grc' dir='ltr'>εἷναι</span> <span class='ocrx_word' id='word_1_790' title='bbox 2440 4912 2531 4963; x_wconf 73' lang='grc' dir='ltr'>καὶ</span> <span class='ocrx_word' id='word_1_791' title='bbox 2563 4913 2759 4975; x_wconf 80' lang='grc' dir='ltr'>αὑτοὺς</span> <span class='ocrx_word' id='word_1_792' title='bbox 2793 4913 3083 4983; x_wconf 79' lang='grc' dir='ltr'>μέλλοντας</span> <span class='ocrx_word' id='word_1_793' title='bbox 3118 4916 3438 4986; x_wconf 81' lang='grc' dir='ltr'>ἀνθρώπους</span> <span class='ocrx_word' id='word_1_794' title='bbox 3469 4915 3577 4984; x_wconf 81' lang='grc' dir='ltr'>τῆς</span> <span class='ocrx_word' id='word_1_795' title='bbox 3605 4915 3730 4982; x_wconf 71' lang='grc' dir='ltr'>βασι-</span> 
     </span>
    </p>
   </div>
   <div class='ocr_carea' id='block_1_109' title="bbox 2171 5000 3730 5078">
    <p class='ocr_par' dir='ltr' id='par_1_109' title="bbox 2171 5000 3730 5078">
     <span class='ocr_line' id='line_1_109' title="bbox 2171 5000 3730 5078; baseline 0.003 -26"><span class='ocrx_word' id='word_1_796' title='bbox 2171 5000 2322 5064; x_wconf 85' lang='grc' dir='ltr'>λείας</span> <span class='ocrx_word' id='word_1_797' title='bbox 2365 5003 2517 5071; x_wconf 84' lang='grc' dir='ltr'>ὑμῶν</span> <span class='ocrx_word' id='word_1_798' title='bbox 2562 5004 2656 5056; x_wconf 71' lang='grc' dir='ltr'>καὶ</span> <span class='ocrx_word' id='word_1_799' title='bbox 2697 5004 2960 5058; x_wconf 74' lang='grc' dir='ltr'>διαϐαίνοι</span> <span class='ocrx_word' id='word_1_800' title='bbox 2993 5008 3086 5059; x_wconf 73' lang='grc' dir='ltr'>καὶ</span> <span class='ocrx_word' id='word_1_801' title='bbox 3127 5011 3262 5078; x_wconf 72' lang='grc' dir='ltr'>πρὸς</span> <span class='ocrx_word' id='word_1_802' title='bbox 3297 5007 3520 5069; x_wconf 83' lang='grc' dir='ltr'>τούτους</span> <span class='ocrx_word' id='word_1_803' title='bbox 3564 5009 3600 5076; x_wconf 74' lang='grc' dir='ltr'><strong>η</strong></span> <span class='ocrx_word' id='word_1_804' title='bbox 3638 5006 3730 5073; x_wconf 50' lang='grc' dir='ltr'><strong>ἐμὴ</strong></span> 
     </span>
    </p>
   </div>
   <div class='ocr_carea' id='block_1_110' title="bbox 2175 5093 3730 5166">
    <p class='ocr_par' dir='ltr' id='par_1_110' title="bbox 2175 5093 3730 5166">
     <span class='ocr_line' id='line_1_110' title="bbox 2175 5093 3730 5166; baseline -0.011 -5"><span class='ocrx_word' id='word_1_805' title='bbox 2175 5095 2466 5161; x_wconf 63' lang='grc' dir='ltr'><strong>συμφωνία</strong></span> <span class='ocrx_word' id='word_1_806' title='bbox 2496 5093 2630 5164; x_wconf 76' lang='grc' dir='ltr'>πρὸς</span> <span class='ocrx_word' id='word_1_807' title='bbox 2661 5098 2720 5146; x_wconf 83' lang='grc' dir='ltr'><strong>τὸ</strong></span> <span class='ocrx_word' id='word_1_808' title='bbox 2758 5097 2959 5164; x_wconf 77' lang='grc' dir='ltr'>κράτος</span> <span class='ocrx_word' id='word_1_809' title='bbox 2986 5097 3085 5165; x_wconf 78' lang='grc' dir='ltr'>τῆς</span> <span class='ocrx_word' id='word_1_810' title='bbox 3121 5097 3402 5166; x_wconf 84' lang='grc' dir='ltr'>βασιλείας</span> <span class='ocrx_word' id='word_1_811' title='bbox 3433 5116 3552 5160; x_wconf 81' lang='grc' dir='ltr'>σου,</span> <span class='ocrx_word' id='word_1_812' title='bbox 3591 5096 3730 5148; x_wconf 76' lang='grc' dir='ltr'>καίοί</span> 
     </span>
    </p>
   </div>
   <div class='ocr_carea' id='block_1_111' title="bbox 2172 5185 3731 5257">
    <p class='ocr_par' dir='ltr' id='par_1_111' title="bbox 2172 5185 3731 5257">
     <span class='ocr_line' id='line_1_111' title="bbox 2172 5185 3731 5257; baseline 0.003 -21"><span class='ocrx_word' id='word_1_813' title='bbox 2172 5185 2691 5253; x_wconf 81' lang='grc' dir='ltr'>κατεμπεδωθέντες</span> <span class='ocrx_word' id='word_1_814' title='bbox 2733 5185 2776 5216; x_wconf 74' lang='grc'><strong>⁸⁸</strong></span> <span class='ocrx_word' id='word_1_815' title='bbox 2823 5188 2998 5257; x_wconf 80' lang='grc' dir='ltr'>ὅρκοι.</span> <span class='ocrx_word' id='word_1_816' title='bbox 3043 5190 3151 5240; x_wconf 76' lang='grc' dir='ltr'><strong>Καὶ</strong></span> <span class='ocrx_word' id='word_1_817' title='bbox 3186 5191 3392 5242; x_wconf 85' lang='grc' dir='ltr'>τούτων</span> <span class='ocrx_word' id='word_1_818' title='bbox 3437 5190 3621 5243; x_wconf 80' lang='grc' dir='ltr'>αὑτῶν</span> <span class='ocrx_word' id='word_1_819' title='bbox 3652 5187 3731 5247; x_wconf 68' lang='lat'><strong>0&#39;3;</strong></span> 
     </span>
    </p>
   </div>
   <div class='ocr_carea' id='block_1_112' title="bbox 2175 5272 3732 5350">
    <p class='ocr_par' dir='ltr' id='par_1_112' title="bbox 2175 5272 3732 5350">
     <span class='ocr_line' id='line_1_112' title="bbox 2175 5272 3732 5350; baseline 0.004 -27"><span class='ocrx_word' id='word_1_820' title='bbox 2175 5273 2272 5341; x_wconf 79' lang='grc' dir='ltr'>μὲν</span> <span class='ocrx_word' id='word_1_821' title='bbox 2308 5272 2374 5326; x_wconf 84' lang='grc' dir='ltr'>ἂν</span> <span class='ocrx_word' id='word_1_822' title='bbox 2404 5273 2634 5326; x_wconf 77' lang='grc' dir='ltr'>ἐθέλοιτε</span> <span class='ocrx_word' id='word_1_823' title='bbox 2664 5273 2820 5343; x_wconf 78' lang='grc' dir='ltr'>ὑμεῖς</span> <span class='ocrx_word' id='word_1_824' title='bbox 2852 5278 2900 5328; x_wconf 85' lang='grc' dir='ltr'>οἱ</span> <span class='ocrx_word' id='word_1_825' title='bbox 2933 5277 3278 5332; x_wconf 78' lang='grc' dir='ltr'>ἀεισέὗαστοι</span> <span class='ocrx_word' id='word_1_826' title='bbox 3314 5280 3358 5310; x_wconf 77' lang='grc'>⁸⁸</span> <span class='ocrx_word' id='word_1_827' title='bbox 3383 5280 3624 5350; x_wconf 75' lang='grc' dir='ltr'>βασιλεῖς</span> <span class='ocrx_word' id='word_1_828' title='bbox 3655 5276 3732 5330; x_wconf 71' lang='grc' dir='ltr'>ὑπ’</span> 
     </span>
    </p>
   </div>
   <div class='ocr_carea' id='block_1_113' title="bbox 2168 5365 3732 5443">
    <p class='ocr_par' dir='ltr' id='par_1_113' title="bbox 2168 5365 3732 5443">
     <span class='ocr_line' id='line_1_113' title="bbox 2168 5365 3732 5443; baseline 0.003 -27"><span class='ocrx_word' id='word_1_829' title='bbox 2168 5366 2267 5434; x_wconf 75' lang='grc' dir='ltr'><strong>ἐμὲ</strong></span> <span class='ocrx_word' id='word_1_830' title='bbox 2306 5365 2614 5428; x_wconf 84' lang='grc' dir='ltr'>τάττεσθαι,</span> <span class='ocrx_word' id='word_1_831' title='bbox 2653 5367 2919 5420; x_wconf 80' lang='grc' dir='ltr'>τάττοιντ’</span> <span class='ocrx_word' id='word_1_832' title='bbox 2950 5371 3035 5423; x_wconf 77' lang='grc' dir='ltr'><strong>ἄν’</strong></span> <span class='ocrx_word' id='word_1_833' title='bbox 3064 5370 3157 5434; x_wconf 84' lang='grc' dir='ltr'>οὒς</span> <span class='ocrx_word' id='word_1_834' title='bbox 3180 5373 3235 5425; x_wconf 76' lang='grc' dir='ltr'>δὲ</span> <span class='ocrx_word' id='word_1_835' title='bbox 3262 5375 3498 5443; x_wconf 77' lang='grc' dir='ltr'>πέμπειν</span> <span class='ocrx_word' id='word_1_836' title='bbox 3533 5372 3662 5441; x_wconf 69' lang='grc' dir='ltr'>πρὸς</span> <span class='ocrx_word' id='word_1_837' title='bbox 3682 5368 3732 5420; x_wconf 64' lang='grc' dir='ltr'>τὸ</span> 
     </span>
    </p>
   </div>
   <div class='ocr_carea' id='block_1_114' title="bbox 2171 5455 3729 5532">
    <p class='ocr_par' dir='ltr' id='par_1_114' title="bbox 2171 5455 3729 5532">
     <span class='ocr_line' id='line_1_114' title="bbox 2171 5455 3729 5532; baseline 0.009 -27"><span class='ocrx_word' id='word_1_838' title='bbox 2171 5455 2437 5525; x_wconf 83' lang='grc' dir='ltr'>ὑμέτερον</span> <span class='ocrx_word' id='word_1_839' title='bbox 2481 5457 2683 5525; x_wconf 85' lang='grc' dir='ltr'>κράτος</span> <span class='ocrx_word' id='word_1_840' title='bbox 2739 5457 2994 5528; x_wconf 75' lang='grc' dir='ltr'>βούλεσθε</span> <span class='ocrx_word' id='word_1_841' title='bbox 3038 5460 3392 5532; x_wconf 80' lang='grc' dir='ltr'>βουλομένων.</span> <span class='ocrx_word' id='word_1_842' title='bbox 3432 5463 3729 5519; x_wconf 76' lang='grc' dir='ltr'>κάκείνων.</span> 
     </span>
    </p>
   </div>
   <div class='ocr_carea' id='block_1_115' title="bbox 2170 5546 3730 5627">
    <p class='ocr_par' dir='ltr' id='par_1_115' title="bbox 2170 5546 3730 5627">
     <span class='ocr_line' id='line_1_115' title="bbox 2170 5546 3730 5627; baseline 0.004 -27"><span class='ocrx_word' id='word_1_843' title='bbox 2170 5546 2454 5600; x_wconf 83' lang='grc' dir='ltr'>ἀποστελῶ</span> <span class='ocrx_word' id='word_1_844' title='bbox 2474 5586 2490 5613; x_wconf 86' lang='grc'><strong>,</strong></span> <span class='ocrx_word' id='word_1_845' title='bbox 2523 5548 2965 5622; x_wconf 77' lang='grc' dir='ltr'>μὴ’βουλομὲνων</span> <span class='ocrx_word' id='word_1_846' title='bbox 2995 5554 3051 5608; x_wconf 81' lang='grc' dir='ltr'>δὲ</span> <span class='ocrx_word' id='word_1_847' title='bbox 3076 5595 3092 5623; x_wconf 84' lang='grc'><strong>,</strong></span> <span class='ocrx_word' id='word_1_848' title='bbox 3128 5555 3264 5611; x_wconf 81' lang='grc' dir='ltr'>ἀλλὰ</span> <span class='ocrx_word' id='word_1_849' title='bbox 3296 5554 3730 5627; x_wconf 71' lang='grc' dir='ltr'>ἀπαναινομένων</span> 
     </span>
    </p>
   </div>
   <div class='ocr_carea' id='block_1_116' title="bbox 1574 5707 2736 5779">
    <p class='ocr_par' dir='ltr' id='par_1_116' title="bbox 1574 5707 2736 5779">
     <span class='ocr_line' id='line_1_116' title="bbox 1574 5707 2736 5779; baseline 0.009 -10"><span class='ocrx_word' id='word_1_850' title='bbox 1574 5707 1786 5770; x_wconf 67' lang='grc' dir='ltr'>νοτία)</span> <span class='ocrx_word' id='word_1_851' title='bbox 1823 5709 2138 5774; x_wconf 86' lang='lat' dir='ltr'><strong>lectiones</strong></span> <span class='ocrx_word' id='word_1_852' title='bbox 2179 5730 2256 5774; x_wconf 82' lang='lat' dir='ltr'><strong>ex</strong></span> <span class='ocrx_word' id='word_1_853' title='bbox 2290 5715 2432 5775; x_wconf 86' lang='lat' dir='ltr'><strong>cod.</strong></span> <span class='ocrx_word' id='word_1_854' title='bbox 2464 5715 2736 5779; x_wconf 89' lang='lat' dir='ltr'><strong>Coisiin.</strong></span> 
     </span>
    </p>
   </div>
   <div class='ocr_carea' id='block_1_117' title="bbox 565 5853 2782 5934">
    <p class='ocr_par' dir='ltr' id='par_1_117' title="bbox 565 5853 2782 5934">
     <span class='ocr_line' id='line_1_117' title="bbox 565 5853 2782 5934; baseline 0.008 -22"><span class='ocrx_word' id='word_1_855' title='bbox 565 5862 611 5894; x_wconf 77' lang='lat'><strong>“</strong></span> <span class='ocrx_word' id='word_1_856' title='bbox 647 5858 741 5913; x_wconf 71' lang='lat' dir='ltr'><strong>ml</strong></span> <span class='ocrx_word' id='word_1_857' title='bbox 779 5858 902 5925; x_wconf 72' lang='grc' dir='ltr'>ἐμοὶ</span> <span class='ocrx_word' id='word_1_858' title='bbox 923 5853 1258 5912; x_wconf 74' lang='grc' dir='ltr'>ἐκδονλεὺειν</span> <span class='ocrx_word' id='word_1_859' title='bbox 1282 5856 1582 5924; x_wconf 73' lang='grc' dir='ltr'>ἐθέλοντας.</span> <span class='ocrx_word' id='word_1_860' title='bbox 1639 5859 1686 5893; x_wconf 82' lang='grc'><strong>⁸⁸</strong></span> <span class='ocrx_word' id='word_1_861' title='bbox 1708 5862 2216 5934; x_wconf 76' lang='grc' dir='ltr'>καταπεμφθέντες.</span> <span class='ocrx_word' id='word_1_862' title='bbox 2294 5866 2340 5899; x_wconf 75' lang='grc'><strong>⁸⁸</strong></span> <span class='ocrx_word' id='word_1_863' title='bbox 2375 5865 2782 5929; x_wconf 77' lang='grc' dir='ltr'>εὖσεδέστατοι.</span> 
     </span>
    </p>
   </div>
  </div>
