3900 6578
463 427 608 496 1023

1693 436 1918 495 ANNzE
1959 436 2339 496 COMNENE

3546 440 3661 500 1024

454 541 574 594 dico
605 542 769 596 libras
790 540 1118 596 Michaelata!
1141 556 1496 611 percussurae.
1535 541 1690 597 Prius
1715 544 1857 597 enim
1889 543 2015 597 mihi

2127 543 2328 604 πάντες
2365 541 2458 594 καὶ
2497 541 2684 596 ὀπόσοι
2725 541 2822 612 τῆς
2853 540 2991 610 ἐμῆς
3027 541 3273 606 ἐξουσίας
3307 541 3417 594 eisi.
3459 543 3548 596 καὶ
3589 549 3662 598 τὸν

455 633 613 685 datus
638 633 972 700 donatusque
1012 642 1095 686 est
1142 648 1238 702 per
1283 634 1422 702 piam
1475 634 1708 688 Auream
1751 633 1954 687 Bullam
1988 649 2018 688 a

457 722 738 790 majestate
774 704 950 776 vestra
990 724 1218 777 ducatus
1261 724 1492 793 integer,
1523 740 1645 779 cum
1675 725 1922 779 omnibus
1953 727 2018 778 ad

454 828 578 864 eum
606 813 998 880 pertinentibus
1031 814 1244 868 arcibus
1279 823 1334 868 et
1377 815 1575 879 terris;
1629 831 1729 870 n0n
1765 817 1814 868 in
1844 832 2017 868 meam

456 917 739 971 personam
777 913 982 956 tantum
1023 915 1351 959 conventura
1381 907 1482 961 ista
1515 907 1689 962 ducali
1734 908 2018 976 dignitate,

454 993 547 1042 St'd
577 992 700 1045 inde
744 997 1082 1062 propaganda
1111 996 1163 1049 in
1201 1011 1579 1065 quemcunque
1628 999 1758 1051 mihi
1808 1013 2024 1052 succes-

454 1093 629 1132 sorem
685 1083 959 1150 elegerint,
1001 1085 1155 1154 cujus
1200 1087 1486 1141 electionis
1522 1094 1573 1141 et
1621 1089 2022 1156 propagationis

455 1165 716 1224 facienda:
750 1173 878 1225 mihi
908 1184 1146 1240 potestas
1190 1177 1448 1243 permissa
1482 1187 1584 1239 est,
1617 1191 1710 1246 per
1734 1181 1876 1246 piant
1909 1177 2020 1228 Att-

2118 633 2280 702 χορδν
2307 633 2414 684 τῶν
2457 633 2606 702 ἐμῶν
2652 633 3006 703 στρατιωτῶν
3046 633 3466 700 ἀπαρτίζουσιν.
3519 635 3656 691 Ἀλλὰ

2117 725 2210 776 καὶ
2240 724 2380 794 ὑπὲρ
2410 723 2518 776 τῶν
2549 725 2654 776 σῶν
2697 724 2909 794 ἐχθρῶν
2933 724 3363 794 (imputo-bisalia
3391 727 3482 777 καὶ
3510 727 3656 797 ἀροῦ-

2121 831 2219 884 μεν
2250 817 2390 868 ὃπ).α
2445 816 2536 868 καὶ
2584 816 2804 884 δόρπα,
2837 815 2930 867 καὶ
2960 818 3071 876 τοῖς
3123 819 3236 878 σοῖς
3292 817 3466 882 φίλοις
3509 819 3655 886 l2th-

2117 905 2316 976 λοῦμεν
2369 908 2465 970 τὰς
2511 907 2726 972 δεξιάς·
2768 907 2861 959 καὶ
2907 908 3085 961 πάντα
3126 909 3192 960 τὰ
3236 907 3375 976 πρὸς
3417 908 3656 974 ὠφέλειαν

2120 997 2214 1049 καὶ
2261 995 2424 1068 τιμὴν
2460 999 2562 1066 τῆς
2590 998 2698 1050 τῶν
2732 998 3021 1066 Ῥωμαίων
3060 999 3240 1067 ἀρχῆς
3284 1001 3549 1068 ἐπινοήσω
3578 1005 3657 1056 καὶ

2121 1089 2560 1158 καταπράξομαι.
2607 1089 2793 1150 Οὕτως
2840 1090 3071 1158 ὀναίμην
3111 1095 3209 1160 τῆς
3244 1090 3336 1142 τοῦ
3386 1091 3513 1142 Θεοῦ
3549 1091 3654 1159 βοη-

2123 1180 2304 1243 θείας·
2338 1184 2482 1235 οὕτω
2529 1182 2621 1236 τοῦ
2667 1184 2902 1256 σταυροῦ
2944 1185 3036 1237 καὶ
3081 1185 3191 1236 τῶν
3241 1185 3399 1237 οεὲων
3449 1187 3659 1251 libans--

455 1273 601 1312 reatu
633 1261 878 1331 Bullaut;
928 1281 1047 1319 Clllll
1074 1282 1137 1320 eo
1165 1276 1340 1321 tamen
1383 1278 1438 1320 ut
1491 1268 1578 1322 ille
1617 1269 1920 1336 quicunque
1952 1270 2025 1322 sit
2120 1271 2274 1325 λίων.
2313 1291 2329 1324 ι

453 1370 736 1412 Successor
771 1377 920 1414 meus
953 1363 1139 1416 eadem
1177 1379 1386 1417 mecum
1435 1365 1704 1418 titletitatis
1736 1373 1898 1433 atque
1958 1368 2200 1434 obsequii
2243 1369 2306 1420 ad
2370 1370 2702 1436 majestatem
2745 1381 2978 1425 vestram
3025 1371 3356 1436 subjectione
3421 1381 3655 1430 teneatur,

453 1456 709 1518 tanquam
748 1468 902 1508 verus
938 1455 1096 1509 homo
1123 1456 1280 1510 lizius
1322 1455 1617 1522 tnajeslalis
1680 1469 1891 1523 vestrae,
1963 1459 2008 1512 ei
2043 1461 2094 1513 itt
2135 1461 2381 1513 omnibus
2405 1477 2522 1528 qua:
2551 1477 2650 1529 ego
2676 1462 2895 1530 prOmisi
2933 1462 3230 1529 Obsequens
3254 1471 3304 1512 ct
3330 1463 3655 1524 consentiens,

457 1545 736 1611 pactisque
768 1561 795 1598 a
840 1563 923 1602 nte
951 1549 1098 1602 initis
1140 1549 1421 1604 inhaerens.
1463 1550 1536 1603 Ex
1571 1550 1693 1604 ltinc
1722 1568 1846 1607 vero
1876 1564 2155 1621 postquam
2183 1554 2344 1608 semel
2374 1566 2549 1608 vester
2597 1557 2753 1609 homo
2800 1557 2972 1609 factus
3044 1569 3185 1618 sum,
3252 1563 3307 1607 et
3371 1555 3434 1604 ad
3500 1555 3654 1606 orlic."

455 1633 782 1705 principatus
815 1643 978 1696 vestri
1014 1645 1283 1713 pertinere
1309 1645 1469 1712 ctnpi,
1527 1647 1696 1700 debeo
1752 1647 1996 1716 accipere
2025 1647 2279 1715 pensione
2313 1663 2489 1700 annua
2558 1663 2589 1704 e
2653 1649 2814 1717 regiis
2870 1646 3140 1700 thesauris
3195 1645 3393 1698 lulettla
3459 1645 3651 1698 ducenta

455 1739 681 1781 monetae
715 1729 941 1785 formam
1009 1744 1062 1788 et
1122 1735 1435 1804 qualitatem
1482 1736 1729 1792 habentis
1795 1738 1995 1792 domini
2049 1737 2325 1792 Michaelis
2376 1739 2465 1808 qui
2520 1740 2668 1808 prius
2713 1739 3018 1808 imperavit,
3068 1754 3163 1807 per
3205 1737 3435 1806 aliquem
3495 1755 3550 1791 ex
3592 1738 3648 1790 rei

453 1821 686 1874 nauticae
733 1824 1000 1889 prwl‘ecﬁs
1044 1828 1236 1880 vestris
1286 1843 1315 1879 c.
1362 1827 1515 1897 Syria
1577 1829 1821 1882 mittendi
1862 1843 1890 1882 a
1933 1845 2017 1882 me
2051 1829 2211 1900 415
2248 1845 2366 1881 cum
2415 1830 2550 1884 meis
2588 1830 2778 1884 litteris
2815 1832 2880 1883 ad
2922 1845 3014 1884 vos
3090 1830 3140 1880 itt
3191 1828 3380 1880 urbem
3468 1831 3636 1896 regiam

454 1921 510 1963 ot
543 1927 603 1965 ea
636 1930 815 1968 eorum
846 1933 872 1969 a
904 1927 1080 1971 vestra
1112 1935 1338 1984 persona
1379 1935 1498 1974 meo
1571 1923 1788 1975 nomine
1860 1923 2107 1990 recipiat.
2147 1924 2222 1975 Ac
2250 1937 2340 1974 vos
2366 1922 2580 1991 quidem
2622 1937 2834 1991 semper
2863 1921 3084 1989 Augusti
3134 1920 3397 1986 principes
3441 1917 3652 1972 Romanae

455 2001 758 2073 reipublicae
782 2008 1156 2077 imperatores,
1181 2011 1536 2080 dignabimiui
1569 2028 1790 2066 servare
1820 2023 1872 2065 et
1901 2027 2021 2066 cum
2066 2013 2168 2066 lide
2207 2013 2427 2080 implere
2456 2029 2788 2081 qumcunque
2831 2015 2882 2067 itt
2914 2015 3063 2066 Bulla
3109 2014 3284 2065 Aurea
3317 2013 3416 2078 piae
3478 2027 3533 2064 ac
3582 2027 3647 2064 re-

454 2093 654 2162 ligiosa:
686 2099 983 2167 tnajestatis
1034 2115 1230 2157 vestra:
1283 2107 1591 2173 eottseripta
1648 2105 2021 2172 promissaqite
2060 2105 2340 2176 suuLEgo
2375 2123 2501 2160 vero
2535 2123 2628 2175 per
2658 2111 2756 2161 hoe
2825 2107 3189 2177 juramentttnt
3239 2121 3298 2160 ett
3353 2105 3418 2158 de
3486 2105 3649 2173 quibus

454 2190 713 2245 hactenus
760 2197 985 2250 conveni
1022 2197 1322 2259 vobiscum,
1365 2197 1518 2250 ﬁrmo
1585 2196 1904 2264 saucioque.
1965 2195 2095 2250 Juro
2133 2199 2274 2251 enim
2320 2213 2414 2264 per
2461 2200 2738 2268 passiones
2789 2200 3108 2267 doloresque
3156 2215 3295 2252 nunc
3349 2197 3656 2269 intpassiliilis

453 2284 749 2342 Salvatoris
781 2286 1006 2352 Christi,
1059 2300 1113 2344 et
1163 2306 1258 2360 per
1319 2291 1573 2344 invictam
1637 2291 1752 2356 ejus
1805 2306 2024 2344 erucem
2068 2305 2230 2360 quam
2262 2306 2356 2359 pro
2409 2293 2584 2347 salute
2619 2292 2858 2346 omnium
2911 2293 3148 2358 pertulit,
3203 2303 3258 2346 et
3286 2309 3385 2363 per
3450 2310 3508 2348 ea
3563 2305 3656 2357 qut!

450 2393 630 2430 coram
661 2378 815 2434 viilco
858 2385 1359 2438 sacrosanctissima
1393 2382 1708 2452 Evangelia,
1759 2397 1880 2451 quae
1923 2383 2111 2436 orbem
2191 2382 2495 2436 universum
2554 2385 2605 2438 in
2676 2396 2788 2440 rete
2848 2384 3050 2439 Christi
3109 2386 3487 2440 concluserttnt
3533 2385 3658 2451 (ltzl't:

449 2471 594 2524 enim
623 2475 1202 2544 tnanuteuensjttro);
1275 2477 1723 2545 pretiosissimam
1789 2489 1918 2530 vero
1943 2474 2142 2528 Christi
2173 2489 2386 2528 crucem
2420 2486 2595 2528 mente
2639 2476 2798 2530 simul
2847 2478 3262 2544 comprehendo,
3337 2485 3390 2528 et
3454 2479 3658 2544 spineam

452 2583 729 2636 coronam,
763 2579 816 2625 et
842 2572 1021 2628 clavos
1053 2583 1106 2627 et
1136 2573 1376 2628 lanceam
1415 2590 1533 2642 qua:
1559 2571 1852 2642 perforavit
1901 2571 2018 2640 ejus
2054 2571 2389 2624 Dominicum
2415 2585 2478 2624 ac
2505 2571 2772 2624 viviticutn
2803 2572 2944 2625 Litus
2974 2589 2988 2625 :
3023 2573 3118 2626 tibi
3193 2574 3558 2640 potentis-imo
3609 2586 3651 2624 et

451 2674 607 2714 sacro
633 2671 818 2715 nostro
846 2662 1158 2729 imperatori
1181 2663 1404 2717 Domino
1426 2664 1612 2716 Alexio
1639 2662 1932 2726 Contneno,
1967 2670 2020 2713 et
2059 2659 2293 2714 c0nsorti
2325 2673 2388 2712 ac
2419 2660 2636 2727 collega:
2669 2659 2878 2728 imperii
2912 2662 2987 2714 tui
3056 2661 3514 2714 desideratissimo
3575 2662 3661 2713 lilio

453 2764 544 2807 tuo
575 2753 794 2808 domino
822 2753 1018 2810 Joanni
1039 2756 1524 2827 Porpltyrogenito,
1583 2769 1668 2810 me
1727 2755 1906 2810 omnia
1941 2765 2096 2822 pacta
2137 2753 2399 2821 promissa
2434 2767 2528 2806 ore
2559 2769 2676 2808 meo
2700 2755 2904 2822 prolata
2929 2756 3325 2810 custoditurum
3357 2769 3409 2808 et
3439 2756 3658 2808 inviolati

453 2856 788 2898 servaturum
847 2848 900 2900 in
944 2863 1104 2903 omne
1152 2856 1362 2916 tempus
1411 2855 1515 2902 :et
1565 2848 1614 2901 itt
1673 2849 1863 2918 eodem
1917 2848 2017 2899 hoc
2057 2860 2216 2914 quem
2250 2859 2393 2898 nunc
2437 2844 2606 2898 habeo
2675 2860 2804 2914 erga
2843 2847 3180 2913 majestatem
3258 2857 3484 2901 vestram
3524 2863 3660 2902 sensit

451 2951 515 2988 ac
549 2939 730 2992 animo
755 2951 1220 3008 perseveraturum
1247 2955 1505 3009 semper:
1551 2953 1725 3010 neque
1767 2939 1847 2992 vel
1891 2938 2114 3006 primam
2139 2937 2518 3006 cogitationem
2577 2937 2708 3000 odii,
2749 2938 2876 3002 doli,
2937 2949 3034 2993 aut
3101 2938 3306 2992 fraudis
3351 2938 3526 2993 ullius‘
3557 2955 3660 3004 erga

455 3043 551 3083 vos
595 3041 968 3100 suscepturum
1047 3043 1486 3090 ostensurumve.
1540 3031 1646 3086 Sed
1703 3031 2052 3102 perstitnrum
2125 3028 2560 3084 constantissime
2589 3029 2896 3084 omnibusa
2931 3045 3013 3083 me
3060 3031 3363 3098 promissis,
3423 3039 3660 3099 nunquam

452 3126 644 3192 quovis
683 3139 968 3194 praetextu,
997 3145 1320 3199 quacunque
1351 3130 1563 3184 ratione
1602 3129 1883 3184 adversum
1917 3143 2012 3182 vos
2052 3126 2366 3196 pejerantlo,
2411 3125 2602 3178 attt‘ad
2628 3123 2790 3177 ullam
2825 3122 3222 3178 revocationem
3293 3138 3387 3190 per
3418 3139 3499 3177 me
3559 3138 3662 3189 pro-

454 3219 764 3285 missorum,
824 3232 917 3276 aut
973 3223 1378 3292 abrogationem
1434 3222 1654 3276 foederis
1715 3221 1874 3290 hujus
1943 3221 2048 3273 ulla
2094 3218 2492 3287 excogitatione
2568 3215 2854 3270 calumniae
2892 3214 3118 3274 callidae.
3171 3215 3474 3278 veniendo;
3517 3230 3662 3279 neque

451 3323 551 3376 ego
594 3309 726 3377 ipse,
763 3324 935 3378 neque
965 3325 1202 3364 meorum
1233 3312 1544 3380 quisquam,
1589 3310 1900 3380 quicunque
1932 3306 2218 3375 potestatis
2245 3320 2374 3359 meae
2399 3312 2528 3358 sunt
2600 3311 2654 3356 et
2728 3302 2956 3354 militum
3007 3317 3246 3354 meorum
3316 3301 3532 3354 chorum
3577 3303 3661 3353 im.

453 3401 621 3467 plent.
655 3401 760 3456 Sed
794 3411 850 3456 et
875 3406 1135 3459 adversus
1169 3414 1290 3459 tuos
1335 3406 1518 3458 hostes
1574 3405 1768 3458 loricas
1818 3403 2120 3466 induentus,
2154 3408 2210 3452 et
2276 3397 2524 3451 tollemus
2601 3410 2750 3448 arma
2812 3409 2875 3448 ac
2915 3393 3152 3457 lanceas,
3207 3403 3263 3446 et
3350 3392 3452 3447 tuis
3504 3391 3663 3442 amicis

455 3493 755 3560 injiciemus
798 3495 1001 3550 amicas
1028 3497 1301 3562 dexteras,
1334 3498 1622 3565 omniaque
1654 3496 1902 3551 similiter
1934 3492 2000 3546 ad
2042 3491 2328 3544 utilitatem
2361 3489 2732 3555 honoremque
2765 3484 2996 3540 Romani
3038 3484 3252 3552 imperii
3319 3481 3558 3551 cogitabo
3611 3498 3662 3534 ac

453 3583 750 3652 perﬁciam.
781 3584 874 3640 Sic
903 3600 989 3640 me
1018 3586 1161 3642 Deus
1185 3588 1403 3657 adjuvet
1431 3605 1446 3642 :
1483 3589 1562 3642 sic
1587 3603 1718 3642 crux
1749 3595 1802 3642 et
1829 3586 2008 3638 divina
2049 3583 2361 3650 Evangelia.
2406 3601 2424 3633 ο

525 3676 655 3732 Haec
675 3681 970 3749 conscripta
995 3691 1118 3737 sunt
1141 3695 1190 3737 et
1205 3684 1512 3749 juramenta
1533 3685 1766 3754 praestita
1791 3686 1844 3739 in
1874 3699 2012 3752 pra:-

2192 3677 2389 3731 Ταῦτα
2407 3676 2636 3746 ἐτράφη
2661 3693 2725 3729 τε
2755 3675 2853 3729 καὶ
2884 3677 2939 3728 ot
2967 3675 3134 3742 ὅρκοι
3157 3675 3661 3740 συνετελέσθησαν

451 3771 622 3824 sentia
663 3773 1076 3843 subscriptoruus
1117 3777 1346 3841 testium,
1379 3794 1552 3832 mense
1585 3777 1897 3843 Septembri,
1937 3778 2015 3830 ina

2127 3773 2416 3837 παρουσίᾳ
2449 3767 2566 3821 τῶν
2582 3766 3168 3837 ὐπογεγραμμμένων
3178 3768 3511 3834 μαρτύρων,
3535 3768 3660 3818 κατὰ

451 3861 692 3915 ‹.¹ίειὲοηὶι
733 3865 993 3930 secundm,
1016 3883 1156 3920 anno
1177 3868 1296 3936 jam
1321 3868 1590 3923 desinente
1639 3871 1804 3923 sexies
1845 3867 2015 3922 mille-

2127 3861 2280 3930 μῆνα
2330 3860 2733 3928 Σεπτέμὸριον
2789 3859 2888 3930 (6),
2939 3860 3224 3925 δευτέρας
3261 3859 3655 3927 ἐπινεμήσεως,

450 3952 586 4004 sima
621 3954 1030 4023 quingentesimo
1056 3956 1257 4010 decimo
1284 3959 1519 4025 septimo.

524 4040 692 4097 Porro
723 4061 944 4114 quorum
987 4047 1042 4100 in
1081 4050 1387 4116 praesentia,
1427 4049 1536 4105 haec
1567 4051 1823 4118 completa
1856 4061 2016 4118 sunt;

448 4132 636 4202 quique
657 4133 736 4188 Itis
758 4135 1107 4204 subscripsere
1127 4147 1280 4192 testes
1313 4139 1520 4203 Itisunt,
1550 4141 1645 4194 Dei
1663 4143 2016 4196 amantissimi

449 4224 692 4289 episcOpi.
732 4250 737 4255 ι

523 4309 819 4379 Amalpltis,
855 4310 1098 4366 Maurus.
1171 4311 1408 4381 Tarenti,
1478 4315 1781 4378 Renardus,
1831 4325 1882 4370 et
1927 4319 2014 4386 qui

449 4417 565 4453 cum
587 4418 646 4456 eo
678 4413 830 4455 erant
859 4404 1058 4466 clerici.
1090 4404 1528 4476 Religiosissimus
1549 4411 1862 4477 pra'positus
1891 4427 2017 4464 san-

449 4494 520 4546 cti
552 4495 854 4548 monasterii
889 4497 944 4549 in
983 4495 1350 4566 Longobardia
1397 4501 1510 4563 siti,
1550 4503 1722 4556 sancti
1769 4505 2012 4567 Andrew,

446 4584 502 4638 in
533 4585 710 4639 insula
747 4585 1034 4642 Brundusii
1071 4605 1090 4643 :
1118 4599 1167 4644 et
1203 4592 1305 4643 duo
1328 4607 1394 4645 ea:
1419 4595 1684 4647 monac/tis
1711 4593 1868 4648 diem:
1925 4597 2013 4649 do-

448 4690 583 4730 mus.
616 4673 890 4746 Principes
915 4679 1332 4749 peregrinorum,
1360 4681 1527 4753 416
1564 4685 1656 4751 qui
1677 4701 1774 4737 sua
1806 4685 2014 4754 quidem

444 4766 596 4834 s’gna
619 4767 722 4836 ipsi
743 4769 1039 4838 ﬁgurarum
1089 4787 1248 4824 manu
1299 4777 1513 4841 prapria

443 4857 679 4912 issorum
711 4876 871 4914 manu
914 4862 1018 4917 Deo
1054 4864 1379 4917 dilectissimi
1434 4867 1666 4936 episcopi
1715 4870 2011 4936 Amalpltis,

441 4951 535 5001 sub
569 4966 746 5004 eorum
785 4953 948 5023 signis
991 4956 1286 5024 subscripta
1343 4966 1467 5010 sunt
1495 4973 1515 5015 .'
1543 4959 1632 5028 qui
1681 4960 1842 5014 etiam
1893 4962 2009 5030 epi-

2117 3955 2294 4017 ἐτους
2322 3951 2440 4019 ἤδη
2472 3951 2976 4019 διαρυισκομένου
2999 3951 3190 4018 ,ςχιζ’.

2191 4048 2254 4099 Ol
2294 4045 2504 4114 μέντοι
2557 4043 3083 4112 παρουσιιὶσαντες
3101 4043 3400 4112 μάρτυρες
3426 4043 3655 4096 malum.

2116 4137 2502 4204 γεγραφότες,
2537 4129 2626 4189 ὧν
2657 4136 2938 4190 ἐναντίον
2961 4135 3146 4188 ταῦτα
3175 4137 3504 4193 τετέλεστο.
3527 4135 3654 4186 εἰσιν

2117 4224 2298 4292 οὗτοι,
2335 4230 2389 4282 at
2423 4228 2875 4296 θεοφιλέστατοι
2902 4227 3250 4278 ἐπίσκοποι.

2190 4322 2261 4372 '0
2282 4337 2346 4372 te
2377 4318 2695 4387 Ἀμάλφης,
2726 4317 2966 4385 Μαῦρος
2986 4359 3000 4382 ,
3045 4316 3143 4369 καὶ
3174 4319 3209 4370 ό
3245 4315 3350 4368 τοῦ
3384 4312 3655 4381 Τερεντοῦ.

2126 4407 2458 4477 Ῥενάρδος,
2487 4409 2586 4460 καὶ
2618 4409 2673 4460 οι
2720 4406 2844 4460 σὺν⁵
2874 4405 3034 4471 αὐτῷ
3077 4406 3373 4472 κληρικοί.
3413 4406 3472 4456 ’0
3502 4407 3642 4456 stila-

2116 4498 2404 4563 ὄέστατος
2479 4497 2929 4564 καθηγούμενος
2986 4494 3100 4562 τῆς
3161 4495 3232 4546 ἐν
3292 4492 3655 4562 Λογγιόαεὸίᾳ

2116 4589 2452 4657 σεϐασμίας
2475 4586 2673 4655 μονῆς
2705 4585 2810 4640 τοῦ
2835 4587 3008 4656 ἁγίου
3054 4584 3331 4653 Ἀνδρέου
3375 4585 3481 4652 τῆς
3511 4585 3572 4637 ἐν
3596 4582 3654 4649 τῇ

2113 4681 2288 4750 νήσῳ
2339 4679 2444 4733 τοῦ
2489 4678 2902 4746 Βρεντησὶου,
2959 4678 3060 4730 καί
3122 4694 3282 4742 τινες
3334 4675 3526 4730 αὐτῶν
3565 4675 3653 4728 δύο

1572 4789 1591 4827 :
1640 4779 1847 4830 nomina
1897 4793 2015 4832 vero

2127 4773 2391 4841 μοναχοι.
2433 4773 2497 4824 Ol
2531 4771 2822 4838 ἄρχοντες
2844 4770 2960 4821 τῶν
2989 4769 3363 4837 περεχφίνων
3386 4771 3448 4822 δ’.
3472 4763 3569 4820 Ὧν
3598 4767 3652 4817 τὰ

2110 4864 2228 4933 μὲν
2273 4864 2456 4930 σιτοιά
2497 4860 2662 4913 αὐτοὶ
2716 4858 3081 4926 διεχὰραεαν
3116 4861 3547 4926 οικειοχειλοωςο
3597 4856 3687 4908 τὰ.

2114 4954 2183 5008 δὲ
2215 4954 2442 5008 τούτων
2470 4953 2736 5020 ὀνόματα
2767 4952 2865 5004 διὰ
2900 4951 3101 5021 χειρὸς
3140 4951 3245 5006 τοῦ
3293 4950 3647 5020 θεοφιλεστὰε

443 5056 628 5106 scapus
698 5043 900 5113 legatus
969 5062 1001 5099 a
1060 5042 1212 5114 Papa
1279 5047 1348 5101 ad
1417 5048 1784 5119 imperatorem
1861 5028 2009 5108 vene-

2127 5063 2219 5100 που
2243 5045 2579 5098 ἐπισκόπου
2616 5042 2944 5111 Ἀμάλφης,
2977 5044 3360 5112 τοῖςίσίγνοις
3381 5058 3642 5110 προσπαρ

445 5143 548 5186 rat.

2114 5138 2486 5208 εγράφησαν,
2523 5136 2591 5200 ὃς
2641 5135 2737 5188 καὶ
2782 5135 3050 5202 πρέσϐυς
3089 5139 3248 5204 παρὰ
3277 5136 3384 5190 τοῦ
3411 5135 3648 5204 minam

2115 5232 2266 5299 πρὸς
2290 5231 2396 5283 τὸν
2424 5227 2830 5295 αὐτοκράτορα
2865 5228 3169 5297 ἐληλύθει.

1482 5341 1674 5402 Vat-ite
1705 5342 2006 5405 lectiones
2042 5361 2117 5407 ex
2151 5347 2292 5406 eod.
2327 5340 2591 5404 Coislin.

513 5430 559 5464 ⁸⁷
588 5433 946 5500 πελεγρῖνων.

1515 5509 1650 5570 Car.
1687 5510 2006 5571 Dutresnii
2043 5511 2131 5572 Du
2172 5512 2388 5586 Cangii
2425 5522 2604 5576 Ποία).

517 5601 596 5670 (6)
624 5607 783 5659 Κατὰ
809 5604 970 5669 μῆνα
1009 5606 1426 5673 Σεπτέμϐριον.
1461 5608 1694 5662 Firmata
1744 5625 1844 5675 pax
1894 5611 2024 5662 Ale-

443 5670 588 5740 aium
623 5675 760 5729 inter
792 5688 848 5728 et
881 5670 1247 5730 Boemundnin
1272 5670 1338 5730 Vin
1368 5677 1499 5730 urbe
1549 5670 1786 5740 [)iaholi',
1825 5695 2009 5734 mense

446 5739 1085 5817 ξθριεηιὴλςξμίέιόί-ςᾼι.2,Δ
1130 5745 1362 5817 ineunte
1419 5760 1559 5800 anno
1617 5739 1797 5808 mundi
1854 5747 2004 5817 juxta

445 5807 662 5866 Grzecos
693 5812 854 5879 6617,
888 5812 1088 5868 Christi
1121 5813 1280 5868 1108.

2178 5611 2257 5680 (7)
2298 5614 2462 5677 Παρὰ
2515 5613 2622 5666 τοῦ
2673 5613 2870 5668 Harsa.
2941 5614 3179 5667 Pasrliali
3232 5614 3295 5679 ll,
3345 5631 3558 5679 quocum
3595 5628 3642 5663 ea

2108 5691 2792 5751 tempestatentagua'erat
2830 5694 2882 5736 et
2937 5683 3170 5736 llenrieo
3224 5687 3532 5751 imperatore
3579 5689 3640 5737 si-

2109 5750 2326 5803 multas.
2365 5749 2495 5805 Vide
2519 5751 2733 5806 Petrum
2758 5752 2908 5807 Diae.
2947 5755 3040 5807 lib.
3076 5769 3126 5807 tv
3153 5793 3168 5820 ,
3197 5749 3316 5823 cap.
3350 5755 3436 5809 48.
