3900 6596
432 344 581 420 10.5

1706 359 1930 420 ANNIE
1971 353 2356 420 COMNEN/E

3539 365 3651 438 1036

435 491 543 542 que
583 474 878 544 plurimos;
911 475 1174 543 supplevit
1214 486 1505 527 numerum
1537 471 1791 539 coloniis;
1825 477 1992 528 aeccr‘

2111 473 2302 538 ζοντες
2348 473 2446 529 καὶ
2499 473 2568 526 τὰ
2625 476 2812 541 σφίσιν
2864 475 3052 532 αὐτοῖς
3111 473 3464 543 ξυμπεσόντα
3521 479 3648 541 δεινά

437 570 713 636 sendaque
741 568 958 620 aliunde
985 565 1268 633 juventute
1303 573 1357 620 et
1391 564 1763 620 celebritatem
1809 576 1864 620 et
1911 581 2005 621 or-

438 667 627 710 natum
661 655 949 725 pristinum
985 655 1290 726 Atramytio
1341 655 1604 723 reposuit.
1637 654 1883 724 Accepto
1910 670 2008 710 au-

434 759 545 804 tem
604 748 914 802 indieimde
971 747 1168 802 Turcis
1193 762 1315 802 esse
1369 748 1496 803 illos
1538 747 1686 802 circa
1742 747 2003 817 Lampen,

426 840 635 895 'iectum
680 854 872 908 agmen
923 854 985 893 ex
1043 839 1157 894 suis
1206 851 1546 910 segregatum
1589 841 1761 906 copiis
1816 851 2006 897 contra

2114 565 2484 638 διηγούμενοι,
2516 567 2626 620 κάκ
2680 565 2786 620 τῶν
2816 566 3040 636 ἀμφίων
3081 566 3330 628 ἅπαντας
3377 568 3453 630 είς
3499 567 3652 630 οἶκτον

2113 657 2549 728 παρακινοῦντες
2576 661 2670 712 καὶ
2708 662 2846 729 πρδς
2878 660 3096 728 ἄμυναν
3134 661 3492 730 ἐρεθίζοντες.
3527 662 3577 718 '0
3604 668 3650 722 δὲ

2114 750 2388 820 Εὐμάθιος
2424 749 2524 822 τὴν
2555 750 2946 822 Φιλαδέλφειαν
2982 752 3557 824 καταλαϐὼν,ἓχαιρεν
3576 759 3651 812 ἐπὶ

2112 845 2180 912 τῇ
2213 844 2444 913 εὐτυχίᾳ
2474 844 2568 898 τοῦ
2598 845 3029 916 ἐγχειρήματος.

425 921 582 1004 ipsos
616 933 784 989 misit.
818 932 1051 988 Profecti
1091 934 1259 988 nostri
1307 935 1421 988 acri
1493 947 1617 989 cum
1685 932 1880 989 Turcis
1934 937 2235 991 certamine
2297 937 2795 1007 commisso,plane
2850 940 3018 1010 ipsos,
3047 941 3210 1012 idque
3250 939 3452 1011 impetu
3493 945 3651 1014 primo,

436 1037 699 1100 superant
731 1044 744 1080 :
789 1039 896 1081 tam
934 1027 1230 1082 crudeliter
1257 1027 1335 1082 usi
1371 1026 1596 1082 victoria
1625 1036 1686 1081 ut
1717 1024 2014 1081 Turcorum
2056 1027 2317 1096 parvulos
2341 1030 2396 1082 in
2426 1029 2631 1085 lebetes
2681 1045 2775 1098 per
2806 1032 2981 1086 lusum
3014 1043 3071 1086 et
3133 1034 3414 1089 lasciviam
3469 1036 3651 1091 cachin-

437 1132 628 1177 nantes
659 1122 965 1191 injicerent.
992 1121 1164 1177 Caesis
1197 1120 1468 1191 plurimis,
1501 1119 1746 1189 captivos
1799 1135 2014 1189 quoque
2052 1121 2312 1176 ducentes
2345 1123 2565 1189 multos,
2601 1125 2706 1180 la‘ti
2772 1126 2841 1180 ad
2899 1127 3246 1183 Eumathium
3309 1127 3534 1183 victores
3583 1146 3650 1185 re-

436 1221 623 1275 deunt.
655 1218 725 1273 At
758 1219 920 1272 Turci
957 1219 1299 1286 superstites,
1333 1232 1442 1288 quo
1471 1216 1672 1270 luctunt
1712 1230 1777 1270 ac
1842 1215 2050 1270 cladem
2091 1232 2242 1270 suam
2303 1219 2536 1274 vestium
2584 1235 2800 1290 quoque
2860 1222 3081 1276 tristitia
3137 1231 3490 1287 testarentur,
3521 1223 3650 1291 pullis

435 1312 595 1366 atrati
626 1311 804 1380 palliis
847 1311 1210 1366 circumibant
1256 1310 1418 1364 urbes
1455 1309 1812 1378 regionesque
1844 1321 2033 1362 omnes
2072 1307 2286 1363 Turcici
2327 1311 2586 1377 nominis,
2615 1313 2843 1380 querule
2880 1329 2946 1369 ac
2977 1315 3397 1372 lamentabiliter
3459 1331 3652 1374 narran-

436 1415 518 1460 tes
547 1423 666 1476 quae
692 1405 793 1462 sibi
822 1408 1014 1460 acerba
1048 1403 1426 1472 contigissent.
1461 1401 1711 1456 Movebat
1741 1416 1863 1455 cum
1901 1415 2006 1456 vox
2067 1400 2393 1458 miserabilis
2419 1414 2530 1457 tum
2563 1407 2769 1472 species
2828 1408 3069 1477 lugubris
3119 1411 3455 1480 supplicum;
3502 1412 3652 1483 itaque

439 1503 638 1572 passim
677 1501 744 1555 ad
779 1498 1213 1554 misericordiam
1270 1511 1519 1561 suorum,
1611 1497 1678 1550 ad
1736 1494 1872 1549 iram
1938 1504 1993 1547 et
2054 1504 2309 1550 conatum
2372 1499 2697 1567 reponendae
2749 1500 2998 1556 hostibus
3047 1500 3218 1557 cladis
3274 1506 3653 1566 concitabantur

437 1595 582 1650 haud
605 1595 767 1650 dubie
795 1588 1356 1660 Barbari,Eumatbio
1384 1590 1600 1645 interim
1622 1588 2008 1659 Philadelphia:
2045 1588 2133 1656 (eo
2163 1603 2223 1644 se
2256 1591 2628 1662 transtulerat)
2687 1593 2760 1650 ob
2824 1594 3138 1650 felicitatem
3195 1611 3484 1654 successus
3541 1606 3648 1657 tanti

434 1691 703 1760 gaudente
725 1691 778 1743 in
804 1689 952 1744 sinu.

503 1782 774 1838 Caeterum
815 1780 1186 1850 arcbisatrapa
1217 1777 1435 1849 quidam
1459 1817 1476 1844 ,
1511 1777 1654 1831 Asan
1690 1775 1852 1848 521
1907 1787 2002 1829 no-
2033 1774 2077 1834 Β

434 1875 581 1930 mine
643 1872 1037 1944 Cappadociam
1089 1871 1342 1926 obtinens
1400 1878 1456 1924 et
1515 1866 1785 1937 indigenis
1853 1865 2002 1920 velut

434 1966 725 2032 mancipiis
769 1963 1005 2033 superbe
1057 1975 1326 2032 avareque
1360 1961 1514 2016 abuti
1563 1960 1780 2026 solitus,
1815 1959 2002 2016 audito

431 2058 558 2126 quid
588 2055 909 2126 contigisset
941 2055 1134 2109 Turcis
1164 2056 1230 2111 de
1255 2054 1457 2125 quibus
1498 2052 1757 2117 diximus,
1787 2059 2000 2107 extem-

429 2150 516 2217 plo
548 2163 686 2218 quas
717 2147 767 2200 in
795 2163 956 2202 manu
991 2147 1220 2202 habebat
1252 2147 1425 2217 copiis
1477 2145 1793 2208 contractis,
1846 2143 1999 2198 aliis-

428 2255 533 2308 que
563 2239 781 2294 aliunde
810 2239 1012 2296 additis
1045 2253 1216 2309 usque
1269 2242 1336 2294 ad
1363 2252 1646 2292 numerum
1681 2245 1916 2305 quatuor
1943 2243 2000 2290 et

425 2334 615 2404 viginti
646 2334 871 2388 millium
907 2333 1136 2388 militum
1159 2369 1178 2396 ,
1209 2348 1328 2387 cum
1362 2331 1428 2386 iis
1475 2330 1704 2389 infestus
1735 2329 1882 2384 vadit
1905 2330 1998 2384 ad-

427 2442 616 2483 versus
675 2426 1045 2492 Eumathittnt,
1071 2439 1248 2480 acrem
1283 2424 1555 2479 hominem
1613 2437 1680 2478 ac
1736 2421 2002 2493 vigilem,

426 2522 654 2590 ideoque
718 2534 815 2575 nec
869 2518 981 2572 falli
1023 2524 1114 2572 aut
1145 2515 1472 2586 deprehendi
1508 2512 1743 2568 facilem.
1771 2511 1821 2567 ls
1851 2510 2000 2567 Phil-

426 2611 690 2681 adelphia;
751 2610 1039 2666 considens
1087 2609 1322 2664 babelmt
1375 2607 1572 2675 ubique
1621 2604 1996 2675 exploratores

427 2703 623 2758 multos
653 2702 787 2757 bene
815 2701 1019 2756 auritos
1051 2700 1295 2768 beneque
1323 2696 1568 2753 oculatus
1613 2696 1670 2751 in
1733 2695 1993 2766 speculis,

422 2809 655 2864 quorum
686 2802 964 2860 utrunque
1003 2790 1239 2845 ﬁdelium
1267 2803 1332 2844 ac
1366 2788 1713 2858 probatorum
1745 2789 1996 2844 attentio-

422 2902 543 2941 nem
574 2884 802 2940 subinde
828 2888 1045 2951 insuper
1076 2880 1477 2951 inspectoribus
1526 2880 1804 2934 mittendis
1833 2893 1994 2934 acue-

419 2979 512 3034 bat
543 2976 594 3031 in
621 2975 1047 3032 sollicitudinem
1067 2987 1232 3042 quam
1273 2971 1592 3034 maximam,
1616 2969 1690 3024 ita
1726 2978 1783 3024 ut
1805 2979 1994 3026 noctes

421 3081 560 3124 tutas
589 3069 642 3122 iu
671 3067 848 3137 vigilia
877 3066 1247 3129 traducerent,
1279 3074 1442 3131 atque
1477 3063 1528 3116 in
1562 3070 1816 3132 suspecta
1850 3063 1994 3128 pari-

421 3175 504 3216 ter
544 3172 595 3215 et
620 3169 732 3215 tuta
767 3160 879 3213 loca
913 3171 1096 3226 parem
1127 3139 1482 3210 acrimoniam
1537 3168 1681 3208 cura:
1735 3153 1987 3208 inconni-

420 3251 598 3307 vcntis
631 3252 995 3304 intenderent.
1033 3247 1235 3302 llorum
1271 3246 1361 3314 qui
1393 3244 1534 3300 forte
1563 3247 1770 3314 primus
1797 3257 1985 3301 contra

420 3346 725 3398 venientem
761 3339 1102 3410 conspicatus
1135 3338 1318 3408 procul
1346 3349 1429 3394 est
1457 3340 1756 3394 exercitum
1795 3337 1988 3393 Turci-

416 3453 540 3491 cum
599 3433 876 3490 curriculo
920 3432 1185 3488 accedens
1241 3420 1526 3485 Eutnathio
1578 3429 1706 3499 quid
1757 3429 1986 3485 instaret

419 3528 653 3583 nuntiat.
680 3525 772 3581 ille
798 3525 960 3578 animi
996 3525 1078 3580 vir
1105 3525 1518 3595 praesentissimi
1555 3523 1986 3579 deliberationis-

418 3638 522 3691 qtte
553 3621 790 3685 velocis,
829 3620 1026 3686 quique
1071 3617 1350 3687 longarum
1397 3617 1854 3673 consultationum
1896 3633 1985 3670 ra-

418 3715 632 3770 tiocinia
661 3727 768 3768 uno
797 3711 910 3767 sani
939 3709 1154 3766 consilii
1185 3721 1463 3764 momento
1521 3709 1826 3778 corriperet
1851 3747 1865 3770 ,
1925 3716 1987 3762 ut

415 3808 594 3862 statim
622 3804 794 3862 sensit
836 3804 1153 3871 neutiquam
1176 3802 1372 3856 adesse
1402 3800 1592 3855 idoneo
1641 3809 1827 3869 copias
1882 3815 1986 3854 nu-

416 3911 567 3952 mero
597 3911 733 3964 quas
765 3909 1087 3965 comparare
1125 3893 1373 3948 Turcicis
1427 3891 1635 3961 patenti
1685 3891 1805 3946 acie
1853 3906 1984 3960 pru-

416 3996 602 4043 denter
641 3996 847 4057 posset,
905 3984 1086 4040 claudi
1131 3982 1537 4051 Philadelphia,
1577 3982 1665 4036 ubi
1701 3991 1819 4037 erat
1859 3999 1981 4038 cum

413 4081 526 4134 suis
581 4081 727 4150 ipse,
794 4086 979 4146 portas
1030 4091 1218 4132 omnes
1271 4075 1445 4143 jubet.
1503 4075 1685 4128 Edicit
1741 4077 1980 4132 deinde:

414 4172 581 4226 Nemo
615 4187 829 4226 murum
862 4168 1142 4231 ascendat,
1174 4182 1332 4222 nemo
1373 4167 1595 4230 clamet,
1643 4183 1799 4223 nemo
1853 4170 1981 4224 tibia

413 4267 690 4319 citharave
712 4278 905 4317 sonum
935 4261 1079 4325 edat,
1125 4260 1215 4330 qui
1248 4260 1489 4314 exaudiri
1521 4260 1690 4327 possit
1717 4260 1784 4314 ab
1815 4262 1982 4315 hosti-

415 4360 764 4420 bus;omnes
819 4355 1082 4427 ejusmodi
1139 4353 1406 4424 justitiam
1458 4354 1841 4424 silentiumque
1900 4364 1981 4407 le-

2187 1773 2631 1845 Ἀρχισατράπης
2677 1776 2732 1829 δέ
2759 1793 2842 1841 τις
2894 1778 3072 1831 Ἀσαν
3115 1779 3218 1848 τὴν
3268 1777 3482 1846 κλῆσιν,
3521 1782 3655 1852 ὁτὴν

2105 1864 2506 1919 Καππαδοκίαν
2533 1867 2800 1936 κατέχων.
2861 1870 2976 1930 τοῖς
3029 1869 3320 1938 αὐτόχθοσι
3372 1871 3648 1944 καθαπερεὶ

2103 1955 2517 2027 ἀργυρωνήτοις
2573 1956 2849 2028 χρώμενος
2900 1959 3234 2031 μεμαθηκὼς
3289 1960 3362 2014 τὰ
3410 1966 3520 2026 τοῖς
3569 1967 3654 2036 ήδη

2103 2050 2318 2120 ῥηθεῖσι
2343 2051 2608 2122 Τούρκοις
2641 2054 3012 2122 ξυμπεσόντα,
3042 2055 3142 2118 τὰς
3175 2057 3386 2119 οἰκείας
3411 2059 3648 2128 δυνάμεις

2100 2144 2535 2216 ἀναλαϐόμενος,
2592 2146 2688 2199 καὶ
2714 2146 2982 2217 ἑτέρωθεν
3039 2149 3276 2214 πολλοὺς
3311 2154 3650 2223 μεταπμψάο

2103 2256 2265 2310 μενος
2295 2240 2354 2302 ἐς
2391 2238 2571 2292 είκοσι
2600 2240 2738 2310 πρὸς
2759 2243 2881 2303 ταῖς
2913 2242 3181 2312 τέσσαρσι
3211 2244 3460 2314 χιλιάδας
3497 2264 3652 2319 παρα-

2100 2329 2294 2400 στῆναι
2329 2329 2391 2383 τὸ
2423 2331 2517 2384 ὑπ’
2540 2330 2706 2386 αὐτὸν
2732 2332 2754 2364 ⁸
2788 2333 3108 2406 στράτευμα
3142 2335 3263 2390 κατ’
3295 2339 3461 2392 αὐτοῦ
3489 2339 3649 2403 ἔξεισι.

2098 2422 2284 2486 Δεινὸς
2315 2421 2372 2476 δὲ
2419 2421 2495 2478 ὢν
2549 2423 2690 2494 ἀνὴρ
2739 2428 2767 2480 ὁ
2820 2427 3124 2496 Εὐμάθιος,
3157 2427 3236 2490 ὡς
3284 2431 3516 2500 ετρηται,
3567 2433 3654 2486 οὐκ

2098 2513 2318 2580 ἀμελῶς
2351 2515 2453 2584 τὴν
2500 2515 2884 2585 Φιλαδέλφειαν
2937 2518 3099 2590 ᾤκει,
3157 2519 3268 2573 οὐδ’
3291 2522 3652 2577 ἀναπεπτώκει

2097 2606 2230 2659 εῖσω
2260 2607 2369 2661 τῶν
2395 2607 2600 2678 ταύτης
2623 2609 2823 2679 τειχῶν
2869 2613 3140 2680 γεγονὼς,
3179 2613 3318 2667 ἀλλά
3347 2615 3575 2679 σκοπούς
3603 2632 3652 2669 τε

2096 2699 2384 2770 ἁπανταχῆ
2435 2699 2678 2769 ἔπεμπε.
2738 2703 2853 2756 Καὶ
2904 2704 2992 2757 ἵνα
3075 2706 3152 2778 μὴ
3209 2707 3462 2776 ἀμελοῖεν
3515 2708 3653 2761 αὐτοὶ

2097 2792 2494 2862 προσέπεμπεν
2515 2794 2730 2858 ἄλλους,
2756 2795 3008 2866 καὶπρὸς
3033 2799 3401 2868 ἐγρηγόρησιν
3423 2800 3652 2870 ἀνηρέθι·

2098 2887 2216 2952 ξεν,
2263 2885 2406 2940 ὥστε
2445 2887 2755 2956 παννύχους
2788 2891 3178 2960 ἐγρηγορέναι,
3222 2891 3318 2944 καὶ
3357 2891 3453 2955 τὰς
3496 2891 3656 2961 spei.

2095 2976 2222 3041 δους
2285 2979 2383 3032 καὶ
2442 2981 2543 3041 τὰς
2600 2979 2860 3043 πεδιάδας
2918 2980 3264 3051 περιαθρεῖν.
3318 2983 3528 3036 Τούτων
3568 2981 3650 3038 οὗν

2094 3085 2180 3131 τις
2210 3069 2495 3140 πόρρωθεν
2546 3071 2609 3122 τὸ
2655 3072 2960 3141 Τουρκικὸν
3012 3073 3356 3140 θεασάμενος
3409 3076 3651 3147 στράτευο

2103 3175 2198 3229 μα,
2260 3158 2519 3230 δρομαῖος
2589 3162 2739 3231 αὐτῷ
2787 3163 3109 3233 προσελθὼν
3172 3165 3526 3232 ἀπαγγέλλει.
3595 3167 3652 3220 '0

2096 3249 2154 3303 δὲ
2186 3250 2469 3320 φρενήρης
2510 3249 2586 3303 ὢν
2617 3252 2712 3304 καὶ
2740 3252 2868 3317 ὀξὺς
2913 3253 2972 3306 τὸ
3020 3254 3139 3308 δέον
3198 3255 3430 3309 συνιδεῖν
3471 3261 3558 3311 καὶ
3597 3260 3648 3311 ιν

2098 3341 2356 3411 ἀσκέπτῳ
2385 3343 2562 3412 χρόνῳ
2596 3343 2774 3414 πέρας
2806 3349 2922 3408 τοῖς
2954 3345 3240 3416 λογισμοῖς
3282 3350 3498 3413 διδόναι,
3541 3352 3648 3404 ἐπεὶ

2100 3432 2174 3502 μὴ
2210 3433 2541 3504 ἀποχρώσας
2569 3437 2708 3502 πρὸς
2752 3440 3020 3498 τοσαύτας
3075 3439 3225 3508 ἔχειν
3260 3441 3647 3508 ἐγνώκειὸυνά-

2099 3545 2222 3596 μεις
2243 3529 2588 3598 παραχρῆμα
2640 3529 2858 3594 ἁπάσας
2925 3530 3024 3591 τὰς
3077 3532 3252 3594 πύλας
3293 3534 3514 3603 ταυτησὶ
3559 3536 3651 3604 τῆς

2097 3620 2304 3682 πόλεως
2362 3620 2764 3688 ἀσφαλισθῆναι
2816 3622 3073 3676 ἐκέλευσε
3092 3625 3140 3689 ⁷,
3199 3626 3298 3678 καὶ
3348 3628 3542 3696 μηδένα
3591 3630 3644 3680 τὸ

2096 3710 2357 3779 παράπαν
2397 3712 2478 3772 εἰς
2525 3711 2587 3762 τὸ
2622 3713 2799 3780 τεῖχος
2831 3717 3238 3783 συγχωρεῖσθαι
3279 3717 3504 3780 ἀνιέναι,
3553 3721 3651 3787 μή-

2093 3819 2155 3854 τε
2206 3804 2313 3872 μὴν
2348 3802 2687 3873 κραυγάζειν
2738 3804 2899 3870 ὅλως,
2955 3808 3094 3876 μήτε
3142 3809 3400 3881 αὐλοὺςῆ
3436 3810 3646 3880 κιθάρας

2093 3895 2269 3964 ἠχεῖν,
2323 3897 2418 3948 καὶ⁸
2488 3895 2674 3958 ἁπλῶς
2714 3898 2771 3950 ἐν
2797 3898 3028 3969 τοιούτῳ
3080 3902 3328 3971 σχήματι
3386 3903 3480 3972 τὴν
3509 3903 3642 3954 πόλιι

2094 3989 2475 4057 κατεστήσατο
2506 3987 2648 4042 ὥστε
2683 3991 2863 4059 πάντη
2889 3992 3150 4061 ἀοίκητον
3171 3996 3352 4047 δοκεῖν
3382 4000 3491 4058 τοῖς
3511 3997 3644 4066 διερο

2093 4080 2362 4149 χομένοις.
2383 4081 2440 4133 '0
2468 4081 2524 4133 δὲ
2571 4081 2735 4136 Ἀσάν
2764 4082 2900 4152 (l9),
2925 4084 3252 4149 καταλαϐὼν
3285 4085 3384 4154 τὴν
3413 4087 3616 4139 Φιλαδέλ-

2093 4186 2252 4239 φειαν
2274 4173 2366 4224 καὶ
2380 4173 2456 4241 τῷ
2475 4173 2661 4244 οἰκείῳ
2677 4174 2990 4244 περιζώσας
3011 4177 3078 4230 τὰ
3090 4177 3242 4248 τείχη
3268 4180 3632 4248 στρατεύματι,

2091 4264 2182 4316 ἐπὶ
2209 4264 2357 4334 τρισὶ
2405 4266 2740 4335 παρέμεινεν
2769 4269 3022 4340 ἡμέραις.
3043 4271 3134 4333 Ὠς
3165 4271 3221 4323 δὲ
3259 4272 3436 4333 οὐδεὶς
3457 4272 3641 4325 ἄνωθεν

2094 4358 2426 4426 προκύπτων
2456 4359 2744 4428 ἐφαίνετο,
2799 4361 2934 4414 αἰδὲ
2971 4362 3139 4416 πύλαι
3172 4362 3282 4415 τῶν
3327 4364 3474 4424 ἐντὸς
3512 4361 3632 4433 εἶχον

413 4457 585 4503 nteant
606 4464 714 4516 quo
747 4445 1056 4516 persuaderi
1105 4445 1575 4500 circumeuntibus
1600 4447 1981 4500 auscultaturis

2099 4449 2422 4516 ἀσφάλειαν,
2475 4451 2750 4516 ἑλεπόλεις
2806 4453 2864 4505 δὲ
2916 4454 2974 4506 οὐ
3036 4455 3295 4524 παρῆσαν
3345 4454 3488 4520 αὐτῷ
3533 4453 3629 4504 οὐδὲ

418 4551 580 4607 queat
612 4539 769 4608 plane
805 4541 1076 4593 desertam
1123 4548 1178 4590 et
1226 4553 1254 4590 a
1315 4536 1529 4591 nemine
1564 4537 1760 4602 cultam
1795 4540 1984 4591 viren-

417 4635 548 4687 tium
577 4634 714 4688 hanc
740 4631 909 4686 videri
940 4629 1237 4684 civitatem.
1270 4628 1522 4683 Admovit
1569 4630 1692 4684 inde
1742 4631 1886 4683 Asan
1930 4647 1988 4684 se

417 4724 818 4793 I'hiladelphim,
849 4738 913 4778 ac
964 4738 1087 4777 cum
1139 4722 1327 4775 urbem
1383 4736 1582 4775 corona
1616 4738 1835 4776 suorum
1866 4724 1984 4776 ein-

414 4803 558 4868 utam
590 4815 808 4868 curiose
856 4822 969 4866 toto
1031 4809 1210 4864 triduo
1256 4809 1575 4875 lustrasset;
1617 4809 1980 4874 solitudinem,

418 4907 662 4975 inquam,
693 4904 972 4966 mmuium,
1028 4903 1426 4956 obstructarum
1463 4915 1492 4952 a
1543 4907 1696 4968 parte
1744 4900 1982 4954 interiori

413 5003 687 5058 portat-um
737 4994 972 5060 Speciem
1008 5000 1370 5058 czcteramque
1417 4986 1750 5044 inﬁrmitatis
1800 5007 1862 5044 at:
1913 4991 1979 5044 ti-

2093 4543 2394 4614 πετροϐόλα
2432 4546 2699 4615 δργαναδ,
2761 4547 2994 4616 νομίσας
3041 4546 3224 4614 ὀλίγον
3267 4542 3404 4599 εἶναι
3453 4547 3506 4598 τὸ
3551 4544 3627 4596 τοῦ

2091 4635 2367 4701 Εὐμαθίου
2389 4638 2705 4706 στράτευμα
2733 4641 2826 4691 καὶ
2860 4639 2947 4691 διὰ
2978 4637 3139 4691 τοῦτο
3162 4639 3297 4708 μηδὲ
3325 4637 3634 4707 ἀποθαρῥεῖν

2088 4725 2186 4795 τὴν
2217 4725 2490 4789 ἐξέλευσιν
2528 4728 2621 4780 καὶ
2652 4729 2848 4796 πολλὴν
2881 4730 3164 4782 ἀσθένειαν
3201 4729 3624 4800 καταψηφισάμε-

2090 4835 2178 4880 νος
2213 4819 2319 4870 τῶν
2368 4820 2540 4882 ἐντὸς,
2568 4821 2735 4888 ἄλλην
2768 4821 3018 4890 ἀτραπὸν
3066 4824 3360 4891 ἐτράπετο,
3415 4837 3624 4873 natans.

2088 4907 2378 4978 φρονηκὼς
2426 4911 2590 4964 αὐτοῦ
2649 4911 2983 4965 παντάπασι.
3026 4913 3169 4964 Δέκα
3229 4913 3365 4980 γοῦν-
3413 4911 3619 4983 χιλιάδας

2081 5000 2176 5052 τοῦ
2211 5001 2339 5053 ἰδίου
2379 5003 2791 5072 στρατεύματος
2838 5002 3048 5067 διελὼν,
3117 5005 3263 5056 κατὰ
3293 5003 3387 5056 τοῦ
3417 5001 3619 5070 Κερθια-

417 5086 585 5139 moris
646 5083 1043 5139 confessionem
1103 5090 1418 5150 usurpasset
1460 5081 1655 5145 Oculis,
1709 5082 1866 5136 facile
1931 5087 1982 5138 in

2099 5093 2174 5144 ιοῦ
2197 5094 2217 5124 ⁸
2250 5093 2363 5162 (20)
2387 5096 2788 5163 ἐξαπέστειλεν,
2819 5096 3011 5165 ἐτέρας
3046 5096 3103 5148 δὲ
3133 5095 3206 5160 ὡς
3238 5096 3374 5166 πρὸς
3399 5095 3621 5164 Σμύρνην

1477 5195 2007 5262 Varitelectioues
2037 5223 2109 5265 ex
2143 5209 2280 5267 cod.
2317 5211 2583 5273 Cuislin.

442 5342 448 5349 .
481 5301 500 5332 ‘
533 5301 717 5354 αὐτοῦ.

408 5370 615 5422 διανοῦ.

824 5302 842 5330 ⁷
877 5299 1118 5354 ἐκέλευε.
1194 5299 1214 5330 ⁸
1241 5298 1446 5354 Desunt
1476 5315 1632 5353 voces
1665 5301 1940 5367 ἑλεπόλεις
1973 5305 2027 5358 δὲ
2059 5309 2118 5359 οὐ
2170 5311 2423 5380 παρῆσαν
2457 5314 2600 5384 αὐτῷ
2640 5314 2760 5366 οὐδὲ
2815 5312 3111 5383 πετροόὁλα
3157 5311 3382 5382 ὄργανα.
3453 5319 3474 5348 '
3503 5312 3615 5365 Κελ-

1430 5488 1562 5548 Car.
1596 5487 1928 5552 Dufresnii
1965 5495 2056 5555 Du
2105 5498 2326 5576 Cangii
2367 5508 2550 5564 notua.

482 5589 593 5678 (l9)
633 5590 847 5644 Ἀσαν.
869 5589 1028 5662 407
1071 5589 1237 5678 tlttjus
1270 5589 1516 5644 meminit
1545 5603 1666 5659 pag.
1699 5590 1826 5646 518.
1853 5590 1990 5648 Vide

423 5705 437 5716 .
482 5677 580 5715 της.
1072 5677 1076 5678 ί

404 5677 588 5793 Γθιεῖι)
646 5732 984 5798 ἶιέρὸιανοῦ-.
1028 5731 1215 5800 Regio,
1275 5741 1330 5784 ut
1392 5730 1626 5790 videtur,
1672 5727 1982 5800 Tltracensi

403 5800 645 5857 Tlietnati
674 5806 749 5873 (in
779 5817 884 5870 quo
919 5812 1034 5858 erat
1069 5799 1326 5871 Stnyrna,
1355 5811 1412 5856 ut
1445 5811 1529 5856 cst
1571 5802 1706 5870 apud
1745 5799 1985 5872 Porphy-

2099 5604 2472 5686 Itfogenneta-nt)
2522 5605 2721 5686 vicina,
2742 5604 3070 5686 ρείὸίαηιιηι.
3091 5605 3234 5659 dicta
3258 5606 3451 5686 _Paulo
3488 5602 3611 5686 liae:

2095 5669 2186 5751 l‘ih.
2225 5687 2340 5751 xxii
2374 5672 2511 5729 Hist.
2549 5674 2943 5751 ΜίειίκΝἱεειιε
2971 5676 3025 5751 in
3051 5675 3221 5731 Istrae.
3257 5677 3346 5751 lib,
3375 5692 3386 5728 l
3420 5691 3468 5751 ιι.
3490 5675 3534 5730 4.
3569 5678 3613 5751 fl

2090 5741 2432 5866 ᾓεςτζροιὲιεεν
2463 5760 2583 5815 Pas-
2626 5746 2751 5815 598,
2802 5748 2942 5803 edit.
2987 5746 3190 5802 Gcncv.
3257 5742 3380 5801 Vide
3425 5739 3609 5799 Lcum-l.

2114 5827 2200 5865 3.0
2247 5850 2261 5865 .
