3900 6584
453 399 587 463 102-5

1760 397 1977 462 AN'NIE
2015 403 2398 466 ΟΟΜΝΕΝίΕ

3553 407 3662 472 1055

445 523 598 582 Quos
630 516 865 572 assiduis
897 517 1100 573 nuntiis
1132 517 1187 571 in
1210 518 1459 571 omnium
1492 517 1752 572 horarum
1790 520 2027 589 vigiliam

2133 519 2450 589 ἀναμεταξὺ
2491 517 2740 590 πορθμὸν
2776 514 3133 579 ἀωστάκτως
3166 513 3478 584 φυλάττειν,
3508 520 3664 592 ἐκδρο.

448 618 802 675 ιδκβθτΐθεῑοε
835 608 1070 663 habt-bat
1106 608 1442 678 imperator;
1495 610 1731 665 subinde
1778 611 2026 681 repetitis

449 699 717 754 mandatis
744 701 1013 760 excitans,
1053 699 1121 753 ad
1167 701 1542 769 speculatores
1584 703 1720 754 litlos
1763 711 1818 755 et
1871 717 2027 756 acres

444 807 885 860 quoquoversum
935 795 1196 848 continue
1262 795 1596 859 mittendos,
1652 811 1787 862 quos
1845 794 2027 849 nullus

447 883 685 935 hostium
737 894 920 937 motus
970 899 1362 952 progreesnsve
1418 897 1598 955 posset
1651 887 1871 951 fallere,
1932 885 2024 956 qui

447 977 629 1029 statim
665 989 938 1046 comperta
987 980 1326 1034 nuntiarent.
1378 980 1470 1036 Sic
1518 981 1823 1048 procuratis
1868 981 2028 1034 rebus

443 1068 605 1132 Asia»,
641 1070 705 1120 ad
749 1071 1020 1123 maritima
1057 1072 1191 1124 bella
1222 1073 1627 1140 pcovidentiam
1660 1074 1842 1134 vertit,
1877 1072 2026 1125 edito

444 1163 509 1212 ad
544 1176 738 1215 omnes
799 1165 1050 1218 nauticos
1105 1167 1382 1230 mandato,
1432 1177 1487 1219 ut
1520 1167 1719 1236 Matlyti
1751 1177 1804 1222 et
1835 1168 2027 1222 Coela-

446 1267 564 1305 rum
616 1265 805 1320 portus
851 1269 1221 1323 occuparent,
1276 1258 1586 1328 fretumque
1649 1261 2024 1330 interpositum

444 1346 812 1400 inconuiveuti
869 1349 1114 1402 custodia
1175 1361 1480 1414 servarent,
1538 1362 2028 1419 permit-sontesque

445 1437 722 1492 celocibus
748 1440 850 1492 ista
876 1441 1069 1508 marla,
1103 1443 1322 1496 micanti
1345 1444 1563 1497 assidue
1583 1445 1912 1498 streuuitate
1933 1446 2027 1498 im-

449 1529 717 1582 minet-ent
741 1532 795 1584 in
817 1546 1034 1585 omnem
1079 1544 1284 1587 motmn
1326 1544 1490 1604 atque
1521 1549 1798 1589 accessum
1835 1536 2028 1590 classis

443 1619 718 1676 Francicam
773 1641 786 1677 :
840 1633 896 1677 et
933 1633 1074 1677 lcutn
1130 1623 1438 1679 effecissent
1496 1627 1808 1694 speculandi
1896 1627 2027 1694 vigi-

444 1713 606 1765 lantia
639 1731 703 1766 ne
740 1715 1014 1784 improvisi
1058 1716 1378 1771 fortitudine
1408 1729 1898 1789 consequerentur,
1962 1735 2029 1774 ne

440 1802 608 1874 (.30
664 1807 805 1860 noxii
862 1809 1044 1863 hostes
1111 1811 1476 1876 accederent;
1538 1824 1646 1866 tam
1714 1814 2029 1868 continente

2133 610 2239 678 μάς
2272 627 2425 672 τινας
2463 610 2818 678 ποιουμένους
2854 609 2941 660 διὰ
2975 607 3259 677 δρομάδων
3283 605 3492 674 x00va
3515 612 3664 681 νηῶν.

2131 704 2226 755 καὶ
2258 703 2356 767 τὰς
2386 705 2484 772 τῆς
2515 703 2785 770 θαλάττης
2816 701 3104 764 κελεύθους
3133 701 3481 762 ἁνυστάκτως
3504 705 3664 775 ἐπιτη-

2132 797 2270 864 ρεῖν,
2303 797 2399 848 τὸν
2421 797 2734 864 Φραγγικὸν
2760 793 3238 864 ἀπεκδεχομένους
3273 791 3483 845 στόλον·
3509 797 3613 858 τοὺς
3634 799 3664 830 ιτ

2128 887 2186 939 δέ
2218 888 2318 950 τὰς
2344 888 2541 958 νήσους
2565 889 2984 958 παραπλέοντας
3017 887 3297 956 φρουρεῖν,
3324 884 3455 954 μηδέ
3477 885 3534 938 τὰ
3559 891 3668 942 κατὰ

2128 979 2226 1046 τὴν
2260 980 2666 1050 Πελοπόννησον
2697 980 3049 1048 παριδόντας,
3075 979 3209 1030 ἀλλὰ
3231 977 3327 1028 καὶ
3355 976 3543 1046 ταύτης
3560 981 3666 1034 ἀπ).

2129 1071 2352 1139 χρῶσαν
2393 1072 2665 1126 ποιεῖσθαι
2716 1073 2989 1141 φυλακήν.
3037 1070 3190 1122 Ἐπεὶ
3237 1069 3294 1122 δέ
3337 1069 3596 1139 βραδύνειν
3627 1078 3671 1127 ἐν

2129 1164 2359 1226 ἐκείνοις
2407 1167 2518 1226 τοῖς
2570 1166 2796 1234 μέρεσιν
2838 1164 3092 1217 ἐδούλετο
3139 1165 3197 1214 ἐν
3243 1161 3508 1232 ἐπικαίρῳ
3550 1164 3672 1236 τόπῳ

2131 1255 2418 1324 σχεδοόισας
2443 1257 2721 1325 οἰκήματά
2750 1273 2872 1309 τινα
2918 1253 3085 1308 αὐτοῦ
3119 1270 3219 1304 που
3251 1252 3354 1321 τὴν
3378 1269 3671 1324 παραχειμα-

2133 1348 2256 1399 σίαν
2289 1351 2550 1402 ἐποιεῖτο.
2607 1349 2693 1410 Ὠς
2731 1348 2787 1400 δέ
2839 1350 2866 1399 δ
2912 1347 3022 1399 ἀπὸ
3076 1343 3476 1412 Λογγιϐαρδίας
3520 1348 3671 1415 εὑτρε-

2132 1438 2346 1502 πισθεὶς
2398 1441 2584 1503 στόλος
2630 1442 2725 1492 καὶ
2767 1440 2877 1492 τῶν
2916 1439 3122 1492 λοιπῶν
3173 1435 3382 1506 μερῶν,
3435 1434 3582 1500 λύσας
3621 1442 3674 1492 τὰ

2130 1533 2452 1599 πρυμνήσια
2479 1531 2570 1582 τὸν
2603 1530 2882 1583 ἀπόπλουν
2915 1529 3268 1596 ἐπεποίηντο,
3301 1526 3673 1596 ἀποδιελόμενος

2129 1623 2157 1672 ό
2207 1621 2414 1673 τούτων
2476 1622 2720 1692 ἀρχηγὸς
2775 1623 2937 1675 πέντε
2991 1620 3198 1689 διήρεις
3264 1618 3568 1672 ἀπέστειλεν
3609 1626 3659 1689 ἐφ

2128 1709 2174 1782 ᾧ
2200 1717 2497 1784 κατασχεῖν
2529 1731 2686 1778 τινας
2715 1715 2896 1767 καὶτὰ
2938 1714 3088 1784 παρὰ
3118 1712 3215 1765 τοῦ
3255 1712 3515 1783 βασιλέως
3544 1730 3673 1765 κατα-

2134 1807 2328 1876 μαθεῖν
2361 1808 2425 1862 ³⁸.
2472 1809 2558 1870 ’ος
2587 1808 2642 1859 δὲ
2688 1806 2787 1878 τὴν
2825 1807 3059 1860 Ἀσυδον
3091 1805 3398 1859 κατέλαϐον
3437 1805 3544 1875 ἤδη,
3575 1805 3674 1874 μίαν

440 1912 601 1974 quam
651 1897 842 1954 insulis
886 1901 954 1954 ab
1000 1916 1187 1956 eorum
1229 1903 1428 1970 impetu
1473 1915 1637 1974 atque
1692 1904 1889 1975 injuria
1945 1915 2027 1958 tu-

2132 1895 2340 1948 τούτων
2386 1895 2524 1966 πρὸς
2554 1897 2645 1948 τὸν
2694 1896 2992 1965 πέμψαντα
3041 1895 3240 1964 συνέϐη
3281 1895 3556 1947 ἐπανιέναι
3593 1895 3673 1945 τῶν

443 1991 642 2045 laudis.
671 1992 896 2047 Obirent
919 1995 1083 2065 igitur
1108 2007 1314 2051 tractus
1345 1997 1466 2052 illos
1495 1999 1724 2053 marium
1751 1999 2026 2053 littorum-

441 2097 547 2148 que
587 2088 919 2140 ostentando
965 2087 1516 2158 circumferendoque
1566 2092 1799 2160 passim,
1847 2093 2031 2146 admo-

440 2175 618 2229 vendo
648 2178 1195 2250 etiam,quocumque
1221 2197 1358 2251 opus
1384 2195 1550 2248 esset,
1585 2183 1838 2252 praesidio
1865 2195 2030 2255 atque

440 2270 667 2334 auxilio,
715 2288 780 2325 ne
815 2271 1190 2344 Peloponneso
1237 2276 1454 2345 quidem
1505 2277 1782 2346 neglecta;
1823 2293 1942 2331 nam
1977 2284 2031 2330 et

443 2364 581 2416 hanc
619 2364 873 2431 imputari
905 2382 932 2418 a
975 2367 1264 2421 uavarchis
1292 2368 1554 2422 Romanis
1577 2369 1627 2421 in
1663 2381 1871 2436 partem
1906 2386 2030 2437 pro-

442 2456 634 2510 vincia:
666 2458 956 2520 mandatm,
997 2459 1358 2530 idoneamque
1388 2461 1436 2515 ei
1471 2463 1682 2515 tuenda:
1719 2461 2026 2516 custodiam

441 2547 678 2614 impendi
727 2551 1046 2604 nominatim
1115 2551 1415 2620 imperator
1465 2564 1704 2606 cawrat.
1761 2554 2026 2619 Quoniam

437 2649 616 2692 autem
663 2639 716 2693 in
766 2641 833 2694 iis
878 2643 1123 2711 partibus
1162 2645 1366 2699 diutius
1393 2647 1592 2699 morari
1647 2646 2027 2712 constituerat,

435 2730 664 2782 exe'tari
721 2733 996 2801 Augustus
1035 2733 1200 2804 jussit
1245 2744 1371 2805 apto
1433 2738 1501 2790 ad
1555 2737 1605 2791 id
1639 2737 1851 2792 delecto
1911 2738 2028 2793 loco

435 2823 1144 2891 subitariosdomunculas,
1187 2831 1349 2884 tectis
1395 2831 1838 2898 extetnporaneis
1872 2846 2028 2900 oper-

435 2921 543 2976 tas,
573 2916 671 2967 sub
703 2917 900 2984 quibus
933 2918 1164 2972 hiemem
1201 2925 1486 2989 transegit.
1515 2919 1582 2976 Ut
1613 2931 1794 2976 autem
1827 2937 1857 2976 e
1888 2919 2030 2974 Lon~

437 3007 694 3071 goltardia
735 3007 1060 3078 cmterisqtie
1088 3011 1224 3066 locis
1254 3027 1317 3067 ac
1339 3013 1583 3080 partibus
1605 3026 1792 3082 parata
1829 3014 2024 3070 Latina

438 3097 627 3151 classis
663 3099 825 3154 solvit
859 3101 910 3155 iu
951 3118 1050 3156 nos
1084 3104 1281 3158 infesta
1304 3145 1320 3169 ,
1351 3106 1581 3174 primum
1616 3107 1749 3160 illttd
1779 3110 2025 3164 onmium

2131 1989 2337 2042 λοιπῶν
2371 1990 2816 2058 κατασχεθεισών
2850 1989 2948 2042 σῦν
2982 1989 3166 2051 αὐτοῖς
3203 1987 3446 2057 ἐρέταις,
3476 1985 3534 2037 δι’
3564 1982 3619 2056 ἧς
3638 1990 3674 2039 οἱ

2132 2082 2370 2152 ἀρχηγοὶ
2396 2083 2505 2134 τῶν
2529 2082 2628 2150 ἤδη
2661 2080 2940 2150 ῥηθέντων
2966 2080 3170 2132 στόλων
3191 2079 3260 2131 τὰ
3283 2079 3428 2130 κατὰ
3454 2077 3533 2128 τὸν
3549 2081 3677 2130 αὐτου

2132 2173 2379 2243 κράτορα
2419 2172 2823 2242 μεμαθηκότες,
2853 2173 2945 2224 καὶ
2965 2171 3050 2223 ὅτι
3093 2171 3162 2223 τά
3201 2187 3261 2222 τε
3295 2170 3444 2222 κατὰ
3473 2169 3558 2239 τὴν
3601 2171 3674 2221 θά-

2131 2266 2336 2318 λατταν
2369 2268 2462 2318 καὶ
2494 2268 2596 2332 τὴν
2636 2266 2868 2335 ῆπειρον
2896 2263 3146 2334 ἀκριϐῶς
3191 2263 3674 2331 ἐξασφαλισάμενος,

2133 2360 2273 2411 κατὰ
2305 2359 2402 2428 τὴν
2434 2360 2784 2429 Χερῤἂνησον
2816 2357 2916 2426 τὴν
2958 2357 3418 2426 παραχειμασίαν
3454 2357 3679 2406 ποιεῖται·

2131 2452 2216 2519 ἐφ’
2273 2447 2316 2516 ᾧ
2361 2455 2570 2513 παντας
2623 2449 3110 2520 παραθαρρύνειν,
3157 2450 3282 2501 ἐπεὶ
3327 2449 3464 2518 πρὸς
3507 2449 3566 2497 τὰ
3605 2443 3678 2497 τοῦ

2130 2545 2536 2613 αὐτοκράτορες
2573 2545 2945 2612 μηχανήματα
2977 2544 3075 2612 οὐχ
3102 2536 3204 2592 οἶοί
3236 2557 3293 2592 τε
3329 2536 3473 2609 ἦσαν
3501 2539 3682 2604 ἀπομά-

2129 2641 2342 2710 χεσθαι,
2378 2641 2504 2702 τοὺς
2538 2639 2732 2700 οἴακας
2770 2637 3332 2706 μεταχειρισάμενοι,
3363 2634 3527 2702 ἄλλην
3556 2631 3684 2700 ἐτρά-

2131 2749 2315 2785 ποντο.
2362 2725 2455 2793 Εἷς
2491 2730 2548 2782 δέ
2582 2747 2667 2792 τις
2711 2728 2915 2790 Κελτὸς
2951 2728 3062 2780 τῶν
3095 2729 3239 2796 ἀμφὶ
3283 2726 3415 2785 τοὺς
3446 2723 3684 2790 ἀρχηγοὺς

2133 2825 2236 2891 τὴν
2261 2824 2397 2878 ἰδίαν
2417 2823 2757 2892 ἀφελόμενος
2781 2827 2915 2892 νῆαν
2940 2823 2984 2854 "
3007 2821 3221 2891 μονήρη
3249 2819 3532 2885 ὠκυτάτην
3551 2814 3686 2867 οὖσαν

2131 2919 2268 2988 πρὸς
2303 2919 2394 2971 τὸν
2433 2916 2754 2970 Βαλδουῖνον
2792 2915 2959 2987 ἀπῄει
2981 2955 2996 2979 ,
3029 2914 3128 2966 καὶ
3158 2913 3256 2982 τὴν
3290 2911 3469 2981 Τύρον
3499 2909 3686 2976 πολιορο

2131 3010 2330 3061 κοῦντα
2370 3008 2561 3061 τοῦτον
2591 3007 2769 3077 εὑρὼν
2797 3008 3013 3060 ᾶπαντα
3050 3005 3235 3066 καθὼς
3269 3004 3297 3055 ό
3325 3003 3482 3069 λόγος
3509 3001 3686 3068 φθάσας

2133 3101 2373 3171 ἐδήλωσε
2406 3103 2473 3153 τὰ
2505 3102 2644 3153 κατὰ
2675 3101 2764 3153 τὸν
2795 3100 3179 3169 αὐτοκράτορα
3208 3097 3542 3166 διηγήσατο,
3573 3092 3686 3161 μετὰ

435 3191 552 3251 ejus
594 3192 784 3246 ductor
824 3197 1033 3262 putavit
1096 3196 1403 3251 faciendqu
1443 3208 1501 3252 ut
1543 3200 1729 3254 missis
1781 3201 2025 3268 quinque

2132 3191 2380 3258 γνώμης,
2411 3185 2585 3258 οἶμαι.
2614 3189 2719 3242 τῶν
2747 3189 3009 3258 ἁρχηγὼν
3033 3187 3258 3241 ἐκείνων
3284 3185 3532 3238 ἀπελθὼν
3551 3185 3590 3214 ⁵⁸
3613 3181 3688 3235 καὶ

437 3279 734 3336 biremibus
762 3295 817 3336 et
841 3301 1004 3353 quam
1027 3289 1273 3355 proxime
1298 3289 1590 3344 admovere
1630 3309 1688 3345 se
1725 3293 1894 3362 jussis
1921 3294 2025 3346 llo-

440 3375 618 3428 manis
640 3379 803 3430 terris
833 3393 894 3430 ac
921 3381 1208 3446 portubus,
1243 3384 1488 3450 captivos
1521 3385 1587 3437 ad
1628 3401 1684 3437 se
1724 3385 1847 3439 (luci
1879 3386 2031 3449 julico

439 3477 523 3518 ret
559 3483 588 3519 e
625 3466 832 3522 Crtrcis
861 3471 1094 3539 aliquos,
1145 3490 1376 3541 quorum
1419 3477 1642 3542 indicio,
1689 3478 1818 3547 quid
1857 3480 2027 3546 impe-

436 3567 588 3610 rator
620 3574 803 3612 rerum
850 3575 1087 3631 gereret,
1127 3566 1216 3620 ubi
1248 3565 1511 3632 locorum,
1541 3585 1647 3636 quo
1681 3580 1824 3624 statu
1859 3581 2029 3629 esset.

432 3651 784 3709 edocerctur.
807 3656 1053 3726 Abydum
1081 3657 1193 3726 jam
1216 3674 1352 3728 pene
1383 3672 1746 3730 pervenerant
1779 3664 2032 3730 evplora-

439 3745 592 3798 toria:
622 3761 786 3800 naves
825 3750 1040 3817 quando
1071 3751 1476 3809 incurrentibus
1507 3755 1705 3810 nostris
1741 3755 1967 3824 contigit
1998 3771 2029 3811 e

434 3839 676 3906 quinque
713 3841 928 3894 unicam
963 3845 1225 3899 duntaxat
1269 3849 1336 3900 ad
1383 3862 1504 3900 eum
1532 3850 1626 3918 qui
1663 3848 1890 3903 miserat
1940 3864 2026 3901 rc-

435 3943 658 3985 currere
717 3933 943 4002 reliquis
995 3938 1169 4006 captis
1222 3947 1276 3994 et
1331 3941 1567 3996 detentis
1613 3955 1738 3996 cum
1799 3941 2027 4011 remigio

435 4034 502 4072 ac
560 4025 864 4078 vectoribus
936 4031 1216 4088 omnibus.
1306 4031 1626 4086 Didicerunt
1710 4032 1872 4100 huius
1942 4046 2028 4086 re-

435 4106 550 4162 ditu
615 4111 838 4168 biremis
926 4116 1094 4172 duces
1142 4117 1464 4172 Latinarum
1536 4121 1795 4175 classium
1847 4121 2024 4173 muni-

437 4207 520 4252 tos
542 4200 609 4254 ab
633 4201 962 4272 imperatore
985 4208 1155 4276 copiis
1179 4211 1414 4279 egregiis
1439 4219 1625 4280 portus
1656 4227 1846 4266 omnes
1871 4228 1886 4275 ;
1913 4223 2024 4265 ter-

2129 3285 2275 3346 ὅπως
2310 3284 2405 3343 τὰς
2438 3281 2821 3345 κατασκόπους
2854 3282 3132 3352 δρομάδας
3165 3280 3298 3342 ναῦς
3329 3280 3356 3330 ὁ
3402 3275 3680 3346 Ῥωμαῖκδς

2129 3376 2340 3444 φθάσας
2367 3376 2599 3445 κατέσχε
2623 3376 2829 3438 στόλος,
2851 3375 2995 3429 καθά
3020 3391 3081 3444 γε
3107 3375 3147 3405 δ’
3177 3373 3271 3424 καὶ
3293 3373 3528 3440 εἴρηται.
3547 3367 3688 3422 'am

2128 3469 2192 3539 δὴ
2228 3472 2321 3521 καὶ
2356 3468 2516 3520 τοῦτο
2549 3467 2996 3538 ἁνερυθριάστως
3034 3462 3375 3534 ἀνωμολόγει
3414 3463 3494 3522 δ’,
3525 3462 3687 3526 ὅτιπερ

2131 3563 2180 3614 οἱ
2217 3564 2488 3631 ἡγεμόνες
2533 3561 2626 3613 τοῦ
2660 3560 2927 3613 Κελτικοῦ
2969 3559 3157 3612 στόλου
3189 3555 3333 3609 οὕτω
3365 3569 3685 3624 παρασκευα-

2138 3656 2375 3723 σάμενον
2425 3656 2515 3708 τὸν
2565 3655 2951 3724 αὐτοκράτορα
3007 3652 3130 3705 κατ’
3181 3653 3364 3705 αὐτῶν
3419 3649 3688 3716 ἐγνωκότες

2137 3749 2529 3818 ὑπέστρεψαν,
2595 3747 2802 3817 βέλτιον
2849 3742 2989 3801 εἶναι
3033 3746 3359 3814 νομίσαντες
3406 3743 3688 3812 ἀπράκτους

2138 3841 2499 3910 ὑποστρέψαι,
2530 3841 2560 3907 ἦ
2598 3842 2738 3909 μετά
2760 3841 2850 3892 τοῦ
2900 3838 3214 3907 Ῥωμαῖκοῦ
3250 3836 3444 3889 στόλου
3480 3831 3692 3902 μαχομὲο

2134 3951 2259 3996 νους
2297 3932 2620 4002 ἡττηθῆναι.
2670 3933 2731 3986 ’0
2781 3932 2882 4002 μέν
2923 3931 3017 3984 οὖν
3067 3929 3269 3991 Κελτὸς
3308 3930 3518 3989 ἐκεῖνος
3543 3923 3688 3976 ταῦτα

2135 4027 2273 4095 προς
2303 4026 2394 4079 τὸν
2428 4025 2750 4079 Βαλδουῖνον
2786 4026 3022 4092 ἐξεῖπεν,
3056 4024 3367 4095 ὑπότρομος
3399 4022 3474 4074 ὦν
3503 4023 3589 4073 καὶ
3618 4017 3690 4072 τὸν

2140 4117 2448 4188 Ῥωμαϊκὸν
2475 4118 2555 4170 ἔτι
2582 4118 2770 4179 δεδιὼς
2802 4118 3007 4170 στόλον.
3034 4117 3221 4169 Ταῦτα
3252 4116 3351 4184 μὲν
3374 4110 3466 4168 οὖν
3492 4113 3554 4166 τὰ
3575 4109 3690 4164 κατὰ

2129 4212 2227 4282 τὴν
2261 4210 2531 4265 θάλατταν
2565 4213 2918 4280 συμπεσόντα
2948 4215 3060 4274 τοῖς
3092 4210 3343 4270 Κελτοῖς.

437 4309 525 4349 ras
556 4297 718 4350 etiam
755 4315 818 4353 ac
886 4303 1250 4356 continentem
1309 4305 1480 4358 l‘trmis
1525 4303 1794 4373 praesidiis
1837 4304 1888 4356 in
1965 4313 2080 4357 tuto
2155 4305 2379 4374 positas.
2450 4306 2629 4373 Ipsum
2692 4320 2798 4372 quo
2853 4306 3062 4359 cunctis
3116 4321 3182 4358 ex
3239 4312 3546 4371 Opportune
3593 4299 3690 4351 loco

436 4389 798 4454 prospiceret,
859 4393 1076 4446 cunctis
1133 4395 1350 4449 animos
1418 4398 1640 4450 adderet
1711 4398 1778 4449 ad
1855 4396 2296 4450 Clierrltonesum
2352 4398 2596 4452 hibernis
2646 4398 2926 4450 :cdificatis
2966 4399 3208 4451 hiemare
3271 4411 3394 4449 cum
3455 4393 3689 4447 exercitu.

439 4480 532 4532 llis
563 4477 700 4533 Galli
735 4483 957 4546 auditis,
1001 4485 1137 4539 Satis
1183 4488 1284 4540 sibi
1333 4487 1537 4543 conscii
1599 4488 2019 4555 haudquaquam
2065 4485 2196 4552 ipsis
2225 4488 2416 4542 adesse
2447 4489 2590 4541 vires
2659 4497 2838 4540 tantas
2901 4497 3118 4555 quantae
3162 4485 3228 4538 ad
3285 4483 3690 4554 perrumpeudas

438 4586 518 4630 tot
555 4577 689 4628 istas
724 4579 794 4630 ab
867 4579 1203 4648 imperatore
1253 4583 1498 4650 obiectas
1566 4585 1943 4653 prwsidiorum
1995 4581 2214 4634 fortium
2283 4592 2336 4636 et
2401 4582 2839 4636 cautissiucrnm
2877 4580 3224 4634 consiliorum
3267 4577 3681 4646 prtemuuitioncs

433 4687 497 4724 ac
532 4673 676 4728 velut
709 4675 943 4730 invictas
991 4678 1184 4743 moles,
1231 4681 1404 4734 versis
1429 4691 1648 4748 repente
1690 4681 1858 4734 clavis
1901 4681 2012 4734 alio
2051 4694 2273 4734 cursum
2319 4679 2694 4731 intenderunt.
2750 4675 2903 4731 Tunc
2933 4675 3216 4731 Gallorum
3293 4690 3430 4728 unus
3497 4672 3688 4738 quidam

430 4783 498 4822 ex
533 4767 600 4821 iis
631 4769 722 4837 qui
760 4779 873 4824 tum
903 4771 1045 4826 forte
1078 4773 1222 4828 circa
1256 4774 1422 4828 duces
1455 4773 1605 4828 fuere
1637 4775 1855 4843 quando
1885 4777 1999 4829 haec
2039 4777 2104 4827 al
2138 4775 2289 4841 ipsos
2309 4773 2376 4826 de
2402 4773 2731 4840 imperatore
2760 4772 2941 4826 delata
2988 4780 3148 4833 sunt,
3185 4784 3377 4822 navem
3439 4765 3687 4836 propriam

437 4875 719 4918 monerem
808 4868 1216 4924 velocissimam
1287 4880 1562 4925 momento
1591 4885 1948 4926 conscensatn
1988 4872 2294 4940 raptimque
2348 4889 2375 4924 a
2432 4871 2608 4923 classe
2668 4870 2900 4923 divisum
2993 4867 3305 4921 incursum
3365 4866 3600 4933 expedit,
3647 4855 3690 4902 ει

432 4974 595 5027 quam
625 4961 913 5018 celerrime
947 4963 1272 5018 Balduinum
1309 4965 1422 5018 adit
1463 4975 1588 5019 tttttc
1654 4975 2059 5033 oppugnantem
2137 4963 2360 5034 Tyrum.
2418 4963 2590 5030 Eique
2644 4963 2890 5030 exponit,
2945 4961 3118 5042 jussu;
3150 4961 3348 5029 Opinor
3393 4957 3684 5010 Latinorum

431 5051 653 5117 ilucttm,
686 5069 794 5123 quo
827 5056 945 5111 loco
976 5058 1114 5124 apud
1149 5058 1311 5126 ipsos,
1349 5073 1455 5127 quo
1478 5058 1615 5127 apud
1648 5058 2027 5126 imperatorem
2071 5073 2158 5110 res
2193 5066 2373 5111 essent
2404 5071 2418 5108 :
2450 5063 2510 5110 ut.
2539 5055 2826 5108 dromades
2855 5055 3094 5123 ipsorum
3136 5050 3520 5119 eXpIoratoria:
3545 5063 3568 5098 a
3600 5043 3691 5096 litt‘

437 5148 612 5200 manis
648 5159 822 5217 capta:
856 5168 870 5217 ;
902 5160 958 5203 ut
990 5155 1208 5209 acribus
1223 5153 1472 5207 excubiis
1508 5153 1724 5208 invictis
1756 5138 2026 5220 praesidiis
2056 5152 2533 5220 praztnuttitissima
2564 5150 2705 5218 apud
2743 5150 2928 5204 hostes
2959 5149 3066 5202 sint
3094 5148 3299 5201 oumia.
3326 5136 3687 5212 Dcniqneilhlti

433 5243 602 5302 libere
630 5260 692 5297 ac
724 5247 926 5312 pmlorc
983 5259 1236 5318 superato
1279 5247 1592 5302 fatebatur:
1625 5263 1964 5316 nequaquam
2009 5264 2169 5301 ausos
2207 5264 2325 5299 esse
2357 5248 2522 5301 duces
2564 5245 2808 5299 Francos
2855 5245 3243 5312 imperatorem
3314 5243 3391 5295 sic
3459 5246 3684 5307 paratum

439 5334 699 5398 aggredi;
730 5336 1144 5404 consultiusque
1221 5339 1500 5408 iudicasse
1547 5339 1724 5392 redire
1812 5337 1990 5391 salvos
2035 5352 2091 5390 re
2131 5338 2325 5391 infecta
2358 5353 2520 5408 quam
2561 5348 2762 5391 temere
2788 5345 3052 5391 attentato
3099 5337 3361 5390 adversus
3401 5329 3689 5386 instructis-

435 5429 628 5494 simum
664 5427 960 5482 Romanam
998 5431 1231 5486 classem
1277 5431 1461 5500 prtulio
1485 5432 1626 5484 vinci
1655 5430 1797 5484 haud
1831 5433 2012 5488 dubie.
2058 5430 2195 5484 Huic
2274 5429 2556 5485 formidini
2625 5431 2891 5485 orationis
2943 5445 3216 5499 congruus
3270 5438 3385 5482 erat
3443 5437 3683 5496 aspccws

437 5533 602 5588 atque
628 5519 844 5574 habitus
877 5521 1002 5575 talia
1032 5521 1327 5576 referentis
1363 5521 1632 5576 Baldnino
1679 5521 1844 5588 Galli,
1909 5524 2193 5578 trementis
2223 5522 2444 5578 interim
2481 5524 2612 5578 totis
2674 5521 2927 5588 artubus,
2972 5530 3028 5576 et
3094 5520 3390 5575 Romanam
3474 5519 3542 5573 de
3595 5527 3688 5586 qua

439 5613 653 5666 diccbat
678 5611 906 5668 classem
950 5626 1148 5682 pavere
1183 5615 1361 5668 a=‘huc
1396 5613 1760 5681 przeferentis.

1445 5757 1644 5818 Variae
1690 5756 2000 5819 lectiones
2029 5770 2108 5814 ex
2141 5751 2284 5814 cod.
2317 5744 2584 5812 Coislin.

525 5865 568 5909 ⁸⁷
605 5863 760 5935 πρός.
828 5863 1106 5931 ³⁸μκοεῖν.
1169 5864 1209 5896 ³⁵³
1260 5862 1381 5932 νῆα.
1444 5861 1484 5892 ⁵ο
1523 5861 1784 5914 ἐπελθών.
1885 5861 1923 5892 δι
1964 5857 2284 5927 καθώσπερ.
2348 5851 2709 5922 “dignorat.
