3900 6594
437 457 574 528 1059
1731 442 1956 510 ΑΝΝΕ
1999 440 2384 509 COMNENsiB
3548 437 3664 512 ioco

437 577 689 630 Felicitas
733 570 974 624 audaciae
1031 567 1333 638 respondit.
1391 564 1527 619 Victi
1583 573 1710 618 sunt
1768 559 2015 622 Barbari,

2131 555 2224 622 τῆς
2246 556 2470 625 εἰρήνης
2494 551 2978 622 διαπρεσϐεύεται,
3013 554 3296 626 ὁμολογῶν
3324 557 3440 626 Ξιμα
3474 557 3535 609 ὲκ
3559 562 3671 610 πολ-

437 677 495 720 ct
550 664 722 718 cladis
769 660 1220 730 inopinatissima:
1279 659 1440 730 532
1483 658 1698 718 nuntio,
1751 671 1854 724 qua
1907 664 2013 706 tam

441 755 590 808 multi
624 766 846 806 suorum
878 766 906 802 a
940 759 1050 804 tam
1102 751 1286 818 paucis
1320 758 1650 816 plostrorum
1703 743 1808 798 fusi
1857 743 2012 812 fuga-

439 851 588 916 tique
616 849 850 912 inerant,
902 844 1182 916 perculsus
1233 842 1501 903 sullanus,
1563 839 1744 892 missis
1796 837 1862 889 ad
1921 837 2020 889 iiii-

444 948 742 1003 peratorem
812 938 1000 1004 legatis
1059 938 1124 988 de
1161 949 1293 1004 pace
1339 948 1460 986 cum
1515 948 1580 984 eo
1629 930 1774 998 cepit
1835 943 2014 998 agerc.

444 1029 776 1083 Fatebantur
806 1028 968 1097 legati
1003 1028 1092 1080 ditt
1122 1041 1243 1079 esse
1293 1040 1414 1078 cum
1464 1024 1721 1076 dominus
1779 1022 2019 1089 ipsorum

441 1131 654 1190 cuperet
685 1135 868 1189 pacem
894 1119 1258 1172 Musulmanos
1291 1118 1429 1170 inter
1449 1127 1502 1169 et
1534 1114 1810 1168 Romanos
1838 1113 2024 1165 videre

445 1212 812 1264 constitutam.
853 1210 990 1264 Vere
1035 1211 1106 1262 ita
1135 1217 1272 1262 erat.
1307 1207 1442 1260 Nam
1489 1207 1535 1260 is
1567 1206 1816 1273 princeps
1867 1203 2022 1269 longo

439 1302 551 1371 jam
603 1319 669 1356 ex
731 1314 970 1370 tempore
1021 1301 1365 1355 continenter
1431 1297 1630 1351 auditis
1678 1296 2024 1349 successibus

449 1396 619 1450 Alexii
652 1395 901 1462 Augusti,
957 1404 1016 1448 ut
1068 1394 1360 1462 prudenter
1391 1407 1469 1453 se,
1503 1399 1560 1442 ut
1591 1390 1803 1442 fortiter
1832 1397 2022 1442 contra

450 1488 633 1539 hostes
687 1486 862 1538 omnis
911 1485 1128 1551 generis
1184 1483 1449 1552 gesserit:
1506 1491 1565 1535 ut
1614 1483 1899 1549 angustiis,
1968 1489 2026 1533 ut

449 1576 703 1644 periculis
739 1591 802 1629 ex
839 1576 1092 1629 maximis
1139 1573 1343 1626 virtute
1390 1587 1448 1626 se
1495 1587 1559 1625 ac
1591 1571 1820 1625 consilio
1849 1571 2027 1639 explis

445 1677 660 1728 cuerat,
711 1666 996 1732 praestanti
1052 1666 1253 1718 sensim
1316 1672 1722 1730 praeoccupatus
1769 1663 2026 1731 opinione

447 1758 546 1811 viri
583 1773 646 1811 ac
691 1759 1045 1812 veneratione
1090 1757 1318 1825 quadam
1375 1765 1515 1809 erat.
1549 1754 1647 1808 Cui
1679 1771 1802 1809 cum
1833 1756 1898 1808 ad
1929 1771 2026 1810 eu-

453 1850 655 1902 mulum
685 1850 918 1903 accessit
966 1863 1156 1903 recens
1190 1847 1523 1915 experientia
1573 1847 1889 1903 offensionis
1943 1849 2026 1917 ip-

451 1955 570 1992 sum
608 1937 671 1990 ad
708 1939 863 1991 limen
893 1936 1066 2000 facta',
1095 1953 1158 1990 ex
1191 1954 1314 2005 qua,
1351 1938 1427 1990 uti
1463 1953 1528 1990 ex
1566 1937 1778 1989 limbria
1817 1949 2021 1991 vestem

447 2033 620 2095 aiunt,
652 2040 704 2083 et
744 2046 809 2084 ex
841 2045 1019 2099 ungue
1071 2031 1304 2096 leonem,
1340 2032 1410 2082 ita
1463 2030 1660 2083 bellum
1720 2032 1820 2084 hoc
1852 2037 2023 2083 totum

446 2121 607 2188 quale
655 2123 867 2175 demum
949 2110 1183 2175 futurum
1215 2137 1388 2191 quave
1429 2121 1642 2175 fortuna
1695 2123 1763 2176 sit
1818 2135 2027 2189 geren—

445 2215 594 2277 dum,
646 2215 939 2284 intelligere
974 2215 1181 2280 liceret,
1217 2231 1366 2269 mora
1392 2216 1503 2284 jam
1562 2214 1703 2268 nulla
1752 2230 1876 2270 esse
1931 2231 2026 2285 po-

449 2307 551 2360 luit
581 2307 708 2374 quin
741 2308 804 2360 ad
831 2309 1052 2362 causilia
1084 2309 1230 2377 pacis
1259 2324 1379 2362 cum
1435 2309 1759 2376 imperatore
1811 2322 2029 2376 compo-

447 2399 634 2452 nendm
665 2413 895 2454 mentem
927 2402 1174 2454 sultanns
1204 2407 1258 2456 et
1289 2403 1667 2471 cogitationem
1706 2402 2028 2470 appelleret.

449 2490 581 2542 Cum
641 2494 804 2558 igitur
854 2493 1200 2545 advenissent
1252 2507 1283 2546 e
1323 2492 1542 2545 Perside
1593 2492 1773 2561 legati,
1830 2493 2031 2546 resedit

449 2581 740 2646 imperator
802 2584 1014 2636 sublimi
1070 2583 1224 2639 solio.
1286 2583 1598 2637 Praitoriani
1644 2599 1831 2638 Omnes
1911 2601 2030 2638 om-

446 2671 532 2723 nis
563 2671 755 2731 lingua?
796 2687 860 2726 ae
894 2673 1106 2742 generis
1149 2674 1338 2728 ordine
1383 2673 1612 2741 quisque
1667 2689 1763 2726 suo
1826 2674 2026 2728 circinn

447 2761 690 2826 dispositi
718 2764 1007 2815 terribilem
1035 2765 1084 2815 in
1113 2763 1344 2831 speciem
1369 2780 1383 2829 ;
1419 2779 1518 2816 nec
1544 2765 1767 2817 deerant
1799 2780 2026 2832 quorum

449 2851 851 2908 formidolosior
896 2865 1145 2923 aspectus
1177 2863 1294 2910 erat
1349 2856 1632 2909 securibus
1683 2857 1736 2909 in
1799 2858 2029 2911 humero

449 2944 640 3012 positis
674 2947 870 2999 armati
929 2945 1156 3000 Barbari
1207 2960 1518 3015 perpetuam
1573 2949 1625 3000 in
1661 2950 1856 3002 seriem
1911 2948 2030 3004 loco

449 3051 553 3090 suo
600 3038 818 3105 digesti.
877 3037 978 3091 Per
1027 3038 1217 3091 bovum
1272 3053 1365 3090 ora
1425 3055 1686 3106 armaque
1745 3041 2032 3096 minaciter

449 3129 746 3182 renidentia
799 3131 953 3199 longa
1009 3131 1091 3184 via
1149 3132 1490 3185 deducuntur
1552 3132 1711 3202 legati
1753 3134 1933 3188 Persa:
1963 3136 2028 3189 ad

448 3218 730 3287 imperiale
759 3223 980 3275 solium.
1033 3223 1162 3277 Inde
1206 3225 1482 3293 Augustus
1530 3239 1624 3278 eos
1666 3241 1786 3293 qua-
1836 3239 1922 3279 res
1969 3242 2029 3280 ac
2059 3247 2102 3308 ρ

450 3322 660 3381 tempus
687 3315 942 3380 poscebat
967 3315 1035 3369 de
1070 3316 1286 3370 sultano
1319 3321 1688 3384 percontatus,
1721 3317 2028 3388 auditisque

448 3403 686 3456 vicissim
720 3421 837 3472 qua:
865 3405 966 3473 ipsi
1004 3405 1286 3470 afferrent,
1318 3407 1651 3476 significavit
1683 3410 1898 3476 placere
1923 3411 2024 3465 sibi

447 3509 660 3560 quoque
692 3509 876 3562 pacem
914 3496 1112 3551 Persas
1157 3498 1296 3550 inter
1327 3509 1378 3551 et
1416 3498 1695 3554 Romanos
1731 3516 1941 3568 aequam
1975 3511 2028 3557 et

453 3585 664 3636 lirmam
697 3587 839 3640 ticri.
881 3587 1130 3641 Perrexit
1159 3591 1448 3659 exquirere
1479 3592 1675 3646 deinde
1703 3593 1829 3660 quid
1863 3593 2030 3646 sulta-

450 3691 549 3728 nus
583 3689 854 3744 posceret.
897 3680 1216 3734 Recitantur
1266 3699 1292 3734 a
1348 3683 1532 3752 legatis
1574 3687 1838 3752 postulata
1888 3687 2028 3756 ejus.

451 3766 506 3818 In
546 3768 612 3821 iis
645 3785 762 3822 esse
797 3771 974 3840 aliqua
1026 3774 1210 3826 statim
1268 3775 1547 3843 Augustus
1591 3775 1723 3829 vidit
1774 3777 2030 3831 Romanae

451 3859 526 3910 rei
566 3875 760 3927 parum
815 3865 1122 3918 commoda.
1162 3863 1238 3917 Eo
1272 3865 1436 3932 igitur
1483 3864 1872 3933 eloquentiam,
1922 3881 2028 3934 qua

449 3950 660 4005 valebat
696 3952 1021 4020 plurimtnn,
1049 3956 1317 4009 convertit
1345 3971 1524 4019 suam,
1582 3966 1641 4009 ut
1671 3958 2027 4023 pertinaciam

449 4043 500 4090 in
533 4041 595 4093 iis
621 4042 931 4098 obtinendis
957 4046 1229 4113 capitibus
1255 4047 1511 4100 invictam
1538 4048 1825 4102 adimeret.
1860 4048 2031 4103 Multa

451 4130 500 4181 in
535 4146 654 4184 eam
687 4149 799 4186 rem
833 4138 1142 4201 excusavit,
1199 4137 1364 4190 multa
1393 4140 1624 4200 monuit,
1664 4141 1848 4194 multis
1879 4157 2031 4196 com-

450 4228 763 4279 memoratis
795 4228 962 4290 varie,
995 4239 1156 4296 atque
1190 4229 1256 4281 ad
1296 4245 1408 4281 rem
1461 4243 1614 4282 suam
1665 4240 1789 4299 apte
1820 4246 2034 4286 accom-

455 4316 686 4368 modatis
715 4329 832 4371 arte
865 4319 1192 4387 ingenioque
1217 4320 1464 4388 plurimis
1491 4321 1680 4383 evicti,
1719 4325 1934 4376 tandem
1973 4334 2032 4378 ut

451 4421 546 4470 pro
578 4423 638 4459 ea
673 4423 831 4476 quam
860 4411 1152 4474 habebant,
1186 4429 1272 4466 res
1303 4427 1368 4466 ex
1406 4414 1663 4482 praesenti
1697 4413 1886 4468 notitia
1915 4431 2034 4470 mo-

447 4497 694 4565 derandi,
742 4513 1030 4572 potestate,
1063 4507 1476 4560 conditionibus
1531 4506 1653 4561 istis
1679 4507 1905 4576 imperio
1935 4525 2032 4565 no-

2122 647 2217 698 λοῦ
2274 646 2371 715 τὴν
2430 645 2745 714 ἀναμεταξὺ
2791 646 2900 698 τῶν
2957 647 3408 719 Μουσουλμάνων
3450 652 3555 719 (40)
3593 657 3671 705 καὶ

2125 740 2232 791 τῶν
2278 737 2572 807 Ῥωμαίων
2625 740 2850 808 εἰρήνην
2895 741 3182 793 ὲπιποΟείν
3215 741 3533 797 Θεάσασοαι.
3587 741 3670 798 Ἕκ

2131 835 2342 906 μακροῦ
2380 835 2489 902 γὰρ
2525 835 2623 895 τὰς
2671 832 2766 883 τού
2816 832 3224 903 αὐτοκράτορος
3270 834 3414 884 κατὰ
3471 828 3665 886 πάντων

2125 927 2412 996 ἀριστείας
2473 921 2786 992 μανθάνων,
2841 924 2933 974 xz‘t
2990 923 3312 997 ,ἀπόπειραν
3372 924 3531 976 αὑτοῦ
3576 921 3670 978 οἷον

2125 1020 2520 1088 ποιησάμενος.
2555 1019 2664 1068 κάκ
2704 1014 2799 1067 τοῦ
2852 1015 3166 1084 κρασπέδου
3208 1016 3268 1066 τὸ
3323 1013 3563 1082 ὕφασμα,
3592 1015 3671 1069 καὶ

2126 1112 2183 1178 ἐξ
2217 1113 2426 1180 ὀνύχων
2463 1112 2555 1163 τὸν
2595 1109 2791 1162 λέοντα
2823 1109 3104 1175 ἐγνωκὼς,
3138 1109 3234 1160 καὶ
3275 1108 3353 1178 μὴ
3378 1108 3668 1178 βουλόμενος

2135 1204 2273 1276 πρὸς
2308 1202 2594 1272 εἰρηνικὰς
2624 1201 2984 1252 ἁπενενεύκει
3026 1201 3281 1262 σπονδάς.
3314 1191 3435 1251 Τῶν
3463 1204 3519 1251 ἐκ
3552 1205 3670 1270 Περ-

2128 1299 2270 1358 σίδος
2323 1297 2506 1348 τοίνυν
2560 1294 2981 1346 καταλαδόντων
3029 1293 3348 1363 πρέσϐεων,
3387 1295 3414 1345 ό
3447 1288 3672 1363 βασιλεὺς

2127 1389 2358 1460 φοϐερὸς
2396 1387 2786 1457 προύκάθητο’
2831 1386 2927 1439 καὶ
2967 1386 3017 1438 οἱ
3059 1386 3151 1438 ἐπὶ
3183 1385 3284 1454 τῆς
3335 1382 3532 1450 τάξεως
3563 1384 3671 1451 τοὺς

2129 1479 2476 1551 στρατξώτας
2500 1481 2564 1532 ἐκ
2592 1479 2777 1548 πάσης
2811 1470 3060 1547 γλώττης
3097 1477 3561 1546 συνειλεγμένους,
3587 1483 3668 1532 καὶ

2125 1575 2252 1636 τοὺς
2302 1571 2716 1643 πελεκυφὸρους
2760 1569 3083 1641 Βαρόἀρους
3125 1572 3182 1621 ὲν
3217 1569 3375 1633 τάξει
3425 1587 3672 1639 καταστη·

2129 1668 2380 1734 σάμενοι,
2411 1664 2538 1726 τοὺς
2569 1663 2828 1732 πρέσϐεις
2863 1664 2956 1713 ἐπὶ
2986 1661 3080 1714 τοῦ
3110 1660 3396 1730 βασιλικοῦ
3425 1664 3671 1732 παρεστὴο

2129 1770 2290 1809 σαντο
2323 1754 2593 1826 βήματος.
2635 1755 2694 1807 Ὀ
2743 1755 2820 1817 δὲ,
2866 1755 2993 1822 περὶ
3023 1753 3118 1806 τοῦ
3149 1753 3439 1806 σουλτάνου
3474 1753 3669 1818 τούτους

2127 1847 2194 1899 τὰ
2221 1847 2409 1899 εἰκότα
2439 1846 2797 1916 ἐπερωτήσας
2841 1844 2884 1876 δ’
2920 1844 3015 1897 καὶ⁸
3058 1843 3302 1904 ἀκούσας
3333 1842 3399 1894 τὰ
3425 1839 3488 1894 δι’
3516 1843 3671 1894 αὐτῶν

2133 1941 2470 2010 μηνυόμενα,
2499 1937 2772 2010 ὡμολόγει
2802 1937 2903 2008 μὲν
2932 1937 3030 2008 τὴν
3058 1936 3198 2006 μετὰ
3231 1935 3448 1988 πάντων
3477 1929 3671 2004 εἰρήνην

2130 2031 2481 2096 ἀσπάζεσθαί
2509 2048 2570 2083 τε
2615 2033 2705 2084 καὶ
2739 2029 2948 2083 θέλεινι
2987 2028 3297 2098 πυθόμενος
3342 2028 3396 2080 δὲ
3436 2032 3551 2097 περὶ
3583 2027 3673 2078 τῶν

2131 2124 2208 2195 τῷ
2255 2123 2536 2192 σουλτάνῳ
2567 2122 2895 2187 δοκούντων,
2951 2123 3072 2174 ἐπεὶ
3118 2121 3193 2191 μὴ
3244 2118 3424 2172 πάντα
3451 2121 3513 2170 τὰ
3559 2115 3673 2189 παρ’

2132 2207 2313 2270 αὐτῶν
2342 2215 2639 2285 αἰτούμενα
2667 2218 2732 2285 τῇ
2757 2215 2867 2267 τῶν
2904 2213 3192 2284 Ῥωμαίων
3222 2213 3367 2283 ἀρχῇ
3393 2213 3673 2266 συνοίσοντα

2129 2311 2345 2374 διέγνω,
2378 2309 2582 2379 πολλὴν
2611 2312 2725 2370 τοῖς
2749 2307 2915 2360 αὑτοῦ
2943 2308 3125 2375 λόγοις
3151 2304 3327 2358 πειθὼ
3357 2307 3675 2376 περιστεῦας

2132 2403 2520 2472 εὐστοχώτατὰ
2569 2415 2630 2455 τε
2665 2401 2805 2472 πρὸς
2847 2396 3045 2462 αύτούς
3081 2399 3577 2468 ἀπολογησάμενος,
3605 2398 3676 2449 διὰ

2133 2492 2350 2544 πολλῶν
2381 2492 2646 2562 ῥημάτων
2683 2490 2860 2544 πείθει
2899 2491 3012 2552 τοῖς
3056 2489 3223 2542 αὐτοῦ
3265 2487 3676 2556 συγκατανεῦσαι

2134 2583 2260 2653 οελή
2273 2599 2454 2650 μασιν.
2492 2577 2626 2635 Εἶτα
2657 2581 2795 2652 πρὸς
2820 2582 2920 2651 τὴν
2948 2579 3498 2650 παρασκευασθείσαν
3519 2578 3679 2641 αὐτοῖς

2137 2675 2344 2744 σκηνὴν
2397 2674 2694 2736 ἀπέλυσεν,
2737 2673 3118 2743 ἐντειλάμενος
3172 2671 3449 2740 σκοπῆσαι
3487 2670 3548 2723 τὰ
3601 2672 3679 2741 ῥηι

2136 2766 2324 2833 Οέντα,
2374 2769 2469 2819 καὶ
2511 2769 2558 2819 εἰ
2609 2767 2707 2836 μὲν
2741 2767 2838 2837 ὅλῃ
2873 2766 3020 2835 ψυχῇ
3063 2765 3197 2834 πρὸς
3230 2763 3404 2817 ταῦτα
3441 2762 3680 2816 κατανεύέ

2138 2875 2312 2924 σαιεν,
2383 2860 2439 2922 ἐς
2488 2858 2663 2912 νέωτα
2729 2857 2829 2928 τὴν
2890 2857 3096 2926 μεταξὺ
3151 2855 3473 2925 συμφωνίαν
3525 2854 3681 2924 πέρας

2135 2950 2347 3004 λαϐεῖν.
2405 2951 2557 3002 Ἐπεὶ
2610 2951 2668 3002 δὲ
2717 2949 3020 3018 προθύμως
3075 2949 3146 3000 τὰ
3196 2947 3348 3016 παρὰ
3402 2946 3492 2999 τοῦ
3543 2946 3682 2997 trito-

2134 3043 2401 3113 κράτορος
2434 3037 2716 3112 ἐφαίνοντο
2767 3041 3073 3111 δεχόμενοι,
3122 3041 3186 3110 τῇ
3249 3040 3372 3109 μετ’
3415 3038 3460 3068 ⁵⁸
3509 3038 3678 3105 αὐτὴν,

2135 3133 2307 3202 πέρας
2361 3137 2393 3202 ἠ
2448 3133 2735 3204 συμφωνία
2809 3130 3114 3200 λαμϐάνει.
3194 3129 3270 3183 Ού
3324 3129 3459 3198 πρὸς
3512 3129 3682 3180 ἑαυτὸν

2134 3223 2188 3276 δὲ
2243 3223 2474 3277 ἀπένευε
2538 3225 2722 3294 μόνον,
2775 3222 2914 3276 ἀλλὰ
2974 3225 3113 3292 πρὶς
3163 3221 3338 3288 αὐτὴν
3389 3221 3486 3292 τὴν
3547 3219 3683 3288 βασι·

2134 3315 2283 3368 λείαν
2347 3316 2657 3386 Ῥωμαίων.
2714 3315 3031 3385 Κηδόμενος
3083 3314 3193 3382 γὰρ
3257 3313 3369 3365 τῶν
3427 3311 3684 3380 κοσμικῶν

2136 3409 2338 3478 μᾶλλον
2399 3409 2433 3478 ἢ
2490 3408 2598 3460 τῶν
2653 3405 2872 3472 ἑαυτοῦ,
2938 3409 3044 3460 πᾶν
3116 3407 3176 3458 τὸ
3240 3405 3677 3473 οἰκονομούμενον

2134 3500 2270 3567 πρὸς
2314 3499 2384 3551 τὰ
2429 3498 2686 3567 σκῆπτρα
2739 3497 3029 3567 Ῥωμαίων
3086 3496 3382 3549 ἀπονεύειν
3433 3498 3523 3548 καὶ
3573 3496 3687 3547 dva-

2132 3591 2394 3660 φέρεσθαι
2429 3589 2697 3652 παντοίως
2751 3587 3097 3659 διῳκονόμει,
3136 3587 3225 3640 ἵνα
3251 3588 3348 3639 καὶ
3401 3586 3516 3657 μετ’
3537 3587 3684 3639 αὑτὸν

2131 3682 2226 3734 καὶ
2259 3683 2337 3743 εἰς
2392 3679 2481 3732 τὸν
2532 3680 2730 3748 ἑφεξῆς
2779 3679 2973 3749 χρόνον
3039 3680 3110 3731 τὰ
3145 3678 3684 3748 συμπεφωνημένα⁸ί

2130 3775 2312 3846 διήκῃ,
2345 3773 2447 3825 κᾶν
2474 3771 2816 3841 ἀπετύγχανε
2873 3769 2968 3823 τοῦ
3014 3770 3220 3822 σκοποῦ
3239 3769 3307 3800 ⁵³⁸
3337 3768 3407 3820 τὰ
3436 3769 3539 3837 γὰρ
3577 3763 3690 3836 μετ⁹

2133 3866 2296 3917 αὑτὸν
2346 3863 2520 3926 ἄλλως
2574 3863 2726 3933 ἔσχε,
2774 3864 2869 3916 καὶ
2915 3864 2994 3926 εἰς
3057 3863 3321 3931 σύγχυσιν
3377 3860 3596 3931 ἀφεώρα
3629 3860 3688 3910 τὰ

2133 3957 2456 4028 πράγματα.
2511 3956 2958 4026 Κατεστορεύετο
3015 3957 3114 4026 μὲν
3169 3955 3280 4025 γὰρ
3338 3953 3417 4023 τῷ
3473 3953 3603 4014 τέως
3630 3952 3690 4004 τὰ

2132 4046 2455 4116 ἐνοχλοῦντα
2508 4047 2602 4099 καὶ
2669 4047 2749 4107 εἰς
2791 4047 3015 4115 εἰρήνην
3068 4045 3254 4097 ἁπεῑδε
3317 4043 3574 4111 βαθεῖαν·
3609 4042 3689 4093 καὶ

2131 4140 2240 4193 ἀπὸ
2286 4139 2448 4209 μέχρι
2483 4137 2719 4208 πέρατος
2776 4135 2972 4198 αἰῶνος
3013 4137 3239 4205 εἰρήνην
3266 4135 3496 4204 ἢγομεν.
3543 4131 3688 4184 ’Λλλὰ

2132 4233 2243 4300 γὰρ
2271 4230 2582 4299 συγκατὲδυ
2630 4229 2710 4298 τῷ
2757 4227 2970 4298 βασιλεῖ
3017 4227 3199 4279 πάντα
3257 4229 3328 4279 τὰ
3383 4226 3578 4294 λῴονα,
3613 4223 3693 4275 καὶ

2135 4321 2492 4384 κενόσπουδος
2520 4319 2671 4390 αύτῷ
2700 4320 2733 4390 ἡ
2762 4320 2967 4386 σπουδὴ
2996 4317 3135 4387 μετὰ
3180 4318 3280 4388 τὴν
3344 4316 3506 4369 αὐτοῦ
3545 4315 3693 4379 παρέ-

2133 4415 2317 4467 λευσιν
2345 4411 2540 4480 γέγονε
2566 4408 2864 4480 ἁὸελτηρίᾳ
2885 4410 2993 4460 τῶν
3018 4407 3419 4475 διαδεξαμένων
3457 4405 3524 4457 τὰ
3576 4401 3694 4471 σκῆ-

2137 4523 2284 4577 πτρα
2301 4504 2369 4556 ⁸³.

450 4589 552 4644 siis
582 4608 684 4646 non
721 4595 989 4651 haererent
1019 4599 1328 4664 mordicus;
1388 4601 1482 4653 sed
1551 4601 1620 4653 iis
1687 4600 1997 4658 relaxandis
2063 4607 2116 4659 in
2157 4598 2483 4657 sententiam
2536 4594 2883 4665 imperatoris
2931 4607 2991 4647 se
3029 4592 3155 4646 duci
3207 4601 3543 4658 paterentur.
3601 4589 3696 4644 lloc

446 4693 702 4750 txpresso
751 4700 1016 4740 consensu
1049 4687 1254 4755 dimissi
1285 4687 1464 4741 Persa:
1499 4688 1548 4740 in
1582 4689 1758 4757 ample
1792 4690 1926 4758 ipsis
1995 4702 2051 4746 et
2122 4689 2405 4745 commode
2461 4696 2710 4754 paratum
2789 4684 3198 4737 tabernaculum
3267 4682 3480 4736 deducti
3544 4692 3693 4746 sunt;

450 4775 740 4828 mandante
797 4776 927 4844 ipsis
975 4777 1028 4829 in
1078 4778 1322 4846 digressu
1377 4779 1642 4846 Augusto.
1695 4791 1752 4833 ut
1811 4781 1881 4836 ibi
1954 4797 2052 4849 per
2089 4783 2258 4836 otium
2292 4781 2358 4834 de
2393 4778 2554 4831 dictis
2587 4775 2729 4829 ultro
2776 4776 3027 4842 citroque
3097 4789 3348 4830 sermone
3393 4775 3567 4844 primo
3597 4775 3685 4827 isto

447 4866 609 4917 etiam
662 4879 827 4934 atque
875 4872 1038 4924 etiam
1117 4872 1462 4940 cogitarent:

1545 4872 1804 4941 pollicens
1855 4876 1989 4939 fore,
2041 4876 2086 4929 si
2145 4873 2363 4943 quidem
2439 4871 2493 4923 in
2556 4869 2822 4922 sententia
2875 4877 3200 4936 perstarent,
3270 4877 3325 4920 et
3388 4868 3440 4920 in
3487 4867 3553 4920 iis
3597 4881 3697 4934 qua:

450 4961 552 5012 sibi
583 4962 690 5025 jam
719 4979 874 5032 turpia
909 4965 1075 5018 videri
1151 4966 1542 5030 declarassem,
1602 4975 1712 5020 toto
1784 4969 1886 5022 sibi
1921 4970 2103 5023 animo
2144 4977 2367 5034 totaque
2413 4963 2684 5019 sententia
2738 4961 3192 5030 perseverandum
3239 4960 3542 5014 ducerent:
3591 4975 3696 5013 cra-

450 5051 587 5102 stina
621 5053 734 5122 ipsa
795 5057 981 5108 statim
1017 5059 1105 5109 die
1138 5073 1322 5126 pacem
1353 5059 1508 5126 cujus
1545 5063 1840 5115 tractandae
1911 5078 2074 5118 causa
2153 5069 2411 5118 venerant
2477 5065 2755 5112 momento
2810 5055 3192 5110 absolvendum
3271 5055 3698 5120 lirmandamque.

453 5141 677 5198 Miritice
709 5145 840 5214 ipsis
878 5163 996 5216 qua:
1023 5149 1236 5204 dicebat
1269 5153 1564 5220 imperator
1609 5153 1820 5220 placere
1847 5154 2190 5222 ;videbantur
2260 5152 2464 5205 omnia.
2541 5148 2649 5203 Nec
2714 5163 2819 5202 nox
2853 5146 3138 5200 consilium
3199 5146 3446 5199 mutavit.
3515 5145 3694 5204 Postri,

453 5233 561 5298 die,
599 5236 650 5287 in
683 5238 874 5304 primis
897 5239 1198 5294 volentibus
1229 5254 1393 5310 atque
1415 5245 1785 5297 annitentibus
1811 5245 2024 5313 legatis,
2067 5255 2401 5298 conventum
2459 5245 2510 5296 iu
2543 5253 2723 5296 certas
2750 5241 2897 5310 leges
2975 5240 3332 5307 tractatioque
3407 5237 3698 5290 concordia:

459 5328 599 5381 felici
651 5331 797 5384 exitu
851 5333 1130 5387 conclusa.
1184 5335 1460 5404 Ejusmodi
1510 5337 1656 5404 pacis
1707 5335 1826 5402 ejus
1886 5337 2032 5404 leges
2071 5346 2248 5400 erant,
2319 5345 2376 5388 ut
2422 5335 2556 5388 satis
2615 5344 2903 5402 appareret
2957 5347 3301 5402 nequaquam
3354 5345 3415 5383 ea
3481 5339 3700 5396 tempore

1521 5471 1721 5533 Variae
1745 5473 2051 5538 lectiones
2097 5493 2172 5536 ex
2198 5473 2342 5536 cod.
2361 5471 2628 5533 Coislin.

527 5590 570 5622 ⁸³
599 5588 976 5662 ἐπερωτήσᾳςο
1034 5586 1122 5662 ,⁸³
1145 5588 1256 5662 διάι
1367 5590 1408 5622 ⁸¹
1441 5591 1900 5662 συμφωνούμεναο

2011 5594 2060 5630 ⁸³
2093 5593 2188 5645 καὶ
2226 5591 2337 5644 τῶν
2388 5589 2553 5642 αύτοῦ
2607 5589 2993 5660 βουλευμάτων
3029 5588 3268 5659 ἠστὸνει.

3370 5587 3414 5619 ³³
3468 5589 3561 5642 καὶ
3586 5585 3698 5646 ὅλως

459 5657 753 5729 ἀσυντελης
796 5659 937 5727 μετὰ
964 5657 1131 5710 ταῦτα
1160 5661 1372 5728 γέγονε,
1397 5657 1526 5713 τῶν
1551 5657 1894 5732 στραγμάτων
1925 5663 2097 5725 ἄλλως
2137 5681 2250 5724 πως
2290 5661 2773 5716 διακυὸευοέντων.

1528 5777 1666 5839 Car.
1693 5778 2020 5839 Dufresnii
2080 5779 2175 5838 Du
2215 5775 2430 5853 Cangii
2466 5783 2654 5836 noue.

535 5875 647 5951 (40)
677 5875 1201 5947 Μουσοινλμὰνων.
1249 5875 1365 5932 Vim
1401 5876 1550 5933 vocis
1601 5877 1780 5945 prodit
1838 5876 2026 5933 Leunc‘

2135 5889 2195 5931 us
2226 5874 2280 5930 in
2318 5872 2490 5929 l’and.
2531 5891 2586 5929 n.
2615 5871 2684 5927 2?.
2709 5883 2762 5930 et
2788 5871 2880 5928 59,
