3900 6596
230 407 363 471 1065

1445 403 1857 463 ALEXIADIS
1896 403 2042 464 LlB.
2082 402 2237 465 XIV.

3344 404 3483 487 1066

230 543 363 593 τορα
424 522 758 591 αἰδούμενοι,
812 525 951 593 μήτε
1011 524 1104 575 τὸν
1135 521 1354 593 ,καιρὸν
1415 522 1774 593 παραρῤἑοντι

1911 530 2129 590 tamque
2185 523 2381 579 dissite
2435 540 2701 596 sparsam,
2761 532 2867 576 tam
2921 520 3248 577 necessariis
3292 521 3484 577 ciliciis

225 614 638 684 εὐλαϐούμενοι,
676 619 816 685 μήτε
848 615 951 683 τὴν
976 616 1087 666 τῶν
1114 615 1366 684 ὁρώντων
1413 615 1639 683 νέμεσιν
1664 614 1797 682 ὑφο-

226 705 484 777 ρώμενοι,
515 709 576 760 οὐ
604 711 711 770 τοῖς
739 706 964 760 ὄπισθεν
995 708 1337 776 ἐρχομένοις,
1369 705 1601 769 ἕκαστος
1629 708 1794 759 τόπον

219 798 438 867 ὁμιλίας
474 806 757 871 παρεῖχεν,
796 800 912 852 ἀλλ’
945 800 1154 863 ἀνέτως
1187 802 1284 861 τὰς
1315 798 1534 868 ὁμιλίας
1567 799 1661 851 καὶ
1696 800 1796 861 τὰς

220 892 470 958 αἰτήσεις
509 892 815 945 ἐποιοῦντο.

1908 614 2098 681 praeui
2149 615 2460 680 distentam,
2517 628 2573 670 ut
2620 632 2719 670 nec
2764 617 2873 669 cito
2908 614 3024 668 sine
3065 613 3349 691 miraculo,
3387 627 3485 667 nec

1909 721 2146 774 unquam
2182 707 2300 761 sine
2330 710 2591 779 periculo,
2628 719 2720 762 aut
2755 708 2935 777 potius
2982 706 3148 761 exitio
3203 704 3481 773 przesenti,

1906 816 2069 853 unum
2098 802 2148 854 in
2188 803 2361 857 l0cum
2402 805 2519 873 cogi
2567 821 2725 872 posse
2758 804 3058 862 videretur.
3090 803 3354 857 Nimirum
3390 801 3482 853 alii

1906 890 2275 947 Romanorum
2313 898 2541 951 militutn
2587 914 2684 967 per
2726 896 2969 952 Serviam
3009 912 3212 966 perque
3263 895 3481 949 Dalma-

220 984 342 1035 tiam
392 994 653 1051 angustos
699 995 909 1038 meatus
969 984 1208 1047 vallium,
1266 982 1503 1037 claustra
1562 982 1798 1051 imperii,
1839 983 2104 1048 prmsidiis
2129 984 2482 1050 obtinebant;
2518 985 2607 1038 alii
2643 987 2786 1039 circa
2856 983 3049 1037 Istrum
3099 984 3355 1038 Comauis
3418 997 3482 1036 ac

221 1074 375 1128 Dacis
407 1075 741 1143 irruptiones
817 1074 1035 1128 assidue
1102 1076 1491 1127 meditantibus
1555 1074 1750 1141 objecti
1822 1073 2065 1139 stabant;
2120 1076 2255 1128 alios
2312 1090 2513 1145 eosque
2561 1077 2822 1145 plurimos
2857 1075 3177 1145 Dyrrhachii
3228 1077 3475 1131 custodia

220 1167 582 1235 periclitantis
615 1168 810 1220 iterum
848 1184 876 1220 a
908 1167 1076 1220 Gallis
1131 1166 1337 1220 deﬁxos
1390 1168 1476 1219 isti
1529 1166 1689 1219 limiti
1742 1168 1794 1220 in
1834 1168 2079 1222 excubiis
2120 1168 2421 1222 utilissimis
2456 1170 2708 1222 habebat.
2743 1168 2865 1223 llaec
2896 1184 3146 1233 cernens,
3213 1169 3327 1223 haec
3389 1186 3478 1223 re-

220 1266 437 1323 putans,
504 1258 630 1325 quid
679 1258 822 1311 aliud
872 1259 1168 1324 imperator
1220 1269 1428 1327 ageret,
1511 1273 1672 1326 quam
1725 1256 1866 1325 quod
1910 1260 2135 1326 urgebat
2186 1261 2419 1313 maxime
2473 1261 2523 1312 in
2584 1275 2649 1314 eo
2702 1262 3042 1328 procurando
3103 1270 3244 1314 totos
3306 1273 3470 1316 esset.

211 1350 515 1417 posteriora
570 1350 787 1402 interim
843 1350 1066 1403 duceret
1110 1350 1353 1403 cratera?
1412 1349 1794 1404 Parturiebant
1833 1367 2005 1405 caecas
2033 1353 2251 1405 fraudes
2323 1353 2655 1421 rapinasque
2721 1368 2783 1406 ac
2818 1353 2954 1405 bella
2982 1353 3140 1407 solita
3169 1353 3467 1409 clanculum

211 1442 480 1510 parabant
536 1442 748 1494 ﬁnitimi
795 1442 998 1494 circum
1054 1441 1302 1506 Barbari,
1358 1440 1492 1494 nihil
1543 1442 1787 1495 omnium
1827 1442 2068 1511 Augusto
2097 1442 2394 1495 neScicntc.
2476 1441 2673 1496 Verum
2714 1443 2841 1512 quia
2918 1444 3123 1497 Gallico
3168 1447 3465 1509 discrimini

211 1543 371 1587 totam
405 1535 719 1603 impendere
750 1534 1144 1603 providentiam
1178 1534 1518 1595 decreverat,
1546 1534 1703 1587 donis
1768 1544 1821 1586 et
1893 1535 2246 1602 dignitatibus
2298 1532 2663 1587 Barbarorum
2732 1538 2896 1590 duces
2941 1534 3103 1606 435
3157 1538 3467 1603 occupavit.

212 1628 553 1694 redemitquc
586 1627 679 1679 illo
701 1627 869 1695 pretio
892 1625 1240 1679 securitatem
1267 1625 1334 1677 ab
1410 1639 1475 1678 eo
1548 1638 1748 1693 genere
1822 1626 2068 1693 periculi.
2116 1624 2313 1678 Totum
2363 1626 2559 1679 deinde
2601 1628 2842 1681 animum
2894 1642 3193 1695 curiit-sque
3244 1628 3309 1680 ad
3360 1630 3466 1682 vim

211 1720 493 1773 Gallorum
536 1721 912 1782 cubibendam,
960 1719 1422 1785 continendusque
1464 1721 1533 1773 ab
1575 1718 1773 1786 injuria
1808 1720 2132 1788 cupiditates
2197 1701 2377 1773 vertit.
2441 1721 2758 1789 Quanquam
2795 1730 2849 1775 et
2884 1723 3111 1777 subinde
3169 1730 3474 1789 respectare

209 1814 352 1864 illum
389 1813 503 1866 alio
572 1829 789 1865 suorum
837 1811 1044 1865 insidiae
1089 1811 1492 1881 conjurantiutn
1576 1821 1629 1865 et
1674 1823 1859 1880 operta
1905 1811 2239 1865 defectiones
2283 1813 2619 1866 molientium
2674 1812 2877 1867 scelera
2941 1816 3225 1879 cogebant.
3285 1812 3475 1880 Neque

202 1902 313 1954 haec
346 1903 586 1964 facilior,
619 1904 662 1953 si
697 1916 882 1955 verum
906 1904 1156 1963 tutentur,
1184 1901 1266 1954 vel
1295 1901 1364 1955 ob
1392 1901 1785 1970 explorationis
1826 1901 2217 1967 diiiicnltatcm,
2252 1904 2334 1956 vel
2388 1906 2455 1956 ob
2518 1902 2849 1958 anxietatem
2920 1904 3227 1961 diliidcntize
3287 1903 3473 1959 cautio

201 2008 336 2053 erat.
368 1995 578 2053 Tamen
605 2000 693 2052 ille
722 2008 941 2069 paratus
974 2006 1133 2065 atque
1183 2010 1397 2064 semper
1424 2010 1715 2050 occurrens
1765 1996 1829 2049 ad
1870 1996 2018 2047 varia
2053 1994 2192 2047 velut
2224 1995 2522 2064 multiplex.
2555 1996 2621 2049 ad
2689 1998 2867 2049 omnia
2918 2014 3055 2050 unus
3129 1997 3421 2053 sttﬂiciebat
3454 2027 3470 2062 τ

200 2100 462 2144 czeterum
542 2100 673 2159 quot
738 2091 1001 2144 aerumnis
1053 2090 1379 2157 quantisque
1422 2088 1698 2141 laboribus
1748 2086 1852 2140 ista
1897 2085 2184 2140 indefessas
2227 2086 2424 2155 vigilia:
2478 2088 2744 2153 custodia,
2804 2089 2900 2142 ista
2950 2105 3069 2143 sese
3116 2092 3181 2143 ad
3228 2090 3468 2145 omnium

196 2186 552 2237 occasionum
599 2199 726 2237 usus
758 2185 904 2235 varie
956 2182 1258 2251 torquentia
1302 2189 1465 2248 atque
1516 2180 1770 2248 ﬁngentis
1814 2179 2069 2232 babilitas
2104 2180 2427 2245 prudentiae,
2468 2180 2542 2232 illi
2615 2182 2924 2235 constiterit
2969 2182 3090 2249 quis
3140 2198 3305 2251 queat
3387 2184 3471 2236 di-

199 2278 355 2330 cere?
385 2277 580 2331 Gallos
610 2278 826 2347 preprie
854 2278 997 2345 quod
1018 2277 1211 2329 attinet
1253 2278 1399 2344 (nam
1436 2277 1540 2339 bis,
1606 2286 1665 2328 ut
1725 2275 1859 2337 dixi,
1902 2274 2243 2343 potissimum
2279 2274 2665 2343 invigilandum
2699 2277 2994 2339 statuebat,
3022 2288 3073 2330 et
3118 2294 3267 2331 more
3311 2283 3469 2349 periti

197 2368 419 2429 medici,
467 2383 587 2421 cum
616 2368 818 2421 nullam
858 2369 1153 2436 negligeret
1178 2366 1303 2420 mali
1338 2378 1571 2435 partem,
1638 2374 1817 2419 tamen
1901 2366 1950 2418 ei
1988 2378 2107 2431 quae
2141 2364 2495 2431 periculosius
2545 2376 2783 2433 urgeret,
2821 2367 3166 2421 curationem
3210 2370 3472 2424 adhiben-

196 2462 315 2513 dam
354 2463 623 2516 censebat
654 2460 1044 2528 attentiorem),
1076 2458 1308 2519 ‘Gallos.
1355 2459 1597 2526 inquam,
1636 2458 1777 2525 quod
1819 2455 2035 2519 attinet,
2121 2464 2261 2507 totos
2326 2454 2435 2507 illis
2464 2457 2748 2509 audiendis
2780 2456 3224 2524 alloqueudisque
3265 2460 3470 2528 impen-

196 2550 359 2604 debat
394 2553 537 2606 dies.
577 2549 819 2605 Vidisses
849 2550 1023 2618 primo
1054 2548 1183 2603 solis
1213 2556 1402 2603 exortu
1453 2546 1778 2601 insidentem
1821 2546 1960 2600 solio
2009 2546 2334 2613 Augustum,
2367 2544 2535 2599 libera
2570 2560 2665 2613 per
2711 2562 2841 2601 suos
2884 2548 3023 2601 facta
3099 2546 3269 2603 Gallis
3340 2566 3469 2619 pro-

196 2647 410 2698 miscue
451 2646 704 2698 omnibus
738 2644 804 2697 ad
846 2659 906 2698 se
937 2642 1169 2697 adeundi
1203 2648 1506 2709 potestate;
1565 2654 1687 2691 natn
1728 2648 1781 2691 et
1823 2638 1950 2705 quid
1974 2638 2276 2706 cogitarent
2302 2638 2499 2706 quidve
2523 2650 2782 2705 cuperent
2836 2654 3164 2710 cognoscere
3220 2643 3465 2707 protinus

192 2756 253 2794 ex
321 2740 467 2809 ipsis
536 2740 718 2793 auditu
780 2739 1054 2807 praesenti,
1108 2736 1407 2805 sagacitate
1457 2733 1783 2803 suspicionis
1861 2735 2026 2786 etiam
2094 2733 2233 2785 ultra
2268 2733 2410 2785 dicta
2442 2749 2609 2799 usque
2637 2734 2700 2787 ad
2739 2749 2930 2789 sensus
2958 2735 3463 2803 exploraturaiuti-

190 2847 326 2893 mus,
378 2830 483 2885 sibi
516 2831 580 2883 ad
631 2828 1077 2899 gubernationem
1134 2842 1312 2880 rerum
1369 2822 1457 2876 tali
1511 2832 1774 2890 tempore,
1814 2822 1895 2874 vel
1935 2822 1986 2874 in
2022 2821 2211 2888 primis
2243 2821 2373 2874 utile
2440 2823 2680 2889 putabat,
2730 2832 2786 2875 et
2865 2834 3048 2890 partes
3096 2826 3455 2891 persuadendi

188 2921 266 2975 eis
294 2938 428 2991 quae
451 2922 754 2991 oportebat,
795 2921 1121 2986 eosdemque
1169 2916 1457 2971 revocandi
1514 2930 1543 2967 a
1596 2914 1772 2967 noxiis
1812 2913 1889 2966 rei
1923 2913 2180 2967 Romana:
2204 2912 2467 2976 consiliis,
2499 2914 2602 2967 sibi
2674 2915 3042 2969 arbitrabatur
3103 2922 3459 2988 usurpandae;

186 3016 272 3067 vel
308 3015 516 3068 tiducia
550 3030 659 3067 sua:
692 3012 998 3083 prastantis
1065 3014 1121 3065 in
1160 3009 1387 3063 dicendo
1454 3006 1754 3071 facultatis,
1786 3020 1849 3058 ac
1890 3006 2097 3073 peritiae
2125 3005 2528 3059 tractandorum
2560 3006 2903 3074 animorum;
2958 3007 3040 3063 vel
3092 3012 3233 3078 quod
3282 3014 3467 3068 minus

184 3105 280 3159 313',
312 3114 696 3174 suppeterent,
731 3102 929 3171 quibus
977 3101 1043 3155 ad
1079 3116 1196 3153 eam
1247 3114 1358 3153 rem
1415 3098 1558 3160 itdei,
1621 3097 1778 3161 artis,
1820 3096 2184 3160 aucmritatis,
2219 3097 2352 3151 satis
2384 3098 2561 3150 inesse
2587 3098 2879 3152 videretur.
2948 3099 3249 3155 Utebantur
3303 3118 3466 3172 porro

185 3194 311 3251 (fata
379 3197 536 3263 copia
610 3196 831 3246 minime
875 3190 1174 3245 verecundi
1226 3189 1567 3256 maximeque
1609 3186 1819 3241 verbosi
1893 3186 2029 3241 Galli
2059 3187 2325 3252 comites;
2357 3198 2561 3242 etcum
2601 3197 2732 3258 quot
2765 3191 2959 3260 cuique
3000 3195 3220 3249 asscclis
3264 3195 3468 3251 libebat

182 3302 278 3342 ore
316 3288 420 3340 illo
448 3304 545 3340 suo
570 3288 705 3340 duro
734 3297 789 3340 et
827 3286 1009 3339 fronte
1033 3283 1250 3337 sublimi
1283 3286 1349 3335 ad
1385 3282 1768 3351 imperatorem
1811 3283 2136 3335 accedentes
2206 3281 2326 3350 ejus
2401 3298 2563 3336 aures
2612 3283 2985 3339 obtundebant
3028 3288 3338 3357 inexplebili
3385 3291 3469 3346 lo-

182 3384 499 3453 quacitate,
553 3383 638 3435 cui
698 3380 978 3435 materiam
1031 3381 1303 3447 praebebat
1352 3392 1628 3443 nunquam
1680 3375 2011 3431 defecturam
2077 3391 2198 3430 cum
2263 3376 2552 3431 familiaris
2613 3394 2677 3432 ac
2721 3394 2858 3448 pene
2901 3384 3161 3437 naturalis
3209 3386 3296 3439 isti
3375 3402 3477 3454 κου

180 3475 299 3526 neri
339 3474 695 3539 pecuuiarmn
731 3472 937 3534 t'atnes;
973 3481 1083 3522 tum
1120 3481 1275 3521 acres
1305 3476 1360 3520 et
1400 3465 1783 3519 irrevocabiles
1822 3468 1873 3519 in
1925 3466 1980 3519 id
2023 3480 2184 3520 onme
2227 3468 2372 3535 quod
2419 3468 2795 3535 concupierint
2843 3471 3096 3540 impetus,
3164 3490 3268 3543 qua
3339 3478 3468 3533 dote

182 3567 335 3619 velut
375 3563 479 3617 sibi
514 3564 727 3630 propria
761 3562 1035 3616 Gallorum
1067 3575 1198 3630 gens
1234 3576 1395 3628 supra
1432 3575 1622 3612 onmes
1670 3570 1899 3612 caeteras
1966 3560 2203 3613 excellit.
2276 3559 2389 3614 Iloc
2461 3563 2620 3617 inodo
2689 3566 2779 3632 qui
2827 3564 2978 3633 prior
3024 3577 3142 3622 erat
3191 3570 3469 3640 ingressus

186 3662 561 3715 tumultuario
634 3670 687 3713 et
747 3662 865 3714 sine
917 3657 1252 3719 reverentia,
1308 3656 1396 3708 ubi
1456 3654 1785 3708 otiosissime
1831 3668 2167 3722 quaecunque
2218 3654 2273 3706 in
2316 3655 2537 3708 buccam
2609 3669 2869 3711 venerant
2944 3658 3233 3727 et'l‘utierat,
3282 3670 3468 3723 aderat

183 3751 329 3803 alter
407 3750 497 3818 qui
561 3749 676 3801 sine
744 3748 1030 3802 intervallo
1073 3746 1418 3811 succederet;
1491 3746 1716 3799 ethunc
1770 3743 2075 3809 excipiebat
2136 3746 2328 3798 tertius
2381 3758 2604 3812 quartus
2657 3762 2721 3801 ac
2772 3748 2971 3816 plures.
3026 3751 3316 3824 Deinceps,
3372 3776 3464 3828 qu,

183 3846 346 3899 nullo
416 3845 801 3912 iuterspirandi
873 3845 1047 3911 spatio
1092 3843 1408 3911 imperatori
1462 3843 1608 3905 dato,
1657 3841 1953 3908 pergebant
1982 3841 2237 3893 miserum
2310 3843 2543 3896 obruere
2586 3844 2815 3911 quadam
2891 3848 3067 3903 eluvie
3110 3852 3303 3907 inﬁniti
3356 3872 3462 3912 non

181 3942 381 3991 minus
416 3954 577 4006 quam
635 3936 974 4004 incompositi
1026 3936 1315 3988 sermonis.
1372 3932 1554 4001 Neque
1600 3933 1767 3997 enim,
1848 3934 1987 4000 quod
2049 3933 2355 3986 rhetoribus
2410 3936 2860 4003 praescribebatur
2910 3940 3058 4002 olim,
3124 3944 3189 3995 ad
3268 3962 3462 4016 aquam

179 4051 250 4089 ac
312 4034 666 4103 clepsydram
726 4032 938 4085 dlcendi
999 4041 1211 4098 tempus
1269 4030 1653 4092 metiebantur,
1688 4030 1782 4083 sed
1818 4027 1998 4096 quivis
2071 4028 2213 4082 inter
2277 4044 2372 4082 eos
2403 4030 2565 4082 etiam
2594 4030 2658 4083 de
2688 4031 2845 4100 vulgo
2880 4031 2960 4085 fas
2992 4034 3092 4087 sibi
3138 4052 3258 4091 esse
3303 4052 3461 4108 puta-

181 4129 562 4199 batquandiu
584 4126 1493 4197 eumquevelletcumgimperatore
1553 4124 1813 4191 colloqui.
1893 4122 2044 4187 Quod
2106 4123 2322 4191 quidem
2380 4124 2452 4177 ita
2516 4126 2855 4192 usurpabant
2924 4126 3170 4183 homines
3216 4135 3307 4200 qui
3362 4149 3461 4187 nec

179 4226 418 4295 agendi,
479 4239 577 4278 nec
632 4222 882 4291 loquendi
947 4224 1160 4275 modum
1212 4229 1455 4285 nossent,
1511 4232 1568 4273 ut
1627 4220 1776 4273 nullo
1853 4227 2097 4287 respectu
2147 4223 2428 4286 prrcsentis
2473 4219 2793 4289 maiestatis,
2858 4223 3002 4277 nullo
3049 4225 3241 4292 elapsa:
3293 4230 3457 4285 hora»

180 4330 285 4374 aut
370 4319 513 4373 taedii
566 4316 1035 4372 circumstantium
1105 4315 1254 4368 vultu
1303 4324 1358 4367 et
1406 4324 1627 4381 aspectu
1677 4313 1963 4377 declarati,
2046 4315 2258 4367 ratione
2324 4313 2527 4377 habita,
2581 4328 2748 4381 usque
2788 4312 3060 4367 haererent
3103 4316 3349 4373 instando
3398 4323 3473 4373 a'c'

177 4415 555 4489 petitionibus
584 4413 873 4477 iterandis;
913 4425 1011 4463 nec
1049 4408 1503 4470 consideratione,
1551 4405 1645 4459 sed
1678 4407 1952 4469 satietate,
1981 4406 2157 4460 locmn
2192 4407 2312 4461 aliis
2343 4408 2622 4462 cederent.

258 4513 344 4564 Τὸ
376 4508 539 4560 λάλον
572 4506 629 4558 δε
658 4504 864 4558 τούτων
916 4502 1013 4556 καὶ
1058 4499 1378 4570 θηρευτικὸν
1422 4501 1517 4552 καὶ
1549 4516 1774 4568 σμικρο-

1958 4500 2136 4553 Mores
2185 4512 2514 4569 naturasque
2576 4500 2756 4554 varias
2818 4501 3058 4569 gentium
3131 4502 3465 4569 conjeclttris

176 4605 356 4672 λόγον
386 4601 494 4653 τῶν
552 4599 748 4661 λέξεων
787 4599 1018 4657 ἅπαντες
1051 4594 1149 4663 μὲν
1177 4594 1357 4646 ἴσασιν
1390 4592 1609 4654 ὁπόσοις
1632 4591 1774 4661 ὴθῶν

1891 4592 2075 4648 venari
2107 4608 2170 4646 ac
2202 4592 2456 4659 colligere
2495 4592 2711 4659 quidam
2743 4592 2915 4645 solent
2942 4608 2958 4657 ;
2988 4594 3053 4646 de
3090 4593 3188 4646 bac
3230 4593 3458 4659 Gallica,

179 4693 511 4763 ἀνθρώπων
572 4691 727 4761 μέλει
764 4685 1296 4756 καταστοχάζεσθαι.
1351 4683 1490 4747 Τοὺς
1538 4684 1593 4736 δὲ
1651 4684 1777 4736 τότε

175 4789 478 4855 amp/ivra;
512 4783 913 4853 ἀκριϐέστερον
950 4782 983 4849 ὴ
1012 4781 1179 4847 πεῖρα
1203 4777 1471 4845 δεδίδαχε.
1510 4776 1620 4828 Καὶ
1666 4774 1776 4845 γὰρ

172 4882 333 4933 ἐπὰν
366 4878 583 4948 ἑσπέρο-
633 4874 953 4934 καιταλάὸὀι,
1010 4872 1197 4930 ἄσιτος
1251 4870 1318 4921 δι’
1376 4870 1506 4936 ὅλης
1558 4867 1774 4936 ἡμέρας

1886 4686 1977 4754 qui
2004 4683 2480 4751 Constantitmpnli
2513 4693 2623 4736 tum
2673 4682 2842 4741 fuere,
2883 4698 3075 4735 omnes
3120 4683 3252 4735 satis
3294 4699 3458 4751 erpe-

1887 4775 2081 4827 ricutia
2134 4783 2474 4840 compertum
2529 4773 2727 4825 habent
2770 4771 2935 4841 436
2973 4786 3092 4824 esse
3144 4771 3285 4823 illam
3344 4782 3454 4824 tum

1886 4864 2401 4933 proﬂuentissimam
2454 4864 2771 4926 Verborum;
2817 4872 2925 4915 tum
2980 4872 3155 4915 astuta
3204 4864 3449 4916 eamdem

1236 4985 1377 5045 Car.
1413 4980 1737 5042 Dufresnii
1779 4983 1876 5041 Dn
1913 4980 2137 5057 Cangii
2172 4990 2361 5040 notae.

172 5112 232 5153 at
280 5097 657 5167 magniloquos
697 5084 1346 5167 perstringit;Britomtm
1385 5082 1773 5167 ttvrmoricino-

172 5152 315 5222 rum
350 5152 720 5234 garrulitatem
753 5152 971 5234 sagula]
1000 5159 1199 5234 Glaber
1225 5152 1363 5233 (Ltd.
1402 5154 1494 5203 lib.
1516 5165 1770 5234 Itin-Cap,

170 5221 253 5302 5;
326 5221 757 5293 Norntaunorum
821 5221 1104 5302 Mantuanis
1138 5226 1310 5302 Part5.
1350 5238 1452 5301 'an:
1496 5221 1673 5302 .H97.
1720 5230 1771 5272 ει

170 5290 507 5361 ‘Vill—eltttus
540 5305 709 5361 Brito,
746 5303 836 5353 lib.
870 5316 899 5351 v
940 5298 1179 5367 Philipp.
1195 5290 1771 5367 Provittciales‘etiattt

173 5359 304 5432 iiut:
340 5359 557 5430 nomine
594 5359 765 5439 carpit
802 5359 1245 5439 Guibertus,_ljb.
1282 5377 1342 5423 Il,
1372 5376 1492 5427 cap.
1545 5359 1769 5439 “inulti

169 5429 253 5501 tle
282 5429 603 5499 'Caimuntlo
636 5429 1042 5509 Sautargidiano
1084 5454 1097 5489 :
1138 5432 1269 5509 Erat
1299 5442 1477 5483 autem
1512 5429 1767 5508 .prwfat‘is‘

171 5528 394 5570 nostris
422 5517 743 5583 principibus
765 5508 922 5583 tetute
951 5508 1231 5583 maturior,
1268 5510 1314 5580 et
1348 5509 1633 5583 emerettus,
1666 5514 1767 5550 nisi

166 5570 453 5655 qmmtum
490 5588 555 5634 ad
588 5570 830 5651 garrulus
872 5579 1137 5630 hominum
1168 5570 1564 5655 provincialium
1597 5584 1766 5649 mores

166 5643 419 5724 spectat,
450 5643 844 5719 nulli'infertor.
879 5653 1075 5724 Moritur
1113 5657 1289 5721 mores
1316 5643 1764 5724 graphiceetiam

172 5709 491 5793 tt'escripsit
547 5737 601 5777 et
663 5709 924 5787 expressit
950 5714 1267 5793 “Gervasius
1332 5709 1763 5769 Tileberiensis,

169 5785 444 5850 Otioru'm
486 5797 669 5859 imper.
710 5785 800 5846 lib.
836 5807 901 5843 ll.
942 5787 1035 5839 Est
1068 5785 1204 5835 enim
1234 5797 1351 5849 gens
1384 5796 1537 5848 quam
1566 5794 1769 5845 provin-

523 5890 789 5951 ΡΑτιιιη.
831 5885 948 5945 Gs.
989 5880 1257 5941 CXXXi.

1873 5079 2060 5131 cialem
2117 5081 2481 5145 appellamus,
2531 5074 2748 5131 consilio
2810 5076 3115 5139 perspicax,
3179 5077 3456 5137 promissis

1872 5149 2065 5217 fallax,
2099 5165 2248 5208 opere
2284 5164 2399 5199 cum
2438 5147 2543 5198 vult
2576 5146 2794 5213 efﬁcax,
2847 5148 2960 5217 siue
3010 5162 3287 5217 armorum
3325 5164 3456 5214 pun-

1872 5214 1992 5272 dere
2024 5218 2296 5277 bellicosa,
2349 5233 2440 5279 pro
2474 5232 2569 5267 sua
2594 5224 2906 5282 paupertate
2934 5216 2987 5265 iu
3016 5216 3242 5267 cibamla
3272 5214 3449 5283 larga.

1874 5291 1924 5340 in
1958 5288 2187 5339 nocendo
2230 5284 2510 5348 insidiosa,
2556 5286 2693 5335 inter
2734 5287 2926 5348 probra
2985 5288 3278 5347 taciturna,
3330 5304 3450 5338 cum

1873 5359 2019 5409 locus
2053 5367 2141 5409 aut
2182 5365 2382 5423 tempus
2422 5358 2647 5419 suppetit
2702 5354 2983 5421 malefacta
3007 5367 3280 5419 memorat,
3317 5356 3451 5407 bello

1876 5429 2051 5479 navali
2108 5428 2486 5492 circuittspectu
2518 5433 2565 5475 et
2602 5424 2902 5486 victoriam,
2935 5426 3125 5478 coloris
3157 5427 3362 5493 patiens
3394 5441 3455 5476 ac

1877 5497 2111 5565 frigoris,
2144 5494 2324 5560 fumis,
2377 5510 2435 5543 tu:
2485 5493 2813 5565 sutitritatis,
2872 5510 2994 5565 gens
3046 5496 3099 5546 iu
3154 5496 3453 5547 substantia

1876 5563 2068 5624 tenuis,
2094 5566 2216 5630 quin
2245 5564 2372 5623 vult,
2398 5571 2447 5614 et
2480 5563 2811 5615 abundantia
2834 5564 2977 5629 pacis
3007 5565 3220 5634 afﬂuens
3246 5565 3455 5633 quando

1880 5637 2006 5689 vult.
2036 5634 2090 5687 Si
2121 5636 2400 5687 Dominum
2453 5636 2758 5703 continuum
2780 5634 2991 5686 haberet
3046 5650 3197 5703 quem
3229 5637 3453 5703 lintei-et,

1880 5707 2026 5759 nulla
2079 5720 2200 5773 gens
2247 5706 2401 5757 citius
2451 5702 2780 5769 frangeretur
2830 5702 2896 5754 ad
2931 5701 3141 5765 bonum,
3195 5719 3283 5756 uec
3319 5701 3450 5764 ulla,

1878 5775 2001 5844 quia
2038 5792 2137 5827 ttutt
2166 5785 2241 5827 est
2279 5792 2308 5826 tt
2345 5790 2445 5826 auo
2482 5782 2692 5826 reantur
2751 5773 2818 5824 ad
2846 5774 3062 5825 nmium.

3023 5865 3093 5925 34
