3900 6576
269 585 526 655 ἐκκρίτους
624 581 915 651 σατράπας
1024 587 1446 658 τεσσαράκοντα

266 675 586 744 διαιρεθῆναι,
620 673 712 723 καὶ
739 673 865 733 τοὺς
904 675 1002 742 μὲν
1025 676 1082 739 ἐς
1117 679 1395 750 προνομὴν
1425 680 1527 748 τῆς
1551 682 1793 744 Νικαίας

265 771 340 823 καὶ
370 766 467 818 τῶν
490 763 908 832 παρακειμένων
947 767 1083 837 αὐτῇ
1115 770 1309 840 χωρῶν
1353 774 1653 828 κατελθεῖν.
1694 774 1798 829 Τὸν

263 863 309 914 δὲ
349 856 639 912 Μονόλυκον
699 856 793 907 καὶ
844 857 935 909 τὸν
1014 897 1029 911 .
1109 898 1125 913 .
1206 899 1221 915 .
1301 901 1314 915 .
1391 865 1460 918 τὰ
1515 866 1645 935 περὶ
1697 867 1796 938 τὴν

263 953 501 1005 θάλατταν
525 945 829 1014 δεξιώσασθαι
851 989 864 1011 ,
899 950 1092 1014 οἵτινες
1121 953 1190 1005 τά
1218 971 1275 1006 τε
1325 959 1704 1027 παρακείμενα
1726 965 1794 1033 τῇ

261 1044 372 1112 περὶ
402 1042 495 1110 τὴν
524 1039 759 1094 Νίκαιαν
801 1042 992 1113 λίμνῃ,
1049 1047 1144 1098 καὶ
1175 1047 1275 1114 τὴν
1311 1050 1564 1117 “poscat,
1606 1053 1653 1084 το
1696 1055 1793 1125 δη,

259 1140 495 1194 ὠσαντες,
527 1133 598 1194 ὼς
631 1133 689 1184 δὲ
731 1135 828 1186 καὶ
858 1137 958 1204 τὴν
999 1139 1438 1208 Ἀπολλωνιάδα,
1484 1144 1654 1198 αὐτοῦ
1689 1164 1794 1200 που

257 1225 366 1294 περὶ
391 1223 584 1292 ταύτην
633 1224 950 1291 ηὐλίσαντο,
999 1230 1225 1284 κάκεῖσε
1280 1233 1379 1304 τὴν
1430 1235 1582 1289 λείαν
1613 1239 1796 1291 πᾶσαν

254 1316 574 1386 ἀφελόμενοι,
623 1316 761 1385 ὁμοῦ
797 1321 933 1388 πρὸς
965 1321 1032 1374 τά
1075 1325 1264 1394 πρόσω
1298 1326 1590 1398 ἐχώρησαν
1615 1346 1629 1361 ο
1667 1331 1792 1386 τότε

251 1411 491 1466 Λοπάδιον
520 1412 612 1464 καὶ
645 1413 824 1467 πάντα
858 1416 926 1469 τὰ
975 1418 1478 1494 ξυμπαρακείμενα
1527 1428 1795 1500 ληϊσάμε-

249 1520 336 1565 νοι,
365 1502 487 1555 ἀλλὰ
516 1506 608 1555 καὶ
641 1507 832 1572 αὐτὴν,
864 1511 1028 1578 φησὶ,
1059 1514 1158 1583 τὴν
1187 1515 1426 1578 Κύζικον
1451 1521 1790 1576 καταλαϐόν-

246 1610 324 1655 τες
356 1591 411 1656 ἐξ
439 1593 624 1661 ἐφόδου
653 1597 762 1649 ἀπὸ
803 1599 1137 1670 τοῦμὲρους
1175 1608 1274 1678 τῆς
1306 1609 1586 1680 θαλάσσης
1626 1616 1790 1668 κατέ-

247 1702 374 1754 σχον,
402 1685 490 1738 τοῦ
533 1686 737 1758 ταύτην
765 1695 1132 1762 φρουροῦντος
1183 1700 1308 1770 μηδ’
1347 1705 1598 1758 ὁπωσοῦν
1642 1708 1792 1762 ἀντι-

243 1777 474 1844 σχόντος,
529 1779 658 1830 ἀλλ”
709 1782 922 1851 ἁγενῶς
984 1788 1200 1842 ἐκεῖθεν
1272 1794 1786 1867 ὑποχωρήσαντος·

241 1862 346 1919 εἶτα
391 1869 476 1920 τόν
508 1887 566 1920 τε
608 1873 936 1945 Κοντογμὴν
973 1881 1068 1933 καὶ
1115 1884 1291 1955 Ἀμὴρ
1325 1862 1783 1962 τίηΜουχούμε-τ,

236 1959 333 2021 τῶν
365 1961 628 2030 ἐκκρίτων
684 1965 1106 2040 ἀρχισατράπας
1167 1975 1257 2028 διὰ
1296 1979 1407 2032 τῶν
1473 1983 1784 2038 Λεντιανῶν

237 2052 358 2120 πρὸς
391 2054 448 2104 τὸ
497 2055 844 2126 Ποιμανηνὺν
885 2063 1126 2128 ἀπιέναι,
1189 2069 1588 2140 ἐφελκομένους
1631 2077 1783 2132 λείαν

234 2143 415 2234 πολλὴν
453 2148 545 2198 καὶ
609 2150 810 2220 ἄνδρας
869 2155 1160 2222 πλείστους
1218 2161 1630 2234 δορυθηράτους
1685 2172 1783 2225 καὶ

232 2233 406 2299 γύναια
437 2237 526 2287 καὶ
564 2239 765 2302 παῖδας
799 2241 960 2308 ὅσους
990 2247 1208 2316 ἀφῆκεν
1238 2252 1266 2303 ὁ
1307 2233 1563 2324 σίδηροςο
1603 2257 1694 2311 τὸν
1723 2259 1779 2311 δέ

229 2341 283 2391 γε
308 2326 608 2380 Μονὸλυκον
634 2333 880 2402 ποταμὸν
917 2336 1041 2390 τινὰ
1089 2340 1500 2410 διαπεράσαντα
1528 2347 1780 2420 Βαρηνὸν

228 2418 486 2487 ὲγχωρίως
518 2423 886 2491 καλούμενον,
926 2431 1120 2498 ῥέοντα
1152 2433 1250 2501 μὲν
1286 2436 1400 2490 άπό
1427 2456 1575 2503 τινος
1614 2418 1776 2512 δρους

231 2508 414 2572 Ἶϐιϐος
455 2512 502 2542 ⁷³
565 2514 931 2585 καλουμένου,
986 2521 1080 2590 ἀφ’
1134 2519 1196 2578 οὗ
1251 2528 1450 2582 πολλοὶ
1485 2533 1580 2586 καὶ
1625 2508 1776 2589 άλλοι

225 2600 676 2695 απορρυἲσκονται
733 2614 992 2680 ποταμοὶ,
1026 2615 1379 2690 Σκάμανδρός
1409 2640 1464 2675 τε
1488 2627 1779 2695 καὶἋγγι-

222 2690 515 2764 λοκωμίτης
563 2698 610 2729 ⁷³
645 2702 740 2754 καὶ
804 2704 1114 2775 Ἐμπηλος,
1171 2713 1308 2777 πρός
1356 2731 1414 2767 τε
1466 2717 1526 2770 τὸ
1562 2690 1775 2790 Πάρε-ον

220 2785 651 2854 ἁπονενευκέναι,
696 2795 792 2848 καὶ
820 2797 918 2864 τὴν
975 2799 1060 2866 ἐφ’
1102 2800 1501 2875 Ἑλλησπόντου
1540 2813 1771 2870 ’Ἄϐυδον

218 2875 300 2925 καὶ
335 2875 398 2928 δι’
443 2877 793 2952 Ἀτραμύτου
848 2888 1080 2943 καὶτῶν
1110 2893 1368 2965 Χλιαρῶν
1418 2899 1770 2971 διεληλυθότα

219 2967 351 3031 μετὰ
373 2972 550 3042 πάσης
590 2978 970 3046 αἰχμαλωσίας
998 2985 1356 3055 ἀναιμάκτως
1380 2995 1472 3046 καὶ
1505 2967 1632 3050 ἄνευ
1667 3002 1770 3068 μάω

213 3076 300 3128 χης
325 3064 482 3126 τινός.
532 3068 676 3136 Πρδς
707 3072 912 3142 ταύτην
938 3077 1037 3146 τὴν
1070 3080 1329 3147 ἀγγελίαν
1352 3086 1379 3136 ὁ
1407 3064 1767 3164 αὐτοκράτωρ

210 3149 637 3224 τδνΚαμύτζην,
684 3159 847 3213 δοῦκα
898 3168 1201 3232 τηνικαῦτα
1249 3180 1662 3244 χρηματίζοντα
1695 3185 1762 3250 ⁷⁵,

1464 476 1686 535 ΑιΕΧι
1701 477 1740 533 Λ
1754 475 1876 534 DlS
1915 478 2060 540 LIB.
2102 478 2272 544 'XlV.

1543 591 1630 660 χιλ
1641 589 1769 643 ιάδω

1873 594 2182 650 .miserati'o
2255 598 2456 654 doloris
2512 617 2620 670 quo
2673 603 2970 672 principem
3049 603 3118 658 ab
3177 605 3472 673 equitando

3344 487 3474 554 1074

1904 687 2181 754 prohiberi
2251 694 2580 750 sentiebant.
2635 695 2972 751 Emendahat
3038 705 3211 752 tamen
3268 697 3473 750 incom-

1904 781 2117 851 modum
2149 797 2544 855 mceroremque
2594 787 2646 840 in
2703 804 2851 857 spem
2907 789 3166 858 optimam
3225 789 3471 842 mutabat

1901 873 2156 926 renidens
2174 878 2428 928 omnesin
2465 889 2649 947 partes
2681 883 3022 948 imperatoris
3057 883 3247 944 facies,
3285 896 3473 950 quem-

1899 979 2004 1032 que
2067 977 2220 1030 nutu,
2272 979 2533 1036 aspectu,
2616 973 2788 1026 arrisu
2858 973 3055 1027 blando
3109 974 3346 1042 fortique
3401 973 3465 1026 ad

1897 1067 2118 1111 strenue
2178 1074 2290 1111 rem
2325 1061 2608 1127 gerendam
2645 1063 2889 1132 beneque
2949 1067 3273 1129 sperandqu
3320 1064 3467 1116 exci-

1901 1157 2052 1208 tans.
2087 1150 2284 1204 additis
2335 1151 2388 1204 in
2428 1153 2657 1221 idipsnm
2707 1157 2928 1210 vocibus
2965 1157 3300 1226 plenissimis
3353 1157 3462 1208 ala-

1899 1239 2110 1294 critatis
2135 1279 2150 1304 ,
2181 1241 2380 1308 quibus
2419 1245 2545 1296 dum
2587 1247 2982 1314 compellantur
3037 1250 3194 1302 modo
3261 1247 3463 1309 cuncti,

1897 1331 2055 1384 modo
2109 1332 2327 1399 singuli,
2387 1335 2645 1402 gliscebat
2695 1353 2790 1406 per
2837 1338 3210 1393 universorum
3256 1341 3466 1392 animos

1895 1422 2070 1477 mirus
2146 1425 2311 1478 ardor
2374 1424 2566 1478 ﬁducia
2622 1429 2983 1496 conjunctus,
3055 1445 3118 1484 ac
3185 1431 3463 1492 studium.

1895 1512 2134 1566 laborem
2163 1515 2375 1569 itineris
2416 1516 2748 1586 periculique
2791 1519 3128 1574 formidinem
3184 1520 3464 1576 dulcedine

1891 1604 1972 1656 sui
2007 1605 2213 1658 fallens.
2241 1605 2330 1660 Sic
2352 1610 2532 1661 triduo
2551 1620 2868 1677 perventum
2890 1613 2956 1664 ad
2981 1611 3153 1665 locum
3177 1613 3461 1680 quemdam

1891 1696 2136 1767 AZgyllos
2168 1700 2372 1754 dictum
2395 1742 2411 1762 ,
2443 1703 2586 1757 unde
2619 1703 2867 1757 Cibotum
2914 1719 3102 1759 versus
3134 1703 3462 1772 trajecturus

1895 1788 2191 1856 imperator
2214 1801 2356 1846 erat.
2391 1791 2465 1846 lbi
2501 1809 2626 1846 eum
2659 1794 3034 1863 trajectionem
3077 1809 3270 1863 urgere
3299 1795 3457 1846 istam

1894 1879 2137 1950 Augusu
2175 1882 2384 1946 videns,
2446 1885 2600 1938 venia
2651 1887 2937 1954 impetrata
2993 1887 3278 1941 recedendi
3341 1883 3459 1937 vale

1889 1973 1992 2042 ipsi
2052 1973 2206 2042 dixit,
2242 1976 2382 2030 etin
2440 1978 2627 2033 urbem
2662 1982 2861 2047 regiam
2921 1980 3024 2035 iter
3049 1980 3296 2034 intendit.
3353 1980 3458 2033 lm-

1887 2065 2127 2132 peratori
2209 2067 2459 2123 Cihotum
2537 2073 2763 2139 appulso
2852 2073 3118 2127 nuntiavit
3191 2073 3453 2128 accedens

1884 2155 2102 2224 quidam
2123 2196 2137 2220 ,
2167 2158 2469 2227 praecipuos
2502 2173 2747 2230 satrapas
2797 2163 3094 2217 Turcorum
3119 2205 3134 2228 ,
3167 2165 3258 2230 qui
3293 2164 3452 2217 simul

1881 2263 2070 2303 omnes
2101 2249 2204 2302 sub
2237 2251 2410 2318 signis
2474 2252 2736 2307 haberent
2790 2255 3158 2324 quadraginta
3213 2257 3450 2309 militum

1879 2339 2074 2411 539’
2106 2341 2296 2406 millia,
2349 2344 2692 2398 distribuisse
2751 2345 2890 2399 inter
2939 2361 2997 2398 se
3049 2355 3161 2399 tum
3221 2349 3449 2414 copias,

1881 2443 1993 2489 tum
2032 2435 2153 2489 belli
2206 2436 2424 2505 gerendi
2458 2444 2640 2505 partes
2666 2477 2680 2499 ,
2720 2437 2860 2492 hunc
2915 2437 3084 2491 ίθτηιθ
3126 2439 3176 2491 in
3211 2440 3445 2492 modum.

1879 2526 2161 2594 Negotium
2225 2529 2554 2596 quihusdam
2606 2528 2788 2581 datum
2849 2528 3165 2582 infestantlze
3214 2527 3445 2594 Nicaeae,

1877 2618 2348 2688 adjacentiumque
2376 2620 2476 2688 ipsi
2523 2619 2796 2689 regionum
2829 2631 2990 2688 atque
3026 2621 3243 2675 urbium
3278 2637 3449 2689 popu-

1879 2712 2183 2766 landarum.
2233 2711 2511 2780 Mouolyco
2541 2721 2743 2766 etc.....
2797 2712 3053 2765 attributa
3089 2713 3154 2764 ad
3201 2715 3447 2780 praedan-

1875 2801 2000 2854 dum
2028 2815 2148 2855 esse
2199 2803 2334 2854 mari
2369 2799 2540 2855 vicina
2595 2801 2733 2856 loca.
2783 2801 2893 2854 Hos
2947 2817 3143 2870 magno
3189 2817 3443 2857 successu

1875 2908 1986 2947 rem
2021 2893 2280 2961 gessisse.
2321 2892 2556 2947 Vastatis
2581 2893 2723 2946 enim
2781 2893 3036 2948 otnuibus
3085 2895 3231 2947 circa
3267 2897 3440 2948 lacum

1875 2988 2247 3054 Nicaeensem,
2283 2987 2458 3041 Prusa
2527 2987 2690 3040 etiam
2751 3001 2850 3041 nec
2925 3003 3029 3039 non
3088 2987 3441 3055 Apolloniade

1871 3082 2120 3148 ettpilatis
2158 3097 2220 3134 ac
2252 3081 2479 3147 direptis
2527 3094 2889 3148 congregasse
2917 3079 3024 3133 illic
3055 3081 3240 3149 copias
3273 3097 3439 3133 unum

1872 3170 1921 3223 in
1947 3171 2120 3222 locum
2172 3171 2367 3224 castris
2409 3171 2633 3236 positis,
2667 3172 2954 3240 praedaque
2994 3174 3142 3225 omni
3195 3187 3441 3239 con'ipor-

209 3235 284 3287 διὰ
317 3244 666 3309 γραμμάτων
700 3253 1149 3318 παρεκελεύσατο
1183 3265 1532 3332 παρέπεσθαί
1566 3289 1622 3323 τε
1651 3277 1760 3336 τοῖς

1873 3271 2002 3317 tata.
2052 3262 2186 3315 Tum
2237 3235 2506 3315 communi
2583 3263 2808 3315 consilio
2861 3272 3024 3330 atque
3084 3265 3279 3332 impetu
3317 3281 3440 3333 pro-

207 3324 502 3397 Βαρϐάροις
539 3339 682 3403 μετὰ
738 3346 1118 3398 πεντακοσίων
1169 3357 1520 3420 στρατιωτῶν
1569 3363 1763 3416 καὶτὰ

204 3423 314 3516 κατ’
346 3425 547 3491 αὐτοὺς
579 3430 669 3483 διὰ
721 3438 1074 3505 γραμμάτων
1111 3442 1331 3512 δηλοῦν,
1392 3452 1674 3516 φείδεσθαί
1701 3475 1761 3510 τε

201 3512 292 3618 ἰῆς
351 3520 470 3583 μετ’
536 3522 722 3576 αὐτῶν
784 3531 1132 3602 συμπλοκῆς.
1179 3537 1237 3588 Ὀ
1279 3539 1337 3591 δὲ
1394 3542 1625 3606 ἐξελθὼν
1661 3550 1761 3618 τῆς

232 3599 243 3618 Ι
341 3603 353 3618 Ι
750 3614 770 3618 Α

201 3597 422 3669 Νικαίας
467 3614 890 3682 καταλαμϐάνει
924 3621 1015 3673 τόν
1050 3640 1106 3675 τε
1151 3627 1476 3704 Κοντογμὴν
1523 3638 1619 3689 καὶ
1668 3597 1758 3692 τδν

209 3691 372 3764 Ἀμὴρ
405 3700 748 3774 Μουχούμετ
787 3711 882 3762 καὶ
932 3715 1059 3778 τοὺς
1091 3717 1314 3784 λοιποὺς
1345 3725 1428 3787 εἰς
1459 3727 1524 3780 τά
1557 3731 1757 3784 καλού-

199 3800 325 3848 μενα
368 3789 637 3862 Ἀόρατα,
671 3799 766 3850 καὶ
802 3800 992 3872 ὥσπερ
1042 3808 1142 3876 τῆς
1198 3812 1292 3864 τοῦ
1350 3817 1758 3892 αὐτοκράτορος

192 3884 571 3982 παραγγελίας
626 3889 1046 3962 ἐπιλαθόμενος,
1122 3911 1472 3977 παραχρῆμα
1525 3884 1757 3982 τούτοις

191 3973 533 4079 ἴριισϐάλλει.
571 3981 636 4034 Οἱ
667 3981 722 4034 δὲ
752 4023 766 4048 ,
801 3987 892 4079 τὸν
948 3973 1331 4067 αὐτοκράτορα
1376 3973 1756 4079 προσδόκιμον

185 4059 414 4130 ἔχοντες,
459 4072 558 4122 καὶ
598 4073 793 4128 τοῦτον
835 4073 980 4132 εἶναι
1017 4084 1107 4134 τὸν
1161 4088 1567 4149 ἐπεισπεσόντα
1601 4059 1755 4154 void-

1667 4153 1677 4170 ,
1716 4153 1722 4154 ,

186 4171 388 4220 σαντες,
454 4165 814 4233 πτοηθέντες.
853 4171 921 4223 τά
962 4175 1109 4229 νῶτα
1149 4179 1378 4238 διδόασι.
1423 4187 1642 4258 Σκύθην
1698 4194 1754 4248 δέ

178 4264 292 4302 τινα
318 4257 636 4322 τηνικαῦτα
668 4264 1043 4333 κατασχόντες
1082 4273 1175 4323 καὶ
1231 4278 1384 4345 παρά
1417 4282 1610 4335 τούτου
1645 4304 1751 4339 πυ-

181 4339 410 4410 θέμενοι,
454 4349 584 4400 ἐπεὶ
622 4352 714 4403 τὸν
755 4354 1060 4428 Καμύτζην
1108 4363 1444 4430 ἐγνώκεισαν
1477 4369 1618 4429 εἶναι
1651 4380 1751 4446 τὰς

176 4431 528 4506 ἀκρολοφίας,
549 4440 793 4511 διῄεσαν,
823 4449 915 4500 καὶ
941 4449 1305 4521 θαρῤύνοντες
1328 4461 1554 4528 ἑαυτοὺς
1585 4467 1670 4522 διά
1691 4431 1750 4524 τξ

177 4529 476 4595 τυμπάνων
512 4534 610 4584 καὶ
637 4536 978 4608 ἀλαλαγμῶν
1026 4545 1396 4604 ἀνεκαλοῦντο
1430 4557 1554 4616 τοὺς
1577 4559 1750 4615 ἀπαν-

170 4620 299 4723 ταχῆ
337 4623 746 4723 σκεδασθέντας
780 4631 892 4683 τῶν
925 4635 1238 4704 ὁμοφύλων.
1273 4644 1336 4695 0i
1365 4644 1419 4698 δὲ
1453 4649 1748 4723 ἀνακλητιη

170 4707 260 4762 κὸν
292 4714 450 4765 τουτὶ
476 4717 539 4768 τὸ
580 4717 835 4789 σύνθημα
877 4725 1249 4794 γινώσκοντες
1291 4737 1494 4803 πάντες
1554 4707 1752 4817 συν.έρ-

169 4803 308 4870 ρεον.
355 4807 789 4876 Ἐπανελθόντες
816 4811 910 4868 οὖν
943 4821 1085 4873 κατὰ
1113 4826 1214 4892 τὴν
1249 4829 1478 4885 πεδιάδα
1513 4837 1612 4904 τὴν
1634 4803 1752 4891 διἀ-

167 4895 429 4966 κειμένην
467 4902 640 4968 ἐγγὺς
682 4905 930 4962 κάτωθεν
983 4912 1090 4967 τῶν
1142 4919 1501 4989 καλουμένων
1554 4895 1748 4998 ’λορά-

161 5003 286 5087 των,
315 4991 482 5056 αὖθις
519 4995 912 5067 ἠθροίσθησαν.
966 5002 1022 5055 Ὁ
1055 5006 1111 5059 δέ
1162 5025 1223 5076 γε
1261 5013 1564 5085 Καμύτζης
1604 4991 1740 5087 (4-9),

163 5080 256 5150 τὴν
285 5083 446 5138 λείαν
480 5089 666 5141 πᾶσαν
712 5092 1050 5162 ἀφελόμενος
1127 5101 1184 5165 ἐξ
1225 5105 1424 5170 αὐτῶν,
1451 5109 1550 5162 οὐκ
1583 5113 1744 5181 ᾕθελε

164 5175 323 5242 μέχρι
355 5179 456 5229 τοῦ
497 5179 850 5251 Ιιοιμανηκοῦ
883 5188 1221 5244 καταλαϐεῖν
1257 5194 1335 5257 ὡς
1370 5191 1428 5250 εὖ
1493 5200 1564 5252 τὰ
1617 5206 1746 5257 κατ’

160 5264 322 5316 αὑτὸν
349 5271 407 5317 ὲν
433 5269 617 5339 τούτῳ
641 5271 924 5330 διαθέσθαι
947 5293 959 5306 ⁸
997 5282 1276 5350 πολίχνιον
1307 5285 1362 5338 δὲ
1387 5287 1550 5342 τοῦτο
1617 5294 1748 5364 ὲρυσ

161 5359 462 5424 μνότατονο
491 5362 631 5414 ἀλλὰ
661 5368 881 5438 περὶτὰ
917 5370 1150 5440 Ἀόρατα
1179 5377 1560 5445 ἐμϐραδύνων,
1587 5359 1746 5438 ἔλαθε

156 5449 275 5500 καθ’
313 5452 528 5506 ἑαυτοῦ
565 5454 1012 5528 βουλευσάμενος.
1049 5465 1112 5514 Οἱ
1139 5465 1417 5536 Βάρϐαροι
1445 5470 1552 5542 γὰρ
1589 5476 1645 5524 ἐν
1671 5473 1748 5544 τῷ

1868 3369 2085 3422 gressos
2121 3353 2348 3423 ulterius
2393 3353 2695 3422 Lopadium
2753 3363 2808 3406 et
2850 3353 3075 3406 ﬁnitima
3133 3356 3257 3408 huic
3322 3356 3436 3409 loca

1865 3456 2062 3498 cuncta
2092 3445 2387 3499 latrociniis
2413 3456 2465 3498 et
2496 3459 2665 3512 genus
2697 3459 2858 3498 onme
2886 3443 3166 3498 maleﬁciis
3190 3459 3434 3511 vexasse,

1866 3538 2001 3606 ipsa,
2037 3539 2165 3606 quin
2197 3538 2384 3599 etiam.
2419 3537 2620 3607 Cyzico
2668 3537 2842 3604 primo
2871 3535 3090 3590 incursu
3123 3546 3278 3604 capta
3311 3553 3433 3591 cum

1863 3631 1914 3683 in
1949 3645 2065 3681 eam
2098 3645 2126 3681 a
2156 3640 2308 3698 parte
2332 3645 2450 3697 quae
2477 3644 2624 3681 mare
2647 3636 2852 3695 spectat
2885 3627 3435 3696 impetumll'ecissent,

1861 3721 2117 3789 praefecto
2169 3721 2317 3772 urbis
2371 3734 2641 3788 nusquam
2676 3722 2740 3773 ad
2793 3723 3192 3790 prohibendum
3243 3736 3433 3775 occur-

1863 3824 2048 3878 rente,
2105 3815 2199 3866 sed
2252 3814 2441 3877 ignava
2497 3819 2551 3864 et
2599 3813 2742 3881 turpi
2793 3812 2915 3882 fuga
2969 3814 3176 3879 elapso.
3231 3813 3426 3868 Deinde

1858 3905 2194 3972 Contogmen
2254 3916 2307 3957 et
2355 3904 2606 3956 Amerem
2672 3902 3068 3958 Muchumetem
3123 3906 3216 3975 qui
3267 3921 3428 3973 supra

1857 3999 2158 4067 praecipuos
2181 4005 2521 4064 satraparum
2553 3995 2862 4050 eminebant
2897 3997 3160 4062 dignitate
3217 4012 3282 4052 ac
3337 4012 3432 4066 po-

1859 4093 2024 4144 tentia
2053 4129 2068 4153 ,
2120 4104 2216 4158 per
2260 4088 2552 4142 Lcntianos
2600 4086 2990 4142 Poemaneuuu:
3048 4089 3279 4153 abiisse,
3318 4099 3430 4142 Ira-

1857 4187 2048 4240 hcntes
2077 4187 2307 4253 praelati:
2339 4183 2582 4248 multam,
2604 4183 2858 4251 virosque
2879 4183 3124 4252 captivos
3145 4185 3426 4252 plurimos.

1856 4293 1975 4329 cum
2008 4275 2326 4328 mulieribus
2361 4283 2414 4327 et
2443 4275 2628 4344 pueris
2655 4283 2922 4344 quotquot.
2957 4277 3188 4344 reliquos
3219 4277 3428 4344 gladius

1855 4366 2094 4420 fecisset.
2171 4365 2507 4434 Mouolycum
2578 4380 2706 4419 vero
2786 4375 3124 4434 transgresso
3195 4369 3425 4437 quodam

1855 4457 2023 4511 ﬂuvio
2056 4458 2236 4524 (quem
2275 4456 2540 4509 Barenum
2599 4457 2796 4509 accolze
2832 4457 3130 4526 appellant,
3168 4457 3424 4513 ﬂuentem

1853 4567 1918 4606 ex
1969 4560 2150 4602 monte
2195 4549 2425 4616 quodam
2483 4546 2628 4601 lbibe
2678 4561 2904 4612 vocato,
2963 4565 3024 4603 ex
3077 4566 3186 4620 quo
3239 4554 3424 4604 eodetn

1855 4640 2006 4695 multi
2039 4639 2199 4692 etiam
2227 4637 2315 4691 alii
2363 4653 2550 4691 amnes
2594 4638 2894 4706 proﬂuunt,
2953 4641 3093 4694 inter
3114 4659 3249 4710 quos
3291 4643 3422 4697 Sea-

1851 4733 2108 4796 tuauderl,
2156 4729 2588 4801 Angelocomites
2645 4740 2696 4784 et
2734 4732 3014 4800 Empelus)
3073 4736 3140 4787 ad
3191 4734 3420 4789 Pareum

1850 4824 2187 4888 declinasse,
2259 4832 2314 4876 et
2366 4823 2616 4892 Abydum
2673 4824 2736 4874 ad
2792 4823 3206 4904 Hellespontum
3262 4830 3418 4881 sitam

1849 4927 2293 4984 praetergressum
2321 4954 2336 4978 ,
2379 4929 2474 4982 per
2498 4917 2836 4984 Atramytum
2877 4933 3094 4984 quoque
3119 4929 3170 4972 et
3203 4919 3417 4974 Chliera

1852 5024 1970 5062 cmn
1997 5017 2108 5060 tota
2139 5007 2476 5073 captivorum
2513 5007 2854 5060 multitudine
2887 5017 3060 5061 tutum
3089 5019 3141 5062 et
3169 5022 3416 5078 paratum

1854 5099 1970 5153 sine
1992 5099 2279 5166 sanguine,
2319 5097 2437 5150 sine
2468 5111 2644 5164 pugna
2680 5098 2780 5148 iter
2815 5099 3088 5152 habuisse.
3127 5101 3420 5170 Imperator

1848 5191 1951 5244 hoc
1978 5189 2176 5243 iudicio
2225 5196 2447 5253 accepto
2475 5186 2684 5240 litteras
2717 5188 2807 5238 dat
2839 5190 2902 5240 ad
2951 5189 3258 5258 Catuytzem
3288 5203 3420 5249 tunc

1845 5280 2037 5332 ducem
2078 5277 2301 5339 Nicmze,
2339 5275 2538 5344 quibus
2585 5277 2630 5328 ei
2669 5277 2994 5342 mandabat,
3047 5291 3105 5333 ut
3152 5281 3417 5338 Barbaros

1847 5386 1984 5437 pone
2011 5377 2330 5437 sequeretur
2347 5383 2468 5422 cum
2492 5368 2750 5421 militibus
2781 5369 3108 5438 quingentis,
3130 5385 3184 5428 et
3203 5393 3322 5443 qua:
3352 5382 3416 5430 de

1848 5459 1979 5528 ipsis
2015 5459 2236 5511 haberet
2266 5468 2540 5526 comperta
2570 5461 2855 5514 confestim
2893 5463 3160 5520 indicaret
3185 5466 3284 5521 sibi
3322 5483 3416 5536 per

1211 5605 1404 5666 Vat-ite
1436 5607 1736 5674 lectiones
1765 5631 1840 5675 ex
1869 5614 2010 5673 cod.
2045 5611 2309 5674 Coislin.

220 5688 266 5718 ⁷ο
289 5690 564 5760 Πρῶσαν,
693 5699 734 5729 ⁷¹
778 5697 869 5751 τὸν
905 5701 1106 5774 Ἀμήρ,
1203 5707 1248 5737 ⁷⁸
1284 5707 1496 5773 Ἴϐιδος.

1613 5714 1656 5745 ⁷³
1702 5713 2198 5780 Ἀγγελοκωμίτηςο

2321 5713 2621 5779 “Nimia;
2678 5716 3102 5789 χρηματίζοντα.
3162 5742 3216 5782 ν

1195 5818 1334 5882 Car.
1381 5822 1701 5886 Dufresnii
1726 5827 1824 5887 Du
1851 5827 2071 5904 Cangii
2099 5836 2284 5888 notae.

219 5907 336 5978 (£0)
377 5910 716 5981 Καμύτζης.
759 5913 830 5972 De
855 5917 954 5974 hac
989 5916 1260 5975 Eustathii
1288 5920 1557 5992 Catnylzuc
1590 5923 1744 5978 clade
1787 5925 1898 5996 agit
1933 5927 2198 5981 Zonaras.
