3900 6604
496 469 634 535 1075

1786 467 2012 526 ΑΝΝᾸΞ
2045 465 2193 526 COM
2205 469 2427 528 ΝΕΝᾸΞ

3589 458 3692 527 1076

490 585 734 647 litteras;
783 583 980 636 vitaret
1026 593 1204 636 autem
1251 596 1600 652 congressum
1651 597 1771 636 cu'n
1831 583 2058 646 Turci",

2171 580 2445 648 ἀκινδύνῳ
2486 580 2775 647 γεγονότες
2811 578 2911 632 οὐκ
2952 575 3290 631 ἐπελάθοντο
3313 573 3412 627 τοῦ
3439 574 3690 642 Καμύτζη,

491 662 569 730 et.
601 675 854 744 paucitati
901 689 1123 728 suorum
1175 688 1347 742 pugna
1401 674 1720 728 declinanda
1787 687 2059 742 parcerel.

492 768 574 820 Ad
605 768 706 821 hoc
741 767 1026 834 imperium
1063 767 1425 833 egressusille
1464 767 1661 830 Nicma,
1698 769 2058 837 Contogmen,

493 858 722 912 Ameren
773 857 1148 911 Muchutncten
1185 857 1529 925 reliquosque
1583 870 1832 928 satrapas
1872 861 2063 926 deprc-

491 952 680 1004 hendit
711 951 760 1003 in
812 951 929 1004 loco
993 965 1152 1019 quem
1186 962 1379 1004 Vocant
1426 953 1625 1005 Aorata
1655 993 1670 1013 ,
1715 954 1867 1020 quasi
1915 953 2062 1007 dicas

487 1045 680 1107 invisa,
717 1059 815 1098 nec
843 1059 900 1098 se
936 1045 1132 1106 lenuit,
1159 1045 1269 1098 cito
1299 1045 1548 1099 videlicet
1594 1046 1794 1099 oblitus
1840 1049 2059 1098 manda-

493 1146 664 1188 torum
700 1134 950 1202 Augusti,
1003 1136 1134 1200 quin
1161 1135 1476 1202 conﬂigeret
1527 1137 1687 1191 illico.
1732 1137 1928 1199 Turci,
1967 1138 2058 1203 qui

489 1226 595 1295 iam
636 1226 860 1295 jamque
905 1226 1222 1280 adfuturum
1279 1228 1660 1295 imperatorem
1715 1239 1839 1282 ante
1888 1230 2062 1282 credi-

487 1317 719 1382 derant,
801 1319 893 1372 ubi
969 1321 1208 1374 vividum
1267 1322 1636 1389 cumdcmque
1709 1322 2058 1388 improvisum

488 1408 767 1479 Camytzis
792 1410 1050 1479 impetum
1078 1427 1319 1478 sensere,
1346 1413 1518 1478 [facile
1542 1413 1784 1480 persuasi
1818 1429 1930 1467 rem
1957 1415 2056 1467 sibi

490 1517 615 1554 esse
637 1517 769 1555 cum
805 1504 1132 1571 imperatore
1165 1515 1382 1572 totoque
1405 1508 1669 1570 exercitu,
1705 1515 1850 1575 terga
1887 1507 2058 1560 territi

477 1604 792 1649 verterunt.
821 1599 925 1651 Sed
953 1609 1111 1667 capto
1131 1609 1255 1652 tunc
1283 1599 1483 1666 Scytha
1519 1599 1751 1666 quodam
1775 1614 1805 1650 e
1837 1601 2055 1664 nostris,

489 1686 580 1740 ubi
612 1703 674 1740 ex
701 1703 766 1742 eo
809 1692 1120 1759 percontati
1157 1691 1472 1760 a'Camytze
1511 1708 1614 1742 uno
1644 1707 1700 1743 se
1724 1691 1840 1744 loco
1877 1691 2060 1760 pulsos

490 1780 831 1845 didicerunt,
888 1799 920 1836 e
974 1787 1153 1836 mente
1212 1783 1264 1836 in
1318 1798 1477 1852 quem
1536 1783 1800 1849 pavefacti
1870 1781 2059 1836 confu-

490 1882 679 1935 gerant
744 1875 1031 1940 resumptis
1093 1875 1290 1928 animis
1350 1876 1714 1937 descendunt,
1772 1885 1828 1930 et
1861 1891 2057 1944 magno

489 1967 864 2029 tympanorum
921 1976 985 2017 ac
1039 1962 1482 2017 vociferatiouum
1535 1965 1710 2018 sonitu
1791 1966 2059 2018 revocatis

487 2065 518 2102 e
575 2052 694 2121 fuga
749 2053 987 2122 undique
1041 2055 1156 2109 suis
1203 2055 1558 2124 popularibus
1592 2056 1704 2122 (qui
1736 2069 1832 2123 pro
1867 2056 2058 2121 peritia

489 2143 683 2209 linguae
706 2161 770 2199 ac
815 2163 1022 2200 morum
1069 2147 1244 2213 gentis
1279 2147 1436 2201 facile
1483 2148 1666 2200 statim
1725 2156 2061 2217 agnoverunt

487 2250 608 2289 esse
641 2235 760 2290 illas
785 2252 949 2293 voces
996 2254 1059 2292 ac
1096 2240 1248 2304 signa
1275 2239 1647 2293 revocantium
1678 2239 1958 2306 dispersos
1991 2242 2057 2294 ad

489 2341 636 2394 spem
698 2330 974 2383 meliorem
1026 2331 1189 2402 5.4.0
1251 2333 1411 2386 rebus
1468 2331 1654 2400 salvis)
1716 2336 1806 2385 ubi
1870 2347 2061 2387 omnes

490 2419 870 2474 confluxerunt
917 2424 969 2474 in
1023 2439 1186 2476 unum
1236 2439 1459 2483 rursus.
1488 2423 1690 2477 reversi
1729 2433 1854 2478 sunt
1902 2425 2061 2478 simul

490 2511 544 2563 in
610 2512 884 2578 planitiem
951 2515 998 2566 ei
1066 2515 1182 2569 loco
1244 2516 1488 2583 proxime
1547 2516 1846 2584 subjectam
1901 2530 2060 2583 quem

492 2600 963 2658 Aorata‘diximus
1013 2615 1282 2660 vocatum.
1317 2607 1383 2661 At
1414 2607 1718 2677 Camytzes,
1755 2607 1846 2676 qui
1890 2609 2063 2674 primo

492 2693 585 2746 illo
619 2710 874 2750 successu
927 2698 1159 2764 praedam
1196 2697 1449 2751 Barbarie
1489 2699 1786 2768 eripuisset
1844 2700 2061 2752 univcr-

491 2799 644 2848 sam,
680 2803 784 2840 non
835 2790 1047 2842 curavit
1083 2791 1249 2857 (quod
1281 2800 1331 2844 ct
1357 2791 1512 2845 facile
1541 2802 1788 2857 poterat,
1825 2802 1879 2846 et
1935 2808 2064 2862 pru-

491 2878 683 2932 denter
753 2881 1004 2948 debebat)
1056 2897 1174 2936 eam
1244 2881 1312 2936 ad
1383 2882 1765 2938 Ptemanenum
1824 2885 2059 2940 vicinam

490 2985 671 3024 arcem
704 2973 1122 3028 munitissimam
1149 2976 1414 3030 tutissime
1442 2976 1551 3031 illic
1610 2976 1845 3030 futuram
1877 2987 2058 3032 trans-

489 3061 664 3125 ferre;
721 3063 814 3116 sed
869 3063 1073 3117 circum
1147 3066 1349 3119 Aurata
1402 3082 1578 3120 moras
1648 3068 1902 3131 trahens,
1957 3069 2058 3122 sibi

497 3153 789 3218 perniciem
865 3155 1132 3222 quaesivit.
1205 3155 1528 3224 Congregati
1594 3160 1789 3227 quippe
1866 3161 2058 3214 iterum

2165 669 2283 722 ἀλλ’
2321 670 2613 741 ἐνήδρευον
2644 670 2832 722 τοῦτον
2855 667 3170 730 διαπαντός.
3210 667 3322 718 Καὶ
3355 664 3691 732 μεμαθηκότες

2164 759 2244 811 ἔτι
2264 760 2427 813 αὐτὸν
2457 763 2537 822 εἰς
2565 761 2632 813 τὰ
2674 761 2912 829 ’Λνῑρατα
2942 757 3359 825 ἐνδιατρίϐοντα
3378 758 3471 808 καὶ
3494 756 3555 808 τὰ
3575 761 3690 828 παρὰ

2162 853 2263 920 τὴν
2293 852 2444 904 λείαν
2470 853 2692 906 ἃπασαν
2727 854 2823 904 καὶ
2861 851 2990 914 τοὺς
3017 849 3394 920 δορυαλώτους
3425 848 3689 915 διατιθέμε-

2163 961 2275 1008 νον,
2311 947 2656 1014 παραχρῆμα
2701 944 2799 1004 τὰς
2828 944 2921 996 ὑπ’
2951 943 3151 1003 αὐτοὺς
3177 940 3440 1008 δυνάμεις
3467 939 3579 991 κατ’
3600 941 3688 1004 ἴλας

2164 1035 2652 1103 καταστησάμενοι
2703 1036 2834 1103 περὶ
2886 1035 3072 1103 δείλην
3134 1034 3280 1103 ἑῴαν
3349 1031 3688 1085 εἰσπίπτουσιν

2162 1123 2334 1192 αύτῷ.
2369 1125 2440 1176 Τὸ
2469 1125 2567 1191 μὲν
2603 1123 2694 1178 οὖν
2726 1125 2910 1176 πλεῖον
2938 1123 3033 1176 τοῦ
3072 1122 3481 1195 στρατεύματος
3501 1121 3587 1174 τοῦ
3611 1124 3688 1176 Κα-

2165 1215 2342 1285 μύτζη
2371 1215 2641 1284 τοσαύτην
2692 1216 2902 1284 πληθὺν
2937 1215 3241 1285 Βαρϐάρων
3294 1211 3689 1266 ὲπεισπεσοῦσαν

2162 1306 2348 1368 αὐτοῖς
2380 1307 2694 1376 ἑωρακότες
2725 1307 2908 1377 φυγὴν
2944 1309 3044 1372 τὴν
3073 1304 3288 1357 ἑαυτῶν
3340 1303 3686 1372 πραγματεύεο

2163 1398 2288 1452 σθαι
2319 1399 2540 1452 ἐδόκουν
2567 1398 2851 1469 σωτηρίαν
2875 1415 2891 1431 ’
2927 1399 3089 1460 adeo;
3116 1398 3174 1450 δὲ
3206 1396 3348 1466 μετά
3373 1395 3476 1447 τῶν
3501 1396 3688 1448 Σκυθῶν

2161 1491 2394 1544 καὶτῶν
2432 1492 2651 1545 Κελτῶν
2691 1493 2786 1545 καὶ
2821 1491 3015 1545 ὀπόσοι
3072 1490 3180 1543 τῶν
3224 1488 3514 1557 Ῥωμαίων
3557 1489 3684 1556 εὐψυ-

2161 1582 2374 1652 χότερον.
2398 1578 2562 1652 ἦσαν,
2598 1583 2853 1650 ἐκθύμως
2887 1582 3126 1650 ἐμάχετο
3154 1581 3224 1632 ⁷⁵.
3275 1579 3386 1631 Καὶ
3423 1577 3688 1644 τ·ι;νικαὶτπ⁵

2159 1677 2206 1726 ol
2238 1673 2444 1727 τούτων
2479 1675 2699 1736 πλείους
2736 1676 3054 1727 πίπτουσιν.
3091 1673 3149 1726 Ὀ
3183 1670 3238 1724 δέ
3288 1687 3352 1736 γε
3406 1668 3684 1736 Καμύτζης,

2161 1767 2283 1836 μετ’
2315 1767 2513 1834 ὀλίγων
2574 1766 2992 1834 καταλειφθεὶς,
3036 1765 3118 1815 ἔτι
3165 1761 3444 1830 ἀντείχετο
3488 1759 3583 1827 τῆς
3613 1761 3686 1829 μά-

2162 1874 2284 1926 χης.
2328 1857 2567 1927 Καιρίαν
2599 1859 2656 1911 δὲ
2703 1858 2731 1909 ὁ
2765 1859 2932 1919 ἵππος
2981 1857 3040 1908 ἐν
3076 1847 3120 1920 ᾧ
3166 1855 3431 1922 ἐπωχεῖτο
3473 1851 3686 1919 πληγεὶς,

2162 1951 2305 2005 κατά
2326 1952 2423 2019 γῆς
2451 1951 2697 2023 ἔρριπτο.
2733 1952 2791 2004 '0
2818 1953 2874 2004 δέ
2907 1969 2970 2020 γε
2997 1949 3186 2004 τούτου
3210 1946 3516 2009 ἀδελφιδοῦς
3545 1949 3688 2000 Κατα-

2167 2042 2333 2112 ρόδων
2363 2043 2504 2095 οὕτω
2544 2043 2924 2112 καλούμενος,
2963 2040 3174 2102 ἀποδὰς
3228 2039 3323 2092 τοῦ
3352 2039 3479 2091 ἰδίου
3533 2039 3686 2101 ἵππον,

2161 2136 2354 2188 τοῦτον
2385 2135 2532 2206 αὐτῷ
2553 2136 2760 2189 δίδωσι.
2790 2135 2968 2203 Βαρὺς
2987 2136 3044 2186 δὲ
3071 2133 3147 2186 ὣν
3170 2136 3197 2186 ὁ
3227 2133 3366 2200 ἀνὴρ
3398 2132 3490 2184 καὶ
3519 2132 3687 2200 μέγας,

2165 2229 2360 2301 ῥαδίως
2386 2227 2478 2280 τοῦ
2505 2230 2669 2282 ἵππου
2708 2228 2966 2296 ἐπιϐῆναι
2996 2228 3096 2280 οὐκ
3129 2221 3242 2294 εἶχε
3275 2242 3288 2254 ·
3326 2222 3476 2276 ἐνθεν
3503 2239 3583 2275 τοι
3618 2224 3690 2274 καὶ

2167 2324 2362 2394 μικρὸν
2398 2320 2730 2380 ἀναποδῐσας
2757 2319 2850 2372 ἐπί
2884 2336 3005 2370 τινα
3033 2315 3166 2387 δρῦν
3207 2313 3405 2368 ἑαυτὸν
3432 2313 3688 2382 προσερεί·

2167 2433 2263 2477 σας
2295 2416 2386 2467 καὶ
2415 2415 2504 2466 τὸν
2531 2411 2803 2481 ἀκινάκην
2831 2429 2937 2462 σπσ
2950 2410 3204 2479 σάμενοτ,
3230 2408 3330 2467 τας
3353 2423 3412 2457 τε
3449 2404 3693 2466 σωζούσας

2163 2506 2528 2568 ἀπολωλεκὼς
2561 2504 2807 2567 ἐλπίδας,
2834 2503 3023 2554 ὁπόσοι
3054 2500 3240 2569 τούτῳ
3280 2498 3391 2550 τῶν
3423 2495 3692 2566 Βαρϐάρων

2167 2600 2564 2670 συμπλακῆναι
2627 2597 3006 2664 κατετόλμων,
3049 2592 3195 2646 κατὰ
3257 2606 3321 2656 γε
3375 2588 3593 2658 κόρυθος
3620 2588 3696 2639 καὶ

2164 2693 2331 2761 ὤμων
2377 2693 2471 2744 καὶ
2505 2691 2683 2744 αὐτῶν
2723 2688 2786 2757 δὴ
2822 2689 2930 2740 τῶν
2961 2685 3167 2757 χειρῶν
3204 2683 3389 2736 παίων
3421 2682 3517 2734 οὐκ
3551 2681 3693 2732 ἐνεδὶ-

2163 2784 2275 2838 δου.
2318 2785 2444 2836 Ἐπὶ
2492 2783 2628 2836 πολὺ
2678 2781 2807 2849 γοῦν
2841 2779 3032 2832 τοῦτον
3074 2779 3343 2844 ἀνέχοντα
3410 2773 3628 2843 ὁρῶντες
3658 2772 3696 2822 oi

2165 2875 2444 2945 Βάρϐαροι
2487 2875 2582 2927 καὶ
2635 2872 2869 2934 πολλοὺς
2929 2868 3233 2932 κτείνοντα,
3271 2864 3495 2926 πολλοὺς
3543 2863 3699 2915 δὲκαὶ

2163 2968 2563 3040 τιτρώσκοντα,
2591 2965 3005 3037 ύπεραγάμενοι
3031 2964 3129 3030 τὴν
3156 2959 3252 3014 τοῦ
3271 2959 3459 3029 ἀνδρὸς
3495 2956 3700 3025 τόλμαν,

2166 3064 2258 3116 καὶ
2279 3063 2338 3113 τὸ
2364 3061 2636 3129 σταθηρδν
2665 3059 2830 3112 αὑτοῦ
2877 3055 3290 3123 Θαυμάσαντες,
3326 3053 3422 3121 τὴν
3449 3049 3698 3117 σωτηρίαν

2165 3153 2332 3206 αὐτοῦ
2367 3153 2454 3204 διὰ
2504 3151 2680 3202 ταῦτα
2739 3145 3279 3219 πραγματεύσασθαι
3328 3142 3700 3211 ὲῦουλήθησαν.

490 3255 765 3312 resumpta
804 3245 993 3300 fiducia
1051 3246 1269 3301 Barbari
1313 3249 1439 3301 totis
1480 3249 1673 3301 animis
1715 3248 2058 3304 innninebant

2178 3247 2236 3299 '0
2266 3245 2323 3298 δὲ
2370 3243 2790 3314 ἀρχισατράπης
2823 3239 3155 3308 Μουχούμετ
3199 3237 3297 3305 τὴν
3341 3234 3558 3300 κλῆσιν,
3597 3232 3702 3284 τοῦ·

489 3333 541 3385 in
589 3335 932 3389 occasionem
1005 3336 1298 3390 ulciscendi
1362 3337 1653 3407 Cantytzte.
1733 3340 1867 3392 Cum
1932 3356 2060 3409 ergo

487 3428 873 3492 cognovissent
943 3430 1144 3482 morari
1209 3430 1387 3483 adhuc
1436 3445 1556 3483 emn
1634 3431 1779 3485 circa
1858 3432 2056 3486 Aorata

485 3530 805 3584 occupatum
863 3521 1164 3574 dividenda
1219 3521 1573 3575 reddendazve
1639 3525 1828 3588 prauis:
1861 3563 1875 3587 ,
1931 3540 2059 3592 cap-

488 3610 717 3664 tivorum
754 3627 967 3679 quoque
989 3613 1362 3666 discernendis
1403 3612 1718 3668 differentiis
1757 3629 1820 3668 ac
1854 3617 2054 3677 causis.

2157 3355 2249 3390 τον
2275 3337 2370 3390 καὶ
2403 3338 2574 3390 πάλαι
2604 3336 2914 3404 γινώσκων,
2943 3333 3041 3387 καὶ
3076 3329 3386 3399 τηνικαῦτα
3416 3327 3704 3395 ἀναγνωρί-

2161 3446 2282 3494 σας,
2318 3428 2622 3483 ἀνακόπτει
2662 3427 2760 3495 μὲν
2793 3426 2889 3496 τῆς
2925 3425 3106 3494 ὁρμῆς
3155 3423 3280 3482 τοὺς
3308 3419 3459 3488 αύτῷ
3491 3417 3706 3481 συμπλε-

2158 3523 2442 3592 κομένους,
2504 3521 2712 3582 ἀποϐὰς
2751 3520 2808 3572 δὲ
2871 3517 2963 3571 τοῦ
3035 3516 3202 3568 ἵππου
3255 3511 3374 3581 μεθ’
3436 3505 3510 3564 ὧν
3564 3510 3706 3578 ἔτυχε

2157 3615 2498 3687 προσελθὼν,
2531 3613 2635 3682 ἔφη
2664 3629 2678 3643 ο
2723 3611 2813 3678 Μὴ
2871 3612 3158 3676 πρόκρινε
3216 3605 3328 3672 τῆς
3360 3604 3482 3670 σῆς
3531 3619 3706 3668 σωτη-

487 3703 712 3755 armatis
745 3704 1028 3757 confestim
1063 3713 1116 3758 et
1141 3718 1235 3772 per
1283 3715 1488 3760 turmas
1521 3705 1728 3759 eductis
1773 3708 2056 3763 ordinibus

2162 3712 2282 3776 plac
2321 3708 2427 3762 τὸν
2466 3707 2747 3766 θάνατον,
2803 3705 2964 3757 ἀλλὰ
3005 3701 3178 3754 δίδου
3235 3716 3340 3767 μοι
3397 3697 3565 3765 χεῖρα
3621 3694 3708 3747 καὶ

485 3793 604 3846 acie
640 3795 900 3849 instructa
956 3795 1009 3848 in
1063 3805 1279 3850 nostros
1329 3797 1546 3850 irrnuut
1581 3799 1752 3864 primo
1797 3800 2054 3855 diluculo.

485 3885 715 3938 Maxima
747 3901 870 3956 pars
910 3888 1139 3950 agminis
1169 3889 1438 3958 Camytza:
1470 3891 1532 3942 ad
1567 3893 1799 3958 primum
1837 3908 2054 3946 sensum

487 3986 654 4030 tautae
673 3977 974 4046 ingruentis
998 3978 1360 4032 multitudinis
1380 3979 1673 4035 barbaricae
1690 3996 1837 4047 spem
1865 3982 2057 4036 salutis

485 4069 538 4121 in
588 4080 804 4124 matura
858 4071 978 4141 fuga
1039 4071 1238 4141 posuit.
1284 4071 1400 4140 Ipse
1429 4072 1535 4125 dux
1585 4086 1706 4126 Cum
1744 4073 1960 4141 Scythis
2006 4081 2062 4127 et

481 4159 670 4227 Gallis,
727 4161 1091 4232 Romanisque
1145 4163 1208 4217 iis
1231 4162 1483 4216 ontnibus
1523 4178 1660 4230 quos
1699 4162 1856 4230 paulo
1887 4178 2054 4233 gene-

2152 3802 2364 3860 σώζου.
2414 3801 2472 3853 Ὀ
2501 3801 2555 3852 δὲ
2592 3801 2698 3852 ύπδ
2728 3797 3006 3850 τοσούτων
3032 3791 3561 3860 περιστοιχούμενον
3584 3789 3702 3839 ἑαυ-

2155 3895 2247 3946 τὸν
2273 3892 2418 3963 ὁρῶν
2446 3891 2544 3943 καὶ
2576 3891 2652 3960 μὴ
2679 3890 2818 3959 πρὸς
2857 3886 3153 3945 τοσούτους
3195 3884 3449 3952 ἀντέχειν
3510 3881 3591 3932 ἐτι
3628 3877 3708 3929 ὃν·

2158 3983 2415 4052 νόμενον,
2451 3980 2635 4034 δίδωσι
2689 3981 2878 4050 χεῖρας
2918 3976 2994 4046 τῷ
3057 3973 3357 4045 Μαχούμετ
3401 3972 3466 4023 ⁷⁸.
3517 3968 3623 4021 Καὶ
3645 3965 3694 4024 ὃς

2155 4075 2396 4142 ἔφιππον
2416 4074 2607 4127 τοῦτον
2639 4072 2970 4134 ἐπιϐιϐάσας
2990 4069 3113 4132 τοὺς
3131 4066 3302 4122 αὑτοῦ
3327 4065 3497 4127 πόδας
3515 4059 3710 4129 δεσμεῖ,

2162 4165 2239 4228 ὡς
2273 4164 2347 4234 μὴ
2383 4165 2580 4236 ῥᾳδίως
2612 4163 2920 4232 ἀποδρᾶναι
2955 4158 3239 4213 δύνασθαι.

485 4257 716 4312 rosiores
775 4257 1021 4312 militaris
1055 4258 1213 4312 ollicii
1262 4258 1517 4324 cogitatio
1582 4274 1610 4311 a
1684 4259 2071 4314 consciscendo
2134 4260 2274 4330 fugae
2351 4260 2557 4332 ﬂagitio
2619 4267 2905 4325 tenuerat,
2957 4255 3255 4310 fortissime
3312 4266 3589 4323 pugnans,
3635 4246 3712 4302 ubi

483 4351 595 4404 suis
621 4353 826 4404 circum
858 4353 1129 4420 plerisque
1150 4355 1403 4408 omnibus
1421 4355 1641 4418 occisis,
1668 4355 2058 4422 deprehensum
2103 4373 2160 4413 se
2187 4374 2308 4412 cum
2339 4357 2524 4426 paucis
2583 4356 2639 4410 in
2692 4355 2867 4408 medio
2919 4355 3085 4418 vidit,

3172 4360 3350 4404 tamen
3426 4346 3716 4403 obfirmarit

482 4443 718 4496 animum
762 4443 815 4494 in
840 4443 1068 4496 consilio
1091 4445 1412 4511 (praei-eadm,
1438 4462 1532 4514 spe
1588 4446 1838 4501 vincendi
1887 4457 2118 4511 extorta,
2162 4451 2396 4504 honesta:
2439 4462 2585 4503 certe
2616 4449 2666 4501 in
2723 4449 2889 4502 annis
2958 4446 3128 4509 necis,
3181 4445 3402 4514 quando
3445 4440 3628 4495 letbali
3675 4433 3714 4488 ei

481 4535 705 4588 vulnere
736 4550 1023 4599 percussus
1067 4553 1174 4604 quo
1205 4540 1501 4594 vehebatur
1531 4557 1705 4610 equus
1731 4582 1744 4605 ,
1783 4556 2004 4611 repente
2044 4544 2302 4598 concidit.
2331 4544 2504 4612 Prope
2554 4542 2743 4596 aderat
2801 4542 3058 4612 patruelis
3103 4541 3376 4610 Camytza:
3423 4535 3715 4591 Catarodon

483 4630 724 4684 nomine.
787 4629 836 4682 ls
895 4633 1110 4698 preprio
1180 4633 1362 4685 statim
1437 4648 1579 4701 equo
1631 4634 1890 4690 desiliens
1969 4636 2402 4706 eumCamytza:
2465 4639 2653 4693 tradit.
2723 4635 2916 4691 Verum
2973 4634 3131 4687 homo
3181 4641 3372 4686 vastus
3456 4638 3515 4684 et
3586 4623 3718 4697 gravi

485 4738 735 4792 corpore,
766 4740 886 4778 cum
911 4740 1107 4793 equum
1140 4725 1295 4779 facile
1317 4727 1684 4782 conscendere
1713 4743 1817 4782 non
1852 4739 2052 4798 posset,
2098 4713 2370 4799 paululum
2432 4730 2780 4786 retrocedens
2833 4728 2899 4782 ad
2921 4726 3206 4797 quamdam
3277 4737 3544 4793 quercum
3629 4719 3717 4768 hu-

484 4817 647 4870 meris
693 4814 965 4885 applicitis
1013 4817 1230 4883 stringit
1280 4817 1556 4873 acinacem
1611 4820 1897 4888 saluteque
1961 4821 2270 4889 desperata,
2337 4821 2606 4876 Barbaros
2630 4827 2897 4891 quotquot
2945 4818 3205 4871 accedere
3266 4813 3519 4869 cominus
3572 4811 3719 4862 aude-

483 4920 624 4972 rem.
677 4909 731 4964 in
778 4912 991 4980 capite,
1048 4914 1099 4965 in
1173 4914 1385 4968 cervice
1471 4915 1524 4968 in
1594 4917 1844 4971 manibus
1923 4919 2087 4971 vastis
2152 4917 2289 4972 haud
2369 4935 2603 4988 unquam
2650 4933 2870 4972 cessans
2926 4916 3122 4971 ictibus
3150 4914 3385 4981 petebat.
3449 4908 3602 4962 nunc
3626 4916 3715 4956 tam

483 5002 696 5056 fortiter
761 5017 875 5058 rem
928 5013 1219 5073 gerentem
1282 5015 1338 5059 et
1407 5008 1589 5061 multis
1642 5009 1784 5062 circa
1848 5009 2042 5072 etesiis,
2089 5010 2268 5062 multis
2299 5010 2613 5074 vulneratis,
2647 5011 2700 5062 in
2752 5022 2886 5062 nova
2918 5009 3096 5062 adhuc
3153 5002 3389 5073 pericula
3467 4996 3718 5066 intrepide

480 5097 764 5152 durantem
815 5101 1112 5169 conspicati
1170 5101 1330 5171 longo
1368 5100 1478 5168 jam
1549 5115 1789 5171 tempore
1833 5102 2077 5168 Barbari,
2145 5105 2502 5158 admiratione
2559 5119 2666 5157 non
2741 5102 2901 5157 dubia
2956 5109 3215 5167 concepta
3275 5105 3444 5149 tanta:
3519 5089 3718 5145 virtutis

482 5200 750 5260 tantaeque
807 5194 1144 5257 constantiae,
1205 5209 1423 5250 servare
1481 5207 1588 5248 tam
1623 5194 1816 5248 fortem
1876 5197 2045 5249 virmu
2083 5197 2306 5252 omnino
2358 5199 2730 5252 decreverunt.
2777 5196 2860 5250 Ex
2911 5193 2997 5248 his
3061 5192 3432 5256 arcbisatrapa
3507 5183 3714 5237 Mnchu-

480 5295 658 5340 metus
721 5285 849 5340 olim
903 5287 1074 5355 ipsum
1137 5301 1404 5350 noscens,
1474 5289 1914 5357 noscendumque
1973 5289 2047 5342 illi
2091 5299 2219 5345 tunc
2266 5290 2547 5357 exhibens,
2620 5303 2835 5344 cessare
2881 5302 2945 5341 ac
2997 5287 3263 5339 facessere
3312 5282 3471 5345 iubet
3551 5288 3720 5329 omnes

481 5379 572 5446 qui
604 5389 787 5433 contra
821 5370 941 5432 cum
991 5379 1318 5447 pugnabant.
1369 5377 1487 5446 Ipse
1536 5389 1715 5433 autem
1743 5394 1881 5446 equo
1941 5382 2196 5436 desiliens
2261 5397 2380 5436 cum
2435 5382 2501 5436 iis
2556 5396 2693 5451 quos
2758 5382 2895 5433 forte
2943 5393 3124 5431 secum
3190 5374 3415 5437 habuit.
3517 5368 3719 5440 ιντορῑιιε

482 5474 710 5536 accedit,
740 5475 1017 5541 amicoque
1045 5475 1217 5527 virum
1253 5475 1334 5527 his
1369 5473 1479 5527 fere
1499 5475 1680 5529 verbis
1710 5476 2040 5544 alloquitur:
2121 5475 2205 5530 Ne
2263 5477 2426 5529 saluti
2475 5487 2727 5541 mortem,
2786 5489 2962 5542 quaeso
3018 5482 3104 5532 te,
3166 5472 3456 5538 praeferes;
3535 5469 3626 5520 sed
3661 5467 3718 5516 da

480 5568 608 5620 mihi
643 5581 881 5631 manum,
919 5575 967 5616 et
1005 5565 1178 5618 salvus
1208 5577 1334 5618 esto.
1408 5567 1485 5620 Ad
1556 5583 1614 5618 ea
1662 5567 1948 5638 Camytzes
1989 5583 2048 5621 se
2098 5582 2128 5620 a
2171 5577 2276 5621 tam
2313 5567 2498 5620 multis
2520 5580 2681 5619 unum
2713 5564 3140 5618 circumventum
3178 5562 3356 5612 videns
3381 5596 3398 5618 ,
3471 5571 3574 5610 ηαδ
3623 5556 3716 5622 jam

479 5661 626 5714 vires
665 5657 916 5728 sentiens
967 5655 1122 5727 44],
1184 5657 1528 5726 impressioni
1561 5661 1724 5712 variae
1760 5668 1839 5713 tot
1887 5660 2047 5713 simul
2089 5657 2512 5728 oppugnantium
2564 5656 2891 5712 sustinenda:
2946 5668 3140 5724 pares:
3227 5666 3443 5703 mallii-II
3522 5649 3720 5701 Maeliu-

480 5755 607 5808 meti
642 5725 732 5809 (fat
767 5769 782 5806 :
818 5754 908 5822 qui
937 5725 1067 5806 ciiin
1099 5725 1294 5819 equum
1341 5753 1590 5824 imposito
1621 5755 1810 5810 vinciri
1871 5757 2038 5825 pedes
2079 5756 2249 5825 jussit
2275 5770 2341 5809 ne
2373 5763 2550 5824 posset
2582 5753 2743 5808 elabi.

1554 5849 1748 5910 Varia:
1781 5848 2095 5912 lectiones
2125 5869 2200 5912 ex
2236 5849 2375 5913 cod.
2411 5847 2677 5908 Coislm.

568 5974 613 6006 ”
644 5973 927 6043 ἐμάχοντο.
