3900 6590
247 437 367 500 1085

1475 428 1893 494 ALEXIADIS
1923 433 2074 495 LIB.
2108 437 2265 496 XIV.

3331 434 3466 498 1086

247 547 387 604 νεῶν,
427 541 489 602 ἃς
524 540 556 610 ἡ
591 540 699 592 τῶν
733 540 1066 611 Σαρακηνῶν
1100 544 1447 599 ἐτεκτόνευσε
1485 545 1670 616 μῆνις,
1721 543 1789 606 ἃς

1896 551 1962 604 rit
1992 549 2130 604 hanc
2167 549 2274 603 vim
2327 549 2706 604 inexhaustam
2765 547 3141 617 multiplicium
3194 546 3456 600 malorum

248 635 397 708 ἡτῶν
433 630 708 683 Οὒετόνων
755 633 1124 700 συνεπλέξατο
1168 636 1478 702 πλεονεξία,
1515 637 1613 690 καὶ
1647 638 1791 690 κατὰ

244 731 331 798 τῆς
361 722 664 792 Ῥωμαῖκῆς
690 723 965 792 βασιλείας
991 728 1232 782 δύσνοιασ
1267 732 1360 784 καὶ
1384 731 1491 798 γὰρ
1518 729 1792 798 ἐποφθαλ·

247 822 372 892 μῶσι
423 817 618 878 πάντες
651 818 812 890 αὐτῇ.
867 821 1030 874 Φύσει
1060 822 1168 893 γὰρ
1228 822 1362 876 οῦσα
1395 824 1645 886 δεσπότις
1682 823 1791 876 τῶν

243 911 398 966 ἄλλων
431 906 656 976 ἐθνῶνή
709 909 957 978 βασιλεία
1009 912 1295 982 Ῥωμαίων
1346 914 1632 984 ἐχθρωδῶς
1678 915 1791 967 δια-

249 1002 481 1070 κείμενον
533 999 646 1068 ἔχει
699 1003 758 1053 τὸ
790 1003 997 1068 δοῦλον,
1056 1007 1150 1058 καὶ
1186 1006 1405 1060 ἐπειδάν
1443 1005 1792 1077 ὲπιδράξαιτο

243 1093 438 1164 καιροῦ,
472 1092 696 1161 φέρεται.
729 1094 884 1158 ἄλλος
911 1097 1134 1150 ἄλλοθεν
1161 1101 1226 1152 ἐκ
1251 1100 1356 1168 γῆς
1396 1099 1492 1153 καὶ
1519 1099 1792 1167 Θαλάττης

242 1185 472 1244 ἕκαστος.
516 1183 678 1238 ’Δλλὰ
711 1187 781 1238 τὰ
831 1189 929 1256 μὲν
979 1190 1243 1259 πρότερον
1285 1191 1480 1244 καὶτὰ
1535 1190 1637 1260 τῆς
1686 1188 1792 1258 πρὸ

239 1277 381 1346 ἡμῶν
401 1274 673 1343 βασιλείας
725 1279 1065 1348 ἐλαφρότατα
1092 1278 1161 1353 ἦν
1190 1283 1280 1334 καὶ
1325 1281 1631 1351 κουφότερα
1657 1297 1670 1312 ·
1700 1282 1793 1334 ἐπὶ

238 1369 286 1420 δὲ
333 1364 524 1435 τούμοῦ
557 1368 763 1436 πατρὸς
786 1369 903 1437 ἅμα
931 1389 990 1422 τε
1022 1371 1346 1442 ἐπιόεϐἡκει
1391 1373 1483 1424 τοῦ
1509 1370 1789 1441 βασιλικοῦ

239 1457 486 1526 ἅρματος,
539 1457 632 1508 καὶ
679 1459 840 1521 εὐθὺς
891 1461 1354 1533 ἐπισυνέρρευσεν
1405 1463 1790 1532 ἁπανταχόθεν

237 1545 435 1597 ἅπαντα
487 1539 554 1592 τὰ
609 1542 778 1598 δεινά.
819 1548 928 1599 Καὶ
979 1550 1006 1602 ὁ
1058 1550 1263 1614 Κελτὸς
1318 1553 1626 1622 ἐκεκίνητο,
1695 1553 1790 1605 καὶ

236 1630 427 1683 ἐδείκνυ
449 1629 544 1682 τοῦ
567 1630 797 1702 δόρατος
825 1637 923 1706 τὴν
951 1639 1159 1709 ἀκμήν·
1194 1644 1288 1694 καὶ
1315 1643 1342 1694 ὁ
1381 1642 1604 1714 Ίσμαὴλ
1635 1644 1787 1708 τόξον

234 1726 464 1785 ἐνέτεινε,
485 1724 577 1776 καὶ
611 1724 671 1777 τὸ
696 1727 1002 1798 Νομαδικὸν
1035 1731 1180 1785 ἅπαν
1201 1733 1352 1797 ἔθνος
1409 1736 1504 1787 καὶ
1528 1733 1790 1790 Σκυθικὸν

233 1817 370 1877 ὅλαις
419 1816 661 1884 ἁμάξαις
713 1822 1068 1892 παμμυρίαις
1124 1825 1440 1895 ἐπέὅρισεν.
1487 1827 1628 1881 Ἀλλ’
1661 1828 1790 1892 ἴσως

233 1927 323 1973 τις,
349 1908 572 1961 ἐνταῦθα
611 1909 704 1963 τοῦ
747 1913 903 1981 λόγου
960 1915 1248 1984 γενόμενος
1297 1920 1392 1973 καὶ
1449 1920 1790 1992 ἐντυγχάνων

231 2001 300 2072 τῷ
329 2001 736 2072 συγγράμματι,
769 2007 1170 2080 δεδεκασμένην
1216 2012 1360 2065 εἴποι
1395 2016 1461 2082 τῇ
1500 2017 1657 2083 φύσει
1691 2015 1789 2087 τὴν

231 2095 486 2163 γλῶσσαν.
527 2095 674 2163 Ἐγὼ
704 2097 759 2151 δὲ
790 2099 848 2151 οὐ
898 2101 973 2170 μὰ
1026 2104 1152 2166 τοὺς
1187 2103 1281 2157 τοῦ
1339 2105 1604 2176 βασιλέως
1650 2108 1789 2180 ὑπὲρ

227 2189 316 2256 τῆς
363 2188 472 2241 τῶν
511 2187 803 2258 Ῥωμαίων
852 2195 1203 2265 εὐδαιμονίας
1246 2197 1547 2264 κινδύνους,
1600 2201 1659 2252 οὐ
1715 2200 1791 2268 μὰ

229 2281 289 2333 τὶ
329 2280 415 2334 τοῦ
462 2283 670 2353 πατρδς
720 2285 1014 2355 ἀθλήματα
1066 2290 1163 2341 καὶ
1210 2291 1307 2353 τὰς
1359 2293 1668 2361 συμφορὰς,
1723 2292 1790 2357 ἃς

227 2373 353 2442 ὑπὲρ
374 2373 480 2424 τῶν
501 2374 850 2445 Χριστιανῶν
880 2379 1195 2441 ἐπεπόνθει,
1225 2382 1325 2436 οὐκ
1354 2382 1532 2450 ἔγωγε
1561 2385 1788 2454 χαριζο-

232 2465 351 2534 μένη
377 2464 451 2532 τῷ
476 2466 595 2534 ἐμῷ
617 2469 784 2537 πατρὶ
807 2469 874 2522 τὰ
904 2471 1129 2524 τοιαῦτα
1155 2473 1249 2525 καὶ
1283 2473 1427 2542 λέγω
1453 2477 1544 2529 καὶ
1569 2477 1787 2546 γράφω.

224 2550 294 2606 Ἥ
323 2572 382 2619 γε
426 2557 473 2588 ⁸⁸
519 2559 616 2611 καὶ
647 2559 754 2629 ὅπη
800 2561 893 2614 τὸν
928 2563 1141 2634 πατέρα
1175 2566 1560 2635 ’σφαλλόμενον
1598 2568 1786 2638 ἴδοιμι,

227 2647 471 2714 ἄντικρυς
515 2651 614 2701 καὶ
663 2652 993 2718 παραϐαίνω
1057 2656 1147 2707 τὶν
1185 2655 1354 2725 νόμον
1396 2657 1487 2709 τὸν
1536 2659 1787 2725 φυσικὸν,

223 2740 310 2789 καὶ
356 2741 452 2808 τῆς
487 2741 749 2808 ἀληθείας
795 2745 1076 2813 ese/ppu,
1116 2747 1268 2816 φίλον
1317 2749 1419 2818 μὲν
1468 2751 1562 2804 καὶ
1597 2751 1789 2804 τοῦτον

223 2826 508 2902 ἡγουμένη,
576 2835 835 2904 φιλτέραν
871 2836 925 2888 δὲ
971 2835 1067 2905 τὴν
1101 2838 1361 2907 ἀλήθειαν
1395 2840 1612 2910 ἔχουσα.
1659 2841 1790 2910 Ἀμ-

222 2925 330 2990 ιροῖν
357 2925 462 2992 γὰρ
520 2927 698 2978 δντοιν
724 2927 920 2997 φίλοιν,
957 2929 1031 2992 ὥς
1071 2930 1172 2985 πού
1207 2949 1292 2994 τις
1339 2931 1443 3001 ἔφη
1476 2933 1786 3000 φιλόσοφος,

221 3015 506 3084 κράτιστον
535 3021 819 3090 προτιμᾷν
856 3022 955 3089 τὴν
983 3023 1264 3093 ἀλήθειαν·
1300 3023 1435 3076 ἀλλὰ
1465 3028 1576 3087 τοῖς
1604 3026 1787 3094 πράγ-

223 3126 377 3176 μασιν
401 3112 595 3174 αὐτοῖς
616 3114 1076 3178 ἐπακολουθοῦσα,
1103 3118 1196 3169 καὶ
1223 3119 1358 3190 μήτε
1382 3120 1784 3190 προστιθεμένη

1895 657 2020 711 quae,
2060 641 2254 694 deinde
2313 642 2363 693 iu
2417 653 2655 708 tempora
2710 641 2819 695 mei
2875 639 3048 708 patris
3105 639 3466 704 redundavit;

1893 734 2114 802 quando
2149 731 2290 785 velut
2332 733 2730 802 conspirantes,
2764 747 2790 784 a
2838 731 3206 800 septentrione
3239 729 3462 797 Scytha,

1891 825 1962 878 ab
1991 839 2187 878 occasu
2240 821 2447 886 Gallus,
2490 823 2562 877 ab
2616 831 2738 876 ortu
2795 821 2991 876 lsmael
3046 822 3098 874 in
3158 820 3464 874 Romanum

1894 917 2180 980 imperium
2211 916 2381 968 coorti
2414 926 2559 979 sunt,
2589 924 2647 969 ιιι
2674 915 2940 968 maritima
2979 914 3196 966 interim
3225 910 3463 980 pericula

1895 1009 2122 1073 sileam;
2159 1008 2297 1070 illas,
2333 1008 2571 1076 inquam,
2623 1008 2758 1061 mari
2811 1005 3215 1074 praevalentium
3264 1003 3467 1056 Barba-

1893 1115 2075 1155 rerum
2109 1100 2367 1168 piraticas
2401 1098 2823 1152 innumerabiles
2867 1113 3032 1152 naves
3075 1111 3212 1166 quas
3267 1094 3460 1162 partim

1892 1207 2048 1250 vetus
2084 1196 2478 1251 Saracenorum
2511 1196 2564 1249 in
2597 1210 2694 1250 nos
2725 1194 2908 1248 odium
2941 1201 2995 1245 et
3039 1191 3222 1245 furens
3273 1190 3349 1242 ira
3391 1187 3470 1243 fa-

1893 1291 2101 1346 bricata
2157 1299 2262 1358 est,
2313 1290 2508 1359 partim
2542 1286 2810 1342 Vetonum
2868 1287 3118 1348 avaritia,
3175 1297 3274 1337 nec.
3332 1283 3467 1335 satis

1893 1397 2129 1451 unquam
2181 1382 2517 1435 dissimulata
2571 1381 2625 1434 in
2681 1378 2986 1430 Romanum
3038 1377 3319 1441 imperium
3383 1373 3466 1426 in-

1893 1477 2034 1528 vidia
2065 1475 2391 1530 construxit.
2425 1473 2688 1540 Quoniam
2747 1471 2889 1524 enim
2943 1470 3186 1522 Ruiiiana
3239 1481 3324 1518 res
3388 1466 3469 1516 in-

1893 1578 2138 1623 veterato
2163 1568 2326 1635 Ojuris
2378 1583 2477 1621 usu
2528 1565 2825 1618 dominium
2873 1565 2925 1616 in
2976 1568 3163 1629 gentes
3196 1558 3298 1609 late
3338 1556 3466 1608 reli-

1894 1678 2032 1732 quas
2057 1661 2284 1724 obtinet,
2315 1670 2506 1714 natura
2543 1657 2598 1712 tit
2627 1667 2685 1708 ut
2713 1671 2831 1709 eam
2880 1654 2980 1707 illm
3015 1665 3204 1703 omnes
3235 1647 3468 1715 obliquis

1893 1755 2084 1809 limcnt
2116 1753 2320 1818 oculis;
2353 1760 2403 1805 ct
2439 1748 2711 1805 communi
2745 1761 2892 1801 more
2921 1760 2982 1798 ac
3007 1741 3314 1795 conditione
3355 1754 3470 1792 ser-

1893 1847 2154 1900 vientium
2184 1842 2588 1897 dominantibus
2623 1855 2840 1906 semper
2872 1835 3236 1895 infensorum,
3266 1831 3466 1894 tacitis,

1896 1940 1941 1995 si
1973 1937 2114 1993 aliud
2150 1946 2440 2006 nequeunt,
2476 1943 2795 1989 aversentur
2834 1931 2993 1996 odiis,
3033 1929 3075 1982 si
3121 1927 3296 1993 aliqua
3346 1936 3468 1992 spes

1897 2032 2180 2093 aﬂulserit,
2213 2034 2255 2084 si
2291 2031 2439 2083 locus
2476 2028 2689 2096 injuriae
2739 2024 2991 2094 patuerit,
3051 2019 3359 2074 facultatem
3409 2013 3463 2065 in

1894 2124 2183 2180 occasione
2216 2122 2440 2176 nocendi
2467 2120 2659 2187 cupide
2697 2117 2748 2171 in
2785 2131 2894 2170 rem
2923 2112 3245 2174 conferant;
3275 2117 3328 2159 et
3359 2119 3468 2174 qua

1895 2214 2191 2269 latrociniis
2227 2213 2515 2266 maritimis
2537 2226 2638 2279 qua
2673 2208 3028 2263 terrestribus
3061 2199 3468 2258 incursionibus

1896 2309 1949 2361 in
1993 2307 2109 2376 ejus
2145 2320 2242 2374 pro
2291 2320 2347 2356 se
2390 2318 2616 2370 quinque
2669 2307 2986 2369 grassantur
3043 2293 3290 2348 exitium.
3345 2288 3470 2341 Scio

1893 2395 2148 2467 periculis
2209 2391 2514 2447 iStiusmodi
2570 2387 2842 2442 exercitos
2899 2382 3068 2436 fuisse
3128 2377 3466 2447 principatus

1895 2490 2056 2543 etiam
2088 2500 2274 2541 eorum
2303 2485 2389 2552 qui
2427 2492 2550 2535 ante
2607 2487 2810 2549 patrem
2857 2489 3037 2529 meum
3091 2470 3170 2523 rei
3214 2466 3473 2524 Romana:

1894 2583 2104 2635 clavum
2127 2585 2446 2633 tenuerunt.
2471 2574 2667 2628 Verum
2693 2570 2968 2624 levissima
2993 2567 3044 2619 in
3068 2559 3472 2630 comparatione

1894 2681 2208 2724 nostrorum
2240 2667 2410 2722 fuisse
2440 2666 2550 2728 illa,
2582 2675 2634 2716 et
2663 2662 2820 2728 longe
2865 2655 3228 2711 tolerabiliora
3263 2661 3467 2702 cernuo

1892 2771 1998 2819 est.
2035 2761 2206 2814 Simul
2259 2770 2436 2812 autem
2494 2771 2647 2808 meus
2701 2766 2895 2821 parens
2929 2762 3090 2800 curru
3143 2742 3290 2809 regio
3341 2753 3472 2791 cun-

1891 2869 2085 2910 scenso
2119 2851 2360 2906 habenas
2391 2849 2554 2917 rmpit
2586 2844 2798 2915 irrpcrii
2828 2842 3065 2901 ﬂectere,
3104 2836 3317 2888 irrnuut
3345 2843 3472 2884 ecce

1829 2999 1834 3002 .
1892 2963 1953 3002 ac
1983 2947 2130 3000 velut
2162 2944 2289 2997 (lato
2329 2942 2483 3010 signo
2538 2939 2842 3002 irrumpunt
2891 2931 3127 3000 undique
3181 2924 3340 2985 bella,
3389 2931 3475 2973 tu-

1891 3038 2117 3099 multus,
2155 3035 2291 3088 maia
2325 3048 2485 3088 omne
2521 3046 2709 3100 genus.
2746 3027 2957 3079 Etenim
2985 3031 3038 3075 ct
3078 3019 3262 3074 Gallus
3292 3021 3474 3070 motus

1892 3131 2060 3184 hastze
2091 3126 2368 3194 cuspidem
2393 3125 2631 3178 ostendit
2656 3138 2670 3185 ;
2696 3133 2749 3173 et
2779 3116 2969 3174 lstnael
3000 3128 3183 3168 arcum
3219 3107 3467 3167 intendit,

330 3203 457 3222 Il,,
532 3205 584 3222 ,~
706 3207 718 3222 ρ
833 3208 846 3222 Ι
1032 3209 1052 3219 ο

219 3203 344 3271 παρ’
369 3203 622 3272 ἐμαυτῆς
653 3207 791 3275 μήτε
825 3208 1157 3277 ὑφαιροῦσα,
1213 3212 1280 3265 τὰ
1311 3212 1661 3280 ξυμπεσόντα
1691 3217 1787 3266 καὶ

1896 3231 1944 3273 et
1989 3220 2272 3274 nomadica
2309 3216 2556 3269 universa
2599 3212 2922 3282 Scytharum
2958 3220 3111 3276 gens,
3157 3217 3252 3255 sua
3291 3201 3340 3252 in
3372 3209 3471 3249 nos

217 3292 348 3360 λέγω
402 3297 500 3350 καὶ
529 3299 751 3368 γράφω.
809 3303 917 3354 Καὶ
949 3303 1180 3372 ἐγγύθεν
1215 3306 1242 3356 ὁ
1297 3306 1554 3376 ἐλεγχοςο
1588 3307 1648 3359 οὐ
1684 3308 1792 3377 γὰρ

218 3387 290 3448 εἰς
316 3390 612 3457 μυριοστὸν
634 3391 752 3452 ἔτος
774 3392 962 3461 ἀνάγω
987 3394 1048 3446 τὸ
1081 3396 1444 3466 σύγγραμμα.
1483 3398 1624 3451 Ἀλλ’
1655 3401 1792 3452 εἰσιν

214 3477 401 3541 οἵτινες
455 3482 537 3542 εἰς
570 3481 670 3552 τὴν
702 3486 943 3555 τήμερον
1002 3487 1284 3557 περιόντες
1321 3490 1414 3542 καὶ
1446 3490 1537 3543 τὸν
1570 3492 1783 3562 πατέρα

213 3570 297 3622 τὸν
325 3573 456 3639 ἐμὸν
479 3575 807 3640 ἐγνωκότες,
837 3579 933 3629 καὶ
959 3578 1028 3630 τὰ
1056 3582 1180 3632 κατ’
1207 3581 1368 3634 αὑτὸν
1393 3583 1792 3651 ἀφηγούμενοι,

213 3655 392 3729 ἀφ’ὧν
423 3666 522 3717 καὶ
545 3665 650 3718 οὐκ
681 3667 839 3736 ὀλίγα
865 3669 962 3739 τῆς
997 3671 1243 3742 ἱστορίας
1273 3674 1522 3745 ἐνταυοοῖ
1553 3677 1794 3748 συνηρά-

213 3769 372 3863 vtato,
403 3757 588 3810 ἄλλων
616 3759 742 3812 ἄλλο
799 3779 850 3813 τι
882 3761 1259 3832 διηγουμένων
1293 3765 1387 3818 καὶ
1423 3743 1792 3836 μεμνημένων

209 3848 279 3900 ὧν
321 3848 559 3914 ἕκαστος
597 3852 777 3922 ἔτυχε,
839 3855 932 3906 καὶ
968 3857 1187 3909 πάντων
1233 3859 1694 3927 ὁμοφωνούντων
1727 3863 1794 3915 τὰ

214 3941 306 4008 μὲν
335 3942 442 4014 γὰρ
479 3943 658 3996 πλείω
684 3946 779 3998 καὶ
812 3947 973 4016 ἡμεῖς
1006 3949 1244 4018 συνῆμεν
1273 3951 1351 4019 τῷ
1389 3953 1556 4024 πατρὶ
1602 3955 1698 4005 καὶ
1726 3956 1790 4023 τῇ

211 4033 370 4102 μητρὶ
403 4035 802 4104 συνειπάμεθα.
833 4039 906 4090 Οὐ
929 4039 1035 4108 γὰρ
1056 4035 1123 4110 ἦν
1157 4041 1217 4092 τὸ
1247 4041 1516 4113 ἡμέτερον
1549 4044 1794 4098 τοιοῦτον

207 4122 312 4180 οἷον
345 4133 672 4203 οἰκουρικὸν
708 4136 800 4187 καὶ
833 4135 936 4187 ὑπὸ
970 4138 1135 4189 σκιὰν
1166 4139 1259 4191 καὶ
1312 4141 1526 4211 τρυφὴν
1563 4143 1792 4212 στρεφό-

209 4237 386 4310 μενονξ
419 4224 539 4276 ἀλλ’
575 4227 676 4294 ἐμὲ
711 4229 820 4296 γὰρ
863 4228 921 4292 ἐξ
970 4228 1148 4282 αὐτῶν
1208 4234 1537 4302 σπαργάνων
1568 4233 1792 4303 (ὄμνυμι

204 4313 289 4366 τὸν
323 4317 583 4387 ἐμαυτῆς
617 4319 751 4371 Θεὸν
783 4321 878 4374 καὶ
911 4320 1008 4390 τὴν
1066 4321 1278 4375 ἐκείνου
1314 4324 1592 4395 Μητέρα,)
1641 4327 1795 4378 πόνοι

207 4408 293 4459 καὶ
331 4409 550 4478 oud/er;
601 4411 914 4480 παρέλαϐον
966 4415 1059 4466 καὶ
1096 4417 1379 4486 συμφοραὶ
1411 4421 1678 4486 συνεχεῖς,
1735 4419 1792 4469 αἱ

209 4502 301 4568 μὲν
337 4503 571 4568 ἔξωθεν,
605 4507 659 4556 αἱ
691 4505 748 4557 δὲ
770 4507 1004 4559 οἴκοθεν.
1031 4507 1112 4562 Τὰ
1141 4510 1244 4578 μὲν
1274 4510 1382 4578 γὰρ
1415 4509 1509 4562 τοῦ
1537 4510 1796 4581 σώματος

201 4595 489 4662 ὁποδαπῶς
521 4595 676 4670 εἶχον
710 4601 810 4654 οῦκ
845 4601 910 4654 ἂν
941 4603 1177 4672 εἴποιμι,
1201 4604 1516 4672 λεγέτωσαν
1540 4603 1794 4658 δὲταῦτα

202 4689 247 4739 οἱ
283 4692 413 4760 περὶ
443 4691 552 4763 τὴν
582 4697 973 4758 γυναικωνῖτιν
1004 4697 1100 4748 καὶ
1133 4697 1611 4760 καταλεγὲτωσαν·
1644 4699 1713 4750 τὰ
1739 4698 1796 4750 δὲ

203 4781 401 4847 ἔξωθεν
435 4787 537 4837 καὶ
564 4787 668 4838 ὅσα
702 4805 791 4856 μοι
829 4788 1246 4843 συνεπεπτώκει
1279 4790 1432 4844 οὔπω
1477 4793 1566 4844 τὸν
1608 4791 1796 4859 ὄγδοον

203 4875 604 4953 ὑπερελασάτῃ
633 4880 846 4948 χρόνον,
874 4881 970 4934 καὶ
1014 4882 1174 4946 ὅσους
1203 4883 1434 4954 ἐχθροὺς
1476 4885 1509 4956 ή
1547 4884 1654 4938 τῶν
1698 4886 1798 4938 ἀν-

202 4965 436 5035 θρώπων
473 4989 574 5040 μοι
622 4975 788 5026 κακία
819 4973 1263 5044 παρεσλάστησε,
1299 4976 1398 5046 τῆς
1447 4976 1797 5042 Ἰσοκράτους

201 5059 461 5131 Σειρῆνος
497 5064 702 5128 δεῖται,
727 5067 825 5132 τῆς
856 5067 1192 5138 Πινδαρικῆς
1225 5069 1671 5137 μεγαλοφωνίας,
1701 5070 1796 5122 τοῦ

199 5152 530 5223 Πολέμωνος
591 5155 800 5224 ῥοίζου,
847 5159 944 5227 τῆς
987 5157 1291 5227 Ὁμηρικῆς
1327 5158 1668 5226 Καλλιόπης,
1701 5161 1799 5231 τῆς

200 5243 496 5314 Σαπφικῆς
532 5246 730 5316 λύρας,
764 5249 796 5317 ἣ
826 5266 973 5311 τινος
1010 5247 1180 5313 ἄλλης
1205 5248 1371 5318 παρὰ.
1400 5251 1606 5311 ταύτας
1635 5250 1796 5303 δυνά-

200 5352 363 5400 μεως.
387 5340 572 5393 υῦδὲν
604 5343 712 5409 γάρ
740 5344 858 5394 ἐστι
884 5343 992 5394 τῶν
1015 5342 1208 5395 δεινῶν
1241 5343 1302 5394 οὐ
1336 5343 1557 5412 μικρὸν,
1582 5343 1642 5396 οὑ
1671 5346 1795 5412 μεῖ-

195 5427 304 5489 ξον,
337 5429 442 5482 οὐκ
478 5431 742 5499 ἐγγύθεν,
781 5434 838 5484 ο)
875 5433 1230 5504 πορρωτέρω,
1258 5432 1286 5485 ὃ
1333 5431 1410 5504 μὴ
1443 5433 1606 5496 εὐθὺς
1654 5435 1788 5488 ἐπέ-

195 5517 350 5588 ερισε
386 5523 520 5576 καθ’
593 5524 769 5594 ήμῶνο
826 5527 919 5578 καὶ
971 5525 1105 5595 δῆτα
1147 5525 1243 5578 καὶ
1277 5525 1548 5595 ὑπερέσχε
1599 5527 1792 5595 σαφῶς

191 5613 250 5662 τὸ
300 5615 640 5668 κλυδώνιον·
675 5619 769 5670 καὶ
819 5619 1006 5673 ἔκτοτε
1041 5621 1134 5672 καὶ
1185 5619 1348 5690 μέχρι
1392 5619 1488 5671 τοῦ
1540 5618 1658 5685 νῦν,
1693 5621 1790 5672 καὶ

1900 3311 1986 3364 illa
2025 3311 2263 3379 plaustra
2292 3308 2471 3360 omnia
2522 3301 2935 3358 innumerabilia
2963 3295 3219 3350 devolvit.
3263 3291 3472 3344 Praeoca

1897 3403 2142 3472 cnpanda
2177 3400 2304 3453 mihi
2339 3399 2441 3452 hoc
2469 3397 2584 3450 loco
2615 3404 2698 3449 est
2731 3391 2968 3460 suspicio
3016 3385 3234 3440 lectoris
3279 3381 3470 3448 opina-

1899 3498 2000 3552 turi
2029 3497 2164 3549 forte
2196 3496 2323 3548 dum
2363 3493 2478 3545 haec
2515 3487 2656 3556 leget
2697 3485 2763 3539 ad
2809 3481 3037 3550 gratiam
3083 3475 3322 3531 scribere
3363 3483 3473 3534 me,

1897 3601 1950 3647 et
1983 3591 2218 3657 linguam
2256 3584 2376 3636 ﬁlize
2411 3590 2518 3632 tam
2561 3576 2736 3644 ampla
2785 3575 2851 3625 de
2894 3582 3045 3639 patre
3095 3561 3472 3624 memorantis,

1897 3683 2031 3738 nihil
2069 3679 2172 3733 nisi
2225 3673 2452 3729 naturali
2504 3669 2710 3726 servire
2756 3664 3008 3719 charitati
3056 3661 3172 3716 sine
3224 3665 3471 3726 respectu

1895 3773 2165 3830 veritatis.
2200 3769 2315 3822 Non
2345 3765 2416 3818 ita
2443 3773 2556 3827 est;
2588 3776 2714 3821 non,
2747 3773 2840 3826 per
2875 3756 2992 3808 illas
3024 3755 3170 3821 ipsas
3197 3760 3470 3803 arrmunas

1896 3864 2253 3936 periculorum
2289 3872 2422 3926 quas
2455 3870 2550 3924 pro
2577 3851 2839 3906 felicitate
2868 3847 3124 3900 Romana:
3160 3839 3472 3909 reipublicae

1896 3957 2095 4030 pacisci
2126 3965 2400 4020 nunquam
2435 3943 2705 4001 recusavit
2735 3943 3004 4011 Angustus
3045 3951 3193 3989 mens
3239 3946 3469 4000 parens;

1897 4022 2026 4114 non,
2059 4063 2153 4117 per
2184 4044 2423 4114 ejusdem
2459 4049 2532 4092 tot
2585 4037 2669 4090 illa
2707 4033 3027 4093 certamina,
3079 4029 3199 4083 illas
3251 4022 3475 4078 calami-

1901 4157 2058 4206 tates,
2091 4155 2227 4210 quas
2275 4151 2371 4206 pro
2420 4129 2742 4186 Christianis
2782 4126 2945 4180 subiit
2993 4133 3152 4190 atque
3186 4129 3474 4188 perpessus

1897 4243 2012 4295 est;
2045 4245 2171 4293 non,
2234 4227 2479 4294 inquam,
2534 4236 2636 4272 non
2688 4218 2801 4269 iure
2849 4230 2946 4280 rgo
2996 4211 3307 4282 gratiﬁcans
3357 4220 3475 4258 meo

1899 4323 2037 4394 patt‘i
2072 4323 2262 4388 loquor
2296 4324 2387 4367 aut
2415 4314 2613 4367 scribo.
2644 4309 2784 4374 Quin
2821 4307 2998 4374 potius
3027 4302 3201 4356 sicubi
3254 4297 3477 4353 halluci-

1898 4426 2082 4470 natmn
2130 4424 2343 4464 errasse
2391 4417 2592 4474 patrem
2638 4402 2816 4464 video,
2879 4414 2982 4451 non
3033 4392 3336 4458 dissimulo,
3372 4405 3476 4443 nou

1899 4522 2093 4578 parco;
2150 4519 2248 4557 nec
2307 4501 2536 4568 migrare
2602 4505 2806 4549 natura:
2857 4491 3029 4558 legem
3083 4488 3286 4546 dubito,
3349 4485 3473 4535 dum

1901 4611 2081 4672 partes
2116 4596 2311 4666 impleo
2345 4591 2499 4646 ollicii
2533 4589 2790 4656 suscepti.
2826 4584 3047 4637 Veritati
3103 4580 3351 4632 nimirum
3385 4576 3474 4628 uni

1897 4696 2098 4754 haereo,
2147 4704 2308 4741 unam
2359 4685 2528 4738 miror
2584 4692 2912 4748 aequorque,
2979 4684 3088 4727 tota
3149 4687 3214 4724 ex
3266 4683 3370 4721 una
3413 4683 3474 4719 ea

1897 4779 2363 4855 pendeoiAmicus
2391 4775 2578 4841 utique
2601 4779 2880 4838 estpatcr,
2908 4776 2957 4818 at
2995 4763 3222 4816 amicior
3246 4760 3474 4824 veritas;

1898 4892 2023 4931 nam
2059 4876 2110 4928 in
2153 4869 2404 4927 conﬂictu
2434 4866 2745 4926 aﬂectuum,
2776 4868 3206 4929 quantaecunque
3239 4852 3476 4906 necessi-

1903 4968 2076 5024 tudini
2101 4961 2467 5031 comparanda
2521 4956 2723 5017 veniat,
2772 4953 2854 5006 fas
2905 4963 3121 5019 semper
3152 4960 3476 5014 aequumque

1903 5072 1986 5117 est
2018 5058 2310 5130 praevalere
2342 5050 2692 5124 prmierriqne
2729 5044 3034 5105 veritatem,
3075 5048 3134 5094 ιιι
3182 5047 3330 5093 recte
3377 5037 3476 5089 ali-

1902 5155 2024 5225 quis
2051 5149 2402 5222 philosophus
2453 5141 2656 5197 docuit.
2686 5139 2799 5192 Hac
2841 5152 2940 5202 ego
2976 5148 3163 5188 norma
3215 5132 3473 5200 scriptio-

1903 5266 2022 5302 nem
2073 5261 2221 5314 rego,
2277 5253 2458 5294 rerum
2507 5236 2725 5305 vestigia
2775 5241 3044 5302 gestarum
3098 5228 3149 5282 in
3200 5225 3472 5281 narrando

1900 5356 2133 5409 sequens
2166 5355 2179 5391 :
2219 5333 2354 5389 nihil
2389 5330 2602 5401 ingenio
2631 5336 2844 5394 meopte
2883 5325 3113 5394 ﬁngens,
3164 5321 3300 5375 nihil
3346 5319 3470 5374 odio

1897 5431 2142 5486 stndiove
2164 5428 2366 5480 addens
2386 5433 2478 5478 aut
2499 5420 2848 5477 subtrahens.
2873 5417 3002 5483 Quae
3022 5429 3150 5470 vere
3174 5413 3468 5482 contigere,

1903 5542 2006 5579 non
2042 5536 2160 5589 quae
2189 5517 2315 5587 tingi
2341 5526 2563 5586 potuere
2597 5511 2878 5568 commode
2909 5509 3012 5563 mei
3058 5510 3193 5561 duco
3225 5505 3470 5558 muneris

1901 5615 2044 5686 loqui
2073 5625 2124 5669 et
2152 5612 2428 5670 scribere;
2480 5607 2546 5662 ab
2576 5607 2678 5661 hac
2709 5606 2812 5660 fide
2865 5607 2906 5658 si
2962 5602 3176 5665 deﬁcio,
3205 5595 3371 5668 446
3417 5596 3466 5649 in

1233 5777 1432 5838 Varife
1465 5776 1772 5840 lectiones
1807 5795 1886 5838 ex
1923 5773 2064 5836 cod.
2130 5768 2406 5833 Coislin.
