3900 6582
458 442 594 512 1087
1762 447 1985 506 ANN/E
2017 447 2046 507 ί

2153 447 2406 507 [ΝΕΝᾹΞ
3564 447 3672 510 1088

453 570 726 627 promptu,
776 561 828 614 in
877 560 1054 613 vicino
1093 568 1175 613 est
1226 561 1371 612 unde
1422 558 1622 626 possim
1677 574 1764 611 rea
1817 557 2025 611 fraudis

2153 559 2327 627 ιέχρις
2357 549 2420 609 οὗ
2457 556 2516 607 τὸ
2553 555 2897 627 σύγγραμμα
2923 556 3079 609 τουτὶ
3113 554 3311 624 γράφω
3347 556 3378 625 ἠ
3411 555 3516 606 τῶν
3564 575 3675 628 συμ-

455 651 660 718 peragi.
697 649 811 703 Non
855 653 999 704 enim
1087 651 1138 702 itt
1203 651 1384 704 decies
1443 649 1786 702 millesimum
1838 649 2034 703 abhinc

2153 650 2326 716 ρορόιν
2359 647 2731 714 ὲμπορεύεταί
2767 665 2857 717 μοι
2889 648 3157 710 Θάλασσα,
3211 649 3306 699 καὶ
3338 648 3469 698 ἄλλα
3501 649 3574 699 ἐπ’
3601 651 3675 702 ἆλ-

453 755 652 792 annutn
692 742 1004 806 scriptionis
1034 749 1177 793 retro
1211 740 1368 805 hujus
1419 749 1791 808 argumentum
1821 739 2029 806 refero;

2153 744 2253 802 λοις
2281 738 2692 806 καταλαμϐάνει
2720 739 2788 791 τά
2821 739 3065 807 κύματα.

453 831 637 883 habito
669 835 716 884 in
754 834 1009 886 metuaris
1051 835 1339 899 pra'senti;
1374 848 1459 886 res
1493 849 1654 884 narro
1703 833 1801 885 sub
1839 835 2011 888 oculis
2045 843 2222 902 gestas
2255 834 2470 885 teStittm
2527 835 2702 886 adhuc
2764 835 3137 900 superstitum.
3207 831 3402 884 Vivunt
3455 829 3678 899 hodieque

459 923 546 987 qui
577 939 753 974 meum
786 924 1060 986 viderunt,
1103 935 1428 992 cognorunt,
1479 925 1691 992 penitus
1739 933 2128 990 perSpexerunt
2159 933 2400 992 patrem;
2435 924 2524 990 qni
2594 937 2680 976 res
2743 923 2858 990 ejus
2902 930 2956 975 et
2995 923 3359 976 meminerunt
3397 931 3451 971 ct
3488 922 3675 987 loquun-

454 1027 539 1065 tur
593 1020 788 1070 adhuc.
849 1016 1052 1069 Horum
1115 1033 1214 1086 ego
1269 1033 1493 1071 vererer
1542 1018 1934 1072 conscientiam
1983 1018 2026 1071 si
2073 1017 2352 1082 fallerem;
2406 1033 2545 1069 nunc
2580 1025 2755 1069 metus
2781 1017 2956 1069 nullus
3031 1025 3110 1068 est
3159 1031 3224 1068 ne
3295 1015 3678 1083 reprehensores

451 1126 542 1162 eos
581 1126 691 1161 mea
733 1113 930 1164 sentiat
965 1115 1204 1165 narratio
1234 1128 1368 1180 quos
1399 1124 1646 1166 auctores
1699 1113 1751 1165 in
1784 1128 1887 1165 non
1945 1112 2132 1180 paucis
2197 1126 2259 1165 ac
2321 1109 2513 1164 fundos
2589 1112 2787 1165 habere
2840 1110 3121 1179 gloriatur.
3173 1108 3413 1163 Cernere
3474 1109 3677 1168 videlicet

451 1215 545 1265 per
578 1217 662 1254 me
701 1204 882 1256 omnia
913 1213 966 1255 et
996 1219 1330 1273 cognoscere
1365 1221 1468 1257 non
1507 1205 1688 1272 potui;
1725 1219 1894 1272 quare
1961 1204 2204 1257 defectus
2235 1205 2660 1270 _observationis
2715 1203 2940 1256 oculata:
3006 1202 3338 1271 supplendus
3387 1202 3438 1254 in
3497 1203 3681 1269 quibus-

451 1294 570 1346 dant
612 1293 712 1348 fuit
744 1300 1020 1351 auditione
1062 1299 1220 1353 alieni
1274 1301 1592 1362 testimonii,
1654 1301 1705 1352 in
1775 1315 1880 1369 quo
1955 1309 2009 1352 et
2074 1299 2341 1353 delectum
2400 1311 2451 1353 et
2505 1299 2768 1367 judicium
2819 1298 3062 1362 adhibui,
3117 1306 3174 1350 ut
3229 1311 3322 1349 eos
3375 1295 3676 1363 petissiuntm

454 1399 668 1455 quaque
705 1390 770 1442 de
832 1403 892 1442 re
938 1390 1238 1443 audiendos
1276 1392 1550 1454 ducerem,
1604 1391 1693 1457 qni
1749 1401 1802 1444 et
1856 1391 2058 1459 alioqui
2115 1406 2306 1460 graves
2339 1400 2394 1444 et
2430 1391 2503 1445 rei
2536 1391 2707 1443 eidem
2758 1392 2884 1442 dum
2931 1397 3214 1458 gereretur
3272 1395 3561 1453 prtesentes
3606 1389 3682 1436 ad-

453 1472 716 1544 fuissent;
739 1489 792 1530 et
823 1481 1108 1534 multorum
1137 1484 1319 1536 talium
1350 1493 1603 1551 exceptas
1628 1483 2016 1538 allirmationes
2054 1497 2425 1552 compararent
2483 1484 2596 1550 ipsa
2661 1483 2913 1544 invicem,
2948 1480 3270 1545 collatisque
3317 1492 3381 1532 ac
3431 1493 3682 1546 coagmen-

454 1568 580 1617 tatis
613 1569 662 1618 in
699 1585 861 1622 uuunt
902 1588 1020 1640 quae
1057 1589 1084 1624 a
1135 1574 1364 1642 singulis
1403 1588 1746 1641 acceperam,
1796 1575 1896 1627 hoc
1929 1590 2026 1644 pro
2067 1573 2338 1629 constanti
2383 1575 2636 1628 haberem
2679 1574 2820 1642 quod
2871 1586 3138 1626 consensu
3221 1571 3466 1624 omnittm
3541 1569 3682 1623 firma-

453 1655 630 1712 batur.
662 1659 785 1712 [Lee
820 1664 883 1715 de
911 1661 1013 1717 ﬁde
1043 1679 1219 1716 rerum
1253 1681 1388 1732 quas
1426 1664 1661 1718 Historia
1689 1665 1804 1720 haec
1833 1681 1972 1727 mea,
2005 1681 2091 1721 me
2117 1667 2363 1730 absente,
2393 1676 2575 1734 gestas
2604 1675 2884 1719 memorat.
2909 1665 2999 1718 Ea:
3031 1679 3194 1733 porro
3221 1679 3326 1717 non
3356 1663 3493 1715 adeo
3540 1663 3682 1716 multm

453 1759 602 1804 sunt.
636 1750 728 1805 Fui
768 1757 908 1807 enim
964 1773 1082 1809 cum
1137 1768 1288 1825 patre
1333 1773 1455 1812 meo
1511 1759 1734 1826 perdiu;
1793 1772 2022 1814 matrem
2046 1777 2279 1830 quoque,
2322 1776 2428 1829 quo
2472 1775 2528 1814 se
2567 1760 2654 1813 illa
2686 1774 2899 1828 cunque
2973 1757 3160 1822 ferret,
3213 1757 3476 1810 assectari
3539 1757 3679 1822 solita,

452 1857 879 1902 mruumosarnm
941 1854 1106 1906 etiam
1159 1855 1373 1910 illarum
1426 1866 1588 1926 atque
1658 1862 2013 1914 castrensium
2073 1860 2345 1914 individua
2396 1859 2890 1930 peregrinationum
2942 1871 3144 1910 comes.
3197 1853 3408 1908 Etenim
3460 1869 3558 1905 non
3623 1851 3679 1904 uti

455 1937 566 1991 fere
600 1957 696 1993 usu
719 1943 864 1994 venit
889 1949 1098 2001 caeteris
1126 1951 1321 2003 summi
1355 1953 1458 2006 loci
1492 1969 1554 2007 ac
1577 1956 1794 2021 generis
1821 1956 2035 2025 puellis,
2080 1956 2149 2008 ita
2187 1956 2316 2008 mihi
2354 1970 2570 2022 quoque
2598 1955 2648 2006 in
2685 1953 2872 2005 tttnbra
2909 1962 3072 2017 atque
3127 1950 3183 2002 in
3271 1948 3480 2002 deliciis
3519 1948 3679 2002 nutriri

453 2034 703 2100 (τίηυίὲίιν
747 2037 844 2088 S'tb
876 2051 1066 2107 operto
1098 2043 1262 2106 aprici
1339 2046 1487 2100 laris.
1562 2047 1666 2101 Sed
1725 2065 1809 2103 tne
1859 2049 1926 2102 ab
1976 2050 2107 2116 ipsis
2139 2049 2478 2102 incunabulis
2541 2052 2755 2117 (testem
2818 2044 2944 2098 dicti
2989 2044 3222 2111 appello
3279 2041 3447 2093 Deum
3515 2056 3678 2104 meum,

455 2123 729 2192 ipsiusque
764 2127 1010 2197 Matrem)
1058 2132 1290 2198 labores,
1344 2136 1705 2202 incmumoda,
1758 2155 2016 2194 aerumna}
2076 2141 2194 2194 aliae
2261 2156 2326 2194 ex
2389 2140 2508 2194 aliis
2547 2152 2830 2206 excepere,
2866 2138 3056 2203 partim
3089 2139 3429 2190 extrinsecus
3457 2136 3681 2204 appulsze,

455 2223 650 2288 partim
677 2239 739 2276 ex
775 2225 1086 2279 domesticis
1115 2237 1246 2281 ortze
1278 2231 1579 2302 principiis.
1621 2234 1750 2286 bam
1807 2251 2031 2303 corpore
2073 2247 2130 2288 ut
2166 2236 2451 2298 valuerint,
2483 2250 2752 2303 quamque
2785 2235 2967 2288 multis
3003 2249 3066 2286 ac
3088 2233 3340 2299 gravibus
3407 2231 3521 2298 jam
3593 2242 3681 2284 tum

453 2315 692 2366 exercita
724 2317 825 2369 sim
883 2321 1088 2372 morbis
1139 2325 1386 2390 equidem
1447 2327 1556 2394 ipsa
1614 2347 1716 2382 non
1761 2330 2033 2394 referam;
2081 2339 2380 2383 memorent
2444 2344 2536 2382 eos
2568 2341 2620 2382 et
2680 2339 3000 2381 enumerent
3032 2327 3065 2380 ii
3101 2327 3190 2395 qui
3243 2326 3398 2378 nobis
3427 2341 3493 2378 ex
3535 2325 3682 2379 cilicio

457 2403 508 2455 in
539 2408 682 2471 regio
709 2423 961 2476 gynteceo
1013 2413 1412 2470 ministrarunt.
1466 2417 1556 2471 llis
1583 2420 1742 2486 igitur
1781 2421 2020 2482 OilliSSiS,
2067 2436 2133 2474 ne
2157 2433 2380 2474 externa
2409 2421 2628 2490 quidem
2660 2435 2757 2488 ego
2801 2420 2884 2471 illa
2922 2419 3062 2486 potis
3122 2433 3240 2470 sum
3309 2417 3565 2484 exsequi;
3612 2425 3677 2476 vel

457 2508 576 2556 quae
603 2499 825 2553 adversa
858 2500 1145 2554 inciderint
1195 2507 1244 2556 in
1319 2520 1403 2558 me
1473 2510 1706 2560 nomium
1787 2524 1947 2576 supra
2030 2523 2280 2564 octavum
2314 2521 2554 2562 evectam
2593 2512 2767 2563 aetatis
2800 2526 3035 2574 annum;
3078 2509 3158 2562 vel
3209 2523 3346 2578 quos
3379 2523 3443 2562 ac
3494 2519 3689 2574 quantos

458 2585 738 2640 hominum
773 2592 972 2643 tnalilia
1007 2593 1056 2644 in
1089 2610 1172 2649 me
1199 2595 1449 2652 inimicos
1480 2598 1855 2652 concitaverit.
1887 2598 2033 2669 Opus
2069 2601 2134 2653 ad
2173 2601 2223 2653 id
2251 2599 2467 2668 quidem
2507 2597 2668 2652 fuerit
2705 2599 2896 2652 Sirene
2932 2597 3208 2661 Isocratis,
3255 2595 3685 2664 magniloquentia

460 2677 700 2740 Pindari,
751 2690 987 2735 torrente
1012 2683 1319 2740 Poletnonis
1360 2689 1410 2740 in
1461 2690 1686 2740 dicendo
1737 2689 1903 2757 fluxu,
1966 2693 2202 2762 denique
2236 2691 2550 2752 illomerica
2617 2691 2879 2762 munditie
2929 2705 2990 2743 ac
3040 2692 3213 2742 nitore
3285 2688 3552 2751 dictionis,
3618 2705 3692 2748 aut

458 2771 558 2822 alia
600 2771 849 2837 quapiam
903 2777 966 2826 ad
1013 2775 1144 2829 istas
1194 2778 1483 2833 accedente
1536 2780 1812 2838 facultate.
1891 2782 2042 2837 Nulla
2085 2787 2228 2840 enim
2291 2784 2500 2852 species
2568 2783 2837 2844 maliest,
2896 2784 3070 2851 parvi,
3129 2783 3370 2851 majoris,
3423 2784 3689 2853 longincui:

459 2863 753 2930 proprior-is
788 2867 928 2932 quod
968 2883 1050 2920 me
1079 2869 1257 2922 subito
1287 2870 1531 2925 incidens
1559 2890 1660 2926 non
1694 2877 2024 2943 Oppresserit
2066 2877 2360 2944 improviso
2389 2876 2643 2944 pondere.
2678 2879 2752 2928 Ae
2778 2877 3022 2927 videlicet
3050 2875 3348 2936 (fatendum
3412 2891 3494 2931 est
3547 2874 3692 2942 enim)

461 2965 754 3024 tempestas
783 2959 1070 3026 praevalet;
1103 2971 1157 3014 et
1195 2978 1386 3016 navem
1405 2975 1458 3018 et
1501 2976 1672 3019 artem
1737 2967 2088 3038 gubernantis
2130 2969 2236 3022 alte
2270 2969 2448 3022 obruit
2480 2971 2618 3023 unda
2672 2984 3039 3036 exsuperans;
3115 2986 3213 3023 nec
3264 2971 3386 3025 finis
3428 2985 3518 3026 aut
3567 2977 3695 3040 quies

461 3049 589 3104 ulla.
629 3050 767 3104 Idem
824 3068 966 3106 nunc
1031 3071 1246 3122 quoque
1291 3069 1603 3123 perseverat
1638 3061 1728 3126 qni
1780 3071 1890 3112 tum
1949 3058 2050 3113 fuit
2096 3065 2216 3114 vita:
2242 3069 2395 3115 tenor
2454 3069 2508 3115 et
2572 3061 2825 3113 miserim.
2880 3061 3044 3128 Urget
3089 3077 3259 3130 usque
3305 3067 3370 3115 ad
3421 3077 3692 3120 extremum

464 3138 673 3195 fortuna
710 3146 849 3212 quod
883 3145 1044 3210 cmpit
1077 3157 1092 3202 :
1125 3155 1177 3198 ct
1211 3162 1293 3200 nte
1333 3163 1474 3202 nunc
1515 3166 1635 3202 ctnn
1703 3153 1940 3205 maxime
1979 3153 2092 3204 haec
2165 3154 2276 3219 ipsa
2351 3155 2697 3208 meditantem
2777 3154 3148 3208 calamitatum
3231 3171 3381 3224 mare
3453 3159 3693 3225 quoddam

461 3243 770 3286 exaestuans
793 3234 912 3285 aliis
940 3250 1100 3301 super
1124 3235 1257 3290 alios
1284 3237 1758 3294 effervescentibus
1788 3244 2029 3295 incursat
2064 3241 2334 3296 ﬂuctibus.

542 3323 647 3378 Sed
711 3337 950 3380 torrente
1009 3329 1153 3382 velut
1211 3333 1446 3399 quodam
1504 3333 1736 3386 cladium
1801 3349 2039 3387 mearum

2230 3335 2388 3388 ’Λλλά
2409 3337 2516 3405 γὰρ
2538 3336 2728 3389 ἔλαθον
2752 3335 2830 3397 εἰς
2854 3335 2952 3396 τὰς
2968 3337 3212 3405 ἐμαυτῆς
3237 3341 3522 3408 συμφορὰς
3539 3359 3698 3408 παρα-

417 3428 420 3430 ·
466 3415 626 3485 longe
659 3418 933 3484 abreptam
963 3420 1028 3475 dc
1076 3421 1326 3476 instituto
1371 3440 1531 3478 cursu
1582 3427 1849 3481 orationis
1892 3429 2044 3493 quasi

466 3526 661 3565 navent
724 3530 862 3568 nunc
921 3519 1133 3572 demum
1194 3521 1391 3578 sentio.
1446 3519 1561 3574 Non
1627 3521 1822 3576 frustra
1886 3525 1938 3576 id
1991 3524 2044 3576 in

473 3614 705 3657 mentem
764 3609 1010 3673 venerit;
1062 3614 1387 3679 retorquebo
1449 3613 1750 3681 impetum,
1815 3616 2041 3685 dirigam

470 3696 754 3761 remigium
809 3697 860 3751 in
907 3701 1164 3755 adversas
1203 3704 1398 3767 undas,
1434 3705 1727 3774 corripiant
1783 3709 2048 3764 tranando

477 3789 708 3842 medium
759 3794 1013 3860 spatium,
1047 3797 1361 3863 redditaque
1415 3799 1532 3850 loco
1568 3803 1706 3854 unde
1762 3803 1868 3856 huc
1919 3804 2049 3858 sub-

471 3877 656 3945 lapsus
723 3885 840 3936 sine
885 3900 1046 3938 sensu
1103 3887 1274 3954 stylus
1326 3887 1625 3952 efﬂuxerat,
1665 3908 1933 3948 resumam
1992 3895 2044 3949 in

476 3984 664 4024 manus
698 3974 836 4040 quod
867 3985 1098 4030 tractare
1123 3985 1826 4052 argttmentumjcmperatn;
1866 3988 2047 4040 edant-

481 4078 584 4127 que
607 4067 799 4131 quibus
829 4070 1146 4120 auctoribus
1174 4070 1453 4124 didicerim
1481 4089 1599 4141 qure
1647 4076 1771 4129 huic
1801 4075 2047 4132 Historiae

479 4157 744 4210 mandavi.
773 4158 1027 4222 Quaedam
1051 4162 1210 4227 igitur
1237 4177 1444 4231 eorum,
1471 4176 1527 4218 ιιι
1549 4167 1813 4230 dicebant,
1839 4186 1906 4224 ex
1931 4188 2046 4226 mea

475 4244 644 4310 ipsius
705 4248 856 4300 hausi
915 4251 1211 4315 memoria,
1267 4257 1622 4321 praesentibus
1685 4273 1714 4310 a
1779 4275 1882 4320 me
1918 4261 2045 4315 olim

472 4335 633 4405 [⁸47
665 4350 914 4404 usurpata
943 4343 1210 4397 sensibus.
1250 4343 1410 4398 Bellis
1441 4362 1571 4400 vero
1595 4364 1656 4402 ac
1690 4351 1891 4416 prmliis
1923 4354 2045 4422 quia

477 4418 581 4478 non
642 4429 880 4495 interfui,
916 4448 1034 4500 qua:
1088 4450 1183 4502 per
1237 4450 1297 4487 ea
1354 4438 1694 4504 contigerunt
1749 4443 2049 4499 referentes

482 4523 625 4572 varie
669 4522 848 4575 varios
881 4525 1058 4578 audivi
1095 4529 1497 4593 expeditionum
1536 4534 1705 4599 patris
1741 4536 1840 4588 mei
1881 4538 2051 4591 comi-

477 4615 576 4674 tes,
612 4613 1007 4682 participesque
1044 4619 1427 4685 periculorum;
1458 4622 1748 4690 taliumque
1777 4641 1876 4692 ope
1905 4629 2048 4681 velttt

478 4705 828 4768 quornnnlam
859 4709 1178 4774 portitorum
1203 4726 1296 4776 per
1321 4711 1748 4780 interjacentiutn
1780 4733 2044 4788 aquarum

478 4793 650 4858 Spatia
711 4798 1000 4863 reciprocis
1055 4799 1371 4863 trajectibus
1436 4802 1649 4858 litorum
1725 4812 2048 4864 commercia

480 4885 958 4951 committentium,
1004 4889 1176 4944 bellici
1211 4906 1371 4947 casus
1421 4904 1583 4963 atque
1617 4913 1899 4954 successus
1950 4917 2053 4954 cre-

481 4985 702 5046 tcraqne
728 4987 878 5047 gesta
929 4995 1151 5052 peregre
1179 4984 1232 5038 in
1277 5001 1448 5041 meam
1482 4988 1625 5042 domi
1663 4991 1903 5057 degentis
1949 5010 2046 5047 no-

2151 3429 2454 3499 συραμένη.
2501 3427 2612 3480 Νῦν
2645 3425 2736 3480 οὖν
2761 3429 2850 3480 ἐπὶ
2888 3427 3009 3479 νοῦν
3028 3429 3282 3495 ἐλθοῦσα,
3307 3432 3699 3503 ἐπανανήξομαι

2149 3521 2402 3590 καθάπερ
2423 3520 2692 3591 άνάρῤουν
2718 3520 3068 3588 ποιησαμένη
3105 3521 3202 3573 καὶ
3225 3524 3360 3590 πρὸς
3378 3524 3474 3584 τάς
3499 3525 3698 3596 πρώτας

2148 3612 2316 3673 λαϐάς
2337 3613 2716 3679 ἐπανέλθοιμι.
2739 3612 2818 3664 Τά
2846 3611 2943 3680 μὲν
2963 3608 3075 3677 οὖν,
3097 3612 3172 3674 ὡς
3209 3609 3386 3678 εἷπον,
3409 3617 3533 3685 παρ’
3551 3620 3696 3686 ἐμαυ-

2149 3705 2246 3772 τῆς
2278 3703 2405 3774 ἔχω.
2428 3705 2492 3756 τά
2523 3704 2581 3756 δὲ
2621 3704 2715 3754 καὶ
2743 3704 2851 3756 ἀπὸ
2881 3704 2989 3755 τῶν
3025 3705 3583 3775 ξυστρατευσαμένων
3633 3709 3698 3778 τῷ

2148 3796 2516 3865 αὐτοκράτορι
2542 3795 2798 3857 ποικίλως
2820 3795 2950 3864 περὶ
2983 3794 3191 3848 τούτων
3229 3799 3593 3864 μανθάνουσα,
3615 3804 3695 3853 καὶ

2147 3887 2234 3940 διά
2251 3904 2414 3938 τινων
2453 3885 2744 3951 πορθμέων
2777 3885 2856 3945 εἰς
2887 3885 3030 3952 ἡμᾶς
3061 3883 3486 3948 διαϐιϐαζόντων
3510 3893 3572 3940 τά
3601 3893 3697 3949 τοῖς

2150 3980 2408 4048 πολέμοις
2438 3976 2842 4046 ξυμϐεϐηκότα.
2873 3975 3126 4028 Μάλιστα
3177 3975 3234 4027 δὲ
3271 3980 3367 4029 καὶ
3415 3980 3695 4049 αὑτοπροσ·

2149 4073 2314 4132 ώπως
2351 4074 2481 4141 περὶ
2533 4071 2739 4124 τούτων
2769 4071 3144 4140 διηγουμένων
3201 4071 3463 4137 πολλάκις
3518 4076 3698 4145 ἤκουον

2149 4166 2242 4218 τοῦ
2267 4183 2324 4218 τε
2353 4165 2752 4233 αὐτοκράτορος
2783 4165 2876 4216 καὶ
2911 4163 3186 4231 Γεωργίου
3211 4165 3305 4217 τοῦ
3328 4167 3691 4233 Παλαιολὸγου.

2161 4257 2304 4324 Ἐγὼ
2337 4258 2390 4309 δὲ
2411 4258 2504 4308 καὶ
2534 4257 2601 4308 τά
2625 4255 2795 4308 πολλὰ
2817 4255 3022 4308 τούτων
3046 4257 3423 4327 συνελεξάμην
3465 4262 3552 4310 καὶ
3571 4261 3693 4329 κρά-

2148 4369 2304 4403 τιστα
2324 4351 2414 4402 ἐπὶ
2430 4347 2520 4401 τοῦ
2547 4348 2682 4417 μετὰ
2710 4347 2800 4400 τὸν
2819 4347 2947 4415 ἐμὸν
2970 4349 3182 4416 πατέρα
3202 4350 3390 4418 τρίτου
3409 4351 3511 4414 ί55)
3534 4356 3593 4403 τά
3609 4356 3695 4420 τῆς

2152 4444 2433 4513 βασιλείας
2453 4442 2706 4509 σκῆπτρα
2725 4440 3027 4504 διέποντος,
3051 4441 3138 4492 ὅτε
3171 4443 3266 4492 καὶ
3291 4445 3440 4495 πᾶσα
3464 4445 3695 4496 κολακεέι

2150 4537 2247 4590 καὶ
2269 4533 2466 4604 ψεῦδος
2497 4533 2574 4601 τῷ
2598 4533 2806 4599 πάππῳ
2831 4531 2980 4596 αὐτῷ
3000 4532 3410 4602 συναπέρῤευσε
3430 4535 3472 4564 ⁸⁷
3503 4537 3696 4588 πάντων

2149 4628 2244 4680 τὸν
2279 4625 2651 4693 ἐφιστάμενον
2686 4625 2786 4692 μὲν
2819 4622 3012 4693 Θρόνον
3043 4623 3476 4688 κολακευόντων,
3508 4627 3631 4693 πρὸς
3650 4628 3696 4678 δὲ

2151 4718 2244 4770 τὸν
2288 4715 2677 4788 ἁπερρυηκότα
2711 4713 2879 4784 μηδέν
2923 4731 2976 4765 τι
3033 4714 3132 4784 μὲν
3163 4716 3406 4778 θωπείας
3456 4717 3692 4768 ἐνδεικνυ-

2160 4806 2357 4876 μένων.
2425 4805 2608 4872 γυμνά
2651 4801 2708 4854 δὲ
2741 4805 2808 4854 τά
2841 4803 3142 4871 πράγματα
3175 4805 3562 4875 διηγουμένων,
3612 4808 3692 4858 καὶ

2157 4899 2294 4950 αὐτὰ
2319 4897 2586 4963 λεγόντων
2616 4893 2803 4962 ὥσπερ
2837 4893 3155 4962 ἐσχήκασιν.
3182 4895 3322 4962 Ἐγὼ
3356 4900 3453 4966 μὲν
3477 4900 3584 4967 γάρ,
3605 4901 3692 4956 τὰς

2156 4989 2401 5058 ἐμαυτῆς
2433 4986 2720 5056 συμφορὰς
2755 4985 3142 5056 ἀποδυρομένη
3181 4990 3327 5042 κατὰ
3350 4991 3467 5042 τόδε
3521 4988 3689 5058 καιρσῦ

1536 5101 1738 5163 Variae
1773 5103 2080 5167 lectiones
2113 5123 2190 5168 ex
2222 5105 2362 5168 cod.
2405 5101 2674 5166 Coislin.

548 5197 592 5225 λ’
638 5213 730 5248 συε
743 5195 1036 5268 πέῤῥευσε.

1552 5268 1692 5330 Car.
1737 5269 2057 5332 Dufresnii
2086 5275 2178 5335 Du
2213 5274 2429 5350 Cangii
2466 5280 2653 5338 noue.

559 5367 670 5431 (55)
709 5367 934 5432 Τρίτου.
976 5367 1105 5422 Inde
1163 5375 1315 5437 patet
1377 5369 1591 5423 Annam
1655 5370 1719 5422 ad
1781 5369 2046 5426 Manuelis

488 5439 715 5504 August!
753 5445 1018 5504 tetnpora,
1050 5439 1167 5493 viro
1193 5443 1572 5504 superstitem,
1621 5454 1812 5493 exacto
1844 5442 1908 5492 ad
1949 5443 2044 5492 nti~

487 5502 688 5558 nimum
719 5502 900 5579 aetatis
929 5502 1292 5576 sexagesimo,
1327 5513 1492 5563 vitam
1526 5502 1866 5576 produxisse,
1898 5513 2043 5579 quod

487 5578 648 5630 etiam
679 5592 745 5629 ex
782 5576 965 5630 Niceta
997 5581 1288 5634 d"Ct‘llllll':
1320 5583 1535 5647 quando
1557 5596 1685 5632 vero
1717 5598 1744 5631 e
1773 5576 2048 5634 vivts'ex-

489 5649 737 5710 cesserit,
773 5647 1062 5700 incertum.
1102 5649 1251 5701 Illius
1280 5649 1586 5716 sepulcrum
1620 5651 1672 5702 in
1704 5649 2044 5714 Patriatgcltio

489 5729 708 5770 exsmre
734 5716 924 5769 scribit
950 5717 1208 5771 Martinus
1242 5719 1488 5780 Crusius,
1520 5720 1572 5771 in
1605 5719 1727 5773 Not.
1782 5721 1846 5772 ad
1902 5719 2046 5773 Hist.

489 5785 696 5854 politis.
727 5803 744 5840 :
777 5787 964 5852 Anum,
995 5786 1190 5853 inquit,
1223 5788 1521 5854 sepulcrum
1568 5791 1740 5842 adhuc
1791 5803 1962 5848 exstat
1998 5793 2053 5842 in

482 5849 688 5913 ‘,emvlo
717 5849 1117 5910 Patriarc/tattis
1149 5874 1179 5907 ιι
1223 5849 1288 5910 Ι)ζ
1332 5856 1608 5915 (Iertae/tio
1648 5861 1825 5916 usum.
1872 5872 1965 5919 us!
1995 5862 2051 5916 ill

2158 5375 2443 5440 lapideum,
2468 5393 2571 5428 non
2601 5376 2844 5428 insistens
2875 5386 3103 5443 quatuor
3132 5375 3369 5441 casibus,
3405 5393 3490 5429 sea
3519 5385 3694 5441 integro

2156 5448 2332 5504 lapide
2363 5463 2393 5496 (ι
2440 5457 2578 5497 terra
2605 5463 2821 5513 surgens
2864 5447 3027 5497 altius
3075 5462 3230 5510 quam
3289 5464 3486 5506 nterim,
3532 5448 3585 5494 ad
3615 5459 3693 5513 pa-

2157 5516 2334 5567 rietem
2362 5516 2564 5580 templi,
2592 5509 2726 5595 sicut
2753 5517 2978 5595 alicujus
3001 5509 3252 5595 Germani
3287 5516 3529 5595 principis
3543 5509 3691 5595 sepul-

2157 5600 2328 5648 crum,
2368 5586 2590 5638 incisam
2622 5587 2774 5638 habet
2812 5585 3066 5653 aquilam.
3102 5588 3173 5659 At
3207 5587 3348 5659 unde
3383 5584 3690 5659 lubuitGer-

2162 5653 2374 5708 lach'tus
2412 5656 2582 5708 Annae
2611 5666 2806 5709 nostrae
2836 5671 2955 5708 esse
2985 5655 3249 5707 tntnttlutu
3275 5654 3298 5706 ?
3349 5657 3514 5722 potuit
3560 5655 3686 5703 enim

2159 5737 2278 5776 esse
2308 5725 2534 5776 alterius
2563 5723 2733 5776 Anna-2
2761 5743 2774 5790 ;
2804 5740 2926 5778 nam
2979 5725 3081 5782 nisi
3113 5726 3330 5779 aliunde
3384 5731 3590 5785 constet,
3631 5733 3690 5770 ex

2160 5795 2227 5848 iis
2258 5795 2474 5862 probari
2507 5794 2590 5848 vix
2629 5804 2824 5862 potest.
