3900 6586
231 415 348 483 1089
1380 404 1792 465 ALEXIADIS
1830 405 1972 470 LIB.
2022 408 2175 468 XIV.
3297 402 3434 473 1090

221 527 349 596 τρέῖς
397 515 624 589 βασιλεῖς
692 513 994 584 Θρηνοῦσα,
1045 515 1138 568 τὸν
1194 515 1414 584 ’πατέρα
1457 517 1551 570 καὶ
1599 528 1733 570 dato

1865 528 2034 571 ιιιιιιιιι
2068 519 2462 574 commeabant.
2499 519 2729 573 Maxime
2757 528 2962 580 autem,
2997 532 3060 572 ac
3109 533 3203 586 per
3231 534 3290 573 se
3345 534 3437 573 cu-

220 618 438 686 κρὰτορα
470 607 560 660 καὶ
587 607 684 673 τὴν
727 605 866 675 ἐμὴν
932 606 1188 660 δεσπότιν
1250 609 1346 660 καὶ
1413 609 1624 678 μητέρα
1665 612 1759 662 καὶ

1865 623 2003 671 rain),
2033 625 2152 675 qua:
2182 612 2426 664 viderant
2458 620 2866 678 gesserantque,
2918 625 2980 662 ac
3029 625 3256 676 quorum
3313 625 3436 677 pars

221 697 580 777 βασιλίδα,καὶ
622 696 710 748 τὸν
759 697 910 763 ἐμὸν,
958 698 1138 766 οἷμοιι
1186 698 1420 766 σύζυγον
1467 701 1749 769 Καίσαρα,

1865 715 2052 766 magna
2082 700 2315 767 fuerant,
2346 702 2544 770 saepius
2573 701 2750 754 audivi
2785 710 3168 764 memorantes,
3203 701 3436 769 impera-

218 791 504 862 ἑγγωνιάζω
531 786 596 838 τὰ
645 786 834 849 πολλὰ,
869 786 964 839 καὶ
1021 786 1246 856 βιϐλίοις
1287 790 1384 841 καὶ
1430 789 1548 858 Θεῷ
1593 806 1761 858 προσο

1865 801 2030 843 toreui
2067 791 2242 860 ipsum
2274 803 2328 847 et
2355 793 2644 860 Georgium
2677 794 3052 863 Palmologum.
3099 793 3267 846 [’orro
3316 810 3432 861 (ιιιιὲ

219 887 504 951 ανάκειμαι.
527 878 616 930 καὶ
669 877 791 958 οὐδὲ
835 880 947 940 τοῖς
978 879 1371 949 ἀφανεστέροις
1405 879 1621 940 ἐξέσται
1651 879 1760 932 τῶν

1865 883 1982 936 aliis
2006 900 2035 938 e
2064 886 2290 942 testibus
2317 889 2552 956 comperi
2577 903 2760 940 eorum
2794 887 3049 956 pleraque
3080 903 3142 939 ac
3165 888 3430 955 praecipua

218 972 495 1041 ἀνθρώπων
517 966 642 1036 παρ’
673 967 818 1035 ἡμᾶς
849 969 1061 1038 φοιτᾷν,
1093 968 1166 1038 μὴ
1195 970 1280 1021 ὅτι
1316 985 1379 1036 γε
1410 969 1478 1021 δι’
1512 965 1586 1021 ὧν
1619 986 1758 1036 μαν-

1865 990 2088 1044 quicque
2117 976 2308 1044 collegi
2368 979 2662 1046 imperante
2708 979 2799 1032 illo
2853 979 2941 1041 qui
3001 977 3188 1030 tertius
3238 994 3265 1029 a
3317 992 3436 1028 meo

219 1068 377 1120 Θάνειν
401 1062 636 1130 εἴχομεν,
662 1059 808 1127 ᾶπερ
839 1059 972 1127 παρ’
998 1058 1176 1112 ἄλλων
1201 1060 1566 1128 διακηκοότες
1601 1062 1761 1126 ὲτυγ-

1865 1075 2014 1133 patre
2075 1066 2374 1120 Romanam
2439 1085 2549 1121 rem
2609 1069 2928 1136 gubernavit
2974 1083 3128 1134 :quo
3187 1066 3434 1119 videlicet

220 1173 382 1230 χανον,
412 1152 634 1213 καὶτοῖς
683 1149 778 1202 τοῦ
810 1152 1019 1220 πατρὸς
1045 1151 1424 1214 οἰκειοτάτοις.
1462 1151 1558 1214 Εἰς
1599 1169 1759 1222 τρια-

1865 1167 2106 1226 tempore
2148 1160 2326 1212 omnis
2359 1160 2592 1213 adulatio
2631 1169 2684 1212 et
2729 1159 2892 1211 libido
2924 1159 3285 1211 adulterandae
3323 1171 3416 1208 ve-

221 1249 388 1303 κοστδν
405 1247 506 1315 γὰρ
533 1243 689 1297 τοῦτο
710 1243 849 1309 ἔτος,
870 1246 944 1314 μὰ
961 1244 1058 1307 τὰς
1081 1245 1188 1297 τῶν
1214 1245 1648 1312 μακαριωτὰτων
1663 1244 1759 1296 αύ-

1865 1250 2032 1302 ritalis
2058 1249 2111 1301 in
2137 1252 2358 1316 gratiam
2386 1249 2646 1319 principis
2673 1250 2870 1302 dudum
2909 1248 3103 1302 mortui
3135 1248 3291 1316 plane
3313 1247 3425 1314 jam

218 1340 538 1409 τοκρατόρων
588 1336 791 1407 ψυχὰς,
821 1337 922 1390 οὐκ
955 1338 1290 1406 ἐθεασάμην,
1319 1337 1418 1389 οὐκ
1447 1333 1604 1401 εἶδον,
1660 1337 1758 1406 οὐχ

1865 1339 2193 1395 deﬂuxerat:
2222 1342 2547 1408 intentisque
2582 1351 2638 1393 ιιι
2671 1343 2728 1392 fit
2751 1340 2920 1394 oculis
2951 1342 3252 1408 spebusque
3287 1353 3422 1391 cun-

215 1433 487 1501 ὡμιλήκειν
511 1429 784 1500 ἀνθρώπῳ
815 1431 1074 1501 πατρῴῳ,
1110 1433 1268 1484 τοῦτο
1329 1432 1426 1500 μὲν
1461 1431 1568 1482 τῶν
1633 1431 1759 1482 πολ-

1865 1441 2067 1486 ctorum
2117 1433 2169 1486 in
2203 1445 2448 1500 nepotem
2499 1435 2644 1502 regio
2693 1445 2803 1484 tum
2866 1433 3200 1485 insislentem
3253 1431 3431 1494 solio,

215 1524 304 1575 λῶν
353 1522 792 1592 ἁπεῤῥυηκὸτων,
839 1523 997 1576 τοῦτο
1030 1525 1086 1576 δὲ
1153 1523 1262 1576 τῶν
1307 1523 1514 1574 πολλῶν
1564 1526 1759 1590 ἀπειρ-

1865 1523 2040 1576 nullus
2076 1524 2126 1576 in
2167 1524 2325 1577 ullius
2383 1525 2566 1577 animo
2607 1533 2886 1592 Supererat
2927 1534 3099 1576 metus
3130 1530 3219 1574 aut
3251 1538 3433 1590 respe-

216 1613 438 1683 γομένων
488 1613 562 1682 τῷ
593 1614 771 1682 φόὁῳο
823 1616 988 1668 καὶ⁸⁸
1038 1615 1248 1678 τούτοις
1304 1615 1413 1685 γὰρ
1453 1617 1598 1684 ἡμᾶς
1628 1632 1759 1666 κατ-

1865 1623 1983 1668 ctus
2013 1616 2206 1668 anxius
2244 1615 2326 1668 avi
2361 1615 2561 1684 pridem
2590 1615 2868 1678 exstincti,
2900 1615 2994 1668 sed
3030 1612 3170 1666 nuda
3223 1622 3432 1666 tantum

212 1705 442 1757 εδίκασαν
505 1706 554 1756 οι
615 1705 947 1775 κρατοῦντες
992 1708 1104 1768 τοῖς
1192 1708 1562 1775 ἀτοπήμασι,
1623 1707 1757 1777 μηδὲ

1865 1718 1924 1756 ac
1971 1705 2200 1772 simplex
2254 1706 2558 1772 nulliusque
2613 1715 2862 1774 SUSpecta
2925 1704 3032 1756 fuci
3089 1703 3430 1766 recordatio;

214 1791 414 1855 θεατοὺς
441 1787 601 1856 εἶναι,
629 1794 746 1846 ἀλλ’
774 1795 1185 1864 ὲστυγημένους
1230 1798 1342 1856 τοῖς
1378 1795 1647 1850 πλείοσιν.

1865 1798 2208 1864 narratioquc
2240 1813 2305 1850 ex
2340 1813 2400 1851 ea
2432 1796 2602 1851 fluens
2633 1807 2805 1849 auctm
2823 1796 2972 1849 italis
3012 1795 3186 1863 plena,
3245 1811 3327 1847 res
3359 1793 3432 1845 uti

213 1899 262 1938 se
289 1887 568 1941 habuerant
597 1890 766 1956 prisca
803 1891 904 1943 fide
935 1899 1351 1958 repraesentans;
1394 1874 1744 1943 Abundabam
1785 1905 1886 1958 ego
1917 1901 2092 1944 autem
2125 1893 2236 1945 otio
2287 1894 2352 1946 ad
2399 1893 2538 1946 hanc
2610 1893 3086 1958 interrogationem
3159 1890 3430 1942 seniorum

213 1980 418 2034 militum
454 1996 613 2048 quam
661 1984 1030 2038 curiosissime
1107 1984 1480 2038 factitandam.
1547 1983 1814 2049 Quoniam
1849 1986 1902 2036 in
1933 1987 2295 2039 domesticum
2327 2001 2409 2038 me
2443 1987 2924 2040 secessnm‘luctus
2959 1984 3236 2053 multiplex
3278 1985 3435 2037 abdi-

211 2072 338 2125 drrat
391 2073 601 2142 plenam
651 2077 818 2130 cladis
851 2088 906 2132 et
940 2077 1332 2141 calamitatum;
1367 2087 1419 2130 et
1467 2092 1589 2129 cum
1641 2077 1744 2130 alia
1783 2078 1942 2142 mala,
1971 2089 2081 2131 tum
2115 2081 2273 2132 trimn
2307 2079 2464 2148 longe
2487 2079 2890 2134 carissimorum
2951 2078 3184 2145 capitum
3255 2077 3435 2145 jactn-

214 2180 312 2217 iam
345 2166 743 2221 acerbissimam
805 2161 1020 2224 assidua
1090 2169 1473 2222 lamentatione
1533 2179 1983 2238 prosequentem;
2027 2173 2194 2240 patris
2228 2176 2416 2240 nempe
2445 2173 2804 2240 imperatoris,
2837 2171 3024 2224 matris
3058 2185 3272 2238 quoque
3324 2171 3432 2222 Au-

210 2269 378 2328 gusta},
428 2271 699 2328 postremo
749 2261 1075 2327 charissimi,
1126 2265 1225 2317 heu
1273 2264 1438 2316 mihi!
1497 2263 1739 2332 conjugis
1770 2261 2024 2319 Caesaris.
2062 2265 2276 2333 Triplex
2312 2281 2395 2318 me
2423 2266 2511 2319 hic
2545 2265 2716 2318 luctus
2783 2275 2931 2318 arcet
3001 2264 3238 2331 publico,
3283 2263 3437 2314 datu-

211 2359 288 2404 nat
313 2352 557 2414 tenebris.
591 2353 674 2406 sui
707 2354 895 2407 solatia
940 2355 1252 2423 qurererein
1277 2354 1430 2409 libris
1460 2355 1592 2409 etin
1622 2357 2012 2411 consuetudine
2053 2371 2176 2410 cum
2219 2355 2328 2410 Deo
2365 2355 2534 2424 jubet.
2597 2355 2900 2423 Ohsequor,
2946 2355 3108 2416 lateo,
3189 2365 3434 2407 incestam

211 2457 253 2498 ct
283 2446 565 2500 solitariam
602 2450 650 2501 in
679 2449 889 2516 angulis
915 2448 1094 2503 studio
1123 2449 1420 2502 litterarum
1442 2459 1497 2502 et
1529 2449 1802 2517 religionis
1835 2452 1996 2502 vitam
2033 2450 2314 2517 impendo,
2386 2459 2492 2502 tam
2581 2463 2765 2503 severa
2820 2447 3205 2515 colloquiorum
3289 2444 3434 2513 fuga.

211 2547 256 2590 ut
286 2539 473 2591 nemini
504 2539 682 2605 plane,
709 2556 773 2594 ne
791 2542 1034 2595 obscurae
1055 2542 1265 2608 quidem
1298 2540 1478 2602 sortis,
1506 2555 1568 2593 ac
1597 2551 1754 2595 sectae
1797 2541 2030 2594 latebras
2059 2540 2332 2610 professae,
2362 2542 2661 2609 ingressum
2695 2541 2762 2593 ad
2797 2555 2879 2593 me
2940 2539 3142 2592 homini
3214 2540 3436 2606 permit-

211 2638 302 2681 tam
323 2647 336 2682 ε
360 2631 455 2684 ηἰκί
483 2631 528 2686 si
560 2635 651 2700 qui
679 2642 801 2685 sunt
825 2649 856 2686 a
885 2632 1077 2699 quibus
1099 2647 1184 2686 me
1208 2646 1420 2700 sperem
1441 2631 1627 2685 audire
1649 2647 1858 2699 possem
1899 2632 2100 2699 aliquid
2120 2633 2183 2684 de
2213 2632 2373 2684 rebus
2404 2646 2536 2698 quas
2566 2630 2796 2684 nit-ditur
2827 2630 2997 2683 Alexii
3028 2628 3269 2698 Augusti,
3295 2637 3435 2694 quod

208 2721 264 2770 ab
288 2719 484 2774 idoneis
538 2722 640 2788 ipsi
683 2723 990 2777 auctoribus
1033 2722 1365 2789 acceperint.
1415 2720 1492 2774 Ac
1545 2736 1611 2773 ne
1677 2722 1761 2774 cui
1808 2737 1973 2790 genus
2035 2721 2221 2772 hormn
2249 2721 2490 2788 ,‘testium
2526 2728 2831 2788 suspectum
2886 2722 3020 2773 forte
3097 2721 3200 2780 sit,
3252 2726 3438 2770 sancte

209 2815 439 2876 proliteor
476 2833 489 2868 :
525 2817 729 2869 nullum
761 2834 787 2869 a
827 2833 911 2871 tne
942 2818 1234 2871 admissum
1271 2816 1411 2869 inter
1438 2814 1558 2868 illos
1611 2828 1640 2868 c
1696 2829 1921 2866 numero
1965 2813 2383 2867 domesticorum
2447 2813 2790 2876 famulorum,
2843 2811 3099 2866 clientum
3169 2820 3262 2862 aut
3329 2809 3437 2862 alio

203 2911 401 2959 nomine
445 2908 823 2982 studiowrum
873 2910 1042 2978 patris
1089 2910 1214 2963 mei.
1264 2907 1394 2962 Juro
1451 2907 1594 2961 enim
1655 2921 1749 2973 per
1788 2907 2220 2959 beatissimorum
2253 2908 2632 2974 imperatorum
2667 2904 2873 2956 animas
2907 2903 3173 2957 neminem
3248 2920 3274 2956 a
3352 2918 3438 2956 mo

207 3008 352 3046 unum
391 2997 504 3064 ejus
548 3000 766 3067 generis
816 3001 939 3052 totis
1005 3000 1153 3053 hisce
1221 2997 1330 3065 jam
1387 2998 1542 3050 annis
1592 2995 1804 3063 triginta
1849 2997 2042 3058 visum,
2071 3006 2454 3065 conspectum,
2489 2996 2555 3049 ad
2589 2995 2915 3064 colloquium
2979 2994 3319 3048 adhibitum:
3356 2997 3437 3049 νει

203 3091 325 3154 quod
359 3088 599 3158 plerique
653 3091 842 3144 horum
899 3101 1091 3153 morte,
1144 3091 1591 3158 peregrinatione,
1647 3096 1740 3140 aut
1791 3087 1949 3141 simili
1982 3103 2110 3141 casu
2140 3087 2389 3156 quopiam
2456 3089 2616 3140 varia:
2664 3086 2893 3142 fortuna:
2925 3071 3122 3155 "longe
3178 3086 3301 3140 hinc
3352 3081 3438 3137 di-

207 3178 322 3246 lapsi
348 3183 623 3250 abreptive
657 3197 820 3249 sunt;
849 3183 928 3236 vel
957 3183 1096 3251 quod
1161 3198 1346 3235 eorum
1418 3181 1615 3235 multos
1659 3196 1688 3233 a
1736 3195 1820 3232 tne
1859 3179 2102 3234 adeunda
2143 3179 2196 3232 in
2223 3180 2476 3234 deteriori
2516 3194 2632 3232 mea
2661 3189 2807 3232 sorte
2863 3186 3035 3231 metus
3075 3179 3290 3247 quidam
3341 3179 3438 3231 de-

204 3279 387 3324 terreat
417 3287 434 3324 :
463 3274 608 3339 quod
636 3273 826 3340 qui,nt
851 3274 1142 3326 suntvices
1175 3289 1349 3325 rerum
1383 3273 1746 3326 lnnnanarum
1817 3271 1992 3334 nobis,
2037 3271 2195 3324 hodie
2227 3271 2492 3326 submotis
2531 3269 2818 3337 plurinmm
2891 3283 3131 3337 possunt,
3171 3284 3276 3323 tam
3343 3274 3440 3327 ab-

203 3363 362 3419 surdis
396 3363 736 3430 nosjudiciis
765 3373 1019 3418 notarunt
1044 3403 1058 3429 ,
1087 3375 1144 3417 ut
1175 3367 1332 3432 pauci
1365 3364 1620 3420 visendos
1663 3373 1756 3417 aut
1794 3364 2035 3434 alloquio
2090 3365 2425 3432 dignandos;
2494 3363 2736 3434 plerique
2816 3363 3045 3432 publicis
3110 3368 3438 3420 aversandos

200 3462 322 3516 odiis
350 3461 684 3516 existiment.

266 3560 327 3610 Ἀ
356 3557 410 3610 δὲ
438 3556 776 3624 συνειλόχειν
805 3554 905 3622 τῆς
947 3553 1215 3624 ἱστορίας,
1241 3553 1374 3606 ἴστω
1402 3551 1555 3616 Θεὸς,
1616 3553 1751 3605 ῐστω
1786 3557 1828 3612 Β

205 3651 624 3720 ἡὺπερκόσμιος
656 3650 854 3718 Μήτηρ
903 3646 1069 3700 αὑτοῦ
1121 3648 1276 3716 καὶὴ
1325 3647 1434 3717 ἐμὴ
1493 3647 1758 3708 Δεσπότις

201 3743 294 3795 ἀπό
322 3760 480 3795 τινων
507 3740 884 3807 συνελεξάμην
918 3739 1368 3808 ξυγγραμμάτων
1399 3737 1635 3808 ἀχρείων
1664 3737 1758 3788 καὶ

200 3835 466 3887 ἁσπουδῶν
486 3835 826 3893 παντάπασι,
855 3832 950 3884 καὶ
972 3831 1242 3899 γερόντων
1265 3829 1568 3899 ἀνθρώπιον
1593 3845 1759 3896 στρα-

199 3927 539 3994 τευσαμένων
595 3927 718 3978 κατ’
774 3925 950 3976 ὲκείνο
1012 3921 1233 3990 καιροῦ,
1287 3921 1410 3974 καθ’
1463 3921 1523 3975 ὃν
1589 3921 1758 3990 οὑμὸς

201 4017 366 4087 πατὴρ
413 4036 520 4071 των
578 4018 877 4087 σκήπτρων
913 4013 1204 4083 Ῥωμαίων
1236 4014 1556 4084 ἐπείληπτο,
1619 4030 1757 4082 χρη-

201 4111 437 4178 σαμένων
491 4110 550 4163 δὲ
600 4108 908 4176 συμφοραῖς
969 4107 1066 4158 καὶ
1131 4105 1758 4174 μετασχηματισθέντων

198 4200 295 4250 ἀπὸ
315 4200 411 4267 τῆς
448 4199 723 4268 κοσμικῆς
741 4196 946 4266 τύρϐης
974 4197 1084 4263 (54)
1128 4197 1207 4257 είς
1244 4194 1341 4262 τὴν
1369 4196 1478 4248 τῶν
1509 4194 1757 4263 μοναχῶν

198 4291 508 4360 γαληνιαίαν
569 4291 928 4344 κατάστασιν.
953 4288 1033 4340 Τὰ
1101 4287 1209 4357 γὰρ
1231 4290 1310 4349 είς
1359 4289 1551 4356 χεῖρας
1615 4285 1755 4354 ἐμὰς

201 4381 500 4449 ἐμπεσόντα
542 4382 958 4449 συγγράμματα
1016 4379 1165 4431 ἁπλᾶ
1193 4378 1292 4448 μὲν
1323 4373 1464 4448 ἦσαν
1494 4377 1590 4446 τὴν
1615 4377 1758 4446 φρά-

199 4489 274 4524 σιν
300 4477 393 4526 καὶ
443 4474 756 4543 ἁπερίεργα
803 4472 898 4525 καὶ
947 4473 1047 4540 τῆς
1098 4470 1354 4540 ἀληθείας
1390 4469 1623 4538 ἐχόμενα
1662 4469 1756 4520 καὶ

196 4564 332 4617 οὐδὲν
356 4584 408 4618 τι
433 4565 648 4636 κομψὸν
681 4564 1114 4632 ὲπιδεδειγμένα,
1145 4563 1266 4616 οὐδὲ
1291 4562 1577 4634 ῥητορικὸν
1595 4561 1756 4628 ὄγκον

195 4656 583 4726 ὲπισυρὸμενα,
615 4657 682 4708 τὰ
747 4657 803 4708 δὲ
845 4655 998 4724 παρὰ
1032 4655 1142 4707 τῶν
1188 4655 1528 4724 γεραιτέρων
1576 4653 1758 4722 ἐκδιη-

196 4752 465 4821 γούμεναο
529 4753 630 4822 τῆς
691 4751 860 4820 αὐτῆς
915 4746 1056 4821 ἦσαν
1121 4751 1214 4803 καὶ
1270 4748 1471 4813 λέξεως
1525 4749 1616 4801 καὶ
1639 4748 1757 4801 δια-

197 4846 333 4907 νοίας
366 4846 480 4897 τῶν
519 4842 970 4912 συγγραμμάτων
1008 4841 1264 4908 ἂχόμενα,
1323 4844 1417 4892 καὶ
1448 4840 1759 4909 ὲτεκμηρά-

198 4953 294 5005 μην
319 4938 376 5001 ἐξ
409 4936 592 4988 αὐτῶν
629 4919 726 5003 τῆν
754 4934 854 5000 τῆς
897 4932 1137 5000 ἱστορίας
1169 4931 1450 5000 ἀλήθειαν,
1510 4931 1756 5000 συμϐάλ-

193 5025 348 5078 λουσα
395 5025 495 5078 καὶ
543 5023 991 5088 παρεξετάζουσα
1034 5021 1102 5072 τὰ
1143 5019 1275 5090 παρ’
1311 5019 1557 5089 ἐμαυτῆς
1619 5022 1758 5072 ἱστο-

194 5117 419 5187 ρούμενα
452 5118 590 5187 πρὸς
607 5117 677 5168 τὰ
710 5116 838 5186 παρ’
869 5115 1092 5166 ἐκείνων
1123 5112 1388 5180 λεγόμενα
1428 5112 1522 5164 καὶ
1545 5112 1610 5164 τὰ
1629 5113 1758 5180 παρ’

192 5209 406 5262 ἐκείνων
440 5210 580 5279 πρὸς
612 5207 680 5260 τὰ
707 5205 833 5274 παρ’
856 5204 1118 5272 ἐμαυτῆς,
1145 5201 1288 5270 ἅπερ
1329 5202 1466 5268 αὑτὴ
1501 5199 1560 5264 ἐξ
1591 5199 1756 5252 αὐτοῦ

193 5319 245 5353 τε
291 5303 497 5372 τούμού
553 5302 754 5372 πατρὸς
791 5297 1013 5352 καὶτῶν
1046 5297 1176 5366 πρὸς
1209 5293 1415 5364 πατρὸς
1441 5293 1534 5344 καὶ
1553 5292 1757 5362 μητρὸς

1927 3550 2202 3604 Hactenus
2239 3547 2306 3601 de
2335 3547 2548 3601 illorum
2586 3546 2688 3598 [ide
2714 3560 2940 3613 quorum
2977 3545 3175 3600 auditis
3204 3561 3306 3615 ego
3353 3562 3440 3602 re-

1862 3641 2153 3694 lationibus
2177 3640 2241 3691 ad
2286 3639 2445 3707 hujus
2493 3639 2936 3706 compositionem
2989 3636 3237 3692 Historia:
3303 3655 3435 3707 pro-

1862 3732 1986 3788 feci.
2012 3734 2145 3798 Quia
2173 3747 2299 3785 vero
2323 3731 2578 3784 nonnulla
2615 3731 2775 3783 etiam
2801 3731 2866 3782 de
2892 3739 3209 3798 argumento
3239 3737 3428 3786 eodem

1860 3826 2058 3889 scripta
2096 3834 2440 3878 monumenta
2483 3824 2534 3876 in
2587 3837 2733 3876 meas
2790 3837 2978 3874 manus
3025 3832 3428 3889 pervenerunt,

1860 3915 2056 3983 quibus
2091 3930 2174 3966 me
2205 3914 2443 3982 adjntam
2475 3913 2524 3964 in
2559 3913 2661 3965 hoc
2687 3926 2849 3980 opere
2875 3908 3069 3974 fateor,
3098 3926 3438 3980 quortltnth.

1862 4006 1982 4059 ideo
2021 4016 2278 4072 prteSIare
2316 4004 2470 4056 (idem
2507 4018 2681 4056 meum
2732 4013 2848 4064 est,
2884 4003 3047 4055 Deum
3087 4012 3256 4054 testor
3303 4017 3437 4056 con-

1859 4099 2053 4156 scium;
2084 4107 2252 4151 testor
2283 4099 2410 4150 item
2447 4097 2644 4148 mundo
2668 4095 3006 4164 superiorem
3055 4093 3146 4145 Dei
3195 4093 3432 4159 ejusdem

1861 4190 2082 4244 Matrem
2113 4205 2176 4243 ac
2209 4205 2380 4242 meam
2411 4187 2712 4249 Dominam,
2741 4187 2905 4240 fuisse
2930 4186 3053 4238 illos
3087 4184 3435 4256 Commenta-

1863 4284 1973 4335 rios
1997 4282 2210 4350 cgregie
2245 4281 2530 4346 insignitos
2582 4280 2722 4332 notis
2766 4279 3021 4332 omnibus
3052 4277 3226 4348 448
3254 4279 3436 4330 incor-

1862 4382 2033 4438 ruptae
2063 4371 2306 4422 veritatis
2328 4369 2555 4438 :quippe
2583 4367 2854 4433 incompta
2877 4368 3227 4434 simplicitate
3253 4369 3434 4428 rudes,

1861 4459 2330 4526 SUspicionemqne
2379 4459 2514 4510 artis
2559 4473 2622 4509 ac.
2675 4456 2778 4510 fuci
2828 4459 2934 4508 situ
2972 4463 3201 4523 quodam
3258 4459 3437 4525 prisco

1861 4549 2176 4604 refutantes.
2209 4548 2436 4602 Prorsus
2467 4547 2725 4614 ejusmodi
2745 4549 2832 4614 qui
2857 4557 3045 4600 exacte
3073 4559 3432 4615 congruerent

1861 4642 2102 4694 moribus
2143 4652 2448 4704 auctorum,
2482 4656 2512 4694 a
2544 4641 2936 4694 consuetudine
2967 4639 3221 4692 adulandi
3253 4648 3305 4691 et
3334 4655 3436 4690 usu

1859 4742 2114 4799 sectaque
2153 4731 2466 4786 ambitionis
2497 4732 2689 4784 aulica:
2734 4730 3138 4784 remotissimis.
3183 4727 3436 4796 Scripse-

1865 4831 1984 4877 rant
2020 4839 2115 4878 eos
2144 4823 2393 4878 videlicet
2423 4823 2524 4876 viri
2577 4834 2701 4876 natu
2735 4824 2988 4890 grandes,
3027 4829 3184 4873 aetate
3216 4834 3279 4872 ac
3310 4820 3440 4873 reli-

1790 4893 1832 4949 c
1865 4915 2024 4981 gione
2053 4916 2270 4980 maturi,
2298 4914 2388 4982 qui
2421 4914 2591 4982 patris
2617 4913 2745 4967 olim
2784 4912 2885 4966 mei
2918 4911 3091 4964 secuti
3149 4910 3396 4962 militiam
3425 4951 3440 4973 ,

1867 5007 2058 5060 deinde
2090 5008 2159 5061 ob
2189 5022 2347 5060 casus
2377 5007 2631 5059 adversos
2661 5007 2782 5058 vitae
2813 5003 3049 5072 pertmsi,
3085 5000 3136 5054 in
3173 5001 3440 5052 monasti-

1867 5111 1944 5150 cae
1976 5100 2172 5166 quietis
2203 5107 2412 5166 portum
2444 5111 2474 5149 e
2501 5095 2680 5150 saeculi
2719 5095 2968 5148 ﬂuctibus
2998 5107 3057 5146 se
3102 5100 3437 5158 receperant.

1867 5185 2034 5254 Cujus
2061 5190 2199 5241 sacri
2229 5189 2323 5240 otii
2355 5202 2474 5240 cum
2526 5196 2732 5255 partem
2773 5185 3142 5238 decrevissent
3185 5182 3432 5235 conferre

1874 5276 2106 5346 aliquam
2140 5281 2203 5330 ad
2233 5277 2536 5331 mandanda
2565 5291 2626 5332 ea
2655 5277 2846 5331 litteris
2876 5291 2994 5344 qua:
3019 5272 3281 5329 memoria
3311 5287 3437 5342 slig-

1209 5387 1404 5446 Variie
1431 5384 1737 5446 lectiones
1787 5405 1865 5450 ex
1895 5393 2035 5454 cod.
2066 5391 2334 5452 Coislin.

254 5501 296 5530 "
321 5500 476 5570 φόϐῳ
499 5499 586 5552 διὰ
615 5497 714 5570 τὴν
759 5497 866 5550 τῶν
899 5495 1240 5567 πραγμάτων
1270 5491 1591 5563 παλίρροιαν
1627 5506 1641 5520 ο
1681 5491 1795 5546 καί.

1254 5609 1389 5668 Car.
1422 5606 1748 5668 Dufresnii
1786 5607 1878 5665 Du
1911 5603 2130 5681 Cangii
2180 5609 2367 5663 nota).

257 5737 366 5803 (5-5)
399 5736 713 5806 Κοσμικῆς
746 5735 987 5806 τύρϐηςἐ
1029 5731 1315 5806 Srccularis
1343 5731 1742 5806 turb:e.__Lexi-

190 5802 487 5862 θυμοί-ως.
521 5802 620 5861 uis.
665 5823 730 5861 ex
785 5805 912 5860 bibl.
956 5802 1118 5871 Reg..
1177 5803 1298 5860 cod.
1359 5803 1500 5857 950:
1539 5803 1750 5871 Τύρὸη,

1853 5729 2184 5790 ἀπόλαυσις.
2206 5730 2239 5798 ἢ
2272 5727 2525 5798 Θόρνϐος.
2556 5728 2809 5798 τάραξις.
2838 5729 3139 5798 Hesychius
3165 5746 3180 5781 :
3218 5726 3434 5793 ’Υανία,

1861 5799 2061 5871 τύρϐη,
2099 5802 2270 5869 μάχη,
2305 5798 2487 5869 ὕϐρις,
2521 5801 2826 5870 ἀγερωχία.
