3900 6598
182 471 322 539 1097

1415 470 1826 534 ALEXIADIS
1856 474 2002 532 ΜΒ.
2045 472 2200 535 XIV.

3301 469 3433 534 1098

180 585 376 655 ἀρχῶν
436 585 899 654 ἐπισκεψάμενον.
944 585 1006 637 Ei
1053 587 1159 641 xei.
1196 586 1227 654 ἡ
1280 587 1550 657 μοναρχία
1592 586 1764 653 τούτῳ

1876 584 2099 653 falsique
2134 564 2290 654 plane
2314 599 2376 640 ac
2407 586 2584 641 delirii
2626 587 3064 643 convincentium
3101 587 3434 657 scriptorum

176 679 261 739 εἰς
300 680 404 748 τὴν
446 677 798 747 Πλατωνικὴν
841 678 1062 747 ἑνάδαῆ
1100 680 1192 729 καὶ
1250 676 1308 728 τὺ
1343 676 1400 728 ἓν
1443 676 1572 739 τοὺς
1623 678 1756 730 ἀνα·-

175 767 557 835 γινώσκοντας
592 768 894 834 ἀναγκάζει
942 768 1232 837 συνάγειν·
1294 769 1455 839 ἡμεῖς
1500 766 1605 835 γὰρ
1659 784 1756 836 μο-

173 859 420 927 ναρχίαν
471 862 757 929 τιμῶμεν
794 861 915 929 οὐχὶ
957 858 1019 913 ἒν
1053 860 1361 929 πρόσωπον
1398 859 1756 928 περιγράφει.

172 951 323 1003 Οὐδὲ
355 952 418 1004 τὸ
453 952 512 1004 ἓν
562 953 625 1004 τὸ
672 951 959 1013 Πλάτωνος
1004 950 1051 982 ⁸⁵
1102 948 1524 1020 προσηκάμεθα.
1566 948 1608 999 Τ
1612 947 1760 1000 omni

168 1046 237 1096 τὸ
288 1044 426 1114 παρ’
482 1045 740 1113 Ἕλλησιν
790 1045 1070 1116 ἄρρητον,
1123 1045 1217 1097 καλ⁵
1274 1042 1402 1111 περὶ
1461 1040 1760 1103 Χαλδαίους

172 1136 504 1207 ἀπόρρητον
529 1153 544 1168 ο
582 1137 853 1206 ὲξαρτῶσι
892 1137 1002 1207 γὰρ
1026 1133 1190 1188 αὐτοῦ
1223 1132 1423 1195 πολλὰς
1459 1132 1552 1185 καὶ
1590 1131 1758 1195 ἄλλας

1871 677 2041 731 aliluit
2067 678 2219 746 copia
2247 692 2263 744 ;
2288 677 2487 748 quippe
2515 693 2637 733 cum
2673 695 2777 734 non
2805 695 2923 734 eam
2957 680 3131 735 solum
3158 679 3441 751 religionis

1871 768 2107 823 cultores
2134 778 2329 823 nostra:
2364 771 2465 824 viri
2505 771 2804 826 doctissimi
2841 770 3153 827 victricibus
3193 774 3441 842 disputa-

1871 859 2108 914 tionibus
2142 860 2561 929 proscripserint
2594 863 2733 916 :sed
2766 863 2926 915 homo
2954 876 3169 931 quoque
3204 864 3354 919 rabie
3384 863 3439 918 in

1873 965 1971 1003 nos
2039 949 2325 1005 instinctus
2382 950 2705 1020 implacabili
2774 951 3149 1023 Porphyrius,
3207 954 3325 1024 ejus
3392 957 3443 1009 in

1871 1040 2144 1109 plerisque
2215 1041 2484 1109 capitibus
2563 1042 2953 1096 ahsurditatem
3031 1044 3441 1098 insanissimatn

1869 1133 2200 1201 coarguerit,
2260 1135 2387 1185 dum
2444 1134 2834 1203 principiorum
2882 1136 3194 1191 dualitatem
3225 1137 3443 1191 invictis

172 1225 365 1295 ἀρχάς
395 1228 703 1295 ἐγκοσμίως
731 1245 790 1281 τε
819 1227 914 1281 καὶ
945 1224 1352 1295 ύπερκοσμίως.

1876 1224 2028 1290 plane
2061 1225 2389 1291 argumentis
2421 1224 2699 1280 confutat:
2738 1227 2878 1281 ultra
2909 1244 3069 1299 gyros
3095 1230 3184 1283 ille
3221 1229 3438 1299 quidem

176 1316 235 1366 iu
286 1317 393 1369 hoc
430 1317 547 1384 ipso
582 1326 826 1380 evectus,
855 1317 1000 1386 quod
1031 1316 1101 1370 ita
1133 1331 1200 1369 ex
1273 1314 1559 1368 Platonica:
1630 1312 1831 1368 scholae
1872 1315 2084 1381 placitis
2126 1324 2331 1368 natura:
2362 1316 2559 1370 divinae
2601 1318 2859 1373 unita'em
2902 1321 3115 1381 astruit.
3158 1331 3215 1375 ut
3251 1335 3443 1390 perso-

174 1422 385 1462 narum
426 1409 679 1465 Trinitati
711 1412 911 1464 nullum
946 1410 1212 1479 relinquat
1243 1409 1417 1463 locum
1452 1423 1466 1461 :
1504 1423 1627 1462 cum
1667 1421 1765 1461 nos
1804 1407 2199 1461 contendamus
2222 1407 2344 1462 istis
2375 1407 2673 1463 rationibus
2706 1426 2838 1464 sane
2860 1411 3052 1465 validis
3113 1411 3246 1466 eﬂici
3308 1393 3444 1465 nihil

181 1500 343 1555 aliud
424 1518 591 1570 quam
662 1504 969 1560 necessario
1032 1503 1421 1557 admittendam
1502 1501 1714 1554 unicam
1753 1508 1998 1552 naturam
2065 1500 2181 1555 sive
2229 1502 2519 1556 essentiam
2589 1502 2932 1572 principem;
2983 1504 3204 1559 miu‘me
3263 1513 3443 1558 tamen

174 1599 453 1654 continuo
503 1614 748 1669 personae
781 1600 943 1655 unius
981 1600 1138 1669 quasi
1210 1599 1414 1653 ambitu
1490 1586 2062 1651 circumsrrihendam.
2154 1596 2259 1651 Sed
2310 1607 2363 1651 ct
2412 1598 2515 1651 alia
2588 1599 2781 1667 dogma
2830 1599 2970 1653 istud
3014 1600 3079 1652 de
3132 1600 3444 1654 monarchia

176 1691 568 1757 Platonicum,
661 1694 877 1748 arcanis
941 1694 1250 1748 Graecorum
1308 1702 1363 1745 et
1420 1690 1795 1745 Chaldaeorum
1834 1689 2032 1743 litteris
2091 1705 2154 1743 ac
2208 1690 2482 1760 myueriis
2562 1692 2841 1756 traditum,
2900 1708 3144 1746 errorum
3195 1693 3446 1746 admiStio

173 1782 438 1840 infamat.
479 1784 713 1840 Eatenus
752 1786 1000 1843 videlicet
1046 1796 1251 1841 rectum
1284 1786 1334 1839 id
1385 1785 2061 1856 estdttntaxatnuateuus
2128 1785 2391 1837 unitatem
2447 1784 2695 1852 principii
2753 1787 2991 1855 supremi
3045 1787 3202 1841 fateri
3277 1788 3443 1857 cogit.

174 1876 248 1929 At
283 1893 409 1945 qua:
432 1878 630 1933 deinde
658 1896 721 1932 ex
751 1880 924 1947 primo
949 1880 1102 1947 quasi
1146 1893 1399 1947 expansa:
1474 1878 1843 1947 producuntur
1889 1876 2143 1931 fabulosm
2173 1878 2341 1930 series
2371 1878 2596 1930 aliorum
2627 1892 2691 1931 ex
2736 1878 2858 1932 aliis
2888 1889 3158 1947 aptorum,
3191 1895 3255 1935 ιχ
3283 1895 3447 1949 seque

171 1968 420 2025 invicem
457 1971 803 2037 pendentium
848 1972 1232 2040 principiorum
1259 2011 1273 2032 ,
1313 1971 1453 2024 intra
1495 1968 1753 2023 mundum
1794 1977 1848 2021 et
1876 1982 2039 2036 supra
2089 1968 2343 2020 mundum
2390 1967 2630 2022 infinitos
2668 1977 2855 2021 mutuo
2918 1969 3182 2039 implexos
3254 1986 3447 2028 causa-

170 2082 305 2119 rum
370 2065 587 2117 ordines
640 2064 1066 2125 contexeutium,
1131 2061 1266 2115 nihil
1318 2062 1461 2116 aliud
1511 2060 1754 2130 profecto
1793 2075 1953 2128 quam
1983 2074 2138 2128 nug:e
2162 2068 2308 2115 Sttnl.

264 2156 436 2211 Ἀλλὰ
468 2155 688 2218 τούτους
711 2154 773 2223 δὴ
801 2155 926 2218 τοὺς
965 2155 1070 2206 ἀπὸ
1100 2154 1398 2218 Μάνεντος,
1424 2154 1519 2207 καὶ
1554 2153 1763 2206 Παύλου

1943 2152 2141 2215 Verum
2188 2154 2254 2205 ad
2306 2150 2648 2206 Paulicianos
2676 2132 3019 2205 ‘venieudum
3076 2162 3183 2209 est.
3217 2153 3281 2210 Ili
3318 2168 3447 2227 ergo

170 2249 277 2302 καὶ
348 2245 625 2308 Ἰωάννου,
674 2244 783 2296 τῶν
850 2245 952 2313 τῆς
1003 2243 1332 2314 Καλλινίκης
1393 2242 1766 2313 ἀγριωτέρους

168 2337 345 2398 ὄντας
389 2337 488 2397 τὰς
538 2334 763 2404 γνώμας
804 2335 897 2386 καὶ
929 2334 1113 2403 ὠμοὺς
1157 2334 1253 2387 καὶ
1308 2334 1501 2404 μέχρις
1533 2333 1767 2402 αἵματος

169 2426 710 2490 διακινδυνεύοντας,
734 2427 761 2478 ὁ
797 2428 851 2477 ἐν
881 2424 1192 2495 βασιλεῦσιν
1225 2427 1433 2487 ἐκεῖνος
1461 2424 1768 2492 θαυμάσιος

181 2518 521 2590 Ἰωάννηςὸ
552 2517 870 2587 Τζυμισκῆς
904 2517 1014 2587 (60)
1049 2516 1272 2586 πολέμῳ
1321 2516 1555 2587 νικήσας
1598 2513 1760 2578 ἐξαν-

169 2610 659 2683 δραποδισάμενος
713 2611 776 2661 ὲκ
827 2611 923 2680 τῆς
980 2609 1188 2675 Ἄσίας,
1232 2607 1443 2663 ἐκεῖθεν
1500 2606 1609 2661 άπὸ
1655 2605 1767 2658 τῶν

168 2706 460 2761 Χαλύϐων
519 2707 614 2761 καὶ
661 2708 767 2760 τῶν
836 2703 1215 2774 Ἀρμενιακῶν
1273 2702 1476 2765 τόπων,
1538 2704 1621 2762 εἰς
1668 2698 1766 2768 τὴν

166 2800 415 2870 Θρᾴκην
448 2801 892 2869 μετήνεγκε,καὶ
926 2802 994 2851 τὰ
1025 2799 1155 2867 περὶ
1184 2796 1282 2866 τὴν
1321 2792 1760 2846 Φιλιππούπολιν

167 2890 509 2956 αὐλίζεσθαι
542 2892 993 2960 κατηνάγκασεν·
1030 2886 1148 2958 ἅμα
1198 2886 1296 2955 μὲν
1346 2884 1456 2937 τῶν
1490 2886 1766 2954 ὲκρυμνο-

164 2984 367 3038 τάτων
398 2985 447 3016 ’³
476 2982 657 3035 πυλῶν
716 2985 810 3036 καὶ
868 2980 1146 3051 φρουρίων
1174 2978 1210 3033 ἂ
1252 2980 1504 3047 κατεῖχον
1562 2994 1766 3047 τυραν-

166 3078 413 3140 νιῶντες
447 3062 779 3145 ἀπαγαγεῖν,
813 3076 930 3145 ἅμα
966 3074 1024 3127 δὲ
1056 3074 1150 3126 καὶ
1176 3073 1425 3140 φύλακας
1459 3071 1764 3139 ἐπιστήσας

165 3170 635 3240 ἁσφαλεστάτους
670 3167 774 3220 τῶν
809 3167 1093 3219 Σκυθικῶν
1130 3165 1354 3218 ἐκείνων
1400 3161 1761 3231 διεκδρομῶν,

166 3264 244 3328 ἃς
296 3263 621 3333 ὑποσύχνως
672 3262 776 3313 ὑπὸ
826 3260 1129 3332 Βαρϐάρων
1185 3261 1318 3313 τάπὶ
1362 3260 1584 3331 Θρᾴκης
1638 3259 1767 3309 ἑπε-

170 3356 376 3409 πόαιθει
437 3354 644 3425 χωρίαο
690 3352 1119 3424 ὑπερϐαίνοντες
1146 3354 1256 3421 γάρ
1302 3351 1371 3403 τά
1421 3350 1605 3419 τέμπη
1670 3347 1765 3401 τοῦ

165 3443 363 3512 Αἵμου
400 3445 497 3508 τάς
546 3443 651 3496 ὑπὸ
676 3442 884 3495 τούτων
916 3442 962 3473 ’⁸
1001 3440 1260 3503 πεδιάδας
1300 3439 1652 3509 κατέτρεχον.
1701 3437 1763 3491 ὐ

166 3541 217 3593 δ’
248 3532 438 3608 Δῖμος
477 3532 627 3602 οὗτος
661 3538 785 3609 ὅρος
827 3536 943 3589 ἐστὶ
994 3536 1340 3608 μακρότατον
1391 3532 1535 3587 κατὰ
1587 3549 1765 3601 γραμο
1795 3512 1838 3574 C

177 3633 301 3704 μὴν
365 3628 714 3700 παράλληλον
735 3632 802 3701 τῇ
869 3629 1098 3698 Ῥοδόπῃ
1161 3626 1433 3694 κείμενον.
1507 3624 1770 3694 ’Λρχεται

177 3728 293 3799 μὲν
340 3724 453 3780 ἀπὸ
494 3723 587 3779 τοῦ
620 3725 869 3789 Εὐξείνου
905 3726 1108 3778 Πόντου
1148 3722 1210 3775 τὸ
1256 3721 1383 3790 ὅρος
1442 3719 1534 3772 καὶ
1576 3718 1772 3788 μικρὸν

174 3817 556 3891 παραμείσων
586 3819 710 3878 τοὺς
736 3817 1112 3887 καταράκτας,
1147 3815 1342 3885 μέχρις
1383 3812 1565 3865 αὐτῶν
1610 3810 1773 3863 Ἰλλυ-

172 3911 365 3980 ρικῶν
398 3911 595 3980 διήκει.
641 3906 810 3979 Οἶμαι
852 3907 897 3959 δ’
930 3908 1016 3961 ὅτι
1065 3906 1161 3959 καὶ
1203 3900 1639 3970 διακοπτόμενον
1693 3899 1772 3968 τῷ

187 4000 563 4072 Ἀδριαντικῷ
594 4001 847 4067 πελάγει,
879 3998 1043 4051 πάλιν
1071 3998 1153 4058 εἰς
1196 3993 1498 4060 ἀντιπέραν
1537 3991 1770 4062 ἠπειρον

176 4091 595 4161 ἀναλαμϐάνει,
623 4092 716 4144 καὶ
749 4092 942 4159 μέχρις
978 4087 1160 4141 αὐτῶν
1201 4088 1499 4157 Ἑρκυνίων
1545 4082 1771 4154 δρυμῶν

172 4180 555 4251 ἀποτελευτᾷ,
584 4181 927 4250 ἑκατέρωθεν
962 4179 1021 4231 δὲ
1064 4179 1173 4231 τῶν
1202 4177 1531 4249 καταρρύων
1575 4174 1625 4227 τ’
1669 4173 1771 4225 αύ-

170 4275 282 4328 τοῦ
321 4272 496 4326 πολλὰ
546 4277 640 4325 καὶ
693 4273 1074 4327 πλουσιώτατοι
1117 4270 1244 4342 ἔθνη
1287 4270 1527 4339 νέμεται.
1583 4267 1775 4319 Δακῶν

178 4365 293 4433 μὲν
324 4363 498 4415 ὄντων
533 4361 910 4431 βορειοτέρων,
946 4363 1042 4415 καὶ
1086 4361 1196 4413 τῶν
1225 4358 1481 4430 Θρακῶν,
1516 4355 1769 4409 νοτιωτέ-

176 4472 305 4525 ρων
359 4454 421 4507 δὲ
456 4452 691 4523 Θρᾳκῶν
725 4469 785 4505 τε
836 4452 1016 4505 αὐτῶν
1049 4455 1142 4505 καὶ
1188 4450 1539 4504 Μακεδόνων.
1574 4447 1775 4501 Τοῦτον

170 4548 275 4599 τὸν
305 4541 483 4615 Αἷμον
508 4542 871 4612 διαπερῶντες
891 4544 938 4595 oi
964 4541 1215 4611 Νομάδες
1244 4538 1449 4594 Σκύθαι
1479 4539 1623 4592 κατὰ
1647 4538 1775 4599 τοὺς

168 4638 462 4694 ἀνέκαθεν
488 4639 710 4707 χρΰνους
764 4636 931 4704 πρινὴ
980 4633 1076 4687 τοῦ
1122 4634 1360 4697 Ἀλεξίου
1403 4632 1462 4684 τὸ
1503 4633 1631 4703 δόρυ
1680 4633 1775 4683 καὶ

169 4736 225 4786 οἱ
302 4731 495 4785 πολλοὶ
546 4729 760 4797 ἀγῶνες
818 4731 899 4790 εἰς
960 4726 1339 4796 πανωλεθρίαν
1402 4727 1773 4797 κατήνεγκαν,

175 4824 545 4893 πανστρατιᾷ
570 4822 668 4893 τὴν
717 4820 1010 4890 Ῥωμαίων
1046 4819 1348 4889 ἡγεμονίαν
1391 4819 1648 4879 ἐκάκουν,
1680 4818 1776 4870 καὶ

175 4916 436 4986 μάλιστα
478 4914 574 4975 τὰς
616 4914 949 4984 ὲγγυτέρους
999 4913 1207 4977 πόλεις,
1249 4907 1324 4965 ὧν
1356 4910 1706 4982 προύκάϐητο
1744 4910 1775 4979 ἡ

172 5010 365 5063 πάλαι
428 5006 869 5077 πολυθρύλλητος
918 5004 1368 5065 Φιλιππούπολις.
1416 5003 1473 5056 '0
1527 5003 1584 5055 δὲ
1642 5001 1772 5063 TC:-

176 5101 406 5172 μισκῆς
448 5100 702 5166 Ἰωάννης
755 5097 882 5159 τοὺς
929 5096 993 5147 ὲκ
1032 5095 1074 5126 ⁹⁷
1114 5094 1460 5164 Μανιχαῖκῆς
1509 5092 1775 5162 αἱρέσεως

170 5193 532 5262 ἁντιμάχους
584 5194 714 5261 ἡμῖν
751 5193 1122 5260 ποιησάμενος
1154 5189 1501 5257 συμμάχους,
1533 5184 1679 5237 κατά
1711 5200 1775 5249 γε

172 5281 255 5334 τὰ
290 5283 462 5346 ὅπλα,
513 5280 843 5352 ἀξιομάχους
879 5280 1138 5348 δυνάμεις
1174 5281 1283 5340 τοῖς
1337 5279 1530 5347 νομάσι
1565 5276 1776 5337 τούτοις

1806 4869 1854 4927 D

1876 2251 2174 2297 sectatores
2208 2241 2456 2306 Mauetis,
2487 2242 2578 2295 sed
2604 2256 2633 2294 a
2658 2241 2823 2294 Paulo
2845 2251 2895 2295 et
2926 2240 3131 2297 Joanne
3163 2244 3448 2301 Callinices

1878 2332 2003 2386 ﬁliis
2037 2332 2113 2401 (ιι)
2151 2331 2215 2385 ad
2254 2332 2580 2401 peculiarem
2613 2334 2901 2399 quemdam
2946 2341 3225 2404 magisque
3258 2349 3453 2390 contu-

1878 2437 2083 2476 macem
2112 2421 2343 2475 instituti
2383 2422 2668 2475 furorem:
2724 2420 2971 2475 homines
3017 2426 3214 2493 alioqui
3265 2426 3451 2483 feriet

1877 2514 2210 2582 sangttiuarii
2262 2516 2353 2584 qui
2408 2532 2566 2571 suum
2616 2518 2915 2573 aliorumve
2946 2533 3193 2573 cruorem
3225 2519 3450 2575 fundere

1875 2608 2012 2661 nihil
2050 2609 2199 2675 pensi
2245 2608 2532 2663 admodum
2572 2609 2834 2664 haberent
2870 2627 2884 2663 :
2940 2627 3037 2664 nec
3081 2611 3184 2664 isto
3219 2621 3311 2666 aut
3340 2612 3449 2666 alio

1876 2700 2068 2768 quovis
2085 2711 2227 2755 metu
2249 2703 2316 2757 ab
2334 2701 2441 2755 ulio
2472 2703 2710 2759 audaciae
2732 2720 2929 2776 genere
2951 2714 3351 2769 revocarentur,
3384 2720 3415 2758 e
3437 2724 3450 2751 ι

1875 2794 2293 2865 periculosiores
2319 2812 2426 2864 quo
2450 2797 2688 2863 pericula
2713 2800 3042 2865 spernebant
3059 2800 3277 2849 omnia:
3310 2796 3451 2850 bello

1879 2896 2056 2941 tamen
2091 2887 2278 2941 domiti
2313 2902 2376 2941 ac
2425 2887 2584 2955 plane
2628 2887 2901 2958 sultjugati
2950 2902 3072 2942 cum
3126 2886 3354 2944 fuissent
3383 2890 3452 2941 ah

1877 2980 1967 3035 illo
1998 2980 2195 3059 inelyto
2245 2979 2456 3035 Joanne
2502 2981 2791 3044 Tzimisca,
2844 2997 2909 3035 cx
2961 2980 3088 3033 Asia
3131 2981 3329 3048 captivi
3378 2984 3449 3036 ah

1875 3074 2066 3129 eodem
2091 3073 2237 3128 ducti
2271 3082 2419 3137 sunt,
2463 3084 2515 3128 ct
2554 3074 2752 3128 abillis
2797 3074 3095 3146 Chalybum
3129 3092 3265 3141 quas
3302 3076 3452 3141 prius

1874 3166 2193 3222 obtinebant
2247 3167 2489 3231 sulihus,
2527 3166 2768 3237 locisque
2799 3168 3139 3222 Armeniacis
3177 3169 3227 3222 in
3280 3168 3449 3221 Thra-

1875 3255 2014 3310 ciam
2068 3255 2367 3319 transtulit,
2416 3271 2479 3311 ac
2524 3259 2667 3312 circa
2724 3256 3134 3327 Philippopolim
3182 3260 3451 3315 domicilia

1877 3349 2042 3418 ﬁgere
2073 3350 2272 3419 coegit,
2321 3351 2529 3405 duabus
2584 3352 2651 3405 de
2699 3352 2899 3406 causis.
2951 3350 3194 3406 Primum
3247 3363 3307 3407 ut
3336 3368 3455 3420 quae

1877 3439 2027 3508 prius
2084 3441 2395 3494 insidebant
2444 3441 2680 3495 claustra
2734 3441 2989 3509 imperii,
3054 3458 3205 3498 arcos
3260 3452 3456 3497 natura

1875 3531 2272 3586 munitissimus
2328 3542 2382 3585 et
2433 3547 2638 3597 manu;
2704 3547 2769 3587 ne
2826 3533 3135 3588 obtinerent
3195 3534 3449 3604 amplius,

1874 3639 2130 3679 earumve
2186 3624 2380 3678 ﬁducia
2421 3626 2486 3678 ad
2526 3624 2850 3680 rebelliones
2881 3628 3197 3695 cogitandas
3248 3630 3456 3682 anima-

1877 3725 2082 3770 rentur.
2120 3713 2325 3769 Deinde
2361 3726 2417 3767 ut
2441 3730 2619 3784 genus
2654 3714 2930 3771 hominum
2996 3722 3228 3775 ferreum
3282 3722 3454 3777 cuivis

1876 3805 2047 3859 labori
2089 3822 2151 3860 ae
2185 3807 2427 3875 periculo
2481 3823 2579 3876 par
2625 3810 2883 3863 adversus
2934 3810 3073 3865 feros
3119 3811 3350 3866 maxime
3390 3828 3456 3867 ac

1875 3898 2223 3952 vehementes
2290 3898 2617 3960 chtharum
2672 3900 2899 3955 subinde
2954 3900 3245 3957 Thraciam
3310 3903 3456 3959 infe.

1876 3988 2136 4043 stantium
2180 3991 2433 4046 incursus
2479 3994 2834 4063 ohjiceretur,
2887 3993 3182 4049 securitate
3242 3993 3454 4063 imperii

1877 4096 1985 4135 non
2012 4082 2228 4152 exigua,
2253 4084 2398 4151 quod
2431 4083 2541 4149 jam
2566 4084 2721 4139 limes
2754 4084 2847 4138 ille
2874 4085 3259 4140 vexatissitnus
3293 4100 3454 4154 pares

1877 4173 2293 4240 aggressorihus
2314 4174 2634 4230 defensores
2666 4185 2877 4237 nactus,
2910 4175 3165 4245 deinceps
3194 4177 3456 4231 adversus

1879 4276 2041 4316 omne
2076 4263 2376 4329 periculum
2411 4264 2622 4318 abunde
2652 4265 2903 4318 ﬁrmatus
2949 4265 3249 4321 videretur.
3296 4264 3458 4322 Mise-

1878 4367 1996 4404 rum
2041 4367 2173 4407 sane
2223 4361 2382 4408 antea
2438 4354 2490 4407 in
2533 4354 2748 4407 modum
2788 4355 2843 4406 in
2880 4355 3151 4421 perpetuis
3178 4364 3328 4410 metu
3363 4364 3456 4408 aut

1880 4443 2021 4498 malo
2076 4442 2321 4498 Thraciae
2384 4445 2543 4500 urbes
2593 4460 2656 4501 ac
2700 4445 2879 4514 populi
2941 4444 3242 4502 conﬂictari
3299 4461 3459 4503 erant

1879 4535 2019 4589 soliti
2049 4553 2064 4601 ;
2102 4552 2222 4589 eum
2266 4536 2489 4589 Barbari
2522 4547 2782 4607 angustas
2814 4536 2981 4592 literni
3013 4538 3181 4593 valles
3225 4540 3457 4593 subinde

1881 4626 2339 4696 transgredientes
2357 4628 2410 4680 in
2433 4627 2733 4680 uberrimas
2755 4626 2870 4694 ejus
2894 4628 3180 4695 provincia:
3208 4628 3455 4696 planities

1879 4718 2085 4786 ingenti
2134 4734 2357 4772 numero
2400 4718 2576 4785 eﬂ‘usi,
2606 4719 3000 4773 crudelissime
3041 4721 3223 4772 omnia
3272 4730 3453 4772 vasta-

1883 4818 2022 4864 rent.
2079 4810 2172 4862 Est
2224 4810 2311 4864 hic
2360 4810 2576 4866 [luamus
2626 4826 2782 4865 mons
2839 4811 3185 4878 longissimus
3245 4813 3332 4865 cui
3388 4817 3455 4866 ad

1879 4899 2190 4969 parallelam
2232 4901 2432 4955 lineam
2468 4902 2679 4971 objacet
2706 4900 2989 4970 Rhodope.
3018 4902 3207 4969 Incipit
3234 4905 3301 4954 ab
3342 4902 3454 4957 Eu-

1878 4994 2005 5047 xino
2035 4992 2226 5048 Ponto.
2260 4994 2396 5048 Ilinc
2431 4994 2520 5048 ubi
2567 5005 2868 5048 cataractas
2902 4997 3145 5062 proxime
3197 4994 3457 5062 praeteriit

1877 5087 2014 5142 ﬂexu
2072 5098 2222 5142 vasto
2282 5104 2452 5155 usque
2497 5088 2548 5141 in
2616 5087 2788 5155 ipsum
2850 5085 3117 5156 Illyricum
3192 5086 3453 5140 excurrit.

1879 5178 2204 5243 Quinetiam
2239 5177 2402 5248 452
2458 5177 2691 5242 videtur,
2743 5176 2887 5231 velut
2918 5176 3292 5245 interpellatus
3322 5191 3454 5241 putt-

1881 5270 2047 5323 lulum
2084 5271 2302 5323 incursu
2335 5270 2503 5323 maris
2545 5268 2829 5334 Adriatici,
2861 5278 2952 5323 aut
2982 5269 3160 5337 potius
3207 5267 3309 5322 sub
3341 5266 3455 5337 ejus

1240 5393 1438 5454 Variae
1470 5391 1783 5452 lectiones
1813 5403 1889 5448 ex
1916 5383 2056 5445 cod.
2088 5381 2356 5442 Coislin.

271 5499 326 5531 "
353 5495 422 5550 τὸ
444 5495 539 5548 τοῦ
573 5495 877 5561 Πλάτωνος.
959 5500 1004 5530 ³⁵
1040 5495 1444 5567 ὲρρηνοτάτων.

1523 5495 1567 5525 9°
1595 5492 1807 5545 τοῦτον.

1880 5487 1924 5518 ⁹⁷
1949 5488 2013 5538 ἐκ
2038 5486 2154 5555 τῆς.

1229 5614 1369 5675 Car.
1401 5608 1728 5674 Dufresnii
1756 5609 1854 5668 Du
1893 5602 2112 5681 Cangii
2150 5609 2336 5664 noue.

260 5716 384 5788 (60)
430 5713 493 5768 '0
528 5713 879 5785 Τζὺμισκῆς.
920 5717 1160 5770 Zonaras
1208 5730 1259 5770 et
1306 5715 1499 5785 Glycas
1545 5715 1594 5768 itt
1642 5709 1851 5766 Alexio.

246 5878 333 5944 (α)
358 5876 489 5927 Vide
512 5874 790 5926 Cedreuum
819 5892 929 5940 pug,
958 5877 1045 5924 £52
1066 5876 1145 5926 ρει,
1170 5877 1274 5937 1th

568 5967 833 6027 Parnm.
869 5968 981 6024 εἴη.
1023 5964 1273 6023 CXXXI.

3060 5906 3135 6005 35
