3900 6578
500 457 635 523 illi}
1794 442 2015 504 ANNJZ
2061 445 2080 503 (

2186 440 2435 501 ῙΝΕΝᾸΞ
3609 438 3715 512 1104

496 573 625 624 tiam
658 570 835 626 noctis
866 565 1171 623 custodiam
1203 560 1459 618 continuo
1487 562 1768 612 vacantem
1844 552 1936 608 uni
2008 551 2134 606 rei:
2180 549 2488 605 audientem
2562 544 2821 601 nimirum
2884 544 3323 617 patientissime,
3390 561 3456 605 ac
3515 548 3717 610 vicissim

494 668 857 737 alioqucntem
910 678 1046 733 quos
1105 659 1335 717 subinde
1390 654 1709 712 accersebat
1783 652 2064 706 erroribus
2103 647 2419 717 implicitos.
2452 644 2530 700 lbi
2564 660 2660 702 eos
2690 646 2921 701 docebat
2947 647 3106 701 fidem
3135 659 3367 713 rectam,
3440 648 3514 702 ibi
3572 654 3721 719 pravi-

493 769 657 814 tatem
692 760 961 815 haereseos
991 755 1233 825 ipsorum
1260 752 1477 806 invictis
1538 745 1873 820 argumentis
1940 741 2262 798 confutabat
2310 740 2775 811 convincebatqne
2827 740 3274 798 ineluetabiliter.
3365 742 3597 799 Aderant
3655 747 3720 803 vel

492 862 661 910 testes
695 851 777 907 vel
809 850 1088 919 adjutores
1117 846 1362 917 praeclari
1415 842 1595 913 operis
1660 839 1985 899 Eustratius,
2016 843 2071 890 et
2110 835 2303 890 Nicaea:
2338 836 2589 898 antistes,
2625 834 2709 887 vir
2735 844 2789 889 et
2817 835 2993 890 sacris
3021 846 3075 888 et
3143 838 3390 891 externis
3455 840 3719 897 ettmulatus

489 946 715 1010 litteris,
758 944 1039 1015 prmslauli
1068 956 1196 997 vero
1244 937 1585 1009 potissimum
1643 934 1849 1003 pollens
1898 929 2297 1000 colloquiorum
2365 942 2429 984 ac
2489 942 2877 998 congressuum
2961 930 3420 985 eonsereudorum
3487 930 3718 999 facultate,

496 1040 635 1096 adeo
676 1041 893 1111 quidem
927 1050 983 1093 ut
1018 1038 1071 1091 in
1106 1036 1207 1091 ista
1266 1032 1602 1103 disceptandi
1630 1045 1812 1085 coram
1841 1029 2167 1083 dexteritate
2198 1025 2405 1087 vivida,
2492 1026 2760 1094 copiaque
2815 1024 3151 1095 disitutaudi,
3201 1042 3296 1081 eos
3368 1027 3534 1082 etiam
3602 1042 3722 1087 ante-

493 1133 715 1189 cellcret
736 1132 827 1203 qui
855 1132 907 1185 iu
940 1128 1175 1184 Zenonis
1202 1127 1438 1198 porticu,
1470 1134 1561 1179 aut
1626 1121 1889 1175 Academi
1955 1118 2146 1188 spatiis
2186 1119 2291 1173 hoc
2328 1133 2493 1172 unum
2527 1128 2638 1173 tota
2672 1117 2780 1171 vita
2816 1120 3165 1173 meditantur.
3218 1118 3329 1174 Nec
3361 1121 3479 1189 ipse
3518 1122 3722 1180 videlicet

490 1224 677 1278 deerat
729 1221 1255 1291 Philippopolitanus
1303 1217 1765 1285 archiepiscopus.
1822 1210 1929 1265 Sed
1969 1220 2095 1265 ante
2134 1224 2324 1265 omnes
2349 1219 2404 1263 et
2430 1225 2536 1279 pra:
2553 1210 2806 1265 omnibus
2827 1226 2993 1264 unum
3023 1211 3323 1280 imperator
3346 1212 3453 1265 sibi
3483 1214 3549 1265 ad
3607 1216 3717 1271 hanc

490 1331 725 1386 pugnam
754 1315 1183 1371 commilitonem
1216 1310 1537 1365 auxiliarem
1621 1305 1945 1375 adjunxcrat
2011 1302 2373 1373 Nicephorum
2431 1318 2608 1357 meum
2657 1302 3168 1375 ϐαιεειτοηιεάεά,
3199 1319 3361 1371 quem
3434 1305 3719 1374 jusseratin

491 1412 684 1466 divinis
718 1411 871 1468 libris
897 1412 1031 1467 bene
1061 1411 1173 1481 jam
1209 1420 1364 1462 antea
1396 1417 1691 1470 versatum,
1728 1402 1981 1471 colligere
2007 1404 2075 1456 ad
2118 1412 2438 1473 praesentem
2487 1417 2644 1455 usum
2699 1403 3008 1473 habcrcque
3060 1405 3111 1456 in
3185 1413 3438 1473 promptu
3509 1416 3655 1474 atque
3685 1408 3723 1461 iu

490 1515 737 1577 tempore
759 1520 1053 1577 suggerere
1086 1502 1393 1557 testimonia
1419 1513 1698 1554 sacrorum
1722 1496 2066 1551 oraculorum
2108 1510 2231 1567 qua:
2256 1506 2439 1567 aperte
2476 1498 2814 1551 revincendis
2875 1497 3487 1567 Philippopolitanurum
3558 1506 3725 1557 errori-

491 1603 592 1657 bus
641 1609 761 1670 apta
817 1610 1021 1654 essent.
1058 1596 1288 1651 Fructus
1336 1594 1544 1649 exstitit
1589 1605 1767 1661 operm
1833 1605 2102 1661 magnus:
2182 1589 2427 1660 plurimis
2502 1589 2921 1645 Manichaeorum
2992 1592 3289 1660 pertinacia
3368 1600 3425 1646 et
3489 1594 3721 1650 dubitatio

490 1694 669 1748 omnis
698 1703 945 1762 exempta
973 1702 1075 1746 est.
1111 1690 1262 1744 Ibant
1302 1686 1546 1758 persuasi
1581 1699 1744 1739 exuto
1777 1700 1963 1738 errore
1995 1682 2063 1737 ad
2110 1683 2449 1749 sacerdotes,
2501 1692 2556 1735 et
2583 1683 2649 1738 ab
2678 1683 2744 1738 iis
2774 1690 2994 1752 peccata
3028 1684 3172 1739 ultro
3239 1684 3340 1753 ipsi
3370 1700 3467 1738 sua
3539 1687 3727 1749 fatente;

494 1786 922 1852 damnantesque
997 1782 1162 1836 divini
1236 1778 1487 1849 baptismi
1578 1778 1782 1832 fiebant
1833 1777 2149 1848 participes.
2190 1775 2387 1831 Multos
2413 1783 2593 1829 tamen
2627 1777 2809 1831 videre
2838 1786 2954 1831 erat
2996 1776 3185 1831 eodem
3217 1788 3461 1845 tempore
3516 1794 3725 1845 perversa

489 1878 794 1933 constantia
830 1891 1011 1930 veram
1062 1873 1203 1927 illaut
1253 1883 1306 1927 et
1355 1880 1597 1927 sanctam
1633 1870 2064 1927 Machabzeorum
2104 1869 2455 1936 mutulantes,
2516 1868 2626 1924 imo
2679 1880 3019 1938 superantes.
3084 1868 3297 1923 Etenim
3367 1879 3425 1923 ut
3521 1870 3588 1924 illi
3652 1889 3726 1941 pro

492 1984 647 2025 saera
681 1968 975 2039 divinaque
1029 1965 1309 2034 religione,
1362 1966 1432 2019 ita
1499 1963 1553 2019 hi
1605 1979 1704 2033 pro
1772 1977 1872 2017 suo
1939 1961 2150 2018 nefario
2188 1975 2375 2017 errore
2401 1960 2835 2032 propugnabant,
2872 1972 3180 2030 perstantes
3209 1963 3261 2016 in
3291 1978 3380 2027 eo,
3426 1965 3728 2033 proferentes

488 2062 815 2132 quinetiam
868 2060 1223 2115 auctoritates
1260 2068 1312 2112 et
1343 2057 1645 2113 sententias
1680 2056 1944 2112 librorum
2037 2054 2343 2110 divinorum
2417 2054 2615 2125 quibus
2674 2070 2834 2109 suum
2894 2055 3215 2123 disputabile
3273 2056 3479 2111 lirmari
3576 2060 3727 2129 dogma

487 2157 802 2215 credebant.
828 2152 1030 2209 Verum
1066 2162 1119 2208 et
1155 2152 1344 2207 horum
1387 2150 1658 2220 plerisque
1690 2150 1849 2205 istam
1912 2150 1976 2203 ad
2009 2159 2316 2204 extremum
2374 2148 2771 2203 contumaciam
2837 2150 3169 2218 quotidianae
3258 2151 3607 2209 allocutiones
3641 2156 3723 2209 im-

488 2250 756 2321 peratoris
791 2259 847 2304 et
880 2249 970 2303 illa
1042 2248 1272 2302 miseros
1323 2244 1647 2301 admouendi
1716 2244 2149 2313 adhortandique
2190 2244 2728 2313 perseverantissima
2775 2244 3015 2313 dignatio
3046 2246 3266 2315 eripuit,
3313 2256 3371 2301 ut
3414 2248 3531 2316 jam
3562 2260 3610 2304 et
3638 2269 3731 2307 cre-

486 2345 634 2408 dere,
666 2354 721 2400 et
754 2358 913 2399 sacro
939 2342 1266 2411 baptismate
1315 2337 1518 2393 initiari
1564 2338 1799 2394 convicti
1836 2338 2058 2401 vellent,
2102 2346 2266 2407 atque
2300 2336 2443 2391 ultro
2466 2348 2789 2405 poscerent;
2822 2354 3054 2407 quorum
3081 2338 3230 2393 Salus
3288 2343 3506 2396 abunde
3564 2360 3725 2413 magna

486 2445 565 2492 tot
626 2438 874 2493 laborum
926 2449 1141 2491 merces
1186 2433 1432 2505 Augusto
1469 2433 1791 2498 videbatur;
1867 2431 2108 2500 tantique
2188 2429 2261 2483 illi
2332 2439 2452 2484 erat
2507 2431 3101 2486 :erumnosissintorum
3161 2446 3555 2501 eougressuum
3603 2451 3733 2490 exor-

486 2527 614 2581 bere
648 2528 804 2599 longa
833 2525 1017 2589 taedia,
1049 2522 1180 2578 solis
1208 2522 1275 2577 ab
1305 2530 1498 2579 exortu
1530 2524 1705 2593 primo
1734 2522 1799 2575 ad
1843 2520 2323 2592 profundissimam
2390 2523 2591 2591 saepius
2660 2532 2874 2578 noctem
2922 2522 3259 2591 durantium,
3308 2540 3339 2579 a
3428 2527 3618 2595 quibus
3681 2544 3735 2583 ne

490 2621 749 2676 memoria
777 2622 993 2690 quidem
1040 2637 1163 2677 cum
1238 2632 1333 2677 aut
1399 2622 1700 2677 necessitas
1771 2619 1997 2675 curandi
2071 2617 2303 2673 avellere
2346 2619 2596 2690 corporis
2640 2628 2873 2689 poterat,
2913 2628 3056 2675 totos
3106 2621 3431 2691 plerumque
3477 2623 3734 2693 impastum

487 2712 603 2766 dies
632 2712 684 2767 in
715 2711 821 2766 illis
856 2712 1313 2768 fastidiosissimis
1359 2711 1557 2783 iurgiis
1603 2723 2066 2782 perseverantem,
2109 2710 2271 2781 idque
2313 2725 2411 2781 per
2461 2722 2652 2767 mslum
2687 2714 2786 2767 sub
2817 2711 2931 2767 sole
2965 2713 3202 2780 ardenti,
3239 2729 3362 2767 nam
3428 2714 3532 2769 ista
3595 2716 3736 2770 collo-

486 2809 610 2881 quia
640 2807 693 2861 in
726 2806 993 2861 subdivali
1030 2806 1386 2862 tabernaculo
1424 2806 1646 2861 fiebant.

562 2902 696 2954 Dum
761 2897 878 2951 hmc
912 2898 1148 2951 maxime
1204 2906 1471 2966 geruntur
1524 2907 1578 2951 et
1638 2900 1925 2952 verborum
1970 2895 2152 2955 hocA

490 2990 734 3059 praelium
761 2994 925 3055 atque
952 2988 1225 3041 rationum
1261 3001 1384 3041 cum
1428 2984 1744 3041 Manichacis
1780 2985 1974 3040 initum
2020 2985 2073 3039 itt

493 3082 912 3153 flagrantissima
943 3079 1329 3133 commissione
1360 3087 1443 3135 est
1467 3120 1483 3147 ,
1524 3080 1742 3149 quidam
1786 3094 1917 3134 ecce
1946 3092 2075 3132 cur-

491 3175 659 3230 riculo
685 3173 752 3227 ab
784 3171 920 3227 Istro
942 3172 1170 3226 veniens
1203 3171 1491 3242 trajecisse
1529 3172 1745 3227 nuntiat
1777 3170 2070 3227 Comanos.

494 3267 712 3335 l‘iumpit
748 3265 815 3320 ad
845 3280 966 3320 eam
1008 3280 1194 3319 vocem
1224 3266 1522 3335 imperator
1549 3281 1730 3321 moras
1766 3281 1978 3331 onmes,
2021 3275 2074 3320 et

496 3360 797 3415 Danubium
846 3374 1038 3414 versus
1063 3358 1337 3428 extemplo
1391 3368 1592 3423 movet,
1651 3361 1948 3430 assumptis
1986 3375 2077 3413 ra-

492 3450 623 3520 ptim
655 3466 791 3521 quos
824 3450 964 3505 forte
995 3450 1143 3506 circa
1176 3466 1235 3506 se
1266 3452 1454 3507 habuit
1490 3451 1778 3507 militibus.
1827 3450 1962 3506 Cum
1995 3452 2078 3505 his

2258 2892 2347 2944 Ἐν
2378 2889 2486 2958 ὅσῳ
2515 2890 2570 2943 δὲ
2598 2889 2775 2942 ταῦτα
2808 2890 3067 2954 ἐτελεῖτο,
3106 2890 3203 2943 καὶ
3245 2892 3278 2962 ἡ
3333 2891 3533 2963 λογικὴ
3582 2892 3738 2961 ἐκείνη

2185 2984 2325 3057 μετὰ
2356 2983 2466 3036 τῶν
2500 2982 2821 3053 Μανιχαίων
2858 2986 3242 3054 συνεκροτεῖτο
3292 2984 3522 3055 ἅμιλλα,
3558 2986 3741 3054 φθάσας

2181 3098 2270 3143 τις
2314 3077 2421 3131 ἀπὸ
2453 3076 2549 3130 τοῦ
2584 3076 2797 3147 Ἴστρου
2848 3077 3081 3146 τὴντῶν
3126 3078 3401 3147 Κομάνων
3456 3080 3743 3147 ἀπήγγελλε

2178 3168 2594 3240 διαπεραίωσιν.
2640 3166 2699 3220 '0
2754 3167 2810 3220 δὲ
2858 3167 3113 3237 Baetici»;
3169 3169 3242 3238 μὴ
3304 3169 3584 3240 μελλήσας
3628 3172 3744 3233 ὅλως

2182 3265 2319 3339 πρὸς
2370 3264 2461 3317 τὸν
2514 3261 2778 3315 Δᾶνουϐιν
2805 3261 3028 3331 ἤλαυνε,
3070 3265 3181 3325 τοῖς
3214 3263 3574 3334 περιτυχοῦσι
3602 3282 3745 3333 στρα-

2180 3357 2409 3418 τιώταις
2444 3355 2925 3424 συγχρησὰμενος,
2959 3355 3054 3406 καὶ
3084 3355 3183 3424 τὴν
3210 3355 3440 3425 Βιδύνην
3469 3356 3578 3423 (ϐί)
3602 3374 3744 3407 κατι-

2181 3449 2365 3503 ).α6ὼν
2397 3448 2491 3501 καὶ
2522 3449 2648 3510 τοὺς
2681 3447 3005 3516 Βχρϐἀρους
3041 3447 3115 3516 μὴ
3146 3447 3434 3515 εὑρηκώς·
3495 3447 3743 3516 προέφθα-

492 3558 705 3597 summa
764 3542 1042 3597 celeritate
1088 3558 1241 3609 usus,
1273 3543 1520 3612 pervenit
1565 3544 1654 3599 ille
1705 3544 1921 3613 quidem
1966 3546 2074 3597 cito

494 3635 757 3709 Bidyneu,
805 3645 1058 3691 exterqu
1092 3635 1202 3690 illic
1255 3644 1313 3690 ut
1344 3647 1662 3705 speraverat
1713 3653 1819 3690 non
1866 3639 2073 3705 reperit

494 3730 785 3783 Barbaros.
818 3726 1085 3781 Nimirum
1120 3728 1173 3782 hi
1216 3736 1437 3799 accepta
1470 3727 1615 3781 fama
1642 3736 1865 3782 strenue
1889 3740 2077 3782 contra
2130 3791 2140 3800 .

494 3823 641 3889 ipsos
676 3820 929 3877 vadentis
964 3820 1194 3891 Augusti
1232 3820 1465 3891 trajecto
1494 3821 1690 3874 iterum
1726 3835 1885 3874 amne
1909 3830 2081 3874 reti-o-

495 3924 804 3969 cesserant.
844 3913 942 3968 llic
983 3916 1282 3979 imperator
1328 3921 1668 3983 segregatum
1724 3927 1787 3966 ex
1827 3912 2079 3967 omnibus

493 4006 667 4070 copiis
703 4006 896 4060 lectam
932 4006 1154 4059 fortium
1194 4020 1412 4059 manum
1480 4006 1558 4059 ire
1587 4014 1708 4073 post
1741 4004 1960 4073 fugaces
1996 4007 2085 4075 ju-

498 4098 608 4147 bet.
636 4094 946 4149 Transeunt
974 4094 1167 4149 lstrum
1204 4094 1280 4148 illi
1314 4104 1367 4149 et
1395 4096 1569 4149 tribus
1600 4095 1793 4150 diebus
1829 4097 2077 4149 totidem-

500 4199 605 4253 que
634 4185 886 4238 noi-tibus
918 4198 1129 4238 summa
1164 4185 1211 4237 vi
1260 4185 1445 4239 hostes
1475 4184 1701 4239 insecuti
1738 4187 1955 4239 tandem
1987 4201 2080 4240 eos

2184 3557 2283 3593 σαν
2317 3541 2423 3610 γὰρ
2452 3540 2549 3611 τὴν
2582 3538 2676 3592 τοῦ
2702 3540 3104 3609 αὐτοκράτορος
3137 3540 3350 3592 ἔλευσιν
3384 3540 3745 3609 μεμιθηκὸτες

2184 3635 2262 3695 εἰς
2312 3633 2557 3685 τούπίσω
2616 3631 2978 3702 διαπερᾶσαι·
3033 3636 3379 3705 παραχρῆμα
3430 3633 3745 3704 στρατιώτας

2182 3726 2469 3795 γενναίους
2512 3723 2934 3794 ἀποδιελόμενος
2986 3725 3086 3794 τὴν
3136 3726 3247 3779 τῶν
3302 3726 3610 3798 Βαρϐάρων
3647 3725 3748 3776 ἑπι-

2182 3818 2366 3885 δίωξιν
2393 3817 2714 3887 ἐπέτρεψεν.
2737 3818 2800 3869 Οἱ
2829 3815 2885 3869 δὲ
2916 3819 3150 3871 κατόπιν
3180 3818 3389 3871 τούτων
3419 3818 3744 3890 παραχρῆμα

2184 3912 2417 3982 ἤλαυνον
2466 3912 2556 3964 τὸν
2601 3912 2817 3981 Ἴστρον
2854 3912 3289 3981 διαπεράσαντες
3342 3912 3439 3965 καὶ
3488 3913 3582 3965 ἐπὶ
3622 3912 3749 3981 τρισὶ

2184 4002 2473 4066 διώκοντες
2504 4003 2889 4074 νυχθημέροις.
2943 4003 3095 4056 Ἐπεὶ
3126 4004 3255 4067 τοὺς
3293 4004 3587 4074 Κομάνους
3610 4003 3745 4056 tetri-

2186 4114 2369 4159 σαντο,
2418 4096 2486 4149 δι’
2516 4090 2589 4149 ὧν
2639 4098 2977 4166 ἐπεφέροντο
3038 4096 3291 4166 σχεδιῶν,
3332 4097 3427 4150 τὸν
3460 4099 3637 4150 ἐκεῖσε
3669 4093 3745 4145 τοῦ

2186 4187 2503 4250 Aonio-.5650);
2534 4186 2729 4257 ῥέοντα
2782 4186 3028 4256 ποταμὸν
3066 4185 3535 4255 διαπεράσαντες,
3587 4186 3745 4253 ἄπρα-

499 4274 685 4331 videut
718 4276 1007 4345 queuidam
1050 4274 1189 4329 ultra
1228 4276 1530 4330 Danubium
1565 4276 1828 4331 ﬂuentem
1872 4278 2080 4331 ratibus

2188 4294 2307 4330 κτοι
2362 4279 2501 4351 πρὸς
2554 4278 2644 4331 τὸν
2693 4277 3074 4348 αὐτοκράτορα
3124 4278 3563 4348 ἐπανέστρεψαν.
3606 4279 3661 4331 '0
3703 4277 3748 4328 δὲ

498 4382 639 4435 quas
687 4366 938 4422 ferebant
981 4382 1165 4421 secum
1210 4368 1494 4438 trajecisse
1548 4366 1804 4432 ﬂuvium;
1840 4384 1960 4438 quae
1994 4384 2079 4422 rcs

496 4472 593 4511 eos
621 4457 801 4511 redire
826 4458 893 4511 ad
930 4458 1313 4525 imperatorem
1347 4459 1534 4513 irritos
1561 4460 1672 4527 spei
1704 4460 1989 4529 compulit.
2032 4458 2081 4515 Is

498 4549 597 4603 etsi
630 4548 860 4604 moleste
910 4550 1030 4603 tulit
1056 4590 1071 4614 ,
1114 4565 1218 4603 non
1256 4550 1444 4605 fuisse
1490 4553 1865 4622 deprehensos
1902 4569 1928 4603 a
1965 4553 2080 4606 suis

496 4640 828 4696 exercitibus
858 4640 1126 4712 fugientes
1173 4641 1464 4707 Barbaros,
1525 4652 1701 4697 tamen
1746 4644 1796 4697 in
1843 4644 2081 4699 victoria:

497 4745 652 4802 parte
690 4735 995 4788 numeravit
1048 4734 1231 4804 fugam
1287 4734 1432 4788 illam
1477 4735 1646 4803 ipsam
1685 4736 1922 4790 hostium
1965 4738 2080 4792 sola

500 4827 687 4894 procul
736 4826 878 4881 fama
921 4830 1282 4896 repulsorum,
1348 4827 1641 4883 accedente
1671 4832 1970 4898 praesertim
2012 4831 2079 4885 ad

499 4920 631 4973 lucri
660 4921 933 4975 cumulum
967 4936 1027 4975 ea
1063 4920 1406 4988 expeditione
1448 4919 1577 4975 facti
1613 4923 1960 4976 traductione
2002 4934 2082 4977 tut

504 5014 781 5067 Lominum
816 5028 844 5065 a
880 5012 1086 5066 nefaria
1113 5011 1531 5066 Manichaeorum
1558 5013 1748 5067 lneresi
1784 5015 1844 5065 ad
1880 5023 2079 5069 rectam

500 5120 739 5157 nostram
778 5115 831 5159 cl
878 5122 1065 5159 saltatu
1101 5106 1282 5158 fidem.
1332 5104 1421 5159 Bis
1470 5104 1633 5174 igitur
1665 5107 1841 5160 victor
1873 5117 1925 5159 et
1960 5119 2075 5160 tro-

496 5214 612 5267 paen
641 5199 842 5267 duplici
877 5210 1080 5265 erecto,
1142 5199 1313 5253 altero
1376 5200 1425 5252 vi
1489 5215 1763 5252 armorum
1816 5199 2076 5254 adversus

502 5290 789 5355 Barbaros,
842 5291 1017 5346 altero
1061 5291 1410 5347 contentione
1442 5292 1827 5361 disputationis
1860 5292 2077 5361 religio-

500 5379 731 5433 sissima:
789 5380 1054 5434 adversus
1093 5378 1255 5451 455
1301 5379 1607 5444 Ιιωτοιίςοε,
1660 5379 2073 5450 Philippopolim

2183 4371 2435 4441 βασιλεὺς
2486 4370 2685 4442 Ῠιιάθη
2744 4372 2842 4442 μὲν
2891 4372 2975 4425 ὅτι
3027 4371 3105 4443 μὴ
3153 4372 3582 4443 κατεὶήφϐησαν
3616 4373 3746 4441 παρὰ

2179 4466 2289 4518 τῶν
2340 4466 2766 4534 στρατευμάτων
2807 4465 2856 4517 οἰ
2898 4466 3194 4535 Βάρὸαροι,
3244 4467 3396 4535 ὅμως
3449 4467 3630 4533 μέντοι
3671 4466 3748 4515 καὶ

2180 4555 2341 4609 τοῦτο
2372 4556 2535 4625 μέρος
2575 4554 2734 4624 νίκης
2765 4557 3031 4624 ἡγήσατο.
3065 4559 3146 4609 ὅτι
3183 4556 3239 4620 ἐξ
3269 4558 3442 4626 ἀκοῆς
3474 4557 3571 4609 καὶ
3600 4554 3747 4623 μόνης

2182 4649 2306 4710 τοὺς
2353 4646 2674 4717 Βαρϐἀρους
2724 4648 2937 4712 ἀπῶσε,
2975 4650 3070 4701 καὶ
3115 4649 3197 4701 ὅτι
3237 4649 3469 4711 πολλοὺς
3522 4648 3629 4700 τῶν
3662 4645 3747 4697 ἀπὸ

2182 4742 2279 4808 τῆς
2333 4739 2679 4808 Μανιχαῖκῆς
2732 4740 2997 4807 αἱρέσεως
3051 4740 3130 4803 εἰς
3162 4741 3260 4809 τὴν
3292 4742 3572 4808 ἡμετέραν
3607 4736 3747 4805 μετή-

2183 4848 2341 4897 νεγκε
2368 4830 2571 4892 utinm,
2596 4831 2818 4883 διπὶοῡν
2844 4833 3187 4900 στησάμενος
3208 4833 3491 4901 τρόπαιον,
3512 4830 3611 4883 καὶ
3628 4845 3744 4881 κατι

2183 4920 2487 4993 Βαρϐάρων
2511 4925 2617 4977 ἀπὸ
2640 4926 2745 4976 τῶν
2784 4925 2987 4991 ὅπλων,
3024 4928 3117 4978 καὶ.
3152 4928 3295 4980 κατὰ
3340 4926 3447 4978 τῶν
3478 4920 3745 4994 αἱρετικιῖνί

2182 5015 2291 5067 ἀπὸ
2328 5017 2438 5068 τῶν
2478 5017 2891 5071 εὐσεϐεστάτων
2927 5020 3125 5087 λόγων.
3171 5019 3560 5089 Ὑποστρέψας
3593 5017 3749 5069 τοίνυι

2186 5107 2281 5158 καὶ
2314 5102 2471 5169 αὖθις
2495 5110 2575 5170 εἰς
2603 5108 3055 5176 Φιλιππούπολιν,
3096 5115 3189 5165 καὶ
3226 5114 3427 5182 μικρὸν
3466 5108 3745 5163 διαναπαύ-

2190 5214 2288 5260 σας
2328 5199 2539 5261 ἑαυτὸν,
2595 5201 2755 5253 πάλιν
2780 5202 3004 5269 ἀγώνων
3028 5205 3221 5273 εἵλετο.
3247 5206 3352 5257 Τὸν
3392 5205 3491 5273 γάρ
3520 5222 3601 5255 τοι
3631 5204 3746 5254 Κολ-

2190 5291 2381 5343 λέοντα
2414 5294 2509 5345 καὶ
2556 5293 2647 5345 τὸν
2688 5294 2973 5357 Κούσινον,
3010 5301 3103 5349 καὶ
3139 5299 3231 5348 τὸν
3268 5300 3361 5350 ἐπὶ
3413 5297 3615 5353 τούτοες
3648 5290 3744 5341 Φάλ-

2192 5384 2302 5448 λον,
2340 5382 2539 5452 ἄνδρας
2580 5386 2892 5455 προστάτας
2934 5388 3032 5456 τῆς
3080 5390 3433 5459 Μιιθιχαῖκῆς
3473 5385 3743 5453 αἱρέσεως.

502 5476 791 5528 revertitur
854 5476 1057 5546 ibique,
1105 5478 1315 5530 modica
1359 5476 1540 5545 quiete
1587 5486 1768 5543 capta,
1823 5476 2077 5545 applicuit

2193 5476 2300 5529 Καὶ
2330 5474 2399 5527 τὰ
2436 5476 2536 5544 μὲν
2586 5477 2724 5529 ἄλλα
2776 5480 2917 5533 κατὰ
2968 5480 3095 5544 τοὺς
3154 5481 3352 5541 ἄλλους
3406 5477 3744 5547 Μανιχαέους.

1546 5589 1749 5651 Variae
1783 5590 2098 5652 lectiones
2151 5608 2224 5651 ex
2254 5590 2394 5651 cod.
2442 5590 2716 5653 Coislin.

570 5691 593 5722 ³
628 5685 695 5762 ἦν
723 5689 871 5745 ἰδεῖν.

1508 5788 1533 5793 ”
1569 5804 1711 5867 Car.
1748 5804 2081 5865 Dufresnii
2122 5806 2219 5864 Du
2257 5804 2477 5883 Cangii
2516 5814 2704 5870 notte.

570 5908 686 5978 (64)
726 5908 1006 5976 Βιὸύνην.
1038 5907 1255 5975 Bidyute
1291 5913 1491 5960 mentio
1529 5914 1608 5958 cst
1643 5907 1780 5973 apud
1811 5906 2079 5959 Zonaram
2117 5915 2169 5959 et
2207 5902 2498 5974 Scylitzem
2524 5908 2577 5963 iu
2614 5909 3033 5983 Bulgaroctono,
3063 5924 3115 5969 et
3150 5912 3391 5970 Suidam.
