3900 6652
182 421 322 490 1105

1373 437 1782 498 ALEXIADIS
1824 440 1973 502 LIB.
2011 442 2167 504 XIV.

3297 439 3433 505 1106

179 537 390 604 δεινοὺς
420 539 478 594 δὲ
515 539 771 611 ἐνστῆναι
799 545 864 615 τῇ
902 545 1114 602 ἑαυτῶν
1148 547 1468 621 κακοδοξίᾳ,
1494 552 1592 605 καὶ
1620 551 1759 624 πρὸς

1867 569 2052 610 rursus
2081 555 2319 610 animum
2351 555 2416 611 ad
2473 553 2801 612 Manielueos
2855 556 3086 626 repetita
3143 564 3435 614 concerta-

179 631 244 684 τὸ
303 632 598 702 πεισθῆναι
660 633 842 704 λόγοις
887 637 1310 710 ἀδαμαντίνους,
1369 644 1648 712 σπαράξαι
1702 643 1761 698 δὲ

183 720 329 774 θεῖον
381 723 587 790 λόγιον,
644 727 740 777 καὶ
803 731 1156 799 κακοσχόλως
1182 731 1330 804 αὐτῷ
1377 733 1631 786 ἐκλαϐεῖν
1683 735 1763 798 εἰς

180 813 500 885 ὑπερϐολὴν
551 818 917 888 εὐμηχάνους.
977 823 1212 886 Τούτους
1267 826 1762 898 μεταπεμπόμενος

178 907 306 960 καθ’
341 909 562 980 ἡμέραν
587 912 826 984 ἑκάστην
858 915 995 983 πρὸς
1015 916 1216 981 αὐτοὺς
1239 919 1330 973 τὸν
1383 919 1603 986 λογικὸν
1636 939 1765 974 συν-

177 1002 410 1070 ικράτει
435 1006 456 1036 ³
495 1005 748 1073 πόλεμον,
787 1006 882 1059 καὶ
913 1003 980 1079 ἦν
1016 1010 1145 1064 ἰδεῖν
1183 1011 1366 1078 άγῶνα
1397 1013 1637 1068 διπλοῦν
1666 1014 1760 1068 τοῦ

182 1092 288 1160 μὲν
323 1092 591 1162 βασιλέως
619 1097 772 1162 ὅπως
805 1098 1053 1166 σωοεῖεν,
1091 1102 1186 1156 καὶ
1224 1103 1432 1176 σφόδρα
1467 1105 1762 1175 ὑπεραγαν-

177 1180 490 1251 νιζόμενον,
523 1187 634 1239 τῶν
664 1187 709 1240 δ’
753 1190 909 1255 ὅπως
964 1193 1249 1263 νικήσειαν
1282 1195 1584 1267 λεγομένην
1646 1198 1762 1252 Ka-

173 1272 380 1342 δμεεαν
411 1278 978 1347 διαφιλονεικούντων.
1033 1286 1254 1340 Ἐστᾶσι
1302 1288 1401 1358 μὲν
1447 1288 1555 1360 γὰρ
1592 1289 1686 1344 καὶ
1714 1289 1764 1342 οἱ

173 1367 337 1436 τρεῖς
383 1367 648 1438 Θήξαντες
699 1373 966 1445 ἀλλήλους
1017 1377 1272 1450 καθάπερ
1326 1378 1469 1432 συῶν
1526 1380 1761 1447 ὀδόντες.

173 1456 280 1509 καὶ
315 1459 447 1523 τοὺς
491 1460 684 1529 λόγους
716 1465 810 1518 τοῦ
873 1468 1286 1542 αὐτοκράτορος
1340 1473 1398 1525 ὲν
1438 1473 1514 1544 νῷ
1547 1474 1766 1546 ἔχοντες

171 1547 519 1621 διατέμνειν.
555 1555 662 1607 Καὶ
708 1557 763 1609 ετ
788 1575 871 1622 τις
901 1561 995 1614 τὸν
1041 1562 1309 1617 Κούσινον
1353 1564 1648 1636 ὲξὲφευγεν
1675 1568 1766 1622 ἔν-

173 1658 398 1708 στασις,
438 1646 644 1719 ταύτης
674 1651 702 1704 ὁ
733 1652 985 1708 Κουλέων
1007 1656 1466 1728 ἀντελαμϐάνετο,
1495 1662 1590 1714 καὶ
1621 1660 1762 1733 ἀμη-

168 1736 480 1804 χανοῦντος
535 1742 889 1810 Κουλὲοντος,
938 1749 966 1801 ὁ
1011 1750 1193 1815 Φῶλος
1264 1749 1420 1816 αὖθις
1509 1753 1765 1818 ἀντεξαν-

170 1827 393 1895 ίστατο,
443 1831 478 1902 ῆ
528 1832 622 1888 καὶ
664 1837 801 1907 πρὸς
859 1839 959 1902 τὰς
1011 1841 1302 1909 βασιλικάς
1332 1844 1628 1916 προτάσεις
1671 1846 1765 1900 καὶ

1869 650 2016 704 tione
2044 648 2111 704 ab
2136 662 2324 706 errore
2357 649 2723 706 deducendos.
2751 649 2931 705 Facile
2962 650 3240 720 principes
3269 658 3435 707 secta:

1869 742 2032 796 torius
2060 750 2219 797 erant
2247 740 2472 805 Culeon,
2497 741 2753 808 Cusinus,
2784 751 2838 798 et
2865 742 3089 806 Pholus,
3123 758 3229 798 non
3262 742 3440 802 solum

1868 833 2297 902 pertinacissima
2345 833 2557 906 ingenia
2592 842 2867 904 conceptas
2904 834 3061 890 istius
3109 833 3396 906 pravitatis
3423 872 3440 899 ,

1869 944 2055 984 verum
2090 929 2256 986 etiam
2317 929 2649 984 auctoritate
2707 938 2868 999 atque
2913 913 3126 984 artibus
3179 929 3440 982 instructa

1866 1022 2115 1078 munibus
2137 1021 2258 1092 ejus
2287 1021 2676 1090 persuadendae
2709 1023 3201 1093 propagandseque.
3253 1020 3440 1089 Itaque

1867 1117 1921 1171 in
1957 1115 2025 1170 iis
2057 1115 2390 1184 praecipuum
2431 1121 2788 1181 momentum,
2853 1112 2908 1168 in
2961 1112 3048 1168 his
3094 1111 3238 1167 haud
3279 1108 3444 1165 dubie

1867 1210 1934 1263 ad
1967 1221 2281 1263 successum
2309 1206 2512 1276 negotii
2545 1206 2710 1262 totius
2753 1205 2866 1275 spei
2899 1206 3064 1262 cardo
3093 1202 3436 1260 vertebatur.

1868 1301 1937 1356 At
1969 1299 2131 1356 iidem
2164 1299 2265 1354 viri
2299 1313 2410 1369 prae
2442 1298 2686 1363 caeteris,
2721 1307 2780 1353 ut
2808 1297 3074 1364 diximus,
3127 1294 3273 1351 aﬂixi
3305 1308 3447 1364 prae-

1864 1391 2120 1463 indicatis
2175 1390 2544 1461 opinionibus,
2576 1389 2726 1446 surdi
2757 1389 2824 1445 ad
2858 1388 3086 1456 monita,
3115 1388 3182 1442 ad
3215 1399 3448 1456 persua-

1867 1481 2048 1538 siones
2077 1481 2435 1548 adamantini,
2482 1481 2612 1553 quin
2660 1481 2825 1537 etiam
2859 1479 2913 1536 in
2945 1480 3087 1537 ultro
3133 1478 3446 1536 lacessentia

1869 1574 2267 1645 lacerandaque
2297 1573 2546 1630 doctrina
2588 1589 2746 1642 sana,
2789 1571 3025 1630 cavlllisl
3067 1570 3356 1627 malitiosis
3393 1578 3450 1626 et

1868 1664 2068 1722 astutis
2137 1666 2454 1738 argutisque
2517 1664 2869 1736 sophismatis
2948 1663 3446 1722 calumniosissiute

1869 1759 2115 1825 verbosi,
2145 1759 2356 1830 sperari
2399 1758 2489 1815 vix
2515 1758 2771 1816 sinebant
2801 1763 2944 1828 quod
2977 1756 3276 1828 optandum
3307 1761 3448 1810 erat.

1869 1853 2169 1923 Aggressus
2210 1852 2563 1910 nihilominus
2614 1852 2868 1918 homines
2913 1851 3192 1922 Augustus
3239 1855 3345 1914 est,
3395 1852 3452 1902 et

169 1919 492 2013 ὐποφορὰς,
524 1925 670 1996 ἄλλῳ
713 1929 809 1982 σὺν
838 1931 927 1984 ἐπ’
956 1907 1102 2003 ἄλλῳ
1130 1936 1150 1967 ⁸
1185 1907 1462 2007 ἠγείρετο,
1505 1907 1762 2008 καθάπερ

1869 1959 1990 2000 cum
2039 1943 2107 2000 iis
2151 1943 2396 2013 quotidie
2456 1943 2523 2000 ad
2591 1959 2650 1999 se
2699 1943 2911 2000 vocatis
2977 1940 3447 1998 concertationem

169 2010 426 2081 μέγιστα
490 2017 713 2088 κύματα
781 2022 876 2076 ἐπὶ
940 2025 1200 2094 μεγάλοις
1267 2028 1762 2100 καταλαμϐάνοντα

168 2104 453 2176 κύμασιν.
511 2110 574 2166 '0
632 2113 692 2166 δὲ
750 2115 1112 2189 αὐτοκράτωρ
1148 2118 1250 2183 τὰς
1309 2121 1492 2184 πάσας
1551 2122 1762 2176 τούτων

163 2195 424 2254 διαλύων
477 2202 554 2267 ὡς
603 2205 753 2260 ἱστὸν
795 2208 1046 2280 ἀράχνης
1095 2210 1398 2278 ἐνστάσεις,
1444 2213 1761 2286 ἑπὲρῤαπτε

165 2289 278 2357 μὲν
315 2292 485 2356 εὐθὺς
514 2297 625 2349 τῶν
648 2298 978 2368 ἀκαθάρτων
1023 2303 1092 2357 τὰ
1138 2304 1406 2375 στόματα.
1446 2307 1536 2370 Ὠς
1563 2306 1621 2360 δὲ
1659 2307 1760 2360 πέ-

165 2395 379 2436 πεικεν
409 2384 682 2455 οὐδαμῶς,
737 2389 891 2454 τέλος
942 2393 1266 2466 ἀπειρηκὼς
1311 2395 1450 2466 πρὸς
1499 2395 1599 2466 τὴν
1653 2395 1764 2450 τῶν

169 2471 404 2546 ἀνδρῶν
457 2477 662 2535 τούτων
706 2483 1026 2557 ἠλιθιότητα
1077 2489 1397 2559 προπέμπει
1425 2487 1653 2552 τούτους
1685 2489 1766 2551 εἰς

166 2565 279 2635 τὴν
313 2567 572 2637 βασιλίδα
599 2575 773 2641 πόλιν,
802 2577 988 2632 ἑστίαν
1019 2581 1558 2652 άποκληρωσάμενος
1581 2581 1767 2643 αὐτοῖς

159 2659 271 2723 τὰς
314 2662 449 2732 περὶ
474 2664 535 2717 τὸ
568 2666 714 2734 μέγα
737 2669 1004 2724 παλάτιον
1026 2673 1395 2745 περιδρόμους
1422 2675 1585 2738 στοᾶς
1619 2673 1754 2743 (65).

1868 2035 2107 2105 suscepit
2137 2035 2319 2090 ac‘rem
2369 2023 2426 2090 et
2459 2033 2548 2090 diu
2582 2033 2874 2104 ancipitem
2909 2031 3128 2088 obnixis
3169 2028 3447 2096 utrimque

1865 2128 2063 2186 studiis
2087 2126 2534 2184 contendentium
2558 2142 2574 2180 :
2597 2141 2718 2182 cum
2752 2126 3048 2196 imperator
3070 2123 3286 2193 quidem
3310 2116 3448 2174 nihil

1869 2217 1972 2275 sibi
2002 2216 2210 2274 faceret
2239 2217 2432 2286 reliqui
2465 2216 2533 2271 ad
2557 2231 2782 2273 omnem
2839 2231 3026 2272 curam
3069 2226 3451 2281 summumque

1871 2318 2123 2367 conatum
2163 2309 2527 2380 persuadendi
2564 2307 2792 2377 perditis
2823 2317 2882 2363 ut
2910 2307 3046 2365 salvi
3071 2321 3192 2362 esse
3222 2304 3441 2367 vellent,

1865 2402 1943 2459 illi
1995 2411 2184 2458 contra
2211 2399 2428 2457 stolidis
2457 2399 2729 2456 reuisibus
2785 2399 3048 2456 indomita
3076 2397 3446 2454 obstinatione

1866 2496 1919 2549 in
1948 2493 2152 2549 furioso
2177 2508 2298 2549 sese
2331 2491 2559 2548 consilio
2587 2493 2903 2562 respuenda:
2936 2491 3130 2546 salutis
3152 2490 3450 2546 oblirman-

1867 2596 1948 2643 tes
2004 2584 2132 2641 totis
2188 2583 2578 2641 incumbebant
2634 2585 2842 2640 viribus
2891 2585 2958 2639 ad
3005 2583 3273 2639 funestam
3332 2583 3439 2636 sibi

1870 2689 2105 2744 vereque
2149 2671 2444 2730 Cadmeam
2492 2675 2777 2730 victoriam
2827 2673 3231 2745 reportandam.
3272 2669 3449 2727 Ferox

158 2767 270 2826 per
297 2768 360 2808 se
393 2757 620 2826 quisque
647 2760 1070 2820 addita.nentum
1107 2768 1344 2822 audacia:
1370 2783 1436 2822 ex
1464 2769 1742 2823 consortio
1779 2775 1969 2823 mutuo
1995 2768 2300 2822 sumebant.
2343 2766 2449 2822 Res
2477 2767 2550 2824 ab
2581 2767 2648 2822 iis
2675 2767 3038 2823 communiter
3102 2777 3161 2820 ut
3218 2781 3249 2820 a
3315 2781 3448 2830 con,-

159 2844 519 2912 spirantibus
544 2850 952 2923 ('oujttratisqtte
979 2855 1304 2926 gerebatur;
1337 2875 1436 2914 nec
1463 2861 1755 2915 retundere
1793 2859 2032 2914 contenti
2077 2858 2327 2914 salubres
2361 2859 2713 2927 imperatoris.
2736 2859 2897 2922 ictus,
2925 2857 3090 2912 etiam
3156 2871 3331 2927 usque
3393 2857 3447 2910 in

162 2936 438 2995 fiduciam
473 2942 612 3000 ultro
651 2945 960 3003 incessendi
1005 2951 1299 3013 tollebant,
1335 2952 1547 3007 animos
1614 2951 1887 3022 religionis
1916 2951 2070 3020 juxta
2115 2951 2525 3022 majestatisque
2556 2961 2982 3022 contemptores.
3061 2949 3252 3005 Nullus
3330 2947 3445 3017 jam

158 3031 446 3103 principis
476 3048 779 3108 respectus.
826 3041 1042 3096 lrritata
1073 3057 1244 3113 usque
1280 3045 1332 3098 in
1363 3045 1567 3100 rabiem
1623 3044 1965 3100 contumacia
1997 3045 2357 3099 reverentiam
2394 3044 2626 3099 vicerat.
2702 3042 2886 3098 Palam
2952 3045 3005 3098 in
3071 3056 3134 3099 os
3192 3041 3451 3112 procaei-

159 3133 254 3180 ωδ·
293 3125 752 3198 interpellabatur
779 3131 1332 3207 Augustusvloquens,
1352 3140 1419 3192 ab
1447 3139 1754 3195 inhumanis
1797 3154 1904 3194 non
1937 3139 2122 3193 minus
2153 3153 2311 3207 quam
2362 3138 2562 3206 impiis,
2601 3138 2691 3207 qui
2717 3137 2864 3192 velut
2900 3137 2952 3192 in
2997 3145 3151 3192 arcto
3236 3151 3267 3191 a
3343 3147 3442 3189 ve-

162 3221 476 3278 natoribus
527 3223 665 3282 forte
693 3229 1013 3298 deprehensi
1061 3242 1379 3300 spumantes
1463 3235 1583 3306 apri
1651 3235 1843 3292 dentes
1881 3236 2150 3292 acuebant
2190 3245 2374 3290 mutuo
2399 3234 2538 3292 etin
2567 3248 2761 3290 omnes
2812 3231 3083 3289 inferendi
3127 3247 3340 3288 morsus
3369 3245 3459 3287 oo-

159 3313 440 3370 easiones
469 3317 769 3381 inhiabant.
798 3322 898 3380 Ubi
932 3326 1403 3384 dixeratCusinus
1432 3331 1576 3398 quod
1611 3329 1762 3386 furor
1839 3336 2190 3402 suggesserat
2244 3330 2310 3383 ad
2363 3327 2776 3384 convellendam
2833 3327 3257 3397 disputationem
3343 3328 3456 3382 Au-

161 3407 352 3478 gusti,
415 3411 558 3480 quod
614 3412 704 3468 ille
761 3415 1020 3472 omiserat
1075 3419 1361 3488 supplebat
1414 3421 1578 3478 Culeo
1613 3440 1626 3476 :
1660 3423 1762 3478 hoc
1839 3438 2061 3494 quoque
2094 3423 2212 3492 ipso
2237 3421 2530 3483 exhausto,
2566 3419 2792 3485 Pholus,
2828 3419 2985 3489 quasi
3033 3419 3248 3486 utrique
3329 3434 3452 3474 suc-

158 3506 552 3593 centurietus,
593 3521 782 3566 recens
836 3527 1070 3584 pugnam
1125 3517 1448 3584 capessebat
1486 3533 1500 3570 :
1537 3519 1608 3573 ita
1672 3528 1766 3573 aut
1845 3518 2111 3573 adversus
2175 3515 2520 3585 imperatoris
2552 3513 2998 3570 ratiocinationes
3020 3523 3198 3568 certas
3231 3521 3286 3567 et
3321 3512 3460 3579 peti.

163 3596 368 3652 tiones
423 3598 794 3658 ineluctabiles
839 3604 930 3659 alii
982 3620 1142 3675 super
1191 3608 1326 3664 alios
1372 3623 1492 3664 sese
1531 3610 1759 3664 invicem
1803 3610 2183 3665 inscendentes
2208 3607 2498 3664 resilientis
2553 3605 2868 3676 pertinaciae
2935 3603 3130 3660 ﬂuetus
3193 3615 3462 3658 exaestua‘

165 3705 328 3750 rent.
399 3696 478 3752 Ae
532 3695 688 3753 facile
719 3700 994 3770 Augustus
1038 3703 1254 3772 quidem
1331 3705 1592 3774 quidquid
1641 3705 1714 3759 illi
1782 3704 2139 3760 obtenderent
2189 3700 2430 3756 difﬂabat
2496 3692 2890 3767 everrebatque
2933 3710 3031 3752 ceu
3082 3694 3262 3750 futiles
3327 3710 3456 3750 ara-

176 3804 428 3843 nearum
463 3790 620 3854 telas,
654 3793 839 3861 sicque
883 3794 1198 3850 obstruebat
1221 3811 1315 3850 ora
1344 3796 1576 3867 impura.
1606 3796 1878 3850 Caeterum
1906 3795 2000 3850 ubi
2018 3775 2412 3864 .loquacitatem
2471 3789 2579 3845 fuci
2666 3788 2778 3858 jam
2837 3785 3016 3842 omnis
3075 3786 3331 3854 impotem
3399 3788 3453 3840 iu

164 3883 468 3938 silentium
497 3883 852 3962 compulerat,
887 3896 993 3939 tota
1029 3889 1270 3942 restabat
1302 3890 1353 3942 in
1382 3889 1536 3944 duris
1600 3889 1816 3944 animis.
1878 3887 2209 3956 pervicacia,
2242 3883 2500 3939 dedoccri
2550 3881 2738 3952 utique
2785 3893 3021 3934 renuens
3051 3891 3268 3932 errores
3294 3878 3460 3932 etiam

165 3977 496 4033 convictos.
528 3977 624 4031 llic
657 3989 919 4046 perta-sus
968 3983 1288 4038 stoliditatis
1346 3984 1626 4039 hominum
1662 3988 1936 4058 Augustus
1964 3983 2154 4038 deduci
2184 3997 2277 4038 eos
2307 3995 2418 4052 pro:
2502 3993 2562 4034 se
2607 3978 2763 4048 jubet
2839 3976 2894 4031 in
2971 3974 3162 4031 urbem
3224 3975 3452 4043 regiam,

167 4075 469 4142 assignant
499 4074 629 4140 ipsis
667 4075 998 4132 habitatione
1057 4079 1107 4133 in
1137 4081 1436 4148 porticibus
1469 4097 1590 4152 qum
1620 4085 1767 4138 circa
1810 4097 2065 4153 maguum
2102 4079 2368 4151 palatium
2397 4086 2544 4131 sunt.

251 4162 340 4215 Οὐ
407 4163 514 4232 μὴν
558 4163 762 4235 ἄουρος
818 4166 1169 4221 παντάπασιν
1216 4164 1284 4239 ἦν
1336 4172 1384 4223 εἰ
1419 4172 1514 4222 καὶ
1553 4171 1763 4234 τούτους

1957 4170 2050 4225 Sic
2092 4172 2142 4223 in
2185 4182 2424 4239 przesens
2460 4165 2607 4219 finita
2641 4162 2722 4219 vel
2768 4161 2946 4233 potius
2985 4161 3296 4216 intermissa
3337 4175 3461 4215 cum

169 4256 321 4318 τοὺς
350 4257 619 4325 ἀρχαίους
656 4257 849 4327 λόγους
883 4259 961 4329 τῷ
1012 4261 1152 4325 τέως
1179 4263 1281 4316 οὐκ
1314 4263 1606 4334 ὲθήρασεν,
1661 4265 1759 4320 ἀλλ

1885 4263 1969 4318 his
2005 4262 2178 4316 tribus
2214 4261 2466 4313 tractatio
2511 4268 2631 4310 est:
2663 4256 2714 4309 in
2743 4255 2942 4324 quibus
2976 4263 3250 4321 utCunque
3281 4255 3461 4323 pcrdi-

171 4349 415 4419 ὴτλέρας
452 4350 688 4417 ἑκάστης
740 4353 988 4423 προσῆγε
1026 4354 1167 4422 Θεῷ,
1222 4356 1357 4408 ὅπου
1408 4357 1506 4427 μὲν
1561 4357 1757 4410 ἑκατὸν

1886 4354 2027 4407 disse
2056 4351 2317 4406 hactenus
2345 4348 2506 4401 verba
2540 4356 2594 4400 et
2627 4361 2848 4414 operam
2878 4346 3155 4415 Augustus
3187 4344 3330 4400 visus
3358 4353 3464 4410 est,

172 4441 333 4493 ὅπου
363 4440 424 4492 δὲ
460 4442 554 4494 καὶ
582 4441 808 4506 πλείους
837 4443 946 4496 τῶν
980 4446 1177 4498 ἑκατόν
1204 4460 1218 4475 ⁶
1253 4447 1327 4510 ὡς
1366 4448 1760 4516 συμποσοῦσθα

1883 4462 1987 4501 non
2024 4454 2203 4500 tamen
2238 4441 2425 4494 irritus
2456 4439 2529 4492 illi
2576 4437 2729 4492 labor
2780 4436 2960 4492 omnis
3006 4435 3270 4505 spiritalis
3308 4435 3466 4506 hujus

172 4533 327 4595 τούς
386 4549 450 4584 τε
502 4534 1026 4604 προτεοηραμένους
1067 4538 1160 4591 καὶ
1204 4538 1332 4602 τοὺς
1374 4539 1470 4593 νῦν
1523 4541 1628 4593 ὐπὸ
1681 4542 1763 4610 τῆι

1886 4554 1950 4594 ac
1981 4537 2245 4608 religiosae
2277 4532 2579 4589 venationis
2630 4531 2812 4604 periit.
2850 4529 3089 4600 Singulis
3115 4530 3316 4586 ctenim
3349 4528 3466 4584 die-

172 4624 396 4676 τούτου
425 4621 679 4694 γλώττης
710 4625 1049 4692 ἑαλωκότας,
1081 4630 1162 4692 εἰς
1188 4628 1388 4699 μυρίας
1412 4631 1508 4684 καὶ
1536 4629 1763 4700 χιλιάδα‹

1885 4631 1987 4687 bus
2015 4629 2408 4687 reconciliabat
2445 4628 2555 4682 Deo
2585 4627 2873 4681 haereticos
2908 4625 3176 4680 interdum
3220 4632 3466 4685 centum,

171 4714 418 4784 ἀνδρῶν
450 4715 940 4787 πολυαριθμήτων.
981 4718 1094 4772 Καὶ
1123 4718 1174 4772 τί
1203 4720 1311 4792 γὰρ
1341 4720 1422 4773 δεῖ
1450 4719 1632 4789 λέγειν
1689 4737 1762 4774 κα

1885 4739 2269 4794 nonnunquam
2301 4721 2518 4793 plures;
2553 4721 2686 4776 adeo
2719 4729 2801 4785 ut,
2830 4704 2872 4774 si
2898 4719 3019 4787 quis
3047 4732 3209 4772 unam
3237 4717 3288 4770 in
3313 4731 3464 4772 sum-

172 4805 509 4874 διατρίϐειν
544 4809 672 4876 περὶ
702 4801 777 4862 ὧν
811 4811 844 4878 ἡ
881 4809 1146 4880 σύμπασα
1199 4813 1498 4882 οἰκουμένη
1553 4813 1763 4868 ὲπίστα·

1889 4834 2029 4873 mam
2066 4816 2311 4872 conferat
2339 4824 2446 4869 tam
2477 4829 2572 4869 eos
2612 4812 2704 4882 qui
2737 4812 2904 4883 priori
2949 4810 3176 4881 Augusti
3223 4822 3466 4862 commo-

176 4917 311 4961 ται,
353 4898 454 4950 καὶ
513 4899 790 4970 μάρτυρές
833 4904 937 4954 εἰσι
983 4904 1079 4956 καὶ
1119 4905 1377 4975 Ἀνατολὴ
1428 4908 1524 4959 καὶ
1575 4906 1741 4968 Λύσις

1887 4911 2101 4966 ratione
2129 4925 2260 4964 voce
2295 4910 2466 4980 ipsius
2495 4923 2558 4964 ac
2593 4908 2775 4974 lingua
2823 4906 3064 4976 persuasi
3102 4903 3466 4973 resipuerunt,

181 4993 401 5054 Πόλεις
437 4991 544 5060 γὰρ
575 4993 704 5047 ὅλας
735 4995 827 5046 καὶ
862 4995 1047 5066 χώρας
1077 4999 1197 5059 ταῖς
1230 4999 1604 5056 παντοδαπαῖς
1639 4999 1760 5069 αἶρέ

1888 5018 2049 5069 quam
2080 5016 2216 5068 quos
2260 5001 2312 5054 in
2357 5002 2531 5056 reditu
2565 5007 2855 5068 resumpta:
2885 4997 3279 5067 disputationes
3316 4993 3467 5062 ejus-

180 5103 322 5138 σεσι
364 5084 792 5154 κεκρατημένας
842 5085 1201 5158 πολυτρόπως
1251 5090 1332 5151 εἰς
1378 5089 1476 5158 τὴν
1512 5089 1763 5160 ἡμετέρα

1885 5092 2008 5145 dem
2053 5089 2222 5162 456
2257 5090 2596 5144 deduxerunt
2648 5089 2714 5142 ab
2763 5101 2969 5150 errore,
3016 5085 3174 5140 facile
3214 5083 3268 5137 in
3297 5080 3465 5136 multa

173 5173 500 5247 ὀρθὸδοξον
555 5176 862 5246 μετήνεγκε
910 5177 1122 5233 πίστιν.
1175 5180 1314 5244 Τοὺς
1353 5179 1453 5248 μὲν
1493 5179 1561 5233 τὰ
1593 5179 1763 5250 πρῶτς

1897 5181 2063 5235 millia
2104 5197 2167 5236 ac
2198 5181 2470 5251 myriadas
2502 5189 2783 5234 excrescat
2808 5193 3087 5232 numerus.
3125 5175 3294 5247 Cujus
3327 5174 3468 5230 allir-

1280 5294 1481 5357 Variae
1519 5294 1825 5358 lectiones
1865 5312 1942 5357 ex
1965 5298 2107 5359 coJ.
2142 5294 2410 5358 Coislin.

270 5393 297 5424 ³
331 5394 679 5464 συνεκρότει.
757 5401 778 5434 ⁸
807 5395 958 5451 ἄλλο.

1299 5489 1440 5549 Car.
1480 5488 1806 5552 Dufresnii
1835 5494 1932 5552 Dn
1971 5493 2188 5570 Congii
2225 5499 2415 5553 notio.

268 5583 395 5654 (65)
443 5583 838 5662 Περιδρᾷμους
867 5587 1074 5662 στοάς.
1105 5587 1353 5643 Porticus
1386 5588 1653 5662 palatium
1675 5605 1760 5642 aut

1867 5614 1870 5643 ι
1902 5593 2181 5662 lariorum,
2206 5609 2432 5662 quarum
2456 5591 2696 5646 meminit
2717 5589 3007 5662 Cltronigon
3034 5591 3470 5651 .-i!ea:am!rimtm,

178 5660 450 5728 ltien‘es,
494 5657 547 5707 in
590 5656 785 5723 quibus
813 5660 1156 5713 exc-ubabant
1209 5659 1516 5727 prtetoriani
1570 5659 1790 5723 milites,
1829 5656 1834 5657 ν
1905 5678 1998 5715 an.
2027 5656 2236 5715 Justin.‘
2265 5663 2299 5716 5
2328 5681 2342 5728 ;
2376 5663 2619 5716 excabita
2653 5663 2704 5714 iu
2741 5659 3049 5714 universum
3092 5663 3251 5716 dieue
3284 5677 3469 5714 οτι-ιιιεε

174 5732 261 5782 ad
303 5727 478 5802 regiae
507 5735 562 5776 et
596 5728 961 5802 imperatoris
1005 5729 1193 5802 ipsius,
1223 5729 1520 5802 custodiant
1573 5728 1792 5802 deleCti,
1906 5731 2147 5795 Zonarm,
2177 5730 2214 5786 S
2249 5727 2425 5802 yliizm
2460 5743 2513 5786 et
2545 5731 2774 5796 Codino,
2817 5734 2871 5782 in
2904 5731 3048 5798 Orig.
3088 5730 3194 5783 Cl’.
3217 5748 3234 5795 ;
3258 5733 3439 5802 extrahi

175 5811 346 5869 quas
371 5795 888 5869 eleganticarmine
932 5795 1225 5866 descripsit
1273 5797 1559 5866 Corippus,
1602 5799 1693 5869 lib.
1734 5813 1791 5852 ιιι
1894 5803 2055 5865 toria,
2085 5795 2288 5856 auctori
2320 5805 2384 5857 dc
2421 5803 2612 5858 exsilio
2645 5802 2698 5856 S.
2739 5795 2950 5856 Martini
2981 5795 3080 5854 FP.
3117 5802 3243 5854 Vide
3271 5817 3320 5869 ιι.
3348 5800 3464 5852 ιιιι

173 5864 274 5923 [Ic
312 5866 569 5919 laudibus
601 5864 823 5921 Jttstt'ni.
854 5868 958 5922 llas
990 5864 1132 5922 inter
1163 5881 1316 5924 ert-ut
1347 5864 1587 5938 porticus
1622 5868 1791 5922 Solio-
