3900 6564
223 350 359 424 ιι;3

1512 344 1918 406 ALEXIADIS
1955 346 2097 406 LIB.
2139 346 2263 411 XV.

3320 339 3466 410 liii

223 467 404 536 ταγῶν
447 464 548 536 τὴν
598 465 831 538 μελέτην
871 463 1232 536 ποιουμένων,
1265 463 1321 517 ὲν
1363 459 1440 529 τῷ
1489 458 1692 529 μεταξὺ
1740 457 1792 508 τὸ

1905 461 2140 512 nondum
2172 458 2308 514 satis
2345 465 2549 530 paratae
2591 473 2654 515 ac
2701 458 3033 515 confirmata:
3077 456 3333 528 perfidiae.
3380 458 3464 511 Ab

225 558 454 628 σύνηθες
480 556 704 628 ἄλγημα
732 558 839 613 τῶν
865 558 1040 612 ποδῶν
1065 557 1265 626 συνέϐη
1295 554 1376 624 τῷ
1405 553 1470 607 αὐ
1483 551 1790 620 τοκράτορι,

221 649 314 700 καὶ
334 647 597 718 δυνάμεις
621 647 995 716 ἁπανταχόθεν
1019 645 1120 718 μὲν
1145 645 1456 716 συνέρρεον,
1491 642 1628 696 ἀλλὰ
1654 638 1793 692 κατὰ

223 740 494 809 στράγγα,
544 739 640 791 καλ⁸
686 740 785 792 οὐκ
833 739 1048 809 ἁθρόον,
1086 738 1173 792 διὰ
1217 739 1277 790 τὸ
1327 738 1512 808 πόρρω
1554 752 1653 787 που
1695 732 1794 793 τὰς

225 831 374 899 σφῶν
397 828 537 885 εἶναι
559 831 847 902 πατρίδας.
890 832 955 883 Ἦ
973 830 1027 883 δέ
1053 847 1116 898 γε
1147 831 1305 900 ὀδύνη
1333 830 1561 896 ἀπεῖργε
1581 822 1791 888 τοῦτον,

222 923 281 975 οὐ
327 922 424 976 τοῦ
472 925 835 994 προκειμένου
884 923 1048 993 μόνου
1099 922 1338 990 ἅψασθαι
1391 915 1614 978 σκοποῦ,
1657 913 1793 967 ἀλλὰ

223 1015 317 1068 καὶ
356 1015 454 1068 τοῦ
495 1014 732 1085 βαδίζειν
765 1013 982 1077 ἁπλῶς,
1020 1015 1112 1067 καὶ
1152 1011 1412 1080 κλινήρης
1446 1007 1520 1060 ὢν
1556 1007 1752 1076 ἤχθετο
1775 1043 1790 1066 ,

221 1105 280 1156 οὐ
317 1105 571 1158 τοσοῦτον
601 1105 688 1158 δια
712 1104 810 1174 τὴν
833 1104 942 1156 τῶν
976 1104 1150 1157 ποδῶν
1176 1099 1561 1173 περιωδυνίαν,
1593 1097 1793 1150 ὁπόσον

222 1193 310 1246 διὰ
357 1193 456 1264 τὴν
501 1194 769 1262 ἀναϐολὴν
807 1193 902 1246 τοῦ
943 1193 1080 1246 κατὰ
1117 1193 1223 1244 τῶν
1269 1190 1567 1260 Βαρϐάρων
1605 1185 1789 1257 ἔργου.

222 1285 337 1337 Οὐκ
390 1285 646 1338 ἐλάνθανε
697 1284 870 1337 ταῦτα
915 1285 1005 1338 τὸν
1049 1284 1323 1354 βάρϐαρον
1369 1278 1792 1343 Κλιτζιασθλᾶν.

225 1374 418 1428 Ἔνθεν
473 1393 554 1428 τοι
601 1375 690 1428 καὶ
731 1377 1115 1447 ἀμεριμνήσας
1156 1375 1217 1428 τὸ
1261 1375 1433 1445 παρὸν
1455 1373 1552 1444 τὴν
1613 1369 1794 1444 Ἀσίαν

219 1464 443 1519 ἃπασαν
501 1465 766 1537 ἐληίζετο.
822 1467 1050 1530 ἑπτάκις
1103 1466 1242 1520 κατά
1293 1465 1400 1516 τῶν
1448 1461 1794 1533 Χριστιανῶν

219 1553 492 1623 ἐκδρομὰς
535 1556 905 1626 ποιησάμενος
928 1572 941 1586 ⁸
985 1558 1078 1611 καὶ
1118 1559 1224 1627 γάρ
1260 1555 1382 1609 οὐδέ
1418 1571 1547 1608 ποτε
1583 1554 1675 1607 ἐπὶ
1707 1570 1793 1607 το·

219 1644 414 1699 σοῦτον
446 1647 506 1700 τὸ
535 1648 695 1717 ἄλγος
727 1651 904 1703 έκεῖνο
947 1649 1036 1702 τὸν
1082 1649 1460 1720 αὐτοκράτορα
1507 1645 1791 1715 κατέσχεν.

231 1737 328 1791 Ἐκ
362 1738 746 1810 διαστημάτων
781 1742 886 1812 γάρ
921 1743 1150 1814 μακρῶν
1186 1739 1792 1813 προτοῦ,’ἐπερχομένη

217 1831 399 1906 τούτῳ
433 1837 468 1907 ἡ
505 1839 657 1901 νόσος
687 1839 749 1891 οὐ
785 1837 1109 1910 περιοδικῶς
1144 1838 1203 1891 τὸ
1250 1837 1503 1908 τηνικάδε
1545 1837 1793 1907 ἀπήντη·

220 1941 344 1991 σεν,
393 1927 529 1981 ἀλλὰ
568 1931 796 2000 συνεχὴς
843 1927 932 2002 ἦν,
989 1933 1083 1985 καὶ
1120 1931 1456 2002 ἐπαλλήλους
1489 1929 1617 1994 τοὺς
1654 1946 1796 1999 παρη

217 2017 495 2089 οξυσμούς
527 2021 722 2077 ἐδίδου.
776 2023 939 2078 Ἀλλὰ
979 2025 1134 2079 τοῦτο
1175 2024 1237 2078 τὸ
1278 2025 1450 2088 πάθος
1495 2023 1792 2096 πρόσχημα

215 2109 401 2165 ἐδόκει
428 2115 541 2175 τοῖς
574 2115 703 2186 περὶ
725 2115 816 2169 τὸν
844 2116 1246 2182 Κλιτζιασθλᾶν
1270 2119 1574 2187 νοσήματος
1597 2117 1658 2170 οὗ
1692 2116 1793 2186 μέν

215 2217 297 2254 τοι
338 2201 579 2273 νόσημα,
612 2204 728 2258 ἀλλ’
751 2205 908 2270 ϐκνος
941 2208 1038 2260 καὶ
1071 2207 1313 2278 ῥᾳθυμία
1339 2206 1538 2272 ἔξωθεν
1571 2207 1793 2277 περιϐε-

214 2289 464 2363 ϐλημένη
502 2294 602 2364 τὴν
635 2295 950 2363 ποδαλγίαν,
990 2297 1286 2352 καντεῦθεν
1319 2298 1491 2353 πολλὰ
1530 2298 1789 2362 πολλάκις

214 2385 602 2448 ἀπέσκωπτον.
634 2388 738 2441 κάν
757 2391 874 2452 ταῖς
907 2389 1101 2459 μέθαις
1141 2391 1243 2443 κάν
1267 2392 1374 2453 τοῖς
1408 2389 1592 2454 πότοις
1622 2389 1790 2443 καθάι

214 2491 324 2546 περ
361 2476 650 2545 αὐτοφυεῖς
702 2479 963 2552 ῥήτορες,
991 2481 1278 2552 ἠθοποιίας
1317 2484 1417 2548 τῆς
1463 2481 1574 2533 τῶν
1613 2481 1792 2534 ποδῶν

213 2566 413 2636 ὀδύνης
443 2568 535 2622 τοῦ
561 2570 958 2642 αὐτοκράτορος
981 2574 1030 2624 οί
1057 2572 1332 2644 Βάρϐαροι
1358 2573 1656 2626 ἐποιοῦντο.
1685 2573 1794 2626 Καὶ

214 2662 516 2732 κωμῳδίας
545 2661 756 2731 ἐγίνετο
787 2665 1061 2734 πρόφασις
1086 2668 1116 2734 ὴ
1157 2666 1264 2718 τῶν
1301 2664 1478 2718 ποδῶν
1504 2664 1754 2734 ἀλγηδών
1775 2680 1788 2694 ⁸

198 2753 490 2824 ,πρόσωπα
513 2754 622 2826 γάρ
648 2755 850 2826 ίατρῶν
883 2774 944 2810 τε
979 2757 1073 2810 καὶ
1099 2758 1208 2810 τῶν
1241 2759 1370 2826 περὶ
1401 2762 1492 2810 τὸν
1519 2755 1792 2825 αὐτοκρά-

213 2861 353 2913 τορα
371 2846 814 2918 διαπονουμένων
837 2848 1200 2918 ὑποκρίνοιτο,
1234 2850 1328 2902 καὶ
1354 2850 1514 2902 αὐτὸν
1537 2849 1674 2918 δῆτα
1704 2849 1793 2900 τὸν

213 2938 446 3008 βασιλέα
495 2941 576 3002 είς
631 2940 694 2994 τὸ
737 2941 904 3011 μέσον
953 2943 1292 3012 παράγοντες
1329 2944 1424 2996 καὶ
1467 2941 1791 3010 ἀναθέμειοι

213 3030 306 3080 ἐπὶ
343 3029 536 3092 κλίνης
562 3030 925 3100 προσπαίζειν
946 3031 1117 3102 ᾤοντο
1138 3073 1153 3098 ,
1188 3033 1282 3085 καὶ
1307 3033 1399 3086 ἐπὶ
1423 3032 1648 3096 ταύταις
1675 3034 1794 3093 ταῖς

1896 549 1996 603 hoc
2024 551 2240 606 decreto
2289 560 2429 606 totus
2479 553 2706 607 vertitur
2733 551 2799 606 ad
2830 551 3011 620 copias
3050 548 3316 621 cogendas
3345 561 3464 616 quae

1893 641 2033 696 bello
2061 645 2297 699 maximo
2325 660 2530 700 summa
2561 645 2611 698 vi
2644 644 2878 716 gerendo
2908 641 3236 699 suﬂieerent.
3287 639 3465 694 Missis

1897 732 2060 802 igitur
2099 735 2167 789 ad
2196 747 2383 806 gentes
2409 735 2614 790 vicinas
2647 735 2954 791 hominibus
2985 734 3212 797 idoneis,
3268 731 3461 801 partim

1895 835 2148 896 corrogat.
2172 827 2369 881 auxilia
2395 828 2664 882 sociorum
2687 870 2703 894 ,
2736 827 2932 896 partim
2982 827 3228 880 mercede
3252 823 3456 878 condu-

1894 927 2037 970 ctam
2071 917 2318 972 militiam
2351 920 2576 973 advocat
2611 917 2891 988 plnrimam
2922 955 2937 983 ,
2973 915 3134 970 simul
3179 914 3460 983 proprium

1897 1010 2196 1064 exercitum
2234 1013 2588 1080 undecunque
2619 1012 2683 1065 ad
2719 1026 2776 1064 se
2807 1010 3032 1079 colligit.
3071 1009 3303 1063 Ducibus
3334 1020 3463 1059 am-

1895 1101 2088 1156 barqu
2121 1102 2352 1173 partium
2388 1104 2466 1158 sic
2503 1103 2763 1158 adversus
2793 1118 2910 1158 sese
2949 1103 3178 1156 invicem
3210 1099 3464 1168 utrinque

1899 1198 2236 1265 parantibus,
2272 1198 2456 1252 revisit
2501 1199 2882 1268 imperatorem
2927 1196 3207 1250 familiaris
3265 1193 3462 1263 pedum

1898 1288 2053 1344 dolor
2090 1307 2104 1344 :
2141 1305 2261 1344 cum
2291 1305 2399 1359 quo
2429 1291 2550 1343 dum
2592 1289 2681 1344 ille
2729 1287 3094 1348 conflictatur.
3125 1285 3466 1342 confluebant

1897 1383 2094 1435 sensim
2127 1390 2180 1434 et
2205 1382 2358 1452 quasi
2395 1383 2645 1451 guttatim
2704 1379 2864 1446 iussae
2916 1378 3202 1434 convenire
3247 1377 3417 1443 copiae
3447 1389 3466 1426 :

1898 1489 1997 1528 nec
2027 1489 2206 1526 moras
2238 1475 2505 1543 castigare
2532 1473 2659 1526 lenti
2694 1471 2890 1542 negotii
2922 1468 3255 1523 aut'omnino
3277 1481 3468 1535 urgere

1899 1565 2234 1634 propositum
2294 1564 2485 1620 morbo
2542 1564 2836 1632 implicitus
2893 1560 3093 1616 diﬂicili
3126 1601 3140 1624 ,
3207 1574 3271 1613 ac
3326 1557 3466 1625 quod

1899 1653 2096 1724 plantis
2163 1655 2413 1710 insistere
2487 1661 2652 1723 atque
2720 1653 2927 1722 ingredi
3001 1650 3271 1720 nequiret,
3331 1649 3470 1702 lecto

1901 1749 2207 1804 necessario
2229 1749 2419 1804 amxus
2441 1750 2573 1804 satis
2600 1747 2896 1816 imperator
2924 1752 3153 1815 poterat.
3178 1741 3468 1812 Egritudo

1901 1855 2060 1909 porro
2115 1841 2522 1896 decumbentem
2582 1838 2731 1893 illum
2780 1835 2943 1890 animi
2995 1835 3275 1890 molestior
3307 1847 3469 1903 quam

1897 1933 2138 2001 corporis
2161 1933 2415 2004 angebat.
2449 1931 2662 1986 Homini
2716 1930 2862 1984 enim
2909 1928 3314 1985 studiosissimo
3363 1924 3471 1980 rei-

1896 2023 2124 2094 publicm
2169 2023 2402 2079 toleratu
2451 2022 2664 2078 facilior
2719 2022 2876 2091 longe
2931 2019 3217 2074 videbatur
3273 2016 3468 2088 pedum

1898 2115 2051 2171 dolor
2080 2115 2424 2186 quantusvis,
2456 2130 2618 2184 quam
2656 2114 2843 2169 dilatio
2866 2111 3231 2182 expeditionis
3277 2123 3468 2163 neces-

1896 2209 2055 2264 sariae
2101 2209 2154 2263 in
2193 2209 2460 2263 Barbaros
2527 2208 2668 2262 bono
2724 2205 2935 2276 publico
2984 2213 3270 2272 susceptae.
3327 2199 3470 2254 Nihil

1899 2302 2088 2355 horum
2122 2300 2281 2355 latuit
2310 2298 2774 2356 Clitziastblanem
2800 2297 3099 2350 Turcorum
3130 2293 3468 2364 principem;

1896 2391 2081 2463 itaque
2115 2392 2162 2448 is
2196 2393 2262 2447 ab
2295 2392 2623 2461 imperatore
2677 2388 2890 2442 interim
2953 2400 3198 2449 securus,
3231 2381 3472 2445 effusis-

1895 2487 2031 2542 sime
2059 2495 2223 2540 totam
2250 2484 2552 2538 latrociniis
2583 2480 2877 2535 infestabat
2897 2477 3104 2540 Asiam,
3137 2482 3344 2544 septem
3374 2488 3470 2541 per

1897 2581 1946 2635 id
1977 2593 2187 2648 tempus
2211 2577 2437 2631 diversis
2463 2576 2514 2630 in
2536 2574 2876 2629 Christianos
2899 2567 3296 2624 incursionibus
3317 2580 3471 2636 gras-

1896 2683 2065 2727 satus.
2103 2669 2338 2739 Tempus
2388 2667 2505 2736 cius
2540 2665 2714 2720 furori
2775 2664 2939 2717 dabat
2997 2660 3209 2729 longius
3253 2657 3470 2711 morbus

1895 2761 2260 2832 imperatoris,
2302 2773 2409 2830 quo
2446 2759 2534 2813 ille
2570 2767 2697 2812 tunc
2744 2756 2980 2809 atrocius
3029 2748 3471 2821 pertinaciusqne

1896 2869 2054 2931 quam
2090 2867 2315 2921 usquam
2359 2850 2493 2904 alias
2532 2857 2768 2902 tentatus
2807 2854 2911 2900 est.
2947 2842 3082 2896 Cum
3109 2844 3251 2894 enim
3277 2856 3340 2895 ex
3383 2839 3470 2892 iu-
3500 2860 3504 2864 η

1899 2945 2134 3002 terrallis
2155 2953 2310 2997 antea
2334 2942 2598 2996 duntaxat
2625 2939 2798 2992 redire
2819 2938 3044 3008 languor
3067 2933 3468 2995 consuevissel,

1899 3047 2025 3092 tunc
2053 3036 2168 3088 sine
2201 3031 2599 3087 intermissione
2643 3029 2747 3084 ulla
2785 3029 3046 3084 continuo
3073 3027 3218 3082 illum
3263 3024 3468 3094 aﬂlige-

211 3120 461 3182 παιδιαῖς
482 3121 654 3188 γέλως
678 3125 788 3186 τοῖς
809 3123 1108 3196 Βαρϐάροις
1137 3127 1342 3196 ἐπῆρτο
1363 3124 1548 3186 πολύς.
1577 3123 1652 3179 Οὐ
1689 3125 1792 3194 μὴν

1902 3132 1992 3184 bat
2058 3133 2235 3182 sensu
2291 3123 2536 3188 doloris,
2595 3121 2936 3190 augescentis
3007 3119 3226 3192 quidem
3305 3116 3471 3170 certis

213 3217 482 3272 ἐλάνθανε
512 3217 687 3272 ταῦτα
720 3217 813 3273 τὸν
846 3220 1245 3292 αὐτοκράτορα,
1279 3221 1574 3274 κάντεῦθεν
1600 3219 1760 3291 ὴρεθί

213 3309 347 3373 ζετο
391 3309 528 3378 πρὸς
569 3309 666 3381 τὴν
708 3311 828 3363 κατ’
854 3310 1035 3364 αὐτῶν
1077 3311 1264 3382 μάχην,
1297 3311 1498 3379 μᾶλλον
1524 3310 1790 3380 παμφλά-

213 3401 382 3464 ζοντα
406 3401 498 3455 τοῦ
522 3401 719 3472 θυμοῦ.
752 3403 824 3456 Οὐ
856 3401 988 3456 πολύ
1015 3402 1074 3456 τὸ
1095 3405 1152 3456 ὲν
1178 3403 1328 3474 μέσῳ
1351 3403 1443 3454 καὶ
1475 3402 1792 3471 κουφισθεὶς

209 3492 312 3561 τῆς
367 3490 586 3562 ὀδύνης,
630 3491 730 3562 τῆς
778 3493 1156 3565 προκειμένης
1197 3492 1512 3563 ὁδοιπορίας
1565 3493 1780 3561 εἴχετο*

207 3586 309 3654 τήν
345 3601 405 3636 τε
442 3583 686 3653 Δάμαλιν
719 3585 1075 3655 διαπεράσας,
1101 3587 1192 3640 καὶ
1219 3587 1310 3638 τὸν
1341 3584 1654 3654 άναμεταξὺ
1688 3586 1789 3638 Κι-

209 3676 377 3746 6ωτῴ
410 3677 642 3748 αἰγιαλῷ
668 3677 1136 3749 διαπλωῖσάμενος
1165 3677 1430 3749 πορθμὸν,
1454 3680 1546 3732 καὶ
1566 3679 1660 3748 τὴν
1686 3680 1788 3732 Κι-

212 3769 394 3822 Εωτίν
433 3769 777 3834 καταλαϐὼν,
813 3770 1026 3824 ἐκεῖθεν
1065 3772 1142 3835 είς
1176 3773 1234 3824 τὸ
1267 3772 1536 3826 Λοπάδιον
1569 3772 1790 3838 ἄπεισι,

211 3862 315 3932 τὴν
354 3863 462 3930 τῶν
494 3863 789 3930 ταγμάτων
827 3863 1176 3935 ἐκδεχόμενος
1207 3866 1421 3931 ἄφιξιν,
1465 3865 1557 3918 καὶ
1595 3865 1792 3918 ὁπόσον

216 3954 614 4025 μισθοφορικὸν
649 3955 1053 4026 μετεπέμπετο.
1099 3956 1272 4009 Ἐπὰν
1308 3956 1363 4012 δὲ
1403 3955 1791 4025 συνεληλύθει-

213 4063 320 4098 σαν
364 4045 638 4110 άπαντες,
680 4046 898 4117 ἀπάρας
935 4044 1148 4098 ἐκεῖθεν
1182 4045 1278 4098 σὺν
1310 4045 1460 4110 ὅλαις
1495 4047 1793 4117 δυνάμεσι,

212 4136 275 4190 τὸ
344 4136 438 4188 τοῦ
496 4137 664 4208 κυροῦ
723 4137 1001 4208 Γεωργίου
1061 4137 1473 4208 καταλαμϐάνει
1534 4140 1796 4209 φρούριον

211 4229 393 4300 ἀγχοῦ
425 4229 528 4298 τῆς
557 4233 622 4302 τῇ
663 4230 866 4300 Νικαία
898 4231 1285 4303 παρακειμένῃ
1319 4230 1486 4304 λίμνῃ
1512 4231 1797 4302 διακείμε-

211 4341 306 4376 νον
330 4342 346 4354 ·
379 4323 616 4377 κακείθα
645 4323 684 4356 ³⁸
712 4324 793 4386 εἰς
821 4323 1079 4394 Νίκαιαν.
1108 4319 1240 4376 Εἶτα
1269 4325 1355 4377 διὰ
1378 4324 1548 4394 τριῶν
1572 4325 1796 4395 ἡμερῶν

210 4411 377 4478 αὖθις
411 4415 744 4485 ὑποστρέφει
781 4414 932 4468 ἔνθεν
970 4414 1068 4484 τῆς
1099 4432 1162 4483 γε
1202 4415 1293 4468 τοῦ
1323 4416 1590 4468 Λοπαδίου
1626 4417 1796 4486 γεφύ-

218 4524 348 4576 ρας,
385 4506 478 4558 καὶ
517 4504 933 4576 στρατοπεδεύει
971 4506 1114 4558 κατᾶ
1149 4504 1245 4576 τὴν
1277 4505 1468 4576 βρύσιν
1494 4505 1588 4559 τοῦ
1623 4526 1796 4578 καρυ-

211 4598 360 4650 κέωε
409 4596 774 4665 καλουμένην,
825 4595 968 4649 οὕτω
1013 4597 1170 4663 δόξαν
1220 4597 1389 4667 αὐτῷ,
1449 4598 1536 4651 ἵνα
1589 4601 1650 4651 τὸ
1699 4600 1796 4669 μὲν

214 4689 542 4758 στράτευμα
585 4687 849 4758 προτέρῳ
888 4687 974 4741 διὰ
1013 4688 1111 4757 τῆς
1152 4687 1397 4759 γεφύρας
1436 4689 1794 4756 διαϐιϐάσας,

211 4778 270 4830 ἐν
308 4777 584 4846 ἐπικαίρῳ
620 4777 771 4843 τόπῳ
798 4779 898 4839 τὰς
926 4779 1128 4848 σκηνάς
1163 4780 1436 4849 πήξηται,
1469 4777 1589 4851 κᾷθ’
1626 4781 1796 4847 οὕτως

210 4871 312 4922 καὶ
365 4869 529 4930 αὐτὸς
582 4869 609 4920 ὁ
661 4869 1019 4940 αὐτοκράτωρ
1062 4869 1152 4923 διὰ
1190 4872 1292 4940 τῆς
1335 4873 1503 4941 αὐτῆς
1551 4875 1799 4944 γεφύρας

211 4959 447 5012 διελθὼν
487 4960 624 5028 μετὰ
657 4961 856 5023 παντὸς
886 4959 980 5012 τοῦ
1023 4961 1430 5031 στρατεύματος
1459 4963 1557 5031 τὴν
1591 4964 1801 5032 βασιλι-

211 5055 322 5123 κὴν
348 5055 618 5124 καταθείη
645 5057 874 5125 σκηνήν.
903 5057 966 5108 0i
988 5056 1043 5108 δὲ
1073 5056 1513 5126 μηχανικώτατοι
1539 5059 1796 5128 Τοῦρκοι,

211 5148 283 5198 τὰ
316 5146 460 5198 κατὰ
491 5147 588 5217 τὴν
617 5149 743 5217 περὶ
774 5149 899 5209 τοὺς
928 5149 1202 5218 πρόποδας
1223 5150 1329 5204 τῶν
1351 5150 1679 5214 Λεντιανῶν,
1705 5153 1800 5204 καὶ

211 5238 319 5306 τῆς
352 5235 496 5289 οὕτω
529 5237 870 5306 καλουμένης
902 5239 1289 5308 Κοτοιραικίας
1318 5240 1670 5310 διακειμένην
1702 5258 1799 5292 πε⁶

215 5327 384 5381 mea
418 5327 755 5398 ληϊζόμενοι,
795 5330 919 5382 ἐπεὶ
963 5330 1061 5400 τὴν
1103 5336 1198 5383 τοῦ
1243 5332 1647 5401 αὐτοκράτορος
1681 5331 1804 5386 κατ’

215 5421 408 5474 αὐτῶν
447 5421 858 5490 μεμαθήκεισαν
888 5421 1094 5490 ἔφοδον,
1130 5423 1628 5490 ὲκδειματωθέντες
1662 5443 1806 5496 παρ-

215 5518 463 5576 αυτίκα,
527 5516 765 5584 πυρσοῦς
823 5517 1180 5586 παμπόλλους
1246 5518 1494 5586 ἀνῆψαν,
1550 5519 1800 5572 ἐντεῦθεν

217 5606 532 5674 φαντασίαν
571 5609 683 5669 τοῖς
725 5607 891 5676 δρῶσι
939 5611 1199 5678 στρατιᾶς
1239 5609 1438 5679 πολλῆς
1467 5609 1798 5681 παρέχοντες

1896 3220 2242 3285 accessibus;
2307 3231 2584 3287 nunquam
2651 3223 2832 3268 tamen
2899 3212 2974 3266 ita
3028 3204 3352 3265 remittentis
3414 3216 3474 3261 ut

1889 3313 2122 3370 liberum
2149 3309 2413 3372 molestia,
2447 3307 2530 3362 vel
2555 3305 2718 3361 rebus
2744 3305 2991 3360 idoneum
3021 3302 3273 3372 gerendis
3308 3299 3474 3353 relino

1895 3414 2086 3476 queret
2109 3405 2432 3473 Augustum.
2450 3399 2656 3454 Interea
2683 3405 2880 3469 praeter
2904 3397 3178 3454 licentiam
3198 3389 3472 3464 pra'dandi

1893 3498 2057 3554 etiam
2093 3495 2377 3550 cavillandi
2402 3508 2587 3548 ansam
2619 3506 2770 3546 mora
2798 3499 2943 3544 tanta
2965 3486 3356 3546 Clitziastltlani
3380 3486 3475 3541 da-

1893 3593 2008 3648 bat.
2043 3589 2167 3644 llaec
2189 3596 2308 3644 erat
2340 3585 2539 3656 passim
2591 3586 2694 3656 ipsi
2735 3585 2960 3652 ejusque
3019 3581 3210 3636 aulicis
3248 3577 3473 3634 materia

1893 3677 2578 3752 sermonmn,przetendere
2610 3677 2990 3746 imperatorem
3013 3687 3142 3728 vero
3174 3671 3354 3726 timori
3390 3669 3472 3723 fa-

1896 3793 2039 3833 mam
2061 3775 2372 3828 mendacem
2391 3769 2582 3834 morbi,
2606 3783 2766 3838 quem
2788 3767 2906 3821 ideo
2923 3765 3200 3820 simularet
3217 3772 3274 3817 ttt
3289 3777 3477 3818 socer-

1897 3872 1999 3927 dim
2035 3878 2194 3938 atque
2222 3865 2448 3936 ignavia:
2477 3861 2753 3917 infamiam
2791 3857 3162 3925 Iucrifacerct;
3218 3866 3381 3925 atque
3416 3855 3473 3910 in

1897 3980 2016 4020 eam
2045 3959 2368 4015 sententiam
2396 3957 2560 4011 multa
2601 3955 2742 4010 salse
2769 3953 2906 4008 inter
2927 3950 3137 4020 patinas
3168 3947 3476 4017 calicesque

1897 4055 2056 4129 461
2083 4052 2424 4120 iocabantur,
2459 4048 2616 4103 faceti
2655 4045 2900 4100 homines
2927 4041 3200 4100 videlicet.
3237 4054 3302 4094 ac
3331 4038 3478 4094 velut

1899 4144 2297 4214 extemporanci
2335 4141 2578 4196 rhetores
2610 4135 2895 4207 exquisitis
2940 4133 3127 4202 ﬁguris
3183 4130 3508 4200 podagram»

1901 4234 2246 4307 imperatoris
2299 4229 2666 4287 celebrabant.
2725 4227 2862 4294 Quin
2911 4226 3073 4278 etiam
3124 4223 3302 4278 scenis
3352 4234 3473 4275 eam

1905 4328 2107 4382 dabant
2153 4330 2526 4391 argumentum
2558 4318 2772 4373 fabulae.
2806 4313 3251 4371 Producebantur
3287 4323 3478 4379 perso-

1905 4421 2012 4475 nati
2088 4417 2321 4481 medici,
2390 4415 2670 4483 longmque
2744 4410 2981 4480 ipsorum
3051 4404 3478 4462 consultationes

1901 4515 1966 4568 de
2016 4510 2355 4579 imperatoris
2407 4507 2632 4570 morbo,
2683 4513 2794 4557 tum
2828 4499 3270 4556 administrorum
3321 4494 3478 4550 fami-

1897 4601 2109 4656 liarium
2147 4596 2404 4666 obsequia
2431 4593 2495 4648 ad
2529 4593 2798 4646 theatrum
2836 4591 2934 4645 sub
2958 4589 3104 4642 larva
3131 4584 3474 4650 ludebautur;

1867 4688 1997 4748 'nec
2050 4693 2237 4746 deerat
2289 4689 2401 4757 ipse
2459 4685 2742 4740 simulatus
2797 4682 3095 4751 imperator
3145 4691 3268 4732 cum
3333 4674 3476 4730 lecto

1897 4785 2080 4840 illatus
2121 4782 2174 4836 in
2237 4779 2476 4835 medium
2525 4786 2579 4830 ct
2622 4776 2732 4829 risu
2773 4769 3162 4843 procacissimo
3198 4767 3476 4821 traductus

1898 4875 2184 4931 otiantium
2234 4873 2622 4925 Barbarorum.
2679 4863 3075 4918 Referebantur
3105 4859 3170 4912 ad
3225 4855 3471 4912 Alexium

1899 4970 2014 5022 hmo
2045 4966 2156 5034 ipsa
2181 5005 2193 5025 ,
2223 4959 2740 5026 exsuscitabantque
2781 4968 2997 5027 gravem
3035 4951 3206 5020 ipsius
3250 4951 3386 5003 iram
3418 4955 3475 5001 ct

1897 5059 2242 5126 cupiditatem
2274 5053 2644 5107 vehementem
2674 5043 3002 5101 ulciscenda:
3025 5055 3189 5108 quam
3239 5041 3471 5109 primum

1900 5151 2013 5204 acri
2047 5163 2221 5218 pugna
2276 5141 2639 5200 contumeliae.
2677 5136 2860 5191 Rediit
2909 5134 3198 5202 aliquando
3226 5128 3476 5184 valetudo

1902 5243 2090 5296 melior
2135 5236 2371 5306 expetita
2402 5232 2583 5286 tandiu
2617 5270 2632 5296 ,
2688 5238 2782 5281 aut
2811 5233 2957 5281 certe
3010 5225 3082 5278 ita
3130 5237 3189 5278 se
3215 5219 3479 5277 relaxavit

1903 5332 2076 5394 dolor,
2107 5336 2164 5381 ut
2211 5324 2488 5396 proposito
2547 5321 2730 5375 itineri
2781 5317 3039 5372 mandare
3091 5328 3151 5370 se
3200 5314 3477 5382 Augustus

1904 5430 2104 5492 posset.
2133 5418 2384 5484 Trajecto
2407 5415 2568 5483 igitur
2601 5410 2877 5478 Bosphoro
2909 5423 2974 5462 ac
3001 5410 3121 5462 sinu
3152 5404 3294 5475 quod
3321 5402 3470 5456 illinc

1907 5491 2153 5570 Cibotnm
2201 5517 2346 5562 recta
2398 5501 2643 5574 pergenti
2700 5497 3175 5554 transmittendum
3209 5491 3470 5556 occurrit,

1909 5601 2304 5666 trausfrelato;
2358 5595 2662 5664 castrisque
2703 5591 2879 5648 obiter
2927 5591 2982 5647 in
3029 5591 3145 5660 ipso
3174 5587 3264 5643 illo
3297 5585 3478 5640 littore

1295 5729 1501 5789 Vat-ire
1547 5729 1853 5792 lectiones
1890 5746 1966 5790 cx
1999 5727 2144 5789 cod.
2179 5719 2443 5782 Coislin.

297 5804 344 5834 ⁸ο
388 5803 663 5857 κὰκ;ἷί);ν.
