3900 6578
398 342 542 408 1119

1703 352 1923 412 ΑΝΝᾸΞ
1949 350 2334 412 (ΣΟΜΝΕΝᾹΞ

3508 350 3641 420 1120

396 456 610 524 penitus
642 458 883 513 abditum
932 460 1296 529 penetralibus
1338 460 1641 523 continuit,
1674 516 1679 521 ,
1707 464 1848 517 nulla
1902 473 1962 517 ut

2083 459 2469 529 ιὺτοκράτορος
2503 454 2751 521 ἄκουσα,⁶
2780 456 2877 511 καὶ
2921 457 3104 510 πυκνὰ
3162 462 3631 537 περιστρεφομένη

399 560 569 615 usque
612 546 662 601 in
690 564 899 615 vocem,
945 560 1153 619 gestum
1225 560 1480 606 nutumve
1528 552 1691 605 ullum
1738 554 1975 620 trepida-

402 635 563 691 tionis
603 638 798 694 indicia
831 642 1130 707 prodierint
1162 660 1176 707 ;
1213 643 1339 711 quin
1377 644 1558 711 potius
1586 644 1734 698 vultu
1770 645 1975 698 fronte-

401 740 506 793 que
555 743 617 781 ac
648 738 785 783 statu
817 731 1059 799 corporis
1090 732 1473 787 firmitudinem
1517 732 1723 785 virilem
1778 744 1972 788 erecta:

405 818 598 869 mentis
675 828 729 872 et
800 836 981 874 veram
1038 822 1394 877 imitationem
1461 824 1600 877 illius
1661 825 1889 878 laudatae
1944 840 1972 877 a

404 905 690 963 Siuumue
768 909 921 964 fortis
1000 913 1241 967 mulieris
1322 914 1754 969 exhibuitznon
1817 916 1975 971 deco-

410 996 571 1051 lnrari
624 1000 824 1067 pallore
867 1001 1033 1057 facies
1062 1043 1076 1069 ,
1121 1021 1225 1057 non
1281 1006 1502 1059 horrere
1533 1016 1719 1071 artus;
1764 1005 1954 1072 llius,

405 1084 639 1153 ejulatus
684 1092 894 1159 nullus;
925 1094 1056 1149 nihil
1104 1095 1357 1164 perferre
1407 1096 1639 1164 denique
1689 1097 1970 1159 muliebre,

406 1190 497 1234 aut
551 1182 869 1253 cujusquam
908 1186 1083 1241 simile
1118 1188 1329 1243 illorqu
1356 1204 1475 1257 qum
1510 1189 1671 1241 multa
1719 1188 1970 1241 imbecilli

2074 549 2210 620 πρὸς
2241 551 2449 603 ἐκεῖνον
2503 550 2598 601 καὶ
2639 548 2797 618 θαμὰ
2845 550 3306 618 προσῦλέπουσα·
3354 552 3505 621 ὅμως
3548 557 3636 623 μέν

2072 660 2154 695 τοι
2217 642 2543 695 συντείνασα
2593 642 2795 710 ἑαυτὴν
2835 641 2932 693 καὶ
2981 638 3094 693 οἷον
3127 643 3436 704 τονώσασα,
3497 647 3637 713 μόγις

2075 735 2363 804 ὲπηλλάγη
2402 734 2498 786 τοῦ
2545 734 2834 803 βασιλέως,
2894 734 3152 787 κάκεῖθεν
3184 736 3476 789 καταϐᾶσα
3521 739 3640 806 πρὸς

2076 825 2376 889 θάλασσαν,
2416 824 2652 877 κᾶπειτα
2681 825 2760 886 εἰς
2790 826 2849 876 τὸ
2884 826 3004 887 ταῖς
3050 823 3322 892 βασιλίσιν
3383 826 3636 879 ἀποτετα-

2082 915 2286 984 γμένον
2308 917 2542 986 μονῆρες
2568 916 2969 985 εἰσεληλυθυῖα,
2998 918 3098 987 τὴν
3124 919 3282 985 ἠϊόνα
3306 916 3401 984 τῆς
3424 916 3641 971 Βιθυνῶν

2083 1006 2503 1075 παραπλέουσα,
2539 1007 2828 1060 θαλαττίου
2860 1008 3130 1069 κλύδωνος
3156 1008 3327 1077 αὐτὴν
3353 1010 3642 1076 κατασχόν-

2080 1115 2191 1161 τος,
2218 1100 2337 1160 ταῖς
2369 1100 2563 1161 ἀκταῖς
2604 1099 2701 1165 τῆς
2748 1100 3175 1161 Ἐλενουπὸλεως
3201 1099 3300 1169 τὴν
3340 1097 3474 1150 ναῦν
3498 1115 3643 1168 προσ-

2113 1190 2411 1260 ορμίσασα,
2444 1191 2588 1244 κεῖθι
2616 1192 2752 1255 τέως
2784 1192 3086 1255 αὐλίζεται.

404 1276 681 1346 cunctique
712 1282 874 1335 animi
903 1286 1063 1337 edere
1106 1283 1159 1337 in
1193 1284 1631 1338 consternatione
1658 1323 1672 1346 ,
1736 1284 1801 1335 ad
1859 1286 2039 1353 magni
2109 1297 2309 1339 metum
2353 1286 2607 1341 instantis
2640 1288 2761 1340 mali
2793 1287 3047 1341 mulieres
3074 1288 3371 1342 cernimus.
3429 1285 3521 1340 llle
3552 1288 3648 1355 ipse

402 1367 559 1425 adeo.
590 1374 740 1437 cujus
770 1372 965 1426 eratin
998 1372 1177 1427 cordis
1201 1375 1562 1442 penetralibus
1586 1374 1685 1426 sibi
1724 1376 1964 1439 conscia,
2005 1375 2177 1430 latens
2220 1386 2428 1441 metus,
2478 1386 2531 1431 et
2582 1378 2842 1431 rationem
2886 1378 3074 1432 habuit
3122 1388 3175 1432 et
3224 1380 3499 1433 ordinem.
3566 1378 3645 1433 Ti-

404 1460 581 1512 tuehat
617 1460 1221 1531 imperatori,primum
1281 1478 1347 1517 ne
1379 1479 1478 1531 qua
1513 1478 1670 1524 enin,
1704 1463 1831 1516 nihil
1907 1464 2272 1531 periculorum
2323 1474 2687 1533 recusantem,
2744 1468 2938 1521 Martis
2998 1468 3144 1522 dubii
3206 1471 3427 1524 fortuna
3493 1471 3644 1528 incle-

405 1551 637 1605 memior
667 1554 961 1622 afﬂigeret;
998 1557 1221 1611 timebat
1252 1557 1352 1611 sibi
1373 1555 1585 1621 deinde,
1618 1556 1755 1611 mala
1785 1557 2074 1627 providens
2102 1574 2256 1627 qum,
2284 1561 2328 1613 si
2357 1560 2485 1629 quid
2567 1561 2881 1617 lnuuanitus
2948 1562 3064 1616 viro
3129 1564 3479 1633 contigisset,
3539 1570 3647 1623 sub.

408 1643 581 1695 enuda
620 1646 1083 1702 monstrabantur.
1111 1647 1327 1701 Timore
1355 1657 1531 1701 tamen
1562 1656 1789 1715 utroque
1822 1649 2008 1701 virtuti
2042 1656 2156 1702 tum
2192 1651 2532 1717 cvsuperauti
2600 1654 2963 1717 concedente,
3014 1654 3131 1709 vale
3179 1654 3424 1724 Augusto
3488 1657 3645 1733 dixit,

404 1735 563 1804 plane
592 1738 675 1793 sui
732 1754 973 1810 eompos,
1032 1756 1132 1797 nec
1185 1742 1461 1813 indignum
1511 1744 1595 1796 vel
1661 1742 1751 1797 tali
1800 1741 2031 1797 articulo
2093 1758 2247 1812 passa
2302 1746 2593 1815 quidquam
2646 1748 3007 1816 generositate
3058 1749 3295 1818 propria.
3349 1748 3476 1804 Mox
3524 1751 3644 1804 viam

408 1845 739 1898 capessens,
791 1849 948 1903 quam
1027 1834 1195 1889 invita
1253 1839 1528 1890 recederet
1606 1835 1674 1889 ab
1725 1836 2048 1903 imperatore
2086 1835 2313 1890 subinde
2371 1848 2687 1907 respectans
2740 1838 3072 1895 declarabat.
3136 1840 3406 1909 Pergebat
3490 1853 3645 1897 tamen

407 1926 694 1992 semetipsa
780 1926 1109 1991 ohtirmans,
1159 1928 1365 1997 judicio
1415 1945 1519 1983 non
1562 1928 1730 1983 amori
1785 1928 1965 1982 minus
2033 1942 2192 1996 quam
2227 1928 2403 1984 timori
2449 1931 2779 1986 moderante.
2846 1931 2982 1987 llinc
3031 1932 3187 1987 simul
3234 1933 3301 1986 ad
3352 1948 3505 1987 mare
3570 1935 3649 1992 de-

406 2018 636 2083 scendit,
688 2018 958 2088 propriam
990 2019 1347 2087 Augustarum
1378 2035 1653 2076 monerem
1687 2020 1968 2089 ingressa,
2009 2032 2162 2074 oram
2206 2018 2558 2091 Bithynorum
2605 2022 2772 2095 legit:
2838 2024 3033 2080 dehinc
3090 2034 3411 2095 tempestate
3476 2028 3648 2097 depre-

409 2110 593 2173 hensa,
629 2109 935 2180 llelenOpoli
966 2128 1155 2169 navem
1182 2114 1410 2185 appulit,
1439 2114 1619 2185 ibique
1646 2114 1864 2169 mansit.

481 2203 587 2260 Sed
644 2208 709 2261 de
792 2205 1033 2277 Augusta
1114 2210 1394 2266 hactenus.
1442 2204 1765 2280 ‘lmperator
1847 2213 2051 2271 veroB

409 2310 530 2350 cum
562 2299 805 2368 cognatis
860 2310 913 2355 et
972 2302 1297 2377 militaribus
1356 2304 1487 2357 viris
1552 2304 1824 2371 primariis
1884 2306 1975 2375 qui

409 2402 530 2442 cum
579 2388 698 2456 ipso
730 2402 904 2455 erant,
937 2394 1119 2447 statim
1180 2395 1231 2447 in
1284 2394 1658 2468 armisfm
1714 2397 1883 2459 stetit,
1922 2407 1976 2452 et

413 2481 568 2547 cquis
620 2496 807 2537 manes
876 2487 1203 2550 conscensis,
1246 2487 1477 2541 Nicaeam
1537 2505 1725 2543 versus
1773 2490 1978 2543 inibant

408 2573 570 2625 viam.
641 2572 692 2626 ld
757 2576 843 2627 ubi
900 2589 1265 2643 cognoverunt
1326 2580 1565 2646 Barbari,
1619 2582 1789 2635 Alano
1840 2599 1979 2653 quo-

410 2662 531 2714 dam
599 2678 756 2732 quem
846 2678 1100 2736 ceperant
1185 2672 1522 2740 imperatoris
1616 2683 1801 2727 contra
1885 2692 1977 2731 ve-

416 2754 613 2809 nientis
666 2757 987 2813 instructum
1058 2762 1420 2832 impetumque
1496 2766 1625 2833 ipsis
1676 2769 1977 2836 nuntiante,

416 2861 520 2899 non
580 2849 954 2904 sustinuerunt
1008 2853 1089 2907 vel
1143 2852 1336 2908 famam
1402 2856 1519 2925 cjus
1577 2859 1827 2926 primam,
1886 2861 1981 2915 sed

417 2936 606 2991 iisdem
670 2941 863 3007 quibus
927 2945 1217 2998 veniebant
1276 2946 1483 3001 seruilis
1520 2986 1535 3012 ,
1593 2951 1763 3005 versis
1820 2951 1981 3021 impi-

417 3044 513 3093 gre
579 3032 818 3101 vestigiis
877 3032 1012 3103 fugae
1082 3050 1141 3090 se
1207 3038 1548 3096 mandarunt.
1623 3043 1702 3097 Ac
1754 3042 1982 3099 Strabo-

413 3120 649 3178 basilcus
696 3134 749 3179 et
788 3124 1010 3181 Michael
1055 3126 1308 3199 Stypeota
1349 3128 1684 3202 (Stypeotam
1727 3134 1813 3189 hic
1856 3136 1981 3206 quis

414 3215 641 3269 audiens
673 3232 741 3272 ne
791 3217 943 3272 illum
986 3218 1263 3290 hybridam
1307 3224 1546 3292 cogitet;
1579 3240 1702 3279 nam
1736 3226 1783 3282 is
1824 3228 1982 3295 hujus

416 3307 720 3375 cmptitium
790 3310 1116 3379 mancipium
1191 3328 1313 3366 cum
1385 3312 1599 3380 fuisset,
1666 3317 1979 3387 imperatori

417 3396 614 3452 deinde
672 3400 813 3453 dono
868 3400 1047 3467 datus,
1109 3403 1308 3472 prioris
1363 3406 1561 3460 domini
1617 3410 1882 3464 vocabulo
1915 3414 1982 3466 ad

414 3487 602 3555 gratim
624 3493 937 3544 memoriam
963 3491 1249 3562 insignitus
1278 3500 1407 3567 est),
1429 3497 1705 3569 Stypeota,
1738 3502 1979 3571 inquam,

411 3594 442 3631 e
478 3595 703 3635 numero
739 3594 1072 3653 magnatum,
1101 3588 1201 3641 viri
1243 3589 1401 3645 ambo
1432 3590 1737 3658 fortissimi,
1772 3603 1823 3646 et
1853 3595 1982 3648 olim

412 3670 555 3725 fama
621 3674 834 3729 virtutis
895 3677 1173 3742 celebres,
1216 3696 1339 3734 cum
1400 3681 1541 3737 forte
1582 3693 1693 3737 tum
1753 3686 1804 3739 in
1835 3687 1983 3757 jngis

415 3762 756 3821 Cermiorum
812 3781 1173 3837 morarentur,
1198 3774 1361 3829 calles
1420 3787 1679 3846 augustos
1705 3789 1757 3832 et
1803 3780 1985 3835 devios

414 3858 681 3913 transitus
710 3870 1011 3923 servantes,
1046 3874 1124 3925 ut,
1161 3864 1203 3917 si
1239 3880 1343 3931 qua
1396 3878 1632 3934 possent,
1662 3870 1810 3923 velut
1836 3870 1983 3925 feras

413 3946 677 4012 cassibus,
714 3950 795 4004 sic
837 3950 1104 4005 Barbaros
1159 3954 1369 4009 insidiis
1415 3958 1980 4025 comprehenderent:

412 4037 572 4091 simul
600 4038 740 4093 hunc
772 4054 961 4093 eorum
995 4045 1229 4096 reditum
1267 4059 1592 4114 eugnovere,
1624 4047 1674 4099 iu
1706 4048 1984 4117 subjectos

410 4145 631 4199 campos
661 4132 991 4198 desilientes,
1022 4151 1143 4190 acie
1174 4136 1243 4191 ibi
1269 4154 1387 4193 eum
1411 4139 1541 4208 ipsis
1579 4143 1816 4206 puellum
1847 4160 1983 4197 cou-

410 4233 620 4287 serunt,
652 4226 981 4294 eosdemque
1021 4231 1237 4297 egregie
1266 4233 1512 4285 vincunt.
1541 4233 1761 4287 Interim
1804 4236 1980 4303 impc-

411 4316 772 4371 ratoritinere
804 4317 1021 4386 inceptu
1051 4336 1297 4390 pergens,
1332 4325 1397 4377 ad
1427 4326 1621 4392 smpius
1650 4328 1977 4382 nominatam

411 4404 632 4478 Georgii
694 4424 874 4463 arcem
922 4412 1206 4478 pervenit;
1267 4414 1394 4469 hinc
1436 4416 1577 4470 ultra
1610 4418 1659 4470 in
1706 4420 1978 4487 quoddam

410 4500 671 4568 oppidum
727 4501 1034 4571 (Sagudaos
1096 4506 1361 4574 indigenae
1414 4511 1635 4577 vocant)
1664 4526 1980 4579 pmgressus

410 4606 478 4645 ne
512 4591 584 4644 ihi
624 4593 840 4660 quidem
871 4592 1079 4649 Turcos
1138 4599 1362 4662 reperit.
1420 4600 1684 4654 Caeterum
1720 4619 1842 4656 mox
1889 4619 1979 4658 ae-

410 4692 568 4754 cepto
604 4684 792 4739 nuntio
826 4686 1119 4754 Splendidae
1150 4688 1394 4743 victoriae
1423 4706 1451 4743 a
1489 4692 1621 4746 viris
1666 4694 1980 4749 fortissimis

410 4789 549 4843 quos
608 4778 766 4829 modo
827 4778 1122 4844 neminavi,
1175 4778 1433 4851 Stypeota
1480 4794 1533 4835 et
1583 4783 1974 4851 Strabobasile,

2160 2206 2323 2261 Ἀλλὰ
2379 2204 2554 2265 ταῦτα
2585 2206 2685 2275 μὲν
2728 2205 2797 2259 τὰ
2826 2206 2953 2275 περὶ
2985 2204 3084 2275 τὴν
3126 2206 3471 2274 Αὖγοῦσταν.
3520 2207 3573 2261 '0
3599 2209 3647 2263 δὲ

2080 2300 2443 2370 αὐτοκράτωρ
2474 2296 2617 2368 μετὰ
2650 2300 2758 2351 τῶν
2792 2299 3061 2352 συνόντων
3092 2298 3450 2363 στρατιωτῶν
3474 2315 3532 2350 τε
3565 2300 3649 2351 καὶ

2082 2394 2362 2463 συγγενῶν
2397 2393 2560 2455 εὐθὺς
2609 2391 2699 2445 ἐπὶ
2730 2392 2842 2454 τοῖς
2870 2390 3059 2454 ὅπλοις
3094 2385 3184 2461 ἦν,
3236 2392 3330 2442 καὶ
3358 2389 3423 2460 δὴ
3455 2391 3648 2460 ὲποχη-

2081 2488 2266 2549 θέντες
2311 2487 2572 2550 ἅπαντες,
2626 2484 2725 2553 τὴν
2757 2482 2894 2551 πρὸς
2945 2482 3184 2535 Νίκαιαν
3241 2482 3466 2535 ὥδευον.
3517 2482 3647 2535 Οἱδὲ

2080 2578 2359 2648 Βάρϐαροι
2425 2577 2649 2628 Ἀλανὸν
2695 2592 2816 2626 τινα
2870 2574 3240 2642 κατασχόντες
3280 2576 3377 2626 καὶ
3417 2575 3518 2644 τὴν
3557 2573 3644 2625 τοῦ

2085 2668 2348 2739 βασιλέως
2382 2666 2504 2720 κατ’
2531 2664 2715 2719 αὐτῶν
2747 2663 2937 2733 ἔφοδον
2961 2663 3025 2715 δι’
3056 2664 3221 2716 αὑτοῦ
3250 2664 3647 2735 μεμαθηκότες,

2081 2762 2151 2815 δι’
2179 2756 2252 2814 ὧν
2276 2756 2438 2830 ἦλθον
2467 2759 2753 2827 ἀτραπῶν,
2778 2757 2865 2809 διὰ
2897 2756 3106 2809 τούτων
3162 2758 3478 2829 ἐπανῄεσαν
3532 2759 3649 2828 φεύο

2082 2872 2288 2923 γοντες.
2339 2853 2397 2907 '0
2426 2852 2482 2905 δέ
2548 2869 2612 2921 γε
2673 2851 3170 2918 Στραεοῦασίλειος
3219 2852 3317 2904 κα)⁸
3381 2850 3650 2919 Μιχαὴλὸ

2084 2943 2434 3015 Στυπειώτης
2507 2942 2881 3013 (Στυπειώτην
2932 2943 2989 2995 δὲ
3045 2942 3263 2995 ἀκούων
3316 2959 3403 3003 τις
3453 2943 3523 3011 μὴ
3566 2943 3649 2993 τὸν

2088 3037 2497 3108 μιξοϐάρϐαροι»
2554 3035 2791 3089 νοείτωο
2854 3035 3247 3106 ἀργυρώνητος
3302 3036 3412 3106 γὰρ
3466 3035 3647 3089 τούτου

2085 3133 2290 3194 ἐκεῖνος
2324 3129 2512 3193 δοῦλος
2543 3128 2809 3199 γεγονὼς,
2840 3130 2895 3192 ἐς
2937 3127 3162 3200 ὕστερον
3204 3129 3283 3197 τῷ
3343 3129 3547 3197 βασιλεῖ
3582 3130 3650 3192 ὠς

2084 3222 2255 3294 δῶρόν
2278 3240 2329 3275 τι
2365 3222 2502 3290 πρὸς
2533 3221 2697 3275 αὐτὸν
2738 3221 3180 3291 προσενήνεκται
3203 3236 3217 3250 ο
3246 3220 3387 3274 ἀλλά
3405 3238 3521 3273 τινα
3548 3222 3649 3272 τῷν

2084 3313 2185 3381 τῆς
2215 3312 2461 3382 μείζονος
2485 3310 2703 3380 τύχης),
2729 3311 2923 3381 ἄνδρες
2950 3304 3098 3364 οὗτοι
3130 3308 3530 3381 μαχιμώτατοι,
3560 3313 3649 3362 καὶ

2085 3404 2193 3457 τῶν
2223 3405 2391 3456 πάλαι
2426 3403 2814 3472 ὑμνουμένων,
2852 3396 3000 3455 οὗτοι
3031 3404 3174 3455 κατὰ
3203 3404 3304 3465 τὰς
3322 3404 3648 3472 ἀκροὶοφξτς

2085 3496 2191 3549 τῶν
2240 3495 2493 3565 ιἐρμὶων
2547 3493 3010 3563 ἐνδιατρίϐοντες,
3074 3495 3167 3546 καὶ
3213 3493 3316 3553 τὰς
3378 3496 3648 3564 ἁμφὸδους

2090 3586 2601 3658 παρασκοποῦντες,
2644 3586 2801 3637 εἵπου
2823 3588 2940 3647 ταῖς
2981 3586 3214 3655 ἄρκυσιν
3236 3586 3440 3651 αὐτῶν,
3487 3586 3648 3640 καθαο

2086 3696 2191 3749 περ
2220 3696 2302 3740 τις
2354 3676 2497 3745 θῆρα
2523 3678 2570 3729 οἱ
2618 3676 2899 3746 Βάρὸαροι
2933 3679 3331 3746 περιπεσόντες
3367 3676 3535 3746 at).qu
3577 3678 3646 3740 ὡς

2082 3770 2183 3833 τὴν
2207 3770 2413 3822 τούτων
2449 3769 2663 3821 ἕλευσιν
2714 3770 3153 3838 μεμαθήκεισαν,
3213 3768 3365 3840 παρὰ
3416 3769 3510 3831 τὰς
3557 3786 3646 3821 πε-

2086 3863 2275 3926 διάδας
2328 3863 2426 3925 τὰς
2491 3861 2632 3914 οὕτω
2688 3862 3034 3931 καλουμένας
3107 3898 3125 3917 .
3204 3902 3219 3916 .
3300 3902 3314 3915 .
3398 3904 3412 3917 .
3498 3861 3645 3913 ἀνελ-

2085 3953 2274 4016 θόντες
2305 3954 2401 4008 καὶ
2429 3952 2823 4022 ἀναδεξάμενοι
2870 3953 2961 4003 τὸν
3023 3952 3139 4022 μετ’
3179 3952 3364 4005 αὐτῶν
3397 3953 3641 4022 πόλεμον,

2085 4047 2269 4116 μάχην
2299 4045 2702 4115 συνεστήσαντο
2730 4044 3007 4114 καρτερὰν
3051 4044 3395 4113 ἡττήσαντες
3428 4043 3641 4106 τούτους

2089 4140 2459 4209 κατακράτος.
2507 4138 2847 4191 Καταλαὸὼν
2886 4138 2942 4190 δὲ
2981 4137 3009 4189 ὀ
3038 4136 3401 4207 αὐτοκράτωρ
3433 4135 3491 4187 τὸ
3525 4135 3642 4187 πολ⁸

2082 4232 2241 4295 λὰκις
2271 4233 2567 4303 εἰρημένον
2595 4232 2854 4301 φρούριον
2876 4232 3179 4302 Γεωργίου,
3209 4230 3469 4283 κακεῖθεν
3500 4228 3640 4289 αὖθις

2084 4324 2401 4394 κωμόπολίν
2436 4340 2558 4377 τινα
2584 4322 2929 4390 Σαγουδάους
2990 4322 3271 4392 ὲγχωρὶως
3312 4320 3638 4389 καλουμένην

2081 4417 2176 4469 καὶ
2224 4418 2337 4479 τοῖς
2385 4416 2654 4486 Τούρκοις
2720 4414 2818 4482 μὲν
2873 4414 2946 4484 μὴ
2999 4414 3263 4483 ἐντυχὼν,
3322 4410 3638 4483 μεμαθηκὼς

2078 4508 2135 4562 δὲ
2192 4507 2264 4561 τὰ
2314 4508 2602 4576 συμϐάντα
2640 4507 2857 4570 τούτοις
2900 4505 3205 4575 παρὰτῶν
3247 4504 3348 4573 ἥδη
3381 4502 3635 4572 ῥηθέντων

2077 4598 2346 4668 γενναίων
2396 4599 2626 4669 ἀνδρῶν,
2651 4598 2747 4652 τοῦ
2783 4617 2841 4651 τε
2874 4596 3243 4659 Στυπειώτου,
3280 4596 3377 4647 καὶ
3419 4596 3460 4625 ¹¹
3482 4594 3633 4662 Στρα-

2081 4694 2364 4747 6ο6ασίλει
2415 4694 2580 4761 φημὶ,
2618 4692 2713 4745 καὶ
2767 4689 3173 4778 αποδεξάμενος
3225 4688 3337 4778 τὴν,
3377 4688 3435 4752 ἐξ
3492 4683 3634 4737 αὑτοῦ

2080 4785 2254 4853 ἀρχῆς
2319 4780 2524 4850 τόλμαν
2556 4782 2652 4835 καὶ
2731 4776 2890 4850 νίκην
2956 4778 3064 4831 τῶν
3130 4776 3440 4846 ’1)ωμαίων,
3512 4793 3635 4843 try:-

412 4866 615 4931 relatre,
658 4867 799 4922 vallo
834 4869 1031 4924 ibidem
1058 4881 1209 4925 extra
1248 4872 1298 4927 id
1327 4874 1469 4941 quod
1503 4874 1611 4928 dixi
1641 4877 1973 4931 castellulum

2083 4874 2314 4927 καῦταὸ
2339 4871 2507 4926 αὐτοῦ
2538 4888 2639 4925 που
2683 4871 2884 4937 ἔξωθεν
2921 4868 3138 4923 τουτουῖ
3180 4868 3274 4921 τοῦ
3316 4866 3632 4921 Καστελλὶυυ

413 4954 543 5020 fixo,
579 4958 885 5027 rastrisque
917 4961 1156 5027 metatis,
1184 4976 1303 5016 eum
1335 4966 1649 5019 exsultante
1686 4968 1859 5021 milite
1890 4968 1976 5022 lae-

412 5054 500 5101 tus
526 5050 640 5116 ipse
693 5064 756 5101 ac
796 5050 1076 5118 gratulans
1129 5052 1361 5107 fructum
1414 5071 1700 5111 successus
1732 5063 1979 5127 auspica-

416 5147 609 5200 tissimi
652 5149 914 5215 gustavit,
942 5151 1190 5205 meritam
1227 5152 1345 5221 ejus
1370 5153 1632 5208 facinoris
1663 5155 1979 5209 auctoribus

414 5254 517 5292 non
544 5256 704 5306 parce
742 5240 961 5295 laudent
996 5242 1648 5315 impertienstalamque
1678 5246 1976 5314 proﬁtens:

418 5330 499 5385 sic
532 5331 600 5384 ab
628 5333 730 5385 illis
757 5348 784 5385 a
824 5334 1093 5405 principio
1123 5336 1189 5389 ad
1231 5338 1436 5391 exitum
1481 5353 1591 5391 rem
1634 5338 1982 5393 administra-

417 5431 525 5475 tam
557 5433 954 5496 patratamque,
979 5437 1036 5479 nt
1060 5443 1182 5481 cum
1211 5443 1385 5499 neque
1409 5430 1636 5484 consilio
1667 5431 1978 5500 prudentia,

416 5528 593 5585 neque
653 5519 986 5585 aggressioni
1047 5518 1326 5588 fortitudo,
1385 5537 1482 5578 nec
1548 5523 1732 5591 pratlio
1781 5524 1977 5591 virtus,

2074 4967 2166 5021 τὸν
2198 4968 2419 5036 χάρακα
2452 4966 2743 5034 πήγνυται.
2769 4964 2849 5032 Τῇ
2898 4962 2955 5015 δὲ
3006 4963 3124 5030 μετ’
3153 4962 3325 5029 αὐτὴν
3380 4960 3457 5023 ὡς
3503 4962 3635 5027 παρᾶ

2074 5061 2171 5130 τὴν
2206 5057 2583 5111 Ἐλενούπολιν
2615 5055 2910 5116 κατελθὼν,
2931 5056 2997 5129 τῇ
3033 5052 3261 5123 βασιλίδι
3288 5054 3626 5120 ἐντετυχήκει

2078 5153 2158 5205 ἔτι
2189 5149 2528 5220 αὐλιζομὲνῃ
2570 5148 2663 5201 διὰ
2691 5147 2750 5199 τὸ
2795 5147 2895 5215 τῆς
2928 5145 3196 5211 θαλάττης
3232 5143 3493 5197 ἄπλετον.
3521 5147 3635 5210 Διη-

2077 5245 2394 5315 γησάμενος
2425 5241 2519 5295 οὖν
2553 5241 2621 5294 τὰ
2655 5239 2943 5309 συμϐάντα
2978 5240 3091 5300 τοῖς
3142 5238 3432 5306 Τούρκοις,
3465 5236 3554 5288 καὶ
3573 5234 3637 5295 ὡς

2080 5338 2238 5405 νίκης
2291 5331 2692 5403 ἐπιθυμοῦντες
2753 5330 3012 5399 συμφορὰ
3068 5329 3500 5401 προσεπέλασεν,
3556 5326 3634 5376 καὶ

2081 5430 2309 5500 κρατεῖν
2355 5424 2761 5495 φανταζόμενοι
2796 5420 3001 5491 μᾶλλον
3036 5419 3435 5487 κεκράτηνται,
3477 5418 3563 5469 καὶ
3593 5416 3633 5465 τ’

2084 5518 2311 5572 ἁναντία
2338 5515 2444 5569 τῶν
2484 5512 2973 5585 προσδοκηθέντων
3009 5510 3346 5581 ἐφεύροσαν,
3404 5509 3497 5562 καὶ
3551 5509 3630 5569 τῆς

1472 5654 1669 5717 Varia:
1701 5656 2000 5719 lectiones
2034 5670 2107 5717 ex
2150 5650 2287 5714 cod.
2323 5646 2588 5710 Coislin.

494 5778 536 5807 η
564 5779 653 5828 καὶ
688 5778 799 5833 τοῦ.
