3900 6568
236 469 356 533 1221
684 514 689 515 κ
1456 465 1791 528 ALEXIAD

1916 464 2059 524 LIB.
2106 467 2229 527 XV.
3339 461 3477 525 1122

232 581 428 650 πολλῆς
463 581 707 653 ἀθυμίας
738 582 1193 655 ἀνακτησάμενος
1240 582 1434 654 αὑτὴν,
1465 584 1687 637 ἄπεισιν
1729 581 1794 642 ὡς

1913 595 2011 633 nec
2040 580 2260 633 conatui
2296 578 2527 633 felicitas
2555 576 2813 641 defuerit,
2851 591 2961 631 non
2994 576 3165 643 magis
3189 576 3255 627 ad
3294 576 3478 644 priva-

239 676 374 742 πρὸς
409 674 668 729 Νίκαιαν.

1929 682 2040 725 tum
2069 672 2307 739 ipsorum
2348 671 2702 739 prmconinm,
2736 684 2897 738 qttatn
2946 668 3011 721 ad
3042 667 3312 737 publicum
3345 680 3481 733 gau-

230 770 366 821 dium
419 769 716 837 quidquam
755 769 824 822 sit
852 769 1240 834 desideratum,
1276 767 1454 823 Movet
1515 769 1666 823 illinc
1695 769 1957 839 postridie
1992 780 2182 821 versus
2250 763 2643 833 llelenOpolitn,
2713 762 2804 816 ubi
2864 763 3163 831 Augustam
3234 773 3477 833 commo-

229 862 347 914 dmn
378 861 626 927 offendit,
701 863 825 915 dum
893 877 1039 915 mare
1104 862 1500 917 detumesceret
1547 864 1619 918 ibi
1692 865 1869 919 adhuc
1907 868 2333 932 exspectantem.
2384 856 2443 910 Ei
2503 872 2609 912 non
2650 871 2839 925 parum
2883 854 3060 908 anxiae
3105 870 3201 924 pro
3234 853 3477 922 periculo

232 954 281 1006 in
310 968 418 1021 quo
470 953 643 1006 virum
709 963 874 1020 atque
901 946 1204 1007 exercitum
1240 953 1554 1021 reliquerat,
1598 969 1803 1008 mceror
1842 952 2097 1009 videlicet
2132 947 2635 1002 abstersusomnis
2665 954 2771 1008 est,
2807 960 2929 998 cum
2979 943 3199 998 nuntius
3259 957 3354 1011 per
3410 958 3470 999 se

228 1044 541 1097 laetissimus
597 1046 755 1097 virtre
797 1042 1031 1097 feritatis
1064 1044 1329 1110 Turcirte,
1367 1046 1434 1100 ab
1500 1062 1607 1100 uno
1669 1047 1867 1101 idoneo
1900 1045 2138 1099 maxime
2165 1040 2403 1094 onmium
2451 1040 2517 1093 ad
2564 1038 2952 1093 consolandam
3006 1052 3202 1105 aegram
3255 1046 3479 1091 auctore

229 1133 551 1188 deferretur.
588 1133 845 1187 Narravit
883 1151 1064 1188 coram
1103 1135 1203 1203 ipsi
1238 1137 1495 1188 nimirum
1521 1137 1797 1204 Angustus
1837 1134 1964 1204 qttid
2001 1132 2201 1186 Turcis
2226 1129 2503 1184 evenisset
2553 1126 2685 1192 illis,
2742 1136 2928 1181 contra
2955 1141 3013 1181 se
3080 1126 3475 1179 nudiustertius

226 1238 372 1280 tanta
407 1228 601 1281 fiducia
655 1228 1004 1296 pergentibus
1043 1245 1058 1281 :
1099 1239 1152 1281 ttt
1182 1239 1290 1282 tum
1340 1228 1637 1283 lardissimc
1670 1229 1780 1284 sint
1818 1227 2080 1299 prolapsi,
2116 1240 2237 1279 cum
2290 1222 2756 1278 confidentissime
2812 1230 3185 1290 assurgerent,
3252 1229 3307 1273 et
3379 1232 3479 1287 pro

226 1320 449 1373 victoria
496 1337 658 1389 quant
695 1321 797 1374 sibi
846 1322 1157 1377 vanissimis
1206 1322 1619 1390 despondissent
1683 1322 1904 1390 spebus,
1985 1318 2331 1387 itnprovisam
2381 1316 2590 1371 cladem
2643 1315 2995 1369 invenissent.
3069 1310 3150 1364 Ab
3213 1311 3296 1364 liis
3362 1320 3478 1364 sta-

224 1414 312 1467 tim
338 1413 463 1468 inde
508 1413 743 1466 Nicaeam
774 1429 832 1467 se
855 1414 1085 1468 confert.
1131 1416 1208 1468 lbi
1238 1415 1411 1468 factus
1455 1418 1656 1469 certior
1686 1415 1754 1469 de
1792 1414 1960 1468 altera
2004 1411 2314 1465 incursione
2346 1409 2646 1463 Turcorum
2679 1406 2975 1474 Lapadium
3013 1404 3398 1475 proficiscitur.

300 1508 515 1558 Ἐκεῖτε
567 1506 621 1559 δὲ
661 1506 850 1575 ἔφοδον
902 1508 1105 1578 ἐτέρων
1140 1508 1477 1579 μεμαθηκὼς
1510 1509 1794 1577 Τοῦρκων,

222 1600 435 1669 ἔρχεται
473 1600 609 1671 προς
634 1600 693 1652 τὸ
723 1599 993 1652 Λοπάδιον
1023 1601 1080 1652 ἐν
1109 1592 1153 1666 ᾧ
1189 1600 1387 1669 μικρὸν
1433 1600 1795 1670 χρονοτριϐῆ-

220 1708 312 1751 aut;
367 1692 460 1744 καὶ
519 1690 856 1761 μεμαθηκὼς
898 1691 995 1762 τὴν
1055 1693 1290 1745 Νίκαιαν
1341 1684 1835 1761 καταλαμϐάνειν’

220 1784 349 1837 πολὺ
409 1783 721 1854 Τουρκικον
764 1785 1118 1855 στράτευμα,
1180 1787 1279 1848 τὰς
1335 1786 1597 1855 δυνάμεις
1659 1787 1791 1839 ἁνα-

218 1877 514 1945 ).αϐὁμενος
532 1917 546 1941 ,

219 1969 309 2037 τῆς
370 1970 537 2039 αὐτῆς
568 1970 763 2034 νυκτὸς
820 1973 1161 2041 μεμαθηκτῖς
1223 1973 1423 2032 αὐτοὺς
1463 1974 1529 2041 cf}
1584 1971 1793 2043 Νικαίᾳ

218 2061 617 2128 προσπελάζειν
688 2062 813 2131 ἤδη,
875 2063 1095 2132 ἀπάρας
1149 2064 1357 2115 ἐκεῖθεν
1432 2061 1651 2132 ἔρχεται
1706 2061 1793 2115 διὰ

219 2154 307 2220 τῆς
386 2152 621 2216 Νικαίας
704 2157 840 2224 πρὸς
894 2156 1234 2222 Μίσκουραν.
1297 2155 1407 2207 Καὶ
1463 2154 1626 2208 αὑτοῦ
1689 2174 1791 2208 που

218 2242 536 2311 βεϐαιωθεὶς
585 2245 660 2307 ὼς
716 2246 778 2297 τὸ
837 2246 933 2315 μὲν
991 2249 1098 2298 πᾶν
1135 2247 1454 2316 στράτευμα
1485 2247 1589 2299 τῶν
1623 2246 1795 2318 Τούρ-

217 2351 321 2386 ne»)
374 2328 526 2387 οὔπω
554 2336 877 2403 κατέλαϐεν,
909 2338 1079 2407 ὀλίγοι
1109 2338 1165 2390 δὲ
1197 2355 1342 2401 τινες
1400 2338 1529 2408 περὶ
1556 2339 1647 2390 τοῦ
1682 2340 1795 2392 Ma-

217 2427 438 2480 θολύκου
472 2429 894 2495 ἀποσταλέντες,
943 2430 1087 2483 κατὰ
1160 2430 1221 2482 τὸ
1257 2431 1484 2483 Δολὺλον
1532 2430 1793 2499 ἐνδιατρί-

217 2518 389 2584 ὅουσι,
425 2522 520 2573 καὶ
550 2524 617 2575 τὰ
650 2525 747 2593 τῆς
795 2523 1032 2586 Νικαίας
1064 2524 1230 2594 μέρη.
1274 2526 1362 2593 ἐφ’
1401 2518 1443 2592 ᾧ
1474 2523 1572 2595 τὴν
1624 2522 1791 2577 αὑτοῦ

216 2616 570 2682 περισκοπεῖν
604 2614 835 2681 ἔλευσιν,
886 2618 1119 2681 καὶτὰς
1170 2621 1299 2691 περὶ
1348 2619 1513 2672 αὑτοῦ
1556 2618 1634 2689 τῷ
1682 2619 1796 2672 Μο-

214 2703 423 2776 νολύκῳ
472 2706 670 2761 διδόναι
723 2711 966 2780 συνεχεῖς
1012 2711 1267 2782 εἰδήσεις.
1315 2711 1519 2764 Λέοντα
1563 2710 1662 2781 μὲν
1699 2711 1791 2764 τὸν

214 2794 513 2867 Νικερίτην
576 2798 714 2867 μετὰ
768 2800 876 2853 τῶν
923 2801 1018 2853 ὑπ’
1064 2802 1229 2856 αὐτὸν
1278 2802 1560 2873 δυνάμεων
1606 2803 1686 2866 εἰς
1734 2800 1795 2855 τὸ

212 2885 485 2939 Δοῖξάδιον
518 2887 840 2958 ’πέπομφεν
869 2929 884 2955 ,
962 2893 1325 2964 ἐγρηγορέναι
1378 2911 1439 2945 τε
1504 2892 1795 2955 διαπαντὸς

213 2976 770 3048 παρακελευσάμενος
807 2984 902 3035 καὶ
923 2984 1025 3046 τὰς
1052 2984 1334 3054 ἀμφόδους
1366 2986 1672 3054 ἐπιτηρεῖν,
1699 2983 1795 3036 καὶ

211 3063 347 3119 ἱττα
376 3067 440 3136 δὴ
472 3071 599 3141 περὶ
624 3070 732 3122 τῶν
764 3071 1025 3143 Τούρκων
1050 3075 1230 3147 γνοίη,
1254 3074 1425 3129 ταῦτα
1456 3077 1543 3129 διὰ
1567 3076 1795 3145 γραφῶν

210 3158 408 3230 δηλοῦν
436 3161 604 3231 αὐτῷ.
639 3163 711 3216 Τὸ
733 3164 789 3217 δὲ
825 3165 1105 3219 ἐπίλοιπον
1138 3169 1457 3238 στράτευμα
1489 3170 1546 3221 ἐν
1574 3167 1793 3221 ἐπικαί-

1970 1506 2084 1560 Νοιι
2131 1505 2222 1559 ditt
2250 1505 2360 1557 illic
2412 1503 2614 1566 fuerat,
2650 1517 2773 1555 cum
2834 1502 3152 1554 admonetur
3179 1501 3475 1555 Turcicum

1898 1601 2205 1656 exercitum
2264 1614 2618 1668 permagnum
2662 1599 2956 1651 admovere
2999 1610 3058 1650 se
3113 1596 3330 1650 Nicaca‘.
3364 1595 3478 1652 lloc

1895 1694 2098 1758 audito,
2129 1709 2249 1746 cum
2283 1693 2454 1760 copiis
2490 1693 2554 1745 ad
2590 1691 2743 1744 Cium
2780 1691 2970 1745 tendit.
3001 1688 3103 1742 Per
3132 1698 3348 1743 noctem
3371 1703 3478 1758 qua

1901 1786 1972 1839 ibi
2009 1785 2129 1850 fuit,
2170 1785 2320 1837 multi
2353 1783 2581 1837 subinde
2622 1782 2847 1835 aflluunt
2893 1780 3101 1843 nuntii,
3127 1770 3215 1848 qui
3250 1781 3480 1833 doceant

627 1878 884 1930 ἀπονεύει
945 1878 1080 1947 πρὸς
1147 1878 1301 1937 Κίον,
1366 1877 1464 1930 καὶ
1524 1877 1594 1930 δι’
1665 1878 1794 1947 ὅλης

1901 1878 2345 1947 appropinquare
2394 1875 2589 1929 Niemtn
2640 1874 2871 1939 Turcos,
2935 1884 3100 1941 :ttqtte
3156 1870 3294 1925 adeo
3360 1869 3474 1939 jam

1898 1970 2182 2022 adfuturos
2215 1969 2405 2024 videri.
2442 1968 2571 2022 Sine
2602 1982 2747 2022 mora
2785 1968 3082 2035 imperator
3112 1967 3224 2018 haec
3249 1963 3474 2017 audiens

1895 2060 2057 2133 465
2087 2076 2182 2130 per
2235 2060 2401 2129 ipsam
2440 2060 2673 2114 Nicaeam
2722 2072 2889 2127 usque
2920 2056 2983 2109 ad
3014 2055 3303 2109 Miscuram
3347 2065 3475 2121 pro-

1897 2154 2164 2222 greditur,
2200 2153 2289 2206 ulti
2323 2154 2555 2207 certiora
2592 2153 2659 2205 de
2711 2151 2958 2205 hostibus
3006 2146 3312 2218 cognoscit;
3357 2147 3472 2199 haec

1897 2261 2089 2312 nempe
2115 2287 2129 2309 ,
2161 2246 2399 2298 nondum
2459 2245 2744 2298 advenisse
2778 2252 2945 2297 totum
2998 2241 3296 2295 exercitum
3329 2239 3474 2292 Tur-

1897 2355 2109 2400 corum,
2151 2339 2244 2390 sed
2274 2351 2474 2406 paucos
2511 2343 2720 2389 tantum
2752 2350 2940 2388 eorum
2968 2334 3279 2401 prmntissos
3302 2348 3330 2386 a
3358 2333 3473 2386 Mo-

1899 2431 2090 2499 nulyco
2172 2430 2370 2483 morari
2442 2428 2589 2482 circa
2665 2427 2909 2497 Dolylum
2947 2438 2999 2481 et
3036 2438 3219 2494 partes
3279 2425 3472 2481 Nicaeae

1896 2525 2079 2573 animo
2116 2520 2428 2588 speculandi
2461 2518 2754 2571 adventum
2783 2519 3150 2585 imperatoris,
3197 2519 3474 2572 mittendi-

1896 2628 2001 2682 que
2034 2614 2187 2667 illine
2224 2613 2288 2665 ad
2324 2613 2660 2682 Monolycum
2684 2610 3000 2679 quotidiana
3027 2613 3090 2663 de
3126 2610 3214 2662 illo
3244 2609 3473 2667 indicia.

1897 2705 1991 2759 llis
2015 2708 2289 2776 Augustus
2316 2704 2610 2774 compertis
2658 2700 2894 2757 Leonem
2926 2701 3222 2756 Nicvritam
3248 2716 3371 2754 cum
3404 2715 3468 2756 ea

1895 2797 2174 2865 copiarum
2206 2807 2359 2865 parte
2392 2797 2634 2865 quzeipsi
2666 2797 2907 2859 suberat,
2937 2794 3237 2862 Lopadinm
3281 2791 3468 2856 mittit,

1899 2907 2023 2945 cum
2092 2889 2365 2947 mandatis
2422 2888 2694 2943 accuratis
2729 2887 2987 2957 vigilandi
3023 2885 3245 2947 acriter,
3282 2893 3472 2937 custo-

1902 2983 2200 3053 diendique
2227 2983 2442 3043 itinera,
2479 2992 2531 3034 et
2559 2995 2676 3051 quze
2709 2980 2926 3033 interim
2963 2977 3027 3029 de
3055 2976 3182 3030 Tum
3205 2975 3249 3031 is
3279 2974 3472 3042 explo-

1899 3089 2075 3135 rasset
2136 3078 2320 3133 uvissis
2350 3077 2415 3130 ad
2467 3092 2526 3131 se
2575 3075 2861 3130 confestim
2920 3071 3192 3126 indiemdi
3248 3071 3470 3124 litteris.

1901 3171 2188 3253 Reliqttum
2257 3166 2557 3223 exercitum
2594 3171 2645 3219 ln
2684 3164 2799 3219 loca
2853 3162 3134 3217 commoda
3169 3158 3472 3222 diStribuit,

209 3266 318 3319 pet;
356 3251 732 3320 καταθέμενος
773 3254 958 3317 τόποις
990 3234 1446 3326 διέγνω-βέλτιον
1474 3252 1634 3323 εἶναι,
1680 3274 1790 3327 μη-

1901 3265 1981 3320 sie
2026 3234 2209 3318 sccum
2252 3271 2523 3325 statuens,
2585 3259 2896 3326 neutiquam
2932 3271 2960 3310 c
3002 3271 3058 3309 re
3114 3255 3281 3309 videri
3321 3262 3470 3307 recta

208 3343 323 3394 ιιέτι
353 3346 497 3397 κατὰ
532 3344 624 3397 τοῦ
662 3347 962 3401 σουλτάνου
992 3351 1212 3421 χωρεῖν,
1249 3350 1648 3422 στοχαζόμενος
1663 3352 1791 3415 τοὺς

209 3435 491 3498 σωθέντας
527 3437 848 3509 Βαρδάρους
877 3439 977 3510 τὴν
1010 3440 1133 3493 κατ’
1166 3441 1347 3495 αὐτῶν
1378 3442 1555 3513 ὁρμὴν
1600 3443 1794 3514 διακη-

208 3531 588 3598 ρυκεύσασθαι
618 3535 736 3597 τοῖς
777 3534 919 3588 κατὰ
952 3535 1049 3607 τὴν
1079 3537 1269 3590 Ἀσίαν
1301 3538 1475 3591 ἅπασι
1502 3538 1792 3607 Τσύρκοις,

204 3622 279 3685 ὡς
341 3626 404 3675 ἐν
462 3624 743 3696 διαφόροις
821 3629 1241 3700 ἐντετυχηκότες
1320 3630 1433 3693 τοῖς
1494 3629 1793 3701 Ῥωμαίοις

204 3717 554 3785 προσέὸαλον
581 3720 655 3784 ὡς
697 3722 986 3792 καρτερῶς
1012 3722 1373 3793 ἀντέστησαν,
1419 3721 1494 3786 ὡς
1533 3721 1799 3792 ἡττηθέν-

202 3824 316 3874 τες,
349 3809 403 3862 oi
442 3808 541 3879 μὲν
570 3812 852 3877 ἑάλωσαν,
905 3815 955 3866 of
1008 3814 1065 3867 δὲ
1095 3814 1465 3886 ἀνῃρέθησαν,
1515 3814 1689 3883 ὀλίγοι
1739 3814 1795 3868 δὲ

202 3902 299 3952 καὶ⁸
362 3904 887 3973 τραυματισθέντες,
936 3905 1239 3960 ἀπώλοντο⁹
1299 3909 1408 3961 κάκ
1459 3906 1649 3961 τούτου
1680 3908 1795 3961 δια-

201 3993 431 4060 γνόντες
445 3993 543 4065 τὴν
560 3996 727 4048 αὐτοῦ
761 3997 1052 4050 ὲπέλευσιν
1078 3998 1429 4070 οίΒάρὸαροι
1460 3999 1796 4070 πορρωτέρω

201 4090 299 4140 καὶ
354 4087 524 4140 αὐτοῦ
594 4090 821 4143 Ἰκονίου
892 4091 1220 4162 γενήσονται
1274 4092 1371 4144 καὶ
1437 4091 1796 4155 κενόσπουδος

200 4178 360 4249 αὑτῴ
388 4182 420 4250 ἡ
451 4181 656 4250 σπουδὴ
706 4182 953 4251 γένηται.
1014 4183 1117 4236 Διὰ
1173 4182 1351 4237 ταῦτα
1382 4183 1621 4253 στρέψας
1669 4184 1798 4246 τοὺς

199 4272 465 4339 χαλινοὺς
490 4270 576 4325 διὰ
606 4274 703 4342 τῆς
730 4272 972 4327 Βιθυνῶν
1001 4274 1102 4344 τὴν
1142 4273 1517 4343 Νικομήδειαν
1565 4272 1797 4326 κατέλα-

201 4365 321 4421 ῦεν,
401 4361 478 4414 ἶν’
522 4363 771 4417 ἐντεῦθεν
839 4364 1245 4428 ἀπελπίσαντες
1295 4364 1395 4435 τὴν
1455 4364 1575 4417 κατ’
1618 4364 1797 4416 αὐτῶν

199 4454 444 4522 ἔφοδον,
498 4455 847 4509 ἐπανέλθοιεν
901 4457 1133 4520 ἕκαστος
1200 4451 1373 4526 οὗπερ
1425 4455 1525 4524 τὴν
1585 4455 1796 4522 οἴκησιν

201 4549 483 4617 πρότερον
520 4549 815 4616 ἐπεποίητο
870 4550 1010 4601 ἐπὰν
1038 4548 1092 4600 δὲ
1122 4548 1611 4617 ἀποθαρῤήσαντες
1639 4544 1796 4607 αὖθις

202 4644 615 4722 εὶςῡπρονομὴν
667 4644 1012 4715 σχεδατθεῖεν
1066 4643 1140 4706 ὡς
1180 4643 1297 4707 ἔθος
1345 4644 1455 4701 τοί;
1502 4639 1790 4711 Τούρκοις,

208 4741 311 4792 καὶ
347 4740 511 4801 αὐτὸς
538 4740 565 4791 ὁ
608 4741 897 4803 σουλτέινος
929 4739 1024 4793 τοῦ
1052 4741 1320 4810 προτέρου
1366 4737 1571 4809 ἅψηται
1605 4737 1791 4807 ἔργου,

199 4834 517 4901 τηνικαῦτα
556 4834 651 4887 καὶ
687 4836 849 4897 αὐτὸς
880 4834 987 4885 τῶν
1025 4832 1374 4904 στρατιωτῶν
1423 4831 1620 4901 μικρὸν
1661 4832 1794 4884 ἀνα-

203 4925 607 4991 παυσαμένων,
663 4926 756 4977 καὶ
808 4924 915 4977 τῶν
971 4924 1155 4978 ἵππων
1201 4925 1294 4976 καὶ
1329 4923 1641 4991 ὑποζυγίων
1673 4922 1795 4975 πιό-

202 5036 317 5068 νων
352 5014 603 5068 ἐντεῦθεν
627 5016 952 5085 γεγονότων,
991 5016 1110 5085 μετ’
1171 5017 1232 5068 οὐ
1267 5015 1398 5067 πολὺ
1435 5014 1793 5085 σφοδρότερον

200 5109 300 5161 τοῦ
365 5109 486 5162 κατ’
544 5110 722 5160 αὐτῶν
760 5108 964 5179 ἅψηται
1015 5108 1273 5177 πολέμου,
1336 5106 1431 5159 καὶ
1483 5105 1583 5173 τῆς
1615 5104 1793 5174 μάχης

200 5202 501 5275 καρτερῶς
559 5203 863 5267 ἀνθέξεται.
920 5203 1019 5254 Διὰ
1065 5200 1241 5253 ταῦτα
1293 5200 1390 5269 τὴν
1421 5199 1793 5268 Νικομήδειαν

203 5294 590 5364 ἀναζητήσας,
622 5294 697 5356 ὡς
730 5293 965 5364 εἴρηται,
994 5295 1090 5345 καὶ
1116 5291 1444 5346 καταλαὸὼν
1473 5292 1599 5352 τοὺς
1636 5307 1795 5343 συνε-

203 5386 563 5455 φεττομένους
594 5385 742 5456 αὐτῷ
778 5386 1026 5449 ἅπαντας
1052 5384 1159 5437 τῶν
1201 5384 1550 5454 στρατιωτῶν
1580 5383 1656 5445 είς
1695 5384 1793 5445 τὰς

204 5477 412 5545 ἐγγύθι
442 5480 786 5546 κωμοπόλεις
814 5476 1096 5541 κατέθετο,
1131 5476 1206 5539 ὡς
1236 5476 1346 5528 οἵτε
1403 5477 1561 5528 ἵπποι
1586 5475 1679 5527 καὶ
1726 5474 1794 5527 τὰ

205 5569 496 5638 ὑποζύγια
521 5570 729 5642 τροφὴν
784 5570 1120 5641 ἀποχρῶσαν
1149 5570 1321 5639 ἔχοιεν
1359 5569 1480 5638 (τῆς
1542 5568 1795 5621 Βιθυνῶν

204 5668 318 5733 γῆς
344 5662 514 5715 πολὺν
548 5663 639 5715 τὸν
664 5664 860 5733 χόρτον
893 5663 1277 5732 ἀναδιδούσης)
1324 5664 1418 5715 καὶ
1460 5660 1615 5715 αὐτοὶ
1650 5662 1707 5713 δὲ
1747 5662 1794 5713 oi

206 5756 558 5827 στρατιῶται
598 5757 796 5827 ῥαδίως
832 5756 939 5808 ἀπό
965 5773 1023 5808 τε
1061 5757 1161 5822 τῆς
1191 5754 1512 5817 Βυξαντίδος
1540 5753 1633 5804 καὶ
1684 5753 1794 5804 τῶν

204 5850 382 5922 πέριξ
407 5851 497 5903 διὰ
535 5850 631 5903 τοῦ
664 5851 1078 5922 παρακειμένου
1131 5849 1330 5901 κόλπου
1364 5848 1694 5917 ἀποχρῶντα
1726 5847 1795 5898 τὰ

204 5946 365 6018 πρὸς
419 5944 611 6017 χρείαν
664 5944 994 6017 κομίζοιντο,
1061 5940 1374 6012 ἐπισκήψας
1450 5942 1634 6004 αὐτοῖς
1698 5938 1793 6011 ὅλῃ

1894 3358 1950 3412 in
2004 3348 2277 3410 sultanum
2318 3356 2536 3415 ducere,
2570 3350 2770 3406 frustra
2800 3351 2941 3405 enim
2976 3350 3026 3403 id
3057 3365 3114 3403 se
3149 3347 3418 3401 facturum
3453 3363 3469 3400 :

1896 3450 2163 3519 siquidem
2218 3455 2333 3500 erat
2381 3444 2674 3500 verisimile
2708 3444 2855 3498 fusos
2906 3441 3061 3510 paulo
3104 3450 3228 3494 ante
3263 3439 3474 3492 Τιιτιοδ

1896 3558 1925 3596 a
1980 3541 2242 3598 Romanis
2300 3539 2530 3593 ducibus
2583 3538 2751 3591 cladis
2801 3551 2911 3590 sua:
2971 3535 3169 3587 famam
3223 3533 3331 3587 late
3376 3546 3475 3601 per

1896 3634 2082 3689 Asiam
2112 3632 2401 3703 sparsisse,
2447 3629 2723 3697 variisque
2760 3628 2943 3681 varios
2981 3626 3034 3681 in
3068 3626 3201 3680 locis
3235 3640 3355 3677 esse
3390 3633 3472 3677 tc-

1896 3733 2071 3779 statos
2118 3721 2428 3777 occurrisse
2480 3718 2758 3774 Romanos
2789 3718 2943 3786 ipsis,
2981 3716 3275 3770 conuuissa
3316 3714 3468 3782 gravi

1898 3831 2101 3888 pugna,
2147 3815 2317 3870 victos
2349 3828 2473 3869 esse
2527 3812 2758 3876 Turcos,
2785 3809 3047 3879 quosdam
3096 3817 3306 3877 captos,
3337 3804 3473 3859 alios

1900 3910 2135 3973 occisos,
2170 3905 2486 3961 vulneratos
2532 3905 2697 3959 etiam
2732 3903 2945 3971 aliquos
2993 3900 3187 3953 deinde
3215 3897 3470 3968 periisse.

1899 3998 2106 4065 Quibus
2138 3997 2299 4052 rebus
2334 3994 2592 4067 vulgatis,
2629 3993 2852 4047 dubium
2893 4006 3000 4047 non
3035 3990 3317 4045 videbatur
3340 3987 3469 4057 qttin

1899 4089 2128 4144 Barbari
2160 4088 2448 4144 consilium
2486 4084 2867 4141 retrocedendi
2896 4091 3154 4152 caperent
3191 4090 3352 4150 atque
3384 4080 3470 4132 in-

1902 4182 2072 4236 terius
2110 4182 2162 4235 in
2197 4180 2311 4235 loca
2337 4188 2451 4234 tuta
2479 4178 2703 4233 ditionis
2732 4178 2968 4247 ipsorum
3001 4189 3172 4245 usque
3196 4176 3260 4226 ad
3290 4172 3465 4239 ipsum

1900 4274 2141 4329 Iconium
2179 4272 2367 4341 cupias
2403 4272 2751 4334 reducerent,
2789 4268 2974 4338 sicque
3017 4267 3276 4321 frustrato
3320 4264 3468 4319 inse-

1900 4366 2186 4435 quentium
2238 4363 2417 4419 studio
2447 4378 2510 4418 ac
2572 4377 2668 4432 spe
2713 4362 2931 4415 inanem
2986 4358 3247 4413 Romanis
3309 4366 3471 4424 atque

1901 4458 2114 4512 irritam
2161 4456 2541 4512 contentionis
2576 4454 2786 4510 inutilis
2820 4462 2874 4510 et
2932 4452 3220 4507 irridenda:
3250 4450 3467 4504 lassitu-

1827 4551 2086 4642 Ddincm
2150 4549 2543 4618 relinquerent.
2595 4547 2668 4600 Ea
2713 4556 2933 4616 propter
2988 4541 3311 4599 retroversis
3363 4542 3472 4593 An-

1904 4648 2094 4711 gustus
2138 4639 2369 4693 habenis
2399 4653 2495 4705 per
2541 4636 2799 4706 Bithynos
2834 4633 3204 4688 Nicomediam
3241 4644 3300 4681 se
3343 4642 3471 4679 con-

1902 4729 2058 4795 tulit;
2096 4745 2204 4798 quo
2258 4728 2513 4782 nimirum
2589 4727 2679 4780 tali
2736 4724 2855 4793 ejus
2912 4735 3161 4791 regressu
3223 4717 3471 4771 nuntiato

1900 4822 2117 4887 Turcis,
2150 4822 2225 4876 illi
2259 4821 2336 4875 sic
2373 4822 2531 4875 levati
2567 4831 2708 4874 metu
2759 4814 3077 4884 irruptionis
3109 4826 3268 4880 quam
3294 4826 3331 4889 ra
3364 4808 3460 4861 Ru-

1902 4918 2079 4969 manis
2104 4916 2419 4978 timuerant,
2459 4911 2721 4965 auderent
2755 4908 3028 4975 explicare
3061 4920 3124 4958 ac
3148 4914 3468 4972 promovere

1900 5010 2085 5077 capias
2119 5008 2369 5071 liberius,
2433 5014 2945 5069 reverterenturque
2986 4997 3040 5051 itt
3076 4997 3191 5051 loca
3224 4995 3370 5061 prius
3401 4991 3468 5045 ab

1902 5106 2033 5176 ipsis
2070 5109 2357 5171 occupata,
2390 5099 2531 5152 unde
2574 5096 2714 5149 versi
2741 5109 2834 5162 pro
2863 5106 2960 5146 suo
2994 5103 3145 5143 more
3180 5088 3374 5139 iterum
3412 5085 3466 5137 in

1901 5200 2133 5267 prmdas,
2164 5209 2391 5265 quarum
2424 5192 2588 5261 primi
2616 5200 2903 5244 successus
2943 5183 3217 5238 sultanum
3255 5193 3468 5248 quoque

1904 5290 2079 5359 ipsum
2133 5287 2393 5341 elicerent
2449 5283 2512 5336 ad
2547 5278 3096 5351 priusintermissum
3141 5288 3279 5341 Opus
3319 5287 3481 5324 resuo.

1902 5388 2177 5448 mendum,
2212 5381 2537 5434 luculentam
2568 5377 2772 5430 cladem
2809 5390 2875 5428 ex
2911 5373 3204 5439 improviso
3235 5369 3466 5437 aliquam

1908 5477 2164 5544 dispersi,
2198 5473 2428 5539 vagique
2476 5469 2723 5536 accipere
2776 5483 2803 5518 ιι
2842 5465 3044 5518 nostris
3092 5469 3335 5529 possent,
3359 5458 3468 5526 jam

1902 5565 2121 5623 refectis
2169 5573 2224 5617 et
2274 5560 2561 5632 pinguibus
2594 5575 2607 5610 :
2644 5557 2841 5625 quippe
2891 5552 2983 5622 qui
3017 5550 3278 5605 beneficio
3314 5546 3471 5599 modo

1902 5658 2125 5716 indultae
2190 5652 2535 5715 cessationis,
2584 5660 2638 5703 et
2688 5663 2783 5703 sua
2837 5654 2892 5701 et
2942 5656 3204 5713 equorum
3256 5637 3471 5706 egregie

1904 5768 2130 5822 corpora
2164 5756 2473 5811 curassent,
2516 5746 2703 5812 sicque
2735 5742 2801 5795 ad
2829 5739 3067 5810 praelium
3124 5735 3376 5795 :lacrius,
3419 5740 3474 5785 ct

1903 5860 2023 5900 cum
2054 5859 2147 5912 Spe
2199 5842 2438 5896 vietorite
2492 5838 2725 5892 certiore
2780 5830 3167 5900 capessendum
3224 5824 3474 5875 venirent

1911 5937 2233 6009 paratiores.
2266 5932 2337 5989 Eo
2384 5930 2608 5987 consilio
2649 5924 3019 5983 Nicomediam
3055 5921 3474 5987 imperatoropc-
