  <div class='ocr_page' id='page_1' title='image "/cluster/home/n/w/nwhite01/storage/ocr_20150623/131/hvd.32044019208263/589.png"; bbox 0 0 3900 6570; ppageno 0'>
   <div class='ocr_carea' id='block_1_1' title="bbox 451 460 2046 537">
    <p class='ocr_par' dir='ltr' id='par_1_1' title="bbox 451 464 2046 537">
     <span class='ocr_line' id='line_1_1' title="bbox 451 464 2046 537; baseline -0.009 0"><span class='ocrx_word' id='word_1_1' title='bbox 451 474 584 537; x_wconf 69' lang='lat'><strong>1127</strong></span> <span class='ocrx_word' id='word_1_2' title='bbox 1761 464 1986 526; x_wconf 68' lang='grc' dir='ltr'><strong>ΑΝΝᾸΞ</strong></span> <span class='ocrx_word' id='word_1_3' title='bbox 2015 465 2046 522; x_wconf 82' lang='lat' dir='ltr'><strong><em>C</em></strong></span> 
     </span>
    </p>
   </div>
   <div class='ocr_carea' id='block_1_2' title="bbox 2151 460 3688 537">
    <p class='ocr_par' dir='ltr' id='par_1_2' title="bbox 2151 460 3688 526">
     <span class='ocr_line' id='line_1_2' title="bbox 2151 460 3688 526; baseline -0.01 -5"><span class='ocrx_word' id='word_1_4' title='bbox 2151 460 2400 522; x_wconf 62' lang='lat' dir='ltr'><strong>[NENE</strong></span> <span class='ocrx_word' id='word_1_5' title='bbox 3558 462 3579 525; x_wconf 75' lang='grc' dir='ltr'>ι</span> 
     </span>
    </p>
   </div>
   <div class='ocr_carea' id='block_1_3' title="bbox 450 572 3681 664">
    <p class='ocr_par' dir='ltr' id='par_1_3' title="bbox 450 572 3681 664">
     <span class='ocr_line' id='line_1_3' title="bbox 450 572 3681 664; baseline -0.006 -17"><span class='ocrx_word' id='word_1_6' title='bbox 450 590 836 664; x_wconf 84' lang='lat' dir='ltr'><strong>insurgerent?</strong></span> <span class='ocrx_word' id='word_1_7' title='bbox 887 588 992 645; x_wconf 87' lang='lat' dir='ltr'><strong>Per</strong></span> <span class='ocrx_word' id='word_1_8' title='bbox 1018 587 1117 644; x_wconf 86' lang='lat' dir='ltr'><strong>bas</strong></span> <span class='ocrx_word' id='word_1_9' title='bbox 1148 588 1238 643; x_wconf 89' lang='lat' dir='ltr'><strong>ille</strong></span> <span class='ocrx_word' id='word_1_10' title='bbox 1278 585 1544 658; x_wconf 81' lang='lat' dir='ltr'><strong>procellas</strong></span> <span class='ocrx_word' id='word_1_11' title='bbox 1573 582 1836 653; x_wconf 76' lang='lat' dir='ltr'><strong>dignitate</strong></span> <span class='ocrx_word' id='word_1_12' title='bbox 1884 592 2100 648; x_wconf 79' lang='lat' dir='ltr'><strong>semper</strong></span> <span class='ocrx_word' id='word_1_13' title='bbox 2144 575 2400 632; x_wconf 80' lang='lat' dir='ltr'><strong>incolumi</strong></span> <span class='ocrx_word' id='word_1_14' title='bbox 2439 572 2588 630; x_wconf 86' lang='lat' dir='ltr'><strong>varie</strong></span> <span class='ocrx_word' id='word_1_15' title='bbox 2633 573 2938 644; x_wconf 72' lang='lat' dir='ltr'><strong>defungens</strong></span> <span class='ocrx_word' id='word_1_16' title='bbox 2979 573 3220 628; x_wconf 90' lang='lat' dir='ltr'><strong>transiit.</strong></span> <span class='ocrx_word' id='word_1_17' title='bbox 3247 572 3514 627; x_wconf 82' lang='lat' dir='ltr'><strong>Interdum</strong></span> <span class='ocrx_word' id='word_1_18' title='bbox 3541 575 3681 628; x_wconf 81' lang='lat' dir='ltr'><strong>vide-</strong></span> 
     </span>
    </p>
   </div>
   <div class='ocr_carea' id='block_1_4' title="bbox 449 667 3688 752">
    <p class='ocr_par' dir='ltr' id='par_1_4' title="bbox 449 667 3688 752">
     <span class='ocr_line' id='line_1_4' title="bbox 449 667 3688 752; baseline -0.006 -10"><span class='ocrx_word' id='word_1_19' title='bbox 449 689 576 742; x_wconf 91' lang='lat' dir='ltr'><strong>licet</strong></span> <span class='ocrx_word' id='word_1_20' title='bbox 598 687 740 740; x_wconf 89' lang='lat' dir='ltr'><strong>nudo</strong></span> <span class='ocrx_word' id='word_1_21' title='bbox 773 684 967 752; x_wconf 89' lang='lat' dir='ltr'><strong>capite,</strong></span> <span class='ocrx_word' id='word_1_22' title='bbox 1003 682 1145 752; x_wconf 89' lang='lat' dir='ltr'><strong>quod</strong></span> <span class='ocrx_word' id='word_1_23' title='bbox 1183 683 1355 743; x_wconf 90' lang='lat' dir='ltr'><strong>aiunt,</strong></span> <span class='ocrx_word' id='word_1_24' title='bbox 1393 676 1675 749; x_wconf 79' lang='lat' dir='ltr'><strong>explicatis</strong></span> <span class='ocrx_word' id='word_1_25' title='bbox 1717 675 1940 731; x_wconf 85' lang='lat' dir='ltr'><strong>aciebus</strong></span> <span class='ocrx_word' id='word_1_26' title='bbox 1995 680 2186 727; x_wconf 89' lang='lat' dir='ltr'><strong>contra</strong></span> <span class='ocrx_word' id='word_1_27' title='bbox 2221 670 2489 725; x_wconf 79' lang='lat' dir='ltr'><strong>Barbaros</strong></span> <span class='ocrx_word' id='word_1_28' title='bbox 2523 683 2791 722; x_wconf 81' lang='lat' dir='ltr'><strong>summam</strong></span> <span class='ocrx_word' id='word_1_29' title='bbox 2840 683 3022 723; x_wconf 89' lang='lat' dir='ltr'><strong>rerum</strong></span> <span class='ocrx_word' id='word_1_30' title='bbox 3047 668 3178 723; x_wconf 76' lang='lat' dir='ltr'><strong>alea:</strong></span> <span class='ocrx_word' id='word_1_31' title='bbox 3213 667 3382 738; x_wconf 62' lang='lat' dir='ltr'><strong>praelii</strong></span> <span class='ocrx_word' id='word_1_32' title='bbox 3409 669 3688 722; x_wconf 83' lang='lat' dir='ltr'><strong>commisit.</strong></span> 
     </span>
    </p>
   </div>
   <div class='ocr_carea' id='block_1_5' title="bbox 451 761 3691 839">
    <p class='ocr_par' dir='ltr' id='par_1_5' title="bbox 451 761 3691 839">
     <span class='ocr_line' id='line_1_5' title="bbox 451 761 3691 839; baseline -0.006 -5"><span class='ocrx_word' id='word_1_33' title='bbox 451 779 598 834; x_wconf 80' lang='lat' dir='ltr'><strong>Alias</strong></span> <span class='ocrx_word' id='word_1_34' title='bbox 624 777 1049 832; x_wconf 88' lang='lat' dir='ltr'><strong>declinabundus</strong></span> <span class='ocrx_word' id='word_1_35' title='bbox 1081 773 1370 829; x_wconf 70' lang='lat' dir='ltr'><strong>affectabat</strong></span> <span class='ocrx_word' id='word_1_36' title='bbox 1413 779 1532 826; x_wconf 84' lang='lat' dir='ltr'><strong>arte</strong></span> <span class='ocrx_word' id='word_1_37' title='bbox 1558 770 1833 839; x_wconf 76' lang='lat' dir='ltr'><strong>specimen</strong></span> <span class='ocrx_word' id='word_1_38' title='bbox 1869 763 2112 819; x_wconf 86' lang='lat' dir='ltr'><strong>timentis</strong></span> <span class='ocrx_word' id='word_1_39' title='bbox 2149 763 2485 830; x_wconf 82' lang='lat' dir='ltr'><strong>vitantisun</strong></span> <span class='ocrx_word' id='word_1_40' title='bbox 2515 775 2888 830; x_wconf 83' lang='lat' dir='ltr'><strong>congressum,</strong></span> <span class='ocrx_word' id='word_1_41' title='bbox 2923 761 3082 831; x_wconf 88' lang='lat' dir='ltr'><strong>quasi</strong></span> <span class='ocrx_word' id='word_1_42' title='bbox 3124 762 3243 815; x_wconf 90' lang='lat' dir='ltr'><strong>suis</strong></span> <span class='ocrx_word' id='word_1_43' title='bbox 3274 775 3462 830; x_wconf 88' lang='lat' dir='ltr'><strong>parum</strong></span> <span class='ocrx_word' id='word_1_44' title='bbox 3498 761 3691 816; x_wconf 87' lang='lat' dir='ltr'><strong>viribus</strong></span> 
     </span>
    </p>
   </div>
   <div class='ocr_carea' id='block_1_6' title="bbox 453 852 3687 942">
    <p class='ocr_par' dir='ltr' id='par_1_6' title="bbox 453 852 3687 942">
     <span class='ocr_line' id='line_1_6' title="bbox 453 852 3687 942; baseline -0.006 -18"><span class='ocrx_word' id='word_1_45' title='bbox 453 872 660 926; x_wconf 88' lang='lat' dir='ltr'><strong>ﬁderet.</strong></span> <span class='ocrx_word' id='word_1_46' title='bbox 700 870 867 942; x_wconf 62' lang='lat'><strong>468</strong></span> <span class='ocrx_word' id='word_1_47' title='bbox 896 869 986 924; x_wconf 85' lang='lat' dir='ltr'><strong>Sic</strong></span> <span class='ocrx_word' id='word_1_48' title='bbox 1018 868 1164 922; x_wconf 81' lang='lat' dir='ltr'><strong>enim</strong></span> <span class='ocrx_word' id='word_1_49' title='bbox 1195 882 1374 922; x_wconf 90' lang='lat' dir='ltr'><strong>rerum</strong></span> <span class='ocrx_word' id='word_1_50' title='bbox 1404 876 1456 919; x_wconf 89' lang='lat' dir='ltr'><strong>et</strong></span> <span class='ocrx_word' id='word_1_51' title='bbox 1494 875 1798 932; x_wconf 85' lang='lat' dir='ltr'><strong>temporum</strong></span> <span class='ocrx_word' id='word_1_52' title='bbox 1833 858 2074 912; x_wconf 89' lang='lat' dir='ltr'><strong>condit&#39;o</strong></span> <span class='ocrx_word' id='word_1_53' title='bbox 2108 855 2389 926; x_wconf 90' lang='lat' dir='ltr'><strong>poscebat,</strong></span> <span class='ocrx_word' id='word_1_54' title='bbox 2430 864 2488 908; x_wconf 98' lang='grc' dir='ltr'><strong>ιιι</strong></span> <span class='ocrx_word' id='word_1_55' title='bbox 2517 867 2584 908; x_wconf 86' lang='lat' dir='ltr'><strong>ex</strong></span> <span class='ocrx_word' id='word_1_56' title='bbox 2616 852 2966 908; x_wconf 80' lang='lat' dir='ltr'><strong>simulatione</strong></span> <span class='ocrx_word' id='word_1_57' title='bbox 3025 864 3200 927; x_wconf 78' lang='lat' dir='ltr'><strong>metus</strong></span> <span class='ocrx_word' id='word_1_58' title='bbox 3239 852 3426 906; x_wconf 77' lang='lat' dir='ltr'><strong>salutis</strong></span> <span class='ocrx_word' id='word_1_59' title='bbox 3478 852 3687 921; x_wconf 71' lang='lat' dir='ltr'><strong>publica:</strong></span> 
     </span>
    </p>
   </div>
   <div class='ocr_carea' id='block_1_7' title="bbox 450 945 3685 1036">
    <p class='ocr_par' dir='ltr' id='par_1_7' title="bbox 450 945 3685 1036">
     <span class='ocr_line' id='line_1_7' title="bbox 450 945 3685 1036; baseline -0.006 -18"><span class='ocrx_word' id='word_1_60' title='bbox 450 965 742 1036; x_wconf 66' lang='lat' dir='ltr'><strong>gloriaeque</strong></span> <span class='ocrx_word' id='word_1_61' title='bbox 775 963 996 1030; x_wconf 83' lang='lat' dir='ltr'><strong>majoris</strong></span> <span class='ocrx_word' id='word_1_62' title='bbox 1025 962 1243 1017; x_wconf 84' lang='lat' dir='ltr'><strong>occasio</strong></span> <span class='ocrx_word' id='word_1_63' title='bbox 1271 969 1620 1023; x_wconf 88' lang='lat' dir='ltr'><strong>nasceretur;</strong></span> <span class='ocrx_word' id='word_1_64' title='bbox 1658 970 1779 1026; x_wconf 77' lang='lat' dir='ltr'><strong>qure</strong></span> <span class='ocrx_word' id='word_1_65' title='bbox 1810 966 1934 1023; x_wconf 87' lang='lat' dir='ltr'><strong>spes</strong></span> <span class='ocrx_word' id='word_1_66' title='bbox 1961 951 2137 1020; x_wconf 91' lang='lat' dir='ltr'><strong>ipsum</strong></span> <span class='ocrx_word' id='word_1_67' title='bbox 2173 963 2300 1003; x_wconf 92' lang='lat' dir='ltr'><strong>raro</strong></span> <span class='ocrx_word' id='word_1_68' title='bbox 2331 945 2603 1002; x_wconf 85' lang='lat' dir='ltr'><strong>destituit.</strong></span> <span class='ocrx_word' id='word_1_69' title='bbox 2636 946 2710 1002; x_wconf 87' lang='lat' dir='ltr'><strong>Ut</strong></span> <span class='ocrx_word' id='word_1_70' title='bbox 2735 947 2880 1000; x_wconf 91' lang='lat' dir='ltr'><strong>enim</strong></span> <span class='ocrx_word' id='word_1_71' title='bbox 2916 946 3083 1001; x_wconf 90' lang='lat' dir='ltr'><strong>multa</strong></span> <span class='ocrx_word' id='word_1_72' title='bbox 3114 947 3300 1014; x_wconf 89' lang='lat' dir='ltr'><strong>paucis</strong></span> <span class='ocrx_word' id='word_1_73' title='bbox 3327 945 3551 1000; x_wconf 78' lang='lat' dir='ltr'><strong>breviter</strong></span> <span class='ocrx_word' id='word_1_74' title='bbox 3573 946 3685 998; x_wconf 83' lang='lat' dir='ltr'><strong>col-</strong></span> 
     </span>
    </p>
   </div>
   <div class='ocr_carea' id='block_1_8' title="bbox 449 1037 3682 1128">
    <p class='ocr_par' dir='ltr' id='par_1_8' title="bbox 449 1037 3682 1128">
     <span class='ocr_line' id='line_1_8' title="bbox 449 1037 3682 1128; baseline -0.007 -13"><span class='ocrx_word' id='word_1_75' title='bbox 449 1060 637 1128; x_wconf 71' lang='lat' dir='ltr'><strong>ligant,</strong></span> <span class='ocrx_word' id='word_1_76' title='bbox 677 1067 729 1113; x_wconf 91' lang='lat' dir='ltr'><strong>et</strong></span> <span class='ocrx_word' id='word_1_77' title='bbox 760 1056 971 1124; x_wconf 78' lang='lat' dir='ltr'><strong>lugiens</strong></span> <span class='ocrx_word' id='word_1_78' title='bbox 997 1053 1085 1109; x_wconf 91' lang='lat' dir='ltr'><strong>ille</strong></span> <span class='ocrx_word' id='word_1_79' title='bbox 1119 1053 1418 1123; x_wconf 81' lang='lat' dir='ltr'><strong>superavit,</strong></span> <span class='ocrx_word' id='word_1_80' title='bbox 1461 1061 1517 1105; x_wconf 91' lang='lat' dir='ltr'><strong>et</strong></span> <span class='ocrx_word' id='word_1_81' title='bbox 1553 1060 1890 1120; x_wconf 89' lang='lat' dir='ltr'><strong>persequens</strong></span> <span class='ocrx_word' id='word_1_82' title='bbox 1923 1041 2054 1096; x_wconf 83' lang='lat' dir='ltr'><strong>vicit</strong></span> <span class='ocrx_word' id='word_1_83' title='bbox 2076 1080 2092 1106; x_wconf 89' lang='lat'><strong>,</strong></span> <span class='ocrx_word' id='word_1_84' title='bbox 2126 1050 2180 1095; x_wconf 91' lang='lat' dir='ltr'><strong>et</strong></span> <span class='ocrx_word' id='word_1_85' title='bbox 2228 1039 2518 1110; x_wconf 86' lang='lat' dir='ltr'><strong>prolabens</strong></span> <span class='ocrx_word' id='word_1_86' title='bbox 2543 1039 2826 1108; x_wconf 90' lang='lat' dir='ltr'><strong>perstitit,</strong></span> <span class='ocrx_word' id='word_1_87' title='bbox 2863 1046 2917 1092; x_wconf 89' lang='lat' dir='ltr'><strong>et</strong></span> <span class='ocrx_word' id='word_1_88' title='bbox 2947 1037 3208 1107; x_wconf 88' lang='lat' dir='ltr'><strong>dejiciens</strong></span> <span class='ocrx_word' id='word_1_89' title='bbox 3235 1048 3446 1092; x_wconf 87' lang='lat' dir='ltr'><strong>erectus</strong></span> <span class='ocrx_word' id='word_1_90' title='bbox 3469 1043 3682 1105; x_wconf 84' lang='lat' dir='ltr'><strong>mansit;</strong></span> 
     </span>
    </p>
   </div>
   <div class='ocr_carea' id='block_1_9' title="bbox 455 1132 3686 1221">
    <p class='ocr_par' dir='ltr' id='par_1_9' title="bbox 455 1132 3686 1221">
     <span class='ocr_line' id='line_1_9' title="bbox 455 1132 3686 1221; baseline -0.006 -16"><span class='ocrx_word' id='word_1_91' title='bbox 455 1154 613 1221; x_wconf 90' lang='lat' dir='ltr'><strong>plane</strong></span> <span class='ocrx_word' id='word_1_92' title='bbox 641 1161 696 1207; x_wconf 90' lang='lat' dir='ltr'><strong>ut</strong></span> <span class='ocrx_word' id='word_1_93' title='bbox 730 1152 966 1206; x_wconf 81' lang='lat' dir='ltr'><strong>murices</strong></span> <span class='ocrx_word' id='word_1_94' title='bbox 1005 1149 1329 1217; x_wconf 77' lang='lat' dir='ltr'><strong>tricuspides</strong></span> <span class='ocrx_word' id='word_1_95' title='bbox 1379 1146 1468 1199; x_wconf 86' lang='lat' dir='ltr'><strong>tali</strong></span> <span class='ocrx_word' id='word_1_96' title='bbox 1516 1152 1674 1214; x_wconf 86' lang='lat' dir='ltr'><strong>aptos</strong></span> <span class='ocrx_word' id='word_1_97' title='bbox 1722 1141 1918 1209; x_wconf 80' lang='lat' dir='ltr'><strong>ﬁgura,</strong></span> <span class='ocrx_word' id='word_1_98' title='bbox 1955 1147 2013 1192; x_wconf 91' lang='lat' dir='ltr'><strong>ut</strong></span> <span class='ocrx_word' id='word_1_99' title='bbox 2063 1134 2364 1204; x_wconf 77' lang='lat' dir='ltr'><strong>quamlibet</strong></span> <span class='ocrx_word' id='word_1_100' title='bbox 2417 1148 2513 1188; x_wconf 93' lang='lat' dir='ltr'><strong>cos</strong></span> <span class='ocrx_word' id='word_1_101' title='bbox 2543 1135 2596 1188; x_wconf 95' lang='lat' dir='ltr'><strong>in</strong></span> <span class='ocrx_word' id='word_1_102' title='bbox 2629 1132 2824 1188; x_wconf 81' lang='lat' dir='ltr'><strong>faciem</strong></span> <span class='ocrx_word' id='word_1_103' title='bbox 2856 1133 3114 1202; x_wconf 79' lang='lat' dir='ltr'><strong>projicias</strong></span> <span class='ocrx_word' id='word_1_104' title='bbox 3140 1147 3358 1200; x_wconf 82' lang='lat' dir='ltr'><strong>semper</strong></span> <span class='ocrx_word' id='word_1_105' title='bbox 3386 1133 3504 1186; x_wconf 86' lang='lat' dir='ltr'><strong>recti</strong></span> <span class='ocrx_word' id='word_1_106' title='bbox 3530 1143 3686 1187; x_wconf 84' lang='lat' dir='ltr'><strong>stent.</strong></span> 
     </span>
    </p>
   </div>
   <div class='ocr_carea' id='block_1_10' title="bbox 455 1224 3695 1308">
    <p class='ocr_par' dir='ltr' id='par_1_10' title="bbox 455 1224 3695 1308">
     <span class='ocr_line' id='line_1_10' title="bbox 455 1224 3695 1308; baseline -0.007 -8"><span class='ocrx_word' id='word_1_107' title='bbox 455 1246 687 1300; x_wconf 82' lang='lat' dir='ltr'><strong>Rursum</strong></span> <span class='ocrx_word' id='word_1_108' title='bbox 723 1244 810 1297; x_wconf 92' lang='lat' dir='ltr'><strong>hic</strong></span> <span class='ocrx_word' id='word_1_109' title='bbox 843 1254 1038 1297; x_wconf 90' lang='lat' dir='ltr'><strong>vereor</strong></span> <span class='ocrx_word' id='word_1_110' title='bbox 1064 1255 1224 1308; x_wconf 90' lang='lat' dir='ltr'><strong>quam</strong></span> <span class='ocrx_word' id='word_1_111' title='bbox 1270 1237 1559 1305; x_wconf 85' lang='lat' dir='ltr'><strong>deprecata</strong></span> <span class='ocrx_word' id='word_1_112' title='bbox 1592 1247 1734 1300; x_wconf 72' lang='grc' dir='ltr'>διιδρο</span> <span class='ocrx_word' id='word_1_113' title='bbox 1776 1245 1897 1284; x_wconf 90' lang='lat' dir='ltr'><strong>sum</strong></span> <span class='ocrx_word' id='word_1_114' title='bbox 1946 1227 2166 1293; x_wconf 87' lang='lat' dir='ltr'><strong>lectoris</strong></span> <span class='ocrx_word' id='word_1_115' title='bbox 2197 1224 2555 1280; x_wconf 78' lang='lat' dir='ltr'><strong>oﬁ&#39;ensionem</strong></span> <span class='ocrx_word' id='word_1_116' title='bbox 2581 1225 2896 1280; x_wconf 71' lang='lat' dir='ltr'><strong>domestica:</strong></span> <span class='ocrx_word' id='word_1_117' title='bbox 2927 1241 3010 1278; x_wconf 91' lang='lat' dir='ltr'><strong>me</strong></span> <span class='ocrx_word' id='word_1_118' title='bbox 3042 1224 3322 1294; x_wconf 84' lang='lat' dir='ltr'><strong>indulgere</strong></span> <span class='ocrx_word' id='word_1_119' title='bbox 3362 1226 3536 1293; x_wconf 68' lang='lat' dir='ltr'><strong>gloriae</strong></span> <span class='ocrx_word' id='word_1_120' title='bbox 3566 1239 3695 1290; x_wconf 85' lang='lat' dir='ltr'><strong>que-</strong></span> 
     </span>
    </p>
   </div>
   <div class='ocr_carea' id='block_1_11' title="bbox 454 1317 3700 1400">
    <p class='ocr_par' dir='ltr' id='par_1_11' title="bbox 454 1317 3700 1400">
     <span class='ocr_line' id='line_1_11' title="bbox 454 1317 3700 1400; baseline -0.008 -6"><span class='ocrx_word' id='word_1_121' title='bbox 454 1340 613 1394; x_wconf 87' lang='lat' dir='ltr'><strong>sturi.</strong></span> <span class='ocrx_word' id='word_1_122' title='bbox 642 1337 731 1398; x_wconf 82' lang='lat' dir='ltr'><strong>At,</strong></span> <span class='ocrx_word' id='word_1_123' title='bbox 767 1344 823 1389; x_wconf 92' lang='lat' dir='ltr'><strong>ut</strong></span> <span class='ocrx_word' id='word_1_124' title='bbox 853 1349 994 1400; x_wconf 80' lang='lat' dir='ltr'><strong>saepe</strong></span> <span class='ocrx_word' id='word_1_125' title='bbox 1032 1333 1167 1394; x_wconf 87' lang='lat' dir='ltr'><strong>dixi,</strong></span> <span class='ocrx_word' id='word_1_126' title='bbox 1207 1346 1313 1384; x_wconf 92' lang='lat' dir='ltr'><strong>non</strong></span> <span class='ocrx_word' id='word_1_127' title='bbox 1356 1327 1487 1382; x_wconf 92' lang='lat' dir='ltr'><strong>mihi</strong></span> <span class='ocrx_word' id='word_1_128' title='bbox 1524 1328 1696 1395; x_wconf 84' lang='lat' dir='ltr'><strong>patris</strong></span> <span class='ocrx_word' id='word_1_129' title='bbox 1723 1338 1878 1376; x_wconf 90' lang='lat' dir='ltr'><strong>amor</strong></span> <span class='ocrx_word' id='word_1_130' title='bbox 1903 1322 2080 1390; x_wconf 87' lang='lat' dir='ltr'><strong>potius</strong></span> <span class='ocrx_word' id='word_1_131' title='bbox 2110 1333 2272 1390; x_wconf 90' lang='lat' dir='ltr'><strong>quam</strong></span> <span class='ocrx_word' id='word_1_132' title='bbox 2301 1334 2477 1371; x_wconf 84' lang='lat' dir='ltr'><strong>rerum</strong></span> <span class='ocrx_word' id='word_1_133' title='bbox 2505 1317 2638 1372; x_wconf 90' lang='lat' dir='ltr'><strong>ﬁdes</strong></span> <span class='ocrx_word' id='word_1_134' title='bbox 2677 1320 2916 1388; x_wconf 87' lang='lat' dir='ltr'><strong>ipsarum</strong></span> <span class='ocrx_word' id='word_1_135' title='bbox 2961 1331 3262 1386; x_wconf 87' lang='lat' dir='ltr'><strong>naturaque</strong></span> <span class='ocrx_word' id='word_1_136' title='bbox 3289 1318 3562 1386; x_wconf 66' lang='lat' dir='ltr'><strong>prepositm</strong></span> <span class='ocrx_word' id='word_1_137' title='bbox 3587 1336 3700 1369; x_wconf 82' lang='lat' dir='ltr'><strong>ma-</strong></span> 
     </span>
    </p>
   </div>
   <div class='ocr_carea' id='block_1_12' title="bbox 454 1411 3696 1492">
    <p class='ocr_par' dir='ltr' id='par_1_12' title="bbox 454 1411 3696 1492">
     <span class='ocr_line' id='line_1_12' title="bbox 454 1411 3696 1492; baseline -0.007 -6"><span class='ocrx_word' id='word_1_138' title='bbox 454 1433 606 1486; x_wconf 78' lang='lat' dir='ltr'><strong>teriae</strong></span> <span class='ocrx_word' id='word_1_139' title='bbox 661 1430 798 1483; x_wconf 90' lang='lat' dir='ltr'><strong>hanc</strong></span> <span class='ocrx_word' id='word_1_140' title='bbox 855 1426 1157 1479; x_wconf 83' lang='lat' dir='ltr'><strong>orationem</strong></span> <span class='ocrx_word' id='word_1_141' title='bbox 1211 1422 1469 1492; x_wconf 75' lang='lat' dir='ltr'><strong>suggerit.</strong></span> <span class='ocrx_word' id='word_1_142' title='bbox 1533 1421 1661 1485; x_wconf 66' lang='lat' dir='ltr'><strong>Qua:</strong></span> <span class='ocrx_word' id='word_1_143' title='bbox 1702 1434 1864 1488; x_wconf 89' lang='lat' dir='ltr'><strong>porro</strong></span> <span class='ocrx_word' id='word_1_144' title='bbox 1897 1415 2101 1470; x_wconf 80' lang='lat' dir='ltr'><strong>invidia</strong></span> <span class='ocrx_word' id='word_1_145' title='bbox 2153 1423 2258 1474; x_wconf 87' lang='lat' dir='ltr'><strong>est,</strong></span> <span class='ocrx_word' id='word_1_146' title='bbox 2296 1411 2384 1466; x_wconf 90' lang='lat' dir='ltr'><strong>ubi</strong></span> <span class='ocrx_word' id='word_1_147' title='bbox 2439 1428 2535 1480; x_wconf 90' lang='lat' dir='ltr'><strong>per</strong></span> <span class='ocrx_word' id='word_1_148' title='bbox 2563 1415 2846 1468; x_wconf 85' lang='lat' dir='ltr'><strong>veritatem</strong></span> <span class='ocrx_word' id='word_1_149' title='bbox 2883 1414 3062 1479; x_wconf 88' lang='lat' dir='ltr'><strong>liceat,</strong></span> <span class='ocrx_word' id='word_1_150' title='bbox 3097 1429 3202 1464; x_wconf 92' lang='lat' dir='ltr'><strong>uno</strong></span> <span class='ocrx_word' id='word_1_151' title='bbox 3229 1427 3312 1466; x_wconf 76' lang='lat' dir='ltr'><strong>me</strong></span> <span class='ocrx_word' id='word_1_152' title='bbox 3359 1413 3491 1466; x_wconf 81' lang='lat' dir='ltr'><strong>facto</strong></span> <span class='ocrx_word' id='word_1_153' title='bbox 3517 1415 3696 1465; x_wconf 78' lang='lat' dir='ltr'><strong>eodem</strong></span> 
     </span>
    </p>
   </div>
   <div class='ocr_carea' id='block_1_13' title="bbox 457 1504 3698 1595">
    <p class='ocr_par' dir='ltr' id='par_1_13' title="bbox 457 1504 3698 1595">
     <span class='ocr_line' id='line_1_13' title="bbox 457 1504 3698 1595; baseline -0.007 -17"><span class='ocrx_word' id='word_1_154' title='bbox 457 1526 647 1595; x_wconf 87' lang='lat' dir='ltr'><strong>duplex</strong></span> <span class='ocrx_word' id='word_1_155' title='bbox 676 1523 907 1576; x_wconf 86' lang='lat' dir='ltr'><strong>ollieinm</strong></span> <span class='ocrx_word' id='word_1_156' title='bbox 938 1519 1239 1582; x_wconf 82' lang='lat' dir='ltr'><strong>exsolvere,</strong></span> <span class='ocrx_word' id='word_1_157' title='bbox 1284 1532 1344 1568; x_wconf 80' lang='lat' dir='ltr'><strong>ac</strong></span> <span class='ocrx_word' id='word_1_158' title='bbox 1390 1515 1560 1584; x_wconf 83' lang='lat' dir='ltr'><strong>patris</strong></span> <span class='ocrx_word' id='word_1_159' title='bbox 1609 1511 1771 1568; x_wconf 89' lang='lat' dir='ltr'><strong>simul</strong></span> <span class='ocrx_word' id='word_1_160' title='bbox 1811 1519 2109 1572; x_wconf 89' lang='lat' dir='ltr'><strong>amantem,</strong></span> <span class='ocrx_word' id='word_1_161' title='bbox 2144 1506 2304 1560; x_wconf 89' lang='lat' dir='ltr'><strong>simul</strong></span> <span class='ocrx_word' id='word_1_162' title='bbox 2347 1505 2461 1559; x_wconf 86' lang='lat' dir='ltr'><strong>veri</strong></span> <span class='ocrx_word' id='word_1_163' title='bbox 2519 1506 2817 1561; x_wconf 89' lang='lat' dir='ltr'><strong>studiosam</strong></span> <span class='ocrx_word' id='word_1_164' title='bbox 2866 1521 2986 1560; x_wconf 84' lang='lat' dir='ltr'><strong>esse</strong></span> <span class='ocrx_word' id='word_1_165' title='bbox 3027 1522 3089 1560; x_wconf 92' lang='lat' dir='ltr'><strong>ac</strong></span> <span class='ocrx_word' id='word_1_166' title='bbox 3125 1505 3330 1558; x_wconf 85' lang='lat' dir='ltr'><strong>videri?</strong></span> <span class='ocrx_word' id='word_1_167' title='bbox 3365 1504 3574 1572; x_wconf 86' lang='lat' dir='ltr'><strong>Optimo</strong></span> <span class='ocrx_word' id='word_1_168' title='bbox 3605 1520 3698 1572; x_wconf 72' lang='lat' dir='ltr'><strong>ego</strong></span> 
     </span>
    </p>
   </div>
   <div class='ocr_carea' id='block_1_14' title="bbox 458 1600 3696 1678">
    <p class='ocr_par' dir='ltr' id='par_1_14' title="bbox 458 1600 3696 1678">
     <span class='ocr_line' id='line_1_14' title="bbox 458 1600 3696 1678; baseline -0.006 -7"><span class='ocrx_word' id='word_1_169' title='bbox 458 1621 641 1674; x_wconf 90' lang='lat' dir='ltr'><strong>animo</strong></span> <span class='ocrx_word' id='word_1_170' title='bbox 676 1633 859 1672; x_wconf 82' lang='lat' dir='ltr'><strong>veram</strong></span> <span class='ocrx_word' id='word_1_171' title='bbox 903 1616 1182 1669; x_wconf 75' lang='lat' dir='ltr'><strong>hisroriam</strong></span> <span class='ocrx_word' id='word_1_172' title='bbox 1243 1625 1568 1678; x_wconf 88' lang='lat' dir='ltr'><strong>con-ponere</strong></span> <span class='ocrx_word' id='word_1_173' title='bbox 1614 1625 1732 1663; x_wconf 91' lang='lat' dir='ltr'><strong>sum</strong></span> <span class='ocrx_word' id='word_1_174' title='bbox 1770 1619 2048 1676; x_wconf 70' lang='lat' dir='ltr'><strong>aggressa.</strong></span> <span class='ocrx_word' id='word_1_175' title='bbox 2096 1603 2279 1674; x_wconf 81' lang='lat' dir='ltr'><strong>Dclegi</strong></span> <span class='ocrx_word' id='word_1_176' title='bbox 2335 1604 2401 1657; x_wconf 87' lang='lat' dir='ltr'><strong>ad</strong></span> <span class='ocrx_word' id='word_1_177' title='bbox 2457 1603 2507 1656; x_wconf 89' lang='lat' dir='ltr'><strong>id</strong></span> <span class='ocrx_word' id='word_1_178' title='bbox 2543 1605 2710 1656; x_wconf 85' lang='lat' dir='ltr'><strong>vitam</strong></span> <span class='ocrx_word' id='word_1_179' title='bbox 2746 1617 2939 1670; x_wconf 89' lang='lat' dir='ltr'><strong>resque</strong></span> <span class='ocrx_word' id='word_1_180' title='bbox 2970 1612 3149 1671; x_wconf 78' lang='lat' dir='ltr'><strong>gestas</strong></span> <span class='ocrx_word' id='word_1_181' title='bbox 3179 1603 3280 1655; x_wconf 89' lang='lat' dir='ltr'><strong>viri</strong></span> <span class='ocrx_word' id='word_1_182' title='bbox 3337 1601 3478 1654; x_wconf 87' lang='lat' dir='ltr'><strong>boni.</strong></span> <span class='ocrx_word' id='word_1_183' title='bbox 3510 1600 3566 1654; x_wconf 89' lang='lat' dir='ltr'><strong>Si</strong></span> <span class='ocrx_word' id='word_1_184' title='bbox 3595 1620 3696 1671; x_wconf 83' lang='lat' dir='ltr'><strong>quo</strong></span> 
     </span>
    </p>
   </div>
   <div class='ocr_carea' id='block_1_15' title="bbox 456 1695 3699 1778">
    <p class='ocr_par' dir='ltr' id='par_1_15' title="bbox 456 1695 3699 1778">
     <span class='ocr_line' id='line_1_15' title="bbox 456 1695 3699 1778; baseline -0.006 -12"><span class='ocrx_word' id='word_1_185' title='bbox 456 1731 583 1766; x_wconf 75' lang='lat' dir='ltr'><strong>casn</strong></span> <span class='ocrx_word' id='word_1_186' title='bbox 612 1710 901 1778; x_wconf 74' lang='lat' dir='ltr'><strong>(&#39;tlllligel&#39;il.</strong></span> <span class='ocrx_word' id='word_1_187' title='bbox 936 1720 994 1760; x_wconf 89' lang='lat' dir='ltr'><strong>ut</strong></span> <span class='ocrx_word' id='word_1_188' title='bbox 1026 1708 1165 1761; x_wconf 84' lang='lat' dir='ltr'><strong>idem</strong></span> <span class='ocrx_word' id='word_1_189' title='bbox 1208 1706 1296 1774; x_wconf 91' lang='lat' dir='ltr'><strong>qui</strong></span> <span class='ocrx_word' id='word_1_190' title='bbox 1333 1702 1653 1772; x_wconf 78' lang='lat' dir='ltr'><strong>scriptionis</strong></span> <span class='ocrx_word' id='word_1_191' title='bbox 1687 1710 2067 1772; x_wconf 81' lang='lat' dir='ltr'><strong>argumentum</strong></span> <span class='ocrx_word' id='word_1_192' title='bbox 2098 1709 2182 1755; x_wconf 85' lang='lat' dir='ltr'><strong>est</strong></span> <span class='ocrx_word' id='word_1_193' title='bbox 2233 1709 2385 1766; x_wconf 86' lang='lat' dir='ltr'><strong>pater</strong></span> <span class='ocrx_word' id='word_1_194' title='bbox 2417 1711 2630 1765; x_wconf 90' lang='lat' dir='ltr'><strong>quoque</strong></span> <span class='ocrx_word' id='word_1_195' title='bbox 2667 1695 2740 1749; x_wconf 87' lang='lat' dir='ltr'><strong>sit</strong></span> <span class='ocrx_word' id='word_1_196' title='bbox 2779 1697 3090 1762; x_wconf 79' lang='lat' dir='ltr'><strong>scribentis,</strong></span> <span class='ocrx_word' id='word_1_197' title='bbox 3133 1707 3256 1764; x_wconf 89' lang='lat' dir='ltr'><strong>pcto</strong></span> <span class='ocrx_word' id='word_1_198' title='bbox 3307 1697 3356 1749; x_wconf 92' lang='lat' dir='ltr'><strong>ni</strong></span> <span class='ocrx_word' id='word_1_199' title='bbox 3410 1697 3699 1764; x_wconf 82' lang='lat' dir='ltr'><strong>fallorjnre</strong></span> 
     </span>
    </p>
   </div>
   <div class='ocr_carea' id='block_1_16' title="bbox 459 1788 3699 1874">
    <p class='ocr_par' dir='ltr' id='par_1_16' title="bbox 459 1788 3699 1874">
     <span class='ocr_line' id='line_1_16' title="bbox 459 1788 3699 1874; baseline -0.006 -14"><span class='ocrx_word' id='word_1_200' title='bbox 459 1823 579 1860; x_wconf 93' lang='lat' dir='ltr'><strong>meo</strong></span> <span class='ocrx_word' id='word_1_201' title='bbox 620 1815 676 1858; x_wconf 91' lang='lat' dir='ltr'><strong>nt</strong></span> <span class='ocrx_word' id='word_1_202' title='bbox 703 1790 942 1874; x_wconf 80' lang='lat' dir='ltr'><strong>ponatur</strong></span> <span class='ocrx_word' id='word_1_203' title='bbox 965 1811 1120 1855; x_wconf 86' lang='lat' dir='ltr'><strong>extra</strong></span> <span class='ocrx_word' id='word_1_204' title='bbox 1154 1813 1374 1850; x_wconf 88' lang='lat' dir='ltr'><strong>causam</strong></span> <span class='ocrx_word' id='word_1_205' title='bbox 1411 1795 1586 1865; x_wconf 77' lang='lat' dir='ltr'><strong>petris</strong></span> <span class='ocrx_word' id='word_1_206' title='bbox 1617 1809 1833 1858; x_wconf 89' lang='lat' dir='ltr'><strong>nomen,</strong></span> <span class='ocrx_word' id='word_1_207' title='bbox 1874 1808 2009 1848; x_wconf 86' lang='lat' dir='ltr'><strong>neve</strong></span> <span class='ocrx_word' id='word_1_208' title='bbox 2050 1803 2258 1847; x_wconf 71' lang='lat' dir='ltr'><strong>natura:</strong></span> <span class='ocrx_word' id='word_1_209' title='bbox 2289 1788 2604 1859; x_wconf 88' lang='lat' dir='ltr'><strong>conjunctio</strong></span> <span class='ocrx_word' id='word_1_210' title='bbox 2640 1789 2693 1842; x_wconf 92' lang='lat' dir='ltr'><strong>in</strong></span> <span class='ocrx_word' id='word_1_211' title='bbox 2721 1789 2987 1843; x_wconf 79' lang='lat' dir='ltr'><strong>mendacii</strong></span> <span class='ocrx_word' id='word_1_212' title='bbox 3017 1788 3384 1857; x_wconf 85' lang='lat' dir='ltr'><strong>pra-judicium</strong></span> <span class='ocrx_word' id='word_1_213' title='bbox 3414 1799 3502 1840; x_wconf 90' lang='lat' dir='ltr'><strong>aut</strong></span> <span class='ocrx_word' id='word_1_214' title='bbox 3529 1789 3699 1842; x_wconf 84' lang='lat' dir='ltr'><strong>eleva-</strong></span> 
     </span>
    </p>
   </div>
   <div class='ocr_carea' id='block_1_17' title="bbox 456 1881 3699 1959">
    <p class='ocr_par' dir='ltr' id='par_1_17' title="bbox 456 1881 3699 1959">
     <span class='ocr_line' id='line_1_17' title="bbox 456 1881 3699 1959; baseline -0.006 -8"><span class='ocrx_word' id='word_1_215' title='bbox 456 1899 654 1952; x_wconf 90' lang='lat' dir='ltr'><strong>tionem</strong></span> <span class='ocrx_word' id='word_1_216' title='bbox 689 1896 814 1950; x_wconf 92' lang='lat' dir='ltr'><strong>ﬁdei</strong></span> <span class='ocrx_word' id='word_1_217' title='bbox 849 1895 1120 1948; x_wconf 90' lang='lat' dir='ltr'><strong>trahatur.</strong></span> <span class='ocrx_word' id='word_1_218' title='bbox 1157 1890 1289 1944; x_wconf 85' lang='lat' dir='ltr'><strong>Aliis</strong></span> <span class='ocrx_word' id='word_1_219' title='bbox 1313 1904 1412 1959; x_wconf 82' lang='lat' dir='ltr'><strong>ego</strong></span> <span class='ocrx_word' id='word_1_220' title='bbox 1445 1904 1576 1944; x_wconf 90' lang='lat' dir='ltr'><strong>sane</strong></span> <span class='ocrx_word' id='word_1_221' title='bbox 1619 1888 1814 1942; x_wconf 79' lang='lat' dir='ltr'><strong>ofﬁciis</strong></span> <span class='ocrx_word' id='word_1_222' title='bbox 1843 1903 1904 1943; x_wconf 89' lang='lat' dir='ltr'><strong>ac</strong></span> <span class='ocrx_word' id='word_1_223' title='bbox 1931 1888 2095 1942; x_wconf 85' lang='lat' dir='ltr'><strong>rebus</strong></span> <span class='ocrx_word' id='word_1_224' title='bbox 2137 1882 2354 1955; x_wconf 83' lang='lat' dir='ltr'><strong>pietatis</strong></span> <span class='ocrx_word' id='word_1_225' title='bbox 2389 1898 2516 1952; x_wconf 72' lang='lat' dir='ltr'><strong>erga</strong></span> <span class='ocrx_word' id='word_1_226' title='bbox 2552 1890 2760 1951; x_wconf 81' lang='lat' dir='ltr'><strong>patrem</strong></span> <span class='ocrx_word' id='word_1_227' title='bbox 2803 1881 3045 1936; x_wconf 82' lang='lat' dir='ltr'><strong>debitum</strong></span> <span class='ocrx_word' id='word_1_228' title='bbox 3076 1882 3310 1953; x_wconf 82' lang='lat' dir='ltr'><strong>explevi,</strong></span> <span class='ocrx_word' id='word_1_229' title='bbox 3351 1884 3483 1938; x_wconf 85' lang='lat' dir='ltr'><strong>adeo</strong></span> <span class='ocrx_word' id='word_1_230' title='bbox 3511 1893 3569 1938; x_wconf 92' lang='lat' dir='ltr'><strong>nt</strong></span> <span class='ocrx_word' id='word_1_231' title='bbox 3604 1885 3699 1934; x_wconf 75' lang='lat' dir='ltr'><strong>ista</strong></span> 
     </span>
    </p>
   </div>
   <div class='ocr_carea' id='block_1_18' title="bbox 459 1973 3704 2046">
    <p class='ocr_par' dir='ltr' id='par_1_18' title="bbox 459 1973 3704 2046">
     <span class='ocr_line' id='line_1_18' title="bbox 459 1973 3704 2046; baseline -0.004 -4"><span class='ocrx_word' id='word_1_232' title='bbox 459 1990 623 2042; x_wconf 85' lang='lat' dir='ltr'><strong>etiam</strong></span> <span class='ocrx_word' id='word_1_233' title='bbox 649 1988 914 2042; x_wconf 88' lang='lat' dir='ltr'><strong>charitate</strong></span> <span class='ocrx_word' id='word_1_234' title='bbox 943 1985 1288 2038; x_wconf 86' lang='lat' dir='ltr'><strong>inimicorum</strong></span> <span class='ocrx_word' id='word_1_235' title='bbox 1324 1983 1373 2034; x_wconf 91' lang='lat' dir='ltr'><strong>in</strong></span> <span class='ocrx_word' id='word_1_236' title='bbox 1430 1995 1516 2035; x_wconf 89' lang='lat' dir='ltr'><strong>me</strong></span> <span class='ocrx_word' id='word_1_237' title='bbox 1561 1978 1692 2040; x_wconf 90' lang='lat' dir='ltr'><strong>iras,</strong></span> <span class='ocrx_word' id='word_1_238' title='bbox 1729 1979 1838 2033; x_wconf 92' lang='lat' dir='ltr'><strong>imo</strong></span> <span class='ocrx_word' id='word_1_239' title='bbox 1886 1980 2068 2034; x_wconf 87' lang='lat' dir='ltr'><strong>hastas</strong></span> <span class='ocrx_word' id='word_1_240' title='bbox 2105 1987 2158 2033; x_wconf 90' lang='lat' dir='ltr'><strong>et</strong></span> <span class='ocrx_word' id='word_1_241' title='bbox 2216 1989 2503 2028; x_wconf 82' lang='lat' dir='ltr'><strong>mucrones</strong></span> <span class='ocrx_word' id='word_1_242' title='bbox 2554 1974 2812 2037; x_wconf 91' lang='lat' dir='ltr'><strong>acuerim,</strong></span> <span class='ocrx_word' id='word_1_243' title='bbox 2848 1973 3006 2039; x_wconf 79' lang='lat' dir='ltr'><strong>cujus</strong></span> <span class='ocrx_word' id='word_1_244' title='bbox 3073 1975 3147 2027; x_wconf 88' lang='lat' dir='ltr'><strong>rei</strong></span> <span class='ocrx_word' id='word_1_245' title='bbox 3183 1986 3350 2031; x_wconf 85' lang='lat' dir='ltr'><strong>testes</strong></span> <span class='ocrx_word' id='word_1_246' title='bbox 3390 1975 3561 2046; x_wconf 85' lang='lat' dir='ltr'><strong>apelln</strong></span> <span class='ocrx_word' id='word_1_247' title='bbox 3618 1992 3704 2032; x_wconf 76' lang='lat' dir='ltr'><strong>eos</strong></span> 
     </span>
    </p>
   </div>
   <div class='ocr_carea' id='block_1_19' title="bbox 457 2067 3700 2150">
    <p class='ocr_par' dir='ltr' id='par_1_19' title="bbox 457 2067 3700 2150">
     <span class='ocr_line' id='line_1_19' title="bbox 457 2067 3700 2150; baseline -0.006 -12"><span class='ocrx_word' id='word_1_248' title='bbox 457 2099 645 2139; x_wconf 91' lang='lat' dir='ltr'><strong>omnes</strong></span> <span class='ocrx_word' id='word_1_249' title='bbox 672 2085 761 2150; x_wconf 90' lang='lat' dir='ltr'><strong>qui</strong></span> <span class='ocrx_word' id='word_1_250' title='bbox 799 2095 883 2132; x_wconf 86' lang='lat' dir='ltr'><strong>res</strong></span> <span class='ocrx_word' id='word_1_251' title='bbox 911 2093 1060 2132; x_wconf 88' lang='lat' dir='ltr'><strong>meas</strong></span> <span class='ocrx_word' id='word_1_252' title='bbox 1091 2093 1194 2131; x_wconf 93' lang='lat' dir='ltr'><strong>non</strong></span> <span class='ocrx_word' id='word_1_253' title='bbox 1226 2074 1500 2130; x_wconf 87' lang='lat' dir='ltr'><strong>nesciunt.</strong></span> <span class='ocrx_word' id='word_1_254' title='bbox 1529 2073 1586 2126; x_wconf 91' lang='lat' dir='ltr'><strong>lu</strong></span> <span class='ocrx_word' id='word_1_255' title='bbox 1625 2072 1726 2127; x_wconf 89' lang='lat' dir='ltr'><strong>hoc</strong></span> <span class='ocrx_word' id='word_1_256' title='bbox 1753 2071 1974 2141; x_wconf 83' lang='lat' dir='ltr'><strong>quidem</strong></span> <span class='ocrx_word' id='word_1_257' title='bbox 2012 2071 2194 2126; x_wconf 89' lang='lat' dir='ltr'><strong>labore</strong></span> <span class='ocrx_word' id='word_1_258' title='bbox 2228 2083 2290 2123; x_wconf 90' lang='lat' dir='ltr'><strong>ac</strong></span> <span class='ocrx_word' id='word_1_259' title='bbox 2323 2069 2628 2137; x_wconf 86' lang='lat' dir='ltr'><strong>scriptione</strong></span> <span class='ocrx_word' id='word_1_260' title='bbox 2656 2067 2819 2136; x_wconf 85' lang='lat' dir='ltr'><strong>hujus</strong></span> <span class='ocrx_word' id='word_1_261' title='bbox 2853 2067 3035 2136; x_wconf 89' lang='lat' dir='ltr'><strong>operis</strong></span> <span class='ocrx_word' id='word_1_262' title='bbox 3075 2067 3166 2120; x_wconf 91' lang='lat' dir='ltr'><strong>uni</strong></span> <span class='ocrx_word' id='word_1_263' title='bbox 3208 2070 3334 2122; x_wconf 90' lang='lat' dir='ltr'><strong>mihi</strong></span> <span class='ocrx_word' id='word_1_264' title='bbox 3373 2074 3700 2140; x_wconf 79' lang='lat' dir='ltr'><strong>propositum</strong></span> 
     </span>
    </p>
   </div>
   <div class='ocr_carea' id='block_1_20' title="bbox 420 2162 3707 2239">
    <p class='ocr_par' dir='ltr' id='par_1_20' title="bbox 420 2162 3707 2239">
     <span class='ocr_line' id='line_1_20' title="bbox 420 2162 3707 2239; baseline -0.003 -7"><span class='ocrx_word' id='word_1_265' title='bbox 420 2208 424 2212; x_wconf 85' lang='lat'><strong>~</strong></span> <span class='ocrx_word' id='word_1_266' title='bbox 459 2189 541 2232; x_wconf 76' lang='grc' dir='ltr'><strong>ρει</strong></span> <span class='ocrx_word' id='word_1_267' title='bbox 574 2176 732 2230; x_wconf 85' lang='lat' dir='ltr'><strong>litare</strong></span> <span class='ocrx_word' id='word_1_268' title='bbox 761 2174 1001 2228; x_wconf 85' lang='lat' dir='ltr'><strong>veritati.</strong></span> <span class='ocrx_word' id='word_1_269' title='bbox 1037 2172 1181 2226; x_wconf 84' lang='lat' dir='ltr'><strong>Suus</strong></span> <span class='ocrx_word' id='word_1_270' title='bbox 1227 2184 1417 2239; x_wconf 86' lang='lat' dir='ltr'><strong>nempe</strong></span> <span class='ocrx_word' id='word_1_271' title='bbox 1451 2168 1744 2238; x_wconf 79' lang='lat' dir='ltr'><strong>unicuique</strong></span> <span class='ocrx_word' id='word_1_272' title='bbox 1775 2166 1952 2222; x_wconf 81' lang='lat' dir='ltr'><strong>ofﬁcio</strong></span> <span class='ocrx_word' id='word_1_273' title='bbox 2007 2167 2178 2233; x_wconf 83' lang='lat' dir='ltr'><strong>locus,</strong></span> <span class='ocrx_word' id='word_1_274' title='bbox 2211 2181 2309 2220; x_wconf 86' lang='lat' dir='ltr'><strong>sua</strong></span> <span class='ocrx_word' id='word_1_275' title='bbox 2339 2166 2470 2219; x_wconf 91' lang='lat' dir='ltr'><strong>hora</strong></span> <span class='ocrx_word' id='word_1_276' title='bbox 2505 2172 2610 2219; x_wconf 87' lang='lat' dir='ltr'><strong>est.</strong></span> <span class='ocrx_word' id='word_1_277' title='bbox 2651 2162 2776 2217; x_wconf 86' lang='lat' dir='ltr'><strong>Fuit</strong></span> <span class='ocrx_word' id='word_1_278' title='bbox 2799 2177 2959 2228; x_wconf 80' lang='lat' dir='ltr'><strong>sazie,</strong></span> <span class='ocrx_word' id='word_1_279' title='bbox 2995 2162 3096 2216; x_wconf 77' lang='lat' dir='ltr'><strong>fuit</strong></span> <span class='ocrx_word' id='word_1_280' title='bbox 3122 2165 3266 2219; x_wconf 85' lang='lat' dir='ltr'><strong>aliud</strong></span> <span class='ocrx_word' id='word_1_281' title='bbox 3305 2169 3501 2220; x_wconf 73' lang='lat' dir='ltr'><strong>amoris</strong></span> <span class='ocrx_word' id='word_1_282' title='bbox 3533 2170 3580 2220; x_wconf 93' lang='lat' dir='ltr'><strong>in</strong></span> <span class='ocrx_word' id='word_1_283' title='bbox 3617 2187 3707 2237; x_wconf 80' lang='lat' dir='ltr'><strong>pa-</strong></span> 
     </span>
    </p>
   </div>
   <div class='ocr_carea' id='block_1_21' title="bbox 463 2258 3710 2332">
    <p class='ocr_par' dir='ltr' id='par_1_21' title="bbox 463 2258 3710 2332">
     <span class='ocr_line' id='line_1_21' title="bbox 463 2258 3710 2332; baseline -0.003 -7"><span class='ocrx_word' id='word_1_284' title='bbox 463 2283 597 2326; x_wconf 87' lang='lat' dir='ltr'><strong>trem</strong></span> <span class='ocrx_word' id='word_1_285' title='bbox 630 2269 733 2322; x_wconf 90' lang='lat' dir='ltr'><strong>mei</strong></span> <span class='ocrx_word' id='word_1_286' title='bbox 783 2265 1092 2320; x_wconf 84' lang='lat' dir='ltr'><strong>declarandi</strong></span> <span class='ocrx_word' id='word_1_287' title='bbox 1123 2275 1364 2332; x_wconf 89' lang='lat' dir='ltr'><strong>tempus,</strong></span> <span class='ocrx_word' id='word_1_288' title='bbox 1408 2262 1609 2317; x_wconf 81' lang='lat' dir='ltr'><strong>ﬂorens</strong></span> <span class='ocrx_word' id='word_1_289' title='bbox 1656 2261 1910 2315; x_wconf 89' lang='lat' dir='ltr'><strong>nimirum</strong></span> <span class='ocrx_word' id='word_1_290' title='bbox 1947 2270 2078 2315; x_wconf 66' lang='lat' dir='ltr'><strong>actas</strong></span> <span class='ocrx_word' id='word_1_291' title='bbox 2117 2268 2324 2322; x_wconf 90' lang='lat' dir='ltr'><strong>nostra,</strong></span> <span class='ocrx_word' id='word_1_292' title='bbox 2358 2275 2478 2326; x_wconf 81' lang='lat' dir='ltr'><strong>quae</strong></span> <span class='ocrx_word' id='word_1_293' title='bbox 2511 2258 2600 2312; x_wconf 92' lang='lat' dir='ltr'><strong>illo</strong></span> <span class='ocrx_word' id='word_1_294' title='bbox 2648 2269 2908 2328; x_wconf 70' lang='lat' dir='ltr'><strong>regnante</strong></span> <span class='ocrx_word' id='word_1_295' title='bbox 2936 2261 3230 2323; x_wconf 89' lang='lat' dir='ltr'><strong>maturuit;</strong></span> <span class='ocrx_word' id='word_1_296' title='bbox 3271 2260 3374 2313; x_wconf 85' lang='lat' dir='ltr'><strong>alia</strong></span> <span class='ocrx_word' id='word_1_297' title='bbox 3411 2277 3550 2314; x_wconf 89' lang='lat' dir='ltr'><strong>nunc</strong></span> <span class='ocrx_word' id='word_1_298' title='bbox 3579 2275 3710 2316; x_wconf 84' lang='lat' dir='ltr'><strong>tem-</strong></span> 
     </span>
    </p>
   </div>
   <div class='ocr_carea' id='block_1_22' title="bbox 461 2354 3715 2434">
    <p class='ocr_par' dir='ltr' id='par_1_22' title="bbox 461 2354 3715 2434">
     <span class='ocr_line' id='line_1_22' title="bbox 461 2354 3715 2434; baseline -0.002 -17"><span class='ocrx_word' id='word_1_299' title='bbox 461 2375 646 2434; x_wconf 89' lang='lat' dir='ltr'><strong>pestas</strong></span> <span class='ocrx_word' id='word_1_300' title='bbox 677 2361 911 2416; x_wconf 86' lang='lat' dir='ltr'><strong>vertitur</strong></span> <span class='ocrx_word' id='word_1_301' title='bbox 935 2401 952 2426; x_wconf 89' lang='lat'><strong>,</strong></span> <span class='ocrx_word' id='word_1_302' title='bbox 985 2359 1088 2415; x_wconf 89' lang='lat' dir='ltr'><strong>alia</strong></span> <span class='ocrx_word' id='word_1_303' title='bbox 1141 2367 1336 2427; x_wconf 67' lang='lat' dir='ltr'><strong>praesto</strong></span> <span class='ocrx_word' id='word_1_304' title='bbox 1366 2366 1448 2412; x_wconf 89' lang='lat' dir='ltr'><strong>est</strong></span> <span class='ocrx_word' id='word_1_305' title='bbox 1475 2358 1715 2422; x_wconf 89' lang='lat' dir='ltr'><strong>occasio,</strong></span> <span class='ocrx_word' id='word_1_306' title='bbox 1768 2356 1924 2426; x_wconf 82' lang='lat' dir='ltr'><strong>cujus</strong></span> <span class='ocrx_word' id='word_1_307' title='bbox 1976 2366 2310 2411; x_wconf 88' lang='lat' dir='ltr'><strong>momentum</strong></span> <span class='ocrx_word' id='word_1_308' title='bbox 2359 2354 2527 2410; x_wconf 82' lang='lat' dir='ltr'><strong>breve</strong></span> <span class='ocrx_word' id='word_1_309' title='bbox 2559 2369 2623 2409; x_wconf 92' lang='lat' dir='ltr'><strong>ac</strong></span> <span class='ocrx_word' id='word_1_310' title='bbox 2679 2354 2946 2409; x_wconf 90' lang='lat' dir='ltr'><strong>lubricum</strong></span> <span class='ocrx_word' id='word_1_311' title='bbox 2987 2356 3117 2410; x_wconf 90' lang='lat' dir='ltr'><strong>mihi</strong></span> <span class='ocrx_word' id='word_1_312' title='bbox 3147 2356 3368 2410; x_wconf 74' lang='lat' dir='ltr'><strong>efﬂuere</strong></span> <span class='ocrx_word' id='word_1_313' title='bbox 3399 2374 3504 2411; x_wconf 83' lang='lat' dir='ltr'><strong>non</strong></span> <span class='ocrx_word' id='word_1_314' title='bbox 3542 2360 3715 2427; x_wconf 68' lang='grc' dir='ltr'>[καίει-</span> 
     </span>
    </p>
   </div>
   <div class='ocr_carea' id='block_1_23' title="bbox 459 2449 3718 2522">
    <p class='ocr_par' dir='ltr' id='par_1_23' title="bbox 459 2449 3718 2522">
     <span class='ocr_line' id='line_1_23' title="bbox 459 2449 3718 2522; baseline -0.001 -11"><span class='ocrx_word' id='word_1_315' title='bbox 459 2456 801 2511; x_wconf 72' lang='grc' dir='ltr'><strong>ιιειηοιοιιόιιι</strong></span> <span class='ocrx_word' id='word_1_316' title='bbox 828 2455 880 2508; x_wconf 93' lang='lat' dir='ltr'><strong>in</strong></span> <span class='ocrx_word' id='word_1_317' title='bbox 915 2452 1205 2508; x_wconf 88' lang='lat' dir='ltr'><strong>scribendo</strong></span> <span class='ocrx_word' id='word_1_318' title='bbox 1254 2452 1500 2507; x_wconf 87' lang='lat' dir='ltr'><strong>veritatis</strong></span> <span class='ocrx_word' id='word_1_319' title='bbox 1534 2470 1548 2507; x_wconf 91' lang='lat'>:</span> <span class='ocrx_word' id='word_1_320' title='bbox 1581 2466 1690 2522; x_wconf 88' lang='lat' dir='ltr'><strong>qua</strong></span> <span class='ocrx_word' id='word_1_321' title='bbox 1739 2452 1792 2507; x_wconf 94' lang='lat' dir='ltr'><strong>in</strong></span> <span class='ocrx_word' id='word_1_322' title='bbox 1830 2467 1886 2506; x_wconf 91' lang='lat' dir='ltr'><strong>re</strong></span> <span class='ocrx_word' id='word_1_323' title='bbox 1921 2450 1966 2506; x_wconf 91' lang='lat' dir='ltr'><strong>si</strong></span> <span class='ocrx_word' id='word_1_324' title='bbox 1990 2451 2137 2521; x_wconf 88' lang='lat' dir='ltr'><strong>quod</strong></span> <span class='ocrx_word' id='word_1_325' title='bbox 2172 2451 2392 2505; x_wconf 83' lang='lat' dir='ltr'><strong>virtutis</strong></span> <span class='ocrx_word' id='word_1_326' title='bbox 2420 2449 2755 2520; x_wconf 71' lang='lat' dir='ltr'><strong>praeconium</strong></span> <span class='ocrx_word' id='word_1_327' title='bbox 2785 2460 3024 2521; x_wconf 73' lang='lat' dir='ltr'><strong>paterna:</strong></span> <span class='ocrx_word' id='word_1_328' title='bbox 3056 2467 3238 2506; x_wconf 91' lang='lat' dir='ltr'><strong>rerum</strong></span> <span class='ocrx_word' id='word_1_329' title='bbox 3287 2464 3564 2522; x_wconf 79' lang='lat' dir='ltr'><strong>gestarum</strong></span> <span class='ocrx_word' id='word_1_330' title='bbox 3593 2470 3718 2508; x_wconf 78' lang='lat' dir='ltr'><strong>exa-</strong></span> 
     </span>
    </p>
   </div>
   <div class='ocr_carea' id='block_1_24' title="bbox 461 2545 3721 2628">
    <p class='ocr_par' dir='ltr' id='par_1_24' title="bbox 461 2545 3721 2628">
     <span class='ocr_line' id='line_1_24' title="bbox 461 2545 3721 2628; baseline -0.002 -21"><span class='ocrx_word' id='word_1_331' title='bbox 461 2561 602 2608; x_wconf 91' lang='lat' dir='ltr'><strong>ctam</strong></span> <span class='ocrx_word' id='word_1_332' title='bbox 633 2548 885 2628; x_wconf 13' lang='lat' dir='ltr'><strong>reierensh</strong></span> <span class='ocrx_word' id='word_1_333' title='bbox 910 2548 1226 2602; x_wconf 89' lang='lat' dir='ltr'><strong>memoriam</strong></span> <span class='ocrx_word' id='word_1_334' title='bbox 1257 2563 1378 2602; x_wconf 87' lang='lat' dir='ltr'><strong>mea</strong></span> <span class='ocrx_word' id='word_1_335' title='bbox 1409 2546 1725 2602; x_wconf 87' lang='lat' dir='ltr'><strong>necessario</strong></span> <span class='ocrx_word' id='word_1_336' title='bbox 1756 2545 1982 2602; x_wconf 85' lang='lat' dir='ltr'><strong>historia</strong></span> <span class='ocrx_word' id='word_1_337' title='bbox 2021 2545 2205 2613; x_wconf 81' lang='lat' dir='ltr'><strong>faciat,</strong></span> <span class='ocrx_word' id='word_1_338' title='bbox 2257 2545 2378 2616; x_wconf 72' lang='lat' dir='ltr'><strong>ejus</strong></span> <span class='ocrx_word' id='word_1_339' title='bbox 2408 2560 2508 2613; x_wconf 73' lang='lat' dir='ltr'><strong>ego</strong></span> <span class='ocrx_word' id='word_1_340' title='bbox 2539 2547 2767 2614; x_wconf 80' lang='lat' dir='ltr'><strong>gratiam</strong></span> <span class='ocrx_word' id='word_1_341' title='bbox 2794 2547 3046 2600; x_wconf 86' lang='lat' dir='ltr'><strong>charitati</strong></span> <span class='ocrx_word' id='word_1_342' title='bbox 3082 2546 3448 2615; x_wconf 72' lang='lat' dir='ltr'><strong>aljudicatam</strong></span> <span class='ocrx_word' id='word_1_343' title='bbox 3482 2549 3573 2600; x_wconf 91' lang='lat' dir='ltr'><strong>uni</strong></span> <span class='ocrx_word' id='word_1_344' title='bbox 3605 2551 3721 2601; x_wconf 79' lang='lat' dir='ltr'><strong>vin-</strong></span> 
     </span>
    </p>
   </div>
   <div class='ocr_carea' id='block_1_25' title="bbox 460 2642 3719 2712">
    <p class='ocr_par' dir='ltr' id='par_1_25' title="bbox 460 2642 3719 2712">
     <span class='ocr_line' id='line_1_25' title="bbox 460 2642 3719 2712; baseline -0.002 -10"><span class='ocrx_word' id='word_1_345' title='bbox 460 2648 581 2702; x_wconf 90' lang='lat' dir='ltr'><strong>dico</strong></span> <span class='ocrx_word' id='word_1_346' title='bbox 610 2646 704 2700; x_wconf 91' lang='lat' dir='ltr'><strong>uni</strong></span> <span class='ocrx_word' id='word_1_347' title='bbox 737 2645 936 2700; x_wconf 86' lang='lat' dir='ltr'><strong>ascribi</strong></span> <span class='ocrx_word' id='word_1_348' title='bbox 970 2645 1094 2699; x_wconf 91' lang='lat' dir='ltr'><strong>volo</strong></span> <span class='ocrx_word' id='word_1_349' title='bbox 1129 2645 1368 2699; x_wconf 87' lang='lat' dir='ltr'><strong>veritati.</strong></span> <span class='ocrx_word' id='word_1_350' title='bbox 1399 2643 1567 2712; x_wconf 85' lang='lat' dir='ltr'><strong>Cujus</strong></span> <span class='ocrx_word' id='word_1_351' title='bbox 1597 2645 1760 2698; x_wconf 89' lang='lat' dir='ltr'><strong>etiam</strong></span> <span class='ocrx_word' id='word_1_352' title='bbox 1795 2643 1965 2712; x_wconf 91' lang='lat' dir='ltr'><strong>ipsius</strong></span> <span class='ocrx_word' id='word_1_353' title='bbox 2001 2658 2198 2698; x_wconf 88' lang='lat' dir='ltr'><strong>numen</strong></span> <span class='ocrx_word' id='word_1_354' title='bbox 2225 2642 2504 2698; x_wconf 86' lang='lat' dir='ltr'><strong>conscium</strong></span> <span class='ocrx_word' id='word_1_355' title='bbox 2527 2650 2582 2696; x_wconf 91' lang='lat' dir='ltr'><strong>et</strong></span> <span class='ocrx_word' id='word_1_356' title='bbox 2611 2643 2716 2695; x_wconf 91' lang='lat' dir='ltr'><strong>vim</strong></span> <span class='ocrx_word' id='word_1_357' title='bbox 2755 2642 3120 2711; x_wconf 89' lang='lat' dir='ltr'><strong>perspicacem</strong></span> <span class='ocrx_word' id='word_1_358' title='bbox 3151 2643 3291 2695; x_wconf 91' lang='lat' dir='ltr'><strong>ultro</strong></span> <span class='ocrx_word' id='word_1_359' title='bbox 3313 2644 3538 2702; x_wconf 69' lang='lat' dir='ltr'><strong>advoco,</strong></span> <span class='ocrx_word' id='word_1_360' title='bbox 3563 2644 3719 2696; x_wconf 75' lang='lat' dir='ltr'><strong>milii-</strong></span> 
     </span>
    </p>
   </div>
   <div class='ocr_carea' id='block_1_26' title="bbox 463 2735 3720 2813">
    <p class='ocr_par' dir='ltr' id='par_1_26' title="bbox 463 2735 3720 2813">
     <span class='ocr_line' id='line_1_26' title="bbox 463 2735 3720 2813; baseline -0.003 -17"><span class='ocrx_word' id='word_1_361' title='bbox 463 2757 570 2813; x_wconf 90' lang='lat' dir='ltr'><strong>que</strong></span> <span class='ocrx_word' id='word_1_362' title='bbox 600 2740 888 2811; x_wconf 86' lang='lat' dir='ltr'><strong>propitiam</strong></span> <span class='ocrx_word' id='word_1_363' title='bbox 919 2738 1035 2794; x_wconf 82' lang='lat' dir='ltr'><strong>fore</strong></span> <span class='ocrx_word' id='word_1_364' title='bbox 1064 2753 1225 2809; x_wconf 88' lang='lat' dir='ltr'><strong>spero</strong></span> <span class='ocrx_word' id='word_1_365' title='bbox 1257 2739 1520 2794; x_wconf 87' lang='lat' dir='ltr'><strong>adversus</strong></span> <span class='ocrx_word' id='word_1_366' title='bbox 1567 2737 2000 2794; x_wconf 84' lang='lat' dir='ltr'><strong>obtrectationes</strong></span> <span class='ocrx_word' id='word_1_367' title='bbox 2025 2737 2285 2809; x_wconf 83' lang='lat' dir='ltr'><strong>querulas</strong></span> <span class='ocrx_word' id='word_1_368' title='bbox 2317 2736 2594 2791; x_wconf 86' lang='lat' dir='ltr'><strong>hominum</strong></span> <span class='ocrx_word' id='word_1_369' title='bbox 2633 2749 2796 2806; x_wconf 87' lang='lat' dir='ltr'><strong>prave</strong></span> <span class='ocrx_word' id='word_1_370' title='bbox 2823 2749 2888 2789; x_wconf 91' lang='lat' dir='ltr'><strong>ac</strong></span> <span class='ocrx_word' id='word_1_371' title='bbox 2917 2735 3154 2804; x_wconf 80' lang='lat' dir='ltr'><strong>maligne</strong></span> <span class='ocrx_word' id='word_1_372' title='bbox 3179 2735 3578 2804; x_wconf 85' lang='lat' dir='ltr'><strong>suspicacium;</strong></span> <span class='ocrx_word' id='word_1_373' title='bbox 3610 2736 3720 2804; x_wconf 87' lang='lat' dir='ltr'><strong>qui.</strong></span> 
     </span>
    </p>
   </div>
   <div class='ocr_carea' id='block_1_27' title="bbox 457 2825 3724 2901">
    <p class='ocr_par' dir='ltr' id='par_1_27' title="bbox 457 2825 3724 2901">
     <span class='ocr_line' id='line_1_27' title="bbox 457 2825 3724 2901; baseline -0.004 -9"><span class='ocrx_word' id='word_1_374' title='bbox 457 2839 506 2892; x_wconf 81' lang='lat' dir='ltr'><strong>si</strong></span> <span class='ocrx_word' id='word_1_375' title='bbox 539 2846 739 2890; x_wconf 69' lang='lat' dir='ltr'><strong>nostrae</strong></span> <span class='ocrx_word' id='word_1_376' title='bbox 773 2833 895 2887; x_wconf 83' lang='lat' dir='ltr'><strong>ﬁdei</strong></span> <span class='ocrx_word' id='word_1_377' title='bbox 922 2830 1354 2886; x_wconf 89' lang='lat' dir='ltr'><strong>controversiam</strong></span> <span class='ocrx_word' id='word_1_378' title='bbox 1391 2831 1715 2900; x_wconf 85' lang='lat' dir='ltr'><strong>exceptione</strong></span> <span class='ocrx_word' id='word_1_379' title='bbox 1744 2831 1964 2901; x_wconf 89' lang='lat' dir='ltr'><strong>pietatis</strong></span> <span class='ocrx_word' id='word_1_380' title='bbox 1993 2831 2288 2898; x_wconf 84' lang='lat' dir='ltr'><strong>moverint,</strong></span> <span class='ocrx_word' id='word_1_381' title='bbox 2320 2827 2625 2883; x_wconf 77' lang='lat' dir='ltr'><strong>coniectam</strong></span> <span class='ocrx_word' id='word_1_382' title='bbox 2653 2827 2756 2880; x_wconf 89' lang='lat' dir='ltr'><strong>sibi</strong></span> <span class='ocrx_word' id='word_1_383' title='bbox 2789 2841 2900 2882; x_wconf 89' lang='lat' dir='ltr'><strong>rem</strong></span> <span class='ocrx_word' id='word_1_384' title='bbox 2929 2837 3142 2895; x_wconf 88' lang='lat' dir='ltr'><strong>putant,</strong></span> <span class='ocrx_word' id='word_1_385' title='bbox 3173 2838 3230 2880; x_wconf 90' lang='lat' dir='ltr'><strong>et</strong></span> <span class='ocrx_word' id='word_1_386' title='bbox 3256 2825 3467 2880; x_wconf 87' lang='lat' dir='ltr'><strong>abunde</strong></span> <span class='ocrx_word' id='word_1_387' title='bbox 3496 2842 3724 2896; x_wconf 75' lang='lat' dir='ltr'><strong>persua-</strong></span> 
     </span>
    </p>
   </div>
   <div class='ocr_carea' id='block_1_28' title="bbox 459 2923 3726 2997">
    <p class='ocr_par' dir='ltr' id='par_1_28' title="bbox 459 2923 3726 2997">
     <span class='ocr_line' id='line_1_28' title="bbox 459 2923 3726 2997; baseline -0.001 -12"><span class='ocrx_word' id='word_1_388' title='bbox 459 2945 580 2985; x_wconf 85' lang='lat' dir='ltr'><strong>sum</strong></span> <span class='ocrx_word' id='word_1_389' title='bbox 615 2927 868 2983; x_wconf 91' lang='lat' dir='ltr'><strong>omnibus</strong></span> <span class='ocrx_word' id='word_1_390' title='bbox 899 2928 1010 2982; x_wconf 90' lang='lat' dir='ltr'><strong>ﬁeri</strong></span> <span class='ocrx_word' id='word_1_391' title='bbox 1058 2943 1162 2982; x_wconf 93' lang='lat' dir='ltr'><strong>non</strong></span> <span class='ocrx_word' id='word_1_392' title='bbox 1198 2941 1380 2997; x_wconf 90' lang='lat' dir='ltr'><strong>posse,</strong></span> <span class='ocrx_word' id='word_1_393' title='bbox 1426 2927 1557 2996; x_wconf 87' lang='lat' dir='ltr'><strong>quin</strong></span> <span class='ocrx_word' id='word_1_394' title='bbox 1588 2943 1708 2996; x_wconf 71' lang='lat' dir='ltr'><strong>qum</strong></span> <span class='ocrx_word' id='word_1_395' title='bbox 1749 2929 1814 2982; x_wconf 79' lang='lat' dir='ltr'><strong>de</strong></span> <span class='ocrx_word' id='word_1_396' title='bbox 1845 2938 1996 2996; x_wconf 85' lang='lat' dir='ltr'><strong>patre</strong></span> <span class='ocrx_word' id='word_1_397' title='bbox 2029 2937 2214 2982; x_wconf 88' lang='lat' dir='ltr'><strong>narrat</strong></span> <span class='ocrx_word' id='word_1_398' title='bbox 2255 2927 2383 2989; x_wconf 88' lang='lat' dir='ltr'><strong>lilia,</strong></span> <span class='ocrx_word' id='word_1_399' title='bbox 2407 2925 2451 2980; x_wconf 86' lang='lat' dir='ltr'><strong>si</strong></span> <span class='ocrx_word' id='word_1_400' title='bbox 2481 2939 2542 2979; x_wconf 87' lang='lat' dir='ltr'><strong>ea</strong></span> <span class='ocrx_word' id='word_1_401' title='bbox 2585 2923 2830 2993; x_wconf 87' lang='lat' dir='ltr'><strong>speciosa</strong></span> <span class='ocrx_word' id='word_1_402' title='bbox 2859 2933 2912 2978; x_wconf 88' lang='lat' dir='ltr'><strong>et</strong></span> <span class='ocrx_word' id='word_1_403' title='bbox 2945 2923 3397 2979; x_wconf 86' lang='lat' dir='ltr'><strong>commendabilia</strong></span> <span class='ocrx_word' id='word_1_404' title='bbox 3424 2925 3560 2988; x_wconf 89' lang='lat' dir='ltr'><strong>sint,</strong></span> <span class='ocrx_word' id='word_1_405' title='bbox 3596 2923 3726 2980; x_wconf 75' lang='lat' dir='ltr'><strong>falsa</strong></span> 
     </span>
    </p>
   </div>
   <div class='ocr_carea' id='block_1_29' title="bbox 462 3019 2448 3092">
    <p class='ocr_par' dir='ltr' id='par_1_29' title="bbox 462 3019 2448 3092">
     <span class='ocr_line' id='line_1_29' title="bbox 462 3019 2448 3092; baseline -0.005 -12"><span class='ocrx_word' id='word_1_406' title='bbox 462 3024 806 3092; x_wconf 86' lang='lat' dir='ltr'><strong>conﬁctaque</strong></span> <span class='ocrx_word' id='word_1_407' title='bbox 837 3020 1044 3074; x_wconf 79' lang='lat' dir='ltr'><strong>fuerint</strong></span> <span class='ocrx_word' id='word_1_408' title='bbox 1083 3021 1147 3072; x_wconf 88' lang='lat' dir='ltr'><strong>ad</strong></span> <span class='ocrx_word' id='word_1_409' title='bbox 1178 3019 1575 3074; x_wconf 86' lang='lat' dir='ltr'><strong>ohscurandam</strong></span> <span class='ocrx_word' id='word_1_410' title='bbox 1602 3020 2110 3087; x_wconf 85' lang='lat' dir='ltr'><strong>ohliterandamque</strong></span> <span class='ocrx_word' id='word_1_411' title='bbox 2138 3019 2448 3074; x_wconf 73' lang='lat' dir='ltr'><strong>veritatem.</strong></span> 
     </span>
    </p>
   </div>
   <div class='ocr_carea' id='block_1_30' title="bbox 533 3114 2117 3185">
    <p class='ocr_par' dir='ltr' id='par_1_30' title="bbox 533 3114 2117 3185">
     <span class='ocr_line' id='line_1_30' title="bbox 533 3114 2117 3185; baseline -0.006 -8"><span class='ocrx_word' id='word_1_412' title='bbox 533 3122 636 3177; x_wconf 90' lang='lat' dir='ltr'><strong>Sed</strong></span> <span class='ocrx_word' id='word_1_413' title='bbox 673 3119 738 3174; x_wconf 88' lang='lat' dir='ltr'><strong>ad</strong></span> <span class='ocrx_word' id='word_1_414' title='bbox 772 3118 1078 3172; x_wconf 82' lang='lat' dir='ltr'><strong>institutam</strong></span> <span class='ocrx_word' id='word_1_415' title='bbox 1113 3117 1482 3169; x_wconf 86' lang='lat' dir='ltr'><strong>narrationem</strong></span> <span class='ocrx_word' id='word_1_416' title='bbox 1533 3115 1823 3185; x_wconf 85' lang='lat' dir='ltr'><strong>aliquando</strong></span> <span class='ocrx_word' id='word_1_417' title='bbox 1851 3131 2037 3169; x_wconf 89' lang='lat' dir='ltr'><strong>recur-</strong></span> <span class='ocrx_word' id='word_1_418' title='bbox 2065 3114 2117 3176; x_wconf 82' lang='grc' dir='ltr'><strong>Α</strong></span> 
     </span>
    </p>
   </div>
   <div class='ocr_carea' id='block_1_31' title="bbox 461 3208 2035 3276">
    <p class='ocr_par' dir='ltr' id='par_1_31' title="bbox 461 3208 2035 3276">
     <span class='ocr_line' id='line_1_31' title="bbox 461 3208 2035 3276; baseline -0.006 -7"><span class='ocrx_word' id='word_1_419' title='bbox 461 3227 547 3270; x_wconf 86' lang='lat' dir='ltr'><strong>rat</strong></span> <span class='ocrx_word' id='word_1_420' title='bbox 576 3213 753 3268; x_wconf 87' lang='lat' dir='ltr'><strong>oratio</strong></span> <span class='ocrx_word' id='word_1_421' title='bbox 776 3225 1000 3264; x_wconf 87' lang='lat' dir='ltr'><strong>necesse</strong></span> <span class='ocrx_word' id='word_1_422' title='bbox 1025 3218 1126 3264; x_wconf 89' lang='lat' dir='ltr'><strong>est.</strong></span> <span class='ocrx_word' id='word_1_423' title='bbox 1159 3208 1408 3276; x_wconf 85' lang='lat' dir='ltr'><strong>Quandiu</strong></span> <span class='ocrx_word' id='word_1_424' title='bbox 1439 3209 1602 3262; x_wconf 89' lang='lat' dir='ltr'><strong>lixmn</strong></span> <span class='ocrx_word' id='word_1_425' title='bbox 1630 3208 1861 3273; x_wconf 89' lang='lat' dir='ltr'><strong>illic,nbi</strong></span> <span class='ocrx_word' id='word_1_426' title='bbox 1885 3223 2035 3261; x_wconf 88' lang='lat' dir='ltr'><strong>reum</strong></span> 
     </span>
    </p>
   </div>
   <div class='ocr_carea' id='block_1_32' title="bbox 2229 3110 3726 3187">
    <p class='ocr_par' dir='ltr' id='par_1_32' title="bbox 2229 3110 3726 3187">
     <span class='ocr_line' id='line_1_32' title="bbox 2229 3110 3726 3187; baseline 0 -21"><span class='ocrx_word' id='word_1_427' title='bbox 2229 3114 2289 3166; x_wconf 86' lang='grc' dir='ltr'><strong>Ὀ</strong></span> <span class='ocrx_word' id='word_1_428' title='bbox 2327 3116 2425 3185; x_wconf 75' lang='grc' dir='ltr'>μέν</span> <span class='ocrx_word' id='word_1_429' title='bbox 2455 3131 2535 3166; x_wconf 87' lang='grc' dir='ltr'><strong>τοι</strong></span> <span class='ocrx_word' id='word_1_430' title='bbox 2567 3114 2725 3182; x_wconf 75' lang='grc' dir='ltr'>λόγος</span> <span class='ocrx_word' id='word_1_431' title='bbox 2760 3112 3105 3182; x_wconf 78' lang='grc' dir='ltr'>ἀνατρεχέτω</span> <span class='ocrx_word' id='word_1_432' title='bbox 3137 3110 3294 3176; x_wconf 79' lang='grc' dir='ltr'>αὖθις</span> <span class='ocrx_word' id='word_1_433' title='bbox 3328 3114 3461 3183; x_wconf 61' lang='grc' dir='ltr'>πρδις</span> <span class='ocrx_word' id='word_1_434' title='bbox 3494 3116 3559 3168; x_wconf 72' lang='grc' dir='ltr'><strong>τὸ</strong></span> <span class='ocrx_word' id='word_1_435' title='bbox 3594 3133 3726 3187; x_wconf 82' lang='grc' dir='ltr'>προ-</span> 
     </span>
    </p>
   </div>
   <div class='ocr_carea' id='block_1_33' title="bbox 467 3297 2038 3372">
    <p class='ocr_par' dir='ltr' id='par_1_33' title="bbox 467 3297 2038 3372">
     <span class='ocr_line' id='line_1_33' title="bbox 467 3297 2038 3372; baseline -0.009 -12"><span class='ocrx_word' id='word_1_436' title='bbox 467 3302 811 3372; x_wconf 84' lang='lat' dir='ltr'><strong>reliquimus,</strong></span> <span class='ocrx_word' id='word_1_437' title='bbox 842 3297 1256 3354; x_wconf 88' lang='lat' dir='ltr'><strong>tabernaculum</strong></span> <span class='ocrx_word' id='word_1_438' title='bbox 1295 3299 1594 3365; x_wconf 86' lang='lat' dir='ltr'><strong>imperatur</strong></span> <span class='ocrx_word' id='word_1_439' title='bbox 1625 3297 1832 3360; x_wconf 87' lang='lat' dir='ltr'><strong>habuit,</strong></span> <span class='ocrx_word' id='word_1_440' title='bbox 1869 3305 2038 3350; x_wconf 91' lang='lat' dir='ltr'><strong>totum</strong></span> 
     </span>
    </p>
   </div>
   <div class='ocr_carea' id='block_1_34' title="bbox 463 3386 2040 3459">
    <p class='ocr_par' dir='ltr' id='par_1_34' title="bbox 463 3386 2040 3459">
     <span class='ocr_line' id='line_1_34' title="bbox 463 3386 2040 3459; baseline -0.008 -8"><span class='ocrx_word' id='word_1_441' title='bbox 463 3397 636 3451; x_wconf 87' lang='lat' dir='ltr'><strong>otium</strong></span> <span class='ocrx_word' id='word_1_442' title='bbox 667 3391 1020 3459; x_wconf 85' lang='lat' dir='ltr'><strong>studiumque</strong></span> <span class='ocrx_word' id='word_1_443' title='bbox 1049 3390 1140 3442; x_wconf 90' lang='lat' dir='ltr'><strong>uni</strong></span> <span class='ocrx_word' id='word_1_444' title='bbox 1185 3387 1300 3442; x_wconf 81' lang='lat' dir='ltr'><strong>fere</strong></span> <span class='ocrx_word' id='word_1_445' title='bbox 1335 3388 1596 3457; x_wconf 87' lang='lat' dir='ltr'><strong>impendit</strong></span> <span class='ocrx_word' id='word_1_446' title='bbox 1639 3387 1740 3448; x_wconf 88' lang='lat' dir='ltr'><strong>rei,</strong></span> <span class='ocrx_word' id='word_1_447' title='bbox 1771 3386 2040 3440; x_wconf 76' lang='lat' dir='ltr'><strong>exercitui</strong></span> 
     </span>
    </p>
   </div>
   <div class='ocr_carea' id='block_1_35' title="bbox 465 3473 2039 3554">
    <p class='ocr_par' dir='ltr' id='par_1_35' title="bbox 465 3473 2039 3554">
     <span class='ocr_line' id='line_1_35' title="bbox 465 3473 2039 3554; baseline -0.009 -14"><span class='ocrx_word' id='word_1_448' title='bbox 465 3481 770 3554; x_wconf 82' lang='lat' dir='ltr'><strong>supplendo</strong></span> <span class='ocrx_word' id='word_1_449' title='bbox 809 3480 1166 3550; x_wconf 79' lang='lat' dir='ltr'><strong>augendoque</strong></span> <span class='ocrx_word' id='word_1_450' title='bbox 1218 3476 1373 3532; x_wconf 81' lang='lat' dir='ltr'><strong>novis</strong></span> <span class='ocrx_word' id='word_1_451' title='bbox 1407 3477 1626 3530; x_wconf 87' lang='lat' dir='ltr'><strong>assidue</strong></span> <span class='ocrx_word' id='word_1_452' title='bbox 1681 3473 1982 3528; x_wconf 83' lang='lat' dir='ltr'><strong>delectibns</strong></span> <span class='ocrx_word' id='word_1_453' title='bbox 2025 3491 2039 3526; x_wconf 90' lang='lat'><strong>:</strong></span> 
     </span>
    </p>
   </div>
   <div class='ocr_carea' id='block_1_36' title="bbox 465 3567 2044 3646">
    <p class='ocr_par' dir='ltr' id='par_1_36' title="bbox 465 3567 2044 3646">
     <span class='ocr_line' id='line_1_36' title="bbox 465 3567 2044 3646; baseline -0.01 -15"><span class='ocrx_word' id='word_1_454' title='bbox 465 3587 580 3630; x_wconf 88' lang='lat' dir='ltr'><strong>tum</strong></span> <span class='ocrx_word' id='word_1_455' title='bbox 604 3574 881 3646; x_wconf 73' lang='lat' dir='ltr'><strong>prmcipue</strong></span> <span class='ocrx_word' id='word_1_456' title='bbox 917 3571 1198 3643; x_wconf 89' lang='lat' dir='ltr'><strong>tyronihus</strong></span> <span class='ocrx_word' id='word_1_457' title='bbox 1227 3571 1347 3624; x_wconf 91' lang='lat' dir='ltr'><strong>istis</strong></span> <span class='ocrx_word' id='word_1_458' title='bbox 1377 3568 1512 3640; x_wconf 87' lang='lat' dir='ltr'><strong>ipsis</strong></span> <span class='ocrx_word' id='word_1_459' title='bbox 1557 3567 1882 3622; x_wconf 76' lang='lat' dir='ltr'><strong>exercendis</strong></span> <span class='ocrx_word' id='word_1_460' title='bbox 1913 3582 2044 3621; x_wconf 86' lang='lat' dir='ltr'><strong>eru-</strong></span> 
     </span>
    </p>
   </div>
   <div class='ocr_carea' id='block_1_37' title="bbox 466 3660 2042 3738">
    <p class='ocr_par' dir='ltr' id='par_1_37' title="bbox 466 3660 2042 3738">
     <span class='ocr_line' id='line_1_37' title="bbox 466 3660 2042 3738; baseline -0.005 -16"><span class='ocrx_word' id='word_1_461' title='bbox 466 3667 781 3738; x_wconf 82' lang='lat' dir='ltr'><strong>diendisque</strong></span> <span class='ocrx_word' id='word_1_462' title='bbox 829 3680 925 3736; x_wconf 91' lang='lat' dir='ltr'><strong>per</strong></span> <span class='ocrx_word' id='word_1_463' title='bbox 967 3679 1024 3719; x_wconf 84' lang='lat' dir='ltr'><strong>se</strong></span> <span class='ocrx_word' id='word_1_464' title='bbox 1079 3678 1262 3717; x_wconf 86' lang='lat' dir='ltr'><strong>coram</strong></span> <span class='ocrx_word' id='word_1_465' title='bbox 1296 3663 1360 3718; x_wconf 87' lang='lat' dir='ltr'><strong>ad</strong></span> <span class='ocrx_word' id='word_1_466' title='bbox 1401 3677 1593 3717; x_wconf 89' lang='lat' dir='ltr'><strong>omnes</strong></span> <span class='ocrx_word' id='word_1_467' title='bbox 1645 3661 1721 3717; x_wconf 90' lang='lat' dir='ltr'><strong>rei</strong></span> <span class='ocrx_word' id='word_1_468' title='bbox 1784 3660 2042 3714; x_wconf 87' lang='lat' dir='ltr'><strong>militaris</strong></span> 
     </span>
    </p>
   </div>
   <div class='ocr_carea' id='block_1_38' title="bbox 464 3756 2042 3828">
    <p class='ocr_par' dir='ltr' id='par_1_38' title="bbox 464 3756 2042 3828">
     <span class='ocr_line' id='line_1_38' title="bbox 464 3756 2042 3828; baseline -0.006 -12"><span class='ocrx_word' id='word_1_469' title='bbox 464 3777 616 3828; x_wconf 89' lang='lat' dir='ltr'><strong>usus,</strong></span> <span class='ocrx_word' id='word_1_470' title='bbox 649 3771 705 3814; x_wconf 89' lang='lat' dir='ltr'><strong>Ill</strong></span> <span class='ocrx_word' id='word_1_471' title='bbox 759 3759 980 3814; x_wconf 91' lang='lat' dir='ltr'><strong>tendere</strong></span> <span class='ocrx_word' id='word_1_472' title='bbox 1039 3771 1251 3819; x_wconf 88' lang='lat' dir='ltr'><strong>arcum,</strong></span> <span class='ocrx_word' id='word_1_473' title='bbox 1304 3765 1359 3809; x_wconf 93' lang='lat' dir='ltr'><strong>nt</strong></span> <span class='ocrx_word' id='word_1_474' title='bbox 1431 3756 1638 3809; x_wconf 89' lang='lat' dir='ltr'><strong>hastam</strong></span> <span class='ocrx_word' id='word_1_475' title='bbox 1703 3762 1952 3824; x_wconf 87' lang='lat' dir='ltr'><strong>quatere,</strong></span> <span class='ocrx_word' id='word_1_476' title='bbox 1984 3761 2042 3806; x_wconf 92' lang='lat' dir='ltr'><strong>ut</strong></span> 
     </span>
    </p>
   </div>
   <div class='ocr_carea' id='block_1_39' title="bbox 463 3846 2045 3922">
    <p class='ocr_par' dir='ltr' id='par_1_39' title="bbox 463 3846 2045 3922">
     <span class='ocr_line' id='line_1_39' title="bbox 463 3846 2045 3922; baseline -0.004 -17"><span class='ocrx_word' id='word_1_477' title='bbox 463 3865 662 3922; x_wconf 87' lang='lat' dir='ltr'><strong>equum</strong></span> <span class='ocrx_word' id='word_1_478' title='bbox 723 3848 857 3903; x_wconf 89' lang='lat' dir='ltr'><strong>scite</strong></span> <span class='ocrx_word' id='word_1_479' title='bbox 912 3846 1236 3901; x_wconf 89' lang='lat' dir='ltr'><strong>inscendere</strong></span> <span class='ocrx_word' id='word_1_480' title='bbox 1287 3860 1582 3917; x_wconf 81' lang='lat' dir='ltr'><strong>regereqne</strong></span> <span class='ocrx_word' id='word_1_481' title='bbox 1633 3853 1942 3915; x_wconf 86' lang='lat' dir='ltr'><strong>oporteret,</strong></span> <span class='ocrx_word' id='word_1_482' title='bbox 1985 3851 2045 3898; x_wconf 89' lang='lat' dir='ltr'><strong>ut</strong></span> 
     </span>
    </p>
   </div>
   <div class='ocr_carea' id='block_1_40' title="bbox 467 3935 2043 4011">
    <p class='ocr_par' dir='ltr' id='par_1_40' title="bbox 467 3935 2043 4011">
     <span class='ocr_line' id='line_1_40' title="bbox 467 3935 2043 4011; baseline -0.006 -15"><span class='ocrx_word' id='word_1_483' title='bbox 467 3939 836 4011; x_wconf 88' lang='lat' dir='ltr'><strong>manipulatim</strong></span> <span class='ocrx_word' id='word_1_484' title='bbox 869 3939 1016 3994; x_wconf 90' lang='lat' dir='ltr'><strong>coire</strong></span> <span class='ocrx_word' id='word_1_485' title='bbox 1047 3938 1101 3991; x_wconf 92' lang='lat' dir='ltr'><strong>in</strong></span> <span class='ocrx_word' id='word_1_486' title='bbox 1134 3937 1437 4007; x_wconf 79' lang='lat' dir='ltr'><strong>singulares</strong></span> <span class='ocrx_word' id='word_1_487' title='bbox 1462 3936 1651 4008; x_wconf 77' lang='lat' dir='ltr'><strong>globos</strong></span> <span class='ocrx_word' id='word_1_488' title='bbox 1696 3935 1890 4002; x_wconf 90' lang='lat' dir='ltr'><strong>quibus</strong></span> <span class='ocrx_word' id='word_1_489' title='bbox 1937 3947 2043 3986; x_wconf 89' lang='lat' dir='ltr'><strong>una</strong></span> 
     </span>
    </p>
   </div>
   <div class='ocr_carea' id='block_1_41' title="bbox 464 4027 2044 4104">
    <p class='ocr_par' dir='ltr' id='par_1_41' title="bbox 464 4027 2044 4104">
     <span class='ocr_line' id='line_1_41' title="bbox 464 4027 2044 4104; baseline -0.006 -16"><span class='ocrx_word' id='word_1_490' title='bbox 464 4031 882 4104; x_wconf 79' lang='lat' dir='ltr'><strong>signiﬁcatione,</strong></span> <span class='ocrx_word' id='word_1_491' title='bbox 954 4030 997 4083; x_wconf 93' lang='lat' dir='ltr'><strong>si</strong></span> <span class='ocrx_word' id='word_1_492' title='bbox 1031 4038 1177 4084; x_wconf 88' lang='lat' dir='ltr'><strong>esset</strong></span> <span class='ocrx_word' id='word_1_493' title='bbox 1225 4043 1382 4097; x_wconf 91' lang='lat' dir='ltr'><strong>opus,</strong></span> <span class='ocrx_word' id='word_1_494' title='bbox 1411 4027 1614 4096; x_wconf 77' lang='lat' dir='ltr'><strong>junctis</strong></span> <span class='ocrx_word' id='word_1_495' title='bbox 1650 4037 1927 4082; x_wconf 90' lang='lat' dir='ltr'><strong>momento</strong></span> <span class='ocrx_word' id='word_1_496' title='bbox 1961 4042 2044 4080; x_wconf 76' lang='lat' dir='ltr'><strong>ex-</strong></span> 
     </span>
    </p>
   </div>
   <div class='ocr_carea' id='block_1_42' title="bbox 467 4118 2044 4190">
    <p class='ocr_par' dir='ltr' id='par_1_42' title="bbox 467 4118 2044 4190">
     <span class='ocr_line' id='line_1_42' title="bbox 467 4118 2044 4190; baseline -0.005 -12"><span class='ocrx_word' id='word_1_497' title='bbox 467 4124 681 4178; x_wconf 76' lang='lat' dir='ltr'><strong>sisteret</strong></span> <span class='ocrx_word' id='word_1_498' title='bbox 740 4122 827 4176; x_wconf 84' lang='lat' dir='ltr'><strong>illa</strong></span> <span class='ocrx_word' id='word_1_499' title='bbox 866 4124 1036 4176; x_wconf 76' lang='lat' dir='ltr'><strong>forma</strong></span> <span class='ocrx_word' id='word_1_500' title='bbox 1072 4119 1433 4174; x_wconf 79' lang='lat' dir='ltr'><strong>formidabilis</strong></span> <span class='ocrx_word' id='word_1_501' title='bbox 1463 4121 1782 4190; x_wconf 59' lang='lat' dir='ltr'><strong>excusitataa</strong></span> <span class='ocrx_word' id='word_1_502' title='bbox 1827 4119 1894 4172; x_wconf 91' lang='lat' dir='ltr'><strong>ab</strong></span> <span class='ocrx_word' id='word_1_503' title='bbox 1924 4118 2044 4188; x_wconf 91' lang='lat' dir='ltr'><strong>ipso</strong></span> 
     </span>
    </p>
   </div>
   <div class='ocr_carea' id='block_1_43' title="bbox 467 4211 2045 4286">
    <p class='ocr_par' dir='ltr' id='par_1_43' title="bbox 467 4211 2045 4286">
     <span class='ocr_line' id='line_1_43' title="bbox 467 4211 2045 4286; baseline -0.004 -17"><span class='ocrx_word' id='word_1_504' title='bbox 467 4217 702 4286; x_wconf 89' lang='lat' dir='ltr'><strong>primum</strong></span> <span class='ocrx_word' id='word_1_505' title='bbox 762 4215 1134 4283; x_wconf 68' lang='lat' dir='ltr'><strong>institntteque</strong></span> <span class='ocrx_word' id='word_1_506' title='bbox 1170 4213 1327 4266; x_wconf 79' lang='lat' dir='ltr'><strong>aciei.</strong></span> <span class='ocrx_word' id='word_1_507' title='bbox 1368 4213 1448 4265; x_wconf 85' lang='lat' dir='ltr'><strong>Ad</strong></span> <span class='ocrx_word' id='word_1_508' title='bbox 1476 4212 1616 4264; x_wconf 87' lang='lat' dir='ltr'><strong>hanc</strong></span> <span class='ocrx_word' id='word_1_509' title='bbox 1656 4211 1895 4278; x_wconf 77' lang='lat' dir='ltr'><strong>ﬁngebat</strong></span> <span class='ocrx_word' id='word_1_510' title='bbox 1930 4211 2045 4279; x_wconf 90' lang='lat' dir='ltr'><strong>ipse</strong></span> 
     </span>
    </p>
   </div>
   <div class='ocr_carea' id='block_1_44' title="bbox 463 4303 2042 4378">
    <p class='ocr_par' dir='ltr' id='par_1_44' title="bbox 463 4303 2042 4378">
     <span class='ocr_line' id='line_1_44' title="bbox 463 4303 2042 4378; baseline -0.003 -18"><span class='ocrx_word' id='word_1_511' title='bbox 463 4310 688 4378; x_wconf 86' lang='lat' dir='ltr'><strong>juvenes</strong></span> <span class='ocrx_word' id='word_1_512' title='bbox 717 4308 1006 4361; x_wconf 87' lang='lat' dir='ltr'><strong>sedulitate</strong></span> <span class='ocrx_word' id='word_1_513' title='bbox 1035 4306 1462 4358; x_wconf 72' lang='lat' dir='ltr'><strong>laboriosiSsima</strong></span> <span class='ocrx_word' id='word_1_514' title='bbox 1491 4304 1743 4374; x_wconf 85' lang='lat' dir='ltr'><strong>equitans</strong></span> <span class='ocrx_word' id='word_1_515' title='bbox 1769 4303 2042 4358; x_wconf 88' lang='lat' dir='ltr'><strong>interdum</strong></span> 
     </span>
    </p>
   </div>
   <div class='ocr_carea' id='block_1_45' title="bbox 471 4396 2042 4467">
    <p class='ocr_par' dir='ltr' id='par_1_45' title="bbox 471 4396 2042 4467">
     <span class='ocr_line' id='line_1_45' title="bbox 471 4396 2042 4467; baseline -0.003 -13"><span class='ocrx_word' id='word_1_516' title='bbox 471 4419 572 4455; x_wconf 88' lang='lat' dir='ltr'><strong>una</strong></span> <span class='ocrx_word' id='word_1_517' title='bbox 607 4416 727 4455; x_wconf 89' lang='lat' dir='ltr'><strong>cum</strong></span> <span class='ocrx_word' id='word_1_518' title='bbox 757 4399 909 4467; x_wconf 87' lang='lat' dir='ltr'><strong>ipsis,</strong></span> <span class='ocrx_word' id='word_1_519' title='bbox 935 4409 988 4452; x_wconf 88' lang='lat' dir='ltr'><strong>et</strong></span> <span class='ocrx_word' id='word_1_520' title='bbox 1015 4398 1274 4452; x_wconf 80' lang='lat' dir='ltr'><strong>decemiis</strong></span> <span class='ocrx_word' id='word_1_521' title='bbox 1297 4397 1761 4464; x_wconf 70' lang='lat' dir='ltr'><strong>admonendisque</strong></span> <span class='ocrx_word' id='word_1_522' title='bbox 1794 4396 2042 4459; x_wconf 78' lang='lat' dir='ltr'><strong>rudibus,</strong></span> 
     </span>
    </p>
   </div>
   <div class='ocr_carea' id='block_1_46' title="bbox 469 4465 2118 4562">
    <p class='ocr_par' dir='ltr' id='par_1_46' title="bbox 469 4465 2118 4562">
     <span class='ocr_line' id='line_1_46' title="bbox 469 4465 2118 4562; baseline -0.005 -13"><span class='ocrx_word' id='word_1_523' title='bbox 469 4508 700 4549; x_wconf 89' lang='lat' dir='ltr'><strong>cursans</strong></span> <span class='ocrx_word' id='word_1_524' title='bbox 731 4492 928 4562; x_wconf 84' lang='lat' dir='ltr'><strong>passim</strong></span> <span class='ocrx_word' id='word_1_525' title='bbox 957 4492 1100 4546; x_wconf 90' lang='lat' dir='ltr'><strong>ultro</strong></span> <span class='ocrx_word' id='word_1_526' title='bbox 1141 4493 1388 4558; x_wconf 88' lang='lat' dir='ltr'><strong>citroque</strong></span> <span class='ocrx_word' id='word_1_527' title='bbox 1411 4500 1572 4559; x_wconf 87' lang='lat' dir='ltr'><strong>atque</strong></span> <span class='ocrx_word' id='word_1_528' title='bbox 1595 4491 1783 4544; x_wconf 86' lang='lat' dir='ltr'><strong>ohicns</strong></span> <span class='ocrx_word' id='word_1_529' title='bbox 1817 4489 2044 4558; x_wconf 84' lang='lat' dir='ltr'><strong>phalau-</strong></span> <span class='ocrx_word' id='word_1_530' title='bbox 2077 4465 2118 4522; x_wconf 72' lang='grc' dir='ltr'><strong><em>Β</em></strong></span> 
     </span>
    </p>
   </div>
   <div class='ocr_carea' id='block_1_47' title="bbox 471 4583 2042 4656">
    <p class='ocr_par' dir='ltr' id='par_1_47' title="bbox 471 4583 2042 4656">
     <span class='ocr_line' id='line_1_47' title="bbox 471 4583 2042 4656; baseline -0.003 -17"><span class='ocrx_word' id='word_1_531' title='bbox 471 4601 587 4656; x_wconf 78' lang='lat' dir='ltr'><strong>gas.</strong></span> <span class='ocrx_word' id='word_1_532' title='bbox 613 4584 737 4640; x_wconf 84' lang='lat' dir='ltr'><strong>Sole</strong></span> <span class='ocrx_word' id='word_1_533' title='bbox 793 4599 956 4654; x_wconf 89' lang='lat' dir='ltr'><strong>porro</strong></span> <span class='ocrx_word' id='word_1_534' title='bbox 981 4583 1091 4650; x_wconf 87' lang='lat' dir='ltr'><strong>jam</strong></span> <span class='ocrx_word' id='word_1_535' title='bbox 1123 4599 1148 4635; x_wconf 88' lang='lat' dir='ltr'><strong>a</strong></span> <span class='ocrx_word' id='word_1_536' title='bbox 1183 4583 1480 4653; x_wconf 77' lang='lat' dir='ltr'><strong>majoribus</strong></span> <span class='ocrx_word' id='word_1_537' title='bbox 1527 4585 1825 4637; x_wconf 65' lang='lat' dir='ltr'><strong>absiste-ante</strong></span> <span class='ocrx_word' id='word_1_538' title='bbox 1863 4583 2042 4638; x_wconf 87' lang='lat' dir='ltr'><strong>circn-</strong></span> 
     </span>
    </p>
   </div>
   <div class='ocr_carea' id='block_1_48' title="bbox 473 4673 2047 4745">
    <p class='ocr_par' dir='ltr' id='par_1_48' title="bbox 473 4673 2047 4745">
     <span class='ocr_line' id='line_1_48' title="bbox 473 4673 2047 4745; baseline -0.003 -15"><span class='ocrx_word' id='word_1_539' title='bbox 473 4678 558 4738; x_wconf 87' lang='lat' dir='ltr'><strong>lis,</strong></span> <span class='ocrx_word' id='word_1_540' title='bbox 603 4688 655 4732; x_wconf 91' lang='lat' dir='ltr'><strong>et</strong></span> <span class='ocrx_word' id='word_1_541' title='bbox 690 4677 985 4729; x_wconf 86' lang='lat' dir='ltr'><strong>autumnali</strong></span> <span class='ocrx_word' id='word_1_542' title='bbox 1029 4675 1139 4745; x_wconf 87' lang='lat' dir='ltr'><strong>jam</strong></span> <span class='ocrx_word' id='word_1_543' title='bbox 1201 4674 1532 4744; x_wconf 82' lang='lat' dir='ltr'><strong>aequinoctio</strong></span> <span class='ocrx_word' id='word_1_544' title='bbox 1586 4685 1947 4742; x_wconf 76' lang='lat' dir='ltr'><strong>transgresso,</strong></span> <span class='ocrx_word' id='word_1_545' title='bbox 1980 4673 2047 4728; x_wconf 90' lang='lat' dir='ltr'><strong>ad</strong></span> 
     </span>
    </p>
   </div>
   <div class='ocr_carea' id='block_1_49' title="bbox 472 4765 2048 4835">
    <p class='ocr_par' dir='ltr' id='par_1_49' title="bbox 472 4765 2048 4835">
     <span class='ocr_line' id='line_1_49' title="bbox 472 4765 2048 4835; baseline -0.001 -14"><span class='ocrx_word' id='word_1_546' title='bbox 472 4771 736 4823; x_wconf 88' lang='lat' dir='ltr'><strong>australes</strong></span> <span class='ocrx_word' id='word_1_547' title='bbox 784 4766 1078 4822; x_wconf 84' lang='lat' dir='ltr'><strong>inrlinante</strong></span> <span class='ocrx_word' id='word_1_548' title='bbox 1103 4765 1285 4829; x_wconf 90' lang='lat' dir='ltr'><strong>orbes,</strong></span> <span class='ocrx_word' id='word_1_549' title='bbox 1330 4766 1520 4820; x_wconf 86' lang='lat' dir='ltr'><strong>idonea</strong></span> <span class='ocrx_word' id='word_1_550' title='bbox 1552 4767 1881 4835; x_wconf 81' lang='lat' dir='ltr'><strong>expeditioni</strong></span> <span class='ocrx_word' id='word_1_551' title='bbox 1911 4777 2048 4820; x_wconf 87' lang='lat' dir='ltr'><strong>tem-</strong></span> 
     </span>
    </p>
   </div>
   <div class='ocr_carea' id='block_1_50' title="bbox 473 4857 2047 4932">
    <p class='ocr_par' dir='ltr' id='par_1_50' title="bbox 473 4857 2047 4932">
     <span class='ocr_line' id='line_1_50' title="bbox 473 4857 2047 4932; baseline -0.001 -18"><span class='ocrx_word' id='word_1_552' title='bbox 473 4872 653 4932; x_wconf 85' lang='lat' dir='ltr'><strong>pestas</strong></span> <span class='ocrx_word' id='word_1_553' title='bbox 706 4861 894 4916; x_wconf 88' lang='lat' dir='ltr'><strong>adessc</strong></span> <span class='ocrx_word' id='word_1_554' title='bbox 923 4860 1058 4914; x_wconf 84' lang='lat' dir='ltr'><strong>visa.</strong></span> <span class='ocrx_word' id='word_1_555' title='bbox 1115 4857 1281 4930; x_wconf 59' lang='lat'><strong>5.69</strong></span> <span class='ocrx_word' id='word_1_556' title='bbox 1334 4858 1472 4929; x_wconf 80' lang='lat' dir='ltr'><strong>Ergo</strong></span> <span class='ocrx_word' id='word_1_557' title='bbox 1527 4868 1681 4912; x_wconf 79' lang='lat' dir='ltr'><strong>vetus</strong></span> <span class='ocrx_word' id='word_1_558' title='bbox 1741 4874 2047 4926; x_wconf 84' lang='lat' dir='ltr'><strong>exsequens</strong></span> 
     </span>
    </p>
   </div>
   <div class='ocr_carea' id='block_1_51' title="bbox 474 4949 2048 5024">
    <p class='ocr_par' dir='ltr' id='par_1_51' title="bbox 474 4949 2048 5024">
     <span class='ocr_line' id='line_1_51' title="bbox 474 4949 2048 5024; baseline -0.001 -19"><span class='ocrx_word' id='word_1_559' title='bbox 474 4955 806 5024; x_wconf 88' lang='lat' dir='ltr'><strong>propositum</strong></span> <span class='ocrx_word' id='word_1_560' title='bbox 838 4968 1027 5006; x_wconf 89' lang='lat' dir='ltr'><strong>omnes</strong></span> <span class='ocrx_word' id='word_1_561' title='bbox 1052 4967 1233 5006; x_wconf 90' lang='lat' dir='ltr'><strong>secum</strong></span> <span class='ocrx_word' id='word_1_562' title='bbox 1263 4951 1446 5019; x_wconf 87' lang='lat' dir='ltr'><strong>copias</strong></span> <span class='ocrx_word' id='word_1_563' title='bbox 1483 4959 1627 5004; x_wconf 89' lang='lat' dir='ltr'><strong>recta</strong></span> <span class='ocrx_word' id='word_1_564' title='bbox 1658 4949 1901 5003; x_wconf 87' lang='lat' dir='ltr'><strong>iconium</strong></span> <span class='ocrx_word' id='word_1_565' title='bbox 1925 4965 2048 5004; x_wconf 82' lang='lat' dir='ltr'><strong>vcr-</strong></span> 
     </span>
    </p>
   </div>
   <div class='ocr_carea' id='block_1_52' title="bbox 476 5039 2051 5111">
    <p class='ocr_par' dir='ltr' id='par_1_52' title="bbox 476 5039 2051 5111">
     <span class='ocr_line' id='line_1_52' title="bbox 476 5039 2051 5111; baseline 0 -16"><span class='ocrx_word' id='word_1_566' title='bbox 476 5057 567 5095; x_wconf 77' lang='lat' dir='ltr'><strong>sus</strong></span> <span class='ocrx_word' id='word_1_567' title='bbox 605 5043 761 5111; x_wconf 86' lang='lat' dir='ltr'><strong>rapit.</strong></span> <span class='ocrx_word' id='word_1_568' title='bbox 798 5039 1033 5094; x_wconf 69' lang='lat' dir='ltr'><strong>Nicmant</strong></span> <span class='ocrx_word' id='word_1_569' title='bbox 1088 5040 1247 5093; x_wconf 85' lang='lat' dir='ltr'><strong>simul</strong></span> <span class='ocrx_word' id='word_1_570' title='bbox 1309 5040 1510 5107; x_wconf 74' lang='lat' dir='ltr'><strong>attigit,</strong></span> <span class='ocrx_word' id='word_1_571' title='bbox 1547 5039 1824 5108; x_wconf 85' lang='lat' dir='ltr'><strong>expeditos</strong></span> <span class='ocrx_word' id='word_1_572' title='bbox 1852 5039 2051 5094; x_wconf 83' lang='lat' dir='ltr'><strong>milites</strong></span> 
     </span>
    </p>
   </div>
   <div class='ocr_carea' id='block_1_53' title="bbox 477 5131 2050 5200">
    <p class='ocr_par' dir='ltr' id='par_1_53' title="bbox 477 5131 2050 5200">
     <span class='ocr_line' id='line_1_53' title="bbox 477 5131 2050 5200; baseline 0.001 -17"><span class='ocrx_word' id='word_1_573' title='bbox 477 5134 663 5200; x_wconf 90' lang='lat' dir='ltr'><strong>peritis</strong></span> <span class='ocrx_word' id='word_1_574' title='bbox 687 5133 1095 5186; x_wconf 88' lang='lat' dir='ltr'><strong>commendatos</strong></span> <span class='ocrx_word' id='word_1_575' title='bbox 1136 5131 1362 5184; x_wconf 84' lang='lat' dir='ltr'><strong>ducibus</strong></span> <span class='ocrx_word' id='word_1_576' title='bbox 1398 5145 1718 5198; x_wconf 89' lang='lat' dir='ltr'><strong>procurrere</strong></span> <span class='ocrx_word' id='word_1_577' title='bbox 1756 5131 1806 5183; x_wconf 91' lang='lat' dir='ltr'><strong>in</strong></span> <span class='ocrx_word' id='word_1_578' title='bbox 1841 5131 2050 5185; x_wconf 86' lang='lat' dir='ltr'><strong>&#39;l‘urcos</strong></span> 
     </span>
    </p>
   </div>
   <div class='ocr_carea' id='block_1_54' title="bbox 477 5222 2047 5294">
    <p class='ocr_par' dir='ltr' id='par_1_54' title="bbox 477 5222 2047 5294">
     <span class='ocr_line' id='line_1_54' title="bbox 477 5222 2047 5294; baseline 0.002 -19"><span class='ocrx_word' id='word_1_579' title='bbox 477 5224 812 5292; x_wconf 79' lang='lat' dir='ltr'><strong>praedarique</strong></span> <span class='ocrx_word' id='word_1_580' title='bbox 886 5223 1107 5292; x_wconf 86' lang='lat' dir='ltr'><strong>passim,</strong></span> <span class='ocrx_word' id='word_1_581' title='bbox 1145 5232 1196 5275; x_wconf 87' lang='lat' dir='ltr'><strong>et</strong></span> <span class='ocrx_word' id='word_1_582' title='bbox 1254 5222 1475 5286; x_wconf 82' lang='lat' dir='ltr'><strong>divisos,</strong></span> <span class='ocrx_word' id='word_1_583' title='bbox 1520 5237 1716 5277; x_wconf 88' lang='lat' dir='ltr'><strong>manus</strong></span> <span class='ocrx_word' id='word_1_584' title='bbox 1752 5234 2047 5294; x_wconf 24' lang='lat' dir='ltr'><strong>‘nstcntarc</strong></span> 
     </span>
    </p>
   </div>
   <div class='ocr_carea' id='block_1_55' title="bbox 480 5313 2047 5383">
    <p class='ocr_par' dir='ltr' id='par_1_55' title="bbox 480 5313 2047 5383">
     <span class='ocr_line' id='line_1_55' title="bbox 480 5313 2047 5383; baseline 0.002 -16"><span class='ocrx_word' id='word_1_585' title='bbox 480 5315 664 5367; x_wconf 85' lang='lat' dir='ltr'><strong>multis</strong></span> <span class='ocrx_word' id='word_1_586' title='bbox 695 5315 828 5369; x_wconf 82' lang='lat' dir='ltr'><strong>locis</strong></span> <span class='ocrx_word' id='word_1_587' title='bbox 859 5331 966 5368; x_wconf 92' lang='lat' dir='ltr'><strong>uno</strong></span> <span class='ocrx_word' id='word_1_588' title='bbox 1000 5329 1243 5383; x_wconf 84' lang='lat' dir='ltr'><strong>tempore</strong></span> <span class='ocrx_word' id='word_1_589' title='bbox 1289 5313 1470 5383; x_wconf 72' lang='lat' dir='ltr'><strong>plures</strong></span> <span class='ocrx_word' id='word_1_590' title='bbox 1513 5314 1699 5381; x_wconf 85' lang='lat' dir='ltr'><strong>jubet;</strong></span> <span class='ocrx_word' id='word_1_591' title='bbox 1730 5316 1855 5368; x_wconf 87' lang='lat' dir='ltr'><strong>illud</strong></span> <span class='ocrx_word' id='word_1_592' title='bbox 1886 5318 2047 5370; x_wconf 89' lang='lat' dir='ltr'><strong>etiam</strong></span> 
     </span>
    </p>
   </div>
   <div class='ocr_carea' id='block_1_56' title="bbox 482 5409 2049 5476">
    <p class='ocr_par' dir='ltr' id='par_1_56' title="bbox 482 5409 2049 5476">
     <span class='ocr_line' id='line_1_56' title="bbox 482 5409 2049 5476; baseline 0.004 -18"><span class='ocrx_word' id='word_1_593' title='bbox 482 5422 641 5476; x_wconf 76' lang='lat' dir='ltr'><strong>atque</strong></span> <span class='ocrx_word' id='word_1_594' title='bbox 675 5409 838 5462; x_wconf 86' lang='lat' dir='ltr'><strong>etiam</strong></span> <span class='ocrx_word' id='word_1_595' title='bbox 871 5410 1319 5464; x_wconf 88' lang='lat' dir='ltr'><strong>interminatioue</strong></span> <span class='ocrx_word' id='word_1_596' title='bbox 1357 5409 1503 5462; x_wconf 90' lang='lat' dir='ltr'><strong>omni</strong></span> <span class='ocrx_word' id='word_1_597' title='bbox 1547 5418 1713 5472; x_wconf 82' lang='lat' dir='ltr'><strong>vetat,</strong></span> <span class='ocrx_word' id='word_1_598' title='bbox 1755 5425 1843 5475; x_wconf 91' lang='lat' dir='ltr'><strong>ne,</strong></span> <span class='ocrx_word' id='word_1_599' title='bbox 1881 5411 1960 5464; x_wconf 88' lang='lat' dir='ltr'><strong>vel</strong></span> <span class='ocrx_word' id='word_1_600' title='bbox 2003 5411 2049 5464; x_wconf 92' lang='lat' dir='ltr'><strong>si</strong></span> 
     </span>
    </p>
   </div>
   <div class='ocr_carea' id='block_1_57' title="bbox 479 5501 2050 5572">
    <p class='ocr_par' dir='ltr' id='par_1_57' title="bbox 479 5501 2050 5572">
     <span class='ocr_line' id='line_1_57' title="bbox 479 5501 2050 5572; baseline 0.002 -19"><span class='ocrx_word' id='word_1_601' title='bbox 479 5501 588 5556; x_wconf 81' lang='lat' dir='ltr'><strong>Deo</strong></span> <span class='ocrx_word' id='word_1_602' title='bbox 629 5502 912 5556; x_wconf 78' lang='lat' dir='ltr'><strong>manifeste</strong></span> <span class='ocrx_word' id='word_1_603' title='bbox 935 5502 1230 5572; x_wconf 68' lang='lat' dir='ltr'><strong>adiuvante</strong></span> <span class='ocrx_word' id='word_1_604' title='bbox 1260 5503 1562 5566; x_wconf 87' lang='lat' dir='ltr'><strong>vincerent,</strong></span> <span class='ocrx_word' id='word_1_605' title='bbox 1591 5502 1891 5572; x_wconf 73' lang='lat' dir='ltr'><strong>hostesque</strong></span> <span class='ocrx_word' id='word_1_606' title='bbox 1927 5503 2016 5557; x_wconf 83' lang='lat' dir='ltr'><strong>lnn</strong></span> <span class='ocrx_word' id='word_1_607' title='bbox 2037 5532 2050 5543; x_wconf 72' lang='grc' dir='ltr'><strong>ο</strong></span> 
     </span>
    </p>
   </div>
   <div class='ocr_carea' id='block_1_58' title="bbox 2144 3207 3723 3280">
    <p class='ocr_par' dir='ltr' id='par_1_58' title="bbox 2144 3207 3723 3280">
     <span class='ocr_line' id='line_1_58' title="bbox 2144 3207 3723 3280; baseline 0.002 -19"><span class='ocrx_word' id='word_1_608' title='bbox 2144 3207 2414 3275; x_wconf 83' lang='grc' dir='ltr'>κείμενον.</span> <span class='ocrx_word' id='word_1_609' title='bbox 2435 3207 2595 3260; x_wconf 71' lang='grc' dir='ltr'>’Ἄλλο</span> <span class='ocrx_word' id='word_1_610' title='bbox 2618 3209 2663 3262; x_wconf 77' lang='grc' dir='ltr'>δ’</span> <span class='ocrx_word' id='word_1_611' title='bbox 2680 3207 2833 3261; x_wconf 75' lang='grc' dir='ltr'>οὐδὲν</span> <span class='ocrx_word' id='word_1_612' title='bbox 2854 3211 2880 3260; x_wconf 71' lang='grc' dir='ltr'>ὁ</span> <span class='ocrx_word' id='word_1_613' title='bbox 2904 3208 3260 3278; x_wconf 75' lang='grc' dir='ltr'><strong>αὐτοκράτωρ</strong></span> <span class='ocrx_word' id='word_1_614' title='bbox 3283 3209 3444 3280; x_wconf 75' lang='grc' dir='ltr'>ἔργον</span> <span class='ocrx_word' id='word_1_615' title='bbox 3471 3207 3624 3280; x_wconf 72' lang='grc' dir='ltr'>εἶχεν</span> <span class='ocrx_word' id='word_1_616' title='bbox 3643 3215 3723 3278; x_wconf 76' lang='grc' dir='ltr'><strong>εφ’</strong></span> 
     </span>
    </p>
   </div>
   <div class='ocr_carea' id='block_1_59' title="bbox 2143 3300 3728 3374">
    <p class='ocr_par' dir='ltr' id='par_1_59' title="bbox 2143 3300 3728 3374">
     <span class='ocr_line' id='line_1_59' title="bbox 2143 3300 3728 3374; baseline 0.002 -20"><span class='ocrx_word' id='word_1_617' title='bbox 2143 3303 2266 3354; x_wconf 82' lang='grc' dir='ltr'>ὅσον</span> <span class='ocrx_word' id='word_1_618' title='bbox 2288 3301 2407 3353; x_wconf 85' lang='grc' dir='ltr'>ἐκεῖ</span> <span class='ocrx_word' id='word_1_619' title='bbox 2431 3319 2530 3354; x_wconf 85' lang='grc' dir='ltr'><strong>που</strong></span> <span class='ocrx_word' id='word_1_620' title='bbox 2552 3301 2651 3370; x_wconf 81' lang='grc' dir='ltr'>τὴν</span> <span class='ocrx_word' id='word_1_621' title='bbox 2673 3300 2904 3355; x_wconf 75' lang='grc' dir='ltr'>αὐλαίαν</span> <span class='ocrx_word' id='word_1_622' title='bbox 2925 3302 3202 3370; x_wconf 75' lang='grc' dir='ltr'><strong>ἐπήγνυτο</strong></span> <span class='ocrx_word' id='word_1_623' title='bbox 3218 3342 3231 3363; x_wconf 90' lang='grc'><strong>,</strong></span> <span class='ocrx_word' id='word_1_624' title='bbox 3255 3301 3288 3372; x_wconf 81' lang='grc' dir='ltr'><strong>ἢ</strong></span> <span class='ocrx_word' id='word_1_625' title='bbox 3313 3302 3630 3366; x_wconf 82' lang='grc' dir='ltr'>νεολέκτους</span> <span class='ocrx_word' id='word_1_626' title='bbox 3653 3305 3728 3374; x_wconf 73' lang='grc' dir='ltr'>τῷ</span> 
     </span>
    </p>
   </div>
   <div class='ocr_carea' id='block_1_60' title="bbox 2147 3392 3732 3463">
    <p class='ocr_par' dir='ltr' id='par_1_60' title="bbox 2147 3392 3732 3463">
     <span class='ocr_line' id='line_1_60' title="bbox 2147 3392 3732 3463; baseline 0.003 -19"><span class='ocrx_word' id='word_1_627' title='bbox 2147 3393 2310 3445; x_wconf 63' lang='grc' dir='ltr'><strong>παντὶ⁸</strong></span> <span class='ocrx_word' id='word_1_628' title='bbox 2344 3392 2774 3458; x_wconf 71' lang='grc' dir='ltr'>συγκαταλέγειν</span> <span class='ocrx_word' id='word_1_629' title='bbox 2810 3392 3205 3463; x_wconf 81' lang='grc' dir='ltr'><strong>στρατεύματι,</strong></span> <span class='ocrx_word' id='word_1_630' title='bbox 3239 3395 3521 3462; x_wconf 75' lang='grc' dir='ltr'><strong>ἐπιμελῶς</strong></span> <span class='ocrx_word' id='word_1_631' title='bbox 3549 3413 3611 3448; x_wconf 81' lang='grc' dir='ltr'><strong>τε</strong></span> <span class='ocrx_word' id='word_1_632' title='bbox 3644 3399 3732 3449; x_wconf 77' lang='grc' dir='ltr'>ἐκ·</span> 
     </span>
    </p>
   </div>
   <div class='ocr_carea' id='block_1_61' title="bbox 2146 3481 3728 3554">
    <p class='ocr_par' dir='ltr' id='par_1_61' title="bbox 2146 3481 3728 3554">
     <span class='ocr_line' id='line_1_61' title="bbox 2146 3481 3728 3554; baseline 0.003 -22"><span class='ocrx_word' id='word_1_633' title='bbox 2146 3481 2426 3534; x_wconf 83' lang='grc' dir='ltr'>παιδεύειν</span> <span class='ocrx_word' id='word_1_634' title='bbox 2443 3483 2596 3545; x_wconf 84' lang='grc' dir='ltr'>ὃπως</span> <span class='ocrx_word' id='word_1_635' title='bbox 2612 3481 2719 3554; x_wconf 79' lang='grc' dir='ltr'><strong>χρὴ</strong></span> <span class='ocrx_word' id='word_1_636' title='bbox 2736 3481 2888 3547; x_wconf 84' lang='grc' dir='ltr'>τόξον</span> <span class='ocrx_word' id='word_1_637' title='bbox 2909 3481 3104 3534; x_wconf 74' lang='grc' dir='ltr'>τείνειν</span> <span class='ocrx_word' id='word_1_638' title='bbox 3122 3483 3215 3533; x_wconf 79' lang='grc' dir='ltr'><strong>καὶ</strong></span> <span class='ocrx_word' id='word_1_639' title='bbox 3230 3482 3360 3551; x_wconf 83' lang='grc' dir='ltr'>δόρυ</span> <span class='ocrx_word' id='word_1_640' title='bbox 3380 3484 3700 3552; x_wconf 79' lang='grc' dir='ltr'>κραδαίνειν</span> <span class='ocrx_word' id='word_1_641' title='bbox 3715 3526 3728 3549; x_wconf 87' lang='grc'><strong>,</strong></span> 
     </span>
    </p>
   </div>
   <div class='ocr_carea' id='block_1_62' title="bbox 2147 3573 3731 3644">
    <p class='ocr_par' dir='ltr' id='par_1_62' title="bbox 2147 3573 3731 3644">
     <span class='ocr_line' id='line_1_62' title="bbox 2147 3573 3731 3644; baseline 0.001 -17"><span class='ocrx_word' id='word_1_642' title='bbox 2147 3574 2311 3627; x_wconf 81' lang='grc' dir='ltr'>ἵππον</span> <span class='ocrx_word' id='word_1_643' title='bbox 2339 3592 2397 3626; x_wconf 90' lang='grc' dir='ltr'><strong>τε</strong></span> <span class='ocrx_word' id='word_1_644' title='bbox 2429 3573 2676 3627; x_wconf 70' lang='grc' dir='ltr'>ἐλαύνειν</span> <span class='ocrx_word' id='word_1_645' title='bbox 2697 3615 2711 3637; x_wconf 92' lang='grc'><strong>,</strong></span> <span class='ocrx_word' id='word_1_646' title='bbox 2745 3575 2840 3627; x_wconf 79' lang='grc' dir='ltr'><strong>καὶ</strong></span> <span class='ocrx_word' id='word_1_647' title='bbox 2871 3573 3106 3644; x_wconf 74' lang='grc' dir='ltr'>μερικὰς</span> <span class='ocrx_word' id='word_1_648' title='bbox 3138 3574 3411 3629; x_wconf 79' lang='grc' dir='ltr'>ποιεῖσθαι</span> <span class='ocrx_word' id='word_1_649' title='bbox 3443 3577 3731 3642; x_wconf 77' lang='grc' dir='ltr'>συντάξεις</span> 
     </span>
    </p>
   </div>
   <div class='ocr_carea' id='block_1_63' title="bbox 2144 3666 3734 3738">
    <p class='ocr_par' dir='ltr' id='par_1_63' title="bbox 2144 3666 3734 3738">
     <span class='ocr_line' id='line_1_63' title="bbox 2144 3666 3734 3738; baseline 0.003 -21"><span class='ocrx_word' id='word_1_650' title='bbox 2144 3666 2206 3718; x_wconf 75' lang='grc' dir='ltr'>τὸ</span> <span class='ocrx_word' id='word_1_651' title='bbox 2237 3666 2421 3719; x_wconf 75' lang='grc' dir='ltr'>καινὸν</span> <span class='ocrx_word' id='word_1_652' title='bbox 2447 3666 2624 3719; x_wconf 86' lang='grc' dir='ltr'>ἐκεῖνο</span> <span class='ocrx_word' id='word_1_653' title='bbox 2650 3667 2839 3737; x_wconf 79' lang='grc' dir='ltr'>σχῆμα</span> <span class='ocrx_word' id='word_1_654' title='bbox 2866 3670 2964 3737; x_wconf 72' lang='grc' dir='ltr'>τῆς</span> <span class='ocrx_word' id='word_1_655' title='bbox 2997 3667 3378 3736; x_wconf 77' lang='grc' dir='ltr'>παρατάξεως.</span> <span class='ocrx_word' id='word_1_656' title='bbox 3405 3669 3548 3738; x_wconf 79' lang='grc' dir='ltr'>ὅπερ</span> <span class='ocrx_word' id='word_1_657' title='bbox 3571 3670 3734 3732; x_wconf 62' lang='grc' dir='ltr'>αύτδς</span> 
     </span>
    </p>
   </div>
   <div class='ocr_carea' id='block_1_64' title="bbox 2149 3754 3735 3831">
    <p class='ocr_par' dir='ltr' id='par_1_64' title="bbox 2149 3754 3735 3831">
     <span class='ocr_line' id='line_1_64' title="bbox 2149 3754 3735 3831; baseline 0.001 -21"><span class='ocrx_word' id='word_1_658' title='bbox 2149 3757 2372 3828; x_wconf 79' lang='grc' dir='ltr'><strong>ἐξεῦρεν</strong></span> <span class='ocrx_word' id='word_1_659' title='bbox 2399 3759 2773 3813; x_wconf 67' lang='grc' dir='ltr'><strong>ἀναδιδάσκων</strong></span> <span class='ocrx_word' id='word_1_660' title='bbox 2799 3759 2925 3822; x_wconf 79' lang='grc' dir='ltr'>τοὺς</span> <span class='ocrx_word' id='word_1_661' title='bbox 2953 3759 3318 3831; x_wconf 72' lang='grc' dir='ltr'><strong>στρατιώτας.</strong></span> <span class='ocrx_word' id='word_1_662' title='bbox 3336 3760 3527 3813; x_wconf 82' lang='grc' dir='ltr'>Ἔστιν</span> <span class='ocrx_word' id='word_1_663' title='bbox 3549 3754 3612 3813; x_wconf 71' lang='grc' dir='ltr'>οὗ</span> <span class='ocrx_word' id='word_1_664' title='bbox 3644 3762 3735 3815; x_wconf 68' lang='grc' dir='ltr'><strong>καὶ</strong></span> 
     </span>
    </p>
   </div>
   <div class='ocr_carea' id='block_1_65' title="bbox 2148 3851 3735 3922">
    <p class='ocr_par' dir='ltr' id='par_1_65' title="bbox 2148 3851 3735 3922">
     <span class='ocr_line' id='line_1_65' title="bbox 2148 3851 3735 3922; baseline 0.001 -18"><span class='ocrx_word' id='word_1_665' title='bbox 2148 3852 2311 3916; x_wconf 79' lang='grc' dir='ltr'>αὐτὸς</span> <span class='ocrx_word' id='word_1_666' title='bbox 2355 3852 2836 3922; x_wconf 76' lang='grc' dir='ltr'><strong>συνιππαζόμενος</strong></span> <span class='ocrx_word' id='word_1_667' title='bbox 2873 3851 3118 3917; x_wconf 76' lang='grc' dir='ltr'><strong>τούτοις,</strong></span> <span class='ocrx_word' id='word_1_668' title='bbox 3158 3853 3255 3905; x_wconf 79' lang='grc' dir='ltr'><strong>καὶ</strong></span> <span class='ocrx_word' id='word_1_669' title='bbox 3298 3853 3592 3922; x_wconf 82' lang='grc' dir='ltr'>παραθέων</span> <span class='ocrx_word' id='word_1_670' title='bbox 3639 3856 3735 3917; x_wconf 67' lang='grc' dir='ltr'>τὰς</span> 
     </span>
    </p>
   </div>
   <div class='ocr_carea' id='block_1_66' title="bbox 2149 3945 3734 4017">
    <p class='ocr_par' dir='ltr' id='par_1_66' title="bbox 2149 3945 3734 4017">
     <span class='ocr_line' id='line_1_66' title="bbox 2149 3945 3734 4017; baseline 0.001 -19"><span class='ocrx_word' id='word_1_671' title='bbox 2149 3946 2472 4014; x_wconf 74' lang='grc' dir='ltr'><strong>φάλαγγας,</strong></span> <span class='ocrx_word' id='word_1_672' title='bbox 2527 3945 2624 3999; x_wconf 70' lang='grc' dir='ltr'><strong>καὶ</strong></span> <span class='ocrx_word' id='word_1_673' title='bbox 2678 3946 2739 3998; x_wconf 82' lang='grc' dir='ltr'>τὸ</span> <span class='ocrx_word' id='word_1_674' title='bbox 2787 3945 2905 3999; x_wconf 81' lang='grc' dir='ltr'>δέον</span> <span class='ocrx_word' id='word_1_675' title='bbox 2959 3946 3108 4000; x_wconf 74' lang='grc' dir='ltr'>ἅπαν</span> <span class='ocrx_word' id='word_1_676' title='bbox 3158 3947 3571 4017; x_wconf 82' lang='grc' dir='ltr'>ὑποτιθέμενος.</span> <span class='ocrx_word' id='word_1_677' title='bbox 3632 3950 3734 4000; x_wconf 78' lang='grc' dir='ltr'><strong>Τοῦ</strong></span> 
     </span>
    </p>
   </div>
   <div class='ocr_carea' id='block_1_67' title="bbox 2149 4033 3736 4106">
    <p class='ocr_par' dir='ltr' id='par_1_67' title="bbox 2149 4033 3736 4106">
     <span class='ocr_line' id='line_1_67' title="bbox 2149 4033 3736 4106; baseline 0.006 -23"><span class='ocrx_word' id='word_1_678' title='bbox 2149 4035 2302 4104; x_wconf 76' lang='grc' dir='ltr'>ἡλίου</span> <span class='ocrx_word' id='word_1_679' title='bbox 2349 4033 2406 4087; x_wconf 79' lang='grc' dir='ltr'>δὲ</span> <span class='ocrx_word' id='word_1_680' title='bbox 2447 4035 2557 4088; x_wconf 87' lang='grc' dir='ltr'><strong>τῶν</strong></span> <span class='ocrx_word' id='word_1_681' title='bbox 2603 4035 2871 4106; x_wconf 73' lang='grc' dir='ltr'><strong>μειζόνων</strong></span> <span class='ocrx_word' id='word_1_682' title='bbox 2913 4035 3292 4105; x_wconf 75' lang='grc' dir='ltr'>ἀφισταμένου</span> <span class='ocrx_word' id='word_1_683' title='bbox 3338 4038 3589 4104; x_wconf 78' lang='grc' dir='ltr'>κύκλων,</span> <span class='ocrx_word' id='word_1_684' title='bbox 3647 4042 3736 4092; x_wconf 73' lang='grc' dir='ltr'><strong>καὶ</strong></span> 
     </span>
    </p>
   </div>
   <div class='ocr_carea' id='block_1_68' title="bbox 2149 4127 3734 4202">
    <p class='ocr_par' dir='ltr' id='par_1_68' title="bbox 2149 4127 3734 4202">
     <span class='ocr_line' id='line_1_68' title="bbox 2149 4127 3734 4202; baseline 0.001 -22"><span class='ocrx_word' id='word_1_685' title='bbox 2149 4127 2609 4200; x_wconf 74' lang='grc' dir='ltr'>παραμείψαντος</span> <span class='ocrx_word' id='word_1_686' title='bbox 2643 4128 2744 4198; x_wconf 82' lang='grc' dir='ltr'>μὲν</span> <span class='ocrx_word' id='word_1_687' title='bbox 2771 4127 2870 4200; x_wconf 83' lang='grc' dir='ltr'>τὴν</span> <span class='ocrx_word' id='word_1_688' title='bbox 2900 4129 3315 4201; x_wconf 79' lang='grc' dir='ltr'>φθινοπωρικὴν</span> <span class='ocrx_word' id='word_1_689' title='bbox 3337 4132 3378 4164; x_wconf 86' lang='grc'>¹⁸</span> <span class='ocrx_word' id='word_1_690' title='bbox 3411 4132 3734 4202; x_wconf 78' lang='grc' dir='ltr'>ἰσημερίαν,</span> 
     </span>
    </p>
   </div>
   <div class='ocr_carea' id='block_1_69' title="bbox 2150 4220 3736 4292">
    <p class='ocr_par' dir='ltr' id='par_1_69' title="bbox 2150 4220 3736 4292">
     <span class='ocr_line' id='line_1_69' title="bbox 2150 4220 3736 4292; baseline 0.003 -18"><span class='ocrx_word' id='word_1_691' title='bbox 2150 4220 2546 4283; x_wconf 75' lang='grc' dir='ltr'><strong>ἐπικόπτοντος</strong></span> <span class='ocrx_word' id='word_1_692' title='bbox 2569 4220 2627 4273; x_wconf 79' lang='grc' dir='ltr'><strong>δὲ</strong></span> <span class='ocrx_word' id='word_1_693' title='bbox 2652 4221 2754 4291; x_wconf 69' lang='grc' dir='ltr'><strong>ἤδη</strong></span> <span class='ocrx_word' id='word_1_694' title='bbox 2781 4221 2922 4292; x_wconf 82' lang='grc' dir='ltr'>πρὸς</span> <span class='ocrx_word' id='word_1_695' title='bbox 2939 4223 3065 4284; x_wconf 79' lang='grc' dir='ltr'>τοὺς</span> <span class='ocrx_word' id='word_1_696' title='bbox 3093 4223 3452 4292; x_wconf 69' lang='grc' dir='ltr'>νοτιωτέρους</span> <span class='ocrx_word' id='word_1_697' title='bbox 3477 4225 3736 4290; x_wconf 76' lang='grc' dir='ltr'><strong>κύκλους,</strong></span> 
     </span>
    </p>
   </div>
   <div class='ocr_carea' id='block_1_70' title="bbox 2151 4311 3737 4387">
    <p class='ocr_par' dir='ltr' id='par_1_70' title="bbox 2151 4311 3737 4387">
     <span class='ocr_line' id='line_1_70' title="bbox 2151 4311 3737 4387; baseline 0.003 -21"><span class='ocrx_word' id='word_1_698' title='bbox 2151 4313 2272 4366; x_wconf 66' lang='grc' dir='ltr'>ἐπεὶ</span> <span class='ocrx_word' id='word_1_699' title='bbox 2328 4313 2515 4366; x_wconf 78' lang='grc' dir='ltr'>οὐτοσὶ</span> <span class='ocrx_word' id='word_1_700' title='bbox 2584 4311 2805 4374; x_wconf 75' lang='grc' dir='ltr'>εὔθετος</span> <span class='ocrx_word' id='word_1_701' title='bbox 2851 4314 2879 4365; x_wconf 75' lang='grc' dir='ltr'><strong>ὁ</strong></span> <span class='ocrx_word' id='word_1_702' title='bbox 2929 4314 3120 4384; x_wconf 81' lang='grc' dir='ltr'>καιρὸς</span> <span class='ocrx_word' id='word_1_703' title='bbox 3173 4317 3292 4376; x_wconf 85' lang='grc' dir='ltr'>ταῖς</span> <span class='ocrx_word' id='word_1_704' title='bbox 3353 4318 3737 4387; x_wconf 80' lang='grc' dir='ltr'>ἐκστρατείαις</span> 
     </span>
    </p>
   </div>
   <div class='ocr_carea' id='block_1_71' title="bbox 2152 4403 3736 4478">
    <p class='ocr_par' dir='ltr' id='par_1_71' title="bbox 2152 4403 3736 4478">
     <span class='ocr_line' id='line_1_71' title="bbox 2152 4403 3736 4478; baseline 0.004 -22"><span class='ocrx_word' id='word_1_705' title='bbox 2152 4405 2349 4466; x_wconf 78' lang='grc' dir='ltr'>ἐδόκει,</span> <span class='ocrx_word' id='word_1_706' title='bbox 2377 4403 2476 4458; x_wconf 78' lang='grc' dir='ltr'><strong>σὺν</strong></span> <span class='ocrx_word' id='word_1_707' title='bbox 2506 4404 2657 4467; x_wconf 78' lang='grc' dir='ltr'>ὅλαις</span> <span class='ocrx_word' id='word_1_708' title='bbox 2680 4405 2944 4472; x_wconf 76' lang='grc' dir='ltr'>δυνάμεσι</span> <span class='ocrx_word' id='word_1_709' title='bbox 2975 4407 3213 4459; x_wconf 78' lang='grc' dir='ltr'>κατευθὺ</span> <span class='ocrx_word' id='word_1_710' title='bbox 3251 4407 3473 4461; x_wconf 80' lang='grc' dir='ltr'>Ἰκονίου</span> <span class='ocrx_word' id='word_1_711' title='bbox 3506 4409 3736 4478; x_wconf 69' lang='grc' dir='ltr'>ἤλαυνε,</span> 
     </span>
    </p>
   </div>
   <div class='ocr_carea' id='block_1_72' title="bbox 2146 4494 3736 4568">
    <p class='ocr_par' dir='ltr' id='par_1_72' title="bbox 2146 4494 3736 4568">
     <span class='ocr_line' id='line_1_72' title="bbox 2146 4494 3736 4568; baseline 0.004 -20"><span class='ocrx_word' id='word_1_712' title='bbox 2146 4494 2270 4548; x_wconf 79' lang='grc' dir='ltr'>καθ’</span> <span class='ocrx_word' id='word_1_713' title='bbox 2319 4495 2378 4547; x_wconf 90' lang='grc' dir='ltr'>ὃν</span> <span class='ocrx_word' id='word_1_714' title='bbox 2411 4495 2652 4564; x_wconf 82' lang='grc' dir='ltr'>ἀρχῆθεν</span> <span class='ocrx_word' id='word_1_715' title='bbox 2683 4496 2948 4564; x_wconf 79' lang='grc' dir='ltr'>προέθετο</span> <span class='ocrx_word' id='word_1_716' title='bbox 2978 4497 3260 4566; x_wconf 83' lang='grc' dir='ltr'>λογισμὸν,</span> <span class='ocrx_word' id='word_1_717' title='bbox 3301 4499 3397 4552; x_wconf 75' lang='grc' dir='ltr'><strong>καὶ</strong></span> <span class='ocrx_word' id='word_1_718' title='bbox 3425 4501 3736 4568; x_wconf 77' lang='grc' dir='ltr'>τηνικαῦτα</span> 
     </span>
    </p>
   </div>
   <div class='ocr_carea' id='block_1_73' title="bbox 2145 4586 3735 4663">
    <p class='ocr_par' dir='ltr' id='par_1_73' title="bbox 2145 4586 3735 4663">
     <span class='ocr_line' id='line_1_73' title="bbox 2145 4586 3735 4663; baseline 0.004 -24"><span class='ocrx_word' id='word_1_719' title='bbox 2145 4587 2243 4657; x_wconf 79' lang='grc' dir='ltr'>τὴν</span> <span class='ocrx_word' id='word_1_720' title='bbox 2277 4588 2512 4660; x_wconf 75' lang='grc' dir='ltr'>Νίκαιαν</span> <span class='ocrx_word' id='word_1_721' title='bbox 2560 4586 2884 4640; x_wconf 78' lang='grc' dir='ltr'>καταλαϐὼν</span> <span class='ocrx_word' id='word_1_722' title='bbox 2916 4590 3187 4653; x_wconf 77' lang='grc' dir='ltr'>εὐζώνους</span> <span class='ocrx_word' id='word_1_723' title='bbox 3218 4590 3562 4661; x_wconf 79' lang='grc' dir='ltr'>στρατιώτας</span> <span class='ocrx_word' id='word_1_724' title='bbox 3619 4594 3735 4663; x_wconf 79' lang='grc' dir='ltr'>μετ’</span> 
     </span>
    </p>
   </div>
   <div class='ocr_carea' id='block_1_74' title="bbox 2147 4680 3736 4759">
    <p class='ocr_par' dir='ltr' id='par_1_74' title="bbox 2147 4680 3736 4759">
     <span class='ocr_line' id='line_1_74' title="bbox 2147 4680 3736 4759; baseline 0.006 -27"><span class='ocrx_word' id='word_1_725' title='bbox 2147 4681 2424 4751; x_wconf 81' lang='grc' dir='ltr'>ἐμπείρων</span> <span class='ocrx_word' id='word_1_726' title='bbox 2447 4680 2737 4750; x_wconf 81' lang='grc' dir='ltr'>ἡγεμόνων</span> <span class='ocrx_word' id='word_1_727' title='bbox 2763 4683 3186 4754; x_wconf 86' lang='grc' dir='ltr'>ἀποδιελὸμενος</span> <span class='ocrx_word' id='word_1_728' title='bbox 3222 4685 3318 4736; x_wconf 81' lang='grc' dir='ltr'><strong>τοῦ</strong></span> <span class='ocrx_word' id='word_1_729' title='bbox 3344 4685 3536 4739; x_wconf 81' lang='grc' dir='ltr'>λοιποῦ</span> <span class='ocrx_word' id='word_1_730' title='bbox 3567 4703 3736 4759; x_wconf 82' lang='grc' dir='ltr'>στρα-</span> 
     </span>
    </p>
   </div>
   <div class='ocr_carea' id='block_1_75' title="bbox 2147 4772 3732 4848">
    <p class='ocr_par' dir='ltr' id='par_1_75' title="bbox 2147 4772 3732 4848">
     <span class='ocr_line' id='line_1_75' title="bbox 2147 4772 3732 4848; baseline 0.004 -23"><span class='ocrx_word' id='word_1_731' title='bbox 2147 4772 2418 4841; x_wconf 76' lang='grc' dir='ltr'>τεύματος</span> <span class='ocrx_word' id='word_1_732' title='bbox 2450 4775 2532 4834; x_wconf 73' lang='grc' dir='ltr'><strong>εἰς</strong></span> <span class='ocrx_word' id='word_1_733' title='bbox 2580 4775 2865 4845; x_wconf 75' lang='grc' dir='ltr'>προνομὴν</span> <span class='ocrx_word' id='word_1_734' title='bbox 2907 4775 3050 4827; x_wconf 75' lang='grc' dir='ltr'>κατᾶ</span> <span class='ocrx_word' id='word_1_735' title='bbox 3085 4777 3194 4828; x_wconf 84' lang='grc' dir='ltr'>τῶν</span> <span class='ocrx_word' id='word_1_736' title='bbox 3229 4777 3494 4846; x_wconf 87' lang='grc' dir='ltr'>Τούρκων</span> <span class='ocrx_word' id='word_1_737' title='bbox 3525 4796 3732 4848; x_wconf 74' lang='grc' dir='ltr'>προεκ-</span> 
     </span>
    </p>
   </div>
   <div class='ocr_carea' id='block_1_76' title="bbox 2147 4865 3736 4940">
    <p class='ocr_par' dir='ltr' id='par_1_76' title="bbox 2147 4865 3736 4940">
     <span class='ocr_line' id='line_1_76' title="bbox 2147 4865 3736 4940; baseline 0.003 -22"><span class='ocrx_word' id='word_1_738' title='bbox 2147 4865 2378 4934; x_wconf 73' lang='grc' dir='ltr'>δραμεῖν</span> <span class='ocrx_word' id='word_1_739' title='bbox 2412 4867 2633 4929; x_wconf 75' lang='grc' dir='ltr'>τούτους</span> <span class='ocrx_word' id='word_1_740' title='bbox 2671 4866 3136 4936; x_wconf 70' lang='grc' dir='ltr'>παρεκελεύσατο,</span> <span class='ocrx_word' id='word_1_741' title='bbox 3168 4868 3585 4940; x_wconf 70' lang='grc' dir='ltr'>διεσπαρμένοις</span> <span class='ocrx_word' id='word_1_742' title='bbox 3639 4872 3736 4932; x_wconf 78' lang='grc' dir='ltr'><strong>τας</strong></span> 
     </span>
    </p>
   </div>
   <div class='ocr_carea' id='block_1_77' title="bbox 2149 4954 3734 5032">
    <p class='ocr_par' dir='ltr' id='par_1_77' title="bbox 2149 4954 3734 5032">
     <span class='ocr_line' id='line_1_77' title="bbox 2149 4954 3734 5032; baseline 0.004 -25"><span class='ocrx_word' id='word_1_743' title='bbox 2149 4954 2421 5026; x_wconf 76' lang='grc' dir='ltr'>ἐκδρομὰς</span> <span class='ocrx_word' id='word_1_744' title='bbox 2471 4959 2854 5027; x_wconf 80' lang='grc' dir='ltr'>ποιουμένους.</span> <span class='ocrx_word' id='word_1_745' title='bbox 2913 4959 3073 5010; x_wconf 71' lang='grc' dir='ltr'>Ἀλλὰ</span> <span class='ocrx_word' id='word_1_746' title='bbox 3127 4960 3265 5029; x_wconf 80' lang='grc' dir='ltr'>μηδὲ</span> <span class='ocrx_word' id='word_1_747' title='bbox 3316 4964 3364 5013; x_wconf 78' lang='grc' dir='ltr'>εξ</span> <span class='ocrx_word' id='word_1_748' title='bbox 3423 4967 3525 5031; x_wconf 72' lang='grc' dir='ltr'>τὴν</span> <span class='ocrx_word' id='word_1_749' title='bbox 3570 4965 3734 5032; x_wconf 74' lang='grc' dir='ltr'>νξκην</span> 
     </span>
    </p>
   </div>
   <div class='ocr_carea' id='block_1_78' title="bbox 2150 5048 3734 5124">
    <p class='ocr_par' dir='ltr' id='par_1_78' title="bbox 2150 5048 3734 5124">
     <span class='ocr_line' id='line_1_78' title="bbox 2150 5048 3734 5124; baseline 0.005 -25"><span class='ocrx_word' id='word_1_750' title='bbox 2150 5048 2337 5100; x_wconf 83' lang='grc' dir='ltr'>θεόθεν</span> <span class='ocrx_word' id='word_1_751' title='bbox 2383 5049 2602 5102; x_wconf 68' lang='grc' dir='ltr'>λάϐοιεν</span> <span class='ocrx_word' id='word_1_752' title='bbox 2653 5051 2747 5103; x_wconf 69' lang='grc' dir='ltr'><strong>καὶ</strong></span> <span class='ocrx_word' id='word_1_753' title='bbox 2787 5051 3314 5120; x_wconf 80' lang='grc' dir='ltr'>κατατροπὼσαιντο</span> <span class='ocrx_word' id='word_1_754' title='bbox 3344 5055 3469 5116; x_wconf 72' lang='grc' dir='ltr'>τοὺς</span> <span class='ocrx_word' id='word_1_755' title='bbox 3503 5055 3734 5124; x_wconf 59' lang='grc' dir='ltr'>ἐχθροὺς</span> 
     </span>
    </p>
   </div>
   <div class='ocr_carea' id='block_1_79' title="bbox 2149 5142 3734 5215">
    <p class='ocr_par' dir='ltr' id='par_1_79' title="bbox 2149 5142 3734 5215">
     <span class='ocr_line' id='line_1_79' title="bbox 2149 5142 3734 5215; baseline 0.004 -22"><span class='ocrx_word' id='word_1_756' title='bbox 2149 5142 2206 5204; x_wconf 81' lang='grc' dir='ltr'><strong>ἐς</strong></span> <span class='ocrx_word' id='word_1_757' title='bbox 2236 5142 2459 5211; x_wconf 66' lang='grc' dir='ltr'>μακρὰν</span> <span class='ocrx_word' id='word_1_758' title='bbox 2491 5143 2683 5193; x_wconf 59' lang='lat' dir='ltr'><strong>artata)</strong></span> <span class='ocrx_word' id='word_1_759' title='bbox 2699 5145 2777 5194; x_wconf 82' lang='grc' dir='ltr'><strong>εῖν</strong></span> <span class='ocrx_word' id='word_1_760' title='bbox 2816 5145 2914 5213; x_wconf 75' lang='grc' dir='ltr'><strong>τὴν</strong></span> <span class='ocrx_word' id='word_1_761' title='bbox 2942 5145 3317 5214; x_wconf 80' lang='grc' dir='ltr'>καταδρομὴν,</span> <span class='ocrx_word' id='word_1_762' title='bbox 3356 5148 3734 5215; x_wconf 76' lang='grc' dir='ltr'>ἀρκουμένους</span> 
     </span>
    </p>
   </div>
   <div class='ocr_carea' id='block_1_80' title="bbox 2149 5233 3735 5308">
    <p class='ocr_par' dir='ltr' id='par_1_80' title="bbox 2149 5233 3735 5308">
     <span class='ocr_line' id='line_1_80' title="bbox 2149 5233 3735 5308; baseline 0.005 -24"><span class='ocrx_word' id='word_1_763' title='bbox 2149 5233 2203 5284; x_wconf 73' lang='grc' dir='ltr'>δὲ</span> <span class='ocrx_word' id='word_1_764' title='bbox 2227 5236 2292 5304; x_wconf 80' lang='grc' dir='ltr'>τῇ</span> <span class='ocrx_word' id='word_1_765' title='bbox 2319 5235 2580 5304; x_wconf 74' lang='grc' dir='ltr'>δεδομένῃ</span> <span class='ocrx_word' id='word_1_766' title='bbox 2619 5235 2733 5302; x_wconf 80' lang='grc' dir='ltr'>μετ’</span> <span class='ocrx_word' id='word_1_767' title='bbox 2777 5235 3030 5300; x_wconf 68' lang='grc' dir='ltr'>εὐταξίας</span> <span class='ocrx_word' id='word_1_768' title='bbox 3053 5237 3214 5289; x_wconf 80' lang='grc' dir='ltr'>πάλιν</span> <span class='ocrx_word' id='word_1_769' title='bbox 3236 5238 3337 5304; x_wconf 76' lang='grc' dir='ltr'>τὴν</span> <span class='ocrx_word' id='word_1_770' title='bbox 3376 5238 3735 5308; x_wconf 63' lang='grc' dir='ltr'>ὑποστροφὴν</span> 
     </span>
    </p>
   </div>
   <div class='ocr_carea' id='block_1_81' title="bbox 2152 5325 3738 5401">
    <p class='ocr_par' dir='ltr' id='par_1_81' title="bbox 2152 5325 3738 5401">
     <span class='ocr_line' id='line_1_81' title="bbox 2152 5325 3738 5401; baseline 0.005 -25"><span class='ocrx_word' id='word_1_771' title='bbox 2152 5325 2450 5396; x_wconf 76' lang='grc' dir='ltr'>παρηγγύα</span> <span class='ocrx_word' id='word_1_772' title='bbox 2475 5329 2671 5379; x_wconf 77' lang='grc' dir='ltr'>ποιεῖν.</span> <span class='ocrx_word' id='word_1_773' title='bbox 2696 5326 3110 5391; x_wconf 78' lang='grc' dir='ltr'>Καταλαόόντες</span> <span class='ocrx_word' id='word_1_774' title='bbox 3128 5325 3220 5381; x_wconf 77' lang='grc' dir='ltr'>οὖν</span> <span class='ocrx_word' id='word_1_775' title='bbox 3241 5329 3356 5399; x_wconf 74' lang='grc' dir='ltr'><strong>ἅμα</strong></span> <span class='ocrx_word' id='word_1_776' title='bbox 3377 5330 3453 5399; x_wconf 82' lang='grc' dir='ltr'><strong>τῷ</strong></span> <span class='ocrx_word' id='word_1_777' title='bbox 3472 5332 3738 5401; x_wconf 64' lang='grc' dir='ltr'>αύτοκρια·</span> 
     </span>
    </p>
   </div>
   <div class='ocr_carea' id='block_1_82' title="bbox 2152 5419 3736 5491">
    <p class='ocr_par' dir='ltr' id='par_1_82' title="bbox 2152 5419 3736 5491">
     <span class='ocr_line' id='line_1_82' title="bbox 2152 5419 3736 5491; baseline 0.004 -21"><span class='ocrx_word' id='word_1_778' title='bbox 2152 5435 2270 5486; x_wconf 86' lang='grc' dir='ltr'>τορι</span> <span class='ocrx_word' id='word_1_779' title='bbox 2297 5420 2460 5470; x_wconf 73' lang='grc' dir='ltr'>τόπον</span> <span class='ocrx_word' id='word_1_780' title='bbox 2487 5421 2609 5472; x_wconf 77' lang='grc' dir='ltr'>τινὰ</span> <span class='ocrx_word' id='word_1_781' title='bbox 2633 5419 3001 5488; x_wconf 81' lang='grc' dir='ltr'>διακείμενον,</span> <span class='ocrx_word' id='word_1_782' title='bbox 3030 5421 3317 5491; x_wconf 81' lang='grc' dir='ltr'>ἐγχωρίως</span> <span class='ocrx_word' id='word_1_783' title='bbox 3339 5423 3545 5475; x_wconf 72' lang='grc' dir='ltr'>οὑτωσὶ</span> <span class='ocrx_word' id='word_1_784' title='bbox 3567 5425 3736 5476; x_wconf 78' lang='grc' dir='ltr'>Γαίτα</span> 
     </span>
    </p>
   </div>
   <div class='ocr_carea' id='block_1_83' title="bbox 2152 5512 3738 5589">
    <p class='ocr_par' dir='ltr' id='par_1_83' title="bbox 2152 5512 3738 5589">
     <span class='ocr_line' id='line_1_83' title="bbox 2152 5512 3738 5589; baseline 0.006 -27"><span class='ocrx_word' id='word_1_785' title='bbox 2152 5512 2727 5582; x_wconf 79' lang='grc' dir='ltr'>προσαγορευόμενον,</span> <span class='ocrx_word' id='word_1_786' title='bbox 2781 5515 2982 5566; x_wconf 83' lang='grc' dir='ltr'>ἐκεῖνοι</span> <span class='ocrx_word' id='word_1_787' title='bbox 3034 5516 3134 5584; x_wconf 83' lang='grc' dir='ltr'><strong>μὲν</strong></span> <span class='ocrx_word' id='word_1_788' title='bbox 3181 5516 3347 5580; x_wconf 69' lang='grc' dir='ltr'>εὐθὺς</span> <span class='ocrx_word' id='word_1_789' title='bbox 3395 5517 3677 5589; x_wconf 73' lang='grc' dir='ltr'>ἀπῄεσαν,</span> <span class='ocrx_word' id='word_1_790' title='bbox 3711 5524 3738 5572; x_wconf 75' lang='grc' dir='ltr'>ὁ</span> 
     </span>
    </p>
   </div>
   <div class='ocr_carea' id='block_1_84' title="bbox 477 5595 2046 5690">
    <p class='ocr_par' dir='ltr' id='par_1_84' title="bbox 477 5595 2045 5660">
     <span class='ocr_line' id='line_1_84' title="bbox 477 5595 2045 5660; baseline 0.003 -14"><span class='ocrx_word' id='word_1_791' title='bbox 477 5595 689 5660; x_wconf 79' lang='lat' dir='ltr'><strong>ilerent,</strong></span> <span class='ocrx_word' id='word_1_792' title='bbox 723 5595 1098 5650; x_wconf 84' lang='lat' dir='ltr'><strong>excursionem</strong></span> <span class='ocrx_word' id='word_1_793' title='bbox 1152 5607 1333 5650; x_wconf 91' lang='lat' dir='ltr'><strong>tamen</strong></span> <span class='ocrx_word' id='word_1_794' title='bbox 1389 5597 1568 5650; x_wconf 83' lang='lat' dir='ltr'><strong>facere</strong></span> <span class='ocrx_word' id='word_1_795' title='bbox 1621 5600 1883 5652; x_wconf 86' lang='lat' dir='ltr'><strong>auderent</strong></span> <span class='ocrx_word' id='word_1_796' title='bbox 1928 5600 2045 5652; x_wconf 85' lang='lat' dir='ltr'><strong>lon-</strong></span> 
     </span>
    </p>
   </div>
   <div class='ocr_carea' id='block_1_85' title="bbox 2151 5595 3737 5690">
    <p class='ocr_par' dir='ltr' id='par_1_85' title="bbox 2153 5602 3737 5679">
     <span class='ocr_line' id='line_1_85' title="bbox 2153 5602 3737 5679; baseline 0.004 -25"><span class='ocrx_word' id='word_1_797' title='bbox 2153 5602 2208 5655; x_wconf 83' lang='grc' dir='ltr'>δὲ</span> <span class='ocrx_word' id='word_1_798' title='bbox 2238 5603 2462 5674; x_wconf 77' lang='grc' dir='ltr'>ἀπάρας</span> <span class='ocrx_word' id='word_1_799' title='bbox 2498 5604 2710 5657; x_wconf 84' lang='grc' dir='ltr'>ἐκεῖθεν</span> <span class='ocrx_word' id='word_1_800' title='bbox 2743 5609 2838 5659; x_wconf 69' lang='grc' dir='ltr'><strong>σὺν</strong></span> <span class='ocrx_word' id='word_1_801' title='bbox 2870 5607 3021 5670; x_wconf 83' lang='grc' dir='ltr'>ὅλαις</span> <span class='ocrx_word' id='word_1_802' title='bbox 3051 5607 3316 5678; x_wconf 81' lang='grc' dir='ltr'>δυνάμεσι</span> <span class='ocrx_word' id='word_1_803' title='bbox 3343 5608 3440 5679; x_wconf 77' lang='grc' dir='ltr'><strong>τὴν</strong></span> <span class='ocrx_word' id='word_1_804' title='bbox 3469 5612 3617 5662; x_wconf 66' lang='grc' dir='ltr'>κατὰ</span> <span class='ocrx_word' id='word_1_805' title='bbox 3648 5615 3737 5663; x_wconf 64' lang='grc' dir='ltr'>τὶν</span> 
     </span>
    </p>
   </div>
   <div class='ocr_carea' id='block_1_86' title="bbox 476 5687 2036 5759">
    <p class='ocr_par' dir='ltr' id='par_1_86' title="bbox 476 5687 2036 5759">
     <span class='ocr_line' id='line_1_86' title="bbox 476 5687 2036 5759; baseline 0.006 -21"><span class='ocrx_word' id='word_1_806' title='bbox 476 5689 676 5758; x_wconf 79' lang='lat' dir='ltr'><strong>gioretn</strong></span> <span class='ocrx_word' id='word_1_807' title='bbox 707 5704 720 5741; x_wconf 91' lang='lat'><strong>:</strong></span> <span class='ocrx_word' id='word_1_808' title='bbox 751 5688 845 5742; x_wconf 88' lang='lat' dir='ltr'><strong>sed</strong></span> <span class='ocrx_word' id='word_1_809' title='bbox 896 5687 1107 5743; x_wconf 78' lang='lat' dir='ltr'><strong>fortuna</strong></span> <span class='ocrx_word' id='word_1_810' title='bbox 1140 5690 1377 5743; x_wconf 84' lang='lat' dir='ltr'><strong>contenti</strong></span> <span class='ocrx_word' id='word_1_811' title='bbox 1414 5702 1620 5744; x_wconf 86' lang='lat' dir='ltr'><strong>mature</strong></span> <span class='ocrx_word' id='word_1_812' title='bbox 1661 5705 1722 5744; x_wconf 77' lang='lat' dir='ltr'><strong>ac</strong></span> <span class='ocrx_word' id='word_1_813' title='bbox 1756 5707 1912 5759; x_wconf 86' lang='lat' dir='ltr'><strong>quam</strong></span> <span class='ocrx_word' id='word_1_814' title='bbox 1944 5707 2036 5746; x_wconf 80' lang='lat' dir='ltr'><strong>or-</strong></span> 
     </span>
    </p>
   </div>
   <div class='ocr_carea' id='block_1_87' title="bbox 2152 5696 3737 5774">
    <p class='ocr_par' dir='ltr' id='par_1_87' title="bbox 2152 5696 3737 5774">
     <span class='ocr_line' id='line_1_87' title="bbox 2152 5696 3737 5774; baseline 0.006 -25"><span class='ocrx_word' id='word_1_815' title='bbox 2152 5696 2386 5750; x_wconf 76' lang='grc' dir='ltr'>Πιῦικᾶν</span> <span class='ocrx_word' id='word_1_816' title='bbox 2421 5699 2460 5728; x_wconf 78' lang='grc'>¹⁶</span> <span class='ocrx_word' id='word_1_817' title='bbox 2487 5697 2838 5771; x_wconf 52' lang='grc' dir='ltr'>διακειμένην</span> <span class='ocrx_word' id='word_1_818' title='bbox 2869 5700 3276 5770; x_wconf 73' lang='grc' dir='ltr'>καταλαμϐάνει</span> <span class='ocrx_word' id='word_1_819' title='bbox 3304 5705 3568 5774; x_wconf 59' lang='grc' dir='ltr'>γέφυραν.</span> <span class='ocrx_word' id='word_1_820' title='bbox 3607 5700 3737 5758; x_wconf 73' lang='grc' dir='ltr'><strong>Εἶτα</strong></span> 
     </span>
    </p>
   </div>
   <div class='ocr_carea' id='block_1_88' title="bbox 1515 5805 2660 5877">
    <p class='ocr_par' dir='ltr' id='par_1_88' title="bbox 1515 5805 2660 5877">
     <span class='ocr_line' id='line_1_88' title="bbox 1515 5805 2660 5877; baseline 0.01 -12"><span class='ocrx_word' id='word_1_821' title='bbox 1515 5805 1713 5867; x_wconf 68' lang='lat' dir='ltr'><strong>Variae</strong></span> <span class='ocrx_word' id='word_1_822' title='bbox 1764 5808 2070 5876; x_wconf 86' lang='lat' dir='ltr'><strong>lectiones</strong></span> <span class='ocrx_word' id='word_1_823' title='bbox 2101 5830 2181 5875; x_wconf 82' lang='lat' dir='ltr'><strong>ex</strong></span> <span class='ocrx_word' id='word_1_824' title='bbox 2219 5815 2359 5876; x_wconf 87' lang='lat' dir='ltr'><strong>cod.</strong></span> <span class='ocrx_word' id='word_1_825' title='bbox 2391 5813 2660 5877; x_wconf 85' lang='lat' dir='ltr'><strong>Coislin.</strong></span> 
     </span>
    </p>
   </div>
   <div class='ocr_carea' id='block_1_89' title="bbox 552 5905 1482 5978">
    <p class='ocr_par' dir='ltr' id='par_1_89' title="bbox 552 5905 1482 5978">
     <span class='ocr_line' id='line_1_89' title="bbox 552 5905 1482 5978; baseline 0.004 -20"><span class='ocrx_word' id='word_1_826' title='bbox 552 5905 594 5938; x_wconf 81' lang='grc'><strong>¹⁵</strong></span> <span class='ocrx_word' id='word_1_827' title='bbox 631 5905 1059 5976; x_wconf 78' lang='grc' dir='ltr'>φθινοπωρινήν.</span> <span class='ocrx_word' id='word_1_828' title='bbox 1143 5907 1182 5939; x_wconf 83' lang='grc'><strong>¹⁶</strong></span> <span class='ocrx_word' id='word_1_829' title='bbox 1216 5908 1482 5978; x_wconf 71' lang='grc' dir='ltr'><strong>Πιοηκᾶν.</strong></span> 
     </span>
    </p>
   </div>
  </div>
