3900 6568
259 454 278 518 l
296 453 400 518 129

1445 448 1856 512 ALEXIADIS
1902 449 2052 511 LIB.
2091 449 2217 513 XV.

3233 465 3236 468 ’
3310 448 3446 513 1130

227 574 285 622 ιν
309 564 489 635 τρισὶν
523 562 759 633 ἡμέραις
790 561 877 615 δι²ι
911 559 1006 614 τοῦ
1049 559 1519 630 Ἀρμενοκάστρου
1560 559 1656 612 καὶ
1685 557 1791 610 τῶν

1901 558 2240 613 diuatissime
2262 569 2320 612 se
2351 555 2684 626 reciperent.
2710 554 3044 610 Pervenerat
3091 556 3366 613 exercitus
3395 559 3468 613 si-

225 651 368 710 οὕτω
395 653 748 724 καλουμένων
775 653 1021 715 Λευκῶν,
1042 651 1140 712 τὰς
1175 648 1270 702 τοῦ
1305 649 1598 719 Δορυλαίου
1632 665 1801 700 κατα-

225 746 496 817 λαμϐάνει
556 743 834 807 πεδιάδας.
899 741 1250 816 Ἀποχρώσας
1303 741 1359 794 δὲ
1410 741 1612 804 ταύτας
1665 741 1801 810 πρὸς

230 836 569 904 παρατάξεις
609 837 980 905 κατανοήσας,
1028 835 1123 886 καὶ
1175 833 1346 886 θέλων
1393 832 1637 892 ἅπαντας
1676 831 1800 883 θεά-

227 927 451 988 σασθαι,
495 929 592 981 καὶ
614 927 713 997 τὴν
751 926 1041 994 ὁπλιτικὴν
1067 926 1270 989 παντὸς
1304 924 1603 992 ἐγνωκέναι
1636 922 1798 976 δύνα-

228 1035 345 1086 μιν,
389 1021 456 1088 ἣν
497 1019 662 1072 πάλιν
715 1017 873 1071 ῶδινε
919 1018 1229 1086 πολεμικὴν
1277 1015 1534 1081 σύνταξιν
1592 1015 1688 1068 καὶ
1737 1015 1798 1066 ὲν

223 1109 510 1178 διφθέραις
563 1109 819 1171 πολλάκις
867 1108 1251 1176 συνεγράψατο
1305 1105 1656 1176 σχηματίζων
1701 1106 1800 1168 τὰς

224 1198 568 1266 παρατάξεις
629 1195 720 1269 (ἢν
771 1201 880 1269 γάρ
930 1199 1051 1250 οὐδὲ
1096 1197 1192 1266 τῆς
1243 1194 1494 1248 Αἱλιανοῡ
1537 1193 1801 1262 τακτικῆς

221 1290 418 1358 άδαὴδ
445 1290 652 1359 ταύτην
684 1291 829 1343 κατὰ
879 1295 972 1342 τον
1024 1288 1417 1358 παρεστηκότα
1448 1286 1570 1339 τότε
1607 1285 1800 1354 καιρὸν

222 1379 282 1429 ἐν
309 1380 545 1451 ἀληθείᾳ
575 1383 866 1448 συντάξας,
901 1383 1042 1434 κατά
1073 1381 1135 1433 τὸ
1173 1379 1358 1435 πεδίον
1399 1380 1575 1431 ἐκεῖνο
1601 1380 1801 1448 ἐστρα-

221 1471 576 1528 τοπέδευσεν.
621 1473 790 1538 Εἰδὼς
837 1476 945 1540 γάρ
992 1467 1145 1533 οὗτος
1191 1471 1250 1533 ἐξ
1313 1471 1608 1540 ἐμπειρίας
1656 1469 1800 1521 πάνυ

223 1563 433 1633 πολλῆς
461 1566 541 1617 ὅτι
581 1567 612 1634 ὴ
648 1564 926 1634 Τουρκικὴ
956 1563 1258 1634 παράταξτς
1290 1562 1350 1614 ού
1386 1562 1534 1614 κατὰ
1563 1563 1662 1624 τὰς
1692 1561 1802 1614 τῶν

221 1652 406 1706 ἄλλων
486 1656 659 1708 ἐθνῶν
733 1655 1068 1727 παρατάξεις
1141 1656 1495 1724 συνέστηκεν,
1562 1653 1672 1706 οὐδ’
1725 1653 1802 1718 ὡς

219 1744 474 1817 Ὅμηρός
508 1764 674 1816 φησιν
697 1765 709 1776 ·

1903 649 2013 703 niul
2047 647 2360 714 universus,
2399 647 2725 718 imperatore
2745 649 2864 718 ipso
2893 649 3180 716 ductante,
3208 647 3262 702 in
3295 648 3470 704 locum

1903 742 2244 810 adiacentem
2284 741 2494 804 Nicena,
2527 742 2615 796 cui
2649 757 2841 796 nomen
2870 741 3028 797 Gaita
3079 740 3345 812 indigenae
3373 741 3472 796 dr-

1903 835 2121 888 derunt.
2177 832 2313 888 llinc
2369 834 2576 888 dimissi
2637 849 2774 903 quos
2825 833 3061 888 diximus
3119 834 3471 903 prazdatores.

1902 928 2042 991 Ipse,
2073 925 2332 996 digressis
2361 925 2492 991 illis,
2527 941 2646 985 cum
2669 937 2866 980 caetero
2895 926 3131 981 exercitu
3159 933 3378 995 pontem
3404 927 3470 976 ad

1900 1017 2164 1072 Pitlticaut
2202 1017 2365 1070 situm
2411 1019 2684 1085 Augustus
2713 1015 3019 1085 occupavit.
3061 1016 3264 1070 Deinde
3300 1016 3475 1070 tribus

1905 1111 2098 1165 diebus
2155 1125 2250 1176 per
2287 1108 2766 1161 Arutenocastrum
2813 1117 2868 1162 et
2895 1106 3102 1161 Leucas
3144 1110 3342 1175 ('ocum
3397 1107 3468 1158 ita

1901 1199 2126 1269 dictum)
2161 1198 2407 1269 Dorylmi
2441 1197 2722 1266 planitiem
2760 1200 2959 1267 attigit.
3011 1197 3214 1253 Nactus
3263 1197 3351 1251 hic
3379 1212 3474 1266 pa-

1903 1302 2076 1346 tentes
2107 1306 2262 1360 aequa
2315 1290 2600 1358 superﬁcie
2629 1304 2870 1359 campos,
2899 1300 2954 1344 et
2999 1289 3107 1344 late
3153 1304 3346 1358 purum
3377 1303 3476 1342 ex-

1902 1385 2169 1454 plicanda:
2219 1398 2380 1452 quam
2412 1383 2747 1451 parturiebat
2769 1382 2951 1435 animo
2979 1396 3128 1435 nova:
3167 1380 3301 1436 aciei
3355 1393 3479 1447 spa-

1905 1475 2064 1537 tium,
2091 1473 2365 1526 instruere
2397 1472 2506 1526 illic
2545 1480 2712 1525 totum
2745 1473 2844 1526 sub
2879 1473 3048 1540 signis
3076 1473 3397 1535 exercitum,
3423 1477 3479 1522 et

1905 1582 2036 1621 suas
2071 1568 2122 1619 in
2153 1569 2322 1620 armis
2353 1566 2638 1620 universas
2674 1565 2834 1619 simul
2865 1567 3045 1619 videte
3073 1567 3254 1634 copias
3287 1565 3475 1630 voluit,

1903 1673 2134 1728 eamque
2157 1659 2222 1710 ad
2252 1672 2360 1711 rent
2388 1667 2569 1711 castra
2603 1657 2799 1711 ibidem
2826 1666 2910 1712 est
2945 1665 3205 1713 metatus.
3233 1657 3478 1711 Nondum

1906 1750 2111 1802 iurem
2157 1745 2615 1814 coutuleratqua:
2675 1746 2858 1800 animo
2910 1749 3111 1801 dudum
3171 1756 3224 1803 et
3281 1749 3481 1801 deSrri-

219 1843 407 1908 ptioue
457 1845 870 1908 comprehensa,
911 1842 1323 1896 t-irctunferebat
1359 1841 1412 1895 iu
1461 1843 1792 1898 membranis
1837 1854 2094 1898 accurate
2124 1841 2448 1908 designatis,
2499 1856 2606 1894 non
2645 1840 2807 1894 modo
2852 1857 2919 1894 ex
2975 1841 3296 1911 przescripto
3329 1843 3464 1894 artis

224 1937 431 1988 vctcris
458 1946 511 1988 et
537 1937 750 1990 illorum
776 1953 1007 2006 quorutn
1045 1937 1192 1989 rudis
1221 1952 1325 1987 non
1359 1947 1477 1989 erat
1513 1936 1580 1988 ab
1601 1935 1819 1992 ASliano
1849 1945 2092 1990 tractata;
2123 1935 2344 1988 taclices
2379 1943 2790 2002 praeceptorum,
2826 1935 2918 1988 sed
2954 1949 3019 1989 ex
3047 1935 3112 1987 iis
3135 1934 3478 2002 potissimum

217 2037 346 2092 qua:
375 2033 532 2076 Vetus
570 2025 704 2092 ipse,
741 2039 804 2077 ac
829 2023 940 2090 jam
981 2033 1057 2077 tut
1089 2024 1241 2076 bullis
1288 2025 1619 2077 exercitatus
1650 2026 1968 2094 imperatur,
2001 2026 2159 2094 longa
2191 2025 2578 2078 observatione
2625 2027 2790 2080 variae
2822 2026 2922 2080 sibi
2968 2026 3317 2094 experientiae
3350 2029 3482 2080 sub-

217 2129 535 2172 notaverat.
570 2118 782 2186 Sapius
834 2119 1298 2171 animadverterat
1332 2134 1674 2186 nequaquam
1709 2119 1782 2172 uti
1815 2121 2002 2174 eadem
2037 2119 2244 2174 Turcos
2277 2137 2398 2175 cum
2458 2123 2671 2174 caeteris
2711 2121 2962 2190 gentibus
3006 2123 3246 2177 acicrum
3285 2123 3351 2177 ad
3385 2141 3478 2193 pu~

213 2225 354 2279 guas
387 2209 824 2262 instruendaruiu
861 2209 1111 2271 ratione;
1167 2222 1340 2274 neque
1373 2209 1512 2261 enim
1547 2206 1688 2274 apud
1714 2207 1852 2270 illos,
1903 2219 1962 2263 ut
1992 2209 2257 2263 llmuerus
2297 2209 2456 2262 habet
2497 2226 2508 2262 :

227 2303 454 2369 Ἀσπὶς
478 2301 530 2356 δ’
557 2301 762 2357 ἀσπίδ’
798 2301 1009 2371 ἔρειδε,
1073 2303 1258 2369 κόρυς
1295 2303 1501 2368 κόρυν,
1531 2300 1724 2376 maga
1748 2301 1796 2355 δ’

1905 2302 2120 2358 Scutum
2151 2305 2310 2360 lueret
2333 2317 2502 2368 scuta,
2537 2305 2701 2374 galeae
2725 2307 2899 2376 galea,
2938 2317 3092 2376 atque
3121 2308 3230 2360 viro
3273 2323 3362 2360 tur.

1529 2369 1727 2442 [ἀνήρ.

221 2467 395 2519 Ἀλλά
428 2465 522 2517 καὶ
551 2464 611 2516 τὸ
641 2461 812 2527 δεξιὸν
842 2453 1010 2531 κέρας
1040 2465 1149 2522 τοῖς
1176 2460 1439 2529 Τούρκοις
1465 2464 1556 2515 καί
1585 2461 1797 2515 τδεὺὡ-

209 2574 388 2625 νυμον
433 2555 527 2608 καὶ
576 2555 637 2606 τὸ
689 2555 942 2623 μέτωπον
1005 2552 1099 2604 ἀπ’
1154 2554 1401 2622 αλλήλων
1449 2552 1798 2618 διέσπασται,

208 2648 308 2698 καὶ
353 2646 650 2714 ἑστήκασιν
706 2637 820 2695 οἷον
859 2644 1238 2712 ἁπερρωγυῖαι
1297 2641 1392 2694 ἀπ’
1442 2642 1690 2712 ἀλλήλοιν
1741 2645 1797 2696 αἱ

208 2739 520 2805 φάλαγγες,
549 2736 643 2788 καὶ
675 2737 803 2788 ὅταν
832 2752 914 2795 τις
938 2736 1030 2786 ἐπὶ
1059 2735 1118 2786 τὸ
1155 2734 1325 2799 δεξιὸν
1358 2734 1390 2803 ἢ
1425 2735 1484 2786 τὸ
1516 2735 1799 2804 εὐώνυμον

210 2829 385 2898 κέρας
411 2828 732 2897 ὁρμήσειεν,
782 2825 1072 2894 ὲφάλλεται
1108 2825 1254 2894 αὐτῴ
1293 2827 1388 2904 καὶ
1425 2826 1483 2878 τὸ
1514 2828 1792 2895 μέτωπον,

211 2923 310 2972 καὶ
343 2922 406 2971 τὸ
439 2918 560 2988 μετ’
591 2920 769 2970 ἐκεῖνο
797 2921 964 2988 μέρος
990 2919 1091 2988 τῆς
1125 2917 1252 2990 ὅλης
1285 2919 1672 2989 παρατάξεως,
1697 2922 1796 2972 καὶ

212 3012 471 3080 καθάπερ
494 3009 634 3074 τινὲς
654 3009 914 3072 λαίλαπες
938 3011 997 3062 τὸ
1017 3009 1374 3078 ὑποκείμενον
1397 3012 1794 3078 συνετάραξανθ

218 3105 290 3154 τα
355 3103 414 3154 δὲ
472 3101 743 3170 πολεμικά
796 3101 1008 3163 τούτοις
1058 3100 1268 3171 ὄργανα
1313 3102 1375 3155 οὐ
1426 3102 1564 3155 πάνυ
1609 3101 1738 3172 δόρα
1782 3120 1798 3154 ι

209 3196 479 3264 χρῶνται,
519 3193 769 3262 καθάπερ
791 3194 839 3246 οἱ
867 3194 1148 3262 λεγόμενοι
1178 3194 1393 3254 Κελτοὶ,
1429 3193 1563 3244 ἀλλά
1594 3209 1798 3245 παντα-

211 3285 376 3355 χόθεν
407 3285 733 3347 κυκλοῦντες
772 3285 864 3336 τὸν
901 3286 1095 3356 ἐχθρὸν
1125 3285 1300 3350 τόξοις
1335 3285 1620 3355 βάλλουσιν
1646 3285 1758 3355 (7|)
1780 3301 1794 3315 °

212 3379 312 3429 καί
341 3378 488 3429 ἐστιν
517 3378 550 3447 ἡ
579 3376 760 3445 ἄμυνα
789 3377 992 3429 τούτων
1021 3378 1322 3448 ππὶῤῥωθεν,
1357 3379 1559 3431 ὁπόταν
1598 3365 1814 3451 διῶκῃ,

210 3468 437 3521 ἁλίσκει
474 3468 551 3537 τῷ
578 3469 737 3536 τόξῳ,
765 3469 858 3520 καὶ
879 3469 1213 3538 διωκόμενος
1237 3473 1431 3540 κρατεί
1455 3473 1567 3532 τοῖς
1590 3469 1794 3540 βέλεσι,

214 3559 318 3610 καὶ
357 3559 545 3627 βάλλει
594 3560 769 3629 βέλος,
808 3562 903 3615 καὶ
950 3561 1011 3614 τὸ
1064 3560 1217 3632 βέλος
1265 3561 1583 3632 πετώμενον
1623 3564 1657 3635 ἢ
1701 3563 1794 3617 τὸν

1907 2463 2016 2518 Sed
2053 2463 2302 2517 dextrum
2350 2462 2544 2518 Turcis
2575 2479 2746 2518 cornu
2814 2478 2845 2518 a
2879 2463 3102 2518 sinistro
3131 2463 3482 2533 tlisjuugitur.

1903 2559 2050 2613 etab
2082 2569 2316 2628 utroque
2361 2558 2572 2614 divulsa
2637 2557 2962 2626 interposito
3021 2558 3198 2625 spatio
3249 2558 3480 2611 seorsim

1903 2661 2012 2707 stat
2041 2653 2185 2708 acies
2213 2653 2390 2706 media
2421 2663 2868 2720 pustremumque
2900 2658 3018 2718 post
3050 2665 3168 2701 eam
3215 2648 3268 2702 in
3301 2649 3482 2704 subsi-

1903 2747 1992 2801 dia
2024 2746 2337 2800 submotum
2371 2760 2584 2813 agmen.
2621 2743 2755 2799 Cum
2788 2758 2915 2797 vero
2946 2742 2998 2796 itt
3025 2741 3224 2810 pra-liis
3273 2742 3482 2795 hostilis

1907 2854 2098 2891 manus
2127 2839 2178 2891 in
2215 2837 2450 2906 aliquam
2477 2836 2767 2902 separatim
2800 2835 3024 2887 istarum
3062 2835 3296 2901 partium
3333 2834 3483 2886 inve-

1905 2925 2051 2978 Ititur
2085 2943 2096 2977 :
2132 2935 2240 2976 ttun
2271 2939 2399 2978 sane
2423 2922 2723 2977 certamine
2752 2931 3009 2976 conserto
3041 2923 3273 2974 intentos
3298 2924 3483 2975 hostes

1902 3015 2052 3084 operi
2085 3017 2189 3068 alia
2224 3015 2465 3083 periculo
2493 3029 2696 3068 vacans
2729 3014 2974 3067 adoritur
3009 3027 3155 3081 pars,
3183 3013 3483 3066 veltcmt-n-

1907 3109 2112 3162 tissima
2161 3107 2406 3160 incidens
2440 3106 2512 3171 vi,
2553 3105 2735 3174 quoad
2783 3103 3032 3174 procellae
3081 3105 3256 3159 instar
3293 3117 3482 3158 contra

1902 3193 2177 3262 oppositos
2207 3192 2504 3260 disjererit.
2531 3197 2693 3246 Arma
2727 3206 2889 3260 porro
2927 3192 3122 3245 usitata
3150 3189 3343 3249 Turcis
3371 3195 3484 3246 lure

1901 3295 2026 3338 sunt
2051 3283 2163 3336 fere
2195 3300 2208 3335 :
2242 3299 2346 3336 non
2385 3282 2610 3335 multum
2636 3291 2860 3334 utuntur
2891 3280 3082 3344 hastis,
3107 3291 3290 3334 contra
3319 3298 3481 3352 quam

1902 3373 2038 3428 Galli
2077 3373 2251 3428 solent
2305 3373 2500 3441 quibus
2559 3373 2610 3425 in
2668 3387 2763 3424 usu
2828 3371 3266 3439 frcquctttiSsimo
3317 3372 3479 3427 telum

1906 3466 2049 3520 istud
2084 3476 2186 3520 est.
2221 3465 2281 3519 lli
2317 3480 2442 3518 vero
2472 3465 2814 3534 potissimum
2839 3467 3057 3517 student
3090 3465 3482 3518 circumvenire

1905 3558 2248 3610 adversarius
2276 3558 2598 3625 clausosque
2630 3557 2778 3609 omni
2815 3571 2879 3610 ex
2913 3567 3067 3623 parte
3119 3557 3311 3610 laxatis
3352 3572 3484 3611 arcu

212 3652 416 3716 ἵππον,
471 3651 503 3720 ἢ
550 3652 639 3704 τὸν
677 3653 908 3722 ἱππότην
947 3652 1216 3721 ἔπληξεν·
1249 3655 1357 3707 ἀπὸ
1387 3655 1444 3707 δὲ
1481 3655 1796 3725 βαρυτάτης

1909 3649 2092 3702 l'odere
2121 3648 2353 3718 sagittis.
2399 3647 2540 3715 Ergo
2580 3645 2693 3700 fere
2729 3655 2974 3714 pugnant
3009 3648 3240 3712 eminus,
3300 3646 3370 3699 ita
3425 3654 3486 3700 ut

211 3745 405 3813 χειρός
437 3745 660 3811 άιρευὲν,
697 3745 766 3796 δι’
811 3748 933 3798 ὅλου
969 3745 1062 3798 τοῦ
1097 3745 1349 3818 σώματος
1394 3749 1793 3820 παρελήλυθεν,

218 3835 281 3886 ού
300 3853 401 3897 τως
439 3835 546 3887 εεσὶ
586 3835 960 3902 τοξικώτατοι.
1019 3839 1163 3909 Πρὸς
1190 3839 1320 3907 γοῦν
1352 3840 1510 3894 τοῦτο
1552 3844 1578 3893 ό
1627 3842 1793 3894 πολυ·

210 3932 541 3995 πειωτατος
576 3929 784 4006 ἐκεῖνος
817 3929 1072 3998 βασιλεὺς
1104 3929 1296 3983 ἐνιδὼν
1329 3935 1427 3994 τάς
1462 3932 1793 4002 παρατάξεις

213 4017 365 4069 αὑτά
407 4019 726 4089 ἐπεποίητο,
760 4021 854 4071 καὶ
885 4021 1114 4073 συνίστα
1147 4022 1248 4085 τὰς
1277 4023 1563 4091 φάλαγγας
1597 4023 1792 4090 οὕτως,

208 4108 293 4170 ῶς
325 4111 443 4170 τοὺς
489 4111 586 4176 μὲν
615 4111 724 4164 ἀπὸ
746 4112 853 4164 τῶν
880 4111 1071 4176 δεξιῶν
1092 4113 1356 4178 τοξεύειν,
1389 4116 1512 4166 ὅθεν
1538 4117 1592 4167 αἱ
1628 4116 1794 4168 ἀσπί-

207 4199 307 4261 δες
343 4202 734 4271 προόέϐληντο,
757 4204 883 4265 τοὺς
915 4204 974 4256 δὲ
1003 4207 1305 4274 ἡμετέρους
1335 4209 1398 4260 ἐκ
1437 4207 1546 4260 τῶν
1572 4209 1795 4278 ἀριστε-

212 4292 332 4358 ρῶν
369 4294 608 4359 βάᾏλειν,
651 4293 772 4345 ὅθεν
809 4297 876 4346 τὰ
916 4297 1240 4348 ἁσκέπαστα
1272 4293 1339 4368 ἦν
1384 4299 1478 4350 τοῦ
1519 4298 1791 4368 σώματος.

210 4383 326 4433 Καὶ
362 4384 521 4444 αὐτὸς
551 4385 669 4452 μὲν,
701 4385 797 4456 τὴν
820 4386 1076 4457 τοιαύτην
1105 4395 1448 4459 κατανοήσας
1485 4393 1794 4460 παράταξιν

208 4475 287 4535 ὡς
313 4476 526 4544 ἄμαχός
543 4477 709 4540 ἐστιν,
735 4479 1011 4548 ἐθαύμασε
1036 4481 1135 4550 τῆς
1161 4481 1445 4551 δυνάμεως
1466 4483 1654 4555 ῶσπερ
1672 4487 1796 4538 τινὰ

208 4564 358 4614 θεοῦ
418 4565 671 4631 σύνταξιν
724 4567 978 4638 ἄντικρυς
1017 4572 1108 4621 καὶ
1157 4571 1406 4638 ἀγγέλων
1439 4577 1794 4645 παρεμϐολὴν

205 4654 318 4721 τὴν
373 4655 631 4724 τοιαύτην
699 4659 885 4727 ἠγεῖτο
947 4661 1286 4730 παράταξιν·
1343 4663 1579 4727 ἅπαντες
1613 4666 1669 4718 δὲ
1704 4668 1796 4720 καὶ

203 4743 531 4814 ἐθαύμαζον
555 4750 645 4800 καὶ
684 4749 1076 4820 ὲγεγήθεισαν,
1125 4753 1530 4826 τεθαρρηκότες
1579 4759 1672 4810 ἐπὶ
1717 4759 1794 4827 τῷ

203 4838 308 4890 τοῦ
353 4840 756 4910 αὐτοκράτορος
793 4845 1092 4913 σκέμματι.
1139 4847 1376 4910 Ἐκεῖνος
1424 4850 1503 4912 δὲ,
1537 4850 1653 4920 ἅμα
1698 4852 1793 4904 καὶ

205 4934 311 4993 τάς
366 4933 631 5002 δυνάμεις
688 4937 968 4989 κατανοῶν
1007 4940 1103 4989 καὶ
1159 4940 1260 5002 τὰς
1311 4943 1569 5006 πεδιάδας
1605 4944 1672 4996 δι’
1718 4939 1792 4996 ὧν

1904 3748 1958 3792 et
1982 3753 2142 3810 quem
2183 3738 2395 3793 Turcus
2427 3727 2735 3806 inseq'iiitur
2782 3751 2911 3790 arcu
2963 3737 3162 3806 rapiat,
3218 3749 3271 3791 et
3321 3754 3482 3803 quem

1903 3831 2277 3899 insequentem
2319 3828 2456 3897 fugit
2482 3827 2662 3894 iaculo
2696 3830 3018 3896 plerumque
3058 3841 3367 3897 respectans
3420 3829 3484 3882 li-

1901 3933 2012 3992 gat.
2044 3922 2198 3976 Hunc
2229 3934 2390 3990 porro
2415 3920 2820 4001 exercitationis
2848 3919 2900 3972 in
2935 3919 3018 3972 bis
3052 3921 3222 3988 lougte
3249 3921 3482 3974 fructum

1903 4019 2124 4079 habent,
2157 4024 2213 4068 ut
2241 4012 2570 4068 ineluctabili
2603 4014 2763 4080 plane
2804 4013 2850 4064 vi
2899 4013 3064 4065 telum
3105 4014 3476 4082 intorqueanl,

1901 4119 1954 4162 et
1999 4123 2064 4162 t-o
2115 4108 2350 4160 maxime
2387 4106 2545 4159 modo
2589 4105 2717 4158 dum
2773 4104 2983 4174 fugiunt
3030 4103 3195 4176 47o
3238 4107 3478 4159 vincant.

1899 4202 2083 4257 Facile
2118 4202 2168 4255 id
2201 4210 2256 4255 et
2290 4200 2602 4266 frequenter
2633 4197 2692 4251 lit
2723 4205 2782 4252 ut
2816 4213 2975 4252 manu
3011 4199 3269 4254 emissum
3296 4200 3362 4252 ab
3395 4196 3483 4252 bis

1895 4295 2135 4363 jaculutn
2190 4293 2308 4348 sive
2357 4306 2554 4360 equum
2607 4289 2724 4344 sive
2775 4291 3013 4359 equitem
3067 4292 3307 4360 attigerit
3367 4272 3498 4344 toto.

1904 4387 2308 4442 transadactum
2339 4395 2567 4451 corpore
2621 4381 2879 4450 utrinque
2906 4385 3012 4436 ictu
3060 4386 3246 4453 pervio
3299 4395 3481 4439 trans-

1897 4483 2166 4537 verbcret.
2217 4478 2496 4534 Adversus
2551 4490 2615 4528 ea
2684 4477 3139 4545 prudentissimus
3185 4478 3482 4546 imperatur

1903 4578 1993 4631 tali
2046 4577 2218 4630 acicut
2259 4575 2492 4630 artilicio
2547 4574 2856 4644 descripsit,
2911 4581 2971 4626 ut
3015 4573 3217 4626 dextris
3263 4573 3475 4638 quidem

1903 4669 2202 4722 Turcorum
2257 4684 2385 4722 arcu
2436 4667 2779 4737 peritissime
2843 4663 3117 4718 utentibus
3168 4663 3477 4732 clypeorum

1905 4763 2074 4816 nostri
2098 4761 2378 4813 obtentum
2407 4762 2758 4814 obverterent
2787 4775 2801 4812 :
2829 4771 2990 4827 porro
3017 4758 3204 4809 eodem
3239 4763 3480 4822 tempore

1901 4855 2098 4908 diversi
2135 4854 2224 4907 alii
2261 4856 2445 4907 laevam
2498 4853 2550 4904 in
2585 4850 2885 4904 Turcorum
2937 4856 3142 4916 partem
3187 4859 3345 4900 arcus
3393 4847 3480 4897 in-

1902 4943 2264 5008 tendentium,
2315 4959 2376 4996 ac
2422 4950 2705 5010 propterea
2763 4947 3038 4993 scutorum
3088 4936 3473 5005 impedimentt:

203 5024 408 5076 διιέναι
434 5027 627 5095 ἔμελλε
655 5028 1082 5099 φανταζόμενος,
1114 5035 1205 5083 καὶ
1228 5033 1286 5082 τὸ
1307 5033 1406 5100 τῆς
1431 5035 1792 5100 παρατάξεως

1901 5037 2126 5100 nudam,
2179 5033 2506 5088 creberrima
2567 5030 2755 5099 procul
2780 5030 3117 5099 iaculatione
3154 5025 3476 5081 invebereua

210 5118 448 5186 στεῤῥὸν
527 5118 622 5170 καὶ
675 5119 1043 5172 ἀδιάσπαστον
1103 5121 1476 5190 λογιζόμενος,
1541 5128 1787 5195 χρηστάς

203 5209 440 5272 ἐλπίδας
483 5210 734 5262 ἐντεῦθεν
763 5211 1064 5282 ἐλάμϐανε,
1100 5216 1194 5266 καὶ
1245 5215 1328 5276 είς
1379 5215 1543 5284 ιργον
1581 5218 1792 5279 ταύτας

202 5298 333 5367 Θεῷ
361 5299 634 5369 προὸἦναι
670 5303 957 5374 ἐπηύχετο.
994 5305 1150 5358 Οὕτω
1177 5305 1307 5374 γοῦν
1337 5309 1792 5380 παραταξάμενος

201 5393 314 5458 τὴν
346 5393 688 5464 Σαντάὸαριν
715 5397 982 5449 κατέλαϐε
1026 5437 1040 5450 .
1083 5437 1098 5452 .
1137 5439 1151 5453 .
1194 5439 1208 5452 .
1254 5438 1269 5454 .
1310 5439 1324 5453 .
1370 5439 1383 5452 .
1428 5402 1554 5462 τοὺς
1589 5404 1794 5471 ἠγεμόο

201 5499 311 5542 νας
353 5483 600 5546 ἃπαντας
628 5487 727 5556 τῆς
757 5487 1013 5557 τοιαύτης
1060 5529 1073 5540 .
1124 5527 1138 5542 .
1193 5529 1207 5544 .
1254 5528 1272 5545 .
1311 5491 1523 5554 διελὼν,
1565 5496 1654 5544 τἰν
1692 5495 1790 5560 μὲν

204 5574 522 5643 Καμύτζην
584 5579 725 5630 κατὰ
775 5579 870 5632 τοῦ
929 5581 1062 5660 πολιν
1110 5620 1125 5635 .
1185 5621 1199 5636 .
1252 5619 1268 5636 .
1321 5621 1336 5637 .
1386 5624 1399 5638 .
1455 5584 1550 5653 τῆς
1598 5584 1790 5654 κέδρου

205 5664 492 5736 ἐξέπεμψε
517 5683 532 5698 ·
561 5670 836 5739 πολίχνιον
867 5673 924 5726 δὲ
951 5674 1110 5726 τοῦτο
1138 5713 1152 5728 .
1193 5713 1208 5728 .
1243 5677 1610 5746 ἐρυμνότατον
1641 5679 1793 5746 παρά

1894 5136 2007 5180 tur.
2060 5126 2210 5179 llanc
2263 5123 2465 5192 ingenii
2519 5122 2892 5191 designatione
2941 5121 3092 5190 prius
3129 5117 3472 5172 iul‘ormatam

1895 5218 2218 5274 industriam
2251 5217 2339 5270 ubi
2372 5232 2471 5270 usu
2503 5229 2719 5284 quoque
2747 5213 3115 5284 comprobari,
3171 5220 3223 5264 et
3263 5224 3359 5280 per
3397 5212 3476 5263 si-

1898 5311 2133 5363 mulacra
2171 5321 2360 5377 pugnae
2409 5321 2526 5374 qua:
2576 5304 2696 5359 istis
2741 5305 2792 5356 in
2828 5304 3038 5370 campis
3075 5301 3322 5372 agitavit.
3368 5303 3475 5353 nti-

1893 5406 2034 5457 nime
2069 5403 2286 5456 dubiam
2337 5398 2678 5465 maximeun
2731 5395 3001 5450 ellicacem
3055 5405 3314 5464 expertus
3346 5402 3456 5454 est,

1893 5495 2162 5564 gaudebat
2190 5497 2472 5544 enimvero
2507 5490 2718 5558 sibique
2770 5485 3166 5557 gratulabatur,
3203 5495 3462 5554 tanquam

1892 5585 2194 5653 legionibus
2245 5581 2506 5650 an’gclitis
2557 5581 2740 5634 divino
2790 5579 3022 5648 quodam
3079 5579 3344 5632 instructu
3398 5575 3468 5629 ad

1896 5683 2102 5730 certam
2151 5674 2335 5740 utique
2384 5671 2667 5726 victoriam
2723 5671 3144 5737 ιιι-ουριιιιιιίὺιιε
3190 5675 3463 5738 praeesset.

1262 5784 1403 5847 Car.
1451 5785 1772 5848 Dufresnii
1807 5791 1903 5850 Du
1934 5786 2154 5862 Cangii
2197 5792 2380 5845 nntte.

291 5883 404 5952 (Ἠ)
447 5883 647 5949 Tel-ﬁcte
671 5884 1041 5947 βάλλουσιν,
1070 5887 1177 5940 Leo
1213 5888 1266 5940 in
1312 5887 1484 5957 Tart,
1529 5907 1648 5961 Cap.
1700 5893 1784 5957 18,

1901 5893 1949 5946 ΞΟ
1981 5903 2032 5945 ct
2064 5890 2152 5942 5'3.

505 5976 775 6039 PATROL.
809 5982 919 6038 (in.
972 5981 1249 6040 CXXXI.

3085 5979 3161 6039 36
