  <div class='ocr_page' id='page_1' title='image "/cluster/home/n/w/nwhite01/storage/ocr_20150623/131/hvd.32044019208263/592.png"; bbox 0 0 3900 6584; ppageno 0'>
   <div class='ocr_carea' id='block_1_1' title="bbox 250 390 389 455">
    <p class='ocr_par' dir='ltr' id='par_1_1' title="bbox 250 390 389 455">
     <span class='ocr_line' id='line_1_1' title="bbox 250 390 389 455; baseline 0.014 -2"><span class='ocrx_word' id='word_1_1' title='bbox 250 390 389 455; x_wconf 77' lang='grc'><strong>1133</strong></span> 
     </span>
    </p>
   </div>
   <div class='ocr_carea' id='block_1_2' title="bbox 1469 382 2251 445">
    <p class='ocr_par' dir='ltr' id='par_1_2' title="bbox 1469 382 2251 445">
     <span class='ocr_line' id='line_1_2' title="bbox 1469 382 2251 445; baseline -0.004 -1"><span class='ocrx_word' id='word_1_2' title='bbox 1469 383 1745 445; x_wconf 70' lang='lat' dir='ltr'><strong>ALEXIA</strong></span> <span class='ocrx_word' id='word_1_3' title='bbox 1761 383 1886 442; x_wconf 78' lang='lat' dir='ltr'><strong>DIS</strong></span> <span class='ocrx_word' id='word_1_4' title='bbox 1931 382 2077 443; x_wconf 80' lang='lat' dir='ltr'><strong>LIB.</strong></span> <span class='ocrx_word' id='word_1_5' title='bbox 2128 384 2251 442; x_wconf 83' lang='lat' dir='ltr'><strong>XV.</strong></span> 
     </span>
    </p>
   </div>
   <div class='ocr_carea' id='block_1_3' title="bbox 3362 376 3499 444">
    <p class='ocr_par' dir='ltr' id='par_1_3' title="bbox 3362 376 3499 444">
     <span class='ocr_line' id='line_1_3' title="bbox 3362 376 3499 444; baseline 0.044 -6"><span class='ocrx_word' id='word_1_6' title='bbox 3362 376 3499 444; x_wconf 65' lang='grc'><strong>1134</strong></span> 
     </span>
    </p>
   </div>
   <div class='ocr_carea' id='block_1_4' title="bbox 236 489 1837 579">
    <p class='ocr_par' dir='ltr' id='par_1_4' title="bbox 236 499 1822 579">
     <span class='ocr_line' id='line_1_4' title="bbox 236 499 1822 579; baseline -0.006 -20"><span class='ocrx_word' id='word_1_7' title='bbox 236 525 344 559; x_wconf 85' lang='grc' dir='ltr'><strong>των</strong></span> <span class='ocrx_word' id='word_1_8' title='bbox 407 505 659 576; x_wconf 82' lang='grc' dir='ltr'>γένηται,</span> <span class='ocrx_word' id='word_1_9' title='bbox 720 503 779 557; x_wconf 68' lang='grc' dir='ltr'>τὸ</span> <span class='ocrx_word' id='word_1_10' title='bbox 829 503 887 557; x_wconf 65' lang='grc' dir='ltr'><strong>δὲ</strong></span> <span class='ocrx_word' id='word_1_11' title='bbox 934 504 1024 556; x_wconf 73' lang='lat' dir='ltr'><strong>x1“.</strong></span> <span class='ocrx_word' id='word_1_12' title='bbox 1079 501 1204 565; x_wconf 77' lang='grc' dir='ltr'>τοὺς</span> <span class='ocrx_word' id='word_1_13' title='bbox 1266 499 1665 579; x_wconf 55' lang='grc' dir='ltr'>ἐλπιζομένους</span> <span class='ocrx_word' id='word_1_14' title='bbox 1700 499 1822 550; x_wconf 75' lang='grc' dir='ltr'>ἐκεῖ</span> 
     </span>
    </p>
   </div>
   <div class='ocr_carea' id='block_1_5' title="bbox 1944 489 3498 579">
    <p class='ocr_par' dir='ltr' id='par_1_5' title="bbox 1944 489 3498 566">
     <span class='ocr_line' id='line_1_5' title="bbox 1944 489 3498 566; baseline -0.002 -17"><span class='ocrx_word' id='word_1_15' title='bbox 1944 512 2066 551; x_wconf 86' lang='lat' dir='ltr'><strong>mne</strong></span> <span class='ocrx_word' id='word_1_16' title='bbox 2096 513 2157 551; x_wconf 76' lang='lat' dir='ltr'><strong>ac</strong></span> <span class='ocrx_word' id='word_1_17' title='bbox 2188 497 2388 566; x_wconf 87' lang='lat' dir='ltr'><strong>Scytha</strong></span> <span class='ocrx_word' id='word_1_18' title='bbox 2420 494 2654 566; x_wconf 89' lang='lat' dir='ltr'><strong>quodam</strong></span> <span class='ocrx_word' id='word_1_19' title='bbox 2686 492 2752 549; x_wconf 87' lang='lat' dir='ltr'><strong>ad</strong></span> <span class='ocrx_word' id='word_1_20' title='bbox 2778 506 2837 549; x_wconf 88' lang='lat' dir='ltr'><strong>se</strong></span> <span class='ocrx_word' id='word_1_21' title='bbox 2866 492 3115 548; x_wconf 82' lang='lat' dir='ltr'><strong>advocat.</strong></span> <span class='ocrx_word' id='word_1_22' title='bbox 3143 489 3237 545; x_wconf 83' lang='lat' dir='ltr'><strong>llis</strong></span> <span class='ocrx_word' id='word_1_23' title='bbox 3260 492 3498 560; x_wconf 78' lang='lat' dir='ltr'><strong>assignat</strong></span> 
     </span>
    </p>
   </div>
   <div class='ocr_carea' id='block_1_6' title="bbox 237 589 1815 669">
    <p class='ocr_par' dir='ltr' id='par_1_6' title="bbox 237 589 1815 669">
     <span class='ocr_line' id='line_1_6' title="bbox 237 589 1815 669; baseline -0.006 -18"><span class='ocrx_word' id='word_1_24' title='bbox 237 596 560 669; x_wconf 78' lang='grc' dir='ltr'>Βαρϐἁρους</span> <span class='ocrx_word' id='word_1_25' title='bbox 592 596 949 665; x_wconf 79' lang='grc' dir='ltr'>ὑφορώμενος</span> <span class='ocrx_word' id='word_1_26' title='bbox 975 596 1194 665; x_wconf 71' lang='grc' dir='ltr'>ἤχθετο.</span> <span class='ocrx_word' id='word_1_27' title='bbox 1230 592 1440 663; x_wconf 80' lang='grc' dir='ltr'>Βουλὴν</span> <span class='ocrx_word' id='word_1_28' title='bbox 1464 589 1559 645; x_wconf 73' lang='grc' dir='ltr'><strong>οὖν</strong></span> <span class='ocrx_word' id='word_1_29' title='bbox 1591 590 1815 661; x_wconf 77' lang='grc' dir='ltr'>βουλεύ-</span> 
     </span>
    </p>
   </div>
   <div class='ocr_carea' id='block_1_7' title="bbox 237 683 1815 758">
    <p class='ocr_par' dir='ltr' id='par_1_7' title="bbox 237 683 1815 758">
     <span class='ocr_line' id='line_1_7' title="bbox 237 683 1815 758; baseline -0.005 -17"><span class='ocrx_word' id='word_1_30' title='bbox 237 707 358 742; x_wconf 88' lang='grc' dir='ltr'>εται</span> <span class='ocrx_word' id='word_1_31' title='bbox 417 690 646 758; x_wconf 85' lang='grc' dir='ltr'>συνετήν</span> <span class='ocrx_word' id='word_1_32' title='bbox 673 704 732 740; x_wconf 86' lang='grc' dir='ltr'><strong>τε</strong></span> <span class='ocrx_word' id='word_1_33' title='bbox 770 688 864 739; x_wconf 76' lang='grc' dir='ltr'>καὶ</span> <span class='ocrx_word' id='word_1_34' title='bbox 918 685 1200 757; x_wconf 75' lang='grc' dir='ltr'>τολμηράν</span> <span class='ocrx_word' id='word_1_35' title='bbox 1229 702 1242 716; x_wconf 73' lang='grc' dir='ltr'><strong>ο</strong></span> <span class='ocrx_word' id='word_1_36' title='bbox 1284 686 1418 737; x_wconf 71' lang='grc' dir='ltr'>θεὸν</span> <span class='ocrx_word' id='word_1_37' title='bbox 1465 683 1815 752; x_wconf 71' lang='grc' dir='ltr'>ἐπερωτῆσαι</span> 
     </span>
    </p>
   </div>
   <div class='ocr_carea' id='block_1_8' title="bbox 234 775 1817 851">
    <p class='ocr_par' dir='ltr' id='par_1_8' title="bbox 234 775 1817 851">
     <span class='ocr_line' id='line_1_8' title="bbox 234 775 1817 851; baseline -0.006 -18"><span class='ocrx_word' id='word_1_38' title='bbox 234 783 283 834; x_wconf 79' lang='grc' dir='ltr'><strong>εί</strong></span> <span class='ocrx_word' id='word_1_39' title='bbox 320 781 429 851; x_wconf 84' lang='grc' dir='ltr'><strong>χρὴ</strong></span> <span class='ocrx_word' id='word_1_40' title='bbox 452 782 554 849; x_wconf 85' lang='grc' dir='ltr'>τῆς</span> <span class='ocrx_word' id='word_1_41' title='bbox 597 780 732 850; x_wconf 73' lang='grc' dir='ltr'>πρὸς</span> <span class='ocrx_word' id='word_1_42' title='bbox 762 780 822 832; x_wconf 74' lang='grc' dir='ltr'>τὸ</span> <span class='ocrx_word' id='word_1_43' title='bbox 852 778 1072 830; x_wconf 67' lang='grc' dir='ltr'>Ἰκῦνιον</span> <span class='ocrx_word' id='word_1_44' title='bbox 1133 776 1380 847; x_wconf 75' lang='grc' dir='ltr'>ἔχεσθαι,</span> <span class='ocrx_word' id='word_1_45' title='bbox 1420 776 1454 846; x_wconf 81' lang='grc' dir='ltr'>ἦ</span> <span class='ocrx_word' id='word_1_46' title='bbox 1514 775 1656 827; x_wconf 75' lang='grc' dir='ltr'>κατὰ</span> <span class='ocrx_word' id='word_1_47' title='bbox 1705 775 1817 824; x_wconf 81' lang='grc' dir='ltr'><strong>τῶν</strong></span> 
     </span>
    </p>
   </div>
   <div class='ocr_carea' id='block_1_9' title="bbox 234 862 1818 942">
    <p class='ocr_par' dir='ltr' id='par_1_9' title="bbox 234 862 1818 942">
     <span class='ocr_line' id='line_1_9' title="bbox 234 862 1818 942; baseline -0.007 -17"><span class='ocrx_word' id='word_1_48' title='bbox 234 876 368 942; x_wconf 72' lang='grc' dir='ltr'>περὶ</span> <span class='ocrx_word' id='word_1_49' title='bbox 393 872 454 925; x_wconf 82' lang='grc' dir='ltr'><strong>τὸ</strong></span> <span class='ocrx_word' id='word_1_50' title='bbox 504 872 804 942; x_wconf 81' lang='grc' dir='ltr'>Φιλομήλιν</span> <span class='ocrx_word' id='word_1_51' title='bbox 836 870 1139 939; x_wconf 73' lang='grc' dir='ltr'><strong>ἐξορμῆσαι</strong></span> <span class='ocrx_word' id='word_1_52' title='bbox 1183 866 1507 938; x_wconf 87' lang='grc' dir='ltr'>Βαρϐάρων.</span> <span class='ocrx_word' id='word_1_53' title='bbox 1553 865 1641 916; x_wconf 86' lang='grc' dir='ltr'>Ἐν</span> <span class='ocrx_word' id='word_1_54' title='bbox 1696 862 1818 916; x_wconf 74' lang='grc' dir='ltr'>δυσὶ</span> 
     </span>
    </p>
   </div>
   <div class='ocr_carea' id='block_1_10' title="bbox 236 954 1817 1035">
    <p class='ocr_par' dir='ltr' id='par_1_10' title="bbox 236 954 1817 1035">
     <span class='ocr_line' id='line_1_10' title="bbox 236 954 1817 1035; baseline -0.008 -17"><span class='ocrx_word' id='word_1_55' title='bbox 236 965 372 1033; x_wconf 77' lang='grc' dir='ltr'>γοῦν</span> <span class='ocrx_word' id='word_1_56' title='bbox 408 965 656 1035; x_wconf 78' lang='grc' dir='ltr'><strong>χαρτίοις</strong></span> <span class='ocrx_word' id='word_1_57' title='bbox 708 980 771 1015; x_wconf 87' lang='grc' dir='ltr'>π·</span> <span class='ocrx_word' id='word_1_58' title='bbox 783 963 839 1031; x_wconf 77' lang='lat' dir='ltr'><strong>pl.</strong></span> <span class='ocrx_word' id='word_1_59' title='bbox 867 961 1074 1013; x_wconf 86' lang='grc' dir='ltr'>τούτων</span> <span class='ocrx_word' id='word_1_60' title='bbox 1105 961 1459 1029; x_wconf 74' lang='grc' dir='ltr'>ἐπερωτήσας</span> <span class='ocrx_word' id='word_1_61' title='bbox 1483 958 1577 1009; x_wconf 81' lang='grc' dir='ltr'>καὶ</span> <span class='ocrx_word' id='word_1_62' title='bbox 1609 954 1817 1009; x_wconf 81' lang='grc' dir='ltr'>ἄνωθεν</span> 
     </span>
    </p>
   </div>
   <div class='ocr_carea' id='block_1_11' title="bbox 236 1047 1819 1127">
    <p class='ocr_par' dir='ltr' id='par_1_11' title="bbox 236 1047 1819 1127">
     <span class='ocr_line' id='line_1_11' title="bbox 236 1047 1819 1127; baseline -0.006 -18"><span class='ocrx_word' id='word_1_63' title='bbox 236 1058 339 1120; x_wconf 82' lang='grc' dir='ltr'><strong>τῆς</strong></span> <span class='ocrx_word' id='word_1_64' title='bbox 390 1058 544 1127; x_wconf 80' lang='grc' dir='ltr'>ίερᾶς</span> <span class='ocrx_word' id='word_1_65' title='bbox 608 1054 981 1122; x_wconf 70' lang='grc' dir='ltr'>καταθέμενος</span> <span class='ocrx_word' id='word_1_66' title='bbox 1023 1051 1230 1120; x_wconf 83' lang='grc' dir='ltr'><strong>ταύτης</strong></span> <span class='ocrx_word' id='word_1_67' title='bbox 1286 1048 1570 1120; x_wconf 74' lang='grc' dir='ltr'><strong>τραπέζης</strong></span> <span class='ocrx_word' id='word_1_68' title='bbox 1611 1047 1819 1101; x_wconf 84' lang='grc' dir='ltr'>παννύ-</span> 
     </span>
    </p>
   </div>
   <div class='ocr_carea' id='block_1_12' title="bbox 236 1139 1818 1218">
    <p class='ocr_par' dir='ltr' id='par_1_12' title="bbox 236 1139 1818 1218">
     <span class='ocr_line' id='line_1_12' title="bbox 236 1139 1818 1218; baseline -0.006 -19"><span class='ocrx_word' id='word_1_69' title='bbox 236 1166 356 1218; x_wconf 73' lang='grc' dir='ltr'>χιον</span> <span class='ocrx_word' id='word_1_70' title='bbox 409 1150 502 1200; x_wconf 72' lang='grc' dir='ltr'>τὸν</span> <span class='ocrx_word' id='word_1_71' title='bbox 564 1145 732 1215; x_wconf 80' lang='grc' dir='ltr'>ὕμνον</span> <span class='ocrx_word' id='word_1_72' title='bbox 767 1147 858 1197; x_wconf 64' lang='grc' dir='ltr'><strong>καὶ</strong></span> <span class='ocrx_word' id='word_1_73' title='bbox 906 1145 1144 1206; x_wconf 77' lang='grc' dir='ltr'>ἐκτενεῖς</span> <span class='ocrx_word' id='word_1_74' title='bbox 1195 1141 1274 1212; x_wconf 84' lang='grc' dir='ltr'>τῷ</span> <span class='ocrx_word' id='word_1_75' title='bbox 1327 1140 1446 1210; x_wconf 83' lang='grc' dir='ltr'><strong>Θεῷ</strong></span> <span class='ocrx_word' id='word_1_76' title='bbox 1506 1139 1818 1210; x_wconf 74' lang='grc' dir='ltr'>προσέφερε</span> 
     </span>
    </p>
   </div>
   <div class='ocr_carea' id='block_1_13' title="bbox 242 1228 1819 1304">
    <p class='ocr_par' dir='ltr' id='par_1_13' title="bbox 242 1228 1819 1304">
     <span class='ocr_line' id='line_1_13' title="bbox 242 1228 1819 1304; baseline -0.006 -13"><span class='ocrx_word' id='word_1_77' title='bbox 242 1238 345 1301; x_wconf 71' lang='grc' dir='ltr'>τὰς</span> <span class='ocrx_word' id='word_1_78' title='bbox 379 1232 677 1302; x_wconf 77' lang='grc' dir='ltr'><strong>ἐντεύξεις.</strong></span> <span class='ocrx_word' id='word_1_79' title='bbox 710 1237 871 1288; x_wconf 78' lang='grc' dir='ltr'>Κατὰ</span> <span class='ocrx_word' id='word_1_80' title='bbox 922 1235 981 1288; x_wconf 74' lang='grc' dir='ltr'><strong>δὲ</strong></span> <span class='ocrx_word' id='word_1_81' title='bbox 1011 1234 1074 1288; x_wconf 79' lang='grc' dir='ltr'>τὸ</span> <span class='ocrx_word' id='word_1_82' title='bbox 1112 1232 1438 1304; x_wconf 83' lang='grc' dir='ltr'>περίορθρον</span> <span class='ocrx_word' id='word_1_83' title='bbox 1496 1228 1758 1283; x_wconf 70' lang='grc' dir='ltr'>εἰσελθὼν</span> <span class='ocrx_word' id='word_1_84' title='bbox 1792 1230 1819 1281; x_wconf 89' lang='grc' dir='ltr'>ὁ</span> 
     </span>
    </p>
   </div>
   <div class='ocr_carea' id='block_1_14' title="bbox 240 1320 1821 1397">
    <p class='ocr_par' dir='ltr' id='par_1_14' title="bbox 240 1320 1821 1397">
     <span class='ocr_line' id='line_1_14' title="bbox 240 1320 1821 1397; baseline -0.004 -18"><span class='ocrx_word' id='word_1_85' title='bbox 240 1329 428 1397; x_wconf 70' lang='grc' dir='ltr'>ἱερεὺς</span> <span class='ocrx_word' id='word_1_86' title='bbox 458 1328 554 1380; x_wconf 79' lang='grc' dir='ltr'><strong>καὶ</strong></span> <span class='ocrx_word' id='word_1_87' title='bbox 594 1326 824 1396; x_wconf 84' lang='grc' dir='ltr'>Θάτερον</span> <span class='ocrx_word' id='word_1_88' title='bbox 847 1324 960 1378; x_wconf 81' lang='grc' dir='ltr'><strong>τῶν</strong></span> <span class='ocrx_word' id='word_1_89' title='bbox 1002 1323 1269 1377; x_wconf 73' lang='grc' dir='ltr'><strong>τεθέντων</strong></span> <span class='ocrx_word' id='word_1_90' title='bbox 1293 1321 1519 1393; x_wconf 87' lang='grc' dir='ltr'>χαρτίον</span> <span class='ocrx_word' id='word_1_91' title='bbox 1547 1321 1591 1355; x_wconf 76' lang='grc'>⁸⁸</span> <span class='ocrx_word' id='word_1_92' title='bbox 1619 1320 1821 1375; x_wconf 80' lang='grc' dir='ltr'>ἀναλα-</span> 
     </span>
    </p>
   </div>
   <div class='ocr_carea' id='block_1_15' title="bbox 242 1409 1819 1490">
    <p class='ocr_par' dir='ltr' id='par_1_15' title="bbox 242 1409 1819 1490">
     <span class='ocr_line' id='line_1_15' title="bbox 242 1409 1819 1490; baseline -0.008 -17"><span class='ocrx_word' id='word_1_93' title='bbox 242 1420 482 1490; x_wconf 82' lang='grc' dir='ltr'>ϐόμενος</span> <span class='ocrx_word' id='word_1_94' title='bbox 508 1424 603 1472; x_wconf 76' lang='grc' dir='ltr'><strong>καὶ</strong></span> <span class='ocrx_word' id='word_1_95' title='bbox 660 1416 950 1489; x_wconf 72' lang='grc' dir='ltr'>παρρησία</span> <span class='ocrx_word' id='word_1_96' title='bbox 1003 1416 1174 1478; x_wconf 79' lang='grc' dir='ltr'>λύσας</span> <span class='ocrx_word' id='word_1_97' title='bbox 1223 1414 1505 1476; x_wconf 77' lang='grc' dir='ltr'>ἁπάντων,</span> <span class='ocrx_word' id='word_1_98' title='bbox 1554 1409 1819 1477; x_wconf 82' lang='grc' dir='ltr'>ὑπανεγί-</span> 
     </span>
    </p>
   </div>
   <div class='ocr_carea' id='block_1_16' title="bbox 240 1501 1822 1578">
    <p class='ocr_par' dir='ltr' id='par_1_16' title="bbox 240 1501 1822 1578">
     <span class='ocr_line' id='line_1_16' title="bbox 240 1501 1822 1578; baseline -0.005 -18"><span class='ocrx_word' id='word_1_99' title='bbox 240 1525 422 1561; x_wconf 78' lang='grc' dir='ltr'>νωσκε</span> <span class='ocrx_word' id='word_1_100' title='bbox 478 1509 557 1578; x_wconf 87' lang='grc' dir='ltr'><strong>τῷ</strong></span> <span class='ocrx_word' id='word_1_101' title='bbox 618 1507 987 1576; x_wconf 74' lang='grc' dir='ltr'>αὐτοκράτορι</span> <span class='ocrx_word' id='word_1_102' title='bbox 1030 1506 1128 1574; x_wconf 81' lang='grc' dir='ltr'><strong>τῆς</strong></span> <span class='ocrx_word' id='word_1_103' title='bbox 1198 1503 1336 1574; x_wconf 80' lang='grc' dir='ltr'>πρὸς</span> <span class='ocrx_word' id='word_1_104' title='bbox 1390 1502 1451 1555; x_wconf 84' lang='grc' dir='ltr'>τὸ</span> <span class='ocrx_word' id='word_1_105' title='bbox 1526 1501 1822 1571; x_wconf 74' lang='grc' dir='ltr'>Φιλομήλιν</span> 
     </span>
    </p>
   </div>
   <div class='ocr_carea' id='block_1_17' title="bbox 240 1598 1308 1669">
    <p class='ocr_par' dir='ltr' id='par_1_17' title="bbox 240 1598 1308 1669">
     <span class='ocr_line' id='line_1_17' title="bbox 240 1598 1308 1669; baseline -0.001 -17"><span class='ocrx_word' id='word_1_106' title='bbox 240 1599 575 1667; x_wconf 76' lang='grc' dir='ltr'>ἀνθέξεσθαι</span> <span class='ocrx_word' id='word_1_107' title='bbox 605 1600 730 1653; x_wconf 84' lang='grc' dir='ltr'>ὁδοῦ</span> <span class='ocrx_word' id='word_1_108' title='bbox 759 1598 1308 1669; x_wconf 82' lang='grc' dir='ltr'>παρακελευόμενον.</span> 
     </span>
    </p>
   </div>
   <div class='ocr_carea' id='block_1_18' title="bbox 1926 584 3498 655">
    <p class='ocr_par' dir='ltr' id='par_1_18' title="bbox 1926 584 3498 655">
     <span class='ocr_line' id='line_1_18' title="bbox 1926 584 3498 655; baseline -0.003 -14"><span class='ocrx_word' id='word_1_109' title='bbox 1926 589 2177 642; x_wconf 89' lang='lat' dir='ltr'><strong>idoneum</strong></span> <span class='ocrx_word' id='word_1_110' title='bbox 2212 591 2488 655; x_wconf 74' lang='lat' dir='ltr'><strong>copiarum</strong></span> <span class='ocrx_word' id='word_1_111' title='bbox 2518 604 2831 654; x_wconf 89' lang='lat' dir='ltr'><strong>numerum,</strong></span> <span class='ocrx_word' id='word_1_112' title='bbox 2880 595 2936 641; x_wconf 91' lang='lat' dir='ltr'><strong>et</strong></span> <span class='ocrx_word' id='word_1_113' title='bbox 2987 596 3043 639; x_wconf 91' lang='lat' dir='ltr'><strong>ut</strong></span> <span class='ocrx_word' id='word_1_114' title='bbox 3076 584 3148 638; x_wconf 65' lang='lat' dir='ltr'><strong>lin</strong></span> <span class='ocrx_word' id='word_1_115' title='bbox 3204 598 3297 638; x_wconf 89' lang='lat' dir='ltr'><strong>cos</strong></span> <span class='ocrx_word' id='word_1_116' title='bbox 3355 592 3498 638; x_wconf 86' lang='lat' dir='ltr'><strong>recta</strong></span> 
     </span>
    </p>
   </div>
   <div class='ocr_carea' id='block_1_19' title="bbox 1925 676 3501 750">
    <p class='ocr_par' dir='ltr' id='par_1_19' title="bbox 1925 676 3501 750">
     <span class='ocr_line' id='line_1_19' title="bbox 1925 676 3501 750; baseline -0.003 -17"><span class='ocrx_word' id='word_1_117' title='bbox 1925 679 2144 733; x_wconf 86' lang='lat' dir='ltr'><strong>tendant</strong></span> <span class='ocrx_word' id='word_1_118' title='bbox 2208 681 2469 747; x_wconf 84' lang='lat' dir='ltr'><strong>imperat;</strong></span> <span class='ocrx_word' id='word_1_119' title='bbox 2511 696 2574 731; x_wconf 74' lang='lat' dir='ltr'><strong>no</strong></span> <span class='ocrx_word' id='word_1_120' title='bbox 2607 690 2663 732; x_wconf 92' lang='lat' dir='ltr'><strong>ut</strong></span> <span class='ocrx_word' id='word_1_121' title='bbox 2713 680 3061 750; x_wconf 84' lang='lat' dir='ltr'><strong>pervenerint</strong></span> <span class='ocrx_word' id='word_1_122' title='bbox 3111 676 3501 748; x_wconf 67' lang='lat' dir='ltr'><strong>praedatoribus</strong></span> 
     </span>
    </p>
   </div>
   <div class='ocr_carea' id='block_1_20' title="bbox 1926 769 3500 841">
    <p class='ocr_par' dir='ltr' id='par_1_20' title="bbox 1926 769 3500 841">
     <span class='ocr_line' id='line_1_20' title="bbox 1926 769 3500 841; baseline 0 -19"><span class='ocrx_word' id='word_1_123' title='bbox 1926 770 2180 825; x_wconf 88' lang='lat' dir='ltr'><strong>immissis</strong></span> <span class='ocrx_word' id='word_1_124' title='bbox 2215 774 2362 825; x_wconf 89' lang='lat' dir='ltr'><strong>vicos</strong></span> <span class='ocrx_word' id='word_1_125' title='bbox 2398 773 2633 841; x_wconf 85' lang='lat' dir='ltr'><strong>nudique</strong></span> <span class='ocrx_word' id='word_1_126' title='bbox 2665 770 2826 825; x_wconf 86' lang='lat' dir='ltr'><strong>simul</strong></span> <span class='ocrx_word' id='word_1_127' title='bbox 2850 787 3038 826; x_wconf 90' lang='lat' dir='ltr'><strong>omnes</strong></span> <span class='ocrx_word' id='word_1_128' title='bbox 3068 770 3269 826; x_wconf 85' lang='lat' dir='ltr'><strong>vastari</strong></span> <span class='ocrx_word' id='word_1_129' title='bbox 3301 769 3500 839; x_wconf 83' lang='lat' dir='ltr'><strong>jubet;</strong></span> 
     </span>
    </p>
   </div>
   <div class='ocr_carea' id='block_1_21' title="bbox 1924 861 3501 933">
    <p class='ocr_par' dir='ltr' id='par_1_21' title="bbox 1924 861 3501 933">
     <span class='ocr_line' id='line_1_21' title="bbox 1924 861 3501 933; baseline 0.002 -18"><span class='ocrx_word' id='word_1_130' title='bbox 1924 861 2209 930; x_wconf 87' lang='lat' dir='ltr'><strong>indigenas</strong></span> <span class='ocrx_word' id='word_1_131' title='bbox 2250 864 2398 932; x_wconf 82' lang='lat' dir='ltr'><strong>ipsos</strong></span> <span class='ocrx_word' id='word_1_132' title='bbox 2438 864 2502 917; x_wconf 89' lang='lat' dir='ltr'><strong>ad</strong></span> <span class='ocrx_word' id='word_1_133' title='bbox 2556 879 2616 917; x_wconf 89' lang='lat' dir='ltr'><strong>se</strong></span> <span class='ocrx_word' id='word_1_134' title='bbox 2647 864 2859 917; x_wconf 82' lang='lat' dir='ltr'><strong>deduci.</strong></span> <span class='ocrx_word' id='word_1_135' title='bbox 2911 864 3045 918; x_wconf 91' lang='lat' dir='ltr'><strong>Dum</strong></span> <span class='ocrx_word' id='word_1_136' title='bbox 3088 864 3351 933; x_wconf 88' lang='lat' dir='ltr'><strong>imperata</strong></span> <span class='ocrx_word' id='word_1_137' title='bbox 3406 862 3501 918; x_wconf 89' lang='lat' dir='ltr'><strong>isti</strong></span> 
     </span>
    </p>
   </div>
   <div class='ocr_carea' id='block_1_22' title="bbox 1926 952 3501 1024">
    <p class='ocr_par' dir='ltr' id='par_1_22' title="bbox 1926 952 3501 1024">
     <span class='ocr_line' id='line_1_22' title="bbox 1926 952 3501 1024; baseline 0.001 -18"><span class='ocrx_word' id='word_1_138' title='bbox 1926 952 2156 1017; x_wconf 76' lang='lat' dir='ltr'><strong>iaciunt,</strong></span> <span class='ocrx_word' id='word_1_139' title='bbox 2189 954 2485 1022; x_wconf 81' lang='lat' dir='ltr'><strong>imperator</strong></span> <span class='ocrx_word' id='word_1_140' title='bbox 2519 956 2630 1023; x_wconf 61' lang='lat' dir='ltr'><strong>ipse</strong></span> <span class='ocrx_word' id='word_1_141' title='bbox 2665 955 2829 1023; x_wconf 85' lang='lat' dir='ltr'><strong>priori</strong></span> <span class='ocrx_word' id='word_1_142' title='bbox 2856 955 3068 1009; x_wconf 82' lang='lat' dir='ltr'><strong>ha:rens</strong></span> <span class='ocrx_word' id='word_1_143' title='bbox 3099 956 3374 1024; x_wconf 87' lang='lat' dir='ltr'><strong>proposito</strong></span> <span class='ocrx_word' id='word_1_144' title='bbox 3401 953 3501 1008; x_wconf 90' lang='lat' dir='ltr'><strong>Po-</strong></span> 
     </span>
    </p>
   </div>
   <div class='ocr_carea' id='block_1_23' title="bbox 1930 1044 3500 1118">
    <p class='ocr_par' dir='ltr' id='par_1_23' title="bbox 1930 1044 3500 1118">
     <span class='ocr_line' id='line_1_23' title="bbox 1930 1044 3500 1118; baseline 0.003 -20"><span class='ocrx_word' id='word_1_145' title='bbox 1930 1044 2099 1117; x_wconf 81' lang='lat' dir='ltr'><strong>iyboti</strong></span> <span class='ocrx_word' id='word_1_146' title='bbox 2133 1045 2387 1111; x_wconf 73' lang='lat' dir='ltr'><strong>adeundi,</strong></span> <span class='ocrx_word' id='word_1_147' title='bbox 2422 1054 2582 1114; x_wconf 89' lang='lat' dir='ltr'><strong>atque</strong></span> <span class='ocrx_word' id='word_1_148' title='bbox 2615 1048 2738 1101; x_wconf 87' lang='lat' dir='ltr'><strong>inde</strong></span> <span class='ocrx_word' id='word_1_149' title='bbox 2770 1045 3011 1101; x_wconf 87' lang='lat' dir='ltr'><strong>Iconium</strong></span> <span class='ocrx_word' id='word_1_150' title='bbox 3049 1064 3221 1118; x_wconf 90' lang='lat' dir='ltr'><strong>usque</strong></span> <span class='ocrx_word' id='word_1_151' title='bbox 3270 1063 3500 1118; x_wconf 90' lang='lat' dir='ltr'><strong>procur-</strong></span> 
     </span>
    </p>
   </div>
   <div class='ocr_carea' id='block_1_24' title="bbox 1934 1139 3502 1208">
    <p class='ocr_par' dir='ltr' id='par_1_24' title="bbox 1934 1139 3502 1208">
     <span class='ocr_line' id='line_1_24' title="bbox 1934 1139 3502 1208; baseline 0.001 -16"><span class='ocrx_word' id='word_1_152' title='bbox 1934 1139 2112 1203; x_wconf 87' lang='lat' dir='ltr'><strong>rendi,</strong></span> <span class='ocrx_word' id='word_1_153' title='bbox 2144 1140 2352 1193; x_wconf 87' lang='lat' dir='ltr'><strong>duohus</strong></span> <span class='ocrx_word' id='word_1_154' title='bbox 2380 1140 2430 1191; x_wconf 86' lang='lat' dir='ltr'><strong>in</strong></span> <span class='ocrx_word' id='word_1_155' title='bbox 2464 1140 2579 1206; x_wconf 87' lang='lat' dir='ltr'><strong>ipso</strong></span> <span class='ocrx_word' id='word_1_156' title='bbox 2618 1140 2895 1208; x_wconf 74' lang='lat' dir='ltr'><strong>procinctu</strong></span> <span class='ocrx_word' id='word_1_157' title='bbox 2932 1140 3143 1194; x_wconf 90' lang='lat' dir='ltr'><strong>itineris</strong></span> <span class='ocrx_word' id='word_1_158' title='bbox 3178 1140 3338 1196; x_wconf 88' lang='lat' dir='ltr'><strong>istius</strong></span> <span class='ocrx_word' id='word_1_159' title='bbox 3374 1156 3502 1193; x_wconf 81' lang='lat' dir='ltr'><strong>con-</strong></span> 
     </span>
    </p>
   </div>
   <div class='ocr_carea' id='block_1_25' title="bbox 1935 1229 3499 1300">
    <p class='ocr_par' dir='ltr' id='par_1_25' title="bbox 1935 1229 3499 1300">
     <span class='ocr_line' id='line_1_25' title="bbox 1935 1229 3499 1300; baseline 0.002 -17"><span class='ocrx_word' id='word_1_160' title='bbox 1935 1229 2188 1283; x_wconf 86' lang='lat' dir='ltr'><strong>turbatur</strong></span> <span class='ocrx_word' id='word_1_161' title='bbox 2205 1230 2430 1283; x_wconf 89' lang='lat' dir='ltr'><strong>nuntiis.</strong></span> <span class='ocrx_word' id='word_1_162' title='bbox 2453 1230 2765 1283; x_wconf 74' lang='lat' dir='ltr'><strong>Atlirmahat</strong></span> <span class='ocrx_word' id='word_1_163' title='bbox 2783 1247 2921 1285; x_wconf 91' lang='lat' dir='ltr'><strong>unus</strong></span> <span class='ocrx_word' id='word_1_164' title='bbox 2941 1231 3209 1300; x_wconf 79' lang='lat' dir='ltr'><strong>solymam</strong></span> <span class='ocrx_word' id='word_1_165' title='bbox 3228 1232 3499 1286; x_wconf 87' lang='lat' dir='ltr'><strong>sultanum</strong></span> 
     </span>
    </p>
   </div>
   <div class='ocr_carea' id='block_1_26' title="bbox 1928 1322 3500 1392">
    <p class='ocr_par' dir='ltr' id='par_1_26' title="bbox 1928 1322 3500 1392">
     <span class='ocr_line' id='line_1_26' title="bbox 1928 1322 3500 1392; baseline 0.002 -18"><span class='ocrx_word' id='word_1_166' title='bbox 1928 1329 2151 1390; x_wconf 85' lang='lat' dir='ltr'><strong>accepta</strong></span> <span class='ocrx_word' id='word_1_167' title='bbox 2181 1322 2346 1375; x_wconf 89' lang='lat' dir='ltr'><strong>certis</strong></span> <span class='ocrx_word' id='word_1_168' title='bbox 2376 1324 2691 1375; x_wconf 73' lang='lat' dir='ltr'><strong>auctoribus</strong></span> <span class='ocrx_word' id='word_1_169' title='bbox 2723 1323 3066 1390; x_wconf 82' lang='lat' dir='ltr'><strong>imperatoris</strong></span> <span class='ocrx_word' id='word_1_170' title='bbox 3099 1332 3286 1377; x_wconf 91' lang='lat' dir='ltr'><strong>contra</strong></span> <span class='ocrx_word' id='word_1_171' title='bbox 3321 1324 3500 1392; x_wconf 88' lang='lat' dir='ltr'><strong>ipsum</strong></span> 
     </span>
    </p>
   </div>
   <div class='ocr_carea' id='block_1_27' title="bbox 1930 1413 3503 1484">
    <p class='ocr_par' dir='ltr' id='par_1_27' title="bbox 1930 1413 3503 1484">
     <span class='ocr_line' id='line_1_27' title="bbox 1930 1413 3503 1484; baseline 0 -15"><span class='ocrx_word' id='word_1_172' title='bbox 1930 1414 2272 1481; x_wconf 73' lang='lat' dir='ltr'><strong>expeditione</strong></span> <span class='ocrx_word' id='word_1_173' title='bbox 2347 1413 2655 1468; x_wconf 75' lang='lat' dir='ltr'><strong>incendisse</strong></span> <span class='ocrx_word' id='word_1_174' title='bbox 2715 1415 2914 1482; x_wconf 89' lang='lat' dir='ltr'><strong>passim</strong></span> <span class='ocrx_word' id='word_1_175' title='bbox 2980 1426 3190 1484; x_wconf 79' lang='lat' dir='ltr'><strong>segetes</strong></span> <span class='ocrx_word' id='word_1_176' title='bbox 3241 1416 3503 1484; x_wconf 84' lang='lat' dir='ltr'><strong>planeque</strong></span> 
     </span>
    </p>
   </div>
   <div class='ocr_carea' id='block_1_28' title="bbox 1932 1506 3506 1575">
    <p class='ocr_par' dir='ltr' id='par_1_28' title="bbox 1932 1506 3506 1575">
     <span class='ocr_line' id='line_1_28' title="bbox 1932 1506 3506 1575; baseline 0.001 -15"><span class='ocrx_word' id='word_1_177' title='bbox 1932 1518 2178 1560; x_wconf 77' lang='lat' dir='ltr'><strong>vastasse</strong></span> <span class='ocrx_word' id='word_1_178' title='bbox 2217 1506 2467 1575; x_wconf 80' lang='lat' dir='ltr'><strong>regiones</strong></span> <span class='ocrx_word' id='word_1_179' title='bbox 2501 1507 2764 1559; x_wconf 83' lang='lat' dir='ltr'><strong>universae</strong></span> <span class='ocrx_word' id='word_1_180' title='bbox 2805 1506 2969 1570; x_wconf 68' lang='lat' dir='ltr'><strong>Asiae,</strong></span> <span class='ocrx_word' id='word_1_181' title='bbox 3004 1508 3304 1575; x_wconf 68' lang='lat' dir='ltr'><strong>praesertim</strong></span> <span class='ocrx_word' id='word_1_182' title='bbox 3355 1506 3506 1575; x_wconf 80' lang='lat' dir='ltr'><strong>equi-</strong></span> 
     </span>
    </p>
   </div>
   <div class='ocr_carea' id='block_1_29' title="bbox 1935 1596 3505 1670">
    <p class='ocr_par' dir='ltr' id='par_1_29' title="bbox 1935 1596 3505 1670">
     <span class='ocr_line' id='line_1_29' title="bbox 1935 1596 3505 1670; baseline 0.003 -20"><span class='ocrx_word' id='word_1_183' title='bbox 1935 1596 2126 1651; x_wconf 89' lang='lat' dir='ltr'><strong>tabiles</strong></span> <span class='ocrx_word' id='word_1_184' title='bbox 2161 1609 2211 1651; x_wconf 94' lang='lat' dir='ltr'><strong>et</strong></span> <span class='ocrx_word' id='word_1_185' title='bbox 2249 1597 2429 1651; x_wconf 86' lang='lat' dir='ltr'><strong>itineri</strong></span> <span class='ocrx_word' id='word_1_186' title='bbox 2468 1598 2696 1653; x_wconf 80' lang='lat' dir='ltr'><strong>Romani</strong></span> <span class='ocrx_word' id='word_1_187' title='bbox 2736 1602 3013 1656; x_wconf 80' lang='lat' dir='ltr'><strong>exercitus</strong></span> <span class='ocrx_word' id='word_1_188' title='bbox 3052 1610 3402 1670; x_wconf 85' lang='lat' dir='ltr'><strong>opportunas,</strong></span> <span class='ocrx_word' id='word_1_189' title='bbox 3430 1600 3505 1655; x_wconf 83' lang='lat' dir='ltr'><strong>ita</strong></span> 
     </span>
    </p>
   </div>
   <div class='ocr_carea' id='block_1_30' title="bbox 242 1692 3506 1767">
    <p class='ocr_par' dir='ltr' id='par_1_30' title="bbox 242 1692 3506 1767">
     <span class='ocr_line' id='line_1_30' title="bbox 242 1692 3506 1767; baseline -0 -17"><span class='ocrx_word' id='word_1_190' title='bbox 242 1698 435 1767; x_wconf 89' lang='lat' dir='ltr'><strong>utjam</strong></span> <span class='ocrx_word' id='word_1_191' title='bbox 469 1700 520 1751; x_wconf 93' lang='lat' dir='ltr'><strong>iu</strong></span> <span class='ocrx_word' id='word_1_192' title='bbox 556 1699 637 1753; x_wconf 89' lang='lat' dir='ltr'><strong>eis</strong></span> <span class='ocrx_word' id='word_1_193' title='bbox 660 1698 796 1751; x_wconf 82' lang='lat' dir='ltr'><strong>nihil</strong></span> <span class='ocrx_word' id='word_1_194' title='bbox 826 1697 1062 1767; x_wconf 78' lang='lat' dir='ltr'><strong>supersit</strong></span> <span class='ocrx_word' id='word_1_195' title='bbox 1093 1710 1319 1764; x_wconf 84' lang='lat' dir='ltr'><strong>prorsus</strong></span> <span class='ocrx_word' id='word_1_196' title='bbox 1345 1694 1484 1762; x_wconf 87' lang='lat' dir='ltr'><strong>quod</strong></span> <span class='ocrx_word' id='word_1_197' title='bbox 1510 1692 1819 1747; x_wconf 81' lang='lat' dir='ltr'><strong>hominibus</strong></span> <span class='ocrx_word' id='word_1_198' title='bbox 1865 1704 1957 1746; x_wconf 87' lang='lat' dir='ltr'><strong>aut</strong></span> <span class='ocrx_word' id='word_1_199' title='bbox 1986 1694 2253 1764; x_wconf 86' lang='lat' dir='ltr'><strong>jumentis</strong></span> <span class='ocrx_word' id='word_1_200' title='bbox 2298 1695 2405 1750; x_wconf 89' lang='lat' dir='ltr'><strong>cibi</strong></span> <span class='ocrx_word' id='word_1_201' title='bbox 2476 1695 2592 1751; x_wconf 91' lang='lat' dir='ltr'><strong>loco</strong></span> <span class='ocrx_word' id='word_1_202' title='bbox 2640 1699 2811 1764; x_wconf 89' lang='lat' dir='ltr'><strong>possit</strong></span> <span class='ocrx_word' id='word_1_203' title='bbox 2858 1710 3000 1750; x_wconf 88' lang='lat' dir='ltr'><strong>esse.</strong></span> <span class='ocrx_word' id='word_1_204' title='bbox 3071 1697 3317 1750; x_wconf 81' lang='lat' dir='ltr'><strong>Addebat</strong></span> <span class='ocrx_word' id='word_1_205' title='bbox 3367 1695 3506 1749; x_wconf 87' lang='lat' dir='ltr'><strong>alius</strong></span> 
     </span>
    </p>
   </div>
   <div class='ocr_carea' id='block_1_31' title="bbox 242 1789 3485 1863">
    <p class='ocr_par' dir='ltr' id='par_1_31' title="bbox 242 1789 3485 1863">
     <span class='ocr_line' id='line_1_31' title="bbox 242 1789 3485 1863; baseline -0 -15"><span class='ocrx_word' id='word_1_206' title='bbox 242 1795 521 1863; x_wconf 81' lang='lat' dir='ltr'><strong>ingentem</strong></span> <span class='ocrx_word' id='word_1_207' title='bbox 551 1808 673 1848; x_wconf 86' lang='lat' dir='ltr'><strong>esse</strong></span> <span class='ocrx_word' id='word_1_208' title='bbox 708 1792 934 1856; x_wconf 82' lang='lat' dir='ltr'><strong>famam,</strong></span> <span class='ocrx_word' id='word_1_209' title='bbox 1007 1801 1117 1844; x_wconf 87' lang='lat' dir='ltr'><strong>tota</strong></span> <span class='ocrx_word' id='word_1_210' title='bbox 1166 1798 1555 1857; x_wconf 79' lang='lat' dir='ltr'><strong>pervagantem</strong></span> <span class='ocrx_word' id='word_1_211' title='bbox 1606 1790 1756 1851; x_wconf 85' lang='lat' dir='ltr'><strong>Asia,</strong></span> <span class='ocrx_word' id='word_1_212' title='bbox 1820 1789 2059 1845; x_wconf 85' lang='lat' dir='ltr'><strong>recentis</strong></span> <span class='ocrx_word' id='word_1_213' title='bbox 2083 1790 2436 1860; x_wconf 81' lang='lat' dir='ltr'><strong>ejusdemque</strong></span> <span class='ocrx_word' id='word_1_214' title='bbox 2475 1792 2904 1848; x_wconf 87' lang='lat' dir='ltr'><strong>numerosissimi</strong></span> <span class='ocrx_word' id='word_1_215' title='bbox 2942 1794 3217 1848; x_wconf 72' lang='lat' dir='ltr'><strong>exercitus</strong></span> <span class='ocrx_word' id='word_1_216' title='bbox 3287 1792 3485 1847; x_wconf 82' lang='lat' dir='ltr'><strong>Barba-</strong></span> 
     </span>
    </p>
   </div>
   <div class='ocr_carea' id='block_1_32' title="bbox 244 1881 3491 1955">
    <p class='ocr_par' dir='ltr' id='par_1_32' title="bbox 244 1881 3491 1955">
     <span class='ocr_line' id='line_1_32' title="bbox 244 1881 3491 1955; baseline -0.001 -14"><span class='ocrx_word' id='word_1_217' title='bbox 244 1902 438 1941; x_wconf 87' lang='lat' dir='ltr'><strong>rorum</strong></span> <span class='ocrx_word' id='word_1_218' title='bbox 512 1900 577 1940; x_wconf 69' lang='lat' dir='ltr'><strong>et</strong></span> <span class='ocrx_word' id='word_1_219' title='bbox 615 1886 990 1953; x_wconf 74' lang='lat' dir='ltr'><strong>superioribus</strong></span> <span class='ocrx_word' id='word_1_220' title='bbox 1036 1883 1278 1952; x_wconf 85' lang='lat' dir='ltr'><strong>partibus</strong></span> <span class='ocrx_word' id='word_1_221' title='bbox 1328 1890 1517 1935; x_wconf 84' lang='lat' dir='ltr'><strong>contra</strong></span> <span class='ocrx_word' id='word_1_222' title='bbox 1600 1883 1884 1935; x_wconf 78' lang='lat' dir='ltr'><strong>venientis.</strong></span> <span class='ocrx_word' id='word_1_223' title='bbox 1930 1881 2023 1936; x_wconf 91' lang='lat' dir='ltr'><strong>llis</strong></span> <span class='ocrx_word' id='word_1_224' title='bbox 2054 1885 2123 1935; x_wconf 90' lang='lat' dir='ltr'><strong>ita</strong></span> <span class='ocrx_word' id='word_1_225' title='bbox 2166 1885 2459 1951; x_wconf 86' lang='lat' dir='ltr'><strong>compertis</strong></span> <span class='ocrx_word' id='word_1_226' title='bbox 2504 1886 2689 1951; x_wconf 85' lang='lat' dir='ltr'><strong>rebus,</strong></span> <span class='ocrx_word' id='word_1_227' title='bbox 2728 1887 3014 1941; x_wconf 73' lang='lat' dir='ltr'><strong>verebatur</strong></span> <span class='ocrx_word' id='word_1_228' title='bbox 3056 1886 3329 1955; x_wconf 80' lang='lat' dir='ltr'><strong>Augustus</strong></span> <span class='ocrx_word' id='word_1_229' title='bbox 3381 1885 3491 1955; x_wconf 85' lang='lat' dir='ltr'><strong>pri-</strong></span> 
     </span>
    </p>
   </div>
   <div class='ocr_carea' id='block_1_33' title="bbox 243 1975 3493 2050">
    <p class='ocr_par' dir='ltr' id='par_1_33' title="bbox 243 1975 3493 2050">
     <span class='ocr_line' id='line_1_33' title="bbox 243 1975 3493 2050; baseline -0.001 -13"><span class='ocrx_word' id='word_1_230' title='bbox 243 1996 399 2037; x_wconf 83' lang='lat' dir='ltr'><strong>mum</strong></span> <span class='ocrx_word' id='word_1_231' title='bbox 436 1980 674 2048; x_wconf 86' lang='lat' dir='ltr'><strong>quidem.</strong></span> <span class='ocrx_word' id='word_1_232' title='bbox 711 1994 780 2032; x_wconf 91' lang='lat' dir='ltr'><strong>ne</strong></span> <span class='ocrx_word' id='word_1_233' title='bbox 806 1978 850 2031; x_wconf 88' lang='lat' dir='ltr'><strong>si</strong></span> <span class='ocrx_word' id='word_1_234' title='bbox 883 1977 1197 2030; x_wconf 86' lang='lat' dir='ltr'><strong>oblirmaret</strong></span> <span class='ocrx_word' id='word_1_235' title='bbox 1227 1975 1407 2027; x_wconf 87' lang='lat' dir='ltr'><strong>animo</strong></span> <span class='ocrx_word' id='word_1_236' title='bbox 1432 1975 1825 2041; x_wconf 87' lang='lat' dir='ltr'><strong>promotionem</strong></span> <span class='ocrx_word' id='word_1_237' title='bbox 1860 1975 2131 2029; x_wconf 77' lang='lat' dir='ltr'><strong>exercitus</strong></span> <span class='ocrx_word' id='word_1_238' title='bbox 2164 1990 2335 2046; x_wconf 89' lang='lat' dir='ltr'><strong>usque</strong></span> <span class='ocrx_word' id='word_1_239' title='bbox 2403 1979 2467 2029; x_wconf 89' lang='lat' dir='ltr'><strong>ad</strong></span> <span class='ocrx_word' id='word_1_240' title='bbox 2519 1976 2761 2033; x_wconf 83' lang='lat' dir='ltr'><strong>Iconium</strong></span> <span class='ocrx_word' id='word_1_241' title='bbox 2809 1979 3014 2032; x_wconf 86' lang='lat' dir='ltr'><strong>cladem</strong></span> <span class='ocrx_word' id='word_1_242' title='bbox 3063 1995 3091 2032; x_wconf 88' lang='lat' dir='ltr'><strong>a</strong></span> <span class='ocrx_word' id='word_1_243' title='bbox 3129 1979 3267 2034; x_wconf 80' lang='lat' dir='ltr'><strong>iatne</strong></span> <span class='ocrx_word' id='word_1_244' title='bbox 3330 1990 3493 2050; x_wconf 86' lang='lat' dir='ltr'><strong>atque</strong></span> 
     </span>
    </p>
   </div>
   <div class='ocr_carea' id='block_1_34' title="bbox 242 2065 3492 2140">
    <p class='ocr_par' dir='ltr' id='par_1_34' title="bbox 242 2065 3492 2140">
     <span class='ocr_line' id='line_1_34' title="bbox 242 2065 3492 2140; baseline -0 -13"><span class='ocrx_word' id='word_1_245' title='bbox 242 2071 430 2140; x_wconf 83' lang='lat' dir='ltr'><strong>inopia</strong></span> <span class='ocrx_word' id='word_1_246' title='bbox 456 2070 640 2139; x_wconf 80' lang='lat' dir='ltr'><strong>pabuli</strong></span> <span class='ocrx_word' id='word_1_247' title='bbox 670 2069 801 2123; x_wconf 84' lang='lat' dir='ltr'><strong>viris</strong></span> <span class='ocrx_word' id='word_1_248' title='bbox 829 2068 1094 2139; x_wconf 86' lang='lat' dir='ltr'><strong>equisque</strong></span> <span class='ocrx_word' id='word_1_249' title='bbox 1149 2066 1511 2119; x_wconf 79' lang='lat' dir='ltr'><strong>miserrimam</strong></span> <span class='ocrx_word' id='word_1_250' title='bbox 1576 2076 1900 2127; x_wconf 84' lang='lat' dir='ltr'><strong>accerseret.</strong></span> <span class='ocrx_word' id='word_1_251' title='bbox 1941 2065 2146 2120; x_wconf 74' lang='lat' dir='ltr'><strong>liursus</strong></span> <span class='ocrx_word' id='word_1_252' title='bbox 2176 2068 2493 2122; x_wconf 87' lang='lat' dir='ltr'><strong>denuntiata</strong></span> <span class='ocrx_word' id='word_1_253' title='bbox 2525 2069 2869 2124; x_wconf 87' lang='lat' dir='ltr'><strong>multitudine</strong></span> <span class='ocrx_word' id='word_1_254' title='bbox 2892 2071 3255 2127; x_wconf 86' lang='lat' dir='ltr'><strong>Barbarornm</strong></span> <span class='ocrx_word' id='word_1_255' title='bbox 3286 2076 3492 2127; x_wconf 82' lang='lat' dir='ltr'><strong>adven-</strong></span> 
     </span>
    </p>
   </div>
   <div class='ocr_carea' id='block_1_35' title="bbox 246 2159 3499 2234">
    <p class='ocr_par' dir='ltr' id='par_1_35' title="bbox 246 2159 3499 2234">
     <span class='ocr_line' id='line_1_35' title="bbox 246 2159 3499 2234; baseline 0.001 -15"><span class='ocrx_word' id='word_1_256' title='bbox 246 2163 481 2220; x_wconf 87' lang='lat' dir='ltr'><strong>tantium</strong></span> <span class='ocrx_word' id='word_1_257' title='bbox 535 2164 1000 2227; x_wconf 88' lang='lat' dir='ltr'><strong>commovebatur,</strong></span> <span class='ocrx_word' id='word_1_258' title='bbox 1037 2163 1231 2212; x_wconf 89' lang='lat' dir='ltr'><strong>merito</strong></span> <span class='ocrx_word' id='word_1_259' title='bbox 1281 2168 1531 2212; x_wconf 87' lang='lat' dir='ltr'><strong>metuens</strong></span> <span class='ocrx_word' id='word_1_260' title='bbox 1575 2171 1644 2211; x_wconf 91' lang='lat' dir='ltr'><strong>ne</strong></span> <span class='ocrx_word' id='word_1_261' title='bbox 1691 2173 1818 2212; x_wconf 92' lang='lat' dir='ltr'><strong>suos</strong></span> <span class='ocrx_word' id='word_1_262' title='bbox 1868 2160 2150 2228; x_wconf 74' lang='lat' dir='ltr'><strong>pauciores</strong></span> <span class='ocrx_word' id='word_1_263' title='bbox 2218 2177 2281 2215; x_wconf 86' lang='lat' dir='ltr'><strong>ac</strong></span> <span class='ocrx_word' id='word_1_264' title='bbox 2341 2159 2515 2217; x_wconf 81' lang='lat' dir='ltr'><strong>fessos</strong></span> <span class='ocrx_word' id='word_1_265' title='bbox 2546 2172 2620 2216; x_wconf 92' lang='lat' dir='ltr'><strong>tot</strong></span> <span class='ocrx_word' id='word_1_266' title='bbox 2676 2163 2781 2217; x_wconf 90' lang='lat' dir='ltr'><strong>illis</strong></span> <span class='ocrx_word' id='word_1_267' title='bbox 2810 2166 3139 2234; x_wconf 82' lang='lat' dir='ltr'><strong>obterendoa</strong></span> <span class='ocrx_word' id='word_1_268' title='bbox 3191 2168 3499 2221; x_wconf 84' lang='lat' dir='ltr'><strong>recentibus</strong></span> 
     </span>
    </p>
   </div>
   <div class='ocr_carea' id='block_1_36' title="bbox 244 2254 3505 2330">
    <p class='ocr_par' dir='ltr' id='par_1_36' title="bbox 244 2254 3505 2330">
     <span class='ocr_line' id='line_1_36' title="bbox 244 2254 3505 2330; baseline 0.002 -19"><span class='ocrx_word' id='word_1_269' title='bbox 244 2256 752 2328; x_wconf 85' lang='lat' dir='ltr'><strong>imprudentissime</strong></span> <span class='ocrx_word' id='word_1_270' title='bbox 808 2257 1100 2326; x_wconf 65' lang='lat' dir='ltr'><strong>objiceret:</strong></span> <span class='ocrx_word' id='word_1_271' title='bbox 1156 2256 1213 2309; x_wconf 90' lang='lat' dir='ltr'><strong>In</strong></span> <span class='ocrx_word' id='word_1_272' title='bbox 1280 2254 1481 2308; x_wconf 84' lang='lat' dir='ltr'><strong>talibus</strong></span> <span class='ocrx_word' id='word_1_273' title='bbox 1555 2255 1823 2323; x_wconf 85' lang='lat' dir='ltr'><strong>angustiis</strong></span> <span class='ocrx_word' id='word_1_274' title='bbox 1899 2258 2182 2311; x_wconf 86' lang='lat' dir='ltr'><strong>consilium</strong></span> <span class='ocrx_word' id='word_1_275' title='bbox 2234 2260 2369 2327; x_wconf 79' lang='lat' dir='ltr'><strong>capit</strong></span> <span class='ocrx_word' id='word_1_276' title='bbox 2408 2259 2642 2328; x_wconf 87' lang='lat' dir='ltr'><strong>prudens</strong></span> <span class='ocrx_word' id='word_1_277' title='bbox 2700 2260 2828 2329; x_wconf 88' lang='lat' dir='ltr'><strong>illttd</strong></span> <span class='ocrx_word' id='word_1_278' title='bbox 2885 2263 3100 2330; x_wconf 79' lang='lat' dir='ltr'><strong>quidem</strong></span> <span class='ocrx_word' id='word_1_279' title='bbox 3150 2263 3244 2317; x_wconf 82' lang='lat' dir='ltr'><strong>sed</strong></span> <span class='ocrx_word' id='word_1_280' title='bbox 3326 2266 3505 2321; x_wconf 81' lang='lat' dir='ltr'><strong>audax</strong></span> 
     </span>
    </p>
   </div>
   <div class='ocr_carea' id='block_1_37' title="bbox 244 2347 3503 2423">
    <p class='ocr_par' dir='ltr' id='par_1_37' title="bbox 244 2347 3503 2423">
     <span class='ocr_line' id='line_1_37' title="bbox 244 2347 3503 2423; baseline 0.003 -21"><span class='ocrx_word' id='word_1_281' title='bbox 244 2358 457 2403; x_wconf 83' lang='lat' dir='ltr'><strong>tamen.</strong></span> <span class='ocrx_word' id='word_1_282' title='bbox 500 2353 590 2406; x_wconf 89' lang='lat' dir='ltr'><strong>Dei</strong></span> <span class='ocrx_word' id='word_1_283' title='bbox 619 2351 941 2405; x_wconf 88' lang='lat' dir='ltr'><strong>sententiam</strong></span> <span class='ocrx_word' id='word_1_284' title='bbox 990 2349 1277 2419; x_wconf 78' lang='lat' dir='ltr'><strong>exquirere</strong></span> <span class='ocrx_word' id='word_1_285' title='bbox 1321 2347 1584 2412; x_wconf 86' lang='lat' dir='ltr'><strong>decernit,</strong></span> <span class='ocrx_word' id='word_1_286' title='bbox 1631 2347 2070 2417; x_wconf 87' lang='lat' dir='ltr'><strong>consulendoque</strong></span> <span class='ocrx_word' id='word_1_287' title='bbox 2132 2352 2350 2405; x_wconf 88' lang='lat' dir='ltr'><strong>oraculo</strong></span> <span class='ocrx_word' id='word_1_288' title='bbox 2416 2354 2723 2423; x_wconf 81' lang='lat' dir='ltr'><strong>exquirere,</strong></span> <span class='ocrx_word' id='word_1_289' title='bbox 2764 2354 2958 2422; x_wconf 85' lang='lat' dir='ltr'><strong>ecquid</strong></span> <span class='ocrx_word' id='word_1_290' title='bbox 3022 2367 3165 2409; x_wconf 86' lang='lat' dir='ltr'><strong>recta</strong></span> <span class='ocrx_word' id='word_1_291' title='bbox 3238 2358 3503 2418; x_wconf 82' lang='lat' dir='ltr'><strong>Iconium.</strong></span> 
     </span>
    </p>
   </div>
   <div class='ocr_carea' id='block_1_38' title="bbox 247 2437 3509 2510">
    <p class='ocr_par' dir='ltr' id='par_1_38' title="bbox 247 2437 3509 2510">
     <span class='ocr_line' id='line_1_38' title="bbox 247 2437 3509 2510; baseline 0.002 -15"><span class='ocrx_word' id='word_1_292' title='bbox 247 2446 329 2496; x_wconf 87' lang='lat' dir='ltr'><strong>uti</strong></span> <span class='ocrx_word' id='word_1_293' title='bbox 406 2453 642 2510; x_wconf 87' lang='lat' dir='ltr'><strong>ceperat,</strong></span> <span class='ocrx_word' id='word_1_294' title='bbox 715 2456 936 2509; x_wconf 85' lang='lat' dir='ltr'><strong>pergere</strong></span> <span class='ocrx_word' id='word_1_295' title='bbox 988 2448 1289 2510; x_wconf 65' lang='lat' dir='ltr'><strong>praestaret.</strong></span> <span class='ocrx_word' id='word_1_296' title='bbox 1336 2452 1401 2491; x_wconf 92' lang='lat' dir='ltr'><strong>an</strong></span> <span class='ocrx_word' id='word_1_297' title='bbox 1449 2453 1579 2493; x_wconf 85' lang='lat' dir='ltr'><strong>vero</strong></span> <span class='ocrx_word' id='word_1_298' title='bbox 1628 2437 1883 2492; x_wconf 83' lang='lat' dir='ltr'><strong>suaderet</strong></span> <span class='ocrx_word' id='word_1_299' title='bbox 1959 2438 2137 2506; x_wconf 87' lang='lat' dir='ltr'><strong>potius</strong></span> <span class='ocrx_word' id='word_1_300' title='bbox 2196 2440 2536 2496; x_wconf 81' lang='lat' dir='ltr'><strong>venientibus</strong></span> <span class='ocrx_word' id='word_1_301' title='bbox 2583 2458 2612 2496; x_wconf 92' lang='lat' dir='ltr'><strong>a</strong></span> <span class='ocrx_word' id='word_1_302' title='bbox 2665 2440 2946 2499; x_wconf 85' lang='lat' dir='ltr'><strong>Philomeli</strong></span> <span class='ocrx_word' id='word_1_303' title='bbox 3008 2446 3261 2502; x_wconf 82' lang='lat' dir='ltr'><strong>Barbaris</strong></span> <span class='ocrx_word' id='word_1_304' title='bbox 3316 2458 3509 2503; x_wconf 86' lang='lat' dir='ltr'><strong>contra</strong></span> 
     </span>
    </p>
   </div>
   <div class='ocr_carea' id='block_1_39' title="bbox 243 2528 3508 2604">
    <p class='ocr_par' dir='ltr' id='par_1_39' title="bbox 243 2528 3508 2604">
     <span class='ocr_line' id='line_1_39' title="bbox 243 2528 3508 2604; baseline 0.001 -15"><span class='ocrx_word' id='word_1_305' title='bbox 243 2532 574 2589; x_wconf 84' lang='lat' dir='ltr'><strong>occurrere?</strong></span> <span class='ocrx_word' id='word_1_306' title='bbox 602 2533 653 2586; x_wconf 92' lang='lat' dir='ltr'><strong>ld</strong></span> <span class='ocrx_word' id='word_1_307' title='bbox 683 2533 999 2601; x_wconf 73' lang='lat' dir='ltr'><strong>exsequitur</strong></span> <span class='ocrx_word' id='word_1_308' title='bbox 1024 2530 1171 2585; x_wconf 76' lang='lat' dir='ltr'><strong>hunc</strong></span> <span class='ocrx_word' id='word_1_309' title='bbox 1203 2530 1257 2583; x_wconf 87' lang='lat' dir='ltr'><strong>in</strong></span> <span class='ocrx_word' id='word_1_310' title='bbox 1292 2530 1535 2583; x_wconf 85' lang='lat' dir='ltr'><strong>modum.</strong></span> <span class='ocrx_word' id='word_1_311' title='bbox 1582 2528 1817 2583; x_wconf 84' lang='lat' dir='ltr'><strong>Chartas</strong></span> <span class='ocrx_word' id='word_1_312' title='bbox 1857 2540 2010 2599; x_wconf 88' lang='lat' dir='ltr'><strong>parat</strong></span> <span class='ocrx_word' id='word_1_313' title='bbox 2041 2530 2175 2584; x_wconf 76' lang='lat' dir='ltr'><strong>duas</strong></span> <span class='ocrx_word' id='word_1_314' title='bbox 2213 2532 2267 2585; x_wconf 87' lang='lat' dir='ltr'><strong>in</strong></span> <span class='ocrx_word' id='word_1_315' title='bbox 2298 2532 2494 2600; x_wconf 89' lang='lat' dir='ltr'><strong>quibus</strong></span> <span class='ocrx_word' id='word_1_316' title='bbox 2539 2534 2606 2588; x_wconf 89' lang='lat' dir='ltr'><strong>de</strong></span> <span class='ocrx_word' id='word_1_317' title='bbox 2634 2546 2867 2604; x_wconf 87' lang='lat' dir='ltr'><strong>utroque</strong></span> <span class='ocrx_word' id='word_1_318' title='bbox 2931 2536 3343 2593; x_wconf 83' lang='lat' dir='ltr'><strong>deliberationis</strong></span> <span class='ocrx_word' id='word_1_319' title='bbox 3411 2555 3508 2593; x_wconf 85' lang='lat' dir='ltr'><strong>ca-</strong></span> 
     </span>
    </p>
   </div>
   <div class='ocr_carea' id='block_1_40' title="bbox 245 2624 3497 2699">
    <p class='ocr_par' dir='ltr' id='par_1_40' title="bbox 245 2624 3497 2699">
     <span class='ocr_line' id='line_1_40' title="bbox 245 2624 3497 2699; baseline 0.003 -18"><span class='ocrx_word' id='word_1_320' title='bbox 245 2630 365 2696; x_wconf 86' lang='lat' dir='ltr'><strong>pite</strong></span> <span class='ocrx_word' id='word_1_321' title='bbox 421 2628 649 2682; x_wconf 88' lang='lat' dir='ltr'><strong>seorsim</strong></span> <span class='ocrx_word' id='word_1_322' title='bbox 709 2635 1077 2696; x_wconf 84' lang='lat' dir='ltr'><strong>percontatur.</strong></span> <span class='ocrx_word' id='word_1_323' title='bbox 1131 2625 1331 2678; x_wconf 80' lang='lat' dir='ltr'><strong>Ambas</strong></span> <span class='ocrx_word' id='word_1_324' title='bbox 1386 2624 1487 2678; x_wconf 93' lang='lat' dir='ltr'><strong>sub</strong></span> <span class='ocrx_word' id='word_1_325' title='bbox 1542 2638 1823 2691; x_wconf 81' lang='lat' dir='ltr'><strong>vesperam</strong></span> <span class='ocrx_word' id='word_1_326' title='bbox 1862 2625 2079 2680; x_wconf 82' lang='lat' dir='ltr'><strong>excelso</strong></span> <span class='ocrx_word' id='word_1_327' title='bbox 2146 2625 2265 2680; x_wconf 93' lang='lat' dir='ltr'><strong>loco</strong></span> <span class='ocrx_word' id='word_1_328' title='bbox 2333 2643 2494 2697; x_wconf 90' lang='lat' dir='ltr'><strong>supra</strong></span> <span class='ocrx_word' id='word_1_329' title='bbox 2526 2644 2733 2683; x_wconf 84' lang='lat' dir='ltr'><strong>sacram</strong></span> <span class='ocrx_word' id='word_1_330' title='bbox 2768 2647 3008 2686; x_wconf 85' lang='lat' dir='ltr'><strong>mensam</strong></span> <span class='ocrx_word' id='word_1_331' title='bbox 3042 2634 3301 2699; x_wconf 86' lang='lat' dir='ltr'><strong>collocat;</strong></span> <span class='ocrx_word' id='word_1_332' title='bbox 3333 2647 3497 2693; x_wconf 87' lang='lat' dir='ltr'><strong>totam</strong></span> 
     </span>
    </p>
   </div>
   <div class='ocr_carea' id='block_1_41' title="bbox 249 2704 3498 2798">
    <p class='ocr_par' dir='ltr' id='par_1_41' title="bbox 249 2704 3498 2798">
     <span class='ocr_line' id='line_1_41' title="bbox 249 2704 3498 2798; baseline 0.003 -25"><span class='ocrx_word' id='word_1_333' title='bbox 249 2722 381 2773; x_wconf 88' lang='lat' dir='ltr'><strong>hinc</strong></span> <span class='ocrx_word' id='word_1_334' title='bbox 436 2728 648 2773; x_wconf 90' lang='lat' dir='ltr'><strong>noctem</strong></span> <span class='ocrx_word' id='word_1_335' title='bbox 699 2717 929 2772; x_wconf 84' lang='lat' dir='ltr'><strong>assiduis</strong></span> <span class='ocrx_word' id='word_1_336' title='bbox 974 2704 1081 2771; x_wconf 87' lang='lat' dir='ltr'><strong>Dei</strong></span> <span class='ocrx_word' id='word_1_337' title='bbox 1136 2716 1385 2770; x_wconf 82' lang='lat' dir='ltr'><strong>laudibus</strong></span> <span class='ocrx_word' id='word_1_338' title='bbox 1437 2724 1492 2769; x_wconf 85' lang='lat' dir='ltr'><strong>et</strong></span> <span class='ocrx_word' id='word_1_339' title='bbox 1573 2716 1835 2783; x_wconf 78' lang='lat' dir='ltr'><strong>religione</strong></span> <span class='ocrx_word' id='word_1_340' title='bbox 1909 2728 2165 2785; x_wconf 77' lang='lat' dir='ltr'><strong>perpetua</strong></span> <span class='ocrx_word' id='word_1_341' title='bbox 2215 2721 2467 2782; x_wconf 87' lang='lat' dir='ltr'><strong>traducit,</strong></span> <span class='ocrx_word' id='word_1_342' title='bbox 2523 2721 2688 2776; x_wconf 91' lang='lat' dir='ltr'><strong>Deum</strong></span> <span class='ocrx_word' id='word_1_343' title='bbox 2746 2723 2973 2789; x_wconf 88' lang='lat' dir='ltr'><strong>intente,</strong></span> <span class='ocrx_word' id='word_1_344' title='bbox 3046 2706 3153 2793; x_wconf 70' lang='lat' dir='ltr'><strong>quo</strong></span> <span class='ocrx_word' id='word_1_345' title='bbox 3206 2728 3498 2798; x_wconf 84' lang='lat' dir='ltr'><strong>indigebat,</strong></span> 
     </span>
    </p>
   </div>
   <div class='ocr_carea' id='block_1_42' title="bbox 261 2811 3508 2888">
    <p class='ocr_par' dir='ltr' id='par_1_42' title="bbox 261 2811 3508 2888">
     <span class='ocr_line' id='line_1_42' title="bbox 261 2811 3508 2888; baseline 0.004 -20"><span class='ocrx_word' id='word_1_346' title='bbox 261 2830 521 2888; x_wconf 81' lang='lat' dir='ltr'><strong>poscens.</strong></span> <span class='ocrx_word' id='word_1_347' title='bbox 556 2815 805 2870; x_wconf 88' lang='lat' dir='ltr'><strong>Dilucqu</strong></span> <span class='ocrx_word' id='word_1_348' title='bbox 838 2814 1117 2884; x_wconf 84' lang='lat' dir='ltr'><strong>ingressus</strong></span> <span class='ocrx_word' id='word_1_349' title='bbox 1182 2812 1409 2867; x_wconf 85' lang='lat' dir='ltr'><strong>antistes</strong></span> <span class='ocrx_word' id='word_1_350' title='bbox 1472 2811 1697 2865; x_wconf 83' lang='lat' dir='ltr'><strong>alteram</strong></span> <span class='ocrx_word' id='word_1_351' title='bbox 1750 2812 2137 2882; x_wconf 63' lang='lat' dir='ltr'><strong>depositirum,</strong></span> <span class='ocrx_word' id='word_1_352' title='bbox 2202 2831 2320 2885; x_wconf 70' lang='lat' dir='ltr'><strong>quae</strong></span> <span class='ocrx_word' id='word_1_353' title='bbox 2404 2816 2637 2886; x_wconf 81' lang='lat' dir='ltr'><strong>primum</strong></span> <span class='ocrx_word' id='word_1_354' title='bbox 2695 2820 2893 2873; x_wconf 84' lang='lat' dir='ltr'><strong>accidit</strong></span> <span class='ocrx_word' id='word_1_355' title='bbox 2975 2821 3154 2888; x_wconf 86' lang='lat' dir='ltr'><strong>obvia,</strong></span> <span class='ocrx_word' id='word_1_356' title='bbox 3202 2826 3508 2883; x_wconf 82' lang='lat' dir='ltr'><strong>chartarum</strong></span> 
     </span>
    </p>
   </div>
   <div class='ocr_carea' id='block_1_43' title="bbox 244 2902 3517 2978">
    <p class='ocr_par' dir='ltr' id='par_1_43' title="bbox 244 2902 3517 2978">
     <span class='ocr_line' id='line_1_43' title="bbox 244 2902 3517 2978; baseline 0.003 -13"><span class='ocrx_word' id='word_1_357' title='bbox 244 2914 469 2978; x_wconf 81' lang='lat' dir='ltr'><strong>arripit.</strong></span> <span class='ocrx_word' id='word_1_358' title='bbox 502 2908 740 2977; x_wconf 81' lang='lat' dir='ltr'><strong>explicat</strong></span> <span class='ocrx_word' id='word_1_359' title='bbox 788 2906 963 2975; x_wconf 89' lang='lat' dir='ltr'><strong>palam</strong></span> <span class='ocrx_word' id='word_1_360' title='bbox 1021 2914 1074 2959; x_wconf 88' lang='lat' dir='ltr'><strong>et</strong></span> <span class='ocrx_word' id='word_1_361' title='bbox 1112 2905 1330 2959; x_wconf 84' lang='lat' dir='ltr'><strong>attentis</strong></span> <span class='ocrx_word' id='word_1_362' title='bbox 1378 2902 1635 2957; x_wconf 91' lang='lat' dir='ltr'><strong>omnibus</strong></span> <span class='ocrx_word' id='word_1_363' title='bbox 1681 2904 1827 2957; x_wconf 82' lang='lat' dir='ltr'><strong>clara</strong></span> <span class='ocrx_word' id='word_1_364' title='bbox 1906 2921 2035 2960; x_wconf 86' lang='lat' dir='ltr'><strong>voce</strong></span> <span class='ocrx_word' id='word_1_365' title='bbox 2062 2906 2212 2976; x_wconf 83' lang='lat' dir='ltr'><strong>legit.</strong></span> <span class='ocrx_word' id='word_1_366' title='bbox 2276 2908 2349 2961; x_wconf 84' lang='lat' dir='ltr'><strong>Ea</strong></span> <span class='ocrx_word' id='word_1_367' title='bbox 2382 2910 2687 2978; x_wconf 81' lang='lat' dir='ltr'><strong>imperatori</strong></span> <span class='ocrx_word' id='word_1_368' title='bbox 2724 2913 3115 2969; x_wconf 87' lang='lat' dir='ltr'><strong>suadebatitcr</strong></span> <span class='ocrx_word' id='word_1_369' title='bbox 3191 2918 3517 2976; x_wconf 67' lang='lat' dir='ltr'><strong>Philomeli-1</strong></span> 
     </span>
    </p>
   </div>
   <div class='ocr_carea' id='block_1_44' title="bbox 248 3020 466 3061">
    <p class='ocr_par' dir='ltr' id='par_1_44' title="bbox 248 3020 466 3061">
     <span class='ocr_line' id='line_1_44' title="bbox 248 3020 466 3061; baseline -0.005 -4"><span class='ocrx_word' id='word_1_370' title='bbox 248 3020 466 3061; x_wconf 60' lang='lat' dir='ltr'><strong>YBI&#39;SIIS.</strong></span> 
     </span>
    </p>
   </div>
   <div class='ocr_carea' id='block_1_45' title="bbox 344 3089 1837 3164">
    <p class='ocr_par' dir='ltr' id='par_1_45' title="bbox 344 3089 1837 3164">
     <span class='ocr_line' id='line_1_45' title="bbox 344 3089 1837 3164; baseline -0.007 -11"><span class='ocrx_word' id='word_1_371' title='bbox 344 3101 507 3153; x_wconf 66' lang='lat' dir='ltr'><strong>‘Ani</strong></span> <span class='ocrx_word' id='word_1_372' title='bbox 552 3094 727 3149; x_wconf 78' lang='grc' dir='ltr'>ταῦτα</span> <span class='ocrx_word' id='word_1_373' title='bbox 764 3094 861 3164; x_wconf 74' lang='grc' dir='ltr'><strong>μὲν</strong></span> <span class='ocrx_word' id='word_1_374' title='bbox 891 3094 959 3146; x_wconf 73' lang='grc' dir='ltr'>τὰ</span> <span class='ocrx_word' id='word_1_375' title='bbox 988 3092 1128 3145; x_wconf 67' lang='grc' dir='ltr'>κατὰ</span> <span class='ocrx_word' id='word_1_376' title='bbox 1152 3091 1246 3142; x_wconf 67' lang='grc' dir='ltr'>τὸν</span> <span class='ocrx_word' id='word_1_377' title='bbox 1298 3089 1699 3159; x_wconf 71' lang='grc' dir='ltr'>αὐτοκράτορα.</span> <span class='ocrx_word' id='word_1_378' title='bbox 1778 3090 1837 3143; x_wconf 88' lang='grc' dir='ltr'><strong>Ὀ</strong></span> 
     </span>
    </p>
   </div>
   <div class='ocr_carea' id='block_1_46' title="bbox 1944 3089 3545 3164">
    <p class='ocr_par' dir='ltr' id='par_1_46' title="bbox 2012 3091 3545 3164">
     <span class='ocr_line' id='line_1_46' title="bbox 2012 3091 3545 3164; baseline 0.007 -20"><span class='ocrx_word' id='word_1_379' title='bbox 2012 3092 2112 3147; x_wconf 81' lang='lat' dir='ltr'><strong>ilic</strong></span> <span class='ocrx_word' id='word_1_380' title='bbox 2144 3092 2529 3162; x_wconf 85' lang='lat' dir='ltr'><strong>relinquendus</strong></span> <span class='ocrx_word' id='word_1_381' title='bbox 2554 3093 2826 3162; x_wconf 83' lang='lat' dir='ltr'><strong>paulisper</strong></span> <span class='ocrx_word' id='word_1_382' title='bbox 2850 3091 3013 3164; x_wconf 67' lang='grc'><strong>472</strong></span> <span class='ocrx_word' id='word_1_383' title='bbox 3045 3094 3359 3164; x_wconf 88' lang='lat' dir='ltr'><strong>imperator,</strong></span> <span class='ocrx_word' id='word_1_384' title='bbox 3385 3102 3545 3155; x_wconf 51' lang='lat' dir='ltr'><strong>dum‘</strong></span> 
     </span>
    </p>
   </div>
   <div class='ocr_carea' id='block_1_47' title="bbox 247 3182 1836 3259">
    <p class='ocr_par' dir='ltr' id='par_1_47' title="bbox 247 3182 1836 3259">
     <span class='ocr_line' id='line_1_47' title="bbox 247 3182 1836 3259; baseline -0.009 -13"><span class='ocrx_word' id='word_1_385' title='bbox 247 3195 313 3247; x_wconf 75' lang='grc' dir='ltr'>δέ</span> <span class='ocrx_word' id='word_1_386' title='bbox 350 3210 413 3259; x_wconf 81' lang='grc' dir='ltr'>γε</span> <span class='ocrx_word' id='word_1_387' title='bbox 443 3190 657 3259; x_wconf 73' lang='grc' dir='ltr'>Βάρδας</span> <span class='ocrx_word' id='word_1_388' title='bbox 694 3187 973 3257; x_wconf 77' lang='grc' dir='ltr'>Βούρτζης</span> <span class='ocrx_word' id='word_1_389' title='bbox 1001 3188 1057 3237; x_wconf 78' lang='grc' dir='ltr'><strong>ἐν</strong></span> <span class='ocrx_word' id='word_1_390' title='bbox 1100 3184 1176 3254; x_wconf 79' lang='grc' dir='ltr'><strong>τῷ</strong></span> <span class='ocrx_word' id='word_1_391' title='bbox 1222 3183 1438 3252; x_wconf 80' lang='grc' dir='ltr'>ἔχεσθαι</span> <span class='ocrx_word' id='word_1_392' title='bbox 1467 3182 1568 3251; x_wconf 81' lang='grc' dir='ltr'>τῆς</span> <span class='ocrx_word' id='word_1_393' title='bbox 1609 3182 1711 3253; x_wconf 70' lang='grc' dir='ltr'><strong>ἤδη</strong></span> <span class='ocrx_word' id='word_1_394' title='bbox 1739 3183 1836 3251; x_wconf 74' lang='grc' dir='ltr'>ρη-</span> 
     </span>
    </p>
   </div>
   <div class='ocr_carea' id='block_1_48' title="bbox 253 3273 1841 3348">
    <p class='ocr_par' dir='ltr' id='par_1_48' title="bbox 253 3273 1841 3348">
     <span class='ocr_line' id='line_1_48' title="bbox 253 3273 1841 3348; baseline -0.009 -10"><span class='ocrx_word' id='word_1_395' title='bbox 253 3286 451 3348; x_wconf 78' lang='grc' dir='ltr'>θείσης</span> <span class='ocrx_word' id='word_1_396' title='bbox 520 3280 640 3333; x_wconf 78' lang='grc' dir='ltr'>ὁδοῦ</span> <span class='ocrx_word' id='word_1_397' title='bbox 680 3281 995 3348; x_wconf 88' lang='grc' dir='ltr'>στράτευμα</span> <span class='ocrx_word' id='word_1_398' title='bbox 1057 3277 1190 3328; x_wconf 70' lang='grc' dir='ltr'>πολὺ</span> <span class='ocrx_word' id='word_1_399' title='bbox 1235 3274 1565 3344; x_wconf 82' lang='grc' dir='ltr'>Θεασάμενος</span> <span class='ocrx_word' id='word_1_400' title='bbox 1635 3273 1841 3342; x_wconf 58' lang='lat' dir='ltr'><strong>emet;-</strong></span> 
     </span>
    </p>
   </div>
   <div class='ocr_carea' id='block_1_49' title="bbox 252 3365 1835 3445">
    <p class='ocr_par' dir='ltr' id='par_1_49' title="bbox 252 3365 1835 3445">
     <span class='ocr_line' id='line_1_49' title="bbox 252 3365 1835 3445; baseline -0.008 -16"><span class='ocrx_word' id='word_1_401' title='bbox 252 3394 349 3431; x_wconf 80' lang='grc' dir='ltr'><strong>ναι</strong></span> <span class='ocrx_word' id='word_1_402' title='bbox 380 3375 516 3445; x_wconf 71' lang='grc' dir='ltr'>μετὰ</span> <span class='ocrx_word' id='word_1_403' title='bbox 545 3374 636 3425; x_wconf 70' lang='grc' dir='ltr'>το]</span> <span class='ocrx_word' id='word_1_404' title='bbox 669 3369 982 3425; x_wconf 75' lang='grc' dir='ltr'>Μονολύκου</span> <span class='ocrx_word' id='word_1_405' title='bbox 1004 3369 1093 3420; x_wconf 73' lang='grc' dir='ltr'>διὰ</span> <span class='ocrx_word' id='word_1_406' title='bbox 1120 3369 1219 3437; x_wconf 75' lang='grc' dir='ltr'>τῆς</span> <span class='ocrx_word' id='word_1_407' title='bbox 1240 3367 1487 3437; x_wconf 79' lang='grc' dir='ltr'>γεφύρας</span> <span class='ocrx_word' id='word_1_408' title='bbox 1521 3367 1617 3419; x_wconf 81' lang='grc' dir='ltr'>τοῦ</span> <span class='ocrx_word' id='word_1_409' title='bbox 1640 3365 1835 3436; x_wconf 83' lang='grc' dir='ltr'>Ζόμπη</span> 
     </span>
    </p>
   </div>
   <div class='ocr_carea' id='block_1_50' title="bbox 254 3459 1840 3532">
    <p class='ocr_par' dir='ltr' id='par_1_50' title="bbox 254 3459 1840 3532">
     <span class='ocr_line' id='line_1_50' title="bbox 254 3459 1840 3532; baseline -0.006 -13"><span class='ocrx_word' id='word_1_410' title='bbox 254 3468 646 3532; x_wconf 80' lang='grc' dir='ltr'>ἐπειγόμενον,</span> <span class='ocrx_word' id='word_1_411' title='bbox 721 3462 969 3531; x_wconf 76' lang='grc' dir='ltr'>παρευθὺ</span> <span class='ocrx_word' id='word_1_412' title='bbox 1026 3460 1390 3529; x_wconf 68' lang='grc' dir='ltr'>ὁπλισάμενος</span> <span class='ocrx_word' id='word_1_413' title='bbox 1466 3459 1840 3529; x_wconf 76' lang='grc' dir='ltr'>συμμίγνυται</span> 
     </span>
    </p>
   </div>
   <div class='ocr_carea' id='block_1_51' title="bbox 254 3550 1843 3626">
    <p class='ocr_par' dir='ltr' id='par_1_51' title="bbox 254 3550 1843 3626">
     <span class='ocr_line' id='line_1_51' title="bbox 254 3550 1843 3626; baseline -0.005 -16"><span class='ocrx_word' id='word_1_414' title='bbox 254 3561 476 3619; x_wconf 81' lang='grc' dir='ltr'>τούτοις</span> <span class='ocrx_word' id='word_1_415' title='bbox 514 3557 644 3626; x_wconf 69' lang='grc' dir='ltr'>περὶ</span> <span class='ocrx_word' id='word_1_416' title='bbox 669 3559 768 3622; x_wconf 69' lang='grc' dir='ltr'>τὴν</span> <span class='ocrx_word' id='word_1_417' title='bbox 794 3556 887 3605; x_wconf 75' lang='grc' dir='ltr'>τοῦ</span> <span class='ocrx_word' id='word_1_418' title='bbox 937 3554 1198 3622; x_wconf 86' lang='grc' dir='ltr'>’Λμορίου</span> <span class='ocrx_word' id='word_1_419' title='bbox 1265 3552 1517 3615; x_wconf 75' lang='grc' dir='ltr'>πεδιάδα,</span> <span class='ocrx_word' id='word_1_420' title='bbox 1562 3553 1656 3605; x_wconf 69' lang='grc' dir='ltr'>καὶ</span> <span class='ocrx_word' id='word_1_421' title='bbox 1714 3550 1843 3621; x_wconf 77' lang='grc' dir='ltr'>νικᾷ</span> 
     </span>
    </p>
   </div>
   <div class='ocr_carea' id='block_1_52' title="bbox 257 3643 1843 3718">
    <p class='ocr_par' dir='ltr' id='par_1_52' title="bbox 257 3643 1843 3718">
     <span class='ocr_line' id='line_1_52' title="bbox 257 3643 1843 3718; baseline -0.006 -13"><span class='ocrx_word' id='word_1_422' title='bbox 257 3652 633 3718; x_wconf 65' lang='grc' dir='ltr'>κατακράτος.</span> <span class='ocrx_word' id='word_1_423' title='bbox 676 3649 898 3718; x_wconf 84' lang='grc' dir='ltr'>Ἔτεροι</span> <span class='ocrx_word' id='word_1_424' title='bbox 953 3646 1009 3698; x_wconf 79' lang='grc' dir='ltr'><strong>δὲ</strong></span> <span class='ocrx_word' id='word_1_425' title='bbox 1043 3647 1151 3697; x_wconf 80' lang='grc' dir='ltr'>ἀπὸ</span> <span class='ocrx_word' id='word_1_426' title='bbox 1213 3644 1307 3697; x_wconf 82' lang='grc' dir='ltr'>τοῦ</span> <span class='ocrx_word' id='word_1_427' title='bbox 1359 3643 1686 3697; x_wconf 80' lang='grc' dir='ltr'>ἀνατολικοῦ</span> <span class='ocrx_word' id='word_1_428' title='bbox 1747 3643 1843 3713; x_wconf 82' lang='grc' dir='ltr'><strong>μὲ-</strong></span> 
     </span>
    </p>
   </div>
   <div class='ocr_carea' id='block_1_53' title="bbox 256 3735 1842 3814">
    <p class='ocr_par' dir='ltr' id='par_1_53' title="bbox 256 3735 1842 3814">
     <span class='ocr_line' id='line_1_53' title="bbox 256 3735 1842 3814; baseline -0.005 -19"><span class='ocrx_word' id='word_1_429' title='bbox 256 3761 397 3814; x_wconf 75' lang='grc' dir='ltr'>ρους</span> <span class='ocrx_word' id='word_1_430' title='bbox 422 3742 659 3811; x_wconf 76' lang='grc' dir='ltr'>Τοῦρκοι</span> <span class='ocrx_word' id='word_1_431' title='bbox 692 3738 1089 3809; x_wconf 84' lang='grc' dir='ltr'>κατερχόμενοι</span> <span class='ocrx_word' id='word_1_432' title='bbox 1121 3737 1217 3789; x_wconf 56' lang='grc' dir='ltr'><strong>καὶ⁸</strong></span> <span class='ocrx_word' id='word_1_433' title='bbox 1246 3737 1321 3797; x_wconf 83' lang='grc' dir='ltr'>ὡς</span> <span class='ocrx_word' id='word_1_434' title='bbox 1351 3737 1489 3806; x_wconf 79' lang='grc' dir='ltr'>πρὸς</span> <span class='ocrx_word' id='word_1_435' title='bbox 1531 3735 1622 3787; x_wconf 76' lang='grc' dir='ltr'><strong>τὸν</strong></span> <span class='ocrx_word' id='word_1_436' title='bbox 1665 3735 1842 3788; x_wconf 83' lang='grc' dir='ltr'>Μονό-</span> 
     </span>
    </p>
   </div>
   <div class='ocr_carea' id='block_1_54' title="bbox 255 3824 1842 3899">
    <p class='ocr_par' dir='ltr' id='par_1_54' title="bbox 255 3824 1842 3899">
     <span class='ocr_line' id='line_1_54' title="bbox 255 3824 1842 3899; baseline -0.006 -14"><span class='ocrx_word' id='word_1_437' title='bbox 255 3835 429 3885; x_wconf 85' lang='grc' dir='ltr'>λυκον</span> <span class='ocrx_word' id='word_1_438' title='bbox 487 3833 835 3894; x_wconf 78' lang='grc' dir='ltr'>σπεύδοντες,</span> <span class='ocrx_word' id='word_1_439' title='bbox 885 3830 1301 3899; x_wconf 79' lang='grc' dir='ltr'>παρατυχόντες</span> <span class='ocrx_word' id='word_1_440' title='bbox 1330 3831 1394 3897; x_wconf 81' lang='grc' dir='ltr'>τῇ</span> <span class='ocrx_word' id='word_1_441' title='bbox 1440 3825 1541 3878; x_wconf 83' lang='grc' dir='ltr'>τοῦ</span> <span class='ocrx_word' id='word_1_442' title='bbox 1598 3824 1842 3895; x_wconf 76' lang='grc' dir='ltr'>Βούρτζη</span> 
     </span>
    </p>
   </div>
   <div class='ocr_carea' id='block_1_55' title="bbox 258 3916 1844 3989">
    <p class='ocr_par' dir='ltr' id='par_1_55' title="bbox 258 3916 1844 3989">
     <span class='ocr_line' id='line_1_55' title="bbox 258 3916 1844 3989; baseline -0.002 -18"><span class='ocrx_word' id='word_1_443' title='bbox 258 3920 618 3989; x_wconf 78' lang='grc' dir='ltr'>παρεμϐολῇ,</span> <span class='ocrx_word' id='word_1_444' title='bbox 666 3920 874 3970; x_wconf 76' lang='grc' dir='ltr'>ἐκείνου</span> <span class='ocrx_word' id='word_1_445' title='bbox 906 3921 1075 3987; x_wconf 77' lang='grc' dir='ltr'>μήπω</span> <span class='ocrx_word' id='word_1_446' title='bbox 1125 3916 1452 3985; x_wconf 73' lang='grc' dir='ltr'>φθάσαντος,</span> <span class='ocrx_word' id='word_1_447' title='bbox 1486 3916 1844 3987; x_wconf 73' lang='grc' dir='ltr'>ἀφαιροῦνται</span> 
     </span>
    </p>
   </div>
   <div class='ocr_carea' id='block_1_56' title="bbox 257 4007 1846 4079">
    <p class='ocr_par' dir='ltr' id='par_1_56' title="bbox 257 4007 1846 4079">
     <span class='ocr_line' id='line_1_56' title="bbox 257 4007 1846 4079; baseline -0.002 -17"><span class='ocrx_word' id='word_1_448' title='bbox 257 4014 333 4064; x_wconf 82' lang='grc' dir='ltr'><strong>τὰ</strong></span> <span class='ocrx_word' id='word_1_449' title='bbox 369 4010 755 4079; x_wconf 81' lang='grc' dir='ltr'>παρατυχόντα</span> <span class='ocrx_word' id='word_1_450' title='bbox 810 4009 1084 4076; x_wconf 74' lang='grc' dir='ltr'>ὑποζύγια</span> <span class='ocrx_word' id='word_1_451' title='bbox 1115 4009 1211 4071; x_wconf 77' lang='grc' dir='ltr'>τὰς</span> <span class='ocrx_word' id='word_1_452' title='bbox 1250 4009 1293 4038; x_wconf 84' lang='grc'><strong>¹⁹</strong></span> <span class='ocrx_word' id='word_1_453' title='bbox 1335 4008 1690 4079; x_wconf 77' lang='grc' dir='ltr'>παρασκευὰς</span> <span class='ocrx_word' id='word_1_454' title='bbox 1739 4007 1846 4061; x_wconf 86' lang='grc' dir='ltr'><strong>τῶν</strong></span> 
     </span>
    </p>
   </div>
   <div class='ocr_carea' id='block_1_57' title="bbox 258 4098 1849 4172">
    <p class='ocr_par' dir='ltr' id='par_1_57' title="bbox 258 4098 1849 4172">
     <span class='ocr_line' id='line_1_57' title="bbox 258 4098 1849 4172; baseline -0.003 -19"><span class='ocrx_word' id='word_1_455' title='bbox 258 4102 641 4172; x_wconf 85' lang='grc' dir='ltr'>στρατιωτῶν.</span> <span class='ocrx_word' id='word_1_456' title='bbox 658 4103 714 4152; x_wconf 86' lang='grc'><strong>’0</strong></span> <span class='ocrx_word' id='word_1_457' title='bbox 738 4102 793 4153; x_wconf 84' lang='grc' dir='ltr'>δὲ</span> <span class='ocrx_word' id='word_1_458' title='bbox 819 4098 1091 4170; x_wconf 75' lang='grc' dir='ltr'>Βούρτζης</span> <span class='ocrx_word' id='word_1_459' title='bbox 1106 4099 1315 4153; x_wconf 74' lang='grc' dir='ltr'>ἐκεῖθεν</span> <span class='ocrx_word' id='word_1_460' title='bbox 1336 4099 1849 4169; x_wconf 77' lang='grc' dir='ltr'>νικητὴς,ὑποστρέ-</span> 
     </span>
    </p>
   </div>
   <div class='ocr_carea' id='block_1_58' title="bbox 259 4190 1848 4262">
    <p class='ocr_par' dir='ltr' id='par_1_58' title="bbox 259 4190 1848 4262">
     <span class='ocr_line' id='line_1_58' title="bbox 259 4190 1848 4262; baseline -0.001 -18"><span class='ocrx_word' id='word_1_461' title='bbox 259 4205 386 4262; x_wconf 73' lang='grc' dir='ltr'>(ρων</span> <span class='ocrx_word' id='word_1_462' title='bbox 422 4191 516 4243; x_wconf 80' lang='grc' dir='ltr'>καὶ</span> <span class='ocrx_word' id='word_1_463' title='bbox 546 4191 750 4262; x_wconf 78' lang='grc' dir='ltr'>πολλὴν</span> <span class='ocrx_word' id='word_1_464' title='bbox 784 4190 1287 4261; x_wconf 79' lang='grc' dir='ltr'>συνεπιφερόμενος</span> <span class='ocrx_word' id='word_1_465' title='bbox 1315 4191 1469 4243; x_wconf 74' lang='grc' dir='ltr'>λείαν</span> <span class='ocrx_word' id='word_1_466' title='bbox 1494 4190 1848 4261; x_wconf 82' lang='grc' dir='ltr'>συνηντηκὼς</span> 
     </span>
    </p>
   </div>
   <div class='ocr_carea' id='block_1_59' title="bbox 258 4283 1847 4354">
    <p class='ocr_par' dir='ltr' id='par_1_59' title="bbox 258 4283 1847 4354">
     <span class='ocr_line' id='line_1_59' title="bbox 258 4283 1847 4354; baseline -0.001 -17"><span class='ocrx_word' id='word_1_467' title='bbox 258 4303 374 4338; x_wconf 81' lang='grc' dir='ltr'>τινι</span> <span class='ocrx_word' id='word_1_468' title='bbox 402 4285 511 4336; x_wconf 79' lang='grc' dir='ltr'><strong>τῶν</strong></span> <span class='ocrx_word' id='word_1_469' title='bbox 546 4287 663 4336; x_wconf 72' lang='grc' dir='ltr'>ἐκεῖ</span> <span class='ocrx_word' id='word_1_470' title='bbox 700 4285 1018 4354; x_wconf 79' lang='grc' dir='ltr'>ἐρχομένων</span> <span class='ocrx_word' id='word_1_471' title='bbox 1063 4284 1158 4336; x_wconf 73' lang='grc' dir='ltr'><strong>καὶ</strong></span> <span class='ocrx_word' id='word_1_472' title='bbox 1212 4283 1551 4353; x_wconf 74' lang='grc' dir='ltr'>μεμαθηκὼς</span> <span class='ocrx_word' id='word_1_473' title='bbox 1612 4286 1759 4345; x_wconf 82' lang='grc' dir='ltr'>ὅπως</span> <span class='ocrx_word' id='word_1_474' title='bbox 1797 4285 1847 4335; x_wconf 91' lang='grc' dir='ltr'><strong>οί</strong></span> 
     </span>
    </p>
   </div>
   <div class='ocr_carea' id='block_1_60' title="bbox 261 4373 1849 4445">
    <p class='ocr_par' dir='ltr' id='par_1_60' title="bbox 261 4373 1849 4445">
     <span class='ocr_line' id='line_1_60' title="bbox 261 4373 1849 4445; baseline -0.003 -16"><span class='ocrx_word' id='word_1_475' title='bbox 261 4377 375 4429; x_wconf 68' lang='grc' dir='ltr'><strong>Τοῦ</strong></span> <span class='ocrx_word' id='word_1_476' title='bbox 390 4393 513 4445; x_wconf 79' lang='grc' dir='ltr'>ρκοι</span> <span class='ocrx_word' id='word_1_477' title='bbox 538 4376 761 4427; x_wconf 73' lang='grc' dir='ltr'>ἅπαντα</span> <span class='ocrx_word' id='word_1_478' title='bbox 800 4377 869 4427; x_wconf 79' lang='grc' dir='ltr'><strong>τά</strong></span> <span class='ocrx_word' id='word_1_479' title='bbox 898 4377 955 4427; x_wconf 82' lang='grc' dir='ltr'>ὲν</span> <span class='ocrx_word' id='word_1_480' title='bbox 982 4377 1046 4443; x_wconf 81' lang='grc' dir='ltr'>τῇ</span> <span class='ocrx_word' id='word_1_481' title='bbox 1087 4374 1410 4444; x_wconf 76' lang='grc' dir='ltr'>παρεμϐολῇ</span> <span class='ocrx_word' id='word_1_482' title='bbox 1437 4374 1602 4426; x_wconf 76' lang='grc' dir='ltr'>αὑτοῦ</span> <span class='ocrx_word' id='word_1_483' title='bbox 1629 4376 1723 4426; x_wconf 77' lang='grc' dir='ltr'>καὶ</span> <span class='ocrx_word' id='word_1_484' title='bbox 1751 4373 1849 4444; x_wconf 82' lang='grc' dir='ltr'><strong>τὴν</strong></span> 
     </span>
    </p>
   </div>
   <div class='ocr_carea' id='block_1_61' title="bbox 1941 3183 3519 3253">
    <p class='ocr_par' dir='ltr' id='par_1_61' title="bbox 1941 3183 3519 3253">
     <span class='ocr_line' id='line_1_61' title="bbox 1941 3183 3519 3253; baseline 0.008 -19"><span class='ocrx_word' id='word_1_485' title='bbox 1941 3197 2061 3251; x_wconf 74' lang='lat' dir='ltr'><strong>qua:</strong></span> <span class='ocrx_word' id='word_1_486' title='bbox 2090 3183 2302 3235; x_wconf 87' lang='lat' dir='ltr'><strong>interitu</strong></span> <span class='ocrx_word' id='word_1_487' title='bbox 2330 3183 2515 3238; x_wconf 72' lang='lat' dir='ltr'><strong>Barda:</strong></span> <span class='ocrx_word' id='word_1_488' title='bbox 2545 3187 2821 3253; x_wconf 84' lang='lat' dir='ltr'><strong>contigere</strong></span> <span class='ocrx_word' id='word_1_489' title='bbox 2838 3187 3340 3245; x_wconf 69' lang='lat' dir='ltr'><strong>reddinnusBardas</strong></span> <span class='ocrx_word' id='word_1_490' title='bbox 3360 3193 3519 3247; x_wconf 88' lang='lat' dir='ltr'><strong>Burt-</strong></span> 
     </span>
    </p>
   </div>
   <div class='ocr_carea' id='block_1_62' title="bbox 1942 3276 3518 3351">
    <p class='ocr_par' dir='ltr' id='par_1_62' title="bbox 1942 3276 3518 3351">
     <span class='ocr_line' id='line_1_62' title="bbox 1942 3276 3518 3351; baseline 0.006 -24"><span class='ocrx_word' id='word_1_491' title='bbox 1942 3290 2054 3338; x_wconf 65' lang='lat' dir='ltr'><strong>ars,</strong></span> <span class='ocrx_word' id='word_1_492' title='bbox 2114 3278 2238 3329; x_wconf 87' lang='lat' dir='ltr'><strong>dum</strong></span> <span class='ocrx_word' id='word_1_493' title='bbox 2287 3276 2394 3340; x_wconf 83' lang='lat' dir='ltr'><strong>via,</strong></span> <span class='ocrx_word' id='word_1_494' title='bbox 2447 3276 2524 3330; x_wconf 86' lang='lat' dir='ltr'><strong>uti</strong></span> <span class='ocrx_word' id='word_1_495' title='bbox 2581 3277 2836 3341; x_wconf 80' lang='lat' dir='ltr'><strong>diximus,</strong></span> <span class='ocrx_word' id='word_1_496' title='bbox 2889 3280 3204 3349; x_wconf 69' lang='lat' dir='ltr'><strong>praescripta</strong></span> <span class='ocrx_word' id='word_1_497' title='bbox 3247 3285 3518 3351; x_wconf 82' lang='lat' dir='ltr'><strong>graditur,</strong></span> 
     </span>
    </p>
   </div>
   <div class='ocr_carea' id='block_1_63' title="bbox 1946 3356 3517 3443">
    <p class='ocr_par' dir='ltr' id='par_1_63' title="bbox 1946 3356 3517 3443">
     <span class='ocr_line' id='line_1_63' title="bbox 1946 3356 3517 3443; baseline 0.008 -28"><span class='ocrx_word' id='word_1_498' title='bbox 1946 3356 2090 3421; x_wconf 84' lang='lat' dir='ltr'><strong>videt</strong></span> <span class='ocrx_word' id='word_1_499' title='bbox 2125 3367 2400 3436; x_wconf 89' lang='lat' dir='ltr'><strong>copiosum</strong></span> <span class='ocrx_word' id='word_1_500' title='bbox 2453 3370 2753 3422; x_wconf 78' lang='lat' dir='ltr'><strong>exercitum</strong></span> <span class='ocrx_word' id='word_1_501' title='bbox 2810 3369 3112 3423; x_wconf 88' lang='lat' dir='ltr'><strong>Turcorum</strong></span> <span class='ocrx_word' id='word_1_502' title='bbox 3160 3386 3253 3436; x_wconf 90' lang='lat' dir='ltr'><strong>per</strong></span> <span class='ocrx_word' id='word_1_503' title='bbox 3299 3386 3517 3443; x_wconf 80' lang='lat' dir='ltr'><strong>pontem</strong></span> 
     </span>
    </p>
   </div>
   <div class='ocr_carea' id='block_1_64' title="bbox 1944 3456 3521 3530">
    <p class='ocr_par' dir='ltr' id='par_1_64' title="bbox 1944 3456 3521 3530">
     <span class='ocr_line' id='line_1_64' title="bbox 1944 3456 3521 3530; baseline 0.006 -19"><span class='ocrx_word' id='word_1_504' title='bbox 1944 3456 2131 3527; x_wconf 83' lang='lat' dir='ltr'><strong>Zompi</strong></span> <span class='ocrx_word' id='word_1_505' title='bbox 2166 3476 2223 3513; x_wconf 80' lang='lat' dir='ltr'><strong>se</strong></span> <span class='ocrx_word' id='word_1_506' title='bbox 2254 3459 2538 3530; x_wconf 81' lang='lat' dir='ltr'><strong>Monolyco</strong></span> <span class='ocrx_word' id='word_1_507' title='bbox 2566 3461 2898 3529; x_wconf 85' lang='lat' dir='ltr'><strong>conjungere</strong></span> <span class='ocrx_word' id='word_1_508' title='bbox 2934 3462 3334 3518; x_wconf 80' lang='lat' dir='ltr'><strong>festinantium.</strong></span> <span class='ocrx_word' id='word_1_509' title='bbox 3368 3464 3521 3521; x_wconf 88' lang='lat' dir='ltr'><strong>Stre-</strong></span> 
     </span>
    </p>
   </div>
   <div class='ocr_carea' id='block_1_65' title="bbox 1948 3549 3520 3621">
    <p class='ocr_par' dir='ltr' id='par_1_65' title="bbox 1948 3549 3520 3621">
     <span class='ocr_line' id='line_1_65' title="bbox 1948 3549 3520 3621; baseline 0.006 -21"><span class='ocrx_word' id='word_1_510' title='bbox 1948 3563 2052 3601; x_wconf 90' lang='lat' dir='ltr'><strong>nue</strong></span> <span class='ocrx_word' id='word_1_511' title='bbox 2077 3550 2345 3617; x_wconf 81' lang='lat' dir='ltr'><strong>correptis</strong></span> <span class='ocrx_word' id='word_1_512' title='bbox 2372 3549 2539 3601; x_wconf 87' lang='lat' dir='ltr'><strong>armis</strong></span> <span class='ocrx_word' id='word_1_513' title='bbox 2587 3551 2746 3603; x_wconf 87' lang='lat' dir='ltr'><strong>irruit</strong></span> <span class='ocrx_word' id='word_1_514' title='bbox 2783 3551 2832 3602; x_wconf 90' lang='lat' dir='ltr'><strong>in</strong></span> <span class='ocrx_word' id='word_1_515' title='bbox 2871 3550 3040 3619; x_wconf 90' lang='lat' dir='ltr'><strong>ipsos,</strong></span> <span class='ocrx_word' id='word_1_516' title='bbox 3094 3551 3421 3621; x_wconf 78' lang='lat' dir='ltr'><strong>manumque</strong></span> <span class='ocrx_word' id='word_1_517' title='bbox 3468 3556 3520 3610; x_wconf 84' lang='lat' dir='ltr'><strong>in</strong></span> 
     </span>
    </p>
   </div>
   <div class='ocr_carea' id='block_1_66' title="bbox 1944 3638 3524 3712">
    <p class='ocr_par' dir='ltr' id='par_1_66' title="bbox 1944 3638 3524 3712">
     <span class='ocr_line' id='line_1_66' title="bbox 1944 3638 3524 3712; baseline 0.008 -22"><span class='ocrx_word' id='word_1_518' title='bbox 1944 3638 2171 3706; x_wconf 85' lang='lat' dir='ltr'><strong>planitie</strong></span> <span class='ocrx_word' id='word_1_519' title='bbox 2208 3639 2412 3694; x_wconf 76' lang='lat' dir='ltr'><strong>Amorii</strong></span> <span class='ocrx_word' id='word_1_520' title='bbox 2452 3639 2667 3693; x_wconf 83' lang='lat' dir='ltr'><strong>fortiter</strong></span> <span class='ocrx_word' id='word_1_521' title='bbox 2719 3643 2990 3705; x_wconf 88' lang='lat' dir='ltr'><strong>conserit,</strong></span> <span class='ocrx_word' id='word_1_522' title='bbox 3039 3645 3299 3712; x_wconf 85' lang='lat' dir='ltr'><strong>planeque</strong></span> <span class='ocrx_word' id='word_1_523' title='bbox 3356 3648 3524 3702; x_wconf 89' lang='lat' dir='ltr'><strong>vincit</strong></span> 
     </span>
    </p>
   </div>
   <div class='ocr_carea' id='block_1_67' title="bbox 1948 3734 3522 3805">
    <p class='ocr_par' dir='ltr' id='par_1_67' title="bbox 1948 3734 3522 3805">
     <span class='ocr_line' id='line_1_67' title="bbox 1948 3734 3522 3805; baseline 0.006 -21"><span class='ocrx_word' id='word_1_524' title='bbox 1948 3734 2250 3787; x_wconf 87' lang='lat' dir='ltr'><strong>universos.</strong></span> <span class='ocrx_word' id='word_1_525' title='bbox 2285 3734 2354 3785; x_wconf 87' lang='lat' dir='ltr'><strong>At</strong></span> <span class='ocrx_word' id='word_1_526' title='bbox 2387 3734 2604 3787; x_wconf 88' lang='lat' dir='ltr'><strong>interim</strong></span> <span class='ocrx_word' id='word_1_527' title='bbox 2639 3734 2727 3786; x_wconf 85' lang='lat' dir='ltr'><strong>alii</strong></span> <span class='ocrx_word' id='word_1_528' title='bbox 2771 3734 2839 3787; x_wconf 90' lang='lat' dir='ltr'><strong>ab</strong></span> <span class='ocrx_word' id='word_1_529' title='bbox 2868 3735 3119 3788; x_wconf 82' lang='lat' dir='ltr'><strong>orientali</strong></span> <span class='ocrx_word' id='word_1_530' title='bbox 3170 3747 3320 3805; x_wconf 87' lang='lat' dir='ltr'><strong>parte</strong></span> <span class='ocrx_word' id='word_1_531' title='bbox 3360 3739 3522 3794; x_wconf 80' lang='lat' dir='ltr'><strong>Turci</strong></span> 
     </span>
    </p>
   </div>
   <div class='ocr_carea' id='block_1_68' title="bbox 1947 3821 3526 3892">
    <p class='ocr_par' dir='ltr' id='par_1_68' title="bbox 1947 3821 3526 3892">
     <span class='ocr_line' id='line_1_68' title="bbox 1947 3821 3526 3892; baseline 0.004 -15"><span class='ocrx_word' id='word_1_532' title='bbox 1947 3824 2013 3881; x_wconf 88' lang='lat' dir='ltr'><strong>ad</strong></span> <span class='ocrx_word' id='word_1_533' title='bbox 2043 3821 2383 3892; x_wconf 82' lang='lat' dir='ltr'><strong>Mouolycnm</strong></span> <span class='ocrx_word' id='word_1_534' title='bbox 2423 3833 2777 3891; x_wconf 88' lang='lat' dir='ltr'><strong>properantes</strong></span> <span class='ocrx_word' id='word_1_535' title='bbox 2809 3839 2904 3892; x_wconf 88' lang='lat' dir='ltr'><strong>per</strong></span> <span class='ocrx_word' id='word_1_536' title='bbox 2941 3824 3151 3882; x_wconf 80' lang='lat' dir='ltr'><strong>Burtzae</strong></span> <span class='ocrx_word' id='word_1_537' title='bbox 3188 3839 3361 3882; x_wconf 77' lang='lat' dir='ltr'><strong>caSIra</strong></span> <span class='ocrx_word' id='word_1_538' title='bbox 3394 3845 3526 3883; x_wconf 87' lang='lat' dir='ltr'><strong>non-</strong></span> 
     </span>
    </p>
   </div>
   <div class='ocr_carea' id='block_1_69' title="bbox 1950 3914 3522 3987">
    <p class='ocr_par' dir='ltr' id='par_1_69' title="bbox 1950 3914 3522 3987">
     <span class='ocr_line' id='line_1_69' title="bbox 1950 3914 3522 3987; baseline 0.006 -20"><span class='ocrx_word' id='word_1_539' title='bbox 1950 3916 2077 3967; x_wconf 89' lang='lat' dir='ltr'><strong>dum</strong></span> <span class='ocrx_word' id='word_1_540' title='bbox 2112 3914 2228 3982; x_wconf 88' lang='lat' dir='ltr'><strong>ipso</strong></span> <span class='ocrx_word' id='word_1_541' title='bbox 2278 3915 2476 3969; x_wconf 87' lang='lat' dir='ltr'><strong>reduce</strong></span> <span class='ocrx_word' id='word_1_542' title='bbox 2510 3925 2830 3982; x_wconf 89' lang='lat' dir='ltr'><strong>transeunt;</strong></span> <span class='ocrx_word' id='word_1_543' title='bbox 2882 3931 3112 3986; x_wconf 76' lang='lat' dir='ltr'><strong>quaeque</strong></span> <span class='ocrx_word' id='word_1_544' title='bbox 3164 3919 3235 3971; x_wconf 90' lang='lat' dir='ltr'><strong>ibi</strong></span> <span class='ocrx_word' id='word_1_545' title='bbox 3280 3921 3522 3987; x_wconf 86' lang='lat' dir='ltr'><strong>jumenta</strong></span> 
     </span>
    </p>
   </div>
   <div class='ocr_carea' id='block_1_70' title="bbox 1954 4008 3527 4079">
    <p class='ocr_par' dir='ltr' id='par_1_70' title="bbox 1954 4008 3527 4079">
     <span class='ocr_line' id='line_1_70' title="bbox 1954 4008 3527 4079; baseline 0.004 -20"><span class='ocrx_word' id='word_1_546' title='bbox 1954 4021 2206 4074; x_wconf 88' lang='lat' dir='ltr'><strong>reperere</strong></span> <span class='ocrx_word' id='word_1_547' title='bbox 2268 4008 2607 4076; x_wconf 90' lang='lat' dir='ltr'><strong>militumque</strong></span> <span class='ocrx_word' id='word_1_548' title='bbox 2666 4009 2916 4063; x_wconf 85' lang='lat' dir='ltr'><strong>sarcinas</strong></span> <span class='ocrx_word' id='word_1_549' title='bbox 2975 4011 3273 4079; x_wconf 68' lang='lat' dir='ltr'><strong>deprzetlati</strong></span> <span class='ocrx_word' id='word_1_550' title='bbox 3352 4014 3527 4066; x_wconf 80' lang='lat' dir='ltr'><strong>obiter</strong></span> 
     </span>
    </p>
   </div>
   <div class='ocr_carea' id='block_1_71' title="bbox 1948 4099 3524 4173">
    <p class='ocr_par' dir='ltr' id='par_1_71' title="bbox 1948 4099 3524 4173">
     <span class='ocr_line' id='line_1_71' title="bbox 1948 4099 3524 4173; baseline 0.004 -23"><span class='ocrx_word' id='word_1_551' title='bbox 1948 4099 2349 4168; x_wconf 63' lang='lat' dir='ltr'><strong>praaterierunt.</strong></span> <span class='ocrx_word' id='word_1_552' title='bbox 2376 4099 2605 4154; x_wconf 81' lang='lat' dir='ltr'><strong>Redibat</strong></span> <span class='ocrx_word' id='word_1_553' title='bbox 2638 4100 2810 4155; x_wconf 87' lang='lat' dir='ltr'><strong>victor</strong></span> <span class='ocrx_word' id='word_1_554' title='bbox 2835 4100 3060 4154; x_wconf 82' lang='lat' dir='ltr'><strong>Burtzes</strong></span> <span class='ocrx_word' id='word_1_555' title='bbox 3091 4102 3303 4170; x_wconf 80' lang='lat' dir='ltr'><strong>agmine</strong></span> <span class='ocrx_word' id='word_1_556' title='bbox 3332 4104 3524 4173; x_wconf 66' lang='lat' dir='ltr'><strong>pra-dte</strong></span> 
     </span>
    </p>
   </div>
   <div class='ocr_carea' id='block_1_72' title="bbox 1951 4191 3525 4261">
    <p class='ocr_par' dir='ltr' id='par_1_72' title="bbox 1951 4191 3525 4261">
     <span class='ocr_line' id='line_1_72' title="bbox 1951 4191 3525 4261; baseline 0.004 -18"><span class='ocrx_word' id='word_1_557' title='bbox 1951 4191 2190 4260; x_wconf 89' lang='lat' dir='ltr'><strong>ingentis</strong></span> <span class='ocrx_word' id='word_1_558' title='bbox 2220 4206 2389 4244; x_wconf 91' lang='lat' dir='ltr'><strong>onere</strong></span> <span class='ocrx_word' id='word_1_559' title='bbox 2424 4191 2935 4261; x_wconf 87' lang='lat' dir='ltr'><strong>impedimentisque</strong></span> <span class='ocrx_word' id='word_1_560' title='bbox 2973 4192 3205 4257; x_wconf 86' lang='lat' dir='ltr'><strong>tardato,</strong></span> <span class='ocrx_word' id='word_1_561' title='bbox 3240 4210 3358 4248; x_wconf 87' lang='lat' dir='ltr'><strong>cum</strong></span> <span class='ocrx_word' id='word_1_562' title='bbox 3396 4211 3525 4249; x_wconf 83' lang='lat' dir='ltr'><strong>ecce</strong></span> 
     </span>
    </p>
   </div>
   <div class='ocr_carea' id='block_1_73' title="bbox 1952 4283 3523 4354">
    <p class='ocr_par' dir='ltr' id='par_1_73' title="bbox 1952 4283 3523 4354">
     <span class='ocr_line' id='line_1_73' title="bbox 1952 4283 3523 4354; baseline 0.003 -19"><span class='ocrx_word' id='word_1_563' title='bbox 1952 4284 2020 4336; x_wconf 88' lang='lat' dir='ltr'><strong>ab</strong></span> <span class='ocrx_word' id='word_1_564' title='bbox 2048 4291 2373 4337; x_wconf 86' lang='lat' dir='ltr'><strong>occurrente</strong></span> <span class='ocrx_word' id='word_1_565' title='bbox 2404 4284 2635 4350; x_wconf 86' lang='lat' dir='ltr'><strong>quodam</strong></span> <span class='ocrx_word' id='word_1_566' title='bbox 2673 4283 2731 4336; x_wconf 75' lang='lat' dir='ltr'><strong>fit</strong></span> <span class='ocrx_word' id='word_1_567' title='bbox 2761 4285 2962 4337; x_wconf 86' lang='lat' dir='ltr'><strong>certior</strong></span> <span class='ocrx_word' id='word_1_568' title='bbox 2994 4285 3202 4353; x_wconf 85' lang='lat' dir='ltr'><strong>direpta</strong></span> <span class='ocrx_word' id='word_1_569' title='bbox 3238 4302 3333 4354; x_wconf 89' lang='lat' dir='ltr'><strong>per</strong></span> <span class='ocrx_word' id='word_1_570' title='bbox 3373 4303 3523 4340; x_wconf 82' lang='lat' dir='ltr'><strong>suam</strong></span> 
     </span>
    </p>
   </div>
   <div class='ocr_carea' id='block_1_74' title="bbox 1954 4372 3526 4443">
    <p class='ocr_par' dir='ltr' id='par_1_74' title="bbox 1954 4372 3526 4443">
     <span class='ocr_line' id='line_1_74' title="bbox 1954 4372 3526 4443; baseline 0.004 -18"><span class='ocrx_word' id='word_1_571' title='bbox 1954 4373 2256 4428; x_wconf 86' lang='lat' dir='ltr'><strong>absentiam</strong></span> <span class='ocrx_word' id='word_1_572' title='bbox 2317 4372 2489 4426; x_wconf 87' lang='lat' dir='ltr'><strong>fuisse</strong></span> <span class='ocrx_word' id='word_1_573' title='bbox 2553 4382 2757 4438; x_wconf 86' lang='lat' dir='ltr'><strong>castra,</strong></span> <span class='ocrx_word' id='word_1_574' title='bbox 2822 4372 3199 4443; x_wconf 86' lang='lat' dir='ltr'><strong>Barbarosque</strong></span> <span class='ocrx_word' id='word_1_575' title='bbox 3264 4374 3526 4431; x_wconf 76' lang='lat' dir='ltr'><strong>facinoris</strong></span> 
     </span>
    </p>
   </div>
   <div class='ocr_carea' id='block_1_75' title="bbox 260 4438 1837 4535">
    <p class='ocr_par' dir='ltr' id='par_1_75' title="bbox 260 4463 1837 4535">
     <span class='ocr_line' id='line_1_75' title="bbox 260 4463 1837 4535; baseline -0.001 -16"><span class='ocrx_word' id='word_1_576' title='bbox 260 4469 422 4520; x_wconf 82' lang='grc' dir='ltr'>λείαν</span> <span class='ocrx_word' id='word_1_577' title='bbox 457 4469 638 4518; x_wconf 77' lang='grc' dir='ltr'>πᾶσαν</span> <span class='ocrx_word' id='word_1_578' title='bbox 703 4466 1102 4533; x_wconf 82' lang='grc' dir='ltr'>ἀναλαϐόμενοι</span> <span class='ocrx_word' id='word_1_579' title='bbox 1149 4463 1372 4535; x_wconf 77' lang='grc' dir='ltr'>ᾢχοντο,</span> <span class='ocrx_word' id='word_1_580' title='bbox 1422 4466 1761 4517; x_wconf 80' lang='grc' dir='ltr'>διεσκοπεῐτο</span> <span class='ocrx_word' id='word_1_581' title='bbox 1794 4477 1837 4517; x_wconf 75' lang='grc' dir='ltr'><strong>τι</strong></span> 
     </span>
    </p>
   </div>
   <div class='ocr_carea' id='block_1_76' title="bbox 1944 4438 3527 4535">
    <p class='ocr_par' dir='ltr' id='par_1_76' title="bbox 1952 4465 3527 4534">
     <span class='ocr_line' id='line_1_76' title="bbox 1952 4465 3527 4534; baseline 0.001 -15"><span class='ocrx_word' id='word_1_582' title='bbox 1952 4476 2202 4519; x_wconf 81' lang='lat' dir='ltr'><strong>auctores</strong></span> <span class='ocrx_word' id='word_1_583' title='bbox 2231 4465 2429 4519; x_wconf 86' lang='lat' dir='ltr'><strong>abiisse</strong></span> <span class='ocrx_word' id='word_1_584' title='bbox 2461 4482 2581 4519; x_wconf 82' lang='lat' dir='ltr'><strong>cum</strong></span> <span class='ocrx_word' id='word_1_585' title='bbox 2604 4466 2804 4534; x_wconf 79' lang='lat' dir='ltr'><strong>praeda.</strong></span> <span class='ocrx_word' id='word_1_586' title='bbox 2834 4465 3176 4520; x_wconf 88' lang='lat' dir='ltr'><strong>Deliberabat</strong></span> <span class='ocrx_word' id='word_1_587' title='bbox 3212 4469 3298 4521; x_wconf 89' lang='lat' dir='ltr'><strong>hic</strong></span> <span class='ocrx_word' id='word_1_588' title='bbox 3326 4468 3527 4521; x_wconf 82' lang='lat' dir='ltr'><strong>Dat-das</strong></span> 
     </span>
    </p>
   </div>
   <div class='ocr_carea' id='block_1_77' title="bbox 259 4558 1846 4629">
    <p class='ocr_par' dir='ltr' id='par_1_77' title="bbox 259 4558 1846 4629">
     <span class='ocr_line' id='line_1_77' title="bbox 259 4558 1846 4629; baseline -0.003 -17"><span class='ocrx_word' id='word_1_589' title='bbox 259 4560 334 4612; x_wconf 81' lang='grc' dir='ltr'><strong>ἂν</strong></span> <span class='ocrx_word' id='word_1_590' title='bbox 358 4561 464 4629; x_wconf 82' lang='grc' dir='ltr'>χρὴ</span> <span class='ocrx_word' id='word_1_591' title='bbox 492 4561 691 4610; x_wconf 70' lang='grc' dir='ltr'>ποιεῖν.</span> <span class='ocrx_word' id='word_1_592' title='bbox 737 4558 942 4622; x_wconf 81' lang='grc' dir='ltr'>ὐξέως</span> <span class='ocrx_word' id='word_1_593' title='bbox 984 4558 1040 4608; x_wconf 80' lang='grc' dir='ltr'>δὲ</span> <span class='ocrx_word' id='word_1_594' title='bbox 1060 4558 1146 4609; x_wconf 72' lang='grc' dir='ltr'>τὸν</span> <span class='ocrx_word' id='word_1_595' title='bbox 1164 4558 1364 4627; x_wconf 75' lang='grc' dir='ltr'>δρόμον</span> <span class='ocrx_word' id='word_1_596' title='bbox 1392 4558 1497 4609; x_wconf 83' lang='grc' dir='ltr'>τῶν</span> <span class='ocrx_word' id='word_1_597' title='bbox 1543 4558 1846 4626; x_wconf 77' lang='grc' dir='ltr'>Βαρϐάρων</span> 
     </span>
    </p>
   </div>
   <div class='ocr_carea' id='block_1_78' title="bbox 260 4647 1847 4718">
    <p class='ocr_par' dir='ltr' id='par_1_78' title="bbox 260 4647 1847 4718">
     <span class='ocr_line' id='line_1_78' title="bbox 260 4647 1847 4718; baseline 0 -18"><span class='ocrx_word' id='word_1_598' title='bbox 260 4650 635 4718; x_wconf 81' lang='grc' dir='ltr'>ποιουμένων,</span> <span class='ocrx_word' id='word_1_599' title='bbox 688 4647 852 4717; x_wconf 70' lang='grc' dir='ltr'>ἢθελε</span> <span class='ocrx_word' id='word_1_600' title='bbox 894 4649 991 4717; x_wconf 84' lang='grc' dir='ltr'>μὲν</span> <span class='ocrx_word' id='word_1_601' title='bbox 1025 4649 1119 4699; x_wconf 81' lang='grc' dir='ltr'><strong>καὶ</strong></span> <span class='ocrx_word' id='word_1_602' title='bbox 1170 4648 1335 4709; x_wconf 79' lang='grc' dir='ltr'>αὐτὸς</span> <span class='ocrx_word' id='word_1_603' title='bbox 1378 4647 1605 4700; x_wconf 69' lang='grc' dir='ltr'>ὄπισθεν</span> <span class='ocrx_word' id='word_1_604' title='bbox 1628 4648 1847 4701; x_wconf 82' lang='grc' dir='ltr'>διώκειν</span> 
     </span>
    </p>
   </div>
   <div class='ocr_carea' id='block_1_79' title="bbox 260 4740 1846 4810">
    <p class='ocr_par' dir='ltr' id='par_1_79' title="bbox 260 4740 1846 4810">
     <span class='ocr_line' id='line_1_79' title="bbox 260 4740 1846 4810; baseline 0 -17"><span class='ocrx_word' id='word_1_605' title='bbox 260 4741 505 4804; x_wconf 84' lang='grc' dir='ltr'>τούτων,</span> <span class='ocrx_word' id='word_1_606' title='bbox 563 4742 663 4793; x_wconf 80' lang='grc' dir='ltr'><strong>οὐκ</strong></span> <span class='ocrx_word' id='word_1_607' title='bbox 696 4741 932 4810; x_wconf 78' lang='grc' dir='ltr'>ἠδύνατο</span> <span class='ocrx_word' id='word_1_608' title='bbox 984 4740 1040 4791; x_wconf 81' lang='grc' dir='ltr'><strong>δὲ</strong></span> <span class='ocrx_word' id='word_1_609' title='bbox 1078 4741 1447 4809; x_wconf 75' lang='grc' dir='ltr'>κεκμηκότων</span> <span class='ocrx_word' id='word_1_610' title='bbox 1474 4740 1584 4792; x_wconf 83' lang='grc' dir='ltr'><strong>τῶν</strong></span> <span class='ocrx_word' id='word_1_611' title='bbox 1642 4740 1846 4793; x_wconf 85' lang='grc' dir='ltr'>ἵππων.</span> 
     </span>
    </p>
   </div>
   <div class='ocr_carea' id='block_1_80' title="bbox 260 4831 1846 4903">
    <p class='ocr_par' dir='ltr' id='par_1_80' title="bbox 260 4831 1846 4903">
     <span class='ocr_line' id='line_1_80' title="bbox 260 4831 1846 4903; baseline -0.004 -16"><span class='ocrx_word' id='word_1_612' title='bbox 260 4836 380 4888; x_wconf 75' lang='grc' dir='ltr'><strong>Καὶ</strong></span> <span class='ocrx_word' id='word_1_613' title='bbox 404 4834 491 4887; x_wconf 83' lang='grc' dir='ltr'><strong>διὰ</strong></span> <span class='ocrx_word' id='word_1_614' title='bbox 519 4834 669 4886; x_wconf 77' lang='grc' dir='ltr'>τοῦτ’</span> <span class='ocrx_word' id='word_1_615' title='bbox 699 4832 954 4885; x_wconf 85' lang='grc' dir='ltr'>ἀπειπὼν</span> <span class='ocrx_word' id='word_1_616' title='bbox 978 4831 1078 4903; x_wconf 81' lang='grc' dir='ltr'>τὴν</span> <span class='ocrx_word' id='word_1_617' title='bbox 1113 4832 1409 4896; x_wconf 82' lang='grc' dir='ltr'>ὲπιδίωξιν,</span> <span class='ocrx_word' id='word_1_618' title='bbox 1438 4831 1511 4895; x_wconf 86' lang='grc' dir='ltr'>ὡς</span> <span class='ocrx_word' id='word_1_619' title='bbox 1550 4832 1625 4901; x_wconf 83' lang='grc' dir='ltr'>μὴ</span> <span class='ocrx_word' id='word_1_620' title='bbox 1662 4831 1846 4901; x_wconf 83' lang='grc' dir='ltr'>χεῖρόν</span> 
     </span>
    </p>
   </div>
   <div class='ocr_carea' id='block_1_81' title="bbox 259 4921 1851 4997">
    <p class='ocr_par' dir='ltr' id='par_1_81' title="bbox 259 4921 1851 4997">
     <span class='ocr_line' id='line_1_81' title="bbox 259 4921 1851 4997; baseline -0.004 -16"><span class='ocrx_word' id='word_1_621' title='bbox 259 4945 322 4981; x_wconf 84' lang='grc' dir='ltr'><strong>τι</strong></span> <span class='ocrx_word' id='word_1_622' title='bbox 352 4926 616 4997; x_wconf 87' lang='grc' dir='ltr'>συμϐαίη,</span> <span class='ocrx_word' id='word_1_623' title='bbox 650 4925 838 4995; x_wconf 79' lang='grc' dir='ltr'>βραδεῖ</span> <span class='ocrx_word' id='word_1_624' title='bbox 884 4924 1007 4978; x_wconf 77' lang='grc' dir='ltr'>ποδὶ</span> <span class='ocrx_word' id='word_1_625' title='bbox 1034 4926 1131 4977; x_wconf 77' lang='grc' dir='ltr'><strong>σὺν</strong></span> <span class='ocrx_word' id='word_1_626' title='bbox 1163 4923 1391 4992; x_wconf 71' lang='grc' dir='ltr'>εὐταξίᾳ</span> <span class='ocrx_word' id='word_1_627' title='bbox 1423 4923 1651 4992; x_wconf 80' lang='grc' dir='ltr'>στείχων</span> <span class='ocrx_word' id='word_1_628' title='bbox 1709 4921 1851 4975; x_wconf 80' lang='grc' dir='ltr'>κατὰ</span> 
     </span>
    </p>
   </div>
   <div class='ocr_carea' id='block_1_82' title="bbox 259 5016 1852 5089">
    <p class='ocr_par' dir='ltr' id='par_1_82' title="bbox 259 5016 1852 5089">
     <span class='ocr_line' id='line_1_82' title="bbox 259 5016 1852 5089; baseline -0.005 -16"><span class='ocrx_word' id='word_1_629' title='bbox 259 5022 327 5073; x_wconf 74' lang='grc' dir='ltr'>τὸ</span> <span class='ocrx_word' id='word_1_630' title='bbox 357 5020 688 5089; x_wconf 68' lang='grc' dir='ltr'>περίορθρον</span> <span class='ocrx_word' id='word_1_631' title='bbox 718 5019 785 5071; x_wconf 73' lang='grc' dir='ltr'>τὰ</span> <span class='ocrx_word' id='word_1_632' title='bbox 815 5018 915 5088; x_wconf 67' lang='grc' dir='ltr'><strong>ήδη</strong></span> <span class='ocrx_word' id='word_1_633' title='bbox 970 5016 1204 5086; x_wconf 80' lang='grc' dir='ltr'>ρηθέντα</span> <span class='ocrx_word' id='word_1_634' title='bbox 1243 5017 1335 5067; x_wconf 79' lang='grc' dir='ltr'><strong>τοῦ</strong></span> <span class='ocrx_word' id='word_1_635' title='bbox 1388 5016 1633 5085; x_wconf 76' lang='grc' dir='ltr'>Βούρτζη</span> <span class='ocrx_word' id='word_1_636' title='bbox 1678 5032 1852 5068; x_wconf 83' lang='grc' dir='ltr'>κατα-</span> 
     </span>
    </p>
   </div>
   <div class='ocr_carea' id='block_1_83' title="bbox 268 5108 1853 5182">
    <p class='ocr_par' dir='ltr' id='par_1_83' title="bbox 268 5108 1853 5182">
     <span class='ocr_line' id='line_1_83' title="bbox 268 5108 1853 5182; baseline -0.004 -17"><span class='ocrx_word' id='word_1_637' title='bbox 268 5113 548 5182; x_wconf 78' lang='grc' dir='ltr'>λαμϐάνει</span> <span class='ocrx_word' id='word_1_638' title='bbox 581 5113 833 5181; x_wconf 82' lang='grc' dir='ltr'>πολίχνια</span> <span class='ocrx_word' id='word_1_639' title='bbox 858 5110 953 5162; x_wconf 81' lang='grc' dir='ltr'><strong>καὶ</strong></span> <span class='ocrx_word' id='word_1_640' title='bbox 982 5108 1241 5174; x_wconf 78' lang='grc' dir='ltr'>ὲξοικὶζει</span> <span class='ocrx_word' id='word_1_641' title='bbox 1289 5109 1527 5162; x_wconf 74' lang='grc' dir='ltr'>ἅπαντα.</span> <span class='ocrx_word' id='word_1_642' title='bbox 1583 5108 1853 5161; x_wconf 73' lang='grc' dir='ltr'>Κάκεῖθεν</span> 
     </span>
    </p>
   </div>
   <div class='ocr_carea' id='block_1_84' title="bbox 262 5199 1854 5273">
    <p class='ocr_par' dir='ltr' id='par_1_84' title="bbox 262 5199 1854 5273">
     <span class='ocr_line' id='line_1_84' title="bbox 262 5199 1854 5273; baseline -0.005 -15"><span class='ocrx_word' id='word_1_643' title='bbox 262 5207 400 5268; x_wconf 81' lang='grc' dir='ltr'>τούς</span> <span class='ocrx_word' id='word_1_644' title='bbox 431 5222 489 5257; x_wconf 88' lang='grc' dir='ltr'><strong>τε</strong></span> <span class='ocrx_word' id='word_1_645' title='bbox 526 5203 902 5273; x_wconf 79' lang='grc' dir='ltr'>δορυαλώτους</span> <span class='ocrx_word' id='word_1_646' title='bbox 928 5202 1350 5269; x_wconf 85' lang='grc' dir='ltr'>ἀναλαμϐάνων,</span> <span class='ocrx_word' id='word_1_647' title='bbox 1412 5199 1510 5252; x_wconf 72' lang='grc' dir='ltr'><strong>καὶ</strong></span> <span class='ocrx_word' id='word_1_648' title='bbox 1555 5200 1726 5267; x_wconf 81' lang='grc' dir='ltr'>ὁπόση</span> <span class='ocrx_word' id='word_1_649' title='bbox 1769 5216 1854 5261; x_wconf 89' lang='grc' dir='ltr'><strong>τις</strong></span> 
     </span>
    </p>
   </div>
   <div class='ocr_carea' id='block_1_85' title="bbox 260 5292 1848 5368">
    <p class='ocr_par' dir='ltr' id='par_1_85' title="bbox 260 5292 1848 5368">
     <span class='ocr_line' id='line_1_85' title="bbox 260 5292 1848 5368; baseline -0.004 -19"><span class='ocrx_word' id='word_1_650' title='bbox 260 5294 336 5368; x_wconf 77' lang='grc' dir='ltr'>ἦν</span> <span class='ocrx_word' id='word_1_651' title='bbox 356 5297 648 5367; x_wconf 83' lang='grc' dir='ltr'>περιουσία</span> <span class='ocrx_word' id='word_1_652' title='bbox 676 5298 785 5357; x_wconf 83' lang='grc' dir='ltr'>τοῖς</span> <span class='ocrx_word' id='word_1_653' title='bbox 802 5295 1108 5363; x_wconf 76' lang='grc' dir='ltr'>Βαρϐάροις</span> <span class='ocrx_word' id='word_1_654' title='bbox 1128 5293 1493 5363; x_wconf 68' lang='grc' dir='ltr'>ἑπαγόμενος,</span> <span class='ocrx_word' id='word_1_655' title='bbox 1535 5294 1629 5344; x_wconf 76' lang='grc' dir='ltr'><strong>καὶ</strong></span> <span class='ocrx_word' id='word_1_656' title='bbox 1652 5292 1848 5361; x_wconf 84' lang='grc' dir='ltr'>μικρὸν</span> 
     </span>
    </p>
   </div>
   <div class='ocr_carea' id='block_1_86' title="bbox 262 5383 1849 5456">
    <p class='ocr_par' dir='ltr' id='par_1_86' title="bbox 262 5383 1849 5456">
     <span class='ocr_line' id='line_1_86' title="bbox 262 5383 1849 5456; baseline -0.004 -15"><span class='ocrx_word' id='word_1_657' title='bbox 262 5391 331 5440; x_wconf 82' lang='grc' dir='ltr'>ὲν</span> <span class='ocrx_word' id='word_1_658' title='bbox 371 5387 647 5456; x_wconf 75' lang='grc' dir='ltr'>ἐπικαίρῳ</span> <span class='ocrx_word' id='word_1_659' title='bbox 676 5387 826 5455; x_wconf 84' lang='grc' dir='ltr'>τόπῳ</span> <span class='ocrx_word' id='word_1_660' title='bbox 869 5386 1062 5437; x_wconf 79' lang='grc' dir='ltr'>ἑαυτόν</span> <span class='ocrx_word' id='word_1_661' title='bbox 1096 5402 1155 5436; x_wconf 89' lang='grc' dir='ltr'><strong>τε</strong></span> <span class='ocrx_word' id='word_1_662' title='bbox 1205 5386 1297 5437; x_wconf 73' lang='grc' dir='ltr'><strong>καὶ</strong></span> <span class='ocrx_word' id='word_1_663' title='bbox 1325 5383 1533 5445; x_wconf 84' lang='grc' dir='ltr'>πάντας</span> <span class='ocrx_word' id='word_1_664' title='bbox 1581 5398 1849 5434; x_wconf 86' lang='grc' dir='ltr'>κεκοπια-</span> 
     </span>
    </p>
   </div>
   <div class='ocr_carea' id='block_1_87' title="bbox 265 5476 1849 5549">
    <p class='ocr_par' dir='ltr' id='par_1_87' title="bbox 265 5476 1849 5549">
     <span class='ocr_line' id='line_1_87' title="bbox 265 5476 1849 5549; baseline -0.003 -16"><span class='ocrx_word' id='word_1_665' title='bbox 265 5483 438 5543; x_wconf 75' lang='grc' dir='ltr'>κὸτας</span> <span class='ocrx_word' id='word_1_666' title='bbox 517 5481 990 5549; x_wconf 83' lang='grc' dir='ltr'>ἀνακτησάμενος,</span> <span class='ocrx_word' id='word_1_667' title='bbox 1051 5480 1363 5549; x_wconf 77' lang='grc' dir='ltr'>ἀνίσχοντος</span> <span class='ocrx_word' id='word_1_668' title='bbox 1420 5477 1575 5546; x_wconf 79' lang='grc' dir='ltr'>ἡλίου</span> <span class='ocrx_word' id='word_1_669' title='bbox 1627 5477 1723 5546; x_wconf 84' lang='grc' dir='ltr'>τῆς</span> <span class='ocrx_word' id='word_1_670' title='bbox 1774 5476 1849 5536; x_wconf 85' lang='grc' dir='ltr'>ὡς</span> 
     </span>
    </p>
   </div>
   <div class='ocr_carea' id='block_1_88' title="bbox 1953 4558 3528 4626">
    <p class='ocr_par' dir='ltr' id='par_1_88' title="bbox 1953 4558 3528 4626">
     <span class='ocr_line' id='line_1_88' title="bbox 1953 4558 3528 4626; baseline 0.001 -15"><span class='ocrx_word' id='word_1_671' title='bbox 1953 4558 2079 4620; x_wconf 80' lang='lat' dir='ltr'><strong>quid</strong></span> <span class='ocrx_word' id='word_1_672' title='bbox 2106 4573 2241 4626; x_wconf 87' lang='lat' dir='ltr'><strong>opus</strong></span> <span class='ocrx_word' id='word_1_673' title='bbox 2270 4558 2413 4612; x_wconf 76' lang='lat' dir='ltr'><strong>facto</strong></span> <span class='ocrx_word' id='word_1_674' title='bbox 2449 4569 2611 4612; x_wconf 86' lang='lat' dir='ltr'><strong>esset.</strong></span> <span class='ocrx_word' id='word_1_675' title='bbox 2639 4560 2907 4614; x_wconf 87' lang='lat' dir='ltr'><strong>Audiebat</strong></span> <span class='ocrx_word' id='word_1_676' title='bbox 2941 4559 3216 4615; x_wconf 88' lang='lat' dir='ltr'><strong>Barbaros</strong></span> <span class='ocrx_word' id='word_1_677' title='bbox 3248 4563 3528 4615; x_wconf 83' lang='lat' dir='ltr'><strong>celeritate</strong></span> 
     </span>
    </p>
   </div>
   <div class='ocr_carea' id='block_1_89' title="bbox 1957 4648 3527 4720">
    <p class='ocr_par' dir='ltr' id='par_1_89' title="bbox 1957 4648 3527 4720">
     <span class='ocr_line' id='line_1_89' title="bbox 1957 4648 3527 4720; baseline 0.001 -16"><span class='ocrx_word' id='word_1_678' title='bbox 1957 4665 2147 4720; x_wconf 88' lang='lat' dir='ltr'><strong>magna</strong></span> <span class='ocrx_word' id='word_1_679' title='bbox 2181 4651 2286 4703; x_wconf 85' lang='lat' dir='ltr'><strong>iter</strong></span> <span class='ocrx_word' id='word_1_680' title='bbox 2314 4648 2530 4716; x_wconf 78' lang='lat' dir='ltr'><strong>facere;</strong></span> <span class='ocrx_word' id='word_1_681' title='bbox 2570 4651 2801 4706; x_wconf 84' lang='lat' dir='ltr'><strong>instituit</strong></span> <span class='ocrx_word' id='word_1_682' title='bbox 2853 4662 2908 4705; x_wconf 84' lang='lat' dir='ltr'><strong>et</strong></span> <span class='ocrx_word' id='word_1_683' title='bbox 2952 4653 3069 4720; x_wconf 88' lang='lat' dir='ltr'><strong>ipse</strong></span> <span class='ocrx_word' id='word_1_684' title='bbox 3120 4669 3222 4705; x_wconf 91' lang='lat' dir='ltr'><strong>non</strong></span> <span class='ocrx_word' id='word_1_685' title='bbox 3278 4655 3527 4720; x_wconf 79' lang='lat' dir='ltr'><strong>segniore</strong></span> 
     </span>
    </p>
   </div>
   <div class='ocr_carea' id='block_1_90' title="bbox 1958 4742 3528 4813">
    <p class='ocr_par' dir='ltr' id='par_1_90' title="bbox 1958 4742 3528 4813">
     <span class='ocr_line' id='line_1_90' title="bbox 1958 4742 3528 4813; baseline 0.001 -16"><span class='ocrx_word' id='word_1_686' title='bbox 1958 4746 2103 4813; x_wconf 83' lang='lat' dir='ltr'><strong>ipsos</strong></span> <span class='ocrx_word' id='word_1_687' title='bbox 2130 4744 2331 4811; x_wconf 86' lang='lat' dir='ltr'><strong>impetu</strong></span> <span class='ocrx_word' id='word_1_688' title='bbox 2366 4742 2609 4811; x_wconf 88' lang='lat' dir='ltr'><strong>insequi;</strong></span> <span class='ocrx_word' id='word_1_689' title='bbox 2643 4752 2697 4796; x_wconf 89' lang='lat' dir='ltr'><strong>at</strong></span> <span class='ocrx_word' id='word_1_690' title='bbox 2725 4744 2834 4797; x_wconf 89' lang='lat' dir='ltr'><strong>cito</strong></span> <span class='ocrx_word' id='word_1_691' title='bbox 2876 4753 3133 4811; x_wconf 84' lang='lat' dir='ltr'><strong>expertus</strong></span> <span class='ocrx_word' id='word_1_692' title='bbox 3179 4752 3261 4797; x_wconf 88' lang='lat' dir='ltr'><strong>est</strong></span> <span class='ocrx_word' id='word_1_693' title='bbox 3313 4745 3361 4796; x_wconf 89' lang='lat' dir='ltr'><strong>id</strong></span> <span class='ocrx_word' id='word_1_694' title='bbox 3411 4744 3528 4798; x_wconf 49' lang='lat' dir='ltr'><strong>fieri</strong></span> 
     </span>
    </p>
   </div>
   <div class='ocr_carea' id='block_1_91' title="bbox 1960 4834 3531 4904">
    <p class='ocr_par' dir='ltr' id='par_1_91' title="bbox 1960 4834 3531 4904">
     <span class='ocr_line' id='line_1_91' title="bbox 1960 4834 3531 4904; baseline -0.001 -15"><span class='ocrx_word' id='word_1_695' title='bbox 1960 4852 2063 4889; x_wconf 88' lang='lat' dir='ltr'><strong>non</strong></span> <span class='ocrx_word' id='word_1_696' title='bbox 2125 4850 2304 4904; x_wconf 88' lang='lat' dir='ltr'><strong>posse,</strong></span> <span class='ocrx_word' id='word_1_697' title='bbox 2345 4835 2611 4903; x_wconf 81' lang='lat' dir='ltr'><strong>siquidem</strong></span> <span class='ocrx_word' id='word_1_698' title='bbox 2648 4850 2811 4888; x_wconf 88' lang='lat' dir='ltr'><strong>cursu</strong></span> <span class='ocrx_word' id='word_1_699' title='bbox 2859 4844 2912 4888; x_wconf 87' lang='lat' dir='ltr'><strong>et</strong></span> <span class='ocrx_word' id='word_1_700' title='bbox 2946 4849 3120 4903; x_wconf 80' lang='lat' dir='ltr'><strong>pugna</strong></span> <span class='ocrx_word' id='word_1_701' title='bbox 3168 4836 3294 4889; x_wconf 81' lang='lat' dir='ltr'><strong>fessi</strong></span> <span class='ocrx_word' id='word_1_702' title='bbox 3332 4834 3531 4888; x_wconf 78' lang='lat' dir='ltr'><strong>Roma-</strong></span> 
     </span>
    </p>
   </div>
   <div class='ocr_carea' id='block_1_92' title="bbox 1963 4923 3529 4993">
    <p class='ocr_par' dir='ltr' id='par_1_92' title="bbox 1963 4923 3529 4993">
     <span class='ocr_line' id='line_1_92' title="bbox 1963 4923 3529 4993; baseline -0.001 -14"><span class='ocrx_word' id='word_1_703' title='bbox 1963 4942 2154 4980; x_wconf 81' lang='lat' dir='ltr'><strong>norum</strong></span> <span class='ocrx_word' id='word_1_704' title='bbox 2187 4925 2308 4993; x_wconf 89' lang='lat' dir='ltr'><strong>equi</strong></span> <span class='ocrx_word' id='word_1_705' title='bbox 2344 4923 2809 4977; x_wconf 85' lang='lat' dir='ltr'><strong>continuationem</strong></span> <span class='ocrx_word' id='word_1_706' title='bbox 2842 4923 3211 4977; x_wconf 89' lang='lat' dir='ltr'><strong>contentionis</strong></span> <span class='ocrx_word' id='word_1_707' title='bbox 3250 4939 3354 4976; x_wconf 92' lang='lat' dir='ltr'><strong>nou</strong></span> <span class='ocrx_word' id='word_1_708' title='bbox 3384 4923 3529 4979; x_wconf 80' lang='lat' dir='ltr'><strong>ferc-</strong></span> 
     </span>
    </p>
   </div>
   <div class='ocr_carea' id='block_1_93' title="bbox 1958 5013 3522 5084">
    <p class='ocr_par' dir='ltr' id='par_1_93' title="bbox 1958 5013 3522 5084">
     <span class='ocr_line' id='line_1_93' title="bbox 1958 5013 3522 5084; baseline -0.001 -13"><span class='ocrx_word' id='word_1_709' title='bbox 1958 5018 2110 5071; x_wconf 81' lang='lat' dir='ltr'><strong>bant.</strong></span> <span class='ocrx_word' id='word_1_710' title='bbox 2140 5014 2283 5084; x_wconf 85' lang='lat' dir='ltr'><strong>Ergo</strong></span> <span class='ocrx_word' id='word_1_711' title='bbox 2313 5029 2378 5067; x_wconf 72' lang='lat' dir='ltr'><strong>ne</strong></span> <span class='ocrx_word' id='word_1_712' title='bbox 2409 5013 2534 5081; x_wconf 89' lang='lat' dir='ltr'><strong>quid</strong></span> <span class='ocrx_word' id='word_1_713' title='bbox 2569 5013 2722 5081; x_wconf 90' lang='lat' dir='ltr'><strong>pejus</strong></span> <span class='ocrx_word' id='word_1_714' title='bbox 2752 5013 2929 5078; x_wconf 71' lang='lat' dir='ltr'><strong>fieret,</strong></span> <span class='ocrx_word' id='word_1_715' title='bbox 2965 5015 3235 5068; x_wconf 88' lang='lat' dir='ltr'><strong>moderari</strong></span> <span class='ocrx_word' id='word_1_716' title='bbox 3277 5031 3522 5084; x_wconf 80' lang='lat' dir='ltr'><strong>gressum</strong></span> 
     </span>
    </p>
   </div>
   <div class='ocr_carea' id='block_1_94' title="bbox 1955 5104 3528 5174">
    <p class='ocr_par' dir='ltr' id='par_1_94' title="bbox 1955 5104 3528 5174">
     <span class='ocr_line' id='line_1_94' title="bbox 1955 5104 3528 5174; baseline -0.001 -12"><span class='ocrx_word' id='word_1_717' title='bbox 1955 5118 2202 5173; x_wconf 85' lang='lat' dir='ltr'><strong>coactus,</strong></span> <span class='ocrx_word' id='word_1_718' title='bbox 2241 5107 2384 5160; x_wconf 89' lang='lat' dir='ltr'><strong>lento</strong></span> <span class='ocrx_word' id='word_1_719' title='bbox 2410 5104 2675 5158; x_wconf 81' lang='lat' dir='ltr'><strong>duntaxat</strong></span> <span class='ocrx_word' id='word_1_720' title='bbox 2714 5122 2896 5174; x_wconf 88' lang='lat' dir='ltr'><strong>passu,</strong></span> <span class='ocrx_word' id='word_1_721' title='bbox 2931 5108 3024 5161; x_wconf 87' lang='lat' dir='ltr'><strong>sed</strong></span> <span class='ocrx_word' id='word_1_722' title='bbox 3081 5107 3348 5160; x_wconf 88' lang='lat' dir='ltr'><strong>instructu</strong></span> <span class='ocrx_word' id='word_1_723' title='bbox 3387 5107 3528 5161; x_wconf 89' lang='lat' dir='ltr'><strong>mili-</strong></span> 
     </span>
    </p>
   </div>
   <div class='ocr_carea' id='block_1_95' title="bbox 1958 5198 3526 5269">
    <p class='ocr_par' dir='ltr' id='par_1_95' title="bbox 1958 5198 3526 5269">
     <span class='ocr_line' id='line_1_95' title="bbox 1958 5198 3526 5269; baseline 0.001 -14"><span class='ocrx_word' id='word_1_724' title='bbox 1958 5202 2061 5255; x_wconf 86' lang='lat' dir='ltr'><strong>tari</strong></span> <span class='ocrx_word' id='word_1_725' title='bbox 2080 5216 2141 5253; x_wconf 88' lang='lat' dir='ltr'><strong>ac</strong></span> <span class='ocrx_word' id='word_1_726' title='bbox 2159 5199 2481 5269; x_wconf 73' lang='lat' dir='ltr'><strong>praemunito</strong></span> <span class='ocrx_word' id='word_1_727' title='bbox 2496 5207 2702 5253; x_wconf 80' lang='lat' dir='ltr'><strong>assecta</strong></span> <span class='ocrx_word' id='word_1_728' title='bbox 2712 5198 2868 5251; x_wconf 83' lang='lat' dir='ltr'><strong>batur</strong></span> <span class='ocrx_word' id='word_1_729' title='bbox 2885 5209 3282 5266; x_wconf 77' lang='lat' dir='ltr'><strong>praecurrentes</strong></span> <span class='ocrx_word' id='word_1_730' title='bbox 3304 5201 3526 5256; x_wconf 77' lang='lat' dir='ltr'><strong>&#39;I‘urctis.</strong></span> 
     </span>
    </p>
   </div>
   <div class='ocr_carea' id='block_1_96' title="bbox 1957 5287 3530 5360">
    <p class='ocr_par' dir='ltr' id='par_1_96' title="bbox 1957 5287 3530 5360">
     <span class='ocr_line' id='line_1_96' title="bbox 1957 5287 3530 5360; baseline -0.001 -15"><span class='ocrx_word' id='word_1_731' title='bbox 1957 5293 2071 5349; x_wconf 77' lang='lat' dir='ltr'><strong>Hoc</strong></span> <span class='ocrx_word' id='word_1_732' title='bbox 2098 5291 2256 5344; x_wconf 88' lang='lat' dir='ltr'><strong>modo</strong></span> <span class='ocrx_word' id='word_1_733' title='bbox 2290 5303 2529 5360; x_wconf 79' lang='lat' dir='ltr'><strong>pergens</strong></span> <span class='ocrx_word' id='word_1_734' title='bbox 2561 5288 2663 5341; x_wconf 90' lang='lat' dir='ltr'><strong>sub</strong></span> <span class='ocrx_word' id='word_1_735' title='bbox 2696 5287 2988 5340; x_wconf 90' lang='lat' dir='ltr'><strong>diluculum</strong></span> <span class='ocrx_word' id='word_1_736' title='bbox 3019 5290 3263 5355; x_wconf 90' lang='lat' dir='ltr'><strong>pervenit</strong></span> <span class='ocrx_word' id='word_1_737' title='bbox 3294 5289 3346 5342; x_wconf 90' lang='lat' dir='ltr'><strong>in</strong></span> <span class='ocrx_word' id='word_1_738' title='bbox 3379 5290 3530 5359; x_wconf 88' lang='lat' dir='ltr'><strong>prius</strong></span> 
     </span>
    </p>
   </div>
   <div class='ocr_carea' id='block_1_97' title="bbox 1961 5364 3529 5448">
    <p class='ocr_par' dir='ltr' id='par_1_97' title="bbox 1961 5364 3529 5448">
     <span class='ocr_line' id='line_1_97' title="bbox 1961 5364 3529 5448; baseline -0.004 -10"><span class='ocrx_word' id='word_1_739' title='bbox 1961 5393 2257 5438; x_wconf 83' lang='lat' dir='ltr'><strong>memorata</strong></span> <span class='ocrx_word' id='word_1_740' title='bbox 2295 5379 2509 5434; x_wconf 79' lang='lat' dir='ltr'><strong>Burtzae</strong></span> <span class='ocrx_word' id='word_1_741' title='bbox 2543 5379 2762 5448; x_wconf 81' lang='lat' dir='ltr'><strong>Oppida,</strong></span> <span class='ocrx_word' id='word_1_742' title='bbox 2794 5392 2915 5447; x_wconf 62' lang='lat' dir='ltr'><strong>quas</strong></span> <span class='ocrx_word' id='word_1_743' title='bbox 2966 5379 3176 5433; x_wconf 89' lang='lat' dir='ltr'><strong>civibus</strong></span> <span class='ocrx_word' id='word_1_744' title='bbox 3225 5390 3389 5448; x_wconf 88' lang='lat' dir='ltr'><strong>atque</strong></span> <span class='ocrx_word' id='word_1_745' title='bbox 3442 5364 3529 5432; x_wconf 74' lang='grc' dir='ltr'><strong>ίιῐ-</strong></span> 
     </span>
    </p>
   </div>
   <div class='ocr_carea' id='block_1_98' title="bbox 1961 5472 3532 5541">
    <p class='ocr_par' dir='ltr' id='par_1_98' title="bbox 1961 5472 3532 5541">
     <span class='ocr_line' id='line_1_98' title="bbox 1961 5472 3532 5541; baseline -0.003 -12"><span class='ocrx_word' id='word_1_746' title='bbox 1961 5476 2095 5529; x_wconf 88' lang='lat' dir='ltr'><strong>colis</strong></span> <span class='ocrx_word' id='word_1_747' title='bbox 2131 5485 2330 5527; x_wconf 88' lang='lat' dir='ltr'><strong>cuneta</strong></span> <span class='ocrx_word' id='word_1_748' title='bbox 2362 5473 2635 5537; x_wconf 75' lang='lat' dir='ltr'><strong>exhausit,</strong></span> <span class='ocrx_word' id='word_1_749' title='bbox 2667 5472 2918 5541; x_wconf 86' lang='lat' dir='ltr'><strong>captivos</strong></span> <span class='ocrx_word' id='word_1_750' title='bbox 2941 5486 3158 5541; x_wconf 88' lang='lat' dir='ltr'><strong>quoque</strong></span> <span class='ocrx_word' id='word_1_751' title='bbox 3183 5472 3252 5525; x_wconf 88' lang='lat' dir='ltr'><strong>ibi</strong></span> <span class='ocrx_word' id='word_1_752' title='bbox 3289 5483 3532 5541; x_wconf 86' lang='lat' dir='ltr'><strong>repertos</strong></span> 
     </span>
    </p>
   </div>
   <div class='ocr_carea' id='block_1_99' title="bbox 266 5562 1837 5642">
    <p class='ocr_par' dir='ltr' id='par_1_99' title="bbox 266 5565 1837 5641">
     <span class='ocr_line' id='line_1_99' title="bbox 266 5565 1837 5641; baseline -0.006 -15"><span class='ocrx_word' id='word_1_753' title='bbox 266 5575 410 5641; x_wconf 67' lang='grc' dir='ltr'>πρὸς</span> <span class='ocrx_word' id='word_1_754' title='bbox 469 5573 562 5623; x_wconf 76' lang='grc' dir='ltr'>τὸν</span> <span class='ocrx_word' id='word_1_755' title='bbox 619 5572 1001 5640; x_wconf 78' lang='grc' dir='ltr'>αὐτοκράτορα</span> <span class='ocrx_word' id='word_1_756' title='bbox 1068 5571 1343 5640; x_wconf 78' lang='grc' dir='ltr'>φερούσης</span> <span class='ocrx_word' id='word_1_757' title='bbox 1396 5570 1592 5639; x_wconf 84' lang='grc' dir='ltr'>εῐχετο.</span> <span class='ocrx_word' id='word_1_758' title='bbox 1626 5567 1718 5620; x_wconf 80' lang='grc' dir='ltr'>Ἑν</span> <span class='ocrx_word' id='word_1_759' title='bbox 1774 5565 1837 5635; x_wconf 61' lang='grc' dir='ltr'>τίς</span> 
     </span>
    </p>
   </div>
   <div class='ocr_carea' id='block_1_100' title="bbox 1944 5562 3532 5642">
    <p class='ocr_par' dir='ltr' id='par_1_100' title="bbox 1962 5562 3532 5635">
     <span class='ocr_line' id='line_1_100' title="bbox 1962 5562 3532 5635; baseline -0.003 -16"><span class='ocrx_word' id='word_1_760' title='bbox 1962 5570 2199 5635; x_wconf 82' lang='lat' dir='ltr'><strong>recepit;</strong></span> <span class='ocrx_word' id='word_1_761' title='bbox 2238 5577 2294 5620; x_wconf 86' lang='lat' dir='ltr'><strong>et</strong></span> <span class='ocrx_word' id='word_1_762' title='bbox 2328 5565 2544 5634; x_wconf 80' lang='lat' dir='ltr'><strong>proviso</strong></span> <span class='ocrx_word' id='word_1_763' title='bbox 2598 5564 2706 5618; x_wconf 88' lang='lat' dir='ltr'><strong>illic</strong></span> <span class='ocrx_word' id='word_1_764' title='bbox 2731 5579 2761 5618; x_wconf 87' lang='lat' dir='ltr'><strong>a</strong></span> <span class='ocrx_word' id='word_1_765' title='bbox 2790 5562 3043 5618; x_wconf 84' lang='lat' dir='ltr'><strong>Barbaris</strong></span> <span class='ocrx_word' id='word_1_766' title='bbox 3075 5574 3374 5618; x_wconf 85' lang='lat' dir='ltr'><strong>commeatu</strong></span> <span class='ocrx_word' id='word_1_767' title='bbox 3415 5564 3532 5631; x_wconf 80' lang='lat' dir='ltr'><strong>plu-</strong></span> 
     </span>
    </p>
   </div>
   <div class='ocr_carea' id='block_1_101' title="bbox 1637 5706 2215 5783">
    <p class='ocr_par' dir='ltr' id='par_1_101' title="bbox 1637 5706 2215 5783">
     <span class='ocr_line' id='line_1_101' title="bbox 1637 5706 2215 5783; baseline -0.009 -13"><span class='ocrx_word' id='word_1_768' title='bbox 1637 5713 1729 5770; x_wconf 84' lang='lat' dir='ltr'><strong>Du</strong></span> <span class='ocrx_word' id='word_1_769' title='bbox 1774 5706 1996 5783; x_wconf 75' lang='lat' dir='ltr'><strong>Cangii</strong></span> <span class='ocrx_word' id='word_1_770' title='bbox 2031 5713 2215 5766; x_wconf 70' lang='lat' dir='ltr'><strong>notae.</strong></span> 
     </span>
    </p>
   </div>
   <div class='ocr_carea' id='block_1_102' title="bbox 347 5835 1070 5903">
    <p class='ocr_par' dir='ltr' id='par_1_102' title="bbox 347 5835 1070 5903">
     <span class='ocr_line' id='line_1_102' title="bbox 347 5835 1070 5903; baseline 0.006 -20"><span class='ocrx_word' id='word_1_771' title='bbox 347 5838 391 5865; x_wconf 79' lang='lat'>&quot;</span> <span class='ocrx_word' id='word_1_772' title='bbox 418 5835 676 5903; x_wconf 62' lang='lat' dir='ltr'><strong>xyptlwv.</strong></span> <span class='ocrx_word' id='word_1_773' title='bbox 756 5838 796 5865; x_wconf 82' lang='lat'>&quot;</span> <span class='ocrx_word' id='word_1_774' title='bbox 824 5838 911 5887; x_wconf 76' lang='grc' dir='ltr'><strong>καὶ</strong></span> <span class='ocrx_word' id='word_1_775' title='bbox 954 5837 1070 5897; x_wconf 75' lang='grc' dir='ltr'>τάς.</span> 
     </span>
    </p>
   </div>
  </div>
