3900 6578
461 381 601 450 1139
665 379 680 384 “

1708 389 1932 452 ΛΝΝᾸΞ
1991 390 2300 453 COMNEN
2310 393 2375 451 ΛΞ

3583 400 3694 472 1146

461 505 686 572 majoris
733 503 1032 582 Romanos
1057 508 1103 560 si
1157 517 1344 576 posset
1375 509 1751 576 conturbaret,
1785 527 1891 568 non
1929 528 2024 566 una

2143 511 2284 564 πάνυ
2313 514 2414 579 τὴν
2444 513 2673 581 πορείαν
2703 513 3012 581 ἀνειμένως
3060 513 3401 582 ποιούμενοι,
3434 517 3688 580 tosofitov,

458 598 722 670 phalange
776 611 1052 664 conserta,
1087 599 1180 655 sed
1223 601 1379 670 juxta
1414 617 1478 658 ea
1530 617 1652 673 qua:
1682 603 1841 672 paulo
1869 619 2031 673 supe-

461 690 573 744 tius
629 691 693 744 de
757 689 932 745 forma
991 692 1341 747 Turricarum
1400 694 1644 749 acierum
1700 696 2034 758 dicebamus,

460 783 750 846 distinctae,
784 782 1136 854 dispersaque
1168 786 1286 842 sine
1327 787 1520 841 ordine
1557 789 1771 858 agmina
1809 804 2031 843 suorqu

457 888 681 929 cursare
731 890 892 944 quam
947 879 1436 934 tumultuosissime
1495 882 1546 934 in
1597 890 1815 934 nostros
1859 882 2031 950 jubet.

463 963 726 1034 Sperabat
752 968 1005 1022 nimirum
1031 971 1186 1024 simul
1219 973 1494 1042 inopinata
1517 973 1803 1041 derepente
1830 973 2008 1039 specie

453 1054 849 1112 incurrentium
882 1075 1171 1128 equorum,
1197 1063 1362 1116 simul
1394 1063 1545 1115 vario
1573 1072 1624 1116 et
1669 1064 1773 1115 late
1807 1075 2034 1117 sonante

453 1150 588 1202 tanti
655 1160 837 1208 motus
893 1156 1119 1222 strepitu
1171 1156 1588 1224 trepidationem
1646 1156 1920 1210 incussum
1965 1154 2031 1208 iri

456 1241 599 1297 forte
653 1244 887 1314 aliquam
945 1249 1210 1302 exercitui
1258 1247 1522 1302 Romano.
1586 1249 1780 1302 Verum
1844 1257 2030 1303 contra

452 1333 753 1403 imperator
786 1339 1040 1394 obstabat
1071 1342 1212 1393 velut.
1241 1341 1406 1394 turris
1455 1341 1560 1395 alte
1611 1351 1832 1394 exstans
1879 1357 2029 1409 qua:-

451 1424 600 1488 dam,
653 1440 744 1482 aut
796 1432 1040 1484 columna
1084 1433 1242 1500 ignis,
1279 1433 1591 1486 caelestisve
1624 1431 1727 1482 alia
1761 1432 2027 1498 quapiam

2138 603 2213 664 ὡς
2255 605 2388 674 μηδὲ
2426 608 2593 657 κινεῖν
2632 606 2908 658 δοκεῖσθαι
2932 609 3053 670 *τοῖς
3084 607 3419 677 Βαρϐἀροις.
3461 608 3537 660 Δι’
3585 611 3693 681 ὅλης

2137 693 2233 746 οὖν
2262 699 2362 763 τῆς
2397 698 2606 765 ημέρας
2644 698 3082 766 προσϐάλλοντες
3114 701 3193 771 τῷ
3227 702 3521 769 Ῥωμαϊκῷ
3546 721 3689 774 στρα-

2138 787 2371 853 τεύματι
2408 791 2501 840 καὶ
2547 789 2713 858 μηδὲν
2766 790 3049 858 ἡνυκότες,
3095 792 3224 861 μήθ’
3257 792 3418 857 ὅλως,
3457 796 3586 863 μήτε
3640 801 3692 852 ἐκ

2144 879 2348 946 μέρους
2379 879 2682 934 διασπάσαι
2704 881 2764 934 τὸ
2797 882 3106 951 Ῥωμαῖκδν
3151 885 3442 952 σύνταγμα
3463 886 3690 956 δυνηθέν-

2140 986 2250 1035 τες,
2280 967 2436 1032 αὖθις
2462 973 2597 1042 πρὸς
2617 975 2714 1036 τὰς
2736 975 3070 1044 ἀκρολοφίας
3097 977 3392 1047 ἀνέτρεχον
3422 978 3689 1046 ἄπρακτοι,

2141 1064 2233 1115 καὶ
2264 1065 2506 1134 πυρσοὺς
2539 1067 2842 1134 τηνικαῦτα
2875 1068 3131 1133 πλείονας
3160 1071 3468 1139 ἀνάψαντες
3487 1072 3554 1124 δι’
3582 1073 3690 1141 ὅλης

2141 1156 2339 1218 νυκτὸς
2367 1156 2609 1226 ὠρύοντο
2633 1159 2886 1230 καθάπερ
2922 1161 3077 1215 λύκοι
3103 1179 3118 1193 ο
3155 1163 3274 1215 ἐστι
3302 1163 3346 1215 δ’
3375 1157 3435 1215 οὗ
3461 1166 3551 1217 καὶ
3576 1167 3690 1234 πρὸς

2136 1251 2264 1312 τοὺς
2307 1250 2616 1318 Ῥωμαίους
2659 1253 3027 1308 ἀπέσκωπτον
3056 1272 3072 1288 ·
3100 1252 3243 1327 ἦσαν
3279 1257 3391 1326 γὰρ
3425 1258 3517 1310 καί
3564 1275 3690 1325 τινες

2139 1343 2196 1393 ὲν
2242 1343 2425 1404 αὐτοῖς
2477 1344 2876 1414 μιξοϐάρϐαροι
2919 1347 3313 1417 ἑλληνίζοντες.
3351 1350 3685 1423 Αὑγαξοὺσης

2132 1435 2188 1486 δὲ
2213 1437 2310 1499 τῆς
2346 1436 2560 1504 ἡμέρας
2593 1437 2663 1488 τὰ
2709 1438 2850 1490 αὺτὰ
2888 1439 3286 1509 μηχανώμενος
3335 1445 3362 1494 ὁ
3401 1443 3691 1508 Μονὸλυκος

451 1515 755 1574 istiusmodi
809 1523 1036 1592 species,
1079 1533 1188 1577 toto
1227 1524 1330 1577 late
1366 1523 1580 1591 agmini
1616 1524 1906 1589 conspicua
1942 1539 2024 1576 ιιο-

2131 1531 2244 1590 τοῖς
2277 1527 2545 1598 Τούρκοις
2577 1530 2843 1584 ἐπέταττε
2884 1535 3084 1587 ποιεῖν.

450 1621 711 1675 atrorum,
767 1625 990 1669 cunctas
1019 1616 1134 1669 visu
1190 1615 1482 1684 phalangas
1533 1615 1922 1678 corroborans,
1957 1615 2242 1684 locumque
2273 1621 2519 1673 obtinere
2583 1636 2645 1674 ac
2693 1632 2911 1677 servata
2981 1625 3169 1679 eadem
3227 1642 3468 1696 semper,
3541 1641 3691 1693 eaque

453 1705 644 1773 ﬁgura,
706 1706 842 1759 ultra
911 1708 1113 1762 vadere
1158 1708 1478 1776 fortiterque
1535 1708 1738 1760 audere
1784 1723 2022 1775 prmscns
2065 1721 2252 1763 auvtor
2277 1710 2496 1777 jubens,
2537 1727 2746 1765 necnon
2801 1715 2866 1767 ad
2903 1717 3128 1770 tacitam
3201 1731 3457 1786 aspectus
3525 1719 3688 1772 admo-

451 1800 712 1854 nitionem
765 1803 902 1857 hanc
936 1819 1154 1873 quoque
1201 1805 1437 1859 vocalem
1479 1805 1684 1858 addens
1712 1842 1727 1864 ,
1802 1821 1904 1872 qua
1973 1822 2096 1857 vvre
2139 1811 2647 1874 commemorabat;
2711 1811 3128 1879 haudquaquam
3192 1825 3314 1864 sese
3364 1809 3558 1863 salutis
3598 1825 3689 1865 su.e

448 1910 608 1948 causa
641 1896 886 1965 privatae,
944 1898 1078 1952 tanti
1112 1898 1314 1952 laboris
1341 1896 1742 1965 expeditionem
1801 1899 2131 1965 suSeepisse,
2189 1900 2281 1952 sed
2315 1900 2538 1968 gloriam
2591 1913 2654 1953 ac
2720 1899 3064 1966 splendorem
3132 1911 3410 1966 spectasse
3484 1898 3687 1953 Romani

398 2043 403 2047 ,
445 1988 715 2051 nominis;
780 1990 898 2042 vita-
928 1998 1104 2044 autem
1149 2005 1213 2045 ac
1265 1992 1574 2054 securitatis
1614 1991 1847 2060 praprize
1893 2007 1998 2044 non
2044 1993 2115 2044 ita
2148 2007 2267 2046 esse
2295 1994 2548 2060 cupidum
2585 2003 2641 2045 ut
2673 2002 2943 2047 nouesset
3007 1993 3384 2062 paratissimus
3423 1992 3489 2044 ad
3553 2001 3691 2060 caput

447 2078 815 2133 devovendum
890 2096 1046 2135 suum
1119 2091 1458 2152 mortemque
1505 2084 1864 2150 Oppeteudam
1955 2099 2050 2151 pro
2121 2085 2295 2138 salute
2342 2085 2576 2150 publica.
2612 2085 2681 2137 Ea
2737 2099 2959 2154 magnos
3001 2083 3254 2137 omnibus
3282 2084 3460 2136 oratio
3489 2082 3682 2138 animos

444 2173 668 2229 addidit.
702 2176 843 2245 Ergo
876 2181 1124 2244 praesenti
1179 2177 1492 2233 fortitudine
1526 2180 1771 2233 obtinere
1823 2178 2000 2233 locum
2041 2195 2138 2246 pro
2165 2199 2222 2230 se
2252 2178 2480 2249 quisque
2508 2180 2760 2247 lentoque
2785 2195 2847 2232 ac
2911 2179 3180 2232 constanti
3241 2195 3430 2247 gressu
3496 2176 3690 2243 vadere,

443 2266 608 2339 475
678 2280 733 2322 ιιι.
798 2286 864 2324 ne
942 2273 1145 2326 moveri
1231 2273 1447 2342 quidem
1520 2270 1836 2326 viderentur
1901 2274 2229 2325 intuentibus
2289 2289 2351 2326 ex
2420 2272 2700 2324 intervallo
2751 2270 3022 2334 Barbaris,
3073 2285 3301 2336 quorum
3358 2270 3502 2322 inter
3546 2286 3693 2325 vanos

447 2363 706 2429 strepitus
759 2379 820 2416 ac
858 2364 1031 2418 minas
1067 2365 1262 2418 frustra
1335 2365 1460 2418 hinc
1511 2375 1671 2434 atquo
1721 2367 1842 2419 inde
1893 2365 2273 2418 lacessentium
2341 2375 2454 2418 toto
2518 2365 2604 2418 die
2635 2380 2726 2430 per
2770 2377 3037 2414 summam
3112 2360 3362 2414 ﬁduciam
3416 2376 3689 2429 paremque

444 2465 813 2524 contemptum
847 2459 1004 2527 plane
1053 2461 1417 2530 imperterrita
1457 2477 1739 2529 progressa
1793 2471 1895 2525 est,
1965 2459 2214 2527 nullaque
2270 2459 2349 2511 sui
2409 2472 2560 2526 parte
2615 2469 2758 2510 mota
2851 2455 3216 2509 Romanorum
3273 2455 3439 2504 aries.
3524 2454 3688 2519 Quare

445 2564 665 2603 suorum
699 2560 989 2604 conatuum
1041 2553 1248 2619 experti
1288 2555 1580 2608 vanitatem
1652 2554 1840 2615 'l'urci,
1912 2552 2001 2606 ubi
2033 2567 2088 2604 se
2129 2553 2178 2603 in
2216 2552 2340 2620 juga
2395 2551 2655 2603 montium
2706 2549 2915 2615 trepido
2968 2563 3128 2599 cursu
3182 2553 3506 2614 receperunt
3556 2546 3683 2600 irriti

446 2641 688 2708 p‘uribus
741 2645 936 2710 passim
984 2647 1236 2699 eitritatis
1271 2647 1502 2714 ignibus,
1537 2657 1693 2702 nocte
1722 2655 1831 2699 tota
1863 2647 2107 2715 luporum
2137 2647 2308 2697 instar
2374 2645 2684 2695 ulularunt:
2743 2641 3011 2695 interdum
3073 2641 3237 2693 etiam
3310 2640 3556 2691 com'ieia
3639 2640 3687 2695 in

447 2730 720 2786 Romanos
759 2735 1029 2803 jactantes
1061 2738 1267 2804 procul.
1323 2737 1485 2791 Erant
1543 2739 1688 2792 enim
1742 2740 1886 2792 inter
1914 2751 2007 2791 eos
2047 2737 2267 2804 quidam
2319 2735 2462 2786 misti
2519 2733 2734 2802 generis
2797 2730 2972 2785 ϐαθεῖ
3026 2729 3179 2796 Peri”
3241 2727 3536 2781 δυτηιθηίεο
3591 2725 3688 2782 κθ·

441 2831 641 2886 deuote
693 2831 811 2885 luce
845 2843 1092 2900 perstans
1125 2834 1176 2886 in
1214 2834 1442 2888 consilio
1477 2833 1790 2904 Monolycus
1811 2834 2002 2889 eadem
2042 2848 2161 2901 quae
2195 2830 2370 2897 pridie
2407 2829 2714 2895 'unperabat
2749 2825 2943 2879 Turcis
2975 2835 3033 2877 ut
3068 2824 3336 2877 facerent.

517 2925 629 2981 "ac
656 2927 772 2978 vice
797 2941 973 2997 rerum
1021 2930 1264 2996 pervenit
1314 2929 1364 2979 in
1405 2937 1580 2981 rastra
1627 2926 1856 2981 Turcica
1902 2930 2018 2994 ipse
2053 2932 2094 2989 Β

442 3019 690 3073 sultanus
715 3018 1090 3073 Clitziastlilau
1123 3020 1211 3087 qui
1244 3019 1705 3073 ordinatiSsimam
1743 3018 2016 3085 composi-

444 3111 646 3164 tionem
690 3111 914 3163 llomani
976 3113 1245 3164 exercitus
1292 3127 1451 3177 quam
1509 3111 1806 3180 subjectum
1853 3107 2024 3162 oculis

393 3189 399 3194 ⁷
443 3202 680 3256 habebat
735 3213 987 3256 accurate
1043 3201 1460 3269 contemplatus,
1515 3219 1621 3256 non
1660 3201 2020 3256 dissimulavit

441 3293 657 3360 quidem
689 3293 1102 3346 admirationem
1129 3310 1282 3347 suam
1309 3309 1324 3358 ;
1367 3293 1508 3346 idem
1544 3304 1721 3346 tamen
1758 3307 1856 3362 pro
1885 3290 2025 3348 fero-

442 3386 522 3439 ria
564 3386 740 3438 aetatis
776 3386 926 3454 (erat
956 3385 1099 3437 enim
1124 3385 1375 3453 juvenis)
1421 3401 1525 3439 non
1561 3385 1826 3440 abstinuit
1891 3386 2019 3456 quin

445 3477 688 3543 culparet
717 3479 1128 3544 increparetque
1161 3477 1305 3530 ultro
1342 3476 1702 3548 Monolycum,
1761 3487 2018 3546 tanquam

447 3565 698 3619 lamiliari
725 3567 946 3622 senibus
983 3567 1212 3637 segnitie
1261 3568 1312 3620 iu
1364 3569 1439 3620 rei
1494 3569 1745 3637 gerendae
1791 3569 2022 3623 articulo

443 3647 782 3712 cunctatum,
828 3655 970 3726 Ergo
1010 3673 1131 3712 cum
1184 3659 1472 3713 instantius
1511 3675 1576 3712 ex
1627 3674 1692 3713 eo
1730 3669 2018 3728 quau-cret,

445 3749 792 3815 quamobrem
825 3750 1069 3818 pra‘lium
1099 3767 1220 3804 cum
1252 3750 1509 3805 Romanis
1533 3752 1711 3806 oblata
1735 3755 2024 3807 occasione

444 3838 762 3905 distulisset,
803 3842 1010 3895 audivit
1037 3842 1153 3896 haec
1181 3859 1207 3895 a
1240 3857 1370 3898 sene
1401 3861 1414 3898 :
1461 3843 1728 3898 Nimirum
1760 3861 1854 3915 ego
1877 3846 2022 3898 senio

445 3929 630 3983 debilis
663 3941 707 3984 et
739 3930 970 3992 defectus
1007 3934 1199 3987 animis
1240 3935 1516 3989 admouere
1568 3937 1638 3989 ad
1686 3952 1873 3991 manus
1918 3953 2022 4006 pu-

441 4035 599 4086 gnam
630 4037 747 4073 cum
784 4015 1098 4093 imperatore
1138 4036 1417 4081 cunctatus
1447 4028 1701 4081 hactenus
1731 4043 1882 4094 sum;
1926 4029 2022 4084 tibi

439 4113 488 4164 si
507 4124 583 4167 est
605 4114 823 4181 [iducia,
859 4118 1095 4184 experire
1126 4135 1242 4188 age,
1279 4137 1370 4187 per
1395 4135 1474 4174 me
1515 4120 1671 4188 licet;
1707 4138 1789 4176 res
1817 4133 1866 4178 et
1898 4139 2020 4176 suc-

440 4221 612 4258 cessus
638 4205 836 4260 docebit
867 4209 976 4275 ipse
1002 4210 1172 4263 utrius
1205 4211 1484 4266 consilium
1533 4214 1803 4269 salubrius
1839 4214 2018 4282 fuerit.

2205 2925 2331 2976 Ἐπὶ
2385 2921 2598 2984 τούτοις
2655 2918 2985 2973 καταλαϐὼν
3043 2917 3137 2969 καὶ
3194 2918 3357 2978 αὐτὸς
3393 2920 3421 2970 ὁ
3462 2918 3702 2982 Κλιτζια-

2133 3015 2300 3069 σολᾶν
2336 3013 2625 3076 σουλτὰνος
2662 3013 2755 3064 καὶ
2800 3010 3138 3078 Θεασάμενος
3193 3009 3291 3078 τὴν
3336 3009 3435 3061 τοῦ
3486 3027 3702 3078 στρατο-

2128 3107 2292 3160 πέδου
2338 3104 2612 3170 εὐταξίαν,
2669 3101 2944 3170 ἐθαύμασε
3010 3101 3145 3166 μὲν,
3203 3100 3506 3170 ἀπέσκωψε
3540 3103 3596 3154 δὲ
3623 3096 3703 3153 οἶα

2128 3199 2247 3261 νέος
2297 3198 2434 3267 πρὸς
2491 3195 2728 3265 γέροντα
2763 3195 2852 3246 τὸν
2888 3193 3204 3248 Μονὸλυκον
3231 3195 3366 3246 ὅπου
3409 3195 3576 3264 χάριν
3613 3194 3702 3263 τὴν

2131 3290 2274 3359 μετά
2318 3287 2416 3341 τοῦ
2472 3287 2876 3356 αὐτοκράτορος
2917 3284 3247 3338 ἀνεϐάλλετο
3291 3286 3490 3355 μάχην.
3529 3285 3592 3339 '0
3615 3285 3702 3351 δὲ,

2139 3380 2450 3450 Ἐτὼ’μὲν,
2483 3380 2615 3448 ἔφη.
2673 3380 2752 3443 ὡς
2785 3379 2970 3446 γέρων
3017 3377 3052 3444 ἡ
3128 3377 3332 3440 dedit
3369 3378 3701 3446 ἀγχέμαχοι·

2126 3476 2242 3541 τὴν
2275 3475 2404 3541 μετ’
2456 3472 2644 3525 αὑτοῦ
2695 3456 3087 3538 σι’μπλδκὴιί
3112 3472 3503 3539 ἀνεϐαλιεμην
3536 3470 3702 3539 μέχρι

2128 3565 2332 3620 τοῖνδε·
2366 3568 2416 3619 εὶ
2446 3565 2513 3617 δὲ
2536 3564 2616 3617 σὺ
2645 3563 2879 3632 (lup-prin»
2909 3559 3086 3631 ἦσθα,
3121 3562 3229 3630 ἆγε
3251 3561 3327 3628 δὴ
3358 3563 3699 3630 πειράσθ-ητι

2127 3659 2224 3711 καὶ
2258 3657 2476 3722 αὑτός·
2521 3657 2585 3706 τὸ
2637 3651 2878 3722 aptium
2908 3653 3160 3716 διδάξει.
3200 3652 3380 3714 Εὐθὺς
3417 3648 3512 3704 οὖν
3549 3653 3702 3713 αὐτὸς

2130 3751 2227 3820 μὲν
2257 3752 2372 3812 τοῖς
2406 3748 2538 3818 περὶ
2573 3747 2672 3818 τὴν
2715 3725 2986 3814 οὐραγίαν
3026 3745 3150 3797 οὖσι
3196 3743 3556 3813 προσέϐαλεν,
3594 3743 3702 3794 ἑτέ-

2131 3861 2244 3914 ροις
2281 3843 2590 3911 σατράπαις
2637 3839 2737 3908 τὴν
2787 3837 2931 3892 κατὰ
2963 3839 3260 3907 πρόσωπον
3313 3836 3408 3888 τοῦ
3444 3833 3702 3903 αὐτοκρά-

2125 3952 2284 4006 τορος
2341 3931 2654 4005 προσϐολὴν
2706 3930 2978 3994 ἐπέταξε,
3034 3930 3129 3980 καὶ
3186 3925 3372 3989 ἄλλοις
3428 3926 3527 3996 τὴν
3591 3923 3701 3976 καθ’

2125 4029 2324 4099 ἑτέραν
2366 4025 2612 4096 πλευρὰν
2665 4024 2764 4094 τῆς
2818 4021 3184 4092 παρατάξεως
3231 4021 3416 4090 μάχην
3467 4019 3698 4070 ἀνέθετο.

2139 4121 2200 4177 Ὀ
2253 4119 2386 4189 γοῦν
2443 4119 2504 4171 τὺ
2567 4117 2745 4182 δεξιὸν
2803 4116 2972 4184 κέρας
3034 4113 3252 4182 ἐπέχων
3311 4112 3629 4181 Νικηφόρος
3674 4110 3701 4161 ὁ

2130 4211 2425 4285 Βρυέννιος
2483 4211 2725 4279 Καῖσαρ,
2758 4206 2858 4275 τῆς
2910 4206 3053 4259 κατά
3092 4205 3196 4268 τὴν
3227 4204 3497 4274 οὐραγίαν
3533 4205 3698 4271 μάχης

437 4296 631 4351 Statim
655 4298 927 4366 sultanus,
961 4302 1042 4356 his
1071 4303 1292 4368 auditis,
1338 4304 1390 4359 in
1422 4321 1516 4360 eos
1548 4308 1636 4376 qui
1687 4318 2018 4377 postremum

2131 4275 2476 4374 αἰσθόμενος,
2525 4275 2801 4371 ἐσφάδαζε
2861 4299 2960 4368 μὲν
3009 4295 3244 4367 ἀμύνειν
3297 4300 3412 4360 τοῖς
3460 4296 3696 4358 ὄπισθεν,

339 4408 346 4414 ι
440 4389 741 4444 conﬂabant
778 4408 970 4461 agmen
1005 4395 1253 4452 invectus
1299 4399 1414 4462 ipse
1459 4408 1572 4465 est;
1621 4401 1742 4454 aliis
1787 4400 2021 4468 satrapis

442 4497 652 4549 mquam
704 4499 828 4536 cum
883 4486 1223 4555 imperatoris
1281 4489 1460 4544 fronte
1515 4491 1738 4546 adversa
1786 4507 2020 4562 pugnam

445 4573 823 4641 deuiandavit;
864 4579 999 4632 alios
1041 4590 1299 4648 pra-terea
1352 4582 1591 4649 seposuit
1643 4582 1735 4650 qui
1790 4582 2019 4637 alterum

448 4664 705 4719 Montanae
734 4666 874 4720 aciei
901 4669 1037 4722 latos
1071 4670 1427 4738 impressione
1448 4671 1558 4725 acri
1589 4687 1684 4741 per
1711 4673 1853 4727 idem
1885 4683 2020 4726 tem-

444 4771 541 4822 pus
563 4755 915 4815 lacesserent.
944 4761 1078 4814 Dum
1109 4763 1219 4817 lucc
1251 4763 1440 4818 tierent
1461 4763 1796 4833 Nicephorus
1818 4763 2022 4836 Bryen-

440 4848 561 4902 nius
592 4848 774 4906 Cresar
805 4854 895 4922 qui
939 4855 1187 4910 dextrum
1227 4872 1400 4910 cornu
1433 4867 1540 4910 tum
1588 4856 1827 4926 regebat,
1851 4872 2017 4912 sensu

437 4952 663 5014 accepto
699 4945 930 5013 periculi
974 4961 1038 5002 ac
1083 4950 1399 5004 certaminis
1438 4965 1628 5004 eorum
1679 4952 1768 5020 qui
1801 4962 2019 5020 postre-

437 5051 583 5088 mum
618 5037 907 5092 tuebantur
952 5054 1165 5107 agmen,
1203 5042 1506 5096 vehementi
1558 5042 1876 5098 trahebatur
1919 5043 2019 5096 im-

436 5138 562 5196 petu
594 5128 752 5184 fortis
769 5131 936 5186 animi
957 5131 1026 5185 ad
1055 5132 1228 5188 locum
1259 5135 1519 5203 tantisper
1545 5135 1927 5200 deserendum,
1961 5147 2020 5190 ut

436 5219 552 5275 suis
576 5236 608 5274 α
646 5231 796 5292 tergo
823 5221 1198 5278 laborantibus
1227 5225 1469 5291 adesset;
1506 5227 1706 5281 veritus
1739 5237 1917 5282 tamen
1945 5244 2015 5282 ne

436 5312 565 5382 quid
595 5315 736 5382 quod
777 5316 1144 5384 experientem
1181 5319 1467 5374 dedecerct
1509 5320 1696 5374 ducent
1729 5321 1923 5388 cupide
1952 5336 2016 5375 ac

433 5405 753 5473 iuveniliter
792 5411 1132 5466 commisisse
1162 5411 1464 5478 videretur,
1497 5414 1741 5468 cohibuit
1781 5413 2014 5468 ferocius

435 5493 567 5548 licet
594 5495 1039 5555 effervescentem
1065 5502 1117 5555 in
1142 5501 1413 5559 Barbaros
1442 5506 1704 5570 animum,
1739 5514 1793 5560 et
1822 5509 2014 5562 ordine

2124 4399 2225 4454 οὐκ
2262 4397 2420 4470 ἠθελε
2450 4394 2508 4448 δὲ
2557 4393 2817 4466 ἀπειρίας
2856 4392 2888 4462 ἢ
2935 4389 3191 4460 νεότητος
3237 4387 3575 4454 ἐνδείξασθαι
3619 4405 3699 4452 τι,

2125 4492 2240 4546 ἀλλ’
2274 4493 2460 4560 ἐπεῖχε
2510 4489 2690 4542 καίτοι
2730 4485 3010 4539 λυττῶντα
3058 4484 3151 4536 τὸν
3214 4484 3360 4536 κατὰ
3421 4483 3531 4534 τῶν
3565 4484 3697 4547 Βαρ·

2126 4586 2311 4657 ϐἀρων
2339 4582 2536 4652 θυμὸν,
2583 4581 2684 4634 καὶ
2717 4581 2815 4633 σὺν
2852 4578 3082 4649 εὐταξία
3113 4577 3206 4630 ἐπὶ
3249 4575 3451 4628 ταυτοῦ
3491 4576 3696 4643 σχήμα-

2122 4695 2215 4740 τος
2255 4677 2356 4746 τὴν
2388 4675 2617 4744 πορείαν
2649 4672 2925 4725 ποιεῖσθαι
2955 4668 3277 4730 ἐσπούδαζε.
3316 4668 3616 4738 Καρτερῶς
3647 4664 3698 4715 δὲ

2129 4770 2238 4824 τῶν
2272 4768 2579 4839 Βαρϐάρων
2611 4763 2962 4836 μαχομένων,
3005 4764 3033 4815 ὁ
3088 4761 3148 4814 τὺ
3201 4760 3491 4830 ἀριστερὸν
3537 4760 3698 4824 κέρας

2123 4864 2335 4933 ἐπέχων
2368 4863 2395 4914 ὁ
2447 4859 2707 4928 φίλτατός
2761 4874 2850 4928 μοι
2895 4856 3006 4908 τῶν
3054 4854 3304 4921 ἀδελφῶν
3337 4855 3364 4905 ὁ
3418 4853 3697 4922 Πορφυρο-

2121 4955 2318 5024 γέννης
2383 4953 2728 5022 Ἀνδρόνικος
2783 4949 2885 5011 τὰς
2938 4948 3092 5018 ἡνίας
3152 4946 3419 5015 στρέψας,
3465 4943 3696 5011 σφοδρὰν

2121 5047 2262 5102 κατά
2298 5045 2400 5116 τῆς
2447 5044 2584 5106 ίδίας
2617 5043 2902 5113 φάλαγγος
2939 5039 3041 5110 τὴν
3076 5035 3220 5091 κατὰ
3250 5038 3362 5090 τῶν
3401 5035 3696 5106 Βαρϐάρων

2121 5137 2413 5192 ὲπέλευσιν
2460 5135 2783 5202 ἐποιήσατο.
2823 5131 2920 5192 ’⁵ος
2954 5133 3036 5193 εἰς
3067 5129 3126 5182 τὸ
3169 5129 3529 5196 χαριέστατον
3571 5124 3695 5176 αὐτὸ

2119 5231 2221 5300 τῆς
2251 5228 2469 5300 ἡλικίας
2501 5225 2804 5296 ἐληλυθὼς,
2835 5223 3041 5293 τόλμαν
3072 5223 3130 5276 δὲ
3164 5223 3396 5291 συνετὴν
3425 5220 3519 5272 καὶ
3544 5219 3696 5288 χεῖρα

2117 5324 2298 5390 δεξιὰν
2321 5324 2418 5376 καὶ⁹
2442 5321 2702 5391 φρόνησιν
2735 5318 2999 5389 περιττὴν
3023 5319 3080 5369 ὲν
3108 5316 3372 5384 πολέμοις
3418 5314 3559 5383 ἔχων
3594 5309 3695 5379 πρὸ

2119 5415 2316 5488 καιροῦ
2349 5414 2546 5486 ᾤχετο,
2599 5414 2694 5465 καὶ
2729 5412 2803 5473 ὡς
2833 5411 2935 5463 οὐκ
2980 5410 3046 5464 ἄν
3072 5426 3153 5467 τις
3185 5409 3415 5478 ἡλπισεν
3449 5404 3506 5470 ἐξ
3537 5405 3694 5474 ἡμῶν

2117 5507 2332 5577 ἀπῆλθε
2365 5507 2459 5560 καὶ
2504 5503 2726 5558 κατέδυ.
2769 5503 2835 5555 Ὢ
2872 5499 3192 5570 νεότης.καί
3227 5497 3380 5568 ἀκμὴ
3419 5498 3688 5565 σώματος,

409 5588 644 5656 optimo
666 5600 878 5645 servata
906 5594 1076 5662 ligurs
1109 5596 1375 5652 universa:
1407 5598 1564 5663 aciei,
1616 5599 1734 5652 loco
1764 5601 1867 5653 sibi
1913 5602 2008 5652 de-

2131 5603 2213 5652 mi
2268 5603 2359 5651 ἐπὶ
2386 5600 2430 5630 ⁸⁵
2485 5597 2593 5650 τῶν
2645 5595 2828 5647 ἵππων
2879 5593 3097 5664 ἅλματα
3149 5591 3365 5661 κοῦφαι
3417 5587 3516 5641 ποῦ
3561 5601 3691 5640 ποτε

1424 5733 1636 5815 Varia
1667 5735 1973 5802 lectiones
2012 5755 2089 5800 ex
2118 5735 2258 5800 cod.
2295 5735 2559 5798 Coislin.

505 5847 553 5877 ³⁸
571 5848 628 5902 ςδ
668 5849 786 5902 ἐπὶ.
