3960 6624
437 327 572 395 1143

1744 335 1954 397 ANNE
1989 337 2370 410 COMNENE

3527 337 3663 414 ,1144

437 457 592 501 tmte!
664 455 773 500 tota
839 445 1114 503 Romanos
1170 438 1361 503 canum
1420 450 1590 504 instar
1647 453 1994 506 allatrahnnt.

2104 471 2213 517 νοις
2245 453 2531 524 Τούρκοις,
2589 453 2681 507 καὶ
2728 452 2829 524 τὴν
2879 455 2997 521 μετ’
3055 452 3236 506 αὐτῶν
3297 451 3662 512 ἀναδέξασ’·αι

433 538 631 610 Scytha
659 553 785 592 vero
805 539 1019 602 quidam
1045 537 1302 594 Romanis
1325 555 1356 596 e
1381 543 1573 596 castris
1597 542 1734 597 clam
1755 544 1990 611 elapsus,

431 631 636 684 :tct'etlii
671 631 738 684 ad
765 629 1038 684 sultanum
1066 645 1295 700 eumque
1345 631 1616 695 admonet,
1664 649 1732 688 ne
1763 650 1991 704 pugnam

431 727 497 775 de
527 724 610 776 die
643 737 764 776 cum
798 722 1123 788 imperatore
1154 723 1412 779 invadere
1446 736 1675 780 conetur
1708 727 1991 792 audeatve,

431 829 536 866 non
578 827 698 867 esse
730 811 952 866 dubium
981 813 1110 882 quin
1144 814 1196 867 id
1238 814 1340 884 ipsi
1367 815 1551 884 reique
1581 815 1822 871 Turcicaa
1855 819 1994 871 infe-

431 903 608 959 liciter
666 919 1039 959 successurum
1085 906 1177 968 sil,
1233 920 1416 959 verum
1465 907 1718 975 quoniam
1776 907 1996 974 planitie

427 996 536 1063 jam
575 1009 696 1050 sese
731 1007 994 1059 arctante,
1035 1011 1133 1050 nec
1177 996 1473 1050 subiciente
1517 999 1584 1050 ad
1625 998 1994 1065 explicandam

435 1098 602 1140 totam
633 1087 975 1142 latitudinem
1012 1087 1266 1142 Rtnnanaa
1295 1089 1451 1152 aciei,
1488 1104 1711 1144 necesse
1740 1091 1998 1144 habuerat

433 1181 705 1249 Augustus
735 1181 1045 1250 constipare
1079 1181 1421 1236 tabernacula
1471 1183 1810 1252 deusareque
1855 1183 2000 1236 ordi-

431 1285 525 1324 nes
555 1283 740 1325 contra
763 1287 922 1340 quam
953 1273 1136 1342 ﬁgura:
1171 1275 1305 1327 ratio
1333 1276 1606 1343 poscebat,
1631 1275 1858 1328 suadere
1879 1289 2000 1329 sese

433 1370 490 1415 nt
524 1361 768 1418 sultanus
797 1362 1128 1417 descendere
1157 1364 1212 1418 in
1244 1366 1459 1419 collium
1521 1366 1726 1420 radices
1782 1374 1893 1420 tota
1933 1381 1994 1421 ea

433 1464 587 1508 nocte
620 1453 785 1522 jussis
820 1457 1086 1524 espeditis
1114 1457 1432 1528 sagittariis,
1463 1458 1758 1525 imperetut
1798 1457 1901 1512 tela
1944 1460 1995 1512 in

429 1544 705 1601 ROtltatIOS
740 1547 1047 1616 iaculentur
1077 1565 1236 1618 quam
1258 1549 1581 1604 creberrima
1603 1566 1618 1615 ;
1640 1551 1779 1604 haud
1806 1566 1996 1604 vanam

432 1638 740 1706 opinionem
775 1654 893 1694 esse
923 1639 1108 1694 inferri
1139 1642 1297 1694 modo
1323 1641 1429 1694 isto
1450 1656 1604 1708 posse
1633 1641 1878 1695 Romano
1901 1659 1999 1696 ex-

431 1729 622 1783 ercitui
649 1728 812 1800 577
843 1729 1046 1782 cladem
1077 1745 1183 1782 non
1210 1731 1450 1798 parvam.
1481 1731 1664 1784 Adfuit
1690 1731 1736 1784 is
1765 1732 1890 1785 dum
1925 1732 1998 1785 ita

433 1821 742 1872 dicerentur
791 1820 1015 1888 hybrida
1059 1821 1279 1888 quidam
1324 1820 1526 1876 nostris
1567 1822 1726 1884 ﬁdus,
1769 1837 1869 1877 nec
1904 1839 2000 1892 pro

435 1910 527 1964 tali
569 1910 761 1965 Turcis
809 1919 989 1966 notus.
1033 1913 1086 1966 ls
1129 1914 1310 1965 statim
1358 1912 1739 1981 imperatorem
1790 1915 1997 1979 adiens,

432 2001 636 2056 indicat
669 2002 797 2071 quid
830 2001 1031 2072 Scytha
1081 2001 1296 2058 sultano
1332 2005 1714 2074 suggessisset,
1765 2007 2001 2075 quidque

436 2095 616 2146 hostes
647 2104 833 2147 contra
869 2094 1171 2148 Romanum
1205 2096 1506 2150 exercitum
1540 2098 1998 2152 machinarentur.

433 2185 639 2250 Quibus
680 2186 864 2240 statim
911 2201 1202 2241 occurrere
1249 2201 1316 2242 ac
1349 2197 1674 2256 praevertere
1725 2189 2002 2258 Augustus

437 2276 776 2346 aggrediens,
821 2276 1074 2331 bifariam
1104 2278 1276 2348 copiis
1309 2278 1518 2344 divisis,
1574 2295 1735 2333 unam
1781 2281 1998 2349 quidem

434 2376 636 2434 partem
673 2383 793 2423 sese
816 2369 1096 2423 continere
1125 2371 1339 2434 castris,
1385 2371 1566 2440 ibique
1590 2371 1643 2426 in
1667 2373 1778 2426 acri
1810 2387 1873 2426 ac
1903 2386 2002 2442 pa-

436 2465 549 2510 rata
582 2457 760 2526 vigilia
789 2458 1263 2543 excubarejussit.
1308 2462 1544 2515 (ἐπίοι-οε
1575 2463 1789 2531 prodire
1821 2476 2002 2515 arma-

437 2561 546 2616 tos,
605 2565 1008 2621 occurrereque
1071 2553 1297 2608 infestos
1352 2554 1622 2620 hostibus,
1681 2553 2003 2623 fortiterque

434 2655 720 2710 capessere
761 2640 1002 2710 praelium
1035 2642 1284 2712 imperat.
1319 2642 1585 2698 Fecerunt
1617 2644 1754 2697 sicut
1785 2643 2001 2713 cogita-

435 2745 618 2789 verant
651 2735 894 2791 Barbari.
923 2734 1318 2806 Circumvagati
1352 2745 1510 2790 nocte
1542 2742 1653 2790 tota
1681 2745 1859 2790 castra
1893 2735 2003 2790 Bo-

434 2841 714 2882 manorum
750 2827 819 2883 ad
855 2827 1021 2898 pedes
1042 2828 1256 2882 collium
1300 2829 1626 2897 irruptiones
1665 2837 2006 2883 ostentarent

434 2921 788 2988 feceruntque
841 2920 1059 2986 multas,
1123 2937 1313 2992 magna
1373 2921 1583 2990 jacutra
1640 2921 2001 2991 sagittarum;

434 3025 621 3064 verum
655 3009 881 3065 Romani
936 3011 1147 3067 ratione
1199 3013 1642 3081 ab\imperatore
1692 3011 2001 3080 przescripta

2100 547 2299 617 μάχην.
2335 548 2398 600 Oi
2424 547 2478 599 δὲ
2493 545 2764 616 Βάρϐαροι
2787 545 2856 598 δι’
2879 545 3005 615 ὅλης
3019 545 3213 607 νυκτὸς
3237 542 3539 614 γύρωθενη
3569 559 3667 593 πε-

2098 635 2435 707 ριζώσαντες
2471 635 2532 688 τὸ
2568 635 2911 705 στράτευμα,
2957 633 3160 695 πολλὰς
3208 630 3487 702 ἐκδρομὰς
3544 631 3670 700 περὶ

2095 731 2221 792 τοὺς
2277 728 2557 800 πρόποδας
2607 729 2717 782 τῶν
2771 728 2977 799 βουνῶν
3027 727 3383 796 ποιούμενοι,
3441 723 3669 792 συχνοὺς

2095 821 2309 883 ὀϊστοὺς
2344 821 2486 874 κατά
2515 820 2610 874 τοῦ
2642 819 3052 890 στρατεύματος
3081 818 3329 871 ἔϐαλλον.
3354 816 3417 869 ΟΞ
3443 814 3503 866 δὲ
3538 815 3669 866 Ῥω-

2101 916 2273 984 μαῖοι,
2299 915 2442 966 κατά
2463 915 2559 977 τὰς
2591 914 2876 981 ὑποθήκας
2904 912 3001 965 τοῦ
3035 912 3441 978 αὐτοκράτορος
3460 906 3670 960 ποιοῦν-

2097 1021 2210 1068 τες,
2252 1004 2553 1073 ἐφύλαττον
2604 1005 2831 1067 ἑαυτοὺς
2882 1003 2958 1072 μὴ
2994 1004 3335 1062 διασπῶντες
3359 999 3462 1067 τὴν
3489 997 3666 1066 παρά-

2098 1096 2270 1162 ταξιν.
2313 1096 2772 1165 ’Υπαυγαζούσης
2814 1094 2872 1149 δὲ
2905 1095 3004 1165 τῆς
3036 1094 3252 1164 ἡμέρας
3299 1091 3545 1151 ἅπαντες
3579 1087 3669 1140 ἐπὶ

2097 1187 2192 1241 τοῦ
2226 1188 2394 1241 αὐτοῦ
2427 1189 2706 1256 σχήματος
2735 1187 2928 1258 ᾔεσαν,
2961 1187 3060 1240 καὶ
3101 1184 3201 1254 τήν
3229 1183 3386 1236 λείαν
3428 1180 3526 1233 καὶ
3573 1179 3667 1241 τάς

2101 1281 2302 1342 σκευὰς
2361 1279 2578 1340 ἁπάσας
2634 1278 2729 1332 καὶ
2759 1279 2956 1341 αὐτοὺς
3008 1277 3074 1346 δὴ
3136 1275 3263 1337 τούς
3299 1269 3666 1343 δορυαλώτους
3731 1313 3735 1318 .

2103 1375 2240 1442 μετά
2266 1389 2324 1425 τε
2357 1363 2633 1440 γυναικῶν
2665 1370 2759 1424 καὶ
2791 1370 3022 1424 παιδίων
3052 1370 3109 1430 ἐς
3134 1366 3195 1420 τὸ
3233 1366 3404 1435 μέσον
3431 1365 3533 1424 τῆς
3565 1377 3666 1412 πα-

2102 1466 2380 1537 ρατάξεως
2409 1461 2563 1526 αὖθις
2592 1465 2885 1526 ἐλάσαντες
2901 1461 2999 1531 τὴν
3020 1461 3155 1530 πρὸς
3184 1456 3432 1529 ’Λμποῦν
3451 1454 3666 1508 ὥδευον.

2101 1557 2345 1625 Πόλεμος
2370 1555 2426 1608 δὲ
2464 1555 2771 1625 τηνικαῦτα
2800 1551 3214 1614 καταλαμϐάνει
3241 1548 3472 1608 τούτους
3507 1543 3668 1614 βαρὺς

2101 1650 2197 1702 καὶ
2220 1648 2414 1711 δεινός.
2469 1648 2529 1699 Ὃ
2564 1647 2671 1716 γὰρ
2711 1646 3024 1708 σουλτάνος,
3085 1642 3322 1707 συνάξας
3385 1634 3541 1698 αὖθις
3575 1637 3666 1695 τὰς

2102 1739 2363 1808 δυνάμεις
2423 1739 2518 1790 καὶ
2578 1735 2895 1805 περιζώσας
2941 1735 3003 1787 τὸ
3059 1729 3380 1803 στράτευμα
3430 1727 3666 1798 γύρωϐεν

2109 1830 2396 1902 καρτερῶς
2428 1829 2695 1900 ἐμάχετο·
2755 1825 3021 1896 μηδαμῶς
3062 1824 3120 1876 δὲ
3169 1823 3262 1876 τὸν
3295 1816 3663 1884 συνασπισμὸν

2100 1925 2210 1976 τῶν
2257 1921 2546 1990 Ῥωμαίων
2598 1919 2854 1987 διακόψαι
2888 1916 3137 1986 ἰσχύσας,
3171 1914 3291 1967 ἀλλ’
3313 1913 3510 1980 ὥσπερ
3544 1910 3660 1961 ἀδα·

2106 2013 2388 2085 μαντίνοις
2421 2011 2629 2082 τείχεσι
2665 2008 3016 2080 προσϐαλὼν,
3072 2009 3361 2078 ἄπρακτος
3410 2001 3660 2066 ἀπεπέμ-

2112 2108 2242 2176 φθη.
2277 2107 2500 2159 ’ῐίνιᾶτο
2528 2103 2662 2172 γοῦν
2697 2103 2763 2155 δι’
2796 2103 2925 2172 ὅλης
2956 2099 3174 2168 ἐκείνης
3200 2098 3302 2167 τῆς
3325 2093 3523 2154 νυκτὸς
3539 2089 3660 2144 καθ-

2103 2198 2250 2263 άπαξ
2290 2196 2560 2263 ἀπογνοὺς
2595 2193 2736 2263 μετά
2773 2191 2869 2244 τοῦ
2926 2189 3240 2246 Μονολύκου
3277 2187 3374 2239 καὶ
3405 2185 3514 2235 τῶν
3553 2181 3654 2234 λοι⁹

2104 2287 2221 2339 πῶν
2274 2284 2574 2354 σατραπῶν
2620 2281 2960 2344 ἐϐουλεύετο,
3019 2281 3112 2332 καὶ
3141 2278 3210 2330 τά
3265 2275 3396 2337 περὶ
3454 2272 3655 2340 εἰρήνης

2107 2376 2535 2447 ἔπιφωσκούσης
2609 2375 2823 2443 ἡμέρας
2889 2372 3075 2444 ᾐξείτο
3118 2372 3210 2423 τὸν
3267 2365 3654 2436 αὐτοκράτορα,

2104 2469 2297 2525 τούτου
2363 2471 2498 2520 πᾶσι
2543 2468 2656 2528 τοῖς
2733 2465 3044 2535 Βαρϐάροις
3099 2461 3472 2524 συνδόξχντος.
3555 2456 3657 2508 Οὐκ

2104 2559 2501 2626 ἀποπέμπεται
2528 2555 2608 2619 δὲ,
2638 2553 2774 2606 άλλά
2811 2555 3028 2621 δέχεται
3076 2550 3268 2604 τούτου
3320 2551 3421 2616 τὴν
3451 2545 3649 2598 ἱκεσίαν

2103 2651 2132 2703 ὀ
2175 2647 2557 2716 αὐτοκράτωρ,
2609 2645 2703 2697 καὶ
2789 2644 3131 2712 παραχρῆμα
3200 2640 3260 2692 τὸ
3301 2636 3652 2706 ἀνακλητικὸν

2104 2740 2312 2810 ήχῆσαι
2345 2737 2599 2799 ἐπέταξε,
2627 2735 2725 2787 καὶ
2759 2733 2937 2795 οὕτως
2988 2733 3251 2802 ἀτρεμεῖν
3291 2731 3541 2790 ἅπαντας
3567 2743 3660 2778 πα·

2106 2829 2485 2902 ρεκελεύσατο,
2519 2828 2611 2880 καὶ
2649 2826 2740 2878 ἰπὶ
2766 2824 2861 2878 τοῦ
2889 2823 3052 2876 αὐτοῦ
3079 2821 3335 2876 ἵστασθαι
3372 2819 3659 2889 σχήματος,

2109 2925 2246 2994 μήτε
2272 2921 2382 2974 τῶν
2419 2920 2600 2971 ἵππων
2634 2915 2965 2979 ἀποϐάντας,
3010 2916 3146 2984 μήτε
3176 2913 3272 2975 τὰς
3311 2909 3512 2971 σκευὰς
3556 2907 3653 2960 τῶν

2116 3013 2434 3082 ὑποζυγίων
2465 3009 2865 3074 ἀποσάξαντας,
2900 3003 3450 3078 περιφραττομένους
3476 2998 3650 3051 ἀσπίδι

434 3103 541 3166 usi,
574 3101 652 3157 sic
680 3119 870 3158 eorum
903 3103 1210 3158 refutarunt
1239 3104 1493 3172 impetus,
1523 3113 1580 3158 ut
1607 3103 1836 3174 protecti
1859 3117 1999 3159 sem-

2106 3106 2200 3159 καὶ
2221 3105 2388 3175 κυνέῃ
2416 3104 2511 3156 καὶ
2537 3101 2744 3169 δόρατι,
2766 3097 2910 3150 καθά
2934 3115 2996 3163 γε
3021 3097 3116 3149 καὶ
3143 3096 3413 3165 πρότερον
3440 3091 3505 3144 δι’
3529 3089 3646 3157 ὅλης

431 3209 529 3262 per
556 3193 655 3263 ipsi
687 3195 1151 3251 contcsseratione
1185 3205 1392 3261 mutua,
1435 3195 1824 3266 phalangisque
1866 3212 1998 3252 con-

435 3294 584 3340 textu
643 3301 708 3342 ac
766 3287 950 3358 figura:
993 3288 1228 3343 utilitate
1259 3271 1525 3352 (servata,
1572 3289 1720 3344 nullo
1775 3303 1998 3357 usquam

415 3378 581 3431 .hiatu
629 3377 808 3433 hostili
849 3395 999 3434 noxa:
1037 3379 1213 3435 locum
1254 3382 1544 3450 aperirent.
1580 3381 1634 3436 Id
1663 3381 1837 3450 patuit
1866 3381 2002 3436 allu-

433 3481 687 3524 vesci-nte
735 3471 842 3533 die,
873 3486 992 3540 quae
1025 3472 1304 3529 Romanos
1335 3477 1416 3530 sic
1469 3485 1733 3532 nocturna
1789 3474 2004 3531 functos

435 3579 612 3629 pugna
653 3565 992 3626 monstravit,
1047 3574 1105 3618 ut
1155 3581 1253 3620 suo
1291 3568 1528 3638 quisque
1574 3568 1696 3624 loco
1749 3579 2004 3638 certaque

436 3653 664 3706 invicem
693 3651 781 3704 fixi
805 3653 1061 3708 distantia
1085 3655 1308 3724 ﬁguram
1333 3656 1466 3711 aciei
1489 3668 1681 3713 exacte
1703 3667 2001 3713 tuerentur.

435 3741 569 3796 'i'um
609 3758 736 3796 vero
768 3760 952 3799 rursus
985 3748 1162 3814 praeda
1209 3758 1263 3802 et
1294 3748 1699 3820 impedimentis
1727 3751 2002 3814 omnibus,

433 3857 446 3883 ο
469 3851 554 3887 um
582 3836 828 3905 captivis,
863 3839 1182 3894 mulieribus
1201 3856 1415 3911 quoque
1443 3857 1506 3896 ac
1541 3843 1776 3912 parvulis
1811 3843 1862 3896 in
1894 3859 2008 3898 mc-

435 3929 574 3980 diam
617 3928 786 3982 aciem
845 3931 1076 4000 receptis
1136 3935 1383 4002 progredi
1425 3946 1710 4003 cmperunt
1774 3935 2004 4006 Ampum

437 4033 642 4073 versus.
698 4019 902 4075 Bellum
952 4036 1048 4076 eos
1101 4035 1230 4081 tunc
1289 4025 1491 4080 invadit
1538 4042 1702 4096 grave
1740 4037 1793 4082 et
1825 4040 2003 4082 atrox.

434 4108 568 4162 Nam
611 4109 853 4165 sul-tanus
894 4114 1243 4182 congregatis
1270 4130 1458 4170 rursus
1493 4116 1685 4185 copiis,
1718 4128 1771 4171 et
1800 4119 2004 4172 circum

435 4200 716 4268 amplexus
752 4217 846 4267 per
876 4218 1064 4273 gyrum
1105 4203 1384 4260 Romanos
1419 4206 1723 4278 vehementi
1769 4208 2006 4276 undique

435 4293 616 4356 pra-lio
647 4293 917 4358 instabat;
954 4297 1047 4350 sed
1076 4295 1298 4351 frustra.
1330 4296 1484 4351 Nulla
1516 4299 1656 4352 enim
1693 4309 1862 4368 parte,
1887 4316 2006 4356 om-

436 4382 519 4433 nia
552 4383 674 4437 liret
698 4384 942 4450 moliens,
982 4385 1252 4441 resolvere
1276 4397 1554 4444 scutorum
1586 4401 1919 4458 contextum,
1949 4400 2003 4446 et

2101 3199 2201 3269 τῆς
2231 3193 2571 3264 ὁδοιπορίας.
2603 3193 2790 3245 Ταῦτα
2817 3192 2874 3245 δὲ
2909 3189 2980 3242 δι’
3009 3188 3166 3241 οὐδὲν
3213 3186 3344 3240 άλλο
3393 3183 3472 3253 τῷ
3509 3184 3659 3235 αὑτοη

2102 3292 2328 3362 κράτορι
2359 3286 2700 3357 ᾠκονόμητο,
2741 3284 2861 3338 ἀλλ’
2886 3283 2970 3335 ἵνα
2996 3280 3072 3351 μὴ
3097 3278 3416 3347 συγχύσεως
3442 3271 3661 3345 γενομί-

2103 3400 2203 3451 νης
2239 3381 2504 3440 πολλάκις
2536 3379 2595 3429 τό
2621 3394 2678 3429 τε
2714 3376 2901 3444 σχῆμα
2930 3377 3030 3443 τῆς
3057 3371 3413 3442 παρατάξεως
3431 3368 3653 3420 διασπα-

2106 3473 2228 3544 σθῇ,
2251 3469 2548 3525 κάντεῦθεν
2581 3467 2843 3521 εὐάλωτοι
2873 3465 3119 3526 ἅπαντες
3150 3462 3450 3530 γένωνται·
3485 3458 3662 3511 ἐδεδίει

2105 3566 2212 3635 γὰρ
2247 3565 2374 3627 τοὺς
2407 3561 2688 3630 Τνιύρκους
2725 3557 2933 3627 πλῆθος
2966 3555 3103 3608 πολὺ
3134 3552 3365 3614 τούτους
3395 3549 3539 3621 ὀρῶν
3573 3548 3660 3600 καὶ⁸

2104 3658 2482 3726 ἁπανταχόθεν
2502 3654 2579 3724 τῷ
2619 3651 2911 3720 Ῥωμαῖκῷ
2941 3649 3385 3720 προσϐάλλοντας
3415 3642 3660 3714 στρατεύ-

2110 3767 2259 3821 ματι.
2305 3749 2396 3803 Ἐν
2429 3745 2710 3815 ἐπικαίρῳ
2762 3745 2819 3796 δὲ
2853 3744 3008 3811 τόπῳ
3040 3740 3171 3804 στάς
3211 3741 3238 3792 ό
3287 3736 3657 3805 αὐτοκράτωρ,

2102 3841 2229 3902 τούς
2257 3857 2316 3892 τε
2351 3838 2639 3905 συγγενεῖς
2680 3833 2848 3888 αὐτοῦ
2887 3833 3137 3892 ἃπαντας
3170 3829 3264 3881 καὶ⁵
3310 3827 3530 3888 ἱκανοὺς
3562 3823 3660 3876 τῶν

2107 3929 2456 4000 στρατιωτῶν
2488 3925 2923 3994 ἀπολεξάμενος.
2948 3924 3034 3990 ἐφ’
3065 3923 3330 3990 ἑκάτερα,
3361 3917 3454 3970 ἐπὶ
3495 3932 3656 3983 κερα-

2105 4023 2201 4092 λῆς
2236 4021 2333 4091 μὲν
2361 4020 2521 4082 αὐτὸς
2554 4019 2825 4086 εἱστήκει,
2869 4013 3117 4078 δεξιόοεν
3155 4013 3249 4064 καὶ
3279 4008 3579 4077 εὐωνύμων
3616 4003 3658 4036 ¹⁹

2105 4115 2154 4165 oi
2186 4110 2310 4164 καθ’
2348 4106 2489 4178 αἷμα
2511 4109 2607 4161 καὶ
2635 4107 2692 4173 ἐξ
2729 4105 3053 4175 ἀγχιστείας
3089 4098 3239 4169 αὐτῷ
3273 4098 3658 4169 προσήκοντες.

2107 4203 2202 4256 καὶ
2235 4200 2447 4264 τούτοις
2487 4200 2772 4269 ἐχομένως
2821 4195 2989 4265 μιγάς
3028 4193 3137 4246 τῶν
3194 4185 3544 4269 στρατιωτῶν
3581 4183 3658 4233 ἔκ-

2110 4310 2315 4364 κριτος,
2362 4291 2746 4362 κατάφρακτοι
2789 4287 3058 4347 ἆπαντες.
3120 4283 3180 4337 Ὀ
3211 4282 3266 4334 δὲ
3335 4265 3448 4330 τῶν
3495 4275 3657 4328 ὃπλων

2107 4382 2449 4437 ἀποστίλϐων
2475 4381 2686 4451 πυρσὸς
2708 4379 2800 4432 τὸν
2833 4379 2974 4447 ἀέρα
2997 4374 3160 4428 πλέον
3196 4371 3414 4437 καὶτῆς
3439 4364 3655 4436 ἡλιακῆς

435 4472 714 4540 phalangis
745 4473 887 4527 latus
916 4475 1081 4528 ullum
1114 4477 1246 4530 rima
1277 4479 1357 4533 vel
1407 4495 1512 4532 una
1547 4482 1850 4548 patefacere
1897 4484 1999 4538 ulla

2106 4475 2322 4534 ἀκτῖνος
2353 4450 2693 4539 κατηύγαζε.
2727 4465 3133 4538 Προσεληλύοει
3167 4463 3223 4514 δὲ
3249 4455 3654 4548 τηνικαῦτα.κα“ι

436 4562 482 4612 vi
520 4561 722 4627 valuit;
756 4573 811 4616 at
845 4563 1042 4631 ubique
1074 4565 1218 4618 velut
1247 4568 1415 4620 muris
1447 4567 1711 4637 impactus
1742 4575 2003 4627 adantan‘

435 4652 586 4715 tinis,
613 4653 784 4707 veloci
813 4655 1048 4724 undique
1082 4670 1400 4724 repercussu
1421 4670 1504 4714 est
1527 4662 1778 4728 reiectus.
1814 4663 1904 4718 Sic
1935 4679 1993 4718 re

435 4742 634 4797 infecta
672 4743 843 4798 redux
875 4745 927 4798 in
961 4755 1139 4800 castra
1194 4749 1409 4816 propria
1458 4761 1672 4806 noctem
1710 4753 2002 4823 insequen~

436 4842 542 4888 tem
573 4835 860 4888 εοιιίεῑιειιι)
895 4835 1104 4901 habuit,
1130 4838 1424 4906 desperans
1451 4839 1562 4908 jam
1596 4842 1752 4910 plane
1782 4859 1999 4900 succes-

433 4939 550 4978 sum
580 4925 726 4988 belli,
779 4936 834 4980 et
879 4942 1000 4980 cum
1065 4926 1344 4998 Monolyco
1393 4945 1456 4984 ac
1515 4933 1749 5002 Satrapis
1792 4937 2000 4990 carteris

433 5017 766 5071 consultans.
789 5016 965 5072 Prima
989 5019 1106 5073 luce
1125 5022 1394 5088 pacemlab
1418 5023 1741 5086 imperatore
1768 5027 1999 5094 petebat.

437 5105 528 5160 Sic
559 5107 701 5160 enim
733 5108 1041 5174 frequentes
1099 5120 1419 5164 censuerant
1475 5113 1716 5168 Barbari.
1771 5115 2001 5186 Benigne

437 5198 644 5265 accpit
686 5199 945 5267 supplicis
1006 5201 1304 5254 orationem
1381 5202 1710 5270 imperator;
1781 5206 2002 5277 darique

442 5298 660 5358 repente
679 5288 840 5354 iusso
861 5291 960 5343 iter
974 5292 1148 5358 agenti
1177 5293 1434 5346 exercitui
1465 5295 1792 5350 consistendi
1824 5299 1999 5368 signo,

443 5395 567 5434 suos
611 5380 745 5433 stitit
783 5395 970 5436 omnes
1010 5380 1062 5435 in
1103 5381 1327 5453 vestigio
1375 5394 1589 5440 servata
1634 5386 1807 5443 forma
1842 5399 1894 5445 et
1923 5392 2004 5446 di-

2101 4567 2133 4620 ὀ
2156 4563 2444 4626 σουλτάνος
2487 4563 2640 4630 ,μετά
2676 4560 2786 4613 τῶν
2837 4559 2928 4611 ὑπ’
2966 4557 3129 4610 αὐτὸν
3160 4549 3458 4640 σατραπῶν
3479 4589 3494 4612 ,
3536 4539 3653 4598 ὦ·δό

2116 4655 2433 4717 Μονόλυκος
2461 4653 2639 4724 χρόνῳ
2683 4651 2776 4704 καὶ
2835 4649 3004 4720 πείρα
3052 4645 3151 4700 καὶ
3204 4639 3426 4713 ἀνδρείᾳ
3459 4639 3654 4691 πάντων

2103 4748 2213 4802 τῶν
2247 4746 2384 4801 κατά
2411 4745 2507 4815 τὴν
2545 4744 2730 4796 Ἀσίαν
2765 4741 3024 4810 Τούρκων
3062 4735 3397 4805 ὑπερφέρων
3439 4727 3654 4797 προῆγε,

2104 4841 2200 4894 καὶ
2224 4833 2643 4906 καταλαμϐάνει
2671 4834 2762 4886 τὸν
2794 4831 3018 4902 βασιλέα
3049 4831 3145 4882 καὶ
3169 4827 3268 4896 τὴν
3312 4820 3538 4875 πεδιάδα
3567 4816 3654 4885 τὴν

2109 4928 2314 5001 μεταξὺ
2344 4923 2830 4994 Αὐγουστοπόλεως
2847 4923 2939 4974 καὶ
2972 4921 3291 4990 Ἀκρονύου.
3318 4915 3382 4967 Οἱ
3408 4913 3463 4964 δέ
3485 4927 3545 4978 γε
3568 4923 3653 5010 σμ-

2105 5023 2312 5092 τράπαι
2350 5017 2634 5090 πόρρωθεν
2665 5016 2993 5084 Θεασάμενοι
3016 5014 3108 5065 τὸν
3135 5006 3531 5076 αὐτοκράτορα,
3559 5006 3650 5050 τῶν

2107 5117 2292 5170 ἰππων
2319 5113 2647 5173 ἀποϐάντες,
2681 5110 2780 5179 τὴν
2815 5105 3021 5176 συνήθη
3045 5107 3158 5166 τοῖς
3183 5097 3464 5172 βασιλεῦσι
3498 5106 3651 5162 προσ·

2107 5213 2338 5280 κύνησιν
2371 5206 2768 5260 ἀποδεδώκασι.
2826 5204 2931 5255 Τὸν
2970 5201 3027 5254 δὲ
3069 5197 3364 5252 σουλτάνον
3413 5188 3650 5246 πολλάκις

2108 5301 2203 5354 τοῦ
2233 5278 2401 5353 inn-ou
2433 5294 2710 5362 ἀποϐῆναι
2763 5292 3194 5362 ἐπιχειρήσαντα
3251 5287 3281 5338 ὁ
3311 5278 3648 5350 αὐτοκράτωρ

2111 5389 2172 5442 οὐ
2217 5384 2550 5456 ξυνεχώρει·
2585 5381 2705 5435 ἀλλ’
2758 5383 2986 5444 ἐκεῖνος,
3041 5378 3180 5449 ταχύ
3222 5373 3494 5437 πεζεύσας
3520 5407 3534 5432 ,
3569 5363 3654 5430 τὸν,

1481 5677 1487 5700 ι
1540 5589 1734 5654 Variae
1763 5591 2074 5656 lectiones
2111 5611 2187 5676 ex
2225 5594 2361 5654 cod.
2387 5591 2654 5654 Cuisliu.

511 5722 558 5756 ’³
586 5725 834 5795 γύροῡεν.
907 5721 950 5752 ⁵’¹
977 5728 1037 5796 ἐξ
1065 5729 1385 5801 εὐωνύμων.
