3960 6590
521 404 663 475 1147

1832 409 2064 471 ΑΝΝᾹΞ
2103 410 2489 472 ΟΟΜΝΕΝΑΞ

3639 406 3748 473 ills

522 522 782 578 invadere
816 523 1040 590 parabat
1093 517 1424 584 faventibus,
1451 529 1511 572 ut
1543 517 1660 572 ﬁeri
1690 519 1918 584 assolet,
1954 521 2096 574 clam

2216 521 2363 590 ρόνον
2424 520 2858 576 ὐπεισελθόντων
2891 520 3040 590 αὐτῷ
3075 518 3374 588 σατραπῶν
3404 535 3570 572 τινων
3623 523 3759 577 ὁποῖα

523 615 603 669 illi
647 622 702 668 et
730 612 958 667 consilia
987 610 1298 678 auxiliaque
1331 608 1686 664 offerentibus
1733 613 1966 680 satrapis
1989 615 2102 682 qui.

524 703 782 758 busdam.
812 702 1035 768 Aperuit
1061 703 1275 755 sultano
1303 715 1414 754 rem
1463 708 1625 754 totam
1662 700 1978 771 imperator,
2011 721 2103 757 au-

523 804 750 861 ctorque
775 791 850 844 illi
885 791 981 843 fuit
1013 790 1257 844 morandi
1313 790 1574 861 tantisper
1612 793 1754 862 apud
1809 809 1868 848 se
1923 797 2100 864 qunad

525 881 763 936 certiora
819 880 1157 949 clarioraque
1217 879 1413 933 iudicia
1468 891 1747 934 exstarent
1774 883 1999 937 occulte
2051 885 2103 937 in

523 967 700 1040 ipsum
740 969 1029 1033 coitionis,
1075 968 1229 1036 cujus
1266 969 1476 1038 prinms
1529 971 1686 1024 modo
1730 972 1908 1027 fumus
1956 989 2104 1027 ema-

525 1071 735 1118 uasset.
771 1059 862 1115 Sic
897 1062 1128 1130 provisis
1172 1061 1518 1116 inimicorum
1554 1063 1786 1123 insidiis.
1821 1078 2109 1133 cnnipara-

530 1163 697 1222 toque
733 1154 988 1221 przrsidio
1018 1154 1267 1207 securius
1297 1153 1575 1221 tutiusque
1609 1154 1903 1219 abiturum,
1932 1161 2106 1211 amice

528 1263 592 1301 ac
620 1248 938 1302 salutariter
965 1248 1284 1302 admonens.
1316 1246 1510 1301 Verum
1540 1248 1632 1302 ille
1665 1249 1867 1318 ingenti
1906 1249 2101 1304 ﬁducia

524 1341 812 1396 consilium
872 1340 1201 1407 repudiavit.
1255 1339 1532 1406 Augustus
1582 1339 1766 1408 igitur,
1823 1354 1888 1394 ne
1937 1341 2105 1395 videri

527 1442 711 1500 posset
741 1433 790 1485 vi
823 1432 1071 1488 detinere
1109 1433 1172 1486 ad
1203 1447 1260 1486 se
1288 1433 1428 1487 ultro
1457 1431 1752 1502 profectum
1785 1433 2106 1500 principem,

524 1535 577 1578 et
606 1524 763 1578 nimis
789 1525 1030 1580 sedulum
1059 1523 1290 1576 oﬁieium
1323 1526 1371 1578 in
1400 1523 1872 1592 reprehensionem
1919 1541 1982 1579 ac
2013 1540 2107 1580 ca-

531 1616 790 1670 lumniam
854 1618 1202 1680 traheretur,
1259 1632 1362 1670 suo
1416 1619 1491 1670 uti
1547 1616 1756 1685 judicio
1806 1616 2108 1672 Barbarum

529 1723 726 1778 passus
788 1717 894 1763 est.
950 1709 1074 1764 Haec
1133 1719 1341 1763 tantum
1402 1710 1618 1762 abeunti
1677 1709 1862 1764 dixit:
1916 1709 2110 1765 Melius

529 1798 740 1866 quidem
777 1798 1288 1866 fueratexspectare
1322 1800 1407 1854 hic
1441 1802 1506 1853 ad
1541 1811 1757 1864 tempus
1791 1800 2106 1857 modicum:

2214 613 2404 668 είωθεν
2420 614 2494 677 ὡς
2510 615 2715 669 ἐπίπαν
2741 612 3368 683 γίνεσθαι,ξυνε6ούλευε
3392 613 3571 683 μεῖναι
3593 617 3765 685 μικρὶν

2213 706 2326 760 ἔστ’
2352 707 2416 760 ἂν
2446 709 2513 760 τὰ
2544 707 2665 761 κατ’
2700 705 2866 761 αὐτοῦ
2911 705 3268 775 μελετώμενα
3310 704 3638 777 σαφέστερον
3664 707 3758 762 δια-

2214 799 2390 869 γνοίη.
2424 801 2532 852 Καὶ
2563 799 2739 862 οὕτως
2779 798 3143 851 ἀπελεύσεται
3173 797 3462 864 γινώσκων
3487 798 3553 849 τὰ
3582 815 3761 866 συμπε-

2216 891 2378 943 σόντα
2429 891 2521 942 καὶ
2559 889 2987 960 φυλαττόμενος.
3033 889 3092 942 '0
3130 889 3186 941 δὲ
3221 890 3358 960 παρ’
3385 888 3536 940 οὐδὲν
3564 889 3654 959 τὴν
3682 892 3756 943 τοῦ

2214 983 2618 1052 αὐτοκράτορος
2653 982 2848 1052 βουλὴν
2876 982 3236 1050 λογισάμενος
3285 981 3378 1033 καὶ
3419 980 3631 1051 Θαρῥῶν
3655 984 3759 1035 £06-

2213 1072 2312 1144 τῷ,
2343 1075 2523 1144 εἴχετο
2551 1073 2645 1128 τοῦ
2691 1073 2916 1128 σκοποῦ.
2953 1074 3072 1126 Ἵνα
3101 1073 3233 1139 γοῦν
3269 1072 3342 1141 μὴ
3390 1070 3515 1141 δάξῃ
3562 1075 3588 1124 ὀ
3627 1074 3754 1126 αὑτο-

2215 1162 2442 1233 κράτωρ
2499 1164 2590 1216 τὸν
2635 1162 2932 1232 αὐτόμολον
2988 1161 3282 1214 σουλτάνον
3316 1160 3409 1230 βίᾳ
3461 1165 3752 1231 κατασχεῖν,

2215 1251 2313 1303 καὶ
2347 1249 2538 1320 μῶμος
2594 1250 2843 1303 ἐντεῦθεν
2877 1249 3024 1321 αὐτῷ
3068 1251 3404 1321 προστριϐῇ,
3437 1251 3655 1303 ἐνεδίδου
3699 1257 3748 1322 τῇ

2216 1342 2410 1414 γνώμῃ
2466 1341 2558 1395 τοῦ
2620 1341 2928 1412 Βαρϐάρου,
2985 1341 3226 1410 φάμενος
3261 1357 3276 1373 ·
3326 1341 3507 1394 Καλὸν
3559 1343 3650 1409 μὲν
3696 1340 3751 1415 ἦν

2216 1437 2537 1506 περιμεῖναι
2585 1435 2720 1498 τέως
2769 1435 2989 1504 μικρὸν,
3031 1435 3154 1486 ἐπεὶ
3196 1435 3252 1486 δὲ
3318 1433 3643 1502 καταθύμιόν
3685 1453 3748 1490 σοι

2216 1528 2372 1582 τοῦτὸ
2413 1530 2562 1582 ἐστιν
2593 1530 2892 1595 ἀναγκαῖον
2939 1531 3031 1580 τὸν
3076 1527 3328 1595 δεύτερον
3361 1528 3390 1579 ὃ
3442 1544 3570 1594 φασι
3613 1529 3750 1581 πλοῦν

2217 1620 2313 1672 καὶ
2374 1619 2802 1689 καταφράκτους
2851 1620 3191 1689 στρατὶωτας
3235 1620 3458 1680 ἱκανοὺς
3507 1619 3750 1687 Ῥωμαίων

2217 1711 2280 1777 ἐξ
2307 1713 2461 1781 ἡμῶν
2489 1711 2858 1766 ἀναλαϐέσθαι
2914 1711 3042 1774 τοὺς
3082 1711 3292 1771 ἀϐλαϐῆ
3326 1727 3386 1763 σε
3431 1711 3747 1775 διασώσοντας

2223 1802 2416 1872 μέχρις
2443 1801 2608 1855 αὑτοῦ
2651 1801 2894 1855 Ἰκονίου.
2944 1800 3086 1853 ’Δ).λ’
3118 1800 3235 1852 οὐδὲ
3263 1800 3401 1868 πρὸς
3432 1800 3584 1852 τοῦτο
3614 1819 3746 1854 κατα-

531 1903 714 1942 verum
745 1891 999 1958 quoniam
1032 1890 1082 1942 id
1116 1891 1208 1942 tibi
1245 1890 1434 1959 utique
1460 1892 1609 1945 cordi
1647 1906 1750 1944 non
1783 1901 1884 1954 est,
1915 1891 2109 1946 cedere

2217 1896 2406 1963 πειοὴς
2441 1896 2468 1946 ὁ
2501 1893 2782 1964 Βάρϐαρος
2811 1888 2900 1963 ἦν,
2932 1894 3089 1945 ὁποῖα
3120 1892 3190 1944 τὰ
3221 1893 3329 1943 τῶν
3363 1891 3642 1960 Βαρϐάρων
3662 1894 3743 1964 ἥϐη

536 1995 619 2034 me
644 1996 868 2035 necesse
896 1992 978 2035 est
1009 1984 1270 2035 voluntati
1309 1993 1431 2036 line.
1460 1983 1693 2037 Tantum
1759 1993 1906 2051 peto,
1947 1984 2114 2052 priori

2215 1987 2474 2057 ἀγέρωχα
2525 1987 2748 2056 μονονοὺ
2786 1986 2878 2039 καὶ
2913 1983 3095 2038 αὐτῶν
3139 1982 3314 2051 νεφῶν
3364 1983 3748 2051 ὑπερϐάλλεσθαι

527 2073 754 2126 consilio
777 2075 1052 2132 exclusus.
1081 2077 1313 2128 alterum
1349 2087 1397 2127 ut
1430 2075 1529 2128 hoc
1565 2091 1630 2129 ne
1665 2077 1896 2146 rejicias.
1923 2076 2109 2131 Stlmal

2216 2077 2500 2146 οἰομένων.
2563 2076 2976 2143 Συνταξάμενος
3042 2076 3218 2128 τοίνυν
3272 2072 3351 2142 τῷ
3415 2073 3747 2143 αὐτοκράτορι,

533 2177 712 2218 tecum
749 2181 944 2220 censeo
987 2168 1242 2220 idoneum
1299 2185 1581 2220 numerum
1628 2170 2108 2235 cataphractorum

531 2258 770 2311 militum
804 2274 864 2312 ex
911 2259 1172 2314 Romanis
1205 2261 1412 2313 nostris
1462 2262 1553 2329 qui
1608 2272 1658 2313 Ie
1705 2262 1913 2314 salvum
1953 2271 2116 2330 atque

529 2349 855 2404 incolumem
887 2351 1128 2405 Iconium
1158 2367 1331 2421 usque
1371 2353 1476 2406 ﬁdo
1511 2353 1762 2419 praesidio
1794 2355 2110 2419 perducant.

527 2439 606 2494 Ne
635 2442 735 2495 huc
763 2442 977 2510 quidem
1018 2443 1329 2511 permaderi
1393 2442 1649 2496 Sullanus
1683 2443 1848 2508 sivit,
1883 2454 1938 2497 ut
1984 2454 2112 2498 sunt

529 2533 800 2598 pervicaci
833 2533 1036 2587 ferocia
1078 2535 1420 2602 praetidrntes
1464 2533 1709 2593 Barbari.
1738 2549 1800 2588 ac
1837 2550 1972 2601 pene
2009 2553 2109 2587 Itu-

529 2625 622 2678 bes
655 2638 774 2677 sese
807 2625 948 2690 ipsas
978 2640 1304 2691 exmperare
1383 2625 1749 2694 magnitudine
1820 2627 2162 2695 potentiaque
2201 2636 2504 2680 autumant.
2541 2623 2668 2680 Vale
2710 2625 2871 2694 igitur
2907 2625 3215 2694 imperatori
3245 2625 3420 2685 dicto.

529 2725 684 2770 natus
714 2716 937 2784 pecunia
975 2718 1245 2786 repetebat
1268 2721 1505 2784 dmnum;
1533 2729 1587 2771 at
1613 2735 1738 2774 ecce
1766 2731 1924 2776 nocte
1949 2727 2184 2791 quadam
2225 2721 2507 2774 dormienti
2534 2722 2800 2773 soumimu
2833 2721 3077 2785 ollertur,
3144 2738 3250 2775 non
3308 2723 3377 2775 ab

2216 2168 2312 2220 καὶ
2347 2168 2607 2236 χρήματα
2640 2165 2801 2218 ἱκανὰ
2825 2163 3034 2229 λαϐὼν,
3073 2165 3173 2232 τῆς
3220 2164 3359 2232 πρὸς
3402 2160 3472 2213 τά
3514 2160 3638 2214 οἴκοι
3675 2177 3750 2224 φε-

2219 2257 2422 2329 ρούσης
2475 2257 2673 2328 εἴχετο.
2741 2258 2989 2328 Ὄνειρος
3037 2257 3093 2309 δέ
3147 2275 3228 2317 τις
3300 2256 3582 2323 ἐφίσταται
3633 2253 3756 2323 αύτῷ

2213 2350 2408 2412 νυκτὸς
2441 2351 2540 2403 οὐκ
2570 2349 2876 2418 ἀπατηλὸς,
2901 2348 3025 2402 οὔτε
3057 2352 3121 2402 ὲκ
3177 2352 3299 2412 Διὸς
3347 2348 3626 2418 πεμφθεὶς,
3653 2347 3758 2400 οὔτε

2213 2442 2324 2512 μὴν
2353 2441 2664 2512 ἐποτρύνων
2694 2442 2833 2512 πρὸς
2867 2445 3046 2511 μάχας
3081 2443 3174 2494 τδν
3211 2442 3514 2512 Βάρϐαρον,
3540 2441 3765 2511 καθάπερ

2210 2535 2242 2603 ἠ
2274 2532 2503 2596 γλυκεῖά
2545 2549 2682 2602 φησι
2709 2533 2951 2600 ποίησις,

3499 2627 3654 2680 multa
3685 2625 3770 2678 do-

3479 2718 3603 2774 Jove
3665 2722 3776 2774 mis-

527 2824 666 2869 sum,
702 2807 996 2863 incitausve
1027 2812 1092 2862 ad
1127 2825 1336 2878 pugnas
1368 2809 1689 2874 Barbanna,
1721 2813 1880 2880 quale
1913 2814 2096 2870 Suavis
2137 2814 2374 2867 celebrat
2402 2811 2618 2866 Homeri
2655 2813 2807 2866 Musa
2833 2852 2848 2873 ,

600 2899 832 2969 referens
867 2899 1134 2954 Neleidem
1169 2900 1396 2955 Nestora
1433 2903 1580 2956 uultu
1616 2919 1636 2957 :

531 2993 624 3047 sed
672 3008 836 3047 verax
892 2993 1118 3047 nimium
1172 3009 1238 3047 ac
1287 2995 1462 3050 minas
1502 2995 1766 3050 malorum
1829 2998 2113 3051 eventibus

527 3084 851 3139 sanciendae
883 3082 1086 3138 ferens.
1109 3083 1410 3138 Videbatur
1433 3085 1534 3140 sibi
1561 3087 1832 3154 praudens
1867 3086 2114 3142 infestari

528 3174 864 3230 circumfuso
893 3175 1130 3245 undique
1165 3177 1409 3231 exercitu
1444 3194 1753 3231 muscarum
1790 3194 1951 3248 quem
1986 3183 2117 3232 ede-

2681 2904 2924 2969 Νηληΐῳ
2960 2897 3048 2956 υἷϊ
3078 2902 3308 2968 ἐοικὼς,

2218 2995 2353 3049 ἀλλὰ
2373 2995 2594 3066 τ’άληΘῆ
2622 2996 2700 3066 τῷ
2731 2996 3002 3065 Βαρϐάρῳ
3034 2996 3562 3065 προμαντευόμενος.
3599 2995 3787 3051 Ἐδόκει

2217 3088 2330 3156 γὰρ
2348 3087 2487 3154 τάχα
2515 3087 2677 3155 μυίας
2697 3087 2740 3118 ³⁸
2763 3088 2820 3139 ὲν
2845 3085 2920 3151 τῷ
2938 3086 3170 3155 ἁριστᾷν
3188 3085 3392 3153 ὁμαδὸν
3423 3085 3788 3155 περιχυθείσας

2220 3175 2390 3245 αὐτῷ,
2427 3178 2518 3228 καὶ
2548 3176 2608 3229 ὂν
2645 3179 2944 3245 κατήσθιεν
2970 3177 3135 3244 ἄρτον
3159 3177 3222 3228 ὲκ
3247 3177 3356 3228 τῶν
3389 3177 3591 3244 χειρῶν
3621 3178 3792 3247 ἀφαρ-

531 3267 622 3319 bat
652 3282 846 3336 panem
882 3277 1211 3336 extorquere
1251 3270 1349 3338 ipsi
1396 3270 1461 3322 de
1499 3271 1746 3324 nianibus
1778 3273 2109 3328 conantium.

2221 3269 2394 3322 πάσαι
2447 3266 2805 3330 σπευδούσας.
2853 3266 2960 3320 Τοῦ
3000 3267 3055 3319 δὲ
3113 3269 3600 3337 καταφρονητικῶς
3633 3269 3793 3322 διατι-

528 3354 795 3412 lrridebat
821 3359 1150 3414 inser-torum
1190 3359 1525 3414 diﬁlabilium
1556 3378 1722 3414 vanos
1751 3373 1948 3427 motus,
1978 3380 2112 3417 eon-

531 3449 886 3517 temptimque
912 3451 1203 3521 abigebat;
1237 3467 1359 3504 cum
1393 3467 1612 3520 repente
1663 3470 1860 3508 muscae
1895 3467 2112 3508 verum.

532 3549 620 3592 tur
648 3543 698 3594 in
726 3542 930 3605 leones,
967 3552 1169 3597 nmtata
1193 3546 1300 3613 jam
1340 3555 1526 3598 natura
1567 3546 1724 3600 facile
1765 3547 1864 3614 ipsi
1903 3563 2112 3614 μετενδ-

535 3633 734 3687 lentes.
766 3634 1131 3704 Experrecms
1169 3638 1344 3691 visum
1395 3650 1583 3692 narrat
1633 3640 1760 3693 dato
1792 3641 1890 3692 sibi
1932 3641 1984 3693 in
2015 3641 2114 3694 via:

532 3727 790 3780 comitem
827 3727 893 3779 ab
925 3727 1254 3796 imperatore
1293 3729 1447 3783 militi
1476 3771 1491 3794 ,
1523 3730 1677 3799 cujus
1727 3733 1890 3784 etiam
1923 3733 1990 3784 de
2025 3733 2111 3784 in-

533 3818 923 3885 terpri-tatione
952 3820 1150 3874 somnii
1186 3821 1515 3875 sententiam
1553 3826 1792 3892 exquirit
1827 3843 1840 3878 :
1877 3840 1983 3892 quo
2027 3842 2114 3879 re-

533 3909 834 3976 spondente
886 3909 1056 3964 videri
1104 3912 1209 3966 sibi
1253 3928 1564 3966 muscarum
1619 3915 1725 3970 illis
1784 3931 1845 3970 ae
1898 3917 2111 3972 leonum

533 3999 856 4064 iusultibus,
909 4016 1068 4057 veros
1122 4003 1464 4058 inimicorum
1519 4005 1767 4060 incursus
1816 4010 2106 4077 portendi,

533 4091 692 4144 ﬁdem
731 4092 904 4147 ariolo
935 4109 1038 4148 non
1075 4094 1300 4161 addidit,
1338 4111 1523 4150 vermn
1557 4099 1634 4152 uti
1671 4110 1912 4168 coeperat
1960 4119 2116 4156 ruere

533 4199 787 4252 pergens,
822 4199 982 4253 quam
1015 4186 1318 4254 improvide
1359 4188 1597 4252 inierat,
1653 4181 1843 4245 seettre
1889 4192 2114 4248 nimium

535 4274 680 4327 nullo
714 4276 906 4329 idoneo
935 4285 1108 4330 tectus
1144 4278 1401 4332 comitatu
1440 4281 1578 4334 viam
1613 4282 1858 4353 urgebat.
1895 4283 2119 4339 Praemi-

533 4369 604 4420 sit
642 4377 820 4420 tamen
869 4369 1248 4437 exploratores
1299 4372 1388 4439 qui
1431 4373 1825 4439 observarent,
1867 4392 1989 4429 mox
2029 4394 2114 4429 re-

535 4461 852 4521 nuntiaturi,
896 4477 1022 4514 num
1051 4464 1140 4530 qui
1185 4463 1370 4517 hostes
1404 4466 1604 4532 egressi
1638 4466 1704 4519 ad
1753 4469 2107 4536 przedaudum

534 4563 736 4607 essent.
789 4551 1084 4607 Oﬁ‘endunt
1139 4555 1509 4623 exploratores
1562 4558 1734 4624 ipsum
1770 4559 1946 4614 Masut
1995 4577 2117 4616 cum

2218 3363 2450 3432 Θεμένου
2502 3363 2595 3414 καὶ
2617 3361 3054 3431 ἀποδιοπομπεϊν
3109 3362 3548 3431 ἐπιχειροῦντος,
3584 3363 3790 3430 αἰφνιξς,

2214 3456 2294 3514 είς
2342 3455 2534 3508 λέοντα
2583 3452 2994 3518 ἁλλαΞαμένους
3027 3454 3126 3524 τὴν
3160 3453 3322 3523 φύσιν
3359 3453 3455 3506 καὶ
3509 3455 3793 3524 ὑπερισχύ-

2214 3549 2376 3609 κὸτας
2437 3547 2627 3602 αὑτοῖ.
2684 3546 3033 3610 Διυπνισθεὶς
3087 3546 3146 3599 δὲ
3207 3545 3288 3614 τῷ
3353 3546 3790 3616 συνοδοποροῦντι

2215 3641 2390 3710 τούτῳ
2443 3636 2753 3709 στρατιώτῃ
2815 3637 2909 3690 τοῦ
2967 3639 3378 3709 αὐτοκράτορος
3431 3639 3672 3707 διηγεῖτο
3713 3639 3792 3690 τὸν

2214 3730 2452 3802 ὀνειρον,
2488 3729 2895 3799 πυνθανόμενος
2937 3729 2992 3781 τί
3042 3730 3109 3784 ἂν
3163 3729 3428 3799 βούλοιτο.
3461 3730 3568 3781 T06
3616 3730 3673 3780 δὲ
3721 3730 3791 3789 εἰς

2215 3825 2443 3895 ἐχθροὺς
2468 3825 2567 3887 τὰς
2607 3824 2772 3893 μυίας
2811 3824 2853 3855 ³¹
2885 3839 2944 3876 τε
2979 3825 3074 3875 καὶ
3098 3824 3222 3884 τοὺς
3249 3822 3473 3884 λέοντας
3496 3821 3789 3883 διαλύοντος

2215 3919 2308 3969 τὸν
2361 3918 2604 3988 ὄνειρον,
2641 3917 2803 3979 αὐτὸς
2841 3917 2906 3986 δὴ
2945 3914 3226 3968 πιστεύειν
3268 3915 3370 3967 οὐκ
3414 3914 3626 3984 ἢθελεν,
3668 3915 3788 3966 ἀλλὰ

2218 4011 2522 4074 σπουδαίως
2561 4011 2654 4063 καὶ
2683 4009 3106 4080 ἀπερισκέπτως
3133 4008 3230 4076 τῆς
3258 4007 3570 4075 ὁδοιπορίας
3602 4005 3788 4075 silete.

2220 4103 2460 4165 Σκοποὺς
2485 4102 2541 4155 δὲ
2575 4103 2715 4173 τάχα
2743 4101 3188 4172 προαπεστάλκει
3235 4099 3320 4169 ἐφ’
3347 4093 3390 4166 ᾧ
3427 4099 3788 4170 περιαθρῆσαι

2222 4199 2295 4266 μή
2326 4214 2471 4259 τινες
2499 4194 2684 4267 ἐχθροὶ
2726 4196 2806 4259 εἰς
2841 4194 3124 4265 προνομὴν
3164 4191 3606 4262 ἐξεληλύθεισαν.
3647 4189 3790 4258 Αὐτῷ

2218 4290 2274 4342 δὲ
2306 4289 2384 4360 τῷ
2419 4289 2646 4342 Μασοὺτ
2677 4288 2727 4340 οἱ
2759 4288 2952 4341 σκοποὶ
2979 4284 3397 4355 ἐντετυχηκότες
3432 4284 3574 4360 μετὰ
3604 4282 3789 4345 πολλῆς

2222 4359 2484 4454 στρατιᾶς
2536 4383 2641 4454 ήδη
2701 4380 3218 4452 καταλαμϐάνοντι,
3282 4377 3377 4430 καὶ
3442 4359 3790 4446 ὁμιλήσαντες

2220 4475 2398 4544 τούτῳ
2451 4473 2769 4544 ξυνθέμενοι
2804 4489 2864 4525 τε
2916 4475 2979 4541 τῇ
3025 4469 3240 4522 ἐκείνου
3276 4467 3422 4520 κατὰ
3469 4467 3565 4518 106
3609 4465 3795 4517 Σαῐσζτν

2224 4569 2439 4639 γνώμῃ,
2481 4565 2852 4636 ἐπέστρεψαν,
2884 4563 3089 4632 μηδένα
3121 4561 3426 4631 ἑωρακέναι
3459 4557 3796 4611 διαϐεϐαιού-

533 4645 778 4699 exercitu
813 4647 1016 4716 ingenti
1063 4649 1307 4714 pro‘xime
1353 4649 1462 4716 jam
1518 4652 1752 4707 distante
1805 4668 1832 4706 a
1894 4653 2109 4708 Sullano

2227 4676 2400 4729 μενοι.
2468 4659 2666 4712 Πιστδν
2689 4659 2745 4711 δὲ
2789 4659 2878 4710 τὸν
2910 4654 3068 4721 λόγον
3122 4651 3403 4720 δεξαμένῳ
3454 4649 3535 4719 τῷ
3606 4648 3797 4700 Σαῖσὲν

534 4755 692 4806 quem
727 4739 951 4794 infestus
980 4742 1213 4810 petebat.
1238 4741 1376 4805 Quid
1405 4742 1645 4797 facerent
1663 4745 1822 4798 rebus
1847 4745 2116 4815 perditis?

544 4843 738 4899 nempe
767 4847 887 4884 cum
947 4832 1172 4886 fortiore
1204 4833 1587 4901 colloquuntur
1621 4837 1673 4890 et
1717 4837 2024 4906 proditione
2055 4853 2116 4892 ac

535 4925 762 4992 perﬁdia
789 4925 1016 4980 salutem
1056 4927 1195 4994 pacti
1241 4928 1539 4995 propriam,
1586 4944 1653 4985 ex
1703 4933 2008 5001 composito
2045 4933 2111 4987 ad

2225 4749 2322 4802 καὶ
2365 4749 2823 4820 ἀπεριμερίμνως
2872 4744 3138 4805 ὁδεύοντι,
3175 4741 3442 4811 δυνάμεις
3489 4741 3638 4809 αύτῷ
3685 4756 3797 4790 συν-

2225 4840 2432 4894 αντῶσι
2478 4839 2822 4912 βαρϐαρικαὶ
2873 4838 2970 4890 106
3021 4833 3270 4890 Μασούτ.
3327 4834 3695 4904 Προπηδήσας
3745 4831 3798 4883 δὲ

2221 4934 2322 5002 τῆς
2371 4933 2658 5002 φάλαγγος
2685 4931 2868 5002 Γασής
2911 4931 2955 4962 ³⁸
3011 4927 3125 5000 (80)
3183 4943 3269 4990 τις
3311 4926 3429 4990 υἱὸς
3474 4924 3573 4979 τοῦ
3601 4923 3794 4995 σατρά-

1570 5026 1772 5088 Variae
1802 5027 2110 5091 lectiones
2141 5046 2221 5091 ex
2255 5028 2401 5091 cod.
2446 5027 2714 5090 Coislin.

642 5122 687 5154 ³ο
715 5120 882 5194 μύας.
962 5123 1003 5156 ³¹
1034 5123 1201 5194 μῦας.
1279 5125 1324 5159 ³¹
1355 5126 1559 5198 Σαλής.

1623 5198 1765 5260 Car.
1806 5195 2141 5258 Dufresnii
2176 5199 2278 5259 Dn
2313 5197 2532 5278 Cangii
2573 5204 2762 5259 notae.

609 5297 718 5366 (80l
752 5297 973 5366 Γαζῆς.
1008 5297 1107 5364 Qui
1144 5299 1210 5352 ab
1234 5298 1496 5354 0rderico
1531 5297 1717 5360 Vitali,
1749 5298 1843 5352 lib.
1880 5313 1958 5362 XI,
1998 5297 2109 5352 Ga-

536 5371 633 5433 zis,
665 5370 730 5421 ab
784 5370 904 5422 aliis
954 5367 1116 5421 (ἔτιλεί
1164 5381 1526 5437 nuncupatur.
1563 5370 1780 5439 Tyrius,
1831 5368 1926 5422 lib.
2011 5386 2105 5433 xu,

537 5456 655 5509 eap.
693 5441 726 5494 9
759 5457 771 5491 :
809 5439 1114 5503 Inﬁdelium
1146 5441 1540 5508 potentissimus
1570 5440 1834 5508 princeps,
1878 5448 1927 5491 et
1967 5443 2106 5500 apud

536 5527 661 5563 suos
693 5510 843 5563 valde
873 5509 1248 5578 formidabilis,
1282 5510 1506 5576 infelicis
1560 5510 1742 5579 populi
1796 5521 1844 5563 et
1891 5509 2106 5578 perﬁda:

536 5579 726 5650 plebis,
781 5581 1018 5633 videlicet
1064 5579 1556 5634 Turcomannorum
1611 5580 1864 5650 Dominus
1913 5579 2104 5635 Gazzi.

533 5647 817 5713 Gauterio,
856 5651 933 5705 De
966 5650 1112 5705 bellis
1144 5650 1389 5704 Antioch.
1443 5652 1597 5704 Amir
1645 5647 2103 5709 GaziTurcorum

536 5720 840 5776 amiraldus
879 5722 1102 5774 dicitur.
1145 5719 1268 5775 Fuit
1296 5737 1457 5790 porro
1481 5721 1644 5776 Gazis
1681 5721 1882 5790 Asanis
1933 5719 2106 5774 Catu-

540 5791 650 5854 cni,
690 5805 854 5859 quem
883 5800 1041 5844 antea
1071 5789 1415 5856 Saisan,seu
1444 5789 1825 5856 Cliziastblan,
1855 5796 2109 5846 suttanus

541 5859 912 5926 interfecerat,
944 5860 1110 5917 ﬁlius.
1145 5861 1252 5917 Sed
1278 5877 1346 5917 an
1379 5859 1654 5916 Catucbus
1691 5861 1831 5915 idem
1865 5863 1936 5916 sit
1987 5877 2109 5916 cum

2215 5299 2520 5362 ldulducho,
2578 5315 2698 5358 seu,
2758 5315 2788 5350 u
2853 5299 3132 5352 vocitatur
3185 5313 3213 5350 a
3263 5296 3458 5368 Tyrio,
3517 5294 3791 5368 Eleusium.

2211 5371 2591 5442 potentissimo
2656 5370 2952 5422 Turcornm
3027 5379 3266 5442 satrapa,
3316 5367 3444 5436 iqui
3507 5382 3538 5419 a
3617 5367 3799 5442 Delde-

2211 5436 2374 5494 chino
2409 5439 2738 5492 Damasceno
2795 5448 3020 5508 tyranno
3053 5439 3188 5508 neci,
3228 5443 3385 5492 datus
3413 5446 3496 5491 est
3549 5452 3635 5492 an.
3671 5436 3798 5493 Chr.

2211 5512 2372 5576 1113,
2447 5525 2550 5561 nou
2611 5507 3068 5563 ausim’omnino
3135 5507 3424 5570 afﬁrmare,
3488 5523 3608 5560 cum
3668 5510 3799 5559 Asa-

2219 5598 2346 5637 num
2398 5579 2698 5633 Catucbum
2752 5593 2782 5632 s
2839 5578 3213 5634 Clziastlilane
3268 5576 3534 5632 leonieusi
3590 5578 3802 5630 sultano

2209 5652 2485 5706 sublatum
2520 5649 2721 5703 scribat
2749 5652 2924 5701 Anna.
2953 5649 3085 5702 Vide
3111 5661 3166 5702 et
3185 5647 3374 5703 confer
3395 5648 3676 5700 Albertmn
3700 5648 3800 5715 Aq,

2213 5723 2308 5777 lib.
2342 5736 2440 5785 xu,
2475 5736 2598 5785 cap.
2631 5719 2664 5774 9
2696 5731 2752 5774 et
2784 5719 2883 5782 17;
2912 5729 2967 5772 et
2997 5718 3242 5787 Tyrium,
3275 5720 3368 5772 lib.
3402 5734 3477 5780 ιι,
3510 5732 3630 5783 cap.
3653 5718 3717 5772 l9
3753 5729 3802 5770 et

2214 5793 2312 5847 20.
2343 5789 2487 5844 Idem
2518 5788 2839 5851 Ordericus,
2873 5805 2994 5858 pag.
3021 5788 3162 5855 829;
3196 5788 3407 5852 Gazim,
3446 5798 3696 5856 nepotem
3751 5801 3802 5840 et

2220 5861 2492 5920 lmredem
2527 5860 2692 5915 Balad
2718 5859 2903 5930 Calepi
2931 5862 3136 5914 domini
3167 5860 3334 5914 luisse
3380 5870 3571 5913 auctor
3620 5866 3732 5911 est.
