3960 6606
252 427 387 492 1149

1508 416 1915 477 ALEXIADIS
1956 418 2102 483 LIB.
2132 421 2257 482 XV.

3355 406 3494 488 1150

248 562 349 596 που
423 543 587 596 Ἀσάν
645 542 865 608 Κατοὺχ
923 540 1022 608 τὴν
1077 540 1271 608 κλῆσιν
1326 537 1385 590 δν
1443 536 1809 607 προφθάσαςί

1924 536 2203 592 Saisanem
2263 539 2490 594 redeunt
2540 538 2708 612 480
2753 541 3139 595 conﬂrmantes
3187 554 3245 595 se
3291 541 3494 595 vidisse

244 634 446 690 Σαῖσάν
484 635 663 685 ἀνεῖλε
709 632 1017 690 σουλτάνον,
1063 631 1213 683 παίει
1257 629 1445 682 τοῦτον
1475 629 1563 681 διὰ
1597 627 1690 681 τοῦ
1735 627 1819 681 δό-

248 742 429 795 ρατος.
477 724 534 777 ’0
567 724 621 777 δὲ
651 724 863 791 γοργῶς
888 723 1245 791 ἐπιστραφεὶς
1273 721 1571 791 ἐξαρπάζει
1602 720 1662 772 τὸ
1692 720 1819 789 δόρυ

244 819 350 872 τῶν
380 815 579 886 χειρῶν
602 815 694 868 τοῦ
722 816 889 878 Γαζῆ,
917 819 1154 883 φάμενος
1185 814 1263 876 ὡς
1289 816 1409 868 Οὐκ
1436 814 1608 883 ᾔδειν
1636 812 1818 880 ἔγωγε

245 909 334 960 ὅτι
365 907 461 960 καὶ
494 906 779 975 γυναῖκες
814 906 931 959 νῦν
955 906 1174 972 δόρατα
1195 905 1445 974 φέρουσι
1475 905 1603 959 καθ’
1627 904 1814 973 ἡμῶν,

245 999 341 1051 καὶ
371 997 672 1069 τηνικαῦτα
699 997 919 1066 φεύγων
949 997 1048 1066 τῆς
1076 998 1211 1067 πρὸς
1240 996 1331 1050 τὸν
1363 996 1584 1067 βασιλέα
1620 995 1815 1063 φερού-

248 1107 347 1157 σης
382 1090 579 1158 εἴχετο.
622 1090 944 1158 Ἀπείργετο
967 1089 1023 1141 δὲ
1059 1089 1211 1158 παρὰ
1239 1089 1330 1141 τοῦ
1380 1092 1818 1158 συνεφεπομένου

246 1182 397 1252 αὐτῷ
428 1182 660 1250 Πουχέα,
693 1182 750 1241 ὃς
776 1181 853 1249 τῷ
889 1182 1042 1250 μέρει
1068 1180 1162 1233 τοῦ
1185 1182 1410 1235 Masobt
1440 1181 1606 1233 πάλαι
1653 1197 1821 1248 προσ-

244 1275 517 1342 κείμενος,
548 1273 627 1341 τῷ
664 1273 972 1342 φαινομένῳ
1013 1274 1204 1338 φιλίως
1275 1274 1350 1338 τῷ
1396 1274 1597 1325 Σκῖσὰν
1634 1289 1805 1340 προσ-

244 1364 478 1433 είςέρετο
507 1362 571 1416 τὰ
593 1360 769 1432 λῲονα
798 1365 937 1432 τάχα
970 1364 1373 1431 ὑποτιθέμενος,
1415 1366 1479 1431 τῇ
1526 1362 1569 1413 δ’
1590 1361 1819 1432 ἀληθείᾳ

244 1455 428 1516 πάγας
458 1453 606 1521 αύτῷ
642 1454 734 1504 καὶ
781 1452 1003 1522 βόθυνον
1033 1452 1275 1522 ὀρύττων
1297 1493 1311 1518 ,
1347 1451 1693 1516 ξυνεϐούλευε
1743 1452 1817 1519 μὴ

241 1541 383 1611 πρὸς
407 1542 497 1593 τὸν
530 1541 752 1611 βασιλέα
783 1541 1195 1611 παλινοστῆσαι,
1242 1541 1379 1593 ἀλλὰ
1424 1544 1503 1604 εἰς
1535 1540 1594 1593 τὸ
1641 1539 1819 1607 Τυγάο

240 1652 354 1687 νίον
404 1634 448 1665 ⁸³
488 1633 767 1698 εἰσελθεῖν,
822 1634 1017 1703 μικρὸν
1053 1636 1151 1701 τῆς
1194 1633 1314 1686 ὁδοῦ
1356 1632 1816 1703 παρεκκλίναντα,

240 1725 516 1794 πολίχνιον
549 1726 605 1777 δὲ
648 1724 805 1778 τοῦτο
847 1724 1073 1794 ἔγγιστα
1103 1725 1198 1778 τοῦ
1246 1725 1569 1794 Φιλομηλίου
1612 1724 1818 1777 διακεί-

240 1833 427 1885 μενον.
463 1816 715 1869 Πείθεται
768 1819 882 1878 τοῖς
928 1817 1022 1869 τοῦ
1095 1819 1307 1887 Πουχέα
1339 1817 1518 1883 λόγοις
1556 1818 1583 1868 ὁ
1617 1816 1819 1868 Σαῖσὰν

237 1909 456 1976 νήπιος,
489 1908 584 1960 καὶ
613 1907 936 1959 καταλαϐὼν
967 1910 1027 1961 τὸ
1057 1909 1323 1975 Τυγάνιον
1346 1909 1633 1979 προσηνῶς
1666 1912 1817 1979 παρὰ

236 2000 349 2051 τῶν
401 1998 634 2051 ἐποίκων
690 1998 981 2069 Ῥωμαίων
1032 1999 1264 2069 ἐδέχθη,
1296 2002 1675 2067 γινωσκόντων
1721 2002 1819 2070 τὴν

235 2088 381 2157 πρὸς
406 2088 569 2141 αὑτὸν
598 2087 690 2140 τοῦ
746 2088 1009 2158 βασιλέως
1038 2090 1343 2159 εὐμένειαν.
1408 2089 1820 2153 Καταλαϐόντες

234 2180 290 2232 δὲ
317 2182 368 2232 oi
406 2180 704 2250 Βάρϐαροι,
742 2181 834 2232 καὶ
876 2181 1038 2243 αὐτὸς
1076 2183 1103 2234 ὁ
1137 2183 1362 2235 Macrob“:
1411 2182 1819 2250 περιζώσαντες

235 2270 474 2340 γύροθεν
507 2271 572 2322 τὰ
612 2272 777 2353 τείχη
798 2272 931 2341 πρὸς
968 2273 1284 2343 πολιορκίαν
1316 2276 1599 2327 ἀπένευον.
1647 2276 1705 2327 Ὀ
1739 2276 1816 2337 δὲ,

236 2362 534 2431 προκύψας
577 2364 817 2421 ἄνωθεν,
860 2364 1112 2434 μεγάλως
1154 2366 1429 2435 ὴπειλεῖτο
1475 2370 1587 2430 τοίς
1618 2370 1814 2438 όμοφύυ

236 2452 354 2514 λοις
411 2452 576 2506 αὑτοῦ
636 2454 938 2525 Βαρϐάροις
969 2497 983 2520 ,
1031 2457 1155 2508 ὅσον
1190 2457 1289 2528 ἤδη
1327 2458 1505 2525 λέγων
1560 2458 1818 2527 δυνάμεις

247 2542 567 2608 Ῥωμαϊκὰς
617 2543 1054 2610 καταλαμϐάνειν
1100 2545 1297 2606 αὐτοὺς
1340 2543 1433 2597 τοῦ
1484 2546 1817 2614 αὐτοκράτο-

238 2650 356 2700 ρος,
396 2633 487 2684 καὶ
522 2634 568 2685 εί
605 2634 677 2702 μὴ
732 2634 996 2688 παύσεται
1026 2635 1126 2705 τῆς
1159 2636 1337 2706 μάχης
1371 2635 1649 2689 πείσεσθαι
1689 2637 1819 2689 τόσα

234 2726 334 2777 καὶ
386 2725 533 2777 τόσα.
589 2725 938 2779 Ἀλιθίσταντο
998 2727 1053 2780 δὲ
1120 2730 1211 2780 καὶ
1242 2729 1290 2778 οἱ
1342 2728 1491 2790 ἐντὸς
1558 2726 1817 2796 Ῥωμαῖοι

230 2818 349 2877 τοῖς
376 2814 640 2884 Τούρκοις
669 2815 952 2882 γενναίως,
999 2815 1059 2868 '0
1088 2814 1143 2868 δὲ
1194 2816 1436 2885 Πουχέας
1470 2816 1567 2881 τὴν
1610 2815 1817 2884 σκηνὴν

227 2904 620 2976 δςαρρήγνυσι,
676 2908 764 2957 καὶ
808 2904 899 2956 τὸν
950 2904 1320 2974 κρυπτόμενον
1367 2906 1432 2975 τῇ
1479 2903 1610 2973 δορᾷ
1657 2905 1819 2956 λύκον

230 2998 312 3056 είς
346 2997 660 3065 τούμφανὲς
702 2996 1012 3064 ἐξαγαγὼν,
1063 2996 1276 3048 κάτεισι
1325 2996 1438 3048 τῶν
1487 2996 1704 3064 τειχῶν,
1741 2996 1816 3064 τῷ

231 3087 342 3156 μὲν
407 3088 609 3140 Σαῖσάν
662 3088 1038 3159 ὑποσχόμενος
1095 3087 1367 3158 θαρσύναι
1431 3087 1632 3158 μᾶλλον
1689 3088 1815 3151 τοὺς

1921 631 2210 684 neminem.
2231 630 2345 686 Non
2365 632 2623 687 dubitavit
2654 634 2847 687 Saisan
2875 633 3000 700 quin
3033 647 3157 686 vera
3184 640 3489 685 narrarent.

1922 719 2156 787 Indeque
2204 731 2352 775 tanto
2406 723 2636 778 solutius
2690 722 3067 791 incautiusque
3119 723 3485 791 progredienti

1922 822 2220 865 occurrunt
2248 813 2415 880 cepis!
2449 814 2748 867 barbarica:
2790 813 3000 877 Masuti,
3033 830 3095 866 ex
3135 822 3240 866 tam
3276 813 3488 864 admota

1924 904 2112 957 vicinia
2146 906 2375 973 primum
2410 907 2535 960 visae
2587 918 2641 959 ιιι
2676 923 2738 961 ex
2776 908 3058 961 instructis
3090 907 3368 959 ordinibus
3409 906 3489 955 ci—

1923 1006 2031 1050 tato
2061 998 2258 1065 impetu
2300 1014 2620 1067 procurrens
2645 999 2814 1054 Cales
2846 1000 3061 1068 quidam
3095 1000 3233 1051 lilius
3256 1010 3489 1065 Satrapm

1920 1088 2063 1140 Asan
2087 1088 2289 1141 Callicli
2315 1088 2462 1152 dicti,
2491 1105 2649 1156 quem
2677 1090 2784 1158 jam
2815 1090 3083 1142 sultannm
3114 1099 3267 1141 antea
3299 1090 3486 1141 Saisan

1919 1181 2236 1243 occiderat,
2276 1180 2555 1233 Saisanem
2587 1183 2767 1233 statim
2807 1182 2980 1246 ipsum
3019 1189 3300 1233 assecutus
3334 1180 3487 1231 hasta

1920 1274 2167 1324 cominus
2205 1273 2555 1339 percusserit.
2605 1271 2827 1337 Quando
2869 1272 3055 1324 Saisan
3095 1284 3311 1325 strenue
3356 1285 3485 1323 con-

1920 1376 2109 1414 versus
2139 1371 2439 1428 correptam
2470 1362 2677 1414 hasram
2708 1360 2867 1413 Gazis
2896 1364 3142 1414 manibus
3179 1371 3483 1430 “torquet,

1920 1454 2034 1508 lure
2082 1452 2236 1505 simul
2268 1452 2431 1505 verba
2474 1453 2676 1505 addens
2716 1469 2729 1503 :
2778 1450 3078 1505 Nesciebat"
3118 1453 3356 1506 mulieres
3392 1453 3484 1504 ha-

1919 1554 2029 1597 stas
2062 1558 2199 1597 nunc
2226 1543 2361 1611 ferre
2394 1553 2574 1596 contra
2608 1559 2719 1597 nos.
2762 1543 2858 1595 His
2884 1543 3042 1596 dictis
3092 1542 3225 1610 fuga:
3255 1558 3313 1597 se
3340 1561 3491 1595 mzm-
3519 1558 3539 1580 κ

1930 1636 2023 1688 dat
2052 1646 2197 1687 recta
2229 1648 2349 1687 cum
2385 1634 2434 1687 in
2464 1634 2641 1687 lorum
2680 1634 2959 1686 intendens
2988 1648 3203 1688 Ctll‘Stlm
3242 1633 3329 1685 ubi
3376 1643 3492 1687 erat

1920 1727 2232 1796 imperator.
2271 1726 2374 1780 Sed
2407 1726 2691 1779 revocabat
2727 1740 2849 1777 eum
2886 1739 3068 1777 comes
3097 1724 3214 1792 ejus
3245 1725 3493 1777 Puclteas

1923 1819 2113 1873 Masuti
2147 1819 2389 1888 partibus
2422 1818 2547 1871 olim
2595 1819 2853 1880 studens;
2890 1828 2944 1869 at
2976 1831 3082 1884 quo
3118 1817 3287 1884 magis
3324 1830 3489 1869 noce-

1924 1920 2025 1975 ret,
2057 1910 2213 1963 lidem
2241 1920 2295 1963 et
2344 1909 2771 1962 benevolentiam
2807 1909 2860 1961 in
2893 1907 3158 1960 Masutum
3199 1906 3489 1961 simulans.

1919 2001 2063 2069 Ergo
2097 2000 2142 2052 is
2188 1998 2509 2051 auctoritate
2560 2012 2621 2049 ac
2667 1996 2845 2065 specie
2894 1995 3186 2049 consiliarii
3243 1994 3488 2073 ﬁdissimi

1918 2107 2201 2161 aggressus
2230 2092 2483 2145 miserum
2519 2091 2647 2143 nihil
2684 2092 2863 2142 minus
2894 2103 3053 2157 quam
3082 2087 3349 2156 perditum
3380 2087 3489 2141 ibat

1921 2184 2191 2237 hominem
2212 2182 2432 2251 laqueos
2461 2181 2676 2234 incauto
2702 2182 2929 2233 tendens
2953 2190 3003 2233 et
3026 2178 3232 2232 foveam
3259 2180 3486 2233 fodiens.

1918 2275 2187 2330 Suadebat
2223 2284 2400 2328 autem
2435 2274 2482 2327 ei
2514 2288 2579 2327 ne
2632 2281 2993 2326 reverteretur
3031 2273 3095 2323 ad
3146 2274 3443 2340 Augustum
3472 2310 3487 2334 ,

1918 2369 2010 2421 sed
2044 2366 2222 2433 potius
2253 2365 2320 2419 de
2356 2365 2438 2416 via
2474 2364 2762 2417 deﬂectens
2825 2363 3125 2430 pauluium,
3188 2362 3485 2431 Tyganium

1919 2458 2309 2523 ingrederelur,
2362 2456 2677 2523 oppidulum
2723 2454 2772 2505 id
2806 2464 2887 2506 eSt
2918 2454 3078 2504 situm
3112 2469 3217 2506 non
3266 2453 3421 2519 longe
3456 2470 3486 2506 ει

1920 2548 2255 2603 Philomelio.
2279 2547 2462 2601 Credit
2512 2545 2742 2598 Pucheaa
2780 2545 2964 2598 infelix
3020 2542 3210 2597 Saisan
3268 2544 3488 2613 ignarus

1920 2650 2178 2708 quantum
2212 2639 2312 2697 sibi
2344 2640 2466 2693 mali
2494 2640 2881 2700 conscisceret,
2912 2635 3323 2705 Tyganiumque
3361 2652 3488 2704 pro-

1921 2735 2093 2789 iectus
2130 2749 2158 2785 ιι
2203 2732 2457 2787 Romanis
2495 2730 2667 2783 locum
2716 2730 3090 2783 obtinentibus
3115 2769 3129 2793 ,
3182 2746 3277 2797 pro
3311 2730 3488 2783 amico

1922 2826 2265 2893 imperatoris
2292 2823 2501 2893 (pacem
2547 2823 2688 2875 enim
2728 2823 2921 2873 factam
2958 2823 3344 2889 Cognoverant)
3386 2825 3491 2875 ad-
3554 2816 3555 2819 “

1919 2919 2116 2972 missus
2147 2924 2512 2985 exceptusque
2558 2913 2812 2967 benevole
2846 2922 2949 2967 est.
3000 2913 3075 2966 Ite
3121 2911 3358 2966 Masntus
3391 2928 3487 2967 co-

1920 3008 2088 3072 gnita,
2147 3020 2330 3059 muros
2365 3004 2542 3073 oppidi
2592 3018 2787 3056 corona
2843 3003 3082 3070 undique
3148 3003 3491 3071 amplectitur

1919 3112 2147 3166 seseque
2174 3098 2243 3150 ad
2274 3096 2727 3166 oppugnationem
2762 3094 3013 3162 accingit.
3047 3093 3271 3148 Interim
3303 3093 3492 3160 despe-

226 3180 490 3242 ἐποίκους
526 3179 612 3250 ἐφ’
641 3173 685 3248 ᾧ
732 3180 1107 3250 γενναιότερον
1152 3180 1531 3244 ἀνθίστασθαι,
1556 3179 1809 3232 ἀπειλού-

1918 3200 2074 3246 ctans
2109 3205 2139 3244 e
2170 3189 2339 3243 muris
2370 3202 2603 3254 superne
2632 3184 2826 3239 Saisan
2861 3187 3020 3238 tninis
3060 3185 3370 3252 increpabat
3404 3186 3489 3236 in-

228 3290 400 3339 μενος
430 3272 715 3341 δὲμᾶλλον
764 3272 946 3334 αὐτοῖς
992 3272 1087 3327 καὶ
1136 3272 1523 3343 ξυμϐουλεύων
1574 3272 1815 3327 ἐνδοῦναι

226 3364 327 3413 ani.
388 3364 482 3425 τὰς
540 3364 715 3425 πύλας
768 3364 1118 3427 ἀναπετάσας
1162 3368 1274 3427 τοῖς
1321 3365 1678 3434 Τούρκοις,εί
1728 3363 1802 3435 μὴ

224 3452 511 3521 βούλοιντο
539 3452 880 3523 βαρϐαρικῆς
921 3454 1098 3525 χειρὸς
1124 3454 1500 3525 παρανάλωμα
1532 3455 1807 3524 γενέσθαι,

221 3543 447 3596 πολλῶν
503 3545 787 3613 δυνάμεων
846 3545 947 3613 ἤδη
1010 3545 1552 3617 καταλαμϐάνουσῶν
1600 3549 1690 3599 καὶ
1755 3547 1814 3611 ἐξ

220 3635 395 3688 αὑτοῦ
433 3636 705 3704 Χορασάν.
741 3638 802 3688 Oi
836 3637 912 3699 δὲ,
954 3638 1014 3688 τὸ
1057 3637 1241 3707 μέντοι
1306 3637 1394 3690 διὰ
1446 3638 1503 3690 τὸ
1533 3637 1637 3689 τῶν
1673 3638 1814 3708 Βαρ-

220 3727 422 3797 ϐάρων
458 3730 660 3795 πλῆθος
695 3729 1204 3798 ἐκδειματούμενοι,
1235 3730 1295 3781 τὸ
1326 3730 1381 3783 δέ
1414 3748 1497 3782 τοι
1550 3734 1642 3783 καὶ
1691 3735 1811 3795 ταῖς

217 3821 317 3872 τοῦ
351 3821 562 3890 Πουχέα
586 3820 912 3890 ξυμϐοειλαῖς
944 3821 1279 3887 πεισθέντες,
1307 3823 1694 3895 παραχωροῦσι
1715 3824 1810 3893 τῆς

216 3914 439 3964 εἰσόδου
480 3917 592 3978 τοῖς
633 3913 923 3984 Τούρκοις’
951 3918 1041 3967 καὶ
1087 3915 1443 3979 συλλαϐόντες
1470 3918 1560 3970 τὸν
1605 3917 1810 3970 Σαῖσὰν

217 4006 563 4070 σουλτάνον,
601 4006 960 4075 ἀποστεροῦσι
1024 4007 1134 4058 τῶν
1196 4007 1479 4077 ὀμμάτων.
1548 4010 1809 4081 Ὀργάνου

213 4095 272 4147 δὲ
303 4093 447 4161 πρὸς
491 4092 649 4146 τοῦτο
695 4093 1123 4163 χρησιμεύοντος
1162 4096 1509 4163 ἀπορούντων
1545 4098 1606 4150 τὸ
1650 4098 1804 4150 δοθὲν

213 4187 299 4255 τῷ
348 4186 548 4237 Σαϊσάν
578 4188 728 4254 παρὰ
754 4185 845 4238 τοῦ
894 4187 1296 4255 αὐτοκράτορος
1354 4190 1651 4259 μανουῖλην
1694 4191 1807 4262 (81)

213 4280 592 4349 ἐχρημάτισε.
618 4280 724 4330 Καὶ
747 4276 814 4348 ἦν
837 4279 963 4330 ἰδεῖν
987 4280 1290 4348 τηνικαῦτα
1313 4282 1373 4332 τὸ
1393 4281 1598 4351 δοχεῖον
1630 4285 1808 4351 φωτὸς

215 4372 459 4433 σκότους
500 4374 592 4423 καί
614 4370 993 4443 ἀμαυρώσεως
1024 4373 1242 4439 γεγονὸς
1280 4373 1478 4427 αἴτιον.
1520 4375 1705 4445 Αὐγὴν
1737 4378 1793 4429 δέ

210 4483 352 4516 τινα
409 4465 612 4532 μικράν
664 4465 745 4517 ἔτι
797 4465 1124 4519 ὑποϐλέπων
1158 4467 1294 4517 ἐπάν
1325 4466 1383 4518 τὸ
1426 4466 1646 4520 Ἰκόνιον
1683 4486 1802 4540 χει-

1925 3281 2175 3350 gentibus
2209 3279 2442 3334 rebelles
2491 3294 2619 3333 suos
2668 3277 2953 3342 Barbaros,
2991 3278 3314 3330 demmtians
3363 3278 3492 3345 ipsis

1921 3370 2107 3424 adfore
2139 3385 2260 3424 mox
2292 3368 2594 3443 Romanum
2638 3367 2937 3421 exercitum
3008 3366 3334 3433 imperatore
3378 3368 3492 3435 ipso

1923 3464 2200 3525 ductante,
2233 3461 2387 3525 cujus
2419 3458 2557 3511 haud
2593 3458 2751 3511 dubie
2783 3457 2986 3509 victore
3023 3455 3222 3523 impetu
3247 3495 3260 3517 ,
3301 3456 3352 3508 ni
3386 3471 3494 3507 ma-

1924 3563 2039 3604 ture
2075 3552 2421 3615 absisterent,
2470 3550 2678 3616 passuri
2732 3558 2912 3602 essent
2954 3558 3194 3599 extrema
3244 3561 3489 3615 quamne.

1918 3643 2289 3699 Conlirmabat
2320 3656 2411 3695 eas
2442 3643 2611 3693 minas
2649 3639 2804 3691 fortis
2824 3648 2875 3691 et
2897 3648 3151 3709 constans
3181 3654 3492 3704 propugna-

1920 3739 1991 3790 tio
2044 3736 2449 3797 Romanorum;
2495 3741 2603 3784 tum
2652 3729 2899 3784 Pnchcas
2960 3730 3132 3782 velum
3176 3731 3488 3795 abrumpit,

1921 3829 2122 3881 larvam
2155 3827 2325 3895 ponit,
2356 3835 2408 3877 et
2446 3825 2699 3880 latentem
2731 3827 2995 3881 hactenus
3044 3828 3145 3879 sub
3197 3828 3333 3894 pelle
3376 3841 3491 3879 me-

1919 3927 2051 3981 liore
2079 3925 2257 3992 lupum
2289 3925 2341 3977 in
2375 3932 2615 3992 apertum
2649 3939 2929 3989 exsurens,
2962 3925 3286 3978 descendite
3314 3940 3488 3989 muro,

1917 4019 2101 4089 specie
2138 4016 2378 4086 quidem,
2426 4024 2482 4068 ut
2530 4015 2806 4083 indigenas
2852 4024 2901 4068 et
2953 4015 3097 4068 cives
3150 4013 3328 4082 oppidi
3389 4013 3491 4082 (sic

1916 4112 2057 4165 enim
2089 4107 2301 4163 Saisani
2355 4122 2412 4161 se
2462 4106 2736 4160 facturum
2775 4105 3141 4173 promittebat)
3166 4106 3248 4157 .ad
3283 4119 3487 4173 propu-

1916 4198 2113 4267 gnandi
2144 4190 2425 4249 audaciaui‘
2467 4194 2936 4261 constantiamque
2986 4195 3246 4255 (innaret,
3300 4208 3492 4245 revera

1921 4301 1977 4344 ut
2021 4288 2183 4342 minis
2230 4287 2579 4353 consiliisque
2619 4284 2764 4354 ipsos
2809 4285 3119 4352 perpelleret
3183 4285 3248 4336 ad
3302 4294 3495 4352 portas

1917 4378 2108 4431 Turcis
2146 4376 2485 4444 aperiendas,
2519 4376 2569 4427 ni
2605 4375 2822 4427 mallent
2867 4375 3160 4427 barbaricis
3210 4390 3329 4427 mox
3364 4375 3484 4443 gla-

1916 4471 2020 4525 diis
2050 4470 2251 4523 misere
2269 4467 2500 4528 concidi;
2529 4466 2949 4520 innumerabiles
2973 4466 3116 4519 enim
3136 4466 3269 4520 alias
3290 4475 3496 4534 prteter

216 4556 659 4628 ραγωγούμενος
695 4557 986 4619 κατέλαϐε,
1020 4558 1327 4628 τεθάρρηκε
1370 4558 1527 4612 τοῦτο
1557 4563 1623 4631 τῇ
1652 4563 1798 4632 τιθῇ,

1917 4579 2001 4618 eas
2032 4578 2170 4634 quas
2197 4569 2485 4616 cernerent
2516 4561 2808 4612 adventare
2836 4560 3018 4627 (τοιήδε
3042 4598 3056 4623 ,
3093 4570 3202 4611 ιιιιη
3241 4558 3483 4621 aliunde,

213 4648 467 4716 κάκείνη
519 4646 576 4698 δὲ
600 4650 665 4716 τῇ
717 4647 883 4700 αὑτοῦ
931 4651 1259 4718 ὁμευνέτιδι,
1299 4652 1391 4702 καὶ
1425 4651 1569 4704 οὕτω
1601 4655 1798 4722 μέχρις

212 4738 417 4792 αὐτῶν
451 4738 629 4790 ἀκοῶν
658 4739 752 4790 τοῦ
774 4740 999 4791 Μασοὺτ
1035 4743 1062 4792 ὁ
1090 4741 1243 4809 λόγος
1276 4743 1559 4808 ὲφθακὼς,
1611 4747 1798 4809 ἐξετάο

216 4828 363 4900 ραξε
422 4829 520 4896 τὴν
561 4829 739 4898 ψυχὴν
785 4829 878 4880 τοῦ
910 4832 1219 4899 Βαρϐάρου.
1264 4833 1325 4885 ’0
1348 4834 1423 4898 δὲ,
1459 4834 1633 4905 θυμοῦ
1672 4838 1806 4908 πλη.

215 4920 404 4983 σθεὶς,
440 4918 515 4987 τῷ
552 4917 797 4988 Ἐλεγμῷ
846 4920 1173 4990 (τατράπηῖι
1202 4923 1257 4973 δὲ
1282 4918 1433 4985 οὗτος
1468 4926 1576 4977 τῶν
1609 4927 1808 4995 ἐπιφα-

213 5012 362 5080 νῶν)
432 5010 714 5080 ἐπέσκηψε
749 5010 838 5065 διὰ
869 5014 1068 5081 νευρᾶς
1104 5013 1293 5066 τοῦτον
1312 5017 1577 5084 ἀπάγξαι.
1609 5019 1801 5073 Τοιοῦ-

1272 5133 1471 5194 νει-ιω
1517 5136 1818 5198 lectiones
1865 5156 1943 5201 ex
1978 5138 2116 5200 cod.
2163 5133 2424 5196 Coislin.

300 5229 351 5261 ³³
369 5228 411 5280 Τ
416 5247 446 5280 υ
456 5231 674 5298 ράγιον.

1915 4664 2027 4707 tum
2066 4670 2096 4707 e
2129 4653 2444 4709 Cborosane
2473 4651 2607 4718 ipso.
2636 4651 2831 4706 Incolae
2859 4652 3138 4704 audientes
3171 4650 3293 4702 talia
3316 4688 3331 4712 ,
3362 4664 3493 4715 par-

1914 4750 2007 4799 tim
2050 4756 2217 4807 motu,
2248 4745 2440 4811 partim
2472 4743 2794 4798 auctoritate
2818 4744 3045 4796 Puchcze
3072 4740 3321 4806 permoti,
3352 4756 3488 4807 pan-

1910 4840 2046 4894 dunt
2079 4847 2299 4904 repente
2332 4834 2525 4888 Turcis
2561 4835 2718 4886 ostia.
2760 4832 2837 4885 Illi
2876 4831 3326 4898 comprehensum
3357 4829 3472 4881 sul.

1913 4942 2094 4985 tanum
2126 4929 2403 4982 Saisanem
2432 4927 2603 4979 oculis
2632 4926 2865 4993 privam.
2888 4923 3004 4975 loco
3035 4922 3212 4975 idonei
3245 4922 3480 4978 alterius

1910 5023 1975 5077 ad
2018 5022 2070 5074 id
2101 5018 2423 5087 supplicium
2470 5015 2806 5069 inferendum
2860 5012 3225 5076 instrumenti,
3270 5013 3475 5067 cande-

3350 5142 3389 5157 ‘

1269 5344 1412 5406 Car.
1464 5343 1789 5407 Dufresnii
1821 5346 1917 5406 Du
1949 5345 2169 5424 (ὶδηὸἱὶ
2204 5352 2389 5406 notas.

299 5467 416 5538 (81)
447 5467 839 5538 Μανουήλην.
877 5466 1041 5521 Recte
1073 5468 1335 5534 interpres
1391 5469 1785 5529 candelabrum.

214 5536 320 5592 ex‘
365 5538 577 5590 Mcut‘sii
630 5536 910 5592 Glossario
961 5540 1142 5591 vertit.
1218 5539 1347 5590 Nam
1411 5539 1517 5592 falli
1573 5550 1792 5594 Constat

214 5612 408 5661 virum
436 5608 702 5679 eruditum
734 5611 871 5671 apud
907 5607 1125 5671 Ducam,
1161 5622 1277 5673 cap.
1306 5609 1398 5673 39,
1434 5611 1521 5662 ubi
1555 5612 1791 5679 μανουά-

214 5677 597 5748 ).m_:-rinillas
646 5678 1050 5748 interpretatur.
1101 5680 1438 5748 Anonymus,
1498 5677 1565 5731 de
1591 5679 1791 5745 templo

214 5748 285 5802 S.
330 5746 544 5813 Sophia:
602 5763 615 5799 :
670 5747 945 5815 Σταυροὺς
997 5747 1054 5799 δὲ
1094 5746 1317 5815 ἐποίησε
1360 5749 1543 5810 πέντε,
1587 5778 1656 5788 -——-
1696 5749 1790 5799 καὶ

207 5815 549 5874 Ιινιανουάλια
573 5815 665 5869 δύο
692 5816 980 5886 ὁλόχρυσα,
1007 5827 1109 5871 etc.
1146 5820 1286 5871 Auro
1314 5817 1435 5886 fusa
1463 5821 1565 5871 duo
1601 5821 1764 5871 cunde

1897 5470 2069 5523 labra.
2130 5470 2201 5522 Ita
2261 5469 2636 5523 Combelisius.
2699 5465 2987 5529 Μενάλιον,
3046 5478 3141 5531 pro
3222 5461 3480 5516 Μανουά-

1897 5539 2029 5601 λιον,
2061 5541 2297 5591 occurrit
2341 5540 2392 5591 in
2449 5535 2596 5607 Orig.
2644 5534 2683 5589 C
2719 5537 2778 5588 P.
2817 5536 2924 5587 Καὶ
2973 5534 3195 5603 μενᾴλια
3227 5532 3323 5584 δύο
3359 5531 3475 5584 όλό·

1897 5626 2100 5677 χρυσα;
2124 5620 2207 5661 est
2228 5620 2405 5662 autem
2433 5609 2819 5659 candelabrum
2845 5607 2985 5673 quod
3012 5620 3171 5677 manu
3196 5613 3463 5677 gestator.

1896 5670 2233 5731 candelabro
2265 5679 2446 5747 igitur,
2474 5678 2587 5730 vice
2618 5676 2843 5746 μύδρον,
2866 5670 2972 5728 seu
3006 5674 3133 5726 ferri
3158 5670 3461 5747 candentis,

1901 5750 2041 5811 quod
2104 5758 2214 5799 tum
2274 5738 2480 5810 aberat,
2545 5738 2689 5799 visus
2725 5738 3022 5808 'atlcmptus
3084 5751 3167 5794 est
3219 5738 3458 5794 Saisani.

1898 5816 2032 5871 Vide
2065 5817 2351 5871 Historiam
2387 5830 2619 5871 nostram
2653 5814 2807 5868 Gallo
2840 5812 2970 5883 Byz.
3013 5828 3068 5866 n.
3100 5812 3191 5865 54.
