3960 6650
495 437 622 504 1151

1799 433 2024 494 ᾹΝΝᾸΞ
2053 433 2436 497 ΟΟΜΝΕΝᾹΞ

3599 429 3727 498 1152

491 557 642 610 labro
675 552 961 606 abutentes
1005 547 1144 617 quoi
1193 546 1390 601 Saisau
1441 546 1762 601 idemdono
1795 560 1966 612 nuper
2011 545 2102 608 ab.

2220 562 2277 599 σν
2340 546 2496 607 τέλος
2574 545 2643 599 τὰ
2695 543 2790 598 τοῦ
2854 543 3058 599 Σαῑσὰν
3118 541 3416 598 σουλτάνου
3477 539 3628 612 ἔσχεν
3674 546 3724 611 ἐξ

493 642 734 712 Augusto
761 648 1065 709 acceperat.
1104 637 1286 702 Itaque
1317 640 1509 691 mirum
1540 639 1724 691 videre
1755 648 1863 690 tum
1895 637 2066 701 licuit,

493 736 656 807 48],
699 750 789 788 vas
817 749 1008 803 nempe
1041 732 1176 785 lucis
1208 732 1258 784 iu
1290 746 1510 785 causam
1537 731 1800 785 caecitatis
1825 731 2068 783 tenebra-

2180 635 2443 699 ἀϐουλίας
2505 635 2582 705 μὴ
2645 636 2962 697 πεισθέντος
3011 638 3135 696 ταῖς
3191 635 3288 688 τοῦ
3342 635 3718 705 αὐτοκράτορα

2175 727 2593 796 παραινέσεσιν.

498 836 722 892 rumque
755 838 1102 876 conversum.
1133 820 1400 875 Caeterum
1437 837 1543 874 non
1597 821 1830 890 perfecte
1883 823 2062 890 inepta
2138 819 2203 872 ad
2275 820 2421 873 hunc
2448 819 2702 874 eﬂ'ectum
2734 821 2979 874 m‘achina
3011 819 3226 874 videndi
3263 820 3369 872 vim
3397 817 3600 873 Saisani
3634 835 3712 890 pe-

498 924 750 972 remerat.
787 914 1026 980 Namque
1059 915 1102 968 is
1135 913 1372 967 Iconium
1428 915 1491 968 ad
1524 929 1739 967 manuni
1772 913 2034 967 deductus
2076 913 2273 967 nutrici
2304 909 2482 965 fassus
2510 923 2593 967 est
2622 928 2734 966 suae
2759 928 3043 979 superesse
3075 913 3177 968 sibi
3249 927 3472 980 parvum
3537 928 3703 982 quem.

501 1003 624 1060 (ὶιιιη
663 1001 822 1059 nsdm
851 1004 992 1057 omli
1071 1003 1205 1057 Ittr'is
1252 1003 1534 1070 appulsam
1606 1004 1799 1072 exigue
1849 1004 2153 1057 sentientis.
2195 1001 2387 1056 Nutrix
2430 1003 2483 1055 id
2515 990 2770 1057 arcanum
2805 1004 2921 1072 ejus
2951 1006 3104 1058 uxori
3153 1002 3429 1072 patefecit,
3461 1006 3592 1073 quod
3619 1007 3713 1066 illa,

502 1105 603 1156 lide
636 1117 826 1167 nempe
854 1114 916 1151 ac
948 1113 1098 1152 more
1136 1098 1402 1162 muliebri,
1433 1099 1511 1153 sic
1548 1100 1794 1169 religiose
1834 1097 2212 1152 absconditum
2244 1097 2449 1161 habuit,
2478 1106 2536 1150 ut
2566 1099 2710 1152 brevi
2747 1115 2832 1154 res
2870 1103 2935 1153 ad
2963 1100 3154 1154 Masuti
3213 1115 3372 1152 aures
3435 1113 3710 1157 emanaret.

501 1191 804 1244 Commovit
876 1191 1222 1241 vehementer
1289 1190 1526 1242 animum
1597 1189 1815 1241 Barbari
1901 1189 2022 1242 talis
2065 1191 2304 1255 nuntius;
2339 1205 2504 1258 quare
2536 1187 2612 1242 ira
2663 1191 2911 1244 incensus
2957 1190 3172 1260 Elegmo
3217 1204 3480 1257 satrapa,
3528 1196 3608 1246 uni
3651 1209 3705 1250 ex

503 1283 818 1343 illustribus.
852 1281 1069 1334 mandat
1101 1289 1156 1331 ut
1191 1295 1310 1332 cum
1348 1295 1510 1335 nervo
1552 1280 1869 1348 strangulet.
1905 1279 2057 1334 Hunc
2097 1282 2254 1334 [intem
2290 1283 2476 1335 habuit
2503 1284 2748 1336 snitanus
2776 1282 2989 1344 Saisau,
3055 1293 3109 1335 et
3154 1281 3418 1350 ejusmodi
3496 1282 3698 1340 fructum

505 1373 824 1429 inconsultae
872 1387 983 1425 sua:
1033 1373 1344 1439 pertinacia:
1399 1373 1601 1436 τυιηιίι,
1652 1373 1794 1441 quod
1838 1372 2081 1427 consiliis
2120 1373 2458 1442 imperatoris
2492 1375 2865 1440 obtemperare
2889 1376 3181 1428 recusavit.

576 1485 872 1555 Imperator
895 1485 1108 1538 interim
1143 1485 1432 1538 reducebat
1466 1485 1766 1538 exercitum
1793 1486 1844 1538 in
1883 1485 2070 1538 urbem

508 1579 733 1645 regiam,
765 1578 953 1632 eadem
987 1575 1141 1644 plane
1165 1577 1444 1645 disciplina
1477 1587 1531 1629 et
1555 1578 1688 1630 aciei
1711 1577 2074 1645 descriptione

508 1684 573 1723 ac
614 1669 786 1720 forma
819 1666 921 1722 iter
954 1666 1084 1720 illud
1118 1681 1384 1736 peragens
1429 1666 1623 1734 quibus
1667 1676 1824 1721 antea
1876 1680 1988 1721 erat
2029 1667 2082 1720 in

509 1759 692 1813 hostili
729 1758 844 1810 solo
880 1773 1031 1811 usus.
1082 1759 1138 1810 In
1177 1773 1282 1826 quo
1313 1758 1603 1811 verendum
1651 1758 1779 1811 mihi
1823 1759 1978 1813 video
2023 1774 2087 1812 ne

2269 1488 2328 1540 Ὀ
2358 1487 2414 1540 δὲ
2463 1488 2817 1558 αὐτοκράτωρ
2859 1488 2958 1556 τῆς
3013 1489 3149 1558 πρὲς
3204 1489 3300 1557 τὴν
3355 1487 3718 1557 βασιλεύουσαν

2189 1581 2469 1650 φερούσης
2516 1582 2713 1648 εἴχετο,
2768 1583 2867 1650 τήν
2909 1580 3218 1650 παράταξιν
3274 1579 3452 1632 διόλου
3517 1582 3599 1633 ἐπὶ
3641 1584 3716 1651 τῆς

2189 1673 2356 1727 αὐτοῦ
2395 1674 2741 1742 συντηρὴσας
2773 1672 3050 1736 εὐταξίας.
3108 1671 3267 1725 Ἀ).λὰ
3308 1673 3600 1741 παράταξιν
3647 1679 3721 1728 καὶ

2192 1767 2476 1837 φάλαγγάς
2509 1784 2589 1828 τις
2624 1765 2860 1830 ἀκούων,
2888 1765 3023 1817 ἀλλὰ
3045 1763 3420 1833 δορυαλώτους
3450 1767 3538 1816 καὶ
3580 1766 3722 1833 λάου-

447 1877 450 1881 ι
511 1853 634 1921 quis
657 1852 826 1906 aciem
863 1860 916 1904 et
946 1850 1241 1919 phalangas
1290 1849 1537 1913 audiens,
1587 1851 1832 1919 captivos
1874 1865 2089 1919 quoque

2220 1877 2284 1923 ια,
2324 1858 2460 1911 ἀλλὰ
2505 1857 2810 1927 στρατηγὸν
2851 1857 2944 1909 καὶ
2981 1855 3499 1924 ξυνταγματάρχας,
3550 1861 3727 1924 νομίζοι

513 1959 577 1996 ac
600 1941 770 2013 spolia
797 1981 814 2005 ,
849 1941 1232 2010 imperatorem
1261 1949 1314 1993 et
1353 1941 1400 1993 ei
1453 1951 1770 2008 praesentem
1827 1941 2091 1992 submi:-i-

513 2045 752 2090 stt-antes
803 2035 855 2086 in
897 2033 1167 2086 ductando
1209 2048 1430 2100 operam
1483 2032 1650 2086 duces
1697 2047 1761 2086 ac
1811 2032 2096 2100 prater-tos

517 2131 800 2192 militares,
833 2128 1028 2182 usitata
1064 2128 1155 2181 illa
1189 2128 1388 2195 cogitet
1420 2141 1540 2195 qua)
1594 2127 1661 2180 ab
1709 2125 1981 2180 historicis
2007 2134 2099 2177 aut

518 2221 688 2290 poetis
731 2237 815 2274 res
843 2219 1064 2273 bellicas
1099 2218 1377 2272 memorize
1411 2215 1816 2280 mandantibus,
1848 2217 1964 2269 istis
1995 2217 2100 2267 eis-

524 2315 643 2364 dem
682 2310 952 2376 designari
977 2307 1250 2362 vocabulis
1276 2318 1697 2362 consueverunt.
1717 2308 1879 2376 Atqui
1901 2322 2098 2359 novum

522 2417 622 2472 ego
649 2411 704 2456 et
737 2402 1034 2455 ittauditum
1065 2401 1316 2468 quiddam
1353 2399 1550 2452 refero.
1581 2399 1837 2452 Sic’enim
1861 2403 2100 2451 omnium

524 2495 615 2563 qui
647 2511 756 2548 rem
792 2502 1114 2563 praesentem
1153 2503 1277 2546 tunc
1307 2493 1581 2556 viderunt,
1613 2491 1852 2545 unanimi
1887 2490 2099 2544 confes-

527 2587 678 2640 sione
710 2596 948 2649 constat,
979 2585 1113 2639 aciei
1149 2587 1368 2653 liguram
1399 2595 1452 2638 et
1479 2584 1924 2652 compositionem
1967 2585 2104 2638 hanc

527 2676 695 2732 fuisse
735 2676 914 2738 talem,
948 2676 1161 2745 qualem
1193 2691 1365 2744 neque
1395 2677 1519 2744 quis
1551 2676 1775 2731 vidisset
1825 2692 2103 2745 unquam,

531 2783 706 2836 neque
742 2768 1125 2820 historicorum
1163 2767 1448 2836 quisquam
1477 2808 1492 2832 ,
1522 2768 1694 2822 visam
1744 2769 1879 2823 alias
1931 2777 2108 2836 poste-

531 2872 713 2912 rorum
766 2858 1038 2911 memoria:
1097 2858 1430 2913 tradidisset.
1492 2858 1634 2914 Sane
1697 2861 2109 2928 tumprzccipue

533 2948 751 3016 quando
799 2946 1034 3002 lcooium
1085 2964 1276 3004 versus
1318 2951 1672 3018 promovebat
1726 2965 1786 3005 se
1835 2947 2110 3005 Romanus

530 3041 822 3102 exercitus.
857 3042 1050 3094 mirum
1082 3049 1199 3096 erat
1233 3042 1414 3096 videre
1459 3058 1624 3111 quam
1672 3052 1860 3096 exacta
1902 3045 2111 3098 ratione

532 3131 742 3185 ordinis
777 3142 998 3199 quanta.
1037 3142 1412 3204 quantumque
1466 3132 1696 3186 invicem
1752 3136 2111 3201 respOudente

2196 1950 2260 2004 ἂν
2318 1951 2543 2002 ἐκείνων
2596 1949 2841 2013 άκούειν,
2899 1948 3102 2002 ὁποίων
3158 1949 3308 2011 ἄπας
3365 1949 3620 2015 ἱστορικὸς
3651 1953 3729 2002 καὶ

2198 2039 2430 2111 ποιητὴς
2460 2040 2794 2109 ξυγγράφων
2839 2043 3138 2109 μέμνηται·
3181 2039 3296 2092 ἀλλ’
3336 2039 3476 2106 αὑτὴ
3509 2040 3538 2109 η
3579 2044 3726 2108 παρά-

2201 2132 2352 2196 ταξις
2390 2137 2551 2200 καινὴ
2583 2149 2665 2194 τις
2700 2133 2794 2185 καὶ
2831 2131 3136 2200 παράδοξος
3183 2133 3353 2184 ἆτιασι
3391 2137 3732 2198 κατεφαίνετο,

2201 2223 2295 2273 καὶ
2318 2223 2510 2275 ὁποίαν
2537 2222 2707 2285 οὐδεὶς
2744 2223 2965 2276 πώποτε
3026 2225 3274 2276 τεῡὲαται
3325 2222 3441 2274 οὗθ’
3475 2223 3731 2291 ἱστορήσας

2200 2317 2311 2376 τοῖς
2353 2316 2644 2383 ἐσύστερον
2683 2316 3105 2385 παρεπέμψατο.
3149 2316 3322 2368 Ἐπὰν
3356 2316 3464 2385 γὰρ
3514 2315 3600 2380 τῆς
3625 2315 3738 2383 πρὸς

2201 2407 2262 2459 τδ
2307 2407 2526 2460 Ἰκόνιον
2551 2409 2730 2478 εἴχετο
2763 2409 3215 2476 συντεταγμένως
3239 2425 3300 2460 τε
3335 2409 3632 2476 ἐπορεύετο,
3658 2406 3739 2455 καὶ

2205 2497 2479 2567 εΰρυθμον
2511 2500 2660 2570 αὐτῷ
2688 2501 2787 2570 τὴν
2813 2499 3030 2569 κίνησιν
3055 2499 3149 2550 τοῦ
3203 2516 3331 2550 συντ
3345 2503 3579 2564 αγματος
3628 2498 3740 2547 ἐπε-

2206 2590 2419 2658 ποίητο,
2490 2583 2644 2652 εἶπες
2698 2591 2762 2642 ἂν
2818 2590 2916 2660 τὴν
2963 2590 3220 2660 φάλαγγα
3275 2591 3457 2640 πᾶσαν
3509 2587 3624 2639 ἰδὼν
3665 2588 3746 2638 καὶ

2208 2681 2535 2750 κινουμένην
2573 2681 2831 2748 ἀκίνητον
2865 2682 3069 2750 μένειν,
3089 2681 3183 2731 καὶ
3213 2680 3512 2747 ἱσταμένην
3547 2678 3746 2742 πορεύε-

2209 2771 2354 2823 σθαι·
2391 2771 2468 2841 τῷ
2524 2772 2621 2838 μὲν
2659 2771 2766 2842 γὰρ
2816 2769 3177 2840 συνασπισμῷ
3208 2772 3302 2822 καὶ
3334 2772 3398 2840 τῇ
3457 2769 3752 2838 ἀλληλουχίᾳ

2208 2861 2307 2931 τῆς
2343 2861 2697 2928 παρατάξεως
2747 2865 2860 2920 τοῖς
2883 2859 3198 2920 ἀσαλεύτοις
3229 2861 3415 2930 ὄρεσιν
3451 2856 3627 2928 ἐῴκει,
3657 2861 3752 2918 ταῑς

2209 2950 2264 3003 δὲ
2299 2951 2630 3020 μεταδάσεσι
2659 2952 2992 3003 κεκινείσθαι
3035 2950 3223 3020 ὥσπερ
3259 2949 3396 3012 ζῶον
3421 2948 3673 3017 μέγιστον
3707 2948 3756 2998 ἐν

2211 3042 2243 3110 ἡ
2279 3041 2545 3108 σύμπασα
2588 3040 2801 3108 φάλαγξ
2835 3040 2940 3092 ὑπὸ
2978 3043 3109 3108 μιᾶς
3135 3041 3440 3108 κινουμένη
3491 3038 3584 3091 καὶ
3615 3055 3755 3106 μετα-

2216 3132 2476 3186 δαίνουσα
2498 3134 2695 3204 ψυχῆς.
2744 3133 2911 3187 Ἐπὰν
2947 3135 3002 3187 δὲ
3029 3135 3089 3185 τὸ
3127 3133 3458 3202 Φιλομήλιον
3491 3130 3596 3198 (82)
3621 3130 3760 3181 κατέ-

537 3235 790 3275 mensura
824 3233 1063 3276 motuum
1096 3232 1443 3288 cunctorum,
1477 3223 1889 3294 progrederetur
1935 3227 2113 3279 multi-

2220 3224 2380 3276 λα6εν
2411 3225 2789 3296 ἁπανταχόθεν
2833 3228 2958 3289 τοὺς
2994 3227 3096 3280 ὑπὸ
3139 3228 3297 3296 χεῖρα
3331 3225 3440 3276 τῶν
3488 3223 3764 3294 Βαρϐάρων

538 3315 665 3367 tudo
705 3323 875 3368 tanta.
921 3315 1158 3370 Dixisses
1200 3318 1504 3370 universam
1558 3318 1776 3373 intuens
1829 3318 2000 3372 aciem
2058 3328 2114 3373 et

538 3419 664 3458 cum
691 3405 1127 3474 progrederetur,
1153 3408 1432 3462 immotam
1463 3417 1608 3462 stare
1634 3450 1649 3472 ,
1676 3417 1730 3462 et
1758 3423 1883 3462 cum
1937 3410 2114 3462 consi-

539 3503 705 3544 steret
737 3531 752 3555 ,
792 3493 1078 3560 proﬁcisci.
1138 3493 1271 3548 Nam
1307 3498 1701 3552 contesseratio
1741 3508 2016 3553 scutorum
2063 3509 2119 3554 et

541 3583 771 3636 militum
793 3585 1027 3640 adluesio
1060 3596 1267 3652 ruutua,
1299 3590 1639 3658 servatisque
1673 3604 1890 3660 semper
1913 3591 2114 3645 eisdem

543 3676 835 3739 distantiis,
872 3677 1005 3732 aciei
1055 3679 1224 3748 figura
1266 3696 1658 3750 perseverans,
1703 3683 1941 3753 speciem
1983 3684 2119 3754 obji-

546 3765 721 3821 ciehat
748 3769 930 3836 procul
968 3773 1316 3826 cernentibus
1341 3814 1355 3839 ,
1397 3773 1554 3843 quasi
1611 3774 1874 3828 montium
1919 3786 2117 3828 teterna

546 3862 844 3912 constantia
877 3861 1123 3918 nxorurn.
1179 3863 1298 3918 Mox
1351 3875 1528 3919 tamen
1583 3881 1707 3920 cum
1742 3874 1889 3920 tanta
1959 3864 2119 3920 simul

549 3948 714 4002 moles
764 3966 1086 4018 moveretur,
1113 3956 1396 4010 videbatur
1432 3965 1613 4011 tantus
1655 3959 1934 4013 exercitus
2013 3974 2118 4012 uua

549 4040 693 4093 velut
718 4047 954 4110 vegetari
989 4047 1292 4115 agitarique
1324 4049 1470 4103 intus
1501 4049 1701 4103 anima.
1736 4048 1835 4104 Ubi
1887 4050 1987 4102 hac
2037 4066 2126 4103 ra-

553 4131 697 4186 tione
732 4134 1102 4191 Philomelium
1139 4149 1456 4206 perventum
1515 4147 1618 4205 est,
1673 4151 2004 4195 convocatos
2060 4156 2126 4196 ac

551 4225 805 4280 collectos
833 4227 1154 4298 undique,ut
1182 4233 1432 4301 superius
1461 4235 1663 4288 dictum
1689 4243 1792 4296 est,
1816 4248 1910 4288 eos
1935 4249 2127 4289 omnes

551 4320 644 4388 qui
677 4320 778 4372 sub
810 4321 1169 4376 liarbarorum
1195 4326 1481 4394 tyrannide
1516 4325 1804 4396 gemebant
1829 4365 1845 4391 ,
1880 4341 2003 4382 cum
2039 4341 2132 4380 ca-

555 4417 750 4485 ptivis,
789 4417 1026 4486 ipsisque
1083 4416 1397 4471 mulieribus
1437 4431 1501 4471 ac
1552 4417 1793 4485 parvulis
1838 4427 1893 4470 et
1947 4415 2129 4483 praeda

557 4509 827 4570 universa,
873 4510 943 4561 ita
979 4523 1260 4578 regressus
1294 4508 1590 4576 imperator
1618 4518 1743 4570 est,
1800 4518 1855 4562 et
1915 4518 2134 4578 propter

557 4612 726 4666 genus
763 4599 1118 4652 multitudinis
1166 4598 1396 4651 imbellis
1450 4609 1506 4651 et
1565 4598 1861 4666 spoliorum
1915 4597 2136 4667 impedi—

559 4696 822 4751 mentum,
856 4689 1284 4758 progressionem
1315 4687 1552 4740 universi
1583 4687 1854 4740 exorcittts
1879 4699 2016 4740 novo
2077 4693 2135 4740 et

563 4779 627 4832 ad
685 4795 839 4832 usum
892 4788 1208 4852 praesentem
1267 4778 1676 4833 accommodato
1727 4776 2131 4846 gubernandam

564 4851 988 4938 temperamento
1011 4870 1250 4927 duceret.
1274 4869 1484 4937 Accipit
1503 4869 1554 4921 in
1589 4869 1822 4921 medium
1855 4867 2136 4938 phalangis

561 4977 819 5031 personas
845 4961 1147 5016 imbecilles
1179 4961 1298 5015 illas
1324 4975 1462 5029 quas
1492 4959 1750 5023 diximus,
1779 4969 1833 5012 et
1867 4959 2132 5024 sarcinas,

559 5065 616 5108 et
640 5054 1014 5108 strenuitatem
1039 5052 1327 5107 militarem
1360 5053 1426 5104 ad
1477 5051 1682 5104 lentum
1747 5050 2014 5104 modicum
2071 5061 2137 5104 ac

564 5145 724 5201 veluti
752 5144 1100 5200 formicarum
1134 5144 1415 5215 proprium
1447 5157 1666 5210 passum
1693 5142 1858 5213 cogit.
1886 5141 2055 5194 Erant
2080 5141 2135 5196 in

567 5240 721 5298 turba
755 5239 842 5294 illa
874 5239 1124 5292 mulieres
1180 5254 1285 5292 non
1335 5253 1519 5306 paucae
1567 5247 1778 5290 uterum
1831 5242 2138 5304 gestantes,

569 5329 720 5383 multi
753 5330 951 5384 morbis
989 5329 1254 5399 impliciti.
1298 5328 1368 5384 Ut
1399 5345 1631 5399 quaque
1665 5328 1858 5382 mulier
1906 5327 2141 5380 instante

575 5422 876 5485 paritudine
905 5422 1096 5473 tentari
1123 5422 1401 5476 doloribus
1435 5432 1696 5488 (mperat,
1752 5419 1876 5472 tuba
1929 5419 2142 5488 signum

569 5514 827 5566 exercitui
857 5513 1020 5584 482
1053 5514 1151 5567 ιοιί
1233 5512 1578 5582 imperatoris
1629 5511 1780 5578 jussu
1839 5511 1905 5562 ad
1966 5508 2147 5562 consi-

575 5605 819 5660 stcuduru
851 5606 1129 5660 edebatur.
1165 5604 1622 5673 Ohtemperabaut
1648 5617 1834 5655 omnes
1869 5601 2140 5671 ﬁgebant-

2217 3316 2690 3388 ἀναῤῥυσάμενος,
2740 3317 2883 3371 καθά
2948 3333 3055 3370 που
3128 3320 3220 3369 καὶ
3281 3315 3491 3370 ἀνωθεν
3550 3315 3758 3382 εἴρηται.

2222 3410 2384 3475 μέσον
2413 3411 2509 3478 τῆς
2538 3410 2898 3478 παρατάξεως
2925 3410 3216 3470 εἰσελάσας
3249 3407 3377 3467 τούς
3407 3426 3464 3460 τε
3509 3407 3758 3473 δορυαλὼο

2218 3517 2344 3564 τους
2410 3505 2505 3556 καὶ
2561 3504 2734 3566 αὐτὰς
2767 3504 2831 3571 δὴ
2875 3504 3140 3570 γυναῖκας
3177 3503 3269 3553 καὶ
3319 3502 3491 3553 τέκνα
3539 3502 3630 3551 καὶ
3681 3501 3762 3565 τὴν

2217 3592 2365 3645 λείαν
2401 3593 2616 3646 ἃπασαν
2659 3595 3114 3664 ὑπαναστρέφων,
3165 3595 3354 3663 ἡρέμα
3394 3611 3452 3645 τε
3501 3593 3762 3661 ἐπορεύετο

2221 3688 2314 3737 καὶ
2341 3679 2450 3738 οἷον
2479 3685 2732 3755 σχολαίαν
2761 3705 2817 3739 τε
2845 3688 2938 3739 καὶ
2970 3687 3431 3756 μυρμηκίζουσαν
3456 3685 3554 3753 τὴν
3577 3685 3763 3752 κίνησιν

2221 3775 2547 3843 ἐπεποίητο.
2611 3776 2766 3826 ’ἶ-ζπεὶ
2809 3773 2865 3826 δέ
2924 3776 3018 3826 καὶ
3063 3774 3261 3827 πολλαὶ
3338 3774 3453 3826 τῶν
3523 3774 3768 3839 γυναικῶν

2224 3864 2525 3935 ἐγκύμονες
2551 3861 2709 3936 ἦσαν,
2737 3865 2920 3918 πολλοὶ
2947 3865 3004 3918 δὲ
3036 3866 3129 3918 καὶ
3154 3865 3329 3927 νόσοις
3371 3865 3769 3933 συνεσχέθησσν,

2223 3952 2462 4022 ὁπηνίκα
2485 3969 2571 4015 τις
2601 3953 2738 4023 πρὸς
2768 3953 2826 4003 τὸ
2849 3954 3028 4005 τεκεῖν
3059 3951 3324 4022 ἠπείγετο
3362 3953 3527 4020 γυνὴ,
3568 3951 3770 4016 σάλπιγξ

2225 4046 2528 4114 τηνικαῦτα
2557 4046 2786 4115 ἡχοῦται
2812 4044 3042 4114 νεύματι
3067 4045 3158 4096 τοῦ
3182 4045 3608 4112 αὐτοκράτορος.
3641 4045 3770 4112 ἀτρε-

2231 4141 2353 4207 μεῖς
2385 4138 2593 4199 πάντας
2654 4137 2854 4197 ἐποίει,
2913 4138 3010 4189 καὶ
3046 4135 3194 4189 ἅπαν
3233 4137 3292 4186 τὸ
3344 4135 3632 4203 σύνταγμα
3681 4133 3771 4183 ἐκεῖ

2230 4225 2575 4296 παραχρῆμα
2611 4227 2881 4296 εἱστήκει.
2917 4226 3088 4280 Ὅταν
3125 4226 3182 4278 δὲ
3223 4225 3493 4276 τεκοῦσαν
3559 4224 3772 4292 μεμαθή·

2231 4335 2340 4378 κοι.
2367 4316 2522 4380 ἄλλος
2545 4313 2678 4388 ἦχος
2712 4318 2773 4370 οὐ
2809 4317 3047 4388 συνήθης
3080 4317 3172 4368 καὶ
3217 4318 3316 4384 τῆς
3358 4316 3627 4384 κινήσεως
3671 4329 3774 4383 προ·

2233 4409 2495 4477 κλητικὺς
2527 4409 2876 4479 ἠχήσας,τὴν
2907 4407 3215 4477 ὁδοιπορίαν
3240 4406 3446 4458 ἆπασιν
3473 4405 3775 4474 ἐπώτρυνεν.

2236 4499 2302 4553 El
2332 4500 2388 4552 δέ
2422 4517 2504 4562 τις
2549 4503 2641 4553 καί
2673 4500 2929 4565 ἐθανάτα,
2961 4501 3028 4552 τά
3058 4499 3198 4551 αὐτὰ
3229 4494 3388 4559 αὖθις
3419 4499 3635 4564 ἐγίνετο
3661 4498 3778 4549 καὶὸ

2238 4592 2598 4660 αὐτοκράτωρ
2638 4591 2773 4661 πρὸς
2828 4591 2920 4644 τὸν
2976 4591 3276 4659 θνήσκοντα
3319 4589 3670 4655 παρεγίνετο.
3707 4585 3783 4637 καὶ

2243 4685 2410 4754 ἱερεῖς
2443 4683 2900 4754 προσεκαλοῦντο,
2943 4683 3070 4744 τοὺς
3126 4681 3538 4740 ἐπιτελευτίους
3595 4679 3778 4750 ᾅσοντες

2242 4775 2469 4845 ὕμνους,
2528 4775 2622 4827 καὶ
2678 4775 2787 4828 τῶν
2838 4774 3202 4842 άγιασμάτων
3274 4772 3672 4840 μεταδώσοντες
3723 4765 3778 4834 τῷ

2243 4870 2557 4940 θνήσκοντι,
2592 4870 2685 4920 καὶ
2719 4867 2860 4920 οὕτω
2889 4868 2996 4919 τῶν
3025 4868 3115 4919 ἐπὶ
3139 4867 3251 4927 τοῖς
3273 4863 3570 4916 τελευτῶσι
3599 4863 3782 4915 πάντων

2242 4962 2493 5031 νομίμως
2547 4960 2930 5021 τελεσθέντων,
2995 4958 3117 5010 οὐδὲ
3154 4958 3351 5028 μέχρις
3411 4955 3476 5008 ἂν
3507 4958 3536 5008 ὁ
3567 4955 3778 5023 Θνήσκων

2242 5051 2616 5124 ἐνσοριασθείς
2674 5053 2870 5122 ἐτάφη,
2937 5050 3060 5103 οὐδὲ
3123 5049 3301 5118 βραχὺ
3354 5048 3455 5117 τὴν
3511 5045 3782 5116 παράταξιν

2247 5144 2542 5216 συνεχώρει
2585 5145 2872 5198 κινεῖσθαι.
2928 5144 3201 5213 Ὀπηνίκα
3224 5141 3282 5194 δὲ
3315 5142 3616 5211 ἀριστῆσαι
3641 5139 3780 5205 τούτῳ

2245 5241 2459 5309 ἐδέησε,
2513 5237 2782 5308 γυναῖκάς
2839 5253 2898 5286 τε
2941 5236 3036 5287 καὶ
3100 5234 3303 5303 ἄνδρας
3336 5233 3531 5283 ὀπόσοι
3584 5230 3778 5296 νόσοιςῆ

2246 5336 2398 5406 γήρα
2439 5332 2783 5400 κεκμηκότες
2823 5325 2966 5400 ἦσαν
3006 5325 3492 5396 μετακαλούμενος
3533 5324 3603 5374 τὰ
3646 5319 3782 5372 πλείω

2247 5427 2356 5479 τῶν
2387 5425 2700 5494 ἐδεσμάτων
2729 5424 2913 5484 αὐτοῖς
2950 5419 3258 5492 παρετίθει,
3297 5418 3394 5469 καὶ
3429 5418 3556 5477 to);
3608 5412 3778 5494 συνδει-

2251 5515 2519 5577 πνοῦντας
2555 5511 2703 5583 αὐτῷ
2733 5511 2892 5565 τοῦτο
2932 5511 3108 5564 ποιεῖν
3149 5503 3575 5576 παρεκελεύετο·
3621 5500 3702 5552 καὶ
3732 5493 3781 5564 ἦν

2253 5607 2286 5676 ὴ
2341 5604 2594 5674 τράπεζα
2678 5600 2972 5654 πανδαισία
3031 5615 3113 5661 τις
3173 5593 3356 5664 Θεῐκὴ,
3423 5592 3528 5644 οὑκ
3574 5587 3780 5660 ὀργάνων

1642 5739 1782 5802 Car.
1818 5735 2147 5800 Dufresnii
2179 5739 2273 5801 Du
2315 5739 2534 5816 Caugii
2580 5745 2771 5800 notes.

648 5864 764 5932 (82)
798 5865 866 5919 Td
897 5862 1280 5933 Φιλομήλιον.
1315 5863 1577 5930 Zonaras,
1607 5876 1725 5931 pag.
1757 5859 1885 5914 245.
