3960 6592
496 391 630 457 1155

1791 384 2017 445 ᾹΝΝΑΞ
2054 383 2433 445 ΟΟΜΝΕΝΑΞ

3598 379 3709 449 1156

495 503 700 568 ctandi,
737 500 933 555 avertit
957 499 1010 552 in
1034 496 1494 567 exspectationem
1532 494 1637 548 diei
1657 504 1885 562 pmtera:
1922 493 2068 562 cogi—

2176 492 2485 561 ἀνθρὼπων
2550 488 2946 559 λελωϐημένων
2995 486 3408 556 ἐνδιαιτήματα.
3443 486 3598 539 Ἐστι
3624 493 3709 560 γὰρ

495 594 725 645 taliones
744 594 1107 659 prmsentiunt.
1129 603 1349 642 mouere
1361 588 1539 641 statim
1557 600 1874 645 conscenso,
1889 585 2060 651 printa

497 682 614 736 face
642 683 903 736 Palatium
939 680 1126 733 tenuit.
1163 678 1427 733 Postridie
1452 686 1593 729 totus
1613 686 1731 730 erat
1764 678 1815 729 iit
1835 674 2064 744 captivis

502 777 902 842 peregrinusque
933 772 1209 824 curandis.
1240 770 1441 823 Pueros
1472 769 1638 837 igitur
1661 778 1921 837 quotquot
1970 782 2062 818 or-

498 866 700 934 phanos
721 864 936 916 amissis
954 862 1269 929 parentibus
1285 875 1483 913 amara:
1499 859 1745 913 orbitatis
1761 871 2063 912 erumnnso

499 964 750 1021 gravatos
774 954 932 1021 jttgo;
963 962 1224 1021 quotquot
1252 951 1415 1004 etiam
1451 951 1571 1003 vitae
1620 948 1908 1002 sanctioris
1942 964 2067 1014 pro-

504 1047 789 1102 fessionem
815 1062 1039 1100 exorsos
1074 1046 1270 1114 reperit
1296 1084 1310 1106 .
1359 1046 1650 1112 assignavit
1690 1043 2067 1109 distribuitque

499 1140 831 1201 educandos,
866 1138 981 1192 illos
1008 1138 1222 1205 quidem
1255 1136 1699 1203 consanguineis;
1744 1134 1839 1188 hos
1884 1143 2063 1185 autent

500 1245 594 1297 per
626 1230 951 1282 monasteria
979 1229 1253 1295 dispersos
1301 1226 1569 1297 praefectis
1607 1240 1883 1279 sacrorum
1933 1224 2068 1277 isto-

501 1337 620 1375 rum
654 1322 906 1383 coitibus,
937 1320 1189 1374 omnibus
1221 1320 1484 1373 mandans
1517 1333 1584 1372 ne
1622 1316 1739 1370 illos
1771 1316 2065 1381 mancipio-

501 1426 617 1463 rum
648 1410 764 1463 loco
797 1411 1059 1463 ducerent
1094 1410 1441 1471 haberentve,
1474 1410 1570 1463 sed
1600 1418 1654 1460 ut
1701 1406 1898 1459 liberos
1927 1406 2064 1459 libe-

502 1503 687 1555 raliter
741 1502 1125 1563 instituerent,
1179 1499 1579 1567 disciplinisque
1630 1500 1803 1552 omnis
1851 1498 2066 1566 generis

502 1594 763 1657 honestis,
804 1595 974 1646 sacris
1000 1592 1127 1657 quin
1176 1591 1334 1645 etiam
1379 1590 1571 1642 litteris
1600 1590 1923 1642 erudiendos
1972 1604 2069 1643 cu-

502 1696 707 1740 rarent.
740 1684 1011 1749 Quosdam
1050 1684 1210 1737 etiam
1257 1683 1371 1749 ipse
1427 1681 1527 1734 sibi
1591 1693 1833 1734 serratos
1898 1680 2065 1750 recipi

496 1778 659 1845 jussit
710 1777 762 1828 in
809 1791 927 1828 eam
955 1790 1113 1841 quam
1170 1773 1375 1827 alendis
1431 1774 1693 1841 orplianis
1727 1773 2062 1825 excitaverat

2168 585 2298 638 ιδεῖν
2326 584 2551 645 τούτους
2585 585 2706 636 κατ’
2730 583 2899 653 ἄνδρα
2925 582 3157 635 ἕκαστον
3181 581 3573 652 ἐπερχόμενον,
3596 582 3707 639 ὅπου

2168 678 2267 747 μὲν
2309 675 2568 743 τυφλοὺς.
2597 676 2732 728 ὅπου
2771 674 2829 727 δὲ
2878 675 2974 727 καὶ
3005 673 3229 743 χωλοὺς,
3256 673 3393 727 ὅπου
3435 674 3495 726 δέ
3536 692 3584 727 τι
3625 681 3703 730 καὶ

2164 769 2293 822 ἄλλο
2317 769 2489 821 κακὸν
2518 768 2763 837 ἔχοντας·
2804 766 2900 835 τὴν
2933 765 3094 819 στοὰν
3118 762 3465 831 Σολομῶντος
3494 766 3557 817 ἂν
3586 762 3711 832 εἶπες

2170 862 2296 915 ἰδὼν
2328 861 2533 931 μεστὴν
2562 861 2659 915 ἀνθ
2670 861 2868 927 ρώπων
2895 857 3315 927 πεπηρωμένων
3346 860 3415 909 τά
3454 858 3590 926 μέλη
3634 864 3711 914 καὶ

2166 954 2263 1006 ὅλα
2287 953 2356 1005 τά
2375 954 2624 1020 σώματα.
2655 952 2712 1003 Ὀ
2732 952 2786 1003 δὲ
2815 950 3012 1013 κύκλος
3040 947 3264 1010 διπλοῦς
3288 965 3346 1000 τε
3375 948 3475 1000 καὶ
3495 949 3710 1019 δίδυμο-,

2167 1045 2229 1097 Οἱ
2260 1044 2361 1113 μὲν
2384 1044 2489 1113 γὰρ
2515 1046 2626 1097 ἀνω
2658 1043 2751 1095 καὶ
2784 1042 3047 1110 μετέωροι
3073 1039 3391 1093 κατοικοῦσι
3422 1040 3535 1092 τῶν
3564 1058 3713 1110 πεπη-

2168 1135 2428 1204 ρωμένων
2446 1134 2648 1188 τούτων
2670 1132 2878 1203 ἀνδρῶν
2908 1149 2965 1185 τε
2992 1132 3085 1185 καὶ
3110 1132 3411 1200 γυναικῶν,
3435 1133 3487 1184 οἱ
3512 1132 3566 1184 δὲ
3586 1135 3711 1186 xime

2170 1226 2260 1278 xui.
2291 1224 2568 1294 πρόσγειοι
2606 1223 3033 1293 παρασύρονται.
3066 1220 3138 1274 Τὸ
3183 1222 3239 1274 δὲ
3273 1220 3369 1274 τοῦ
3406 1221 3605 1273 κύκλου
3635 1223 3712 1290 μέ.

2168 1316 2347 1383 γεθος.
2366 1316 2419 1367 εῖ
2440 1332 2525 1376 τις
2551 1314 2961 1377 ἑθέλειτούτονς
2992 1315 3141 1377 ἰδεῖν,
3169 1315 3478 1384 ἀρξάμενος
3500 1314 3712 1381 πρωῖῧεν

2170 1408 2246 1467 είς
2276 1406 2519 1475 ἑσπέραν
2547 1405 2609 1458 ἂν
2638 1405 2727 1457 τὸν
2759 1402 2960 1457 κύκλον
2986 1405 3327 1459 συνετέλεσε.
3358 1404 3597 1472 Τοιαύτη
3631 1407 3711 1473 μὲν

2172 1497 2204 1566 ἡ
2234 1496 2407 1559 πόλις,
2441 1496 2670 1549 τοιοῦτοι
2712 1496 2767 1548 δὲ
2806 1498 2897 1549 καὶ
2929 1498 2977 1548 οἱ
3030 1496 3129 1564 τῆς
3164 1498 3374 1559 πόλεως
3407 1499 3610 1562 ταύτης
3632 1501 3714 1548 σοι.

2169 1590 2419 1657 κήτορες,
2471 1587 2595 1641 οὔτε
2660 1588 2870 1656 γήπεδα
2924 1588 3163 1657 ἔχοντες,
3210 1587 3334 1640 οὔτε
3385 1587 3709 1659 ἀι.ι.ττελιῖ›ναςἱ

2169 1679 2292 1731 οὔτε
2340 1698 2391 1731 τι
2428 1679 2556 1733 ἄλλο
2588 1678 2828 1730 τοιοῦτον
2862 1680 2990 1749 περὶ
3028 1678 3057 1731 ὃ
3086 1680 3179 1731 τὸν
3224 1678 3571 1747 ἀνθρώπινον
3623 1679 3713 1746 βίοιι

2170 1770 2504 1840 ὴσχολῆσθαι
2562 1770 3077 1838 καταλαμϐάνομεν.
3113 1769 3251 1822 ἀλλά
3286 1769 3430 1823 κατὰ
3474 1770 3569 1821 τὸν
3618 1768 3714 1821 Ἰὼί

503 1869 719 1921 domum
754 1886 767 1920 :
806 1866 858 1919 in
913 1882 1014 1933 qua
1066 1879 1187 1918 cum
1243 1876 1439 1932 praeter
1484 1873 1731 1917 caeteram
1781 1878 2064 1931 corporum

2176 1862 2398 1922 ἕκαστος
2428 1860 2458 1929 ἦ
2490 1860 2698 1928 ἑκάστη
2727 1861 2826 1927 τὴν
2877 1862 2975 1929 μὲν
3009 1860 3521 1929 δημιουργηθεῖσαν
3552 1860 3714 1922 αὐτοῖς

502 1972 689 2012 curam
739 1956 921 2009 ludum
970 1970 1184 2023 quoque
1247 1954 1567 2007 instituisset
1630 1953 1951 2007 litterarium
2015 1953 2067 2005 in

503 2064 610 2119 quo
635 2049 724 2117 qui
759 2048 949 2101 vellent
974 2046 1272 2114 disciplinis
1295 2046 1607 2098 liberalibus
1634 2046 1799 2097 imbui
1826 2052 2068 2110 possent,

505 2150 633 2193 tunc
670 2139 789 2209 ejus
826 2140 933 2190 ludi
964 2137 1232 2205 pt'a'fectis
1271 2153 1333 2187 ac
1361 2136 1708 2189 scientiarum
1748 2134 2071 2203 prolessori—

501 2232 600 2285 bus
634 2231 822 2284 horum
853 2229 1235 2283 institutionem
1268 2232 1329 2279 ad
1362 2241 1551 2280 onmes
1584 2228 1843 2280 doctrinm
1892 2237 2071 2293 partes

502 2322 919 2377 commendavit.
969 2320 1098 2373 Erat
1143 2320 1285 2373 istud
1355 2319 1871 2386 orphanotropltium
1907 2318 1959 2371 in
2009 2333 2069 2370 ea

503 2413 999 2479 Constantinoiiolis
1028 2424 1179 2480 parte
1213 2426 1330 2477 quae
1361 2425 1538 2463 arcem
1580 2420 1807 2477 spectat.
1853 2406 1924 2460 Ilii
1966 2424 2069 2475 qua

503 2517 565 2559 os
604 2504 756 2559 Ponti
789 2508 1025 2573 aperitur
1055 2505 1218 2554 aedem
1252 2517 1461 2554 sacram
1504 2518 1623 2554 cum
1657 2503 1941 2569 reperisset
1973 2502 2074 2552 itii-

506 2607 720 2666 perator
747 2596 1061 2663 capacitatis
1096 2593 1382 2655 maximae,
1416 2594 1716 2646 dedicatam
1770 2593 1822 2645 iit
1858 2593 2072 2644 nomine

506 2691 682 2758 magni
741 2688 968 2757 apostoli
1011 2685 1201 2749 Pauli,
1254 2686 1439 2739 urbem
1502 2685 1610 2738 illic
1659 2686 1711 2737 in
1756 2686 1884 2738 urbe
1928 2686 2071 2752 regia

504 2782 718 2836 molitus
744 2792 798 2833 et
827 2780 1216 2833 architectatus
1265 2788 1349 2832 est
1390 2780 1571 2835 aliam.
1630 2777 1803 2845 Ipsum
1855 2779 2069 2847 quidem

503 2875 643 2942 quod
679 2874 786 2925 dixi
822 2872 1079 2940 templum
1139 2874 1189 2922 in
1241 2870 1676 2925 eminentissimo
1704 2870 1853 2923 urbis
1912 2870 2073 2937 hujus

505 2981 682 3033 parva:
705 2965 871 3016 situm
906 2964 1153 3015 exstabat
1189 2963 1305 3017 loco
1336 2961 1658 3032 velntm
1679 2978 1772 3013 arx
1802 2963 2068 3029 quaid-am.

510 3054 808 3121 Utrumque
849 3056 912 3104 ad
950 3052 1085 3105 latus
1120 3067 1253 3105 nova
1290 3053 1480 3104 civitas
1528 3067 1677 3119 requa
1714 3050 2073 3118 descriptione

504 3145 839 3214 protenditur
867 3148 932 3198 ad
964 3145 1136 3199 stadia
1162 3149 1213 3198 in
1243 3144 1456 3213 longum
1487 3146 1757 3213 latumque
1780 3146 2074 3213 quamlibet

504 3238 704 3301 multa;
729 3238 932 3290 circum
958 3251 1074 3289 eam
1106 3248 1331 3303 surgunt
1362 3236 1597 3303 undique
1629 3237 1820 3289 domus
1842 3236 2068 3299 crebrae,

506 3327 803 3381 diversoria
847 3342 1139 3395 pauperum
1174 3344 1187 3379 :
1229 3338 1281 3379 et
1316 3328 1455 3392 quod
1518 3330 1902 3379 humanitatem
1950 3326 2072 3379 An-

504 3423 645 3489 gusti
688 3420 1027 3471 commendat
1067 3419 1371 3487 praecipue,
1416 3418 1690 3471 hominum
1736 3419 1987 3471 debilium
2022 3429 2076 3472 et

509 3510 713 3563 nimbis
754 3519 847 3560 aut
881 3508 1193 3583 vulneribus
1230 3508 1617 3561 labefactor-uni
1662 3522 1928 3577 receptus.
1972 3510 2075 3565 Eos

511 3602 633 3655 inde
662 3606 840 3653 videte
867 3610 953 3652 est
988 3601 1179 3651 \irilim
1212 3602 1562 3667 procedentes
1586 3615 1651 3653 ex
1685 3617 1776 3653 sua
1812 3616 2076 3670 quemque

513 3695 729 3760 rrgiune
763 3710 776 3751 ;
810 3693 932 3745 hinc
970 3693 1183 3759 quidem
1209 3708 1401 3750 eiectis,
1433 3693 1574 3744 illinc
1595 3692 1836 3755 claudos,
1861 3693 2077 3747 aliunde

512 3787 616 3839 alio
649 3787 956 3839 laborantes
999 3782 1320 3837 incommodi
1348 3798 1562 3852 genere.
1593 3781 1899 3835 Salomonis
1923 3784 2077 3849 plane

514 3879 809 3945 quamdam
848 3880 1113 3943 porticum
1168 3886 1218 3929 te
1257 3886 1408 3943 putes
1457 3875 1569 3927 haec
1622 3890 1849 3929 cernens
1881 3876 2075 3928 intueri

514 3968 765 4021 refertam
802 3970 1105 4021 hominibus
1132 3971 1208 4019 vel
1252 3968 1587 4021 membratim
1639 3969 1899 4021 mutilatis
1927 4005 1942 4030 ,
1994 3968 2077 4023 vel

514 4061 775 4115 ulcerosis
825 4076 888 4112 ac
941 4060 1078 4112 male
1136 4058 1340 4111 allectis
1391 4070 1502 4112 toto
1529 4074 1771 4125 corpore.
1809 4058 2079 4114 Circuitus

513 4163 633 4204 erat
662 4151 851 4218 duplex
894 4151 1107 4218 gemina
1145 4160 1371 4218 uterque
1403 4150 1801 4220 contignatione
1836 4152 2080 4203 substru-

517 4252 658 4295 cms.
693 4239 987 4307 Utrnbique
1020 4250 1127 4292 tam
1156 4240 1207 4293 iit
1241 4240 1534 4293 caenaculis
1560 4256 1717 4309 quam
1768 4241 1818 4293 in
1862 4240 2081 4294 inferio-

514 4328 661 4382 ribus
692 4328 950 4382 cubiculis
986 4330 1336 4395 quiescebant
1369 4344 1429 4382 ac
1455 4331 1785 4382 curabuntur
1843 4330 2075 4383 Inttlilali

513 4427 605 4469 aut
638 4419 838 4471 morbis
862 4418 1042 4471 alllicti
1102 4418 1269 4472 variis
1327 4434 1463 4483 quos
1511 4420 1744 4471 diximus
1799 4421 2080 4487 utriusque

2171 1954 2350 2005 οἰκίαν
2401 1953 2543 2004 οἰκεῖ
2573 1971 2584 1981 -
2619 1953 2899 2021 αὑτὸματα
2936 1952 2991 2005 δὲ
3035 1954 3104 2004 τά
3148 1953 3279 2020 πρὸς
3306 1953 3516 2023 τροφήν
3559 1969 3615 2003 τε
3641 1954 3716 2005 καὶ

2174 2044 2383 2113 σκέπην
2432 2043 2582 2110 παρᾶ
2621 2043 2719 2109 τῆς
2770 2042 3059 2111 βασιλικῆς
3094 2041 3277 2110 χειρὸς
3326 2042 3511 2103 αὐτοῖς
3550 2041 3713 2109 ἔπορε.

2172 2138 2311 2202 ζετο·
2338 2138 2431 2190 καὶ
2456 2139 2558 2204 γὰρ
2584 2138 2642 2189 τὸ
2670 2137 3111 2206 παραδοξότατον
3138 2138 3189 2187 οἱ
3216 2137 3531 2205 ἀκτήμονες
3553 2135 3717 2205 ὥσπε»

2171 2230 2316 2291 τινὲς
2344 2230 2602 2281 δεστόται
2632 2230 2883 2297 κτήματα
2916 2229 3127 2297 ἔχοντες
3156 2229 3251 2279 καὶ
3286 2227 3587 2295 προσόδους
3610 2244 3717 2278 παν-

2170 2322 2432 2384 τοδαπὰς,
2486 2320 2813 2391 φροντιστὰς
2865 2321 3070 2389 ἔχουσι,
3128 2320 3220 2373 καὶ
3267 2319 3362 2371 τοῦ
3412 2319 3529 2387 βίου
3559 2320 3720 2372 αὐτῶν

2174 2413 2534 2481 ἐπιμελητὰς,
2586 2413 2752 2465 αὐτόν
2782 2429 2841 2464 τε
2895 2411 2988 2463 τὸν
3050 2412 3435 2481 αὐτοκράτορα
3492 2411 3722 2472 καὶτοὺς

2175 2504 2319 2572 ἀμφὶ
2362 2506 2453 2557 τὸν
2505 2506 2886 2574 αὐτοκράτορσι
2942 2504 3339 2574 σπουδεργούς.
3404 2505 3583 2556 ’Ὅπου
3631 2504 3722 2571 γὰρ

2174 2595 2372 2664 δήποτε
2402 2598 2504 2662 γῆς
2545 2597 2733 2665 κτῆμα
2770 2593 2837 2666 ἦν
2868 2600 2925 2649 ὲν
2960 2597 3112 2667 καλῷ
3145 2598 3426 2665 κείμενον,
3455 2597 3651 2648 ταύτὸν
3676 2598 3722 2648 δὲ

2174 2690 2349 2739 εἰπεῖν
2408 2688 2760 2757 εὐπρόσοδον,
2812 2690 2925 2749 τοῖς
2982 2688 3233 2756 ἀδελφοῖς
3289 2688 3503 2748 τούτοις
3562 2689 3724 2755 φέρων

2174 2776 2445 2845 ἐνείματο.
2492 2778 2609 2846 Ἀφ’
2644 2772 2718 2831 ὧν
2752 2775 2899 2842 οἶνός
2934 2796 2994 2832 τε
3028 2779 3210 2841 αὐτοῖς
3270 2780 3411 2833 κατά
3462 2781 3725 2846 ποταμοὶς

2176 2872 2396 2941 ἐπιρρεῖ
2430 2869 2525 2922 καὶ
2552 2871 2716 2938 ἄρτος
2750 2872 2845 2923 καὶ
2893 2871 2992 2923 ὅσα
3026 2870 3117 2922 ἐπὶ
3151 2871 3268 2931 τοῖς
3302 2870 3492 2939 ἄρτοις
3529 2868 3726 2919 σιτοῦν-

2174 2980 2261 3014 ται
2295 2962 2591 3033 ἄνθρωποι.
2642 2964 2703 3015 0i
2735 2963 2790 3015 δὲ
2853 2962 3127 3024 ἐσθίοντες
3180 2962 3321 3030 ὑπὲρ
3352 2961 3607 3030 ἀριθμὸν,
3645 2964 3727 3011 καὶ

2172 3057 2311 3122 τάχα
2342 3053 2528 3123 τολμῶ
2588 3055 2682 3107 καὶ
2718 3053 2889 3121 λέγω,
2923 3053 3068 3106 εἴποι
3120 3071 3204 3115 τις
3251 3055 3340 3118 ἂν,
3373 3054 3510 3123 πρὸς
3546 3053 3607 3105 τὸ
3645 3050 3726 3105 τοῦ

2177 3145 2311 3214 ἐμοῦ
2344 3146 2593 3214 Σωτῆρος
2632 3145 2817 3213 θαῦμα
2851 3146 2957 3197 τῶν
3011 3144 3442 3213 ἑπτακισχιλίων
3476 3145 3616 3213 φημὶ
3648 3145 3731 3196 καὶ

2178 3236 2636 3305 πεντακισχιλίων
2672 3235 3038 3305 ἀναφέρεσθαι
3090 3236 3151 3288 τὸ
3207 3234 3299 3287 τοῦ
3344 3236 3730 3303 αὐτοκράτορος

2173 3329 2357 3399 ἔργον.
2406 3328 2546 3381 Ἀλλ’
2576 3330 2757 3381 ἐκεῖσε
2815 3331 2879 3381 ἐκ
2931 3329 3092 3380 πέντε
3140 3327 3321 3397 ἀρτων
3369 3328 3731 3398 ἐκορέσθησαν

2174 3420 2435 3492 χιλιάδες,
2469 3421 2603 3474 καθὸ
2635 3422 2724 3471 καὶ
2746 3423 2773 3473 ὀ
2799 3420 2929 3481 Θεὸς
2966 3420 2993 3471 ὁ
3028 3420 3487 3487 θαυματουργῶν,
3513 3418 3733 3469 amco;

2173 3512 2229 3563 δὲ
2259 3510 2325 3562 τὰ
2369 3510 2467 3580 μὲν
2525 3510 2623 3575 τῆς
2671 3510 3087 3577 φιλανθρωπίας
3143 3510 3242 3577 τῆς
3296 3508 3449 3571 θείας
3501 3508 3732 3575 ἐξέχεται

2176 3600 2413 3670 ἐντολῆς*
2443 3600 2503 3653 τὸ
2526 3600 2571 3653 δ’
2593 3600 2738 3665 ἄλλο,
2766 3603 2940 3652 ἐκεῖσε
2971 3602 3067 3668 μὲν
3098 3599 3302 3668 Θαῦμα,
3319 3595 3419 3654 ὦδε
3440 3601 3495 3653 δὲ
3516 3601 3734 3669 χορηγὶα

2179 3693 2438 3763 βασιλικὴ
2495 3693 2557 3746 τδ
2610 3691 2883 3761 αὔταρκες
2946 3696 3059 3755 τοῖς
3112 3693 3364 3761 ἀδελφοῖς
3427 3694 3733 3762 πορίζουσα.

2180 3780 2332 3837 Εἶδον
2364 3784 2475 3853 ἐγὼ
2519 3785 2615 3837 καὶ
2651 3784 2823 3853 γραῦν
2858 3788 3091 3851 γυναῖκα
3131 3785 3234 3837 ὑπὸ
3272 3785 3511 3847 νεάνιδος
3542 3788 3640 3836 intr
3655 3801 3735 3848 p2-

2174 3876 2461 3945 τουμένην,
2494 3877 2587 3927 καὶ
2614 3875 2780 3943 ἄνδρα
2811 3876 3013 3943 τυφλὸν
3046 3876 3149 3927 ὑπὸ
3182 3875 3479 3945 βλέποντος
3534 3874 3733 3941 ἀνθρώ-

2178 3986 2278 4020 που
2310 3967 2847 4038 χειραγωγούμενον,
2878 3971 2969 4019 καὶ
3002 3968 3178 4020 ἄποδα
3242 3969 3410 4029 πόδας
3456 3967 3735 4036 ἕχοντα,ιὺ

2175 4059 2303 4121 τοὺς
2359 4056 2576 4117 ἑαυτοῦ,
2635 4058 2770 4109 ἀλλὰ
2828 4060 2955 4121 τοὺς
3022 4058 3357 4127 ἀλλοτρίους,
3411 4057 3506 4109 καὶ
3555 4059 3735 4124 ἄχειρα

2178 4152 2271 4203 ὑπ’
2299 4150 2511 4221 ἀνδρῶν
2564 4150 2767 4220 ἑτέρων
2814 4151 3357 4221 χειραγωγούμενον,
3417 4152 3513 4203 καὶ
3575 4151 3734 4217 βρέςη

2177 4243 2541 4313 τιθηνούμενα
2570 4243 2701 4311 παρ’
2727 4243 3027 4311 ἀλλοτρίων
3062 4244 3340 4313 μητέρων,
3367 4245 3463 4295 καὶ
3511 4242 3739 4313 παραλύ-

2178 4351 2304 4397 τους
2324 4334 2605 4388 ὁπ’ἄλλων
2633 4334 2939 4403 ἀνθρώπων
2962 4336 3408 4404 δουλευομένους,
3438 4334 3735 4404 εὐρώπων.

2182 4425 2289 4477 Καὶ
2334 4425 2472 4488 ὅλως
2505 4424 2725 4477 διπλοῦν
2774 4421 2839 4494 ἦν
2869 4426 2929 4476 τὸ
2984 4426 3187 4493 πλῇθος
3234 4426 3343 4477 τῶν
3377 4426 3690 4495 τρεφομένω
3720 4467 3735 4487 ,

513 4522 673 4561 sexus
702 4507 988 4569 homines;
1020 4509 1069 4560 Iti
1101 4510 1294 4563 sublati
1351 4511 1403 4561 in
1469 4511 1664 4563 cmlum
1716 4510 1959 4570 liberius,
2024 4512 2073 4562 hi

2179 4517 2285 4570 τῶν
2326 4520 2422 4587 μὲν
2457 4520 2534 4580 εἰς
2581 4518 3000 4587 δουλευομένους
3038 4518 3489 4586 ἀριθμουμένων,
3540 4519 3643 4569 τῶι
3676 4519 3728 4569 δὲ

514 4609 670 4653 terra:
700 4601 950 4652 humilius
990 4603 1211 4664 admoti,
1279 4612 1437 4669 prout
1484 4603 1743 4670 cujusque
1788 4601 2080 4655 necessitas

512 4701 564 4743 et
598 4691 699 4743 loci
732 4692 868 4743 ratio
918 4692 1182 4745 ferebant.
1218 4693 1383 4747 Porro
1424 4694 1583 4745 istius
1631 4692 1843 4745 aenilicii
1880 4692 2074 4759 gemini

512 4781 717 4834 circum
763 4782 1000 4851 undique
1044 4785 1304 4835 adstructi
1354 4786 1770 4853 magnitudinem
1830 4798 1985 4837 nosse
2034 4783 2077 4836 si

512 4872 634 4939 quis
667 4871 843 4938 cupiat
872 4910 887 4937 ,
925 4887 987 4925 cx
1012 4888 1075 4926 eo
1105 4874 1371 4928 aestimare
1414 4877 1615 4943 poterit
1655 4876 1794 4943 quod
1846 4890 1967 4928 vere
2001 4874 2083 4927 di-

513 4979 629 5016 cam
672 4981 687 5017 :
726 4966 959 5015 tutnruni
1002 4979 1192 5033 nempe
1214 4975 1268 5017 ut
1295 4966 1385 5032 qui
1418 4969 1513 5019 hos
1539 4977 1769 5035 aegrotos
1796 4980 1892 5033 per
1917 4965 2082 5018 cellas

511 5062 606 5107 aut
664 5056 1019 5107 contubernia
1092 5071 1321 5123 superne
1383 5056 1714 5125 iul'eriusque
1791 5056 2082 5124 dispositos

515 5145 686 5213 primo
718 5143 890 5197 visere
923 5145 1153 5198 diluculo
1191 5149 1467 5215 C(Bpisset,
1518 5151 1582 5211 is,
1622 5148 1663 5200 si
1696 5162 1881 5201 omnes
1930 5146 2082 5200 vellet

516 5250 851 5303 percurrere,
886 5238 973 5290 vix
1006 5239 1299 5292 commissa
1334 5254 1552 5305 vespera
1581 5240 1951 5297 lustrationem
1980 5243 2079 5290 ab—

516 5333 745 5386 solveret
777 5350 790 5385 :
828 5333 962 5386 adeo
986 5344 1141 5386 erant
1165 5335 1312 5386 multi
1344 5343 1559 5402 tamque
1580 5336 1685 5386 lato
1712 5337 1884 5404 spatio
1916 5334 2090 5403 longis

517 5425 792 5478 ordinibus
817 5426 1075 5493 porrecti.
1104 5423 1274 5478 Tanta
1309 5426 1421 5480 haec
1450 5437 1566 5480 erat
1606 5427 1820 5491 civitas,
1858 5435 1940 5501 tot
1973 5427 2087 5494 ejus

520 5516 688 5576 cives,
718 5530 943 5581 quorum
981 5531 1139 5571 nemo
1166 5532 1286 5571 cum
1315 5519 1536 5571 haberet
1562 5520 1754 5572 fundos
1780 5560 1793 5584 ,
1843 5521 2038 5587 pricdia
2073 5556 2088 5581 ,

522 5606 814 5671 hortosve,
872 5622 1028 5661 nemo
1080 5611 1301 5671 vineas,
1357 5621 1449 5661 aut
1488 5611 1631 5664 aliud
1680 5612 1936 5678 ejusmodi
1984 5626 2088 5679 quo

525 5694 736 5749 [titillari
796 5698 1165 5766 possessiones
1212 5701 1485 5753 hominum
1518 5713 1569 5753 et
1619 5718 1764 5768 spem
1794 5704 1966 5754 \‘icttts
2024 5718 2087 5756 ac

2191 4612 2270 4674 εἰς
2292 4611 2664 4673 δουλεύοντας.
2697 4611 2788 4681 Τῷ
2824 4612 2923 4678 μὲν
2954 4611 3319 4679 αὐτοκράτορι
3383 4612 3486 4664 οὐκ
3518 4610 3636 4678 ἐξῆν
3670 4610 3738 4676 τῷ

2191 4702 2490 4772 παραλύτῳ
2523 4704 2720 4756 εἰπεῖν’
2757 4705 2987 4771 Ἔγειρε
3020 4703 3117 4756 καὶ
3154 4703 3489 4770 περιπάτει·
3518 4704 3633 4755 οὐδὲ
3669 4702 3739 4770 τῷ

2183 4794 2368 4864 τυφλῷ
2407 4793 2666 4848 κελεῦσαι
2725 4795 2785 4847 τὸ
2813 4794 3049 4865 βλέπειν,
3086 4796 3208 4847 οὐδὲ
3239 4796 3317 4863 τῷ
3349 4796 3425 4865 μὴ
3454 4796 3628 4864 ἔχοντι
3651 4798 3737 4845 πί-

2186 4888 2283 4950 δας
2314 4888 2637 4955 ἐπιτρέπειν
2667 4891 2996 4957 περιπατεῖν
3025 4904 3039 4919 ⁶
3066 4887 3239 4941 ταῦτα
3275 4885 3345 4959 ἦν
3379 4888 3477 4941 τοῦ
3517 4891 3743 4953 Μονογεο

2187 4976 2311 5037 νοῦς
2352 4979 2447 5030 καὶ
2485 4979 2552 5030 δι’
2601 4980 2746 5050 ἡμᾶς
2786 4982 3069 5047 γεγονότος
3114 4980 3408 5050 ἀνθρώπου
3465 4982 3555 5033 καὶ
3609 4982 3740 5049 ὑπὲρ

2188 5068 2488 5137 ἀνθρώπων
2518 5071 2773 5121 ἐνταυθοῖ
2807 5071 3298 5139 πολιτευσαμένου.
3332 5072 3401 5123 Ἀ
3442 5070 3497 5122 δὲ
3528 5072 3741 5137 προσῆν,

2190 5161 2376 5211 ἐκεῖνα
2403 5162 2568 5215 ποιεῖ-
2602 5160 2874 5230 ὑπηρέται
2892 5160 3106 5229 ἑκάστῳ
3130 5160 3327 5213 διδόναι
3346 5162 3741 5231 πεπηρωμένῳ.

2193 5252 2285 5304 καὶ
2322 5251 2420 5321 τὴν
2453 5254 2624 5321 αὐτὴν
2684 5252 2942 5320 πρόνοιαν
2986 5253 3193 5305 τιθέναι
3250 5253 3328 5322 τῷ
3364 5254 3741 5322 λελωδημένῳ.

2185 5341 2263 5411 τῷ
2293 5342 2610 5408 ὑγιαίνοντι.
2650 5344 2807 5394 Ὥστε
2838 5342 2891 5394 εἴ
2920 5360 3002 5405 τις
3031 5342 3277 5412 βούλοιτο
3310 5346 3409 5414 τὴν
3446 5346 3567 5398 νέαν
3598 5346 3744 5394 πόλιν

2189 5434 2525 5501 καταμαθεῖν
2550 5436 2615 5502 ἣν
2643 5436 2705 5485 ἐκ
2726 5434 2942 5503 βάθρων
2967 5438 2994 5487 ὀ
3021 5438 3151 5504 ἐμὸς
3185 5440 3366 5505 πατὴρ
3411 5436 3743 5502 ἀνεδείματο.

2188 5526 2497 5591 τετραπλῆν
2522 5525 2587 5578 ἂν
2610 5526 2706 5578 ἴδοι
2727 5528 2825 5595 τὴν
2858 5528 3011 5580 πόλιν
3039 5529 3132 5579 καὶ
3153 5528 3466 5596 πολλαπλῆν
3488 5528 3583 5579 τῶν
3603 5530 3748 5577 κάτω

2189 5617 2297 5668 τῶν
2362 5618 2496 5682 ἄνω,
2579 5619 2685 5671 τῶν
2737 5620 3063 5689 ἀμφοτέροις
3108 5620 3318 5682 τούτοις
3392 5621 3747 5687 ὲξυπηρετου-

2199 5711 2394 5776 μένων.

524 5791 695 5857 copiic
729 5796 981 5847 constitui
1016 5796 1257 5850 videmus
1294 5814 1307 5849 :
1343 5796 1436 5850 sed
1491 5798 1715 5865 quisque
1764 5810 1815 5851 et
1863 5816 2090 5867 quaeque
2129 5803 2262 5856 Joho
2316 5805 2385 5855 illi
2438 5808 2485 5856 in
2537 5808 2875 5875 sterquilinio
2915 5808 3157 5860 oamium
3201 5824 3387 5878 egeno,
3474 5811 3608 5876 quod
3688 5807 3747 5859 ad
