3960 6574
155 379 291 444 115⁸7
1231 399 1239 414 τ
1405 381 1816 442 ALEXIADIS
1864 384 2015 444 LlB.
2051 385 2172 445 XV.
3097 444 3102 445 ν
3251 392 3388 460 1Ῑ58

129 504 400 560 quemque
423 489 672 560 privatim
702 494 988 560 attinebat,
1013 505 1156 549 esset
1218 495 1529 561 persimilis,
1594 505 1772 549 tamen
1811 507 1928 550 erat
1955 498 2196 553 mirabile
2225 499 2504 558 abundare
2538 517 2729 560 omnes
2772 504 2978 561 idoneis
3016 507 3268 562 omnibus
3319 510 3389 564 ad

132 596 283 634 usum
335 585 516 639 rebus.
542 586 784 657 Augusto
822 589 1074 642 nimirum
1107 588 1522 642 liberalimanu
1569 597 1891 658 suggerente
1915 589 2044 658 ipsis
2064 605 2399 660 quascunque
2459 598 2526 650 ad
2599 600 2982 654 habitatione...
3043 611 3097 655 et
3161 612 3391 660 tectum,

130 672 196 726 ad
227 675 430 726 victum
464 677 825 747 vestitumque
853 695 988 748 opus
1016 693 1190 734 erant.
1216 681 1344 746 Quae
1408 681 1540 748 ipsis
1589 680 1770 735 omnia
1811 697 1934 734 cum
1966 683 2086 736 sine
2118 686 2290 752 pretio
2328 701 2392 741 ac
2429 703 2555 742 cura
2585 705 2776 758 sponte
2827 709 2889 748 ac
2917 695 3082 763 gratis
3137 694 3387 762 proveni-

131 777 292 827 rent,
350 767 680 836 inopinatum
733 772 1056 825 cernebatur
1115 772 1409 844 quiddam;
1463 773 1708 826 homines
1746 773 1988 825 omnium
2020 777 2389 843 pauperrimos
2418 779 2721 846 latifundia,
2802 787 3088 854 vectigales
3179 797 3389 846 terras,

145 870 208 910 ac
234 870 530 924 proventus
554 863 728 914 Omnis
750 864 962 930 generis
987 866 1216 931 habere;
1247 867 1372 933 qttin
1404 867 1562 918 etiam
1593 864 1935 918 curatoribus
1965 874 2128 934 atque
2172 865 2504 923 administris
2560 887 2742 926 rerum
2800 884 2854 926 et
2916 880 3377 944 opportunitatntu

133 964 352 1002 suarmn
383 955 454 1004 uti
479 953 725 1019 plurimis
758 952 932 1020 iisque
968 955 1292 1016 illustribus,
1333 956 1448 1022 ipso
1475 953 1723 1007 videlicet
1763 955 2090 1022 imperatore
2141 955 2581 1026 principibusque
2619 962 2754 1015 anhe
2787 979 2849 1016 ac
2885 967 3131 1033 cognatis
3159 967 3376 1020 comiti-

133 1042 342 1110 busque
375 1044 514 1096 illius
555 1063 568 1097 :
601 1045 688 1110 qui
719 1046 932 1112 quidetu
968 1061 1176 1100 summa
1207 1047 1309 1100 fide
1339 1062 1403 1100 ac
1436 1045 1635 1100 emcaci
1669 1044 1852 1100 studio
1883 1046 2116 1099 rationes
2149 1047 2373 1099 istorum
2417 1064 2705 1119 pauperum
2742 1067 2992 1109 curantes
3026 1057 3178 1111 sicuti
3208 1070 3379 1111 terra-

134 1149 251 1188 rum
278 1138 548 1202 praedium
572 1142 771 1205 optimo
796 1142 955 1193 situm
977 1139 1092 1195 loco
1135 1139 1388 1195 uberrimi
1420 1149 1710 1208 proventus
1732 1140 2252 1206 animadverterent,
2291 1143 2523 1208 agebant
2571 1148 2752 1199 statim
2785 1159 2840 1202 ut
2880 1151 2926 1202 id
2980 1151 3067 1204 isti
3109 1154 3383 1206 sodalitati

131 1231 546 1282 attrdmeretur.
581 1229 785 1294 Quibus
817 1231 1010 1285 deinde
1041 1232 1185 1288 velut
1211 1247 1276 1288 ex
1306 1231 1636 1303 perennibus
1663 1233 1905 1288 fontibus
1938 1233 1990 1286 in
2017 1231 2208 1286 horum
2237 1235 2581 1300 quotidianos
2614 1253 2742 1291 usus
2769 1243 3138 1296 conviciorum
3171 1255 3224 1296 et
3253 1246 3372 1298 vina

135 1322 303 1389 largis
330 1320 639 1376 ﬂuminibus
673 1321 948 1376 attinerent
981 1335 1034 1379 et
1063 1325 1215 1393 panis
1244 1340 1307 1379 ac
1334 1341 1668 1396 quaecunque
1691 1329 1756 1380 ad
1805 1340 1996 1395 panem
2039 1324 2214 1378 victus
2271 1326 2534 1380 lmmanus
2564 1331 2842 1385 consuevit
2879 1348 2908 1385 a
2929 1335 3075 1388 ldere
3115 1338 3368 1402 proveni.

133 1427 272 1480 rent,
314 1415 536 1484 benigna
590 1431 685 1469 nec
716 1415 944 1470 deiicere
978 1428 1244 1471 metuente
1268 1419 1443 1486 copia.
1469 1420 1626 1485 Atqui
1659 1419 1924 1486 erantqui
1960 1416 2157 1469 istbiuc
2187 1418 2545 1483 pascebantur
2567 1421 2747 1488 plures
2771 1440 2933 1493 quam
2955 1427 3074 1492 quis
3105 1439 3370 1482 autumet.

134 1513 209 1564 Ita
242 1519 294 1560 ut
329 1509 524 1577 (modo
559 1520 733 1564 tamen
769 1511 818 1561 id
854 1511 977 1563 mihi
1019 1526 1109 1579 per
1138 1510 1421 1565 Dominum
1452 1510 1630 1566 Jesum
1661 1509 1854 1578 liceat)
1890 1508 2116 1561 audeam
2147 1524 2269 1562 cum
2301 1510 2595 1564 Salvatnris
2624 1514 2906 1578 miraculo,
2960 1529 3162 1586 septem
3193 1522 3370 1573 homi-

134 1617 260 1654 nmu
299 1617 350 1654 et
379 1601 573 1654 ili-rum
619 1605 854 1670 quinque
916 1602 1076 1655 millia
1117 1603 1384 1672 pascentis
1421 1605 1574 1668 hanc,
1632 1601 1971 1669 imperatoris
2005 1599 2402 1666 Providentiam
2471 1613 2524 1654 et
2579 1604 2958 1662 liberalitatem
2995 1611 3177 1679 aliquo
3230 1614 3387 1666 modo

130 1692 407 1746 conferre.
443 1690 669 1766 Interest
695 1703 872 1747 tamen
920 1701 1062 1763 quod
1090 1695 1198 1749 illic
1226 1697 1462 1764 quinque
1519 1706 1615 1749 aut.
1665 1703 1870 1760 septem
1911 1694 2158 1758 panibus,
2188 1697 2407 1750 totidem
2435 1697 2708 1750 hominum
2743 1701 2907 1752 millia
2947 1713 3184 1757 saturata
3225 1717 3380 1760 sunt.

130 1788 277 1840 Deus
314 1801 505 1855 nempe
537 1787 676 1840 Dens
710 1800 828 1842 erat
860 1789 946 1855 qui
979 1788 1230 1842 nimirum
1267 1789 1339 1842 ibi
1364 1789 1764 1856 omnipotentim
1806 1803 1917 1842 suae
1944 1785 2136 1838 edebat
2175 1789 2467 1855 specimen.
2509 1790 2604 1842 Hic
2635 1789 2766 1842 nihil
2795 1792 2897 1844 ttisi
2929 1803 3155 1848 conatus
3185 1800 3376 1850 huma-

134 1881 320 1936 nitatis
357 1883 470 1946 fuit,
506 1891 834 1952 praecl-ptum
869 1901 894 1935 a
936 1883 1046 1936 Deo
1077 1863 1386 1948 impositum
1419 1881 1747 1945 hominibus,
1773 1890 1829 1934 ut
1858 1892 2043 1937 mutuo
2074 1883 2130 1938 in
2164 1898 2271 1954 quo
2337 1884 2564 1953 quisque
2623 1897 2797 1953 potest
2837 1887 2924 1940 alii
2977 1887 3108 1942 alios
3145 1888 3332 1957 juvent
3359 1930 3374 1954 ,

143 1975 372 2044 implere
398 1978 714 2041 satagentis.
762 1973 928 2048 484
962 1976 1100 2044 Ergo
1137 1973 1242 2028 illic
1297 1974 1513 2044 quidem
1547 1973 1807 2028 mirabilis
1844 1972 2066 2032 eli'ectus
2102 1979 2479 2046 omnipotentis
2509 1982 2737 2032 dexterae
2778 1997 2792 2033 :
2828 1985 2913 2034 hic
2955 1982 3170 2053 largitio
3209 1985 3380 2054 impe-

133 2068 336 2123 ratoria
369 2068 638 2121 sodalibus
665 2079 770 2120 tam
809 2069 990 2121 multis
1027 2070 1184 2122 unius
1218 2079 1386 2122 vasta:
1414 2069 1605 2122 domus
1635 2069 1991 2126 contubernio
2020 2072 2285 2126 devinctis
2313 2082 2503 2126 cuncta
2545 2089 2663 2141 qua:
2698 2087 2855 2129 erant
2888 2078 2954 2130 ad
2987 2094 3140 2132 usum
3191 2096 3379 2134 neces-

124 2160 266 2213 saria
295 2159 586 2227 pra-bebat.
611 2158 837 2214 Juvabat
873 2177 954 2212 me
979 2162 1160 2214 videre
1188 2161 1294 2214 illic
1323 2175 1485 2214 auum
1528 2161 1595 2214 ab
1623 2160 1964 2216 adolescente
1989 2164 2169 2218 curari
2206 2163 2402 2217 femina
2428 2181 2442 2229 ;
2488 2182 2688 2221 ctecum
2728 2170 2899 2222 virum
2933 2186 2962 2222 a
2988 2171 3200 2226 vidente
3223 2190 3381 2227 manu

123 2253 247 2306 duci
278 2268 292 2312 ;
328 2252 449 2304 clau
472 2255 547 2305 los
579 2264 669 2306 attt
696 2255 972 2307 mutilatos
999 2253 1242 2321 pedibus,
1269 2254 1432 2323 pedes
1456 2253 1655 2308 habere
1693 2269 1797 2309 non
1831 2271 1978 2319 suos,
2007 2255 2099 2309 sed
2135 2255 2305 2309 aliena
2360 2259 2698 2334 benignitate
2713 2264 3118 2328 commodatos;
3154 2265 3389 2333 propriis

127 2356 398 2407 carentes,
428 2347 726 2398 amicorum
759 2346 970 2399 vit-ariis
1000 2347 1074 2399 uti
1107 2346 1394 2410 manibus;
1450 2347 1614 2399 orbos
1664 2345 1900 2400 infantes
1953 2355 2183 2401 matrum
2224 2347 2521 2401 alienarum
2569 2351 2829 2406 uberibus
2879 2353 3103 2419 lactari;
3144 2355 3383 2423 denique

123 2438 381 2492 hominos
413 2438 736 2508 paralyticos
762 2447 816 2491 et
845 2437 1096 2493 resolutis
1132 2438 1333 2503 uer-ris,
1367 2438 1574 2492 debiles
1613 2437 1842 2491 aliorum
1876 2439 2168 2493 valentium
2213 2439 2525 2494 ministeriis
2571 2443 3105 2510 suppleredefectum
3131 2447 3382 2499 inertiuut

127 2527 731 2597 membrortnu.ltaque
762 2531 811 2581 in
845 2530 1153 2582 universam
1209 2527 1410 2596 duplici
1470 2543 1667 2598 genere
1724 2529 2008 2584 multitudo
2069 2531 2411 2598 imperatoris
2464 2533 2719 2602 impensis
2771 2535 2962 2588 istoin
3011 2537 3128 2589 loco
3183 2541 3384 2592 nutrita

129 2625 418 2677 t-mtstabat
451 2641 466 2677 :
499 2623 588 2677 alii
615 2624 879 2692 siquidem
911 2634 1067 2678 erant
1099 2623 1291 2691 quibus
1343 2623 1781 2689 ministrabatur;
1847 2625 1933 2677 alii
1986 2625 2076 2692 qni
2133 2626 2533 2680 ministrabant.
2596 2627 2762 2682 Porro
2791 2629 3062 2695 Augustus
3104 2646 3210 2682 non
3272 2647 3389 2684 eam

125 2718 363 2773 habebat
394 2721 499 2774 vim
531 2739 634 2790 qua
669 2733 847 2789 possm
879 2720 1070 2775 effectu
1101 2729 1380 2790 sequente,
1421 2721 1600 2774 dicere
1633 2720 1927 2790 paralytico
1949 2720 2113 2789 Surge
2142 2733 2188 2774 et
2222 2722 2454 2787 ambula,
2479 2734 2566 2774 ant
2600 2739 2743 2776 (χιιιρο
2783 2725 3079 2794 prmeipere‘
3099 2735 3157 2777 ιιι
3181 2727 3379 2786 videat,

128 2813 447 2866 autcarenti
485 2813 707 2882 pedibus
732 2811 908 2866 subito
933 2813 1084 2881 jussu
1116 2827 1358 2880 gressum
1417 2811 1711 2878 indulgere.
1750 2811 1972 2879 Propria
2015 2813 2105 2865 illa
2157 2822 2390 2881 potestas
2442 2814 2539 2865 fuit
2601 2814 2866 2883 Unigeniti
2919 2817 3010 2883 qui
3046 2814 3380 2872 humanitate

130 2916 351 2974 propter
376 2920 475 2959 nos
504 2916 802 2973 assumpta,
828 2905 992 2959 vitam
1025 2905 1113 2958 hie
1139 2907 1280 2958 inter
1313 2905 1560 2958 homines
1585 2906 1819 2958 humano
1880 2905 2039 2958 modo
2071 2919 2134 2958 ac
2157 2914 2316 2972 captu
2349 2908 2680 2970 superiorem
2711 2907 2886 2959 duxit.
2922 2905 3052 2971 Quae
3081 2917 3259 2960 autem
3293 2908 3395 2960 iut-

123 3013 350 3067 perator
385 3001 574 3070 potuit,
608 3001 859 3053 nimirum
889 3000 1177 3068 unicuique
1213 2981 1455 3054 mutilaio
1485 3015 1548 3053 ac
1574 3001 1934 3054 membrorum
1966 3017 2061 3052 usu
2093 3010 2244 3068 rapto
2280 3003 2554 3068 proprium
2589 2999 2839 3054 addicere
2908 2999 3165 3054 famulum
3192 3001 3257 3054 ad
3290 3015 3390 3052 cus

131 3094 398 3147 rationem
421 3103 474 3146 et
502 3090 838 3159 Obsequium,
869 3105 920 3145 et
954 3104 1057 3145 tnui
1086 3094 1320 3159 ωςςινιιὶς,
1350 3108 1506 3158 quam
1540 3093 1685 3144 sanis
1709 3103 1939 3163 aegrotos
1969 3092 2301 3151 Cttrantilnts,
2366 3091 2646 3157 providi-re
2681 3093 2878 3159 pariter
2920 3092 2987 3145 de
3018 3093 3158 3145 victu
3184 3094 3390 3156 stabili,

131 3201 194 3238 ea
228 3201 364 3238 sane
395 3185 693 3252 perprol-xe
727 3185 866 3236 fet-it.
900 3186 1163 3237 Cn'ternm
1200 3185 1243 3236 si
1280 3184 1400 3248 quis
1434 3181 1825 3236 distiuctiorem
1866 3186 2064 3237 habere
2124 3185 2366 3235 notitiam
2404 3187 2552 3237 urbis
2613 3185 2767 3237 istius
2810 3184 2940 3237 velit
2962 3199 2991 3237 a
3025 3194 3180 3251 patre
3212 3202 3330 3240 meo
3363 3203 3393 3240 a

132 3280 504 3331 fundamentis
532 3277 827 3339 mdilicatze,
862 3278 904 3328 is
931 3277 1064 3330 sliat
1091 3274 1471 3341 quadrifariam
1512 3275 1740 3327 divistm
1776 3275 1944 3334 illam,
1976 3275 2078 3328 nisi
2105 3277 2265 3326 etiam
2300 3275 2654 3340 plurifariam,
2699 3260 2885 3330 luisse.
2920 3275 3235 3330 Conﬂabant
3265 3296 3382 3334 eam

129 3388 144 3424 ι
170 3373 394 3424 intirunt
431 3371 522 3439 qui
554 3373 605 3422 in
635 3369 998 3434 superioribus
1031 3369 1280 3419 tabulatis-
1309 3377 1360 3420 et
1401 3366 1747 3421 inferioribus
1778 3368 2126 3422 conclavibus
2150 3367 2754 3434 aegrotidecumbehaut
2812 3369 3196 3422 desidebantve
3233 3387 3247 3422 :
3278 3379 3388 3424 tum

129 3465 220 3533 qui
255 3480 366 3516 tam
393 3463 763 3530 superioribus
797 3461 944 3513 hisce
973 3479 1131 3525 quam
1158 3461 1279 3513 aliis
1313 3462 1538 3515 inferius
1572 3461 1888 3528 degentibus
1922 3471 2202 3514 curatores
2232 3461 2522 3525 famulique
2574 3460 2975 3513 ministrabant.

199 3557 369 3609 ξι).λά
396 3557 481 3615 τίς
506 3553 875 3624 ἐξαριθμῆσαι
895 3552 1186 3620 δυνήσαιτο
1205 3553 1330 3613 τοὺς
1355 3549 1478 3604 ὃιαθ’
1502 3552 1716 3622 ἡμέραν

1891 3550 1960 3604 At
1993 3551 2117 3618 quis
2149 3565 2468 3601 enumerare
2502 3551 2565 3598 ad
2601 3558 2852 3600 exactum
2891 3561 3053 3614 queat
3103 3564 3234 3620 quot
3285 3554 3396 3609 illic

127 3651 440 3710 ἐσθίοντας.
469 3647 501 3717 ἢ
533 3645 631 3715 τὴν
657 3642 778 3696 καθ’
815 3644 1052 3710 ἑκάστην
1080 3643 1351 3713 δαπάνην,
1390 3645 1486 3694 καὶ
1509 3644 1608 3712 τὴν
1633 3659 1716 3708 γι-

127 3745 372 3808 νομένην
412 3739 493 3799 εἰς
534 3738 764 3789 ἕκαστον
816 3738 1110 3805 πρόνοιανς
1172 3735 1266 3797 Et;
1319 3737 1526 3787 ἐκεῖνον
1607 3734 1719 3803 γὰρ

127 3831 400 3900 ἀναφέρω
453 3830 544 3882 καὶ
602 3829 669 3879 τὰ
713 3827 832 3895 μετ’
880 3827 1085 3878 ἐκεῖνον
1113 3827 1372 3886 ’ἐκεῖνος
1424 3826 1535 3895 γὰρ
1565 3827 1719 3893 ἀφω-

129 3923 331 3991 ρίσατο
346 3919 416 3970 τὰ
434 3917 542 3970 ἀπὸ
565 3917 666 3985 γῆς
686 3915 1060 3982 καὶθαλάττης
1084 3915 1254 3984 αὐτῆς
1279 3915 1552 3983 προνοίας·
1574 3915 1719 3967 ἐκεῖ·

128 4033 218 4076 νος
248 4012 427 4079 δὲτὴν
457 4009 688 4079 δυνατὴν
715 4007 995 4079 ῥᾳστώνην
1023 4009 1202 4069 αὐτοῖς
1227 4007 1622 4076 περιεποιήσατο
1649 4007 1714 4060 ³⁸.

127 4105 171 4155 Il
183 4102 494 4173 ροκάθηται
517 4101 624 4168 γὰρ
642 4100 780 4168 ἀνήρ
798 4116 880 4160 τις
899 4098 1005 4150 τῶν
1021 4097 1374 4161 ἐνδοξοτάτων
1395 4098 1719 4168 φροντιστὴς

125 4200 232 4265 τῆς
295 4194 632 4265 μυριάνδρου
668 4194 902 4261 ταυτησὶ
944 4192 1176 4253 πόλεως.
1216 4194 1712 4262 Ὀρφανοτροφεῖον

123 4293 182 4343 δὲ
202 4289 386 4359 ταύτῃ
412 4285 675 4354 τοῦνομα.
709 4285 1202 4353 Ὀρφανοτροφείον
1223 4283 1332 4350 (85)
1358 4282 1415 4334 δὲ
1444 4298 1718 4350 προσαγοσ

130 4381 388 4452 pauent,
415 4380 499 4431 ὅτι
526 4380 560 4447 ἡ
591 4377 730 4445 πρὸς
764 4376 887 4437 τοὺς
915 4375 1191 4444 ὀρφανοὺς
1219 4375 1314 4426 καὶ
1339 4371 1718 4442 ἀποστρατεύ-

124 4490 261 4535 too;
313 4467 702 4538 φιλανθρωπία
735 4465 829 4517 τοῦ
864 4466 1290 4534 αὐτοκράτορος,
1322 4463 1446 4515 ὅθεν
1475 4465 1572 4515 καὶ
1602 4461 1719 4516 τοῦ·

123 4581 279 4632 νομα
311 4560 664 4625 ἐπεκράτησε
692 4557 792 4624 τῆς
831 4555 938 4606 ἀπὸ
961 4554 1068 4606 τῶν
1084 4553 1334 4624 ὀρφανῶν
1366 4552 1718 4622 προμηθείας

125 4655 376 4722 σέκρετα
416 4649 528 4714 (86)
571 4647 679 4714 γὰρ
726 4644 819 4696 ἐπὶ
857 4643 1066 4703 τούτοις
1120 4642 1254 4693 πᾶσι
1297 4643 1390 4694 καὶ
1434 4642 1708 4712 λογοπρα-

124 4743 256 4812 γίαι
286 4740 400 4792 τῶν
433 4737 820 4808 προνουμένῳν
856 4734 901 4764 ³⁸
941 4737 1034 4786 καὶ
1067 4733 1134 4784 τὰ
1171 4733 1280 4785 τῶν
1304 4735 1554 4804 πενήτων
1585 4736 1722 4805 κτή-

126 4854 290 4907 ματα.
328 4834 425 4886 καὶ
451 4827 838 4900 χρυσὸϐουλλοι
890 4825 1038 4891 λόγοι
1094 4822 1550 4892 ἐπιὸίοαϐεύοντες
1608 4827 1720 4887 τοῖς

1821 3641 2064 3710 quotidie
2092 3656 2184 3692 ora
2223 3652 2600 3706 pascerentur,
2624 3652 2882 3706 quantuttt
2917 3641 2968 3693 in
2995 3642 3045 3694 id
3075 3654 3394 3710 sumptuum

1822 3733 2225 3803 proﬂigaretur,
2252 3748 2411 3798 quam
2446 3730 2685 3783 beneﬁca
2719 3745 2991 3797 quamque
3041 3733 3225 3785 sedula
3279 3736 3397 3788 siu-

1822 3825 1980 3893 gulus
2027 3824 2114 3879 ibi.
2156 3823 2388 3891 quisque
2444 3820 2783 3890 providentia
2823 3834 3132 3884 curaretur,
3189 3834 3393 3891 quanta

1824 3917 2089 3982 hodieque
2121 3916 2371 3983 largitate
2402 3913 2598 3978 cuique
2626 3913 2804 3966 victus
2839 3920 2890 3964 et
2918 3922 3109 3966 etetcra
3149 3930 3398 3967 necessa-

1825 4009 1899 4060 ria
1930 4007 2294 4075 praebeantur.
2328 4005 2455 4056 Nam
2496 4011 2548 4055 et
2582 4017 2645 4055 ea
2694 4002 2806 4069 ipsa
2857 4019 2979 4069 qua:
3018 4013 3138 4069 post
3186 4013 3394 4070 patrem

1830 4085 2028 4163 meum',
2057 4097 2124 4150 ab
2154 4096 2271 4164 ipso
2301 4097 2570 4161 instituta,
2604 4095 2825 4157 durant,
2863 4094 2934 4146 illi
2977 4109 3095 4146 meo
3121 4094 3244 4164 jure
3276 4097 3398 4148 vin-
3437 4161 3448 4165 ί

1825 4191 1971 4254 dico,
2010 4200 2069 4242 ut
2110 4188 2175 4241 ad
2209 4188 2423 4241 laudem
2481 4187 2652 4254 ipsius
2701 4186 2896 4237 merito
2945 4183 3250 4239 referenda.
3306 4187 3398 4239 ll‘e

1822 4282 1967 4334 enim
2000 4278 2307 4332 maritimos
2345 4276 2463 4328 illos
2495 4285 2916 4341 terreSIresque,
2955 4275 3096 4324 unde
3143 4274 3242 4325 ista
3296 4277 3398 4325 du-

1821 4381 1968 4434 rant,
2005 4369 2212 4424 reditns
2264 4367 2548 4429 attribuit;
2601 4365 2690 4416 ille
2738 4364 2822 4415 vel
2877 4364 3068 4416 domus
3118 4361 3400 4431 inquilinis

1823 4460 2002 4522 istius,
2034 4458 2117 4511 vel
2153 4457 2303 4510 urbis
2352 4455 2588 4514 civibus,
2633 4453 2747 4505 haec
2778 4452 2910 4515 otia,
2945 4451 3081 4503 hanc
3124 4452 3397 4515 copiosam

1827 4551 2066 4617 requiem
2101 4558 2152 4601 et
2188 4548 2353 4599 vitam
2389 4559 2667 4607 securam,
2691 4542 3098 4596 liberalissimis
3123 4541 3236 4595 suis
3275 4541 3400 4594 fun-

1822 4642 2016 4696 dorum
2039 4638 2365 4708 optimorum
2396 4646 2449 4690 et
2477 4645 2810 4690 attet‘norunt
2848 4647 3110 4686 censuum
3148 4633 3398 4700 assigna-

1826 4731 2066 4787 tionihus
2131 4743 2292 4797 quam
2354 4726 2466 4780 ﬁeri
2537 4725 2714 4793 potuit
2769 4723 3092 4776 firmissimis
3147 4723 3396 4775 confecit.

1829 4823 2090 4878 Prarsidet
2127 4821 2216 4874 isti
2252 4819 2346 4872 toti
2381 4820 2568 4871 decem
2606 4813 2719 4868 fere
2749 4815 2948 4868 civium
2997 4811 3163 4864 millia
3217 4828 3394 4865 nume-

126 4929 503 4998 τρεφομένοις
531 4924 589 4971 τδ
617 4919 1004 4986 ἀναφαίρετον.
1044 4915 1133 4984 Τῷ
1161 4916 1218 4967 δὲ
1249 4915 1362 4984 ναῷ
1397 4915 1491 4968 τοῦ
1549 4932 1717 4984 μεγα-

1832 4917 1972 4968 ranti
1997 4914 2202 4968 civitati
2236 4912 2320 4965 vir
2346 4927 2411 4966 ex
2439 4908 2823 4963 illustrissimis
2854 4905 3073 4972 quidam
3096 4919 3216 4957 cum
3237 4906 3396 4974 pit-lla

124 5021 453 5089 λοκήρυκος
511 5013 738 5076 ΠαύλουΔ
792 5009 990 5077 κλῆρος
1045 5009 1218 5076 μέγας
1265 5009 1582 5060 κατείλεκτο
1627 5009 1722 5060 καὶ

127 5115 334 5174 πολὺς,
390 5109 481 5161 καὶ
540 5106 732 5174 φώτων
790 5102 1078 5170 δαψίλεια,
1138 5102 1232 5152 καὶ
1293 5100 1735 5170 παραγενόμενος

1840 5007 2154 5060 moderandi
2189 5014 2385 5058 cuncta
2440 4998 2900 5071 dispensandique
2949 5005 3242 5064 potestate.
3296 4999 3397 5052 Or-

1846 5097 2298 5166 phanotrophium
2323 5106 2612 5150 commune
2634 5103 2828 5144 nomen
2851 5097 2933 5142 est
2958 5088 3222 5142 universa:
3245 5089 3397 5145 istius

1179 5193 1382 5253 Varia;
1414 5192 1722 5253 lectiones
1755 5209 1833 5253 ex
1865 5191 2008 5253 cod.
2048 5191 2319 5253 Coislin.

207 5311 257 5342 ³⁸
285 5305 736 5378 περιεποιήσατο,
810 5301 856 5333 ³⁸
894 5297 1328 5370 προνοουμένων.

1217 5407 1359 5470 Car.
1397 5404 1722 5466 anresuii
1751 5407 1851 5470 Du
1880 5405 2106 5484 Cangii
2141 5411 2326 5468 nolle.

205 5525 330 5594 (85)
405 5518 964 5594 ’φρερανοτροφεῖοπ
1031 5513 1304 5594 Βοριιίιιιζ⁸
1345 5509 1717 5594 Qrpltatiotro-

123 5578 332 5666 phiuui
373 5578 647 5666 adnl'iano
679 5578 1050 5666 attIECessore,
1099 5581 1393 5666 Qortstitttt.
1542 5578 1714 5632 Locus

121 5650 480 5725 {tenet-abitis,
509 5661 562 5712 in
590 5675 690 5724 quo
723 5658 1023 5727 parentibus
1061 5653 1259 5727 orbuti__
1288 5650 1438 5718 pueri
1483 5664 1712 5715 pascun-

123 5746 254 5790 tur.
292 5734 426 5785 Vide
463 5723 562 5796 leg.
590 5731 660 5783 5'2.
692 5723 812 5780 cod.
845 5728 911 5780 tle
937 5729 1098 5793 episc.
1124 5735 1173 5774 cl
1204 5723 1346 5796 (Iter.

211 5802 335 5874 (ΗΞ)
369 5787 643 5871 Σέκρὲτα.
683 5787 1087 5852 δοςιοιυιιιῚιορ
1117 5796 1232 5846 loco
1268 5793 1592 5864 interpretor
1630 5787 1710 5839 fo-

1826 5527 1943 5566 rum
1973 5509 2254 5580 iudiciale,
2291 5510 2345 5562 in
2379 5522 2486 5576 quo
2512 5508 2587 5580 de
2615 5507 2777 5580 rebus
2811 5515 2864 5562 et
2914 5507 3126 5580 praediis
3175 5506 3241 5560 ad
3283 5505 3387 5580 Οι--τ

1821 5577 2279 5651 phanotropbinm
2303 5577 2677 5651 spectantibus
2702 5577 2843 5651 lites_
2860 5579 3226 5647 agitabantur,
3257 5577 3398 5651 quod

1824 5647 2041 5704 videtur
2084 5647 2465 5702 intlirare’rnx
2531 5647 2935 5716 λογοπραγίας,
2995 5663 3113 5716 quae
3158 5647 3397 5714 proxime

1822 5723 2089 5788 Sequitur.
2131 5718 2260 5771 Vult:
2301 5732 2481 5770 ttnlata
2514 5719 2575 5767 ad
2625 5733 2743 5785 pug.
2777 5716 2862 5770 70.
