3960 6618
333 434 476 501 1169

1569 443 1766 504 ALEX
1778 444 1984 505 I-ADIS
2028 446 2177 506 LIB.
2230 450 2354 510 XV.

3442 447 3575 518 H70

324 550 422 603 καὶ
484 544 800 618 ἐξήνεγκεν.
872 546 1101 618 ’Λπάρτι
1157 557 1267 620 γὰρ
1323 548 1386 604 τὸ
1439 550 1575 605 πολὺ
1634 554 1733 625 τῆς
1792 555 1903 609 τῶν

2017 573 2107 624 gua
2140 575 2417 616 murmure
2448 561 2874 627 susurrautium,
2916 558 3077 615 homo
3104 559 3418 629 Bagomilus
3448 574 3556 627 est,

321 638 600 709 ἑσπερίων
650 636 748 692 καὶ
794 636 950 708 ἑῴων
995 640 1335 713 ἀποθέμενος
1374 645 1696 714 φροντίδος,
1760 647 1899 715 πρὸς

322 730 384 782 τὸ
434 726 957 803 πνευματικώτερω
1008 731 1203 787 ἑαυτὸν
1254 735 1551 790 ἐπέτεινεν.
1649 736 1735 791 Ἐν
1765 739 1899 792 πᾶσι

320 820 431 890 γὰρ
463 818 574 872 τῶν
626 818 888 875 ἁπάντων
934 822 1196 893 ἐκράτειο
1248 826 1307 878 ἑν
1340 825 1523 896 λόγοις
1568 828 1901 894 διδακτικοϊς

319 911 451 975 τοὺς
481 911 611 982 περὶ
641 911 801 981 λόγον
843 913 1247 980 ἐσπουδακότας
1276 920 1434 973 ἐνίκα
1459 936 1475 953 ο
1514 922 1575 973 ἐν
1608 921 1817 990 μάχαις
1845 923 1901 976 δὲ

324 1005 422 1059 καὶ
454 1006 815 1079 στρατηγίαις
843 1008 955 1062 τῶν
992 1010 1051 1065 ἐν
1079 1011 1264 1076 ὅπλοις
1312 1014 1740 1086 θαυμαζομένων
1771 1018 1904 1070 ὑπε-

324 1101 528 1169 ρεῖχεν.
548 1098 634 1164 Ὠς
662 1098 719 1153 δὲ
752 1101 785 1155 ἠ
820 1100 927 1156 τῶν
965 1104 1277 1174 Βογομίλων
1301 1106 1613 1178 ἁπανταχοῦ
1655 1109 1755 1178 ἤδη
1788 1109 1901 1163 διὲο

324 1208 540 1262 σπαρτο
570 1193 749 1263 φήμη.
781 1191 1065 1259 Βασίλειος
1087 1196 1197 1267 γάρ
1221 1214 1303 1260 τις
1330 1201 1563 1270 μοναχὸς
1590 1200 1811 1256 ὡδύνων
1833 1204 1902 1270 ³⁷,

322 1280 537 1337 δώδεκα
596 1285 697 1353 μὲν
753 1284 893 1355 ἔχων
950 1287 1222 1359 μαθητὰς,
1277 1289 1369 1353 οὓς
1420 1293 1514 1345 καὶ
1566 1294 1905 1361 ἀποστόλους

320 1373 605 1445 ὠνόμαζε,
647 1379 1116 1450 συνεφελκόμενος
1169 1382 1226 1436 δὲ
1276 1383 1370 1436 καὶ
1419 1384 1731 1457 μαθητρίας
1777 1394 1903 1448 τινὰ

327 1468 531 1537 γύναια
565 1471 815 1541 κακοήθη
844 1472 937 1524 καὶ
964 1474 1329 1545 παμπόνηρα,
1363 1477 1659 1550 ὲφήπλωσε
1684 1481 1785 1553 τὴν
1811 1500 1905 1537 κα-

338 1560 466 1614 κίαν
508 1561 853 1632 ἁπανταχοῦ.
907 1564 1016 1618 Καὶ
1063 1565 1265 1631 πολλὰς
1310 1567 1489 1640 ψυχὰς
1535 1571 1700 1644 δίκην
1730 1575 1906 1648 πυρὸς

324 1652 659 1724 ἐπενείματο
683 1655 743 1708 τὸ
766 1660 960 1721 κακὸν,
995 1657 1094 1710 οὐκ
1152 1660 1399 1731 ἠνείχετο
1443 1665 1475 1734 ή
1512 1663 1607 1718 τοῦ
1638 1664 1908 1736 βασιλέως

323 1745 517 1818 ψυχή·
554 1746 634 1817 τῷ
663 1742 871 1802 τοικαὶ
895 1750 1148 1822 διερευνᾷ
1199 1752 1267 1806 τὰ
1298 1754 1426 1825 περὶ
1459 1756 1558 1827 τῆς
1611 1760 1900 1829 αἱρέσεως,

2002 652 2103 705 sub
2129 650 2235 711 ista
2268 653 2397 707 mibi
2421 653 2602 723 specie
2623 652 2860 723 lupinam
2885 653 3031 707 intus
3062 654 3319 723 obtegens
3348 655 3575 710 rabiem.

2005 741 2158 797 lianc
2193 752 2395 798 sectam
2426 745 2666 801 tenebris
2699 744 2805 800 illis
2840 746 2973 813 ipsis
3019 755 3072 797 et
3119 745 3574 808 dissimulatione,

2004 833 2159 898 cuius
2204 833 2426 888 obtentu
2475 834 2649 888 latens
2699 834 2918 903 impune
2975 832 3348 903 grassabatur,
3383 848 3447 886 eo
3478 847 3581 886 no-

2005 926 2307 981 centiorem
2355 926 2647 995 minusque
2701 925 3040 981 tolerabilem
3097 936 3252 993 pater
3300 925 3448 979 velut
3495 925 3582 979 in-

2004 1030 2256 1076 cantator
2294 1020 2512 1087 sapiens
2561 1028 2869 1088 serpentem
2920 1026 3177 1079 astutam,
3231 1033 3298 1071 ex
3343 1032 3479 1071 cavo
3515 1032 3581 1071 ac

2004 1128 2166 1183 specu
2199 1123 2310 1167 luta
2338 1111 2668 1166 carminibus
2714 1111 2857 1167 velut
2902 1111 3223 1180 quibusdam
3274 1110 3459 1164 elicuit
3524 1109 3578 1163 in

2006 1206 2293 1276 lucemque
2327 1204 2575 1274 protulit.
2604 1201 2811 1273 Nempe
2840 1218 2963 1256 cum
2993 1210 3074 1257 tot
3122 1203 3283 1256 rebus
3317 1216 3380 1255 ac
3415 1201 3580 1257 tantis

2005 1301 2175 1372 gestis
2202 1309 2432 1367 urgente
2456 1296 2648 1351 morbo
2670 1310 2735 1349 ac
2767 1295 2919 1349 senio
2950 1294 3223 1364 paululum
3257 1310 3314 1349 se
3340 1295 3585 1349 relaxas-

2004 1402 2087 1448 set
2121 1406 2151 1445 a
2184 1391 2335 1446 curis
2364 1387 2695 1459 reipublicae,
2719 1386 2883 1458 ἥθ’]
2920 1386 3174 1455 pleraque
3236 1387 3583 1441 orientalium

2005 1496 2064 1542 et
2086 1484 2442 1540 occiduorum
2473 1489 2751 1537 tractuum
2778 1478 3253 1534 administratione
3282 1477 3404 1532 ﬁdis
3433 1492 3584 1532 com-

2007 1575 2287 1642 mendata,
2333 1575 2452 1645 ipse
2500 1572 2666 1630 homo
2711 1579 2951 1626 actuosze
2988 1568 3207 1635 indolis,
3239 1569 3329 1639 qui
3376 1578 3589 1626 minare

2008 1670 2418 1740 occupationem
2442 1681 2553 1722 non
2578 1665 2835 1721 omittere
2858 1669 3059 1733 posset,
3079 1661 3146 1717 ad
3170 1676 3256 1717 res
3276 1661 3589 1732 spirizuales

2009 1772 2067 1820 et
2092 1761 2374 1833 religionis
2405 1773 2590 1816 curam
2622 1756 2877 1814 intendit.
2912 1757 3089 1827 Atque
3122 1764 3179 1809 ut
3209 1763 3328 1809 erat
3375 1753 3427 1807 in
3466 1768 3592 1808 om-

325 1837 424 1889 καί
447 1854 593 1900 τινες
616 1838 726 1891 τῶν
768 1840 1085 1910 Βογομίλων
1130 1843 1215 1906 είς
1244 1843 1315 1898 τὰ
1359 1847 1636 1919 ἀνάκτορα
1687 1852 1904 1922 ἦγοντο.

325 1928 608 1954 .‘__-._.--
642 1930 691 1954 ἰ
726 1932 1229 1954 η--9Ἳ-.1ν,-.ηηην
1297 1936 1354 1954 l,
1428 1937 1477 1954 κς
1588 1940 1694 1954 Α-.
1813 1944 1829 1954 ι

2017 1858 2174 1913 nibus
2217 1869 2339 1924 qua!
2385 1859 2573 1923 ageret
2613 1848 2911 1915 excellens,
2976 1861 3139 1917 supra
3173 1860 3363 1901 omnes
3411 1844 3501 1912 qui
3533 1844 3589 1898 id

325 1928 608 1994 ’Ἅπαντες
636 1930 694 1985 δὲ
726 1932 1004 1986 Βασίλειόν
1033 1936 1551 2011 τιναικατήγγελλον
1583 1940 1907 2000 διδάσκαλον

2017 1952 2191 2020 ipsum
2222 1947 2383 2003 unice
2430 1943 2860 2010 meditarentur;
2914 1941 3228 2012 pariterque
3264 1940 3314 1993 in
3359 1936 3585 1993 docendi

327 2023 425 2076 καὶ
466 2026 768 2093 κορυφαῖον
823 2027 1221 2096 πρωτοστάτην
1259 2029 1358 2099 τῆς
1409 2031 1784 2106 Βογομιλικῆς
1815 2038 1906 2092 αἱ·

2017 2039 2291 2104 iacultate,
2328 2052 2393 2092 ac
2429 2031 2741 2105 disputandi
2788 2041 2899 2086 tum
2931 2030 3235 2085 subtilitate
3282 2037 3391 2082 tum
3423 2027 3589 2081 uber-

328 2116 561 2183 ρὲσεως.
603 2117 697 2170 Ἐκ
727 2117 935 2172 τούτων
992 2120 1050 2173 δὲ
1082 2120 1367 2187 Διὸλάτιός
1400 2142 1487 2187 τις
1526 2130 1909 2199 κατασχεθεὶς,

2017 2142 2125 2189 tate
2206 2129 2498 2197 magistros
2568 2122 3362 2189 exercitatissimos;[pariter
3419 2118 3589 2172 duces

326 2208 450 2262 ἐπεὶ
481 2209 840 2281 ἐρωτώμενος
865 2211 1222 2281 ἀνομολογεῖν
1255 2216 1356 2270 οὐκ
1382 2216 1662 2284 ἠϐούλετο,
1699 2223 1911 2289 αἰκίαις

2017 2225 2246 2296 optimos
2275 2238 2337 2275 ac
2379 2218 2797 2290 probatissimos
2849 2216 2924 2271 rei
2956 2214 3229 2269 militaris
3271 2220 3387 2267 arte
3419 2211 3587 2270 omni,

327 2299 683 2367 παραδοθεὶς,
748 2301 1050 2371 τηνικαῦτα
1100 2303 1191 2355 τὸν
1261 2305 1557 2375 λεγόμενον
1625 2309 1910 2368 Βασίλειον

2017 2315 2407 2389 ρτειιιίοιιιίίψιθ
2441 2311 2523 2365 vel
2554 2312 2757 2364 virtute
2790 2307 2874 2362 vel
2905 2307 3171 2361 industria
3221 2314 3341 2373 post
3386 2319 3445 2357 se
3504 2315 3593 2354 re—

327 2390 692 2462 ἀνωμολόγει,
730 2392 826 2446 καὶ
857 2392 950 2457 οὒς
980 2394 1187 2459 ἐκεῖνος
1223 2397 1646 2470 προύχειρίσατο
1677 2403 1913 2460 ἀποστό-

2020 2411 2330 2478 linqueret;
2365 2405 2529 2459 etiam
2563 2403 2616 2455 in
2647 2402 2843 2455 horum
2890 2398 3297 2468 Bogomilurum
3346 2395 3599 2460 coniura-

330 2481 479 2549 λους·
2023 2500 2170 2555 tione
2198 2506 2388 2553 contra
2417 2492 2717 2548 Ecclesium
2766 2488 2974 2544 nefaria
3032 2487 3358 2557 indaganda,
3412 2481 3599 2553 profc-

330 2577 522 2641 renda,
553 2576 968 2649 exstinguenda,
1000 2593 1219 2651 operam
1248 2580 1255 2586 ’
1287 2596 1451 2652 supra
1471 2600 1663 2642 omnes
1695 2592 1915 2647 navavit
1943 2607 2007 2649 ac
2029 2587 2430 2647 commendavit
2462 2598 2635 2641 suam.
2669 2580 2778 2637 Res
2806 2580 2859 2636 in
2886 2580 3030 2636 hunc
3051 2578 3269 2633 modum
3304 2593 3363 2631 se
3390 2573 3603 2630 habuit.

332 2666 534 2723 Multus
562 2667 815 2727 aﬂluebat
845 2688 1026 2729 sermo
1052 2676 1290 2745 undique
1323 2679 1388 2732 de
1416 2678 1731 2751 Bugomilis,
1760 2700 2060 2757 eorumque
2088 2701 2226 2741 nova
2253 2690 2426 2747 secta,
2472 2688 2528 2735 et
2560 2677 2923 2750 profectibus.
2976 2675 3051 2731 Ea
3096 2676 3239 2728 fama
3295 2671 3604 2726 invaluerat

334 2776 405 2814 es
440 2776 506 2817 eo
536 2764 680 2832 quod
711 2763 944 2821 Basilius
976 2768 1197 2837 quidam
1235 2772 1533 2827 monachus
1569 2774 1904 2844 impietatem
1944 2782 2103 2836 istam
2151 2780 2265 2848 ipse
2301 2776 2485 2830 animo
2517 2782 2857 2841 conceptam,
2911 2786 3020 2840 quo
3072 2769 3341 2838 proferret
3394 2769 3601 2821 circum

330 2851 621 2922 latissime,
649 2858 931 2916 duodecim
968 2863 1073 2917 sibi
1120 2865 1415 2935 discipulos
1458 2867 1808 2938 adjunxerat,
1861 2889 2001 2944 quos
2057 2884 2113 2928 et
2144 2871 2425 2940 apostolos
2480 2870 2789 2923 nominarat
2839 2884 2853 2921 :
2909 2865 3130 2920 trahens
3184 2877 3309 2918 cum
3365 2862 3496 2932 ipsis
3546 2871 3605 2918 et

332 2951 652 3020 discipulas,
701 2954 1047 3011 mulierculas
1081 2973 1371 3028 pravorum
1408 2977 1620 3018 morum
1653 2979 1715 3018 ac
1750 2966 1912 3036 plane
1962 2967 2188 3039 perdita:
2224 2965 2516 3034 nequitiae;
2576 2963 2770 3018 horum
2804 2958 3122 3014 dimissione
3154 2970 3600 3026 quoquoversum

332 3042 673 3111 impietatem
705 3047 1102 3105 incredibiliter
1128 3055 1445 3123 propagavit
1475 3072 1657 3121 suam,
1685 3058 1959 3115 ﬂammam
1989 3074 2335 3132 quocumque
2366 3075 2428 3114 ac
2456 3067 2663 3129 pestem
2697 3054 2987 3109 animabus
3017 3052 3255 3115 miseris,
3293 3051 3447 3121 ignea
3491 3051 3602 3104 cir-

332 3150 462 3189 cum
497 3137 807 3203 velocitate,
845 3140 1047 3197 ferens.
1083 3142 1179 3198 llis
1208 3147 1505 3212 imperator
1533 3152 1774 3219 acceptis
1799 3167 1906 3206 non
1940 3152 2117 3207 tenuit
2155 3166 2235 3217 se,
2269 3166 2367 3221 pro
2419 3164 2485 3204 eo
2525 3163 2634 3218 quo
2665 3147 2897 3202 interius
2943 3146 3062 3213 eius
3112 3144 3327 3199 animus
3376 3143 3604 3198 ardebat

338 3224 458 3279 zelo
490 3227 707 3284 sincero
738 3230 827 3284 Dei
858 3231 1069 3301 gloriae,
1102 3235 1394 3302 quominus
1422 3238 1679 3295 omnibus
1708 3241 1956 3311 vestigiis
1988 3250 2152 3309 secta:
2181 3239 2383 3295 cubilia
2410 3238 2550 3294 clam
2593 3237 2868 3292 nascentis
2917 3234 3218 3304 indagaret.
3266 3233 3395 3287 Duci
3431 3232 3495 3286 ad
3533 3248 3593 3311 se

337 3317 397 3370 iu
427 3319 701 3387 palatium
735 3322 949 3375 curavit
979 3323 1246 3392 quosdam
1277 3340 1308 3379 e
1341 3323 1660 3395 Bogomilis.
1696 3306 1953 3385 Omnium
1983 3306 2115 3386 erat
2156 3328 2506 3386 consentiens
2562 3326 2847 3396 responsio
2897 3324 3193 3393 praesidere
3252 3324 3349 3377 toti
3406 3306 3605 3378 haeres1

314 3412 601 3466 Basiliam
638 3413 800 3467 istum
832 3414 988 3483 plane
1019 3416 1367 3486 coryphaeum
1398 3431 1562 3476 sectae
1590 3422 1757 3477 totius
1780 3438 1843 3478 ac
1868 3423 2029 3496 longe
2064 3424 2389 3496 principem,
2421 3422 2809 3490 doctoremque
2833 3432 3129 3473 summum.
3157 3415 3275 3482 Quo
3300 3415 3608 3470 distinctior

346 3510 645 3565 haberetur
677 3511 753 3565 rei
781 3510 1022 3581 cognitio
1052 3512 1241 3578 latius,
1274 3511 1540 3570 Diblatius
1568 3530 1600 3571 e
1629 3514 1928 3587 Bogomilis
1960 3530 2150 3590 captus
2177 3520 2399 3589 quidam
2447 3527 2556 3581 est.
2607 3531 2672 3572 ac
2717 3515 2974 3585 quoniam
3008 3521 3199 3582 sponte
3250 3510 3404 3567 fateri
3449 3525 3608 3565 recns

337 3607 525 3671 sabat,
558 3604 853 3675 quastioni
888 3604 1169 3674 subjectus
1200 3608 1379 3678 quoad
1402 3608 1707 3666 declararet
1735 3613 1856 3683 quis
1884 3621 1939 3670 et
1965 3614 2052 3671 ubi
2082 3622 2231 3670 esset
2260 3614 2364 3669 isto
2394 3611 2653 3677 Basilius,
2700 3607 2906 3680 quique
2938 3605 3177 3662 ordinati
3236 3603 3303 3659 ab
3346 3618 3414 3659 eo
3459 3603 3605 3660 fcre-

339 3704 542 3754 bantur
573 3696 826 3767 apostoli.

411 3790 609 3844 Τοίνυν
650 3789 750 3861 τὴν
778 3789 972 3845 τούτου
1033 3790 1369 3865 ἀναζήτησιν
1431 3794 1660 3861 πολλοὺς
1692 3798 1720 3851 ὁ
1753 3799 1914 3854 αὖτο-

2092 3801 2400 3873 Compertis
2429 3802 2534 3856 rite
2588 3798 2841 3854 omnibus
2894 3794 3105 3850 dimissi
3160 3792 3227 3846 ab
3279 3791 3606 3861 imperatore

338 3884 565 3955 κράτωρ
605 3883 828 3937 ἀνέθετο
855 3899 870 3914 ’
904 3884 999 3937 καὶ
1033 3884 1175 3954 δῆτα
1224 3887 1583 3956 ἀναφαίνεται
1612 3890 1708 3944 τοῦ
1741 3893 1918 3948 Σατα-

337 3977 479 4046 ναὴλ
539 3976 965 4047 ἁρχισατράπης
1020 3975 1322 4045 Βασίλειος,
1372 3980 1433 4033 τὸ
1490 3981 1691 4052 ἔνδυμα
1753 4001 1922 4053 μονα-

282 4066 293 4109 ἷ
339 4068 457 4138 χδς,
488 4066 884 4135 κατεσκληκὼς
912 4068 972 4120 τὸ
1004 4069 1319 4141 πρόσωπον,
1350 4073 1449 4141 τὴν
1488 4072 1704 4143 ὑπήνην
1742 4074 1922 4144 ψιλὸς,

288 4160 595 4243 ἶ’.εὐμήκης
622 4160 721 4229 τὴν
776 4159 1018 4229 ἠλικίαν.
1072 4160 1569 4231 πολυτροπὼτατος
1602 4169 1923 4238 μεταχειρί-

345 4254 546 4309 σασθαι
575 4253 673 4324 τὴν
696 4253 972 4308 ἀσέϐειαν.
1001 4255 1107 4309 Καὶ
1139 4255 1339 4307 αὐτίκα
1390 4258 1419 4309 ὁ
1450 4258 1835 4332 αὐτοκράτωρ,
1863 4260 1924 4314 τὸ

344 4347 681 4417 ίνδομυχοῦν
736 4347 940 4401 ἐθέλων
995 4348 1319 4419 παρασύραι
1349 4352 1469 4413 ταῖς
1501 4351 1923 4419 πειοανάγκαις,

345 4440 736 4513 μετακαλεῖται
768 4440 859 4494 τὸν
884 4439 1051 4508 ἄνδρα
1082 4440 1202 4511 μεθ’
1234 4442 1347 4495 οἴου
1379 4445 1799 4515 προσχήματος·
1828 4448 1925 4502 καὶ

338 4532 451 4601 γὰρ
490 4532 585 4583 κα¹ι
622 4529 815 4584 θώκων
849 4531 1198 4601 ὐποξανέστη
1225 4533 1268 4565 ³⁸
1297 4534 1469 4605 αὐτῷ,
1508 4536 1605 4589 καὶ
1655 4537 1925 4608 καθέδρας

347 4624 654 4693 μετέδωκε,
697 4624 790 4676 καὶ
819 4623 1105 4695 τραπέζης
1149 4622 1251 4695 τῆς
1284 4626 1483 4696 αὐτῆς,
1522 4627 1620 4680 καὶ
1659 4628 1790 4699 ὃλην
1820 4629 1919 4702 τὴν

343 4717 549 4788 ὁρμιὰν
586 4716 685 4785 τῆς
720 4715 894 4784 ἄγρας
925 4716 1076 4787 αὐτῷ
1105 4719 1468 4789 κατεχάλασε.
1519 4721 1613 4775 καὶ
1661 4721 1721 4775 τὸ
1760 4722 1925 4791 ἄγκι-

345 4827 510 4881 στρον
541 4808 875 4879 περιπείρας
910 4810 1275 4877 παντοδαποῖς
1314 4813 1560 4868 δελέεσσι
1579 4815 1622 4848 ³⁸
1655 4815 1733 4886 τῷ
1761 4833 1919 4886 παμο

346 4904 510 4974 φάγῳ
538 4903 713 4975 τούτῳ
748 4904 901 4975 κήτει
944 4904 1219 4975 παρέσχεν
1251 4907 1545 4975 ἐμφαγεῖν,
1584 4908 1678 4960 καὶ
1717 4910 1838 4963 ὅλον
1864 4909 1926 4963 τδ

345 4998 644 5066 φάρμακον
682 4996 763 5066 τῷ
797 4996 1020 5067 μοναχῷ
1055 4995 1231 5067 τούτῳ
1264 4999 1359 5050 καὶ⁹
1399 4996 1658 5067 πολλαχῷ
1686 4999 1788 5067 τὴν
1820 5016 1923 5053 κα-

345 5086 475 5141 κίαν
525 5085 708 5157 φέρων
756 5087 936 5156 ἐνέχει
987 5086 1080 5140 διὰ
1135 5087 1409 5141 παντοίων
1483 5088 1922 5159 ὑποκρινόμενος

2023 3906 2463 3963 quoquoversum
2492 3888 2710 3961 plurimi
2743 3894 2891 3952 sunt,
2943 3885 3036 3955 qui
3090 3882 3323 3936 latentes
3372 3882 3607 3938 investi-

2024 3991 2217 4055 garent
2252 3983 2458 4038 erroris
2484 3988 2738 4035 auctores
2792 3993 2855 4032 ac
2906 3984 3187 4045 caperent.
3235 3973 3439 4028 Horum
3476 3989 3607 4028 cura

2025 4075 2451 4144 comprehensus
2500 4073 2715 4127 tandem
2757 4077 2841 4125 est
2877 4067 3180 4123 Satanaelis
3232 4067 3606 4133 archisatrapa

2024 4168 2282 4231 Basilius,
2315 4176 2466 4221 veste
2494 4164 2816 4227 monachus,
2849 4161 3213 4215 exteri-tinam
3245 4159 3400 4220 facie,
3435 4157 3602 4212 barba

2030 4279 2171 4327 rara,
2203 4264 2364 4317 homo
2399 4261 2450 4315 in
2480 4260 2713 4327 strigosa
2766 4256 2940 4311 macie
2975 4253 3308 4324 prtelnngus,
3354 4259 3409 4304 at
3460 4250 3609 4305 mille

2028 4355 2323 4409 instructus
2349 4351 2556 4405 artibus
2582 4350 2648 4403 ad
2685 4349 2864 4401 fucum
2913 4344 3245 4409 iaciendum,
3292 4354 3607 4411 sectamque

2027 4446 2316 4512 impuram,
2343 4457 2505 4512 quam
2549 4439 2925 4508 protitebatur,
2976 4435 3483 4491 commendandam.
3529 4432 3608 4486 Ex

2031 4537 2132 4591 hoc
2165 4537 2455 4605 imperator
2480 4532 2746 4588 eblandiri
2791 4546 3051 4584 arcanum
3098 4528 3355 4592 coitionis
3386 4526 3607 4580 clancu-

2031 4629 2178 4682 larize
2226 4642 2349 4681 cum
2398 4623 2790 4686 constituisset,
2848 4632 3209 4689 opportunum
3251 4633 3357 4673 non
3400 4615 3610 4686 putavit

2028 4721 2233 4776 ddium'
2279 4728 2333 4773 et
2392 4718 2742 4773 acerbitatem
2802 4714 2974 4782 primo
3034 4721 3255 4779 aspectu
3319 4707 3604 4778 pra-ferre.

2030 4812 2169 4879 Quin
2219 4810 2403 4881 potius
2461 4806 2671 4863 liberali
2729 4804 2907 4859 fronte
2969 4801 3237 4857 demulcet
3279 4799 3606 4854 accersitum

2032 4904 2341 4965 hominem,
2399 4902 2696 4968 omciisque
2742 4897 2934 4951 invitat
3035 4895 3179 4948 ultro
3238 4909 3254 4947 :
3313 4906 3606 4961 assurgens

2027 4994 2287 5056 venienti,
2312 4991 2660 5059 assidereque
2684 4987 2784 5043 sibi
2814 4985 3011 5053 jubens
3033 5025 3049 5050 ,
3080 4994 3192 5038 tum
3221 4983 3382 5038 etiam
3409 4997 3608 5037 mensas

2030 5102 2216 5143 secum
2255 5085 2415 5155 regite
2450 5078 2725 5136 communi
2758 5078 3007 5133 accubitu
3059 5077 3332 5146 dignatus.
3391 5074 3484 5128 Sic
3538 5075 3605 5127 li-

350 5147 611 5252 ti.anth
640 5178 790 5250 αὑτῷ
821 5147 1031 5241 ἐθέλειν
1067 5179 1363 5248 γενέσθαι·
1402 5181 1507 5233 οὐκ
1564 5147 1730 5243 αὐτὸς
1756 5147 1914 5252 ’τάχα

2029 5194 2185 5235 neam
2212 5147 2449 5233 intc'ndit
2477 5181 2644 5227 totam
2674 5172 2910 5241 piscator
2936 5170 3126 5235 scitus,
3152 5178 3206 5224 et
3229 5170 3447 5222 hatnum
3482 5165 3607 5219 irri-

354 5271 542 5344 μόνος,
580 5270 720 5323 ἀλλὰ
748 5270 844 5324 καὶ
873 5270 902 5323 ό
945 5269 1109 5324 αὐτοῦ
1149 5269 1379 5340 ἀδελφὸς
1412 5271 1682 5334 Ἰσαάκιος
1711 5272 1739 5326 ό
1766 5272 1914 5328 σεσα-

2024 5279 2174 5327 tante
2236 5268 2367 5322 varii
2413 5263 2630 5337 generis
2683 5265 2962 5333 praefixum
3017 5277 3180 5328 esca,
3236 5260 3417 5315 voraci
3478 5258 3606 5314 huic

350 5360 679 5432 στοκράτωρ
709 5376 721 5389 °
756 5361 852 5415 xui
876 5361 1058 5416 πάντα
1088 5362 1154 5416 τὰ
1178 5362 1312 5429 παρ’
1351 5360 1518 5417 αὐτοῦ
1550 5363 1824 5434 λεγόμενα
1847 5364 1925 5427 ὼς

2024 5360 2225 5432 objecit
2252 5370 2402 5425 ceto;
2434 5373 2499 5413 ac
2530 5373 2637 5429 quo
2671 5356 2941 5412 illecebris
2965 5354 3218 5409 omnibus
3250 5353 3600 5420 pbarmacum

346 5454 414 5507 ὶκ
441 5452 594 5518 θείας
647 5454 831 5524 ὀμφῆς
879 5453 1193 5523 λογίζεσθαι
1240 5454 1337 5508 καὶ
1372 5453 1623 5509 ὑπείκειν
1664 5455 1838 5523 τούτῳ
1870 5456 1914 5508 επ

2028 5453 2101 5510 ita
2136 5449 2402 5511 condiret,
2447 5458 2508 5503 ut
2537 5449 2588 5503 id
2630 5445 2905 5503 solitarius
2958 5444 3061 5498 iste
3110 5441 3445 5512 plurifarius,
3482 5455 3607 5494 ver-

348 5546 542 5610 πᾶσιν,
574 5546 623 5598 εί
657 5544 818 5615 μόνον
844 5546 944 5614 τὴν
966 5548 1064 5615 τῆς
1090 5544 1271 5615 ψυχῆς
1301 5544 1452 5615 αὐτῷ
1482 5545 1756 5617 σωτηρίαν
1788 5562 1925 5616 πρα-

345 5637 716 5710 γματεύσοιτο
768 5637 796 5691 ό
853 5637 1112 5702 κάκιστος
1137 5637 1449 5702 Βασίλειος.
1504 5638 1614 5693 Καὶ
1646 5637 1762 5708 ἐγὼ
1786 5636 1924 5707 μὲν,

2025 5554 2180 5601 sutus
2211 5543 2302 5598 hic
2343 5542 2567 5612 inquam
2612 5551 2665 5595 et
2708 5545 2980 5594 emunctae
3031 5535 3251 5591 malitiae
3301 5533 3607 5587 monachus

2024 5635 2319 5691 exsorbere
2342 5634 2625 5689 induceret
2648 5630 2702 5687 in
2724 5632 2986 5695 animum,
3002 5642 3126 5685 sese
3147 5626 3247 5697 ipsi
3274 5621 3601 5692 discipulum

1418 5772 1621 5836 Caroli
1648 5771 1974 5836 Dufresnii
1994 5772 2093 5834 Du
2120 5768 2339 5850 Cangii
2372 5775 2565 5832 notos.

423 5898 471 5933 "’
502 5896 986 5971 πολυτροπῶτατος
1018 5898 1506 5973 μεταχειρίσασθαι
1536 5898 1635 5971 τὴν
1668 5896 1983 5969 Βογομίλων
2019 5894 2311 5987 ἀσέϐειανἰ
2378 5893 2424 5930 ³⁸
2450 5886 2817 5980 ὑπεξανέστη.
2901 5888 2944 5929 θ’
2970 5880 3212 5948 δελέασι.
3385 5880 3519 5939 Aci-‘3

3454 5878 3518 5905 -‘.“\

3474 5982 3487 5991 ε

3501 5997 3539 6014 \—
