3960 6634
310 479 442 544 1173

1508 488 1922 550 ALEXIADIS
1964 491 2110 553 LIB.
2157 494 2275 557 XV.

3038 380 3081 420 Χ

3418 492 3553 557 1174

302 597 419 664 γξας
442 591 664 664 ἐχώρει,
682 593 776 648 καὶ
808 593 944 665 πρὸς
966 594 1079 667 πῦρ
1095 595 1190 650 atat
1215 596 1488 667 μάστιγας
1512 600 1608 653 καὶ
1645 601 1872 670 μυρίους

1978 606 2222 660 criminis
2250 605 2476 661 facultas
2513 607 2676 674 nulla;
2710 622 2832 662 cum
2864 609 3203 663 abundarent
3234 609 3300 662 ad
3331 610 3553 664 conv‘c-

303 686 564 750 θανάτους
612 687 1159 758 ἀντιπαρατάξασθαι
1200 688 1871 759 ὑπισχνεῖτο.Πεπιστεύ-

304 796 429 833 κασι
473 779 583 849 γὰρ
626 779 675 832 οἱ
737 779 1081 850 πλανώμενοι
1134 774 1288 836 οὗτοι
1345 783 1634 854 Βογόμιλοι
1686 787 1871 841 πᾶσαν

303 871 518 934 ἀπόνως
548 871 873 940 ὑπενεγκεῖν
901 873 1197 945 τιμωρίαν,
1242 876 1492 944 ἀγγέλων
1524 877 1689 947 δῆθεν
1710 879 1872 948 ἐξαρ-

302 962 579 1027 παζόντων
601 965 772 1033 αὐτῆς
784 965 886 1036 τῆς
908 967 1427 1037 πυρκαῖᾶ;.Πολλῶν
1449 969 1505 1023 δὲ
1532 970 1750 1025 πάντων
1771 973 1873 1025 αύ-

310 1056 418 1108 τῶν
453 1056 548 1109 και
572 1057 670 1126 τὴν
690 1057 943 1111 ἀσέϐειαν
967 1045 1350 1125 ὀνειδιζόντων,
1386 1063 1479 1115 και
1506 1064 1619 1116 ὅσοι
1649 1064 1748 1133 τῆς
1786 1066 1882 1118 αὐ·-

302 1148 391 1199 τοῦ
418 1148 701 1227 ..ἀπωλείας
750 1150 900 1220 αὐτῷ
921 1154 1405 1223 κεκοινωνήκασιν,
1441 1156 1468 1207 ὁ
1494 1155 1652 1218 αὐτὸς
1689 1151 1757 1227 ἦν
1774 1158 1881 1211 Ba-

303 1239 495 1302 σίλεος
525 1241 888 1311 ἀμετακλινὴς
914 1242 1207 1314 Βογόμιλος
1238 1246 1638 1313 γενναιότατος.
1686 1249 1878 1301 Καίτοι

302 1335 580 1401 πυρκαϊᾶς
658 1333 1061 1405 ἀπειλουμένης
1125 1340 1220 1391 καὶ
1290 1339 1466 1392 ἄλλων
1538 1338 1862 1403 κακώσεων,

303 1421 472 1493 ἀπρὶξ
528 1425 620 1478 τοῦ
676 1426 933 1497 δαίμονος
983 1430 1182 1498 εἴχετο,
1221 1430 1315 1483 καὶ
1361 1429 1454 1484 τὸν
1497 1431 1663 1485 αὐτοῦ
1699 1434 1875 1485 Σατα-

301 1514 434 1585 ναὴλ
449 1516 799 1586 ήγκαλίζετο.
829 1522 1182 1593 Ἔμφρουρος
1203 1522 1262 1575 δὲ
1286 1522 1543 1587 πολλάκις
1558 1523 1872 1593 γενόμενος,

299 1608 395 1661 καὶ
434 1612 568 1681 πρὸς
616 1613 711 1666 τοῦ
775 1612 1043 1683 βασιλέως
1084 1617 1438 1687 πεμπόμενος
1484 1617 1578 1671 καὶ
1614 1618 1873 1681 πολλάκις

298 1704 787 1774 παρακαλούμενος
814 1707 914 1778 τὴν
941 1709 1593 1781 άσέὸειανὲξομόσασθαι,
1611 1708 1873 1775 ὡσαύτως

324 1789 357 1822 τ,
799 1800 824 1813 η

296 1808 410 1862 ειίε
431 1798 568 1865 πρὸς
601 1799 697 1859 τὰς
730 1818 826 1853 του
861 1802 1127 1871 βασιλέως
1166 1803 1565 1873 παρακλήσεις.

1980 698 2179 753 tionem
2217 699 2623 755 evidentissima
2668 701 2991 756 testimOnia.
3036 700 3203 773 489
3259 700 3398 771 Ergo
3458 703 3552 755 ad-

1978 778 2255 847 versarius
2312 790 2511 847 fatendi
2585 794 2965 848 necessitatem
3037 795 3089 847 in
3159 793 3549 862 impudentiam

1982 892 2219 945 vertens,
2253 884 2395 953 quod
2450 885 2671 939 infitiari
2705 901 2808 940 non
2863 895 3072 954 poterat
3101 886 3243 940 ultro
3282 885 3553 938 aliirmare

1980 972 2237 1043 perfricta
2270 973 2480 1037 fronte.
2527 991 2591 1031 ae
2638 977 2943 1032 contumaci
2975 992 3069 1031 ore
3130 977 3315 1032 multis
3373 976 3551 1030 verbis

1980 1067 2267 1122 adstruere
2291 1068 2485 1123 institit
2525 1087 2537 1122 :
2575 1070 2778 1124 addens
2815 1084 2936 1125 sese
2965 1070 3031 1124 ad
3063 1067 3551 1138 prepugnationem

1977 1160 2058 1214 sui
2087 1160 2355 1230 dogmatis
2388 1160 2597 1229 ignem,
2630 1161 2860 1232 ﬂagella,
2899 1172 3204 1232 mortesque
3232 1162 3549 1214 innumeras

1979 1251 2381 1321 paratissimum
2436 1252 2641 1308 subire.
2704 1254 2881 1309 Causa
2938 1263 3058 1310 erat
3151 1254 3554 1325 provocationis

1981 1345 2206 1400 audacis
2271 1345 2493 1400 insanus
2519 1362 2673 1399 error
2720 1358 2886 1402 secta:
2928 1349 3232 1403 communis
3285 1348 3554 1403 universas

1977 1435 2400 1507 Bogomilorum.
2455 1438 2519 1492 lli
2578 1439 2721 1493 enim
2758 1439 2904 1494 inter
2952 1455 3121 1510 nugas
3166 1447 3389 1494 caeteras
3420 1440 3549 1493 illud

1977 1529 2330 1597 persuasione
2363 1529 2631 1599 pertinaci
2674 1530 3018 1600 arripuerant
3051 1567 3067 1593 .
3124 1544 3245 1586 sese
3271 1530 3552 1584 tormentis

1978 1621 2411 1692 quibuscumque
2451 1638 2570 1691 qua:
2620 1624 2747 1693 ipsis
2795 1623 2935 1683 forte
2963 1624 3415 1684 admoverentur,
3473 1622 3553 1675 in-

1980 1714 2138 1769 noxie
2169 1730 2232 1768 ac
2257 1716 2373 1769 sine
2420 1730 2584 1770 sensu
2636 1716 3011 1776 defuncturos.
3054 1714 3261 1783 angelis
3308 1714 3555 1769 videlicet

1975 1814 2176 1874 przcsto
2214 1806 2409 1861 futuris
2445 1808 2535 1875 qui
2571 1823 2664 1862 eos
2707 1808 2790 1861 vel
2842 1822 2872 1861 e
2905 1808 3048 1879 rogis
3084 1804 3400 1862 ardentibus
3440 1820 3554 1858 ma-

297 1893 420 1938 turo
453 1904 682 1943 accursu
720 1893 895 1948 seduli
942 1898 1309 1965 proripereut.
1344 1897 1441 1953 llic
1483 1898 1596 1967 jam
1638 1913 1743 1953 non
1792 1898 2079 1954 orthodoxi
2137 1898 2312 1954 solum
2363 1916 2574 1968 omnes,
2610 1917 2796 1957 verum
2831 1902 2901 1956 illi
2958 1903 3122 1957 etiam
3159 1902 3403 1973 plerique
3452 1897 3543 1966 qui

295 1977 507 2031 nefario
561 1981 686 2037 huic
750 1985 1127 2043 haeresiarchas
1179 2003 1297 2045 sese
1347 1991 1413 2045 ad
1478 2006 1636 2045 suam
1701 1992 1997 2061 perniciem
2052 1994 2437 2049 dementandos
2500 1996 2791 2064 aliquando
2848 1998 3242 2066 permiscrant,
3299 1993 3553 2049 certatim

293 2072 579 2142 increpare
626 2076 855 2131 delirum
918 2090 1121 2149 caput,
1180 2082 1486 2152 probraque
1550 2099 1866 2155 congerere.
1926 2082 2019 2140 lllo
2080 2097 2266 2139 contra
2320 2087 2373 2139 in
2436 2086 3302 2155 obSIinatiouedesperatissima
3388 2082 3547 2150 plane

293 2166 639 2233 Bngomilica:
665 2176 1021 2229 contumacia
1043 2190 1163 2230 sese
1203 2177 1503 2231 obdurante
1530 2180 1698 2247 magis
1724 2194 1788 2237 ac
1817 2179 1987 2247 magis
2010 2221 2024 2242 ,
2058 2178 2373 2247 animosque
2399 2178 2515 2234 illos
2541 2180 2763 2235 stolidos
2792 2195 2854 2233 ac
2877 2181 3146 2234 minarum
3175 2178 3549 2245 malorumque

288 2272 663 2330 eontemptum
727 2277 1002 2323 ostentare
1054 2278 1314 2338 pergente
1384 2268 1932 2325 conﬁdentissimum.
2015 2269 2092 2325 lta
2156 2282 2214 2325 ιιι
2287 2271 2484 2326 frustra
2545 2272 2654 2342 jam
2719 2272 2819 2343 ipsi
2894 2271 3220 2340 supplicium
3280 2267 3563 2329 incendii,

290 2372 573 2427 parumque
637 2359 690 2414 id
759 2376 926 2431 genus
1006 2362 1370 2417 acerbissimae
1452 2363 1882 2431 intentarentur;
1930 2365 2129 2417 etenim
2214 2364 2328 2429 ille,
2398 2365 2538 2419 malo
2612 2367 2698 2420 eui
2770 2379 2831 2419 se
2916 2364 3195 2418 addixerat
3272 2362 3557 2416 adhaerens

291 2448 568 2504 mordicus
621 2450 799 2521 genio,
852 2462 1167 2523 pestemque
1225 2453 1547 2508 exosculans
1600 2458 1915 2525 propriam,
1968 2456 2051 2511 sui
2123 2470 2183 2511 se
2246 2456 2436 2511 infelix
2484 2472 2513 2510 a
2577 2456 2858 2526 complexu
2917 2455 3220 2511 Satanaelis
3259 2454 3415 2508 avelli
3444 2470 3561 2508 non

290 2542 618 2612 patiebatur.
673 2545 883 2614 Saepius
934 2546 987 2599 in
1043 2547 1344 2601 custodiam
1410 2546 1569 2603 datus
1627 2559 1747 2614 est;
1820 2548 2017 2618 saepius
2067 2550 2367 2604 accersitus
2425 2549 2551 2603 inde
2617 2550 2685 2604 ab
2742 2552 3106 2619 imperatore,
3165 2546 3368 2603 frustra
3428 2563 3557 2601 sua-

290 2642 511 2695 dentem
570 2653 623 2696 et
677 2652 1061 2709 provocantem
1117 2643 1324 2698 audivit
1383 2644 1568 2709 illum,
1632 2654 1692 2698 ut
1762 2644 1865 2699 sibi
1909 2644 2193 2699 consulere
2260 2660 2625 2713 revocareqne
2680 2645 2902 2714 impium
2975 2643 3204 2714 dogma,
3260 2654 3315 2698 et
3377 2644 3561 2698 redire

288 2738 354 2791 ad
414 2737 625 2811 frugem
727 2736 995 2807 [idemque
1064 2738 1244 2795 vellet.

288 2831 530 2887 rissima.

373 2923 541 2974 Ἀλλὰ
575 2926 634 2977 τὸ
684 2926 815 2996 περὶ
871 2926 1060 2980 τοῦτον
1095 2926 1318 2995 γεγονὸς
1348 2927 1546 2998 πέρας,
1584 2925 1659 2998 μὴ
1688 2944 1864 2996 παρα-
1900 2930 1940 2986 Β

287 3018 616 3088 δράμωμενο
643 3018 808 3091 πρινὴ
834 3019 944 3090 γάρ
969 3022 1147 3091 τούτῳ
1194 3020 1481 3090 ἐπιϐλέψαι
1523 3021 1613 3073 τὸν
1647 3022 1873 3093 βασιλέα

288 3109 625 3181 δριμύτερον
682 3111 823 3181 μετὰ
877 3111 977 3182 τὴν
1035 3113 1137 3182 τῆς
1194 3112 1451 3176 ἀσεϐείας
1492 3114 1870 3185 ὲξαγόρευσιν,

287 3204 569 3275 ἀπῄειμεν
594 3205 667 3275 τῷ
699 3206 835 3268 τέως
868 3206 948 3268 είς
988 3206 1234 3259 οἰκίσκον
1260 3207 1379 3260 τινὰ
1411 3208 1669 3278 κείμενον
1703 3209 1871 3278 ἀγχοῦ

286 3317 394 3353 που
448 3298 559 3351 τῶν
614 3298 913 3369 βασιλικῶν
958 3300 1281 3371 οἰκημάτων
1340 3301 1465 3372 ἄρτι
1533 3300 1767 3372 πρώτως
1803 3303 1871 3357 δι’

283 3394 459 3449 αὐτὸν
492 3394 1031 3449 κατασκευασθέντα.
1071 3395 1312 3467 Ἐσπέρα
1331 3396 1387 3449 δὲ
1415 3393 1505 3468 ἦν,
1532 3398 1624 3451 καὶ
1647 3400 1695 3451 οἱ
1719 3399 1876 3453 ἀστέ-

287 3504 383 3558 ρες
418 3487 468 3539 οἱ
513 3487 625 3539 ἄνω
676 3488 899 3557 αἰθρίας
942 3488 1112 3558 οὔσης
1143 3489 1559 3559 ἀπήστραπτον,
1599 3492 1691 3543 καὶ
1721 3492 1753 3563 ή
1786 3509 1875 3545 σε-

284 3580 430 3652 λήνη
467 3580 604 3648 μετὰ
637 3580 856 3634 σύνοδον
889 3580 987 3652 τὴν
1030 3582 1271 3652 ἑσπέραν
1315 3582 1530 3652 ἐκείνην
1579 3583 1868 3655 ὲπύρσευε.

286 3672 401 3724 Τοῦ
445 3672 500 3723 δὲ
531 3670 766 3741 μονοιχοῦ
839 3673 937 3741 τὴν
996 3672 1192 3725 κέλλαν
1235 3673 1506 3737 εἰσδύντος
1540 3677 1668 3745 περὶ
1700 3678 1873 3746 μέσας

284 3763 500 3825 νύκτας
526 3762 851 3831 αὐτομάτως
878 3762 1015 3814 λίθοι
1041 3762 1343 3834 χαλαζηδδν
1377 3764 1516 3820 κατά
1546 3768 1646 3837 τῆς
1674 3767 1872 3837 κέλλης

284 3854 603 3919 ἐϐάλλοντο,
658 3854 841 3925 χειρὸς
903 3856 1000 3924 μὲν
1059 3856 1336 3927 μηδεμιᾶς
1390 3858 1693 3932 ριπτούσης
1746 3862 1873 3926 τοὺς

280 3948 497 4012 λίθους,
526 3949 661 4019 μηδέ
691 3967 836 4013 τινος
866 3946 1285 4014 καταλιθοῦντος
1313 3953 1601 4025 ἀνθρώπου
1640 3955 1731 4009 τὸν
1760 3956 1873 4011 δαι-

258 4040 529 4124 ὶμονιώδη
558 4041 745 4094 τοῦτον
774 4041 969 4096 ἀ66ᾶν.
995 4044 1228 4114 Μήνιμα
1252 4045 1297 4098 δ’
1324 4041 1413 4116 ἧν,
1447 4047 1523 4110 ὡς
1557 4048 1722 4115 ἔοικε,
1760 4050 1870 4104 τῶν

256 4124 441 4203 ιάμφῖ
503 4133 596 4185 τὸν
662 4132 946 4205 Σαταναὴλ
1001 4135 1270 4205 δαιμόνων
1332 4140 1754 4210 ὲξωργισμένων
1814 4145 1870 4196 ὲν

1333 2739 1509 2795 Surdo
1580 2740 1880 2795 cauebatur
1945 2746 2000 2793 et
2070 2746 2146 2792 ιυι

2225 2741 2363 2794 ictus
2432 2738 2485 2793 in
2545 2739 2737 2794 incude
2798 2739 3160 2807 perdebantur
3221 2736 3391 2791 multo
3450 2740 3553 2793 dn-

2041 2926 2271 2981 lnterim
2303 2924 2448 2997 quod
2498 2925 2552 2979 in
2582 2924 2684 2981 hoc
2730 2924 2951 2979 homine
2996 2924 3296 2995 prodigium
3325 2927 3555 2995 contigit

1977 3035 2082 3074 non
2126 3030 2531 3089 praetereamus.
2572 3020 2711 3073 Ante
2762 3018 2908 3074 enim
2941 3034 3102 3089 quant
3139 3019 3341 3075 larvam
3386 3019 3557 3087 depo-

1974 3113 2175 3167 suisset
2230 3114 2564 3181 imperator;
2615 3128 2711 3177 ac,
2756 3114 2900 3182 quod
2932 3111 3124 3166 deinde
3170 3122 3290 3182 post
3339 3114 3557 3182 penitus

1972 3221 2288 3276 expressam
2344 3206 2719 3261 haeresiarchas:
2779 3206 2927 3275 pravi
2984 3206 3064 3260 sui
3111 3206 3376 3275 dogmatis
3431 3222 3558 3259 eort-

1976 3300 2265 3355 fessionem
2298 3299 2447 3363 fecit,
2484 3299 2707 3367 impium
2743 3309 2798 3352 ut
2822 3310 2941 3354 erat
2967 3299 3219 3363 meritus,
3248 3299 3551 3352 minacibus

1975 3393 2148 3449 oculis
2208 3402 2262 3447 et
2291 3406 2483 3447 severo
2511 3392 2660 3445 vultu
2686 3402 2832 3447 esset
2855 3390 3157 3457 contuitus,
3189 3393 3285 3447 sed
3322 3393 3551 3447 durante

1975 3488 2150 3542 adhuc
2207 3486 2298 3541 illo
2350 3500 2511 3554 quem
2563 3485 2814 3553 superius
2875 3485 3158 3539 retulimus
3218 3499 3549 3553 congressu,

1975 3596 2095 3632 cum
2116 3580 2226 3649 jam
2260 3579 2506 3648 proferre
2525 3578 2768 3647 quaedam
2789 3594 2857 3634 ex
2887 3580 3102 3635 arcanis
3148 3580 3261 3634 suis
3290 3582 3547 3635 sensibus

1975 3672 2208 3742 cepisset
2253 3669 2487 3726 Basilius
2510 3710 2527 3734 ,
2555 3672 2789 3725 nondum
2822 3680 3001 3723 tamen
3033 3671 3293 3725 edidisset
3325 3672 3507 3724 omnia
3532 3712 3551 3735 ,

1973 3765 2201 3835 contigit
2260 3774 2318 3819 ut
2382 3765 2679 3835 recipiente
2739 3778 2799 3819 se
2849 3762 2940 3817 illo
3000 3766 3103 3819 sub
3153 3778 3430 3831 vesperam
3496 3767 3555 3818 in

1975 3856 2353 3911 domunculam
2389 3856 2488 3927 ipsi
2541 3863 2807 3923 paratam,
2864 3869 2928 3907 ac
2963 3854 3013 3907 in
3058 3854 3174 3924 ejus
3226 3870 3386 3908 usum
3442 3857 3555 3923 pri-

1974 3965 2062 4003 mo
2093 3959 2396 4013 structam,
2464 3963 2627 4019 prope
2682 3949 2857 4016 regias
2902 3946 3044 4002 aedes
3113 3961 3306 4002 serena
3358 3958 3553 4014 nocte,

1975 4042 2344 4097 renidentibus
2386 4056 2519 4111 puro
2567 4040 2707 4095 cmlo
2762 4039 2973 4103 stellis,
3004 4040 3185 4094 Statim
3238 4040 3304 4092 ad
3336 4039 3452 4106 ejus
3499 4040 3551 4094 in

1972 4150 2091 4190 eam
2146 4136 2337 4189 cellam
2401 4136 2706 4203 ingressum
2759 4134 2903 4188 circa
2935 4144 3147 4189 noctem
3190 4133 3419 4187 mediam
3453 4149 3549 4185 au-

256 4222 451 4309 δεινῷ
482 4224 826 4293 ποιουμένων
854 4228 935 4280 ὅτι
962 4226 1025 4299 δὴ
1060 4228 1127 4282 τὰ
1159 4228 1294 4299 πρὸς
1323 4230 1415 4283 τὸν
1443 4229 1670 4300 βασιλέα
1700 4234 1868 4305 camp.

1976 4229 2118 4283 ditus
2176 4228 2357 4296 fragor
2423 4228 2613 4298 ingens
2650 4225 2996 4295 lapidationis
3044 4227 3227 4280 densa?
3272 4224 3554 4294 grandinis

274 4322 517 4394 χήσατο,
595 4322 688 4373 καὶ
722 4321 962 4392 διωγμὸν
1020 4323 1163 4377 κατὰ
1211 4325 1308 4396 τῆς
1360 4325 1570 4395 πλάνης
1614 4326 1868 4400 λαμπρὸν

274 4414 561 4484 ὲπήγαγε.
591 4414 698 4465 Καὶ
740 4413 912 4467 ταῦτα
947 4414 1047 4484 μὲν
1089 4417 1559 4490 Παρασκευῖώτης
1593 4421 1867 4491 καλούμε-

273 4522 374 4568 νος
431 4505 772 4575 ἀφωρισθεὶς
804 4507 852 4539 ⁸⁸
912 4506 1087 4575 φύλαξ
1152 4504 1293 4562 εἶναι
1328 4510 1421 4564 τοῦ
1482 4511 1869 4583 δαιμονιώδους

273 4598 506 4651 ἐκείνου
541 4598 802 4668 γέροντος
854 4600 929 4664 ὡς
968 4603 1043 4670 μὴ
1085 4601 1272 4655 ἄδειαν
1320 4604 1461 4673 ἔχειν
1513 4607 1868 4678 προσομιλεῐν

275 4704 417 4749 τινι,
450 4687 543 4740 καὶ
570 4685 674 4756 τῆς
703 4687 871 4741 αὐτοῦ
901 4688 1079 4761 λύμης
1111 4690 1454 4761 μεταδιδόναι
1494 4697 1560 4748 τά
1596 4697 1867 4766 φρικωδέ-

274 4796 486 4845 στατα,
523 4780 812 4849 ἐπώμνυτο
853 4781 983 4834 ίδεῖν
1010 4800 1068 4835 τε
1094 4784 1188 4837 καὶ
1221 4785 1450 4841 ἀκοῦσαι
1486 4788 1584 4856 μὲν
1606 4791 1733 4853 τοὺς
1759 4790 1869 4845 τῶν

272 4870 639 4943 βαλλομένων
662 4873 846 4937 λίθους
878 4876 970 4928 καὶ
998 4877 1139 4930 κατὰ
1171 4881 1275 4948 γῆς
1315 4881 1409 4933 καὶ
1435 4882 1578 4934 κατὰ
1607 4884 1870 4953 κεράμων

273 4964 511 5036 κρότον,
575 4965 700 5019 ἰδεῖν
752 4965 807 5021 δὲ
860 4972 1107 5040 συνεχεῖς
1142 4973 1237 5024 καὶ
1269 4973 1713 5047 ἀλλεπαλλήλους
1741 4978 1870 5044 τοὺς

268 5054 491 5120 λίθους,
553 5058 754 5127 μηδένα
793 5058 848 5111 δὲ
897 5060 1152 5131 μηδαμοῦ
1198 5063 1291 5116 τὸν
1338 5063 1601 5133 βάλλοντα
1643 5069 1870 5132 τούτους

270 5148 617 5204 θεάσασθαι.
670 5151 1128 5221 Συνεπελάμϐανε
1162 5154 1270 5225 γὰρ
1300 5158 1365 5226 τῇ
1394 5157 1503 5211 τῶν
1528 5157 1694 5211 λίθων
1725 5164 1869 5233 φορᾷ

267 5245 377 5296 καὶ
410 5243 637 5312 σεισμός
684 5260 770 5309 τις
794 5246 993 5316 ἀθρόος
1026 5248 1119 5300 καὶ
1143 5247 1204 5301 τὸ
1233 5249 1495 5304 ἐπίπεδον
1520 5252 1866 5324 ὲκεκλόνητο,

265 5334 382 5387 καὶ
437 5335 506 5389 τὰ
561 5337 691 5406 περὶ
744 5336 834 5391 τὸν
875 5336 1073 5409 δροφον
1114 5342 1499 5413 ὲτετρύγεσαν.
1560 5344 1619 5400 '0
1683 5347 1869 5417 μέντοι

264 5428 784 5501 Παρασκευῖώτης,
818 5432 948 5501 πρὶν
989 5432 1089 5501 μὲν
1129 5434 1428 5505 ὑπονοῆσαι
1477 5440 1536 5490 τὸ
1562 5439 1723 5511 ἔργον
1753 5443 1869 5496 δαι-

266 5518 497 5589 μόνιον,
520 5520 770 5592 ἐθάρρει,
798 5521 873 5586 ὡς
900 5525 1107 5589 ἐκεῖνος
1135 5526 1397 5595 ἔφασκεν·
1443 5531 1585 5603 ὁρῶν
1614 5533 1669 5585 δὲ
1691 5535 1773 5587 ὅτι
1819 5535 1871 5587 οἰ

1978 4321 2105 4376 ritu.
2139 4318 2407 4375 Volabant
2454 4317 2660 4390 passim
2688 4318 2833 4385 jacta
2869 4332 2997 4372 saxa
3045 4318 3099 4371 in
3147 4316 3336 4371 cellam
3359 4356 3373 4378 ,
3405 4316 3553 4370 nulla

1965 4413 2205 4482 jaciente
2236 4429 2416 4481 manu;
2481 4428 2549 4469 ne
2600 4427 2871 4481 quoquam
2913 4410 3265 4481 quantumvis
3310 4410 3549 4465 circum-

1971 4509 2237 4576 spiceret,
2288 4505 2723 4561 animadvertere
2777 4505 2992 4560 valente
3042 4510 3320 4558 auctorem
3397 4503 3551 4557 l’act’r.

1973 4597 2237 4651 Nimirum
2282 4597 2443 4650 homo
2484 4596 2703 4664 quidem
2753 4609 2914 4649 nemo
2956 4593 3211 4647 furiatum
3263 4593 3424 4647 ismm
3470 4592 3555 4645 in-

1973 4689 2204 4745 festabat
2268 4690 2517 4745 abbatem
2556 4688 2695 4744 :sed
2756 4688 2870 4757 ipse
2900 4702 3022 4742 cum
3060 4686 3172 4738 suis
3218 4686 3551 4738 dmmonibns

1973 4784 2229 4838 Satanael
2292 4782 2413 4837 irati
2477 4781 2679 4837 homini
2738 4782 2879 4849 quod
2954 4778 2998 4830 is
3052 4777 3325 4846 mysteriis
3385 4786 3549 4830 scene

1971 4879 2110 4945 apud
2145 4878 2528 4946 imperatorem
2551 4872 2877 4934 ell‘utiendis,
2909 4883 3127 4939 gravem
3157 4870 3206 4921 in
3238 4878 3547 4921 nascentem

1973 4970 2220 5026 heresim
2274 4967 2703 5039 persecutionem
2763 4963 3128 5025 concitasset,
3191 4960 3287 5013 has
3357 4961 3423 5013 ab
3482 4973 3550 5011 eu

1969 5077 2160 5134 poenas
2213 5062 2542 5131 repetebant.
2614 5056 2785 5125 Hujus
2853 5055 2928 5109 rei
3005 5063 3284 5107 auctorem
3373 5050 3548 5105 habeo

1970 5154 2441 5215 Parasceviotam,
2480 5151 2561 5204 sic
2592 5159 2841 5203 vocatum
2896 5145 3191 5199 hominem.
3245 5142 3546 5199 Commissa

1970 5249 2098 5303 huic
2129 5245 2304 5301 fuerat
2329 5241 2543 5297 interim
2599 5239 2842 5295 custodia
2874 5236 3091 5291 fanatici
3121 5251 3288 5301 seus,
3332 5237 3548 5287 daturu-

1971 5355 2075 5411 qne
2107 5338 2383 5408 negotium
2423 5344 2480 5390 ut
2504 5342 2753 5399 caveret,
2813 5346 2879 5384 ne
2932 5330 3021 5398 qui
3075 5343 3197 5383 cum
3246 5342 3312 5381 eo
3362 5342 3457 5393 per
3494 5324 3546 5380 id

1969 5444 2181 5502 tempus
2230 5444 2391 5498 agere
2419 5443 2483 5483 ac
2513 5435 2721 5497 pestem
2777 5422 2999 5481 nefariae
3058 5423 3231 5491 ipsius
3283 5419 3546 5474 doctrinae

1969 5538 2262 5592 congressu
2314 5531 2673 5587 sermoneque
2730 5515 2898 5585 ipsius
2927 5514 3147 5569 haurire
3203 5520 3440 5581 possent.
3495 5509 3545 5563 is

262 5610 384 5681 μὶν
425 5610 563 5665 λίθοι
586 5613 817 5679 ἄνωθεν,
865 5610 978 5669 οἷον
1003 5621 1196 5686 εἰπεῖν,
1228 5621 1653 5694 ἔξωμϐρίζοντο,
1687 5626 1866 5678 καὶτὸ

1976 5622 2098 5673 dum
2153 5633 2214 5672 ea
2259 5632 2388 5670 cura
2425 5613 2739 5683 fungeretur
2767 5609 2939 5665 oculis
2969 5610 3082 5663 suis
3128 5619 3291 5687 atque
3324 5606 3544 5659 auribus

254 5702 568 5774 γερόντιον
595 5706 775 5759 ἐκεῖνο
804 5708 863 5761 τὸ
896 5710 1310 5784 αἱρεσιαρχικδν
1343 5713 1648 5769 ἐνεδεδύκει
1676 5734 1733 5769 τε
1768 5720 1854 5770 καὶ

1974 5730 2030 5767 se
2076 5724 2368 5779 usurpasse
2419 5721 2539 5778 quae
2594 5704 2876 5762 retulimus
2927 5700 3090 5757 etiam
3139 5700 3354 5768 juratus
3400 5697 3545 5751 amr-

1356 5860 1554 5923 Varia:
1585 5861 1893 5925 lectiones
1938 5875 2017 5921 ex
2052 5858 2193 5924 cod.
2221 5856 2497 5920 Coislin.

381 5948 437 5981 “
472 5950 805 6027 ἀφορισθείς.
