3960 6648
389 462 530 532 1175

1662 474 1888 535 ΑΝΝᾹΞ
1912 473 2292 536 ΟΟΜΝΕΝΕ

3517 460 3653 526 1176

388 580 579 645 mavit,
611 580 920 649 audivisse,
987 582 1241 654 inquam',
1304 585 1570 651 fragorem
1650 587 1959 657 vidisseque

2068 585 2538 649 ὲναποκέκλειστο,
2590 586 2668 649 είς
2698 584 2961 655 δαίμονας
3007 581 3067 636 τὸ
3106 582 3267 653 ἔργον
3321 577 3645 647 ἀνενεγκὼν

388 673 704 739 grandinem
766 675 1035 729 ruentium
1090 676 1326 745 lapidum
1384 676 1438 731 in
1492 677 1639 732 cella:
1672 688 1868 734 tectum
1906 696 1968 733 ac

2078 682 2178 735 οὐκ
2202 675 2346 749 εἶχεν
2374 682 2399 732 ὅ
2421 698 2473 732 τι
2500 678 2593 732 καὶ
2622 678 2857 747 γένοιτο.

393 766 600 833 tegulas
669 778 825 837 atque
873 769 924 825 in
974 770 1152 825 solum
1223 772 1702 843 circumpositum,
1764 776 2098 832 collisionem
2151 792 2214 830 ac
2255 776 2562 829 conﬂictum
2626 774 2829 828 oll‘ensn
2890 771 3271 827 resultantium
3335 778 3389 824 et
3463 768 3643 823 imbre

381 856 607 909 assiduo
663 856 961 924 pluentium
1016 860 1159 914 clare
1199 872 1445 929 notaSse;
1502 864 1713 919 nemine
1766 866 1972 934 uspiam
2026 867 2427 929 animadverso,
2494 867 2578 919 cui
2642 874 2722 920 tot
2770 881 3023 920 saxorum
3081 875 3188 920 tam
3240 873 3500 919 constans
3552 877 3654 915 ve-

389 947 724 1017 hemensque
787 949 1017 1019 jactatio
1080 963 1265 1023 posset
1339 955 1521 1011 tribui.
1585 956 1750 1028 490
1806 957 2122 1027 Quanquam
2184 970 2235 1013 et
2296 959 2509 1012 aliunde
2574 959 2708 1012 satis
2773 958 3067 1028 apparebat
3148 971 3267 1010 esse
3332 954 3423 1009 hic
3477 953 3659 1020 majus

380 1040 641 1108 quiddam
714 1042 950 1098 humana
1015 1045 1099 1111 vi;

1178 1047 1377 1101 etenim
1455 1062 1562 1115 quo
1627 1055 1869 1117 tempore
1932 1048 2259 1103 desmviebat
2313 1049 2518 1119 grando
2581 1047 2827 1115 lapidea',

2906 1056 3066 1101 terra:
3118 1059 3335 1115 quoque
3407 1058 3438 1097 a
3490 1044 3659 1096 fumlo

388 1145 563 1189 motus
621 1139 831 1193 exstitit
903 1143 1239 1207 vehemens,
1312 1144 1534 1212 soloque
1590 1144 1792 1199 circum
1838 1156 2071 1199 tremore
2117 1161 2221 1201 non
2295 1146 2457 1199 dubio
2524 1143 2909 1205 subsultante.
2976 1140 3230 1197 concussi
3314 1139 3658 1208 fastigiorum

388 1228 572 1294 apices
606 1230 892 1286 stridorem
928 1234 1034 1287 late
1092 1236 1311 1290 dedere.
1371 1235 1447 1289 Ea
1512 1236 1663 1290 initio
1715 1251 1836 1290 cum
1870 1236 2083 1303 tierent,
2110 1238 2370 1292 narrabat
2422 1234 2808 1291 Parasceviota
2862 1230 3177 1286 constitisse
3221 1230 3657 1297 sedntrepidmn

384 1320 736 1390 aliquandiu‘,
809 1326 1012 1380 nullam
1081 1328 1187 1381 vim
1265 1329 1586 1383 diabolieam
1647 1330 1824 1385 adhuc
1903 1338 2323 1400 suSpeetantem.
2410 1328 2482 1385 Ut
2569 1336 2750 1382 autem
2838 1324 3119 1389 attentius,
3213 1321 3660 1376 animadvertens

384 1417 490 1469 vim
552 1416 826 1485 ingentem
884 1431 939 1476 et
1006 1422 1409 1477 successionem
1484 1424 1796 1477 continuam
1886 1422 2183 1493 pluentium
2238 1438 2470 1491 superne
2532 1423 2769 1493 lapidum
2843 1419 2894 1473 in
2945 1432 3063 1471 eam
3122 1415 3371 1470 cellulam
3436 1415 3489 1469 in
3547 1429 3657 1483 qua

388 1532 528 1569 unus
596 1517 689 1573 ille
725 1535 893 1574 senex
962 1520 1332 1575 baeresiarcha
1404 1522 1760 1577 delitescebat
1819 1522 2145 1588 conclusus,
2226 1522 2463 1592 denique
2519 1518 2796 1591 perspexit
2860 1532 2889 1571 a
2945 1516 3102 1571 malis
3158 1512 3406 1583 profecto
3477 1511 3659 1582 geniis

382 1623 503 1665 esse
533 1610 695 1666 istum
738 1612 995 1683 impetum
1025 1654 1040 1679 ,
1102 1624 1216 1667 tum
1267 1629 1396 1668 sane
1454 1624 1662 1671 terrore
1696 1624 1845 1670 tanto
1902 1624 2313 1672 consternatum
2361 1629 2507 1679 sese.
2565 1621 2625 1667 ut
2676 1626 2784 1682 quo
2819 1625 2880 1666 se
2918 1616 3156 1664 verteret
3206 1606 3407 1676 quidve
3440 1602 3660 1659 consilii

382 1718 475 1763 aut
505 1707 739 1774 praesidii
786 1716 1054 1777 quaereret
1096 1723 1201 1762 non
1256 1709 1497 1765 haberet.

464 1799 737 1855 Hactenus
802 1801 867 1854 de
940 1801 1185 1870 prodigio
1241 1802 1587 1872 lapidationis
1659 1812 1956 1860 nocturna.

382 1892 467 1946 Me
544 1908 671 1947 vero
757 1892 845 1947 hic
938 1894 1205 1947 interdum
1284 1896 1535 1964 capiebat
1582 1897 1812 1966 impetus
1875 1906 1957 1949 to-

2141 1806 2222 1857 Τἀ
2257 1804 2354 1874 μὲν
2404 1801 2498 1856 οῦν
2527 1799 2626 1854 τοῦ
2671 1799 2901 1866 τέρατος
2928 1792 3123 1847 τούτου
3157 1788 3330 1859 ταύτῇ
3384 1788 3563 1857 έχέθω
3586 1786 3655 1839 δι.

2084 1894 2425 1964 Ὴϐουλόμην
2454 1892 2512 1946 δὲ
2538 1891 2632 1945 καὶ
2664 1890 2844 1944 πᾶσαν
2876 1886 2975 1956 τὴν
3010 1883 3120 1937 τῶν
3169 1877 3491 1949 Βογομίλων
3537 1876 3659 1947 διηο

384 1994 490 2037 tam
574 1983 971 2053 Bogomilorum
1052 1987 1297 2042 bmresim
1350 1989 1620 2056 explicare
1679 1990 1777 2043 hoc
1845 1989 1959 2043 loco

2071 1986 2340 2058 γήσασθαι
2393 1985 2624 2055 αἵρεσιν,
2676 1981 2813 2035 ἀλλά
2871 1996 2939 2050 με
2996 1974 3194 2031 κωλύει
3234 1976 3332 2028 καὶ
3363 1970 3662 2035 αἰδὼςιιῖκ

384 2071 561 2125 fusius
609 2072 1003 2141 complectique
1057 2074 1327 2127 narrando
1371 2085 1553 2143 partes
1606 2075 1721 2143 eius
1750 2090 1961 2131 omnes.

383 2163 489 2218 Sed
551 2180 635 2219 me
667 2166 837 2233 pudor
891 2168 1166 2229 retardat,
1207 2178 1265 2222 ut
1296 2168 1516 2237 pulchra
1554 2172 1716 2224 etiam
1766 2171 1963 2225 alicubi

380 2257 578 2326 exeipit
640 2257 881 2327 Sappho.
932 2257 1134 2330 Nempe
1214 2260 1460 2315 historici
1527 2278 1810 2331 personam
1864 2278 1963 2331 ego

379 2349 598 2416 quidem
630 2360 682 2403 et
714 2350 944 2405 olnt-inm
996 2353 1237 2407 sustineo
1273 2371 1287 2407 :
1324 2362 1504 2408 tamen
1536 2356 1720 2411 eadem
1774 2357 1964 2411 mulier

381 2458 536 2507 sum,
590 2458 690 2498 nec
725 2460 788 2498 ea
832 2446 899 2499 de
930 2446 1123 2514 vulgo,
1163 2446 1256 2501 sed
1317 2448 1572 2517 princeps
1632 2448 1773 2504 inter
1826 2448 1961 2503 Por-

381 2535 771 2605 phyrogenitos
849 2547 904 2593 et
962 2540 1135 2593 Alexii
1216 2540 1442 2610 Augusti
1504 2540 1678 2611 prima
1750 2541 1950 2611 proles.

379 2625 549 2682 Porro
610 2644 730 2697 quae
787 2630 853 2684 de
921 2631 1021 2684 ista
1110 2630 1341 2686 colluvie
1410 2642 1573 2688 sectae
1627 2634 1962 2703 nequissime

377 2714 630 2771 feruntur
686 2719 827 2775 fama
882 2728 936 2774 et
992 2735 1241 2776 sermone
1282 2722 1961 2794 plurimorum,ejusmodi

380 2816 549 2873 sunt,
629 2825 748 2880 qua:
799 2811 945 2867 sileri
1027 2829 1055 2867 a
1133 2812 1391 2882 lminina,
1456 2816 1588 2887 regii
1652 2819 1958 2884 praesertim

381 2901 600 2969 generis
626 2942 639 2965 ,
677 2920 838 2972 quam
870 2908 1283 2961 commemorari
1315 2908 1595 2963 honestius
1629 2909 1768 2965 haud
1805 2909 1963 2979 paulo

378 2992 470 3046 sit.
501 2991 687 3063 Itaque
713 2995 765 3048 in
820 2995 922 3050 hoc
973 2995 1227 3051 conﬂictu
1286 2999 1517 3066 duplicis
1563 3001 1726 3055 ollicii
1781 3003 1962 3054 vincat

373 3100 511 3140 sane
557 3086 804 3142 historici
860 3089 1178 3160 religionem
1232 3092 1513 3147 muliebris
1563 3103 1613 3147 et
1643 3094 1961 3162 principalis

381 3179 705 3233 verecundia
762 3197 777 3234 :
828 3182 1113 3251 absintque
1161 3198 1282 3238 cum
1348 3185 1485 3239 bona
1542 3186 1695 3240 venia
1744 3186 1961 3242 lcetoris

379 3269 448 3323 ab
499 3269 599 3324 hac
650 3272 953 3342 scriptione
1016 3289 1176 3340 mea,
1243 3292 1439 3345 spurca
1495 3288 1550 3333 et
1608 3279 1755 3334 dictu
1814 3280 1954 3335 raeda
1990 3322 2033 3380 ο

380 3361 629 3431 dogmata
695 3375 749 3419 et
796 3365 1038 3420 facinora
1098 3368 1518 3438 Bogomilorum.
1572 3371 1702 3438 Quae
1760 3374 1805 3428 si
1870 3374 1956 3427 cui

380 3468 542 3509 nosse
595 3458 728 3510 tanti
777 3466 895 3522 est,
951 3461 1235 3516 consulere
1290 3462 1334 3517 is
1382 3464 1578 3533 poterit
1635 3466 1828 3522 librum
1870 3470 1958 3537 qui

378 3547 695 3604 inscribitur
773 3551 1082 3622 Dogmatica
1136 3554 1390 3626 Panoplia
1434 3556 1589 3626 jussu
1645 3561 1746 3615 mei
1795 3562 1963 3630 patris

377 3641 638 3709 scriptum
697 3653 858 3712 atque
888 3646 1114 3702 editmn.
1142 3651 1343 3705 Auctor
1376 3651 1492 3719 ejus
1531 3660 1617 3706 est
1662 3654 1961 3709 monachus

378 3730 698 3802 Zygadenns
733 3740 953 3793 nomine
980 3780 995 3803 ,
1054 3749 1211 3796 notus
1240 3741 1469 3798 dominre
1505 3758 1639 3799 mea:
1671 3746 1804 3799 avia
1834 3760 1963 3799 ma-

381 3836 569 3889 ternm,
602 3837 653 3881 et
693 3830 940 3884 omnibus
970 3831 1078 3885 Deo
1129 3836 1302 3889 sacris
1366 3836 1672 3892 hominibus
1703 3837 1961 3893 sacerdo-

377 3918 525 3972 tibus
602 3934 666 3974 ac
721 3922 1067 3990 pontiﬁcibus
1120 3924 1428 3982 familiaris.
1486 3926 1638 3983 Hunc
1691 3944 1959 3984 summum

376 4012 835 4080 grammaticum,
883 4017 1239 4087 eamdemque
1291 4020 1566 4075 rhetorem
1594 4037 1697 4076 non
1748 4024 1961 4078 inexer-

377 4103 600 4157 citatum
662 4122 677 4160 :
736 4107 1021 4179 theologize
1100 4125 1228 4165 vero
1295 4120 1350 4166 et
1392 4114 1642 4169 catholici
1688 4114 1960 4187 dogmatis

376 4207 488 4259 pra:
517 4194 767 4250 omnibus
800 4198 1243 4266 scientissimum,
1278 4200 1553 4271 Augustus
1618 4216 1769 4273 pater
1808 4222 1961 4265 meus

379 4288 445 4341 ad
480 4304 538 4342 se
574 4291 895 4347 accersitum
943 4292 1142 4362 jussit,
1197 4294 1445 4365 digerere
1503 4299 1693 4355 ordine
1723 4302 1773 4355 in
1828 4318 1961 4373 opus

377 4393 544 4433 unum
587 4392 812 4437 cunctas
873 4384 1149 4453 hzereses;
1204 4396 1260 4441 et
1295 4389 1586 4461 unicuique
1623 4391 1805 4448 relatae
1831 4395 1961 4449 ‘sin-

378 4470 604 4539 gillatim
638 4488 909 4543 opponere
957 4477 1312 4536 refutationes
1352 4493 1663 4539 sanctorum
1713 4485 1957 4543 Patrum.

378 4561 507 4617 Post
576 4580 764 4621 omnes
842 4570 1075 4639 denique
1124 4572 1453 4644 subjungere
1508 4577 1753 4633 ultimam
1819 4581 1961 4636 hanc

2068 2080 2171 2133 πού
2209 2079 2444 2150 φησινή
2497 2075 2639 2145 καλὴ
2693 2071 2923 2140 Σαπφὼ,
2969 2071 3051 2123 ὅτι
3096 2065 3450 2137 συγγραφεὺς
3481 2062 3662 2130 ἔγωγε

2067 2171 2205 2242 γυνὴ
2264 2170 2360 2222 καὶ
2412 2169 2513 2237 τῆς
2562 2164 2852 2236 πορφύρας
2896 2161 2958 2213 τὸ
3002 2163 3361 2229 τιμιώτατον,
3401 2154 3498 2208 καὶ
3549 2154 3663 2205 τῶν

2080 2262 2318 2329 Ἀλεξίου
2372 2260 2678 2330 πρώτιστον
2750 2255 3079 2326 βλάστημαο
3132 2250 3204 2303 τά
3252 2265 3313 2302 τε
3342 2248 3425 2311 είς
3480 2246 3659 2316 ἀκοὴν

2066 2356 2280 2411 πολλῶν
2313 2354 2589 2425 ἐρχόμενα
2612 2351 2772 2420 σιγῆς
2793 2347 2921 2411 ἄξια
2963 2343 3224 2415 βούλομαι
3255 2342 3354 2411 μὲν
3381 2340 3647 2411 γράφειν,

2065 2449 2153 2503 ἴνα
2211 2449 2272 2502 τὸ
2329 2447 2537 2517 πλῆρες
2602 2443 2704 2513 τῆς
2776 2441 2885 2496 τῶν
2936 2437 3256 2507 Βογομίλων
3312 2433 3665 2505 παραστήσω

2066 2542 2373 2611 αἱρέσεως·
2427 2538 2544 2593 ἀλλ’
2596 2537 2687 2589 ἴνα
2742 2533 2819 2604 μὴ
2848 2534 2949 2601 τὴν
3008 2530 3261 2599 γλῶτταν
3306 2527 3524 2598 μολύνω
3562 2527 3667 2595 τὴν

2064 2634 2329 2707 ἐμαυτῆς,
2374 2629 2619 2701 παρίημι
2661 2625 2857 2682 ταῦτα.
2890 2623 3261 2694 Παραπέμπω
3284 2620 3341 2674 δὲ
3370 2620 3497 2682 τοὺς
3535 2617 3669 2687 βου-

2063 2729 2323 2800 λομένους
2344 2725 2441 2796 τὴν
2467 2724 2595 2793 ὅλην
2616 2721 2830 2791 αἵρεσιν
2854 2717 2962 2772 τῶν
2980 2714 3295 2785 Βογομίλων
3337 2710 3668 2779 διαγνῶναι,

2065 2823 2147 2884 είς
2188 2820 2251 2873 τὸ
2292 2817 2436 2871 οὕτω
2461 2813 2804 2884 καλούμενον
2834 2807 3063 2881 βιϐλίον,
3102 2805 3452 2876 Δογματικὴν
3482 2803 3670 2875 [Iavo-

2069 2913 2254 2976 πλίαν,
2286 2910 2346 2976 ἐξ
2369 2906 2639 2975 ἐπιταγῆς
2658 2901 2862 2975 τούμοῦ
2890 2901 3098 2970 πατρὸς
3149 2896 3519 2952 συντεθεῖσαν.
3547 2892 3670 2947 Καὶ

2064 3006 2171 3077 γὰρ
2187 3004 2417 3077 μοναχόν
2446 3018 2569 3055 τινα
2584 2996 2893 3067 Ζυγαδηνὸν
2911 3000 2927 3061 ί
2932 2993 3023 3062 96)
3038 2989 3204 3045 καλού
3213 2987 3669 3056 μενον,γνωστὸν

2070 3103 2169 3172 μὲν
2208 3102 2275 3170 τῇ
2300 3097 2561 3167 δεσποίνῃ
2594 3093 2692 3148 καὶ
2727 3091 2866 3163 πρὸς
2907 3088 3116 3159 μητρὸς
3149 3088 3254 3158 ἐμῇ
3292 3084 3523 3155 μάμμῃ,
3560 3081 3670 3135 καὶ

2064 3197 2201 3248 πᾶσι
2242 3194 2357 3254 τοῖς
2407 3189 2503 3243 τοῦ
2539 3186 2823 3257 ἱερατικοῦ
2877 3181 3209 3250 καταλόγου,
3251 3176 3673 3248 γραμματικῆς

2067 3288 2124 3341 δὲ
2151 3287 2231 3350 είς
2276 3286 2448 3355 ἄκρον
2480 3278 2785 3352 ἐληλακότα
2827 3276 2926 3329 καὶ
2972 3273 3270 3344 ῥητορικῆς
3308 3270 3413 3323 οὐκ
3456 3266 3675 3336 ἁμελέ-

2068 3394 2228 3448 τητον
2257 3376 2409 3437 ὄντα,
2438 3371 2532 3425 καὶ
2556 3370 2616 3422 τὸ
2642 3368 2821 3438 δόγμα
2864 3365 2941 3428 ὡς
2973 3363 3073 3417 οὐκ
3099 3361 3261 3424 ἄλλος
3290 3377 3375 3423 τις
3430 3357 3673 3411 ἐπιστά-

2073 3484 2258 3539 μενον,
2291 3465 2480 3519 τοῦτον
2504 3464 2531 3515 ὁ
2579 3458 2941 3528 αὐτοκράτωρ
2975 3452 3483 3525 μεταπεμψάμενος
3525 3449 3675 3502 ἐπέ-

2065 3560 2230 3626 ταξεν
2259 3558 2480 3620 ἁπάσας
2523 3554 2623 3616 τὰς
2659 3553 2908 3622 αἱρέσεις
2949 3547 3206 3603 ἐκθέσθαι
3250 3545 3492 3615 ἑκάστην
3530 3543 3664 3612 ἰδίᾳ,

2066 3654 2160 3706 καὶ
2208 3650 2294 3719 ἐφ’
2326 3649 2543 3718 ἑκάστῳ
2566 3645 2668 3708 τὰς
2694 3643 2805 3696 τῶν
2840 3641 3015 3711 ἁγίων
3046 3638 3309 3709 Πατέρων
3335 3635 3667 3705 ἀνατροπὰς

2066 3742 2469 3814 ἐγγράψασθαι,
2534 3740 2628 3793 καὶ
2685 3736 2865 3791 αὐτῶν
2897 3733 2962 3805 δὴ
3006 3732 3116 3787 τῶν
3171 3729 3492 3801 Βογομίλων
3556 3727 3673 3798 τὴν

2065 3840 2301 3906 αἵρεσιν,
2332 3833 2517 3897 καθὼς
2543 3834 2571 3886 ό
2606 3829 2809 3901 ἀσεϐὴς
2838 3829 3049 3889 ἐκεῖνος
3102 3822 3383 3886 Βασίλειος
3433 3821 3671 3891 senm.

2068 3944 2221 3982 σατο.
2260 3924 2479 3994 Ταύτην
2504 3921 2602 3993 τὴν
2636 3920 2821 3990 βίϐλον
2888 3914 3238 3985 Δογματικὴν
3283 3912 3605 3965 Πανοπλίαν
3640 3913 3673 3965 ό

2064 4019 2421 4091 αὐτοκράτωρ
2448 4015 2718 4083 ὠνόμασε
2757 4012 2919 4081 μέχρι
2950 4008 3044 4062 τοῦ
3093 4006 3188 4062 νῦν
3218 4005 3362 4061 οὕτω
3391 4022 3676 4075 προσαγο-

2069 4114 2284 4186 ρεύεται
2314 4110 2384 4164 τὰ
2407 4108 2611 4179 βιϐλία.
2653 4107 2714 4159 Ὀ
2743 4104 2801 4159 δὲ
2832 4103 2992 4171 λόγος
3021 4101 3180 4164 αὖθις
3212 4100 3351 4172 πρὸς
3400 4099 3502 4167 τὴν
3558 4096 3671 4152 τοῦ

2064 4206 2351 4261 Βασιλείου
2384 4201 2714 4272 καθαίρεσιν
2741 4196 3094 4269 ἁνατρεχέτω
3119 4212 3133 4226 ·
3178 4198 3206 4249 ὁ
3239 4194 3349 4265 γὰρ
3379 4193 3673 4263 αὐτοκρά-

2063 4319 2175 4372 τωρ
2220 4299 2347 4361 τοὺς
2412 4292 2726 4365 ἁπανταχοῦ
2784 4292 2889 4361 γῆς
2951 4288 3200 4361 μαθητὰς
3306 4289 3397 4341 καὶ
3442 4287 3694 4365 συμμύς⁵

2066 4410 2197 4455 στας
2241 4390 2337 4446 τοῦ
2390 4387 2675 4443 Βασιλείου
2761 4383 3291 4456 μεταπεμψάμενος,
3386 4382 3487 4434 καὶ
3549 4381 3671 4449 μά-

2062 4488 2219 4542 λιστα
2249 4487 2374 4550 τοὺς
2407 4483 2619 4539 δώδεκα
2647 4480 2984 4550 λεγομένους
3010 4476 3283 4547 μαθητάς.
3306 4474 3668 4544 ἀπεπειρᾶτο

2065 4580 2159 4635 καὶ
2186 4578 2392 4634 τούτων
2414 4576 2516 4644 τῆς
2561 4572 2814 4644 γνώμης,
2854 4571 2949 4624 καὶ
2990 4565 3131 4641 ἦσαν
3166 4567 3425 4635 ἄντικρυς
3480 4566 3699 4655 μαθη-⁷

374 4654 780 4726 Bogomilorum
842 4662 1110 4726 haeresim,
1147 4666 1371 4735 ejusque
1404 4668 1655 4738 dogmata
1710 4683 1869 4741 prout
1897 4688 1959 4728 ea

2068 4676 2155 4730 ταὶ
2195 4671 2502 4728 Βασιλείοψ
2540 4666 2769 4735 καὶγὰρ
2811 4661 3093 4716 ένεϐόθυνε
3148 4660 3208 4713 τὸ
3233 4658 3417 4723 κακὸν,
3446 4660 3543 4710 καὶ
3578 4661 3709 4737 sic:

376 4749 577 4816 impius
640 4752 729 4808 ille
780 4754 1014 4811 Basilius
1079 4765 1426 4829 exposuerat.
1492 4761 1568 4816 Ex
1625 4763 1726 4818 hoc
1784 4764 1957 4819 Alexii

381 4844 634 4899 mandato
670 4848 879 4901 exstitit
904 4864 1039 4916 opus
1075 4850 1262 4921 ingens
1294 4852 1475 4923 plures
1512 4854 1563 4909 in
1594 4854 1761 4910 libros
1788 4857 1960 4911 tribu-

378 4943 529 5002 tum,
591 4939 676 4993 cui
731 4941 998 5011 hodieque
1060 4944 1311 5001 universo
1365 4946 1608 5002 adhaeret
1644 4947 1960 5002 nomencla-

381 5027 455 5081 tio
502 5031 568 5083 ab
609 5030 938 5103 imperatore
994 5035 1229 5102 primum
1286 5040 1592 5107 excogitata
1645 5049 1807 5110 atque
1870 5040 1961 5095 in-

380 5120 489 5173 dita
546 5122 635 5176 illa
708 5140 871 5194 quam
958 5127 1195 5184 diximus
1277 5128 1550 5201 Panoplire
1612 5132 1954 5204 dogmaticae.

380 5210 487 5266 Sed
548 5214 614 5267 ad
673 5215 934 5287 reliquam
1002 5219 1337 5277 excisionem
1387 5222 1573 5279 Basilii
1627 5224 1955 5296 nefariaeque

372 5303 549 5371 ipsius
583 5314 744 5362 sectae
793 5310 1035 5367 narratio
1100 5312 1406 5369 reducenda
1428 5330 1534 5371 εει.

2057 4768 2234 4829 οἰκίας
2256 4763 2522 4835 μεγίστας
2546 4759 2645 4814 καὶ
2668 4754 2869 4811 πολλοῦ
2896 4753 3134 4825 πλήθους
3160 4752 3342 4823 ἥψατο
3367 4750 3424 4802 τὸ
3445 4750 3661 4805 δεινόν.
3692 4752 3705 4761 “

2059 4856 2334 4921 Καθάπαξ
2355 4854 2447 4907 οὖν
2471 4848 2883 4920 κατεψηφίσατο
2916 4845 3192 4917 πυρκαϊάν
3220 4843 3329 4896 τῶν
3351 4841 3669 4913 ἀλλοτρίων

2060 4947 2153 5002 τοῦ
2178 4963 2236 4999 τε
2272 4943 2577 5017 κορυφαίου
2618 4940 2713 4995 καὶ
2747 4939 2842 4993 τοῦ
2879 4936 3064 5009 χοροῦ·
3100 4931 3509 5006 ἀθροιζομένων
3546 4932 3669 5003 γὰρ

2059 5039 2170 5094 τῶν
2204 5035 2569 5107 φωραθέντων
2602 5031 2943 5101 Βογομίλων,
2971 5029 3067 5083 καὶ
3095 5029 3205 5082 τῶν
3240 5026 3339 5098 μὲν
3369 5024 3473 5095 τῆς
3501 5025 3669 5094 σφῶν

2066 5126 2532 5199 ἀντιποιουμένων
2581 5125 2886 5197 αἱρέσεως,
2938 5122 3050 5175 τῶν
3120 5122 3166 5175 δ’
3217 5119 3668 5191 ἀπαρνουμένων

2067 5224 2386 5280 παντάπασι
2419 5220 2513 5275 καὶ
2541 5216 2681 5291 πρὸς
2714 5219 2842 5281 τοὺς
2876 5216 3200 5287 ἐλέγχοντας
3231 5212 3469 5284 ἰσχυρῶς
3499 5210 3678 5263 ἀνθι-

2070 5318 2357 5389 σταμένων
2379 5314 2475 5368 καλ⁵
2490 5313 2591 5384 τὴν
2615 5310 2981 5383 Βογομιλικὴν
3004 5308 3378 5363 διαπτυόντων
3400 5304 3632 5374 αἵρεσιν
3647 5321 3673 5338 ο

372 5397 497 5450 insi.
535 5398 770 5469 ἑτοίμως
810 5404 841 5456 ό
872 5404 1233 5480 αὐτοκράτωρ
1273 5408 1484 5476 τούτοις
1528 5412 1808 5467 πιστεύειν
1844 5413 1948 5467 οὐκ
1985 5409 2166 5486 εἶχεν,
2205 5412 2294 5466 ἵνα
2325 5410 2401 5482 μή
2434 5427 2517 5473 τις
2572 5405 2835 5470 πολλάκις
2868 5401 3198 5475 Χριστιανὸς
3234 5400 3358 5471 ,τοῖς
3414 5393 3659 5466 Βογομξο

1378 5551 1577 5614 Variae
1620 5550 1927 5615 lectiones
1962 5568 2041 5613 ex
2072 5549 2216 5613 cod.
2246 5544 2523 5609 Coislin.

446 5640 491 5674 “
524 5641 717 5713 ἐχέτω.

1433 5766 1574 5827 Car.
1613 5763 1940 5827 Dut‘resnii
1977 5765 2077 5826 Du
2108 5760 2331 5841 Cangii
2367 5768 2556 5823 notae.

354 5910 365 5921 ι
446 5886 557 5956 (96.)
591 5888 959 5957 Ζυγαϐηνόν.
1002 5889 1072 5942 De
1111 5888 1398 5958 Euthymio
1454 5888 1727 5955 Zigzibeno
1760 5887 1950 5942 Pano-

376 5958 499 6028 pliae
548 5960 836 6030 scriptore,
879 5960 1195 6016 consulendi
1232 5959 1342 6016 Leo
1368 5960 1620 6025 Allatius,
1660 5961 1749 6015 lib.
1790 5974 1828 6014 ιι
1882 5958 1957 6013 De

2063 5882 2208 5937 Eccl.
2261 5882 2445 5938 Occid.
2508 5890 2559 5936 et
2612 5880 2816 5937 Orienl.
2875 5896 3045 5945 cons.,
3112 5893 3231 5950 cap.
3295 5877 3399 5947 lO;
3449 5874 3689 5938 Barca.

2068 5956 2321 6011 Bellarm.
2359 5954 2647 6025 Simlet'tts,
2677 5963 2784 6011 etc.
