3960 6626
253 452 393 518 1177

1471 457 1901 527 lALEXIADIS
1940 462 2089 528 LIB.
2133 466 2261 530 XV.

3378 466 3517 534 1178

252 571 368 630 λοις
407 565 484 631 ὡς
534 566 829 640 Βογόμιλος
884 572 1272 646 ἀναμίγνυται,
1352 576 1387 646 ἢ
1439 574 1736 645 Βογόμιλον
1784 574 1859 640 ὡς
1915 566 2245 650 Χριστιανὸς
2293 579 2580 657 διαδρᾶσῃ,
2613 592 2803 639 καινόν
2824 600 2946 640 τινα
2968 582 3172 655 τρόπον
3202 581 3535 649 ἐπινοεῖται,

250 664 321 719 δι’
349 657 414 718 οὗ
446 665 495 718 οἱ
525 665 695 729 ὅντως
728 669 1048 739 Χριστιανοὶ
1085 670 1593 743 ἀποφανθήσονται.

339 755 468 809 Ἐπὶ
497 756 590 809 τοῦ
623 756 908 826 βασιλικοῦ
937 763 1118 818 τοίνυν
1147 765 1213 835 τῇ
1248 765 1364 835 μετ’
1400 763 1575 835 αὐτὴν
1602 763 1843 835 καθῆστο

2023 770 2254 835 Operam
2346 766 2493 822 dedit
2574 767 2871 836 imperator
2950 765 3222 822 emcacem
3293 767 3535 837 jubendo

252 846 447 917 θρόνου
466 863 484 879 ·
520 846 709 899 ’πολλοί⁸
757 848 815 903 δὲ
856 851 1166 922 τηνικαῦτα
1198 852 1458 924 παρῆοαν
1483 853 1584 923 τῆς
1614 870 1676 907 τε
1708 872 1845 922 συγ-

251 936 457 1006 κλήτου
516 936 614 990 καὶ
671 939 770 1008 τῆς
827 939 981 1011 ἱερᾶς
1040 943 1290 1008 συνόδου,
1348 944 1446 997 καὶ
1504 943 1613 998 τῶν
1671 945 1845 1011 Ναξι-

254 1028 430 1099 ραίων
484 1029 598 1098 (97)
648 1030 831 1084 αὐτῶν
882 1033 1073 1087 ὁπόσοι
1118 1032 1278 1105 λόγου
1317 1037 1568 1107 μετεῖχον
1596 1037 1839 1107 λογάδες.

254 1121 488 1175 Πάντων
517 1121 575 1174 δὲ
612 1123 725 1177 τῶν
754 1123 856 1194 τὴν
893 1123 1266 1199 Βογομιλικὴν
1296 1127 1719 1200 ἐγκαλουμένων
1758 1131 1845 1185 ατ·

254 1230 410 1283 ρεσιν
438 1214 495 1278 ἐς
518 1216 584 1268 τὸ
612 1216 782 1287 μέσον
809 1219 947 1289 ὁμοῦ
990 1219 1409 1292 παραχθέντων,
1433 1224 1461 1276 ό
1484 1222 1844 1295 αὐτοκράτωρ

251 1300 413 1367 αὖθις
438 1306 829 1376 ἐπερωτᾶσθαι
848 1309 1084 1369 ἑκαστον
1113 1312 1428 1369 ἐκέλευσεν.
1467 1314 1557 1378 Ὠς
1586 1315 1642 1369 δὲ
1668 1317 1716 1370 οἱ
1744 1318 1846 1387 μὲν

250 1396 572 1467 ὡμολόγουν
613 1400 909 1473 Βογόμιλοι
956 1400 1099 1459 εἶναι
1144 1407 1243 1460 καὶ
1275 1408 1376 1477 τῆς
1415 1408 1567 1477 σφῶν
1606 1409 1845 1481 ἰσχυρῶς

251 1491 644 1545 ἀντεποιοῦντο
693 1495 988 1565 αἱρέσεως,
1020 1499 1070 1552 οἱ
1099 1499 1157 1552 δὲ
1201 1501 1553 1555 παντάπασιν
1590 1502 1845 1557 ἀνένευον

251 1582 623 1651 Χριστιανοὺς
654 1586 881 1651 ἑαυτοὺς
926 1589 1293 1660 ὀνομάζοντες
1314 1631 1330 1657 ,
1363 1594 1458 1647 καὶ
1497 1595 1629 1666 παρ’
1669 1594 1844 1651 ἄλλων

250 1674 604 1744 ἐλεγχόμενοι
636 1678 892 1749 οὐδαμῶς
925 1682 1278 1737 κατετίθεντο
1302 1725 1316 1749 ,
1351 1685 1711 1751 ἑπιτοξεύσοις
1742 1689 1845 1741 αὐ-

248 1768 365 1828 τοῖς
394 1765 494 1830 τὰς
521 1768 720 1839 ὀφρῦς,
750 1769 855 1841 ἔφη
882 1786 897 1801 ·
934 1773 1062 1843 Χρὴ
1089 1776 1204 1846 τὴν
1233 1776 1500 1846 σήμερον
1539 1779 1649 1834 δύο
1676 1781 1846 1850 καμι-

206 1859 406 1937 ἶνους
464 1859 832 1930 ἀναφθῆναι,
897 1866 1112 1935 θατέρᾳ
1166 1868 1235 1922 δὲ
1286 1871 1518 1925 τούτων
1576 1874 1847 1942 σταυρὸν

249 1947 594 2019 ἐμπαγῆναι
635 1953 792 2023 αὐτῇ
834 1954 932 2025 γῆ,
976 1953 1105 2012 εἶτα
1152 1961 1389 2028 αἵρεσιν
1438 1962 1690 2033 δοθῆναι
1731 1965 1845 2023 πᾶ-

249 2054 376 2106 σιν,
412 2039 489 2096 ιν
517 2046 710 2101 ὁποῖοι
744 2046 821 2118 τῇ
849 2047 981 2106 τῶν,
995 2053 1371 2121 Χριστιανῶν
1393 2058 1594 2112 πίστει
1621 2059 1847 2114 ἐπαπο·

1948 859 2299 930 urgendoqne
2385 868 2445 915 ut
2495 860 2671 930 sparsi
2745 861 2947 929 ubique
3011 871 3282 915 terrarum
3362 860 3534 915 disci-

1949 951 2062 1023 puli
2164 967 2229 1007 ae
2311 962 2626 1024 symmysta:
2699 951 2923 1019 Basilii,
2978 953 3280 1023 'orgiorum
3358 952 3536 1022 ipsius

1946 1058 2011 1099 ac
2059 1042 2358 1099 tenebrosae
2423 1044 2683 1100 doctrinae
2757 1042 3056 1114 participes
3143 1055 3199 1100 et
3276 1043 3532 1109 conscii,

1947 1137 2251 1207 praesertim
2327 1151 2461 1192 vero
2516 1135 2591 1191 illi
2645 1151 2832 1191 eorum
2894 1150 3150 1207 proceres
3213 1149 3349 1205 quos
3404 1134 3538 1188 dno-

1946 1231 2121 1285 decim
2175 1228 2471 1299 discipulos
2551 1226 2927 1299 appellabant.
2978 1228 3216 1297 undique
3285 1223 3537 1281 omnibus

1947 1321 2184 1393 indagati
2239 1320 2481 1391 vestigiis
2510 1320 2566 1374 in
2615 1318 2807 1374 urbem
2833 1319 3180 1374 ducerentur.
3210 1316 3317 1372 llos
3350 1330 3538 1372 coram

1947 1427 2234 1485 aggressus
2289 1413 2355 1467 ad
2418 1411 2850 1483 resipiscentiam
2932 1410 3153 1477 hortati,
3216 1407 3542 1465 obstinatis-

1945 1507 2114 1563 simos
2133 1516 2392 1577 expertus
2438 1514 2542 1570 est,
2567 1504 2728 1573 plane
2767 1518 2874 1558 non
2913 1501 3302 1572 approbatores
3362 1500 3538 1556 solum

1944 1614 2192 1656 errorum
2236 1597 2445 1665 Basilii,
2478 1597 2573 1653 sed
2627 1596 2788 1653 etiam
2852 1597 3152 1650 imitatores
3198 1592 3537 1663 pertinaciae.

1945 1693 2105 1765 49],
2135 1694 2404 1749 Caeterum
2438 1692 2776 1761 deprehensa
2804 1690 2995 1761 ingens
3028 1688 3151 1743 mali
3184 1688 3295 1752 vis;
3326 1685 3528 1757 quippe

1950 1786 2008 1842 in
2045 1800 2331 1842 numerum
2364 1786 2524 1855 longe
2556 1784 2853 1839 maximum
2892 1780 3185 1836 multitudo
3233 1780 3538 1833 errantium

1947 1887 2287 1936 excreverat.
2341 1878 2570 1947 Impune
2621 1876 2879 1931 nimirum
2933 1874 3024 1930 ditt
3079 1883 3132 1928 ct
3195 1871 3541 1926 inobservate

1947 1977 2195 2039 grassata
2232 1968 2411 2023 latens
2446 1968 2616 2037 pestis
2650 1966 2861 2022 viscera
2897 1965 3012 2036 ipsa
3069 1976 3389 2034 magnarum
3439 1960 3539 2014 do-

1952 2076 2135 2114 muum
2174 2070 2513 2129 pervaserat,
2542 2058 2863 2127 turbamque
2896 2056 3074 2111 omnis
3102 2053 3320 2123 generis
3352 2051 3538 2105 incre-

208 2188 213 2209 ,
250 2132 462 2187 θανεῖν
483 2134 598 2203 τὴν
619 2135 890 2207 σήμερον
908 2120 1260 2211 βούλοιντο,
1285 2145 1712 2216 ἀποκριθέντες
1729 2149 1846 2204 τῶν

1952 2152 2174 2208 dibilem
2204 2152 2693 2223 comprehenderat
2727 2150 2923 2204 blanda
2954 2148 3280 2217 contagione
3302 2143 3536 2214 quadam

202 2298 210 2403 ξ

251 2224 468 2281 ἄλλων
502 2226 576 2297 τῇ
600 2230 706 2284 τοῦ
729 2234 999 2301 σταυροῦ
1030 2238 1262 2305 καμίνῳ
1295 2240 1844 2310 προσχωρήσωσιν.

255 2320 321 2371 Ol
363 2318 435 2371 δὲ
476 2319 590 2390 τῆς
633 2325 1034 2396 Βογομιλικῆς
1081 2329 1373 2398 αἱρέσεως
1418 2333 1846 2404 ἀντεχόμενοι,

202 2412 205 2421 ³
250 2416 682 2485 προσθατέρων
728 2422 776 2452 ⁸³
827 2421 1356 2494 ἐμϐληθήσονται·
1427 2429 1684 2494 βέλτιον
1736 2433 1849 2502 γὰρ

254 2508 655 2577 Χριστιανοὺς
697 2514 921 2582 αὐτοὺς
963 2514 1145 2585 ὄντας
1180 2519 1534 2589 ἀποθανεῖν,
1562 2522 1600 2592 ἢ
1629 2523 1850 2593 ζῶντας

253 2597 335 2664 ὡς
374 2601 756 2671 Βογομίλους
787 2604 1142 2675 διώκεσθαι,
1176 2612 1277 2665 καὶ
1311 2611 1418 2679 τὰς
1450 2612 1571 2669 τῶν
1598 2616 1852 2671 πολλῶν

250 2690 505 2746 τύπτειν
532 2695 942 2766 συνειδήσεις.
992 2700 1203 2759 Ἀπιτε
1228 2705 1377 2774 γοῦν
1413 2707 1512 2762 καὶ
1556 2709 1730 2778 ὑμεῖς
1768 2709 1844 2778 ⁵³,

252 2781 356 2836 καὶ
389 2784 570 2854 ,ὑμεῖς
602 2785 721 2856 ὅπη
752 2788 1071 2857 ,ϐουλητὸν
1099 2791 1361 2860 ἕκαστος
1387 2797 1666 2865 χωρείτω.

1953 2244 2287 2302 illecebrosas
2315 2243 2597 2301 novitatis.
2619 2243 2754 2297 llinc
2777 2253 2935 2297 aucta
2957 2238 3265 2296 sollicitudo
3292 2239 3539 2306 Augusto

1954 2351 2024 2391 ne
2058 2352 2166 2392 non
2199 2337 2335 2393 satis
2365 2346 2551 2406 posset
2603 2334 2907 2391 Ecclesiam
2961 2331 3128 2389 semel
3173 2345 3406 2402 purgare
3454 2329 3541 2382 lue

1956 2435 2067 2481 tam
2104 2426 2216 2483 late
2248 2428 2599 2498 pertinente:
2641 2442 2776 2481 neve
2813 2424 3246 2481 dissimulatione
3285 2431 3340 2475 et
3369 2422 3540 2492 hypo-

1955 2519 2083 2575 crisi
2110 2521 2355 2591 corrupti
2387 2536 2489 2592 pro
2522 2522 2673 2576 sanis
2703 2519 2975 2584 fallerent,
3012 2517 3296 2586 labemque
3323 2512 3538 2569 tolerati

1957 2627 2261 2684 propagare
2299 2622 2614 2684 pergerent.
2654 2612 2734 2666 Ad
2787 2610 2946 2665 istam
3003 2608 3331 2663 anxietatem
3381 2617 3545 2673 expe-

1957 2704 2216 2761 diendam
2245 2707 2429 2761 animo
2453 2705 2572 2774 ejus
2613 2703 2847 2770 intento,
2891 2700 3165 2755 succurrit
3211 2698 3355 2752 factu
3400 2695 3546 2765 opti-

1949 2813 2095 2853 mum
2127 2797 2298 2853 videri
2333 2798 2399 2852 ad
2444 2796 2797 2867 retegendum
2848 2795 3117 2865 cujusque
3168 2791 3430 2851 animum,
3488 2788 3534 2843 si

254 2873 434 2942 palam
485 2878 764 2934 decretum
809 2883 1289 2954 promulgaretur,
1346 2902 1453 2957 quo
1515 2888 1847 2961 quicumque
1882 2890 2049 2947 delati
2078 2890 2426 2963 Begomilicte
2460 2889 2700 2959 perlitlize
2767 2886 2982 2941 fuerant
3048 2884 3280 2938 ﬂammis
3329 2880 3540 2950 pariter

253 2968 406 3027 cives
451 2974 734 3044 exterique
788 2976 1196 3044 addicebantur,
1225 2995 1333 3035 una
1395 2996 1517 3037 eum
1578 2982 1940 3041 hteresiarcba
1980 2986 2135 3057 ipso,
2197 2984 2424 3056 ejusque
2482 2982 2707 3050 collegio
2769 2976 3153 3049 discipulorum
3235 2974 3545 3031 duodecim-

253 3059 452 3117 Evenit
498 3064 550 3119 id
602 3066 746 3136 quod
800 3068 1115 3138 providerat
1165 3072 1465 3141 Augustus.
1512 3073 1726 3129 Prolata
1806 3076 1860 3131 in
1934 3077 2206 3148 publicam
2270 3078 2517 3132 notitiam
2594 3072 2860 3145 ejusmodi
2962 3071 3272 3135 sententia,
3347 3083 3546 3137 magno

256 3157 673 3227 comprehensis
706 3169 852 3216 metu
880 3163 1132 3217 omnibus
1151 3177 1379 3232 quorum
1415 3174 1535 3221 erat
1602 3168 1671 3223 de
1731 3168 1928 3225 haeresi
1967 3169 2298 3241 Bogomillca
2328 3170 2566 3224 delatum
2604 3181 2801 3221 nomen
2852 3165 3034 3218 multa;
3079 3163 3263 3218 statim
3319 3161 3547 3216 exstite-

255 3259 386 3303 runt
444 3252 849 3307 'excusationes
926 3252 1339 3323 deprecantium
1390 3258 1850 3315 criminationem
1893 3259 2111 3324 falsam,
2136 3269 2191 3315 et
2223 3275 2282 3315 se
2313 3273 2479 3329 puros
2512 3266 2779 3329 putosque
2858 3253 3156 3309 catholicos
3235 3250 3542 3306 calumnio-

254 3342 479 3397 sissime
547 3344 857 3399 insimulari
910 3345 1184 3401 haereseos
1231 3348 1409 3417 palam
1488 3365 1688 3420 magno
1736 3361 1929 3421 questu
1969 3353 2461 3408 contestabantur:
2496 3363 2619 3405 cum
2652 3347 2874 3404 interim
2908 3345 3176 3416 desperati
3208 3344 3295 3398 alii
3328 3359 3389 3398 ac
3416 3358 3542 3413 per-

255 3437 377 3501 diti,
413 3434 554 3493 ultro
595 3452 718 3492 sese
744 3435 1051 3506 Bogomilos
1107 3438 1429 3507 faterentur,
1481 3438 1724 3513 talesque
1774 3445 1843 3499 ad
1915 3454 2224 3500 extremum
2319 3452 2762 3516 pcrseveraturos
2824 3438 3077 3509 spiritum
3138 3437 3402 3493 dicerent.
3471 3434 3542 3494 Hi

254 3530 477 3602 quidem
511 3530 643 3585 certi
676 3531 934 3586 nimirum
969 3530 1210 3587 haeretici
1282 3542 1459 3599 erant,
1531 3553 1762 3606 quorum
1820 3538 2023 3605 l‘uror,-
2056 3546 2207 3594 tanta
2277 3538 2645 3603 contumacia,
2700 3535 2789 3591 tali
2836 3543 3077 3600 tempore
3138 3547 3197 3586 se
3257 3529 3536 3600 proderet.

263 3622 612 3691 (Quanquam
650 3631 703 3678 et
768 3623 821 3678 in
855 3624 959 3682 isto
994 3626 1113 3696 ipso
1151 3623 1311 3696 globo
1358 3640 1521 3682 voces
1567 3627 1666 3681 bas
1723 3627 1889 3684 veluti
1930 3628 2188 3685 concordi
2244 3628 2627 3699 desperatione
2683 3627 3008 3695 jactantium
3073 3627 3243 3680 latere
3328 3623 3543 3691 aliquos

259 3712 485 3768 meliora
515 3713 790 3785 sapientes
842 3714 1158 3771 incredibile
1230 3730 1334 3770 non
1392 3716 1556 3785 erat.)
1608 3717 1677 3770 At
1711 3719 1858 3772 enim
1899 3719 2244 3788 exploratum
2280 3719 2506 3790 perinde
2537 3734 2644 3774 non
2691 3726 2834 3785 erat,
2904 3733 3031 3772 num
3083 3731 3270 3770 eorum
3354 3729 3547 3770 omnes

259 3813 354 3860 aut
389 3806 632 3876 plerique
662 3808 752 3877 qui
786 3822 845 3862 se
872 3808 1178 3878 Bogomilos
1235 3810 1502 3879 negabant
1532 3825 1657 3864 vera
1691 3810 2076 3880 loquerentur;
2111 3828 2177 3866 an
2204 3812 2383 3883 potius
2410 3812 2788 3883 impunitatem
2836 3820 2890 3866 et
2923 3809 3148 3865 nocendi
3181 3807 3527 3863 occasionem

258 3900 383 3957 utili
417 3899 544 3969 sibi,
579 3901 890 3970 reipublicae
954 3901 1217 3957 damnoso
1252 3903 1532 3959 mendacio
1565 3904 1917 3963 redimerent.
1949 3907 2120 3977 Igitur
2147 3907 2441 3977 imperator
2468 3918 2617 3964 certo
2643 3907 2709 3962 ad
2748 3907 2888 3963 hanc
2922 3906 3305 3962 discretionem
3342 3904 3546 3960 facien-

262 3996 392 4052 dam
429 3998 662 4054 consilio
696 4008 891 4070 parato
923 3999 1100 4069 palam
1130 3998 1379 4055 consedit
1424 3999 1478 4055 in
1531 4002 1799 4073 imperiali
1852 4003 2017 4070 solio,
2066 4004 2437 4060 assidentihus
2489 4013 2600 4059 tum
2657 4018 2687 4058 e
2744 4001 3025 4058 senatorio
3069 4011 3179 4055 tmn
3236 4015 3302 4055 ex
3352 3998 3534 4054 eccle-

262 4091 497 4147 siastico
548 4093 758 4147 circum
793 4092 985 4147 ordine
1023 4089 1295 4161 plurimis,
1329 4090 1711 4149 Nazarteorutn
1742 4110 1963 4164 quoque
2003 4111 2097 4151 seu
2128 4095 2519 4151 monachorum
2566 4095 2809 4164 ipsorum
2849 4092 3182 4148 doctissimis
3224 4090 3538 4160 quibusque

262 4188 333 4241 ad
369 4188 470 4242 hoc
500 4187 760 4255 judicium
793 4187 1024 4244 allectis.
1076 4189 1217 4244 Ante
1258 4190 1403 4243 hunc
1454 4204 1770 4245 consessum
1822 4191 2102 4261 productis
2155 4190 2411 4245 omnibus
2441 4190 2534 4259 qui
2567 4188 2914 4258 Bogomilicae
2965 4183 3264 4241 insimulati
3312 4182 3540 4237 haeresis

226 4284 509 4354 .luerant,
562 4282 891 4353 interrogari
944 4282 1123 4339 denuo
1176 4298 1625 4353 unumquemque
1678 4286 1976 4355 imperator
2011 4284 2198 4353 jussit,
2258 4283 2643 4355 Bogomilusve
2698 4298 2766 4336 an
2830 4279 3143 4335 Catbulicus
3214 4277 3411 4348 esset_?
3473 4273 3545 4330 Ut

265 4386 451 4431 autem
499 4376 564 4429 ad
622 4376 734 4430 haec
771 4374 988 4444 quidam
1026 4390 1084 4431 se
1142 4375 1450 4447 Bogomilos
1506 4375 1922 4444 proﬁtebantur,
1985 4376 2258 4446 fixamque
2291 4386 2343 4429 et
2380 4375 2443 4429 ad
2479 4374 2730 4428 ultimum
2766 4369 3176 4427 irrcvocabilem
3224 4369 3288 4424 ad
3322 4378 3533 4423 sectam

267 4470 493 4540 impiam
552 4466 921 4521 adhaesionem
976 4467 1373 4536 praeferebant;
1442 4467 1534 4522 alii
1596 4470 1970 4538 pernegabant
2020 4469 2303 4523 enimvero
2367 4467 2501 4522 tales
2549 4481 2671 4521 esse
2717 4480 2811 4531 se,
2869 4461 3322 4531 Christianosque
3376 4477 3539 4517 veros

270 4580 335 4618 ac
387 4562 587 4631 probos
640 4559 1018 4623 aﬂirnnabant;
1056 4558 1285 4628 objectis
1334 4560 1388 4614 in
1431 4560 1765 4615 contrarium
1802 4560 2037 4616 testibus
2093 4574 2285 4628 magno
2340 4559 2394 4614 in
2441 4575 2503 4614 os
2555 4557 2804 4614 convicio
2857 4554 3195 4620 refutandis,
3233 4553 3533 4622 imperator

264 4674 332 4713 ex
384 4654 686 4723 composito
743 4663 1024 4722 assumpta
1098 4652 1220 4706 irati
1296 4652 1484 4717 larva,
1518 4664 1851 4722 ,postquam
1902 4652 1959 4708 in
2014 4669 2205 4709 omnes
2256 4653 2462 4721 pariter
2512 4666 2579 4707 ex
2635 4648 2863 4705 intentis
2920 4646 3231 4716 superciliis
3287 4645 3531 4701 minaces

267 4749 668 4806 flammantium
729 4744 1015 4800 oculorum
1078 4744 1307 4800 intuitus
1365 4744 1666 4815 ejaculatus
1733 4752 1838 4811 est,
1887 4745 2052 4801 edicit
2109 4745 2161 4800 in
2218 4746 2367 4800 hunc
2419 4744 2685 4798 modum:
2745 4740 2877 4796 Volo
2932 4739 3198 4809 jubeoque
3253 4738 3351 4790 hac
3403 4737 3524 4807 ipsa

266 4845 352 4897 die
400 4856 558 4910 pyras
606 4837 854 4892 succendi
897 4838 1152 4907 geminas.
1188 4836 1392 4891 Harum
1425 4838 1579 4892 alteri
1609 4838 1995 4906 superpositam
2029 4837 2253 4890 eminere
2298 4851 2507 4889 crucem
2543 4834 2700 4888 humo
2733 4831 2943 4902 penitus
3000 4830 3227 4898 inﬁxam
3282 4827 3392 4881 ima
3443 4828 3530 4883 sui

1365 4976 1565 5038 Varia:
1605 4975 1915 5040 lectiones
1948 4993 2028 5039 ex
2056 4976 2197 5039 eod.
2230 4974 2503 5039 Coisiin.

343 5103 388 5137 δ’
419 5103 552 5173 πρὸς
584 5099 833 5172 θατέρον.
911 5098 957 5132 ⁵³
974 5096 1066 5152 καὶ
1098 5096 1283 5169 ἡμεῖς.
1314 5116 1317 5117 ⁷

1270 5233 1411 5295 Car.
1448 5229 1778 5294 Duft'esnii
1812 5232 1910 5295 Du
1941 5231 2171 5312 Cangii
2235 5235 2429 5293 notae.

346 5369 462 5440 (97)
488 5366 835 5440 Ναίζῖραιων.
861 5364 961 5440 Qui
997 5371 1055 5440 e_t_
1089 5361 1555 5440 NaerpaIOt,hqun
1591 5356 1846 5412 vocabulo

1958 5358 2194 5440 ςῖασίαι,
2209 5355 2538 5440 ψαλιμῳδιῶν
2551 5353 2827 5435 ἁρμοιραι,
2847 5355 3069 5440 fusiset:
3091 5353 3376 5440 πάννυχοι,
3400 5371 3543 5440 τερρ-

270 5424 528 5496 ιιίἑιιιιῖιιι·
557 5424 761 5495 Graecis
785 5424 1145 5505 scriptoribus
1179 5424 1324 5505 vita;
1358 5424 1623 5497 religiosae
1670 5439 1846 5505 secta-

1965 5424 2451 5505 Oévwv_aspvérq_q.
2499 5424 2780 5505 γυναικῶν
2809 5425 3099 5505 adiecisti.
3130 5424 3542 5505 elc._Nicephn:

275 5523 424 5566 tores
464 5522 518 5566 et
563 5508 836 5571 monachi,
893 5496 1037 5576 quod
1075 5506 1251 5559 instar
1281 5496 1660 5576 Naaariljorutn
1710 5499 1853 5576 apud
1964 5515 2055 5576 rt_ts
2118 5496 2800 5576 Constantinopolitanus:
2853 5496 3009 5576 :Ett“
3045 5496 3101 5576 ξὲ
3157 5496 3336 5576 πνέων
3399 5496 3542 5576 κριτὰ

274 5565 569 5646 Hebraeos,
660 5580 725 5634 de
793 5565 1023 5644 quorum
1098 5583 1245 5629 secta
1287 5580 1351 5646 et
1383 5570 1627 5646 instituto
1676 5569 1846 5637 agitur

1960 5570 2096 5646 τῆς.
2115 5568 2423 5646 ρσεϐείαςη
2455 5567 2516 5620 τὸ
2585 5565 2728 5646 ἱερον
2811 5565 2920 5646 ¹ιξῶν
2961 5566 3316 5646 Νςιζηραίων.
3356 5566 3541 5646 σχῇμσι

271 5635 568 5707 Noueran
623 5665 742 5714 cap.
791 5635 844 5714 6,
881 5646 1208 5704 strictiorem
1244 5644 1415 5714 vitam
1463 5635 1846 5714 amplecteren:

1962 5635 2348 5714 deﬁﬁpgoev._
2382 5636 2621 5714 Utuntur
2663 5635 2910 5714 lgnatius
2972 5635 3238 5714 diaconus
3296 5636 3355 5714 in
3424 5635 3537 5714 Vnita

274 5705 383 5775 tur.
418 5720 615 5775 Snidas
649 5739 661 5775 :
693 5705 1032 5788 Ναζήραῖος.
1076 5720 1105 5772 ό
1144 5712 1265 5785 Θεῷ
1308 5705 1727 5788 κεχωρισμένος.
1760 5705 1855 5760 καὶ

271 5792 650 5863 ἀφιερωμένος
682 5792 710 5844 ό
741 5776 1249 5863 μονξᾷχός.”Εοι]οιιι’
1273 5776 1441 5863 prope
1464 5776 1641 5861 'habet
1684 5776 1855 5863 lies!-

273 5848 456 5933 t-bin's.
490 5848 786 5929 Gregorius
820 5848 1102 5933 Na‘zianz._
1130 5848 1500 5933 orat.'_babita
1526 5852 1588 5933 .in
1619 5848 1850 5904 concilio

270 5921 872 5991 Constantinouolitano
908 5948 925 5955 "
998 5926 1228 5997 Χαίρετε
1286 5921 1615 5993 Ναξηραίων
1695 5934 1853 5991 X°P°'

1962 5704 2452 5774 saneti'Nicepbori
2486 5707 2697 5776 patricii
2720 5706 3332 5776 Constantinopolitani.
3360 5720 3413 5759 n.
3443 5704 3537 5769 21;

1958 5781 2200 5837 Joannes
2230 5774 2616 5847 Pboca‘s,’cap.
2652 5777 2713 5831 ll
2750 5793 2764 5842 ;
2799 5774 3214 5848 Laonicus,'l!b.
3251 5791 3305 5844 t;
3339 5776 3541 5832 Canta~

1961 5865 2219 5923 cuzenus,
2247 5849 2340 5908 lib.
2365 5865 2430 5918 tt,
2463 5846 2585 5919 cap.
2612 5848 2680 5903 16
2708 5856 2762 5903 et
2791 5846 2861 5903 29
2889 5856 2941 5903 et
2963 5846 3076 5903 alii.
