3960 6584
390 359 394 363 ⁴
481 403 622 470 1183

1718 410 1942 473 ΑΝΝᾹΞ
1972 410 2351 473 ΟΟΜΝΕΝιΕ

3597 402 3731 468 118i

478 516 607 569 liutn
640 516 878 573 intuens.
912 517 1136 574 Ducitur
1166 518 1256 575 ille
1295 519 1473 575 minas
1508 520 1706 575 dudum
1743 537 1932 577 omnes
1960 539 2050 578 so-

2159 522 2365 585 ὲκεῖνος
2434 521 2748 595 ἀποδειλιᾷν
2799 521 2937 594 πρὸς
2983 520 3047 573 τδ
3088 518 3199 592 πῦρ
3238 520 3333 574 καὶ
3378 516 3731 587 θορυϐεῖσθαι

478 607 607 663 litus
629 610 1091 667 confidentissime
1118 623 1492 669 contemnere.
1520 612 1631 671 Nec
1662 615 1879 671 remisit
1914 613 2058 672 fero-

481 701 620 753 ciam
654 699 706 753 in
735 700 912 769 primo
940 701 1055 771 ipso
1087 700 1318 757 flammae
1347 714 1666 774 conspectu.
1704 704 1845 773 Quin
1870 722 2056 778 rogum

476 782 585 853 jam
605 787 918 858 ﬂagrantem
940 793 1125 859 procul
1154 793 1368 850 intuens
1397 795 1679 850 renidebat
1708 810 1902 852 securo
1948 797 2055 852 risu

481 889 535 934 et
570 879 758 934 insana
789 884 1032 950 quaedam
1057 884 1360 941 vaticinans
1389 885 1749 955 ominabatur,
1778 887 2058 943 adiuturos

481 984 677 1039 nempe
703 982 900 1040 praesto
929 976 1187 1044 quosdam
1229 977 1470 1044 angelos,
1505 980 1595 1049 qui
1639 996 1703 1035 ex
1740 981 1860 1050 igne
1880 981 2057 1036 medio

481 1060 661 1130 ipsum
684 1065 978 1134 eriperent.
1016 1068 1201 1139 Itaque
1229 1070 1710 1127 submurmurahat
1738 1089 1921 1128 secum
1957 1074 2059 1129 Da-

481 1153 716 1209 vidicum
759 1156 923 1212 illud:
969 1158 1055 1212 Ad
1096 1171 1145 1215 te
1189 1170 1368 1216 autem
1411 1180 1511 1217 non
1569 1166 2001 1236 appropinquabit
2033 1184 2054 1224 :

480 1256 838 1304 verumtamen
906 1253 1072 1307 oculis
1121 1255 1225 1308 tuis
1272 1258 1629 1311 considerabis
1660 1259 1699 1314 ‘.
1752 1258 1946 1314 Verqu
2000 1269 2058 1315 ut

483 1337 768 1396 discedens
788 1345 1135 1416 spatiumque
1164 1348 1300 1403 dans
1324 1352 1471 1403 eunti
1491 1364 1608 1418 quae
1634 1350 1687 1404 in
1723 1353 1899 1406 medio
1924 1369 2056 1409 con-

481 1430 700 1498 globata
750 1434 903 1489 turba
968 1446 1314 1507 prospectum
1380 1440 1496 1511 rogi
1545 1450 1716 1496 totum
1758 1445 2053 1513 eripuerat.

484 1517 729 1591 (Viderat
773 1528 916 1581 enim
950 1530 1211 1586 hactenus
1255 1532 1412 1602 longe
1471 1534 1769 1601 procedens
1822 1536 2054 1594 Basilius

482 1626 753 1670 summum
801 1626 1010 1673 tantum
1066 1637 1209 1693 pyrae
1257 1624 1497 1680 ardentis
1540 1627 1794 1682 verticem
1851 1630 2053 1685 fumum

482 1704 731 1762 scintillis
776 1710 996 1764 mistum
1035 1713 1397 1771 emicantibus
1435 1716 1543 1772 alte
1575 1719 1842 1776 vibrantis
1888 1738 2055 1791 prope

483 1795 718 1851 medium
745 1800 971 1867 circum,
1004 1803 1089 1858 ubi
1121 1808 1363 1873 pyramis
1397 1819 1614 1866 exstare
1666 1811 1857 1882 incipit
1918 1813 2053 1883 lapio

2159 612 2355 669 ἐδόκει.
2389 614 2663 684 Ἐστρεφε
2697 614 2809 684 γὰρ
2838 612 2939 675 τὰς
2970 610 3126 682 ὄψεις
3157 609 3419 673 πολλάκις
3445 608 3543 662 καὶ
3574 609 3734 678 ἐκρό-

2155 720 2239 757 τει
2268 703 2369 768 τὰς
2409 706 2602 775 χεῖρας
2652 705 2748 758 καὶ
2805 705 3083 759 ἑπάτασσε
3138 703 3231 756 τὸν
3267 700 3465 772 μηρὸν,
3486 697 3599 754 οἷον
3624 702 3735 763 τοῖς

2157 795 2303 859 ὅλοις
2364 796 2825 867 ἐξαπορούμενος.
2883 796 3074 865 Ὅμως
3126 794 3221 848 καὶ
3245 792 3421 855 οὕτως
3469 792 3611 862 ἔχων
3639 792 3735 843 καὶ

2157 886 2268 939 ἁπδ
2295 885 2465 956 μόνης
2497 886 2597 957 τῆς
2622 886 2751 951 θέας
2775 886 2850 951 ὡς
2900 886 3265 956 ἀδαμάντινος
3290 880 3360 954 ἦν
3390 900 3406 915 ·
3440 882 3568 936 οὒτε
3626 880 3734 950 γαρ

2156 974 2218 1029 τὸ
2246 976 2357 1045 πῦρ
2381 975 2731 1046 κατεμάλαξε
2753 975 2852 1048 τὴν
2890 976 3123 1047 σιδηρᾶν
3171 974 3337 1029 αὐτοῦ
3366 973 3570 1043 ψυχὴν,
3610 972 3734 1025 οὔτε

2157 1068 2214 1121 ai
2242 1067 2337 1123 τοῦ
2386 1067 2796 1140 αὐτοκράτορος
2854 1069 2993 1138 πρὸς
3018 1067 3184 1123 αὐτὸν
3212 1067 3591 1137 διαπόμπιμοι
3619 1065 3737 1118 διαο

2162 1159 2423 1231 μηνύσεις
2472 1160 2813 1227 κατέθελξαν
2839 1175 2854 1190 ·
2917 1160 3031 1214 ἀλλ’
3087 1159 3199 1213 εἴτε
3231 1159 3465 1213 ἀπόνοια
3499 1156 3733 1227 μεγίστη

2156 1250 2347 1304 τοῦτον
2374 1253 2674 1321 κατείληφε
2708 1252 2800 1306 διὰ
2829 1252 2931 1321 τὴν
2961 1250 3329 1322 παρεστῶσαν
3357 1250 3613 1319 ἀνάγκην
3645 1248 3737 1301 καὶ

2165 1360 2229 1396 συ
2239 1344 2456 1415 μφοράν
2483 1360 2497 1376 °
2528 1345 2625 1398 καὶ
2648 1345 2871 1414 ἀπόρως
2898 1343 3072 1407 οὔτως
3096 1336 3210 1413 εἶχε
3232 1341 3331 1411 τῆς
3354 1339 3607 1409 γνώμης,
3645 1340 3739 1390 καὶ

2156 1439 2432 1510 διάκρισιν
2457 1437 2808 1493 οὐδεπωσοῦν
2830 1438 2877 1471 ⁸³
2902 1436 3181 1508 ἐλάμϐανε
3207 1435 3302 1489 τοῦ
3336 1433 3735 1503 συμφέροντος

2158 1531 2266 1584 εἴτε
2295 1533 2441 1586 καὶό
2501 1531 2794 1603 κατασχὼν
2860 1533 2961 1603 τὴν
3013 1531 3194 1603 ψυχὴν
3245 1529 3414 1584 αὐτοῦ
3463 1526 3735 1588 διάϐολος.

2158 1623 2296 1693 ὅπερ
2325 1625 2416 1677 καὶ
2477 1625 2680 1694 μᾶλλον
2743 1625 2913 1689 δοκεῖ,
2967 1625 3165 1687 σκότος
3208 1622 3376 1678 αὐτοῦ
3430 1620 3738 1691 βαθύτατον

2157 1717 2584 1772 κατεσκέδασεν.
2640 1716 2904 1788 Είστήκει
2963 1717 3103 1787 πρὸς
3136 1718 3320 1770 πᾶσαν
3342 1713 3579 1783 ἀπειλὴν
3641 1712 3737 1765 καὶ

2158 1808 2293 1878 πρὸς
2331 1808 2513 1863 πάντα
2540 1810 2707 1877 φόϐον
2733 1808 3034 1879 ἀμηχανῶν
3060 1812 3089 1863 ὁ
3112 1807 3499 1869 κατάπτυστος
3532 1806 3740 1867 ἐκεῖνος

481 1884 645 1957 dea);
690 1888 776 1943 ubi
798 1890 933 1959 jam,
994 1892 1239 1963 inquam,
1293 1899 1678 1970 prepinquiore
1713 1875 1791 1957 εο-
1812 1875 2055 1972 pleniore

2159 1875 2461 1964 Βασίλειος,
2491 1875 2586 1954 καὶ
2616 1901 2711 1954 νῦν
2735 1875 3001 1970 μεν-τπρδς
3029 1900 3128 1969 τὴν
3153 1898 3431 1968 πυρκαϊὰν
3459 1896 3737 1966 ἐκεχήνει,

483 1974 722 2034 fornacis
751 1981 1249 2042 iuilammatissima:
1292 2004 1583 2061 conspectu
1608 1995 1842 2053 'aﬂlatus
1889 2000 2058 2055 miser

482 2076 586 2134 est,
644 2080 755 2125 tum
815 2089 945 2130 sane
1004 2076 1093 2133 ille
1163 2083 1334 2136 audax
1394 2088 1770 2152 consternari,
1832 2090 2057 2148 horrere

483 2161 685 2229 ignem,
710 2175 955 2222 avertere
984 2171 1175 2227 oculos
1208 2176 1425 2244 saepius,
1471 2194 1661 2234 manus
1690 2182 2054 2252 complodere,

483 2250 659 2307 feumr
689 2261 935 2326 tundere,
968 2264 1229 2335 signaque
1262 2268 1312 2321 id
1343 2285 1512 2336 geuus
1532 2284 1723 2327 caetera
1752 2250 1914 2331 edere
1946 2293 2053 2333 non

483 2343 642 2400 dubia
674 2351 1092 2414 perturbationis
1149 2374 1397 2414 summae.
1424 2362 1628 2419 Tamen
1656 2366 1734 2420 vel
1754 2368 1835 2422 sic
1855 2369 2057 2425 intueri

482 2434 633 2491 licuit
664 2454 825 2509 quam
858 2446 1070 2513 penitus
1100 2451 1289 2506 coalita
1313 2452 1600 2512 inhaereret
1644 2458 1832 2529 impio,
1866 2462 2052 2531 plane-

484 2542 590 2596 que
632 2530 975 2592 indomabilis
1027 2540 1255 2598 malitia.
1305 2545 1440 2600 Cum
1483 2563 1700 2605 omnem
1747 2551 1801 2607 in
1848 2565 2053 2622 partem

483 2634 544 2676 se
594 2630 862 2692 verteret,
896 2641 1175 2687 aversatus
1206 2632 1438 2693 fanatice
1480 2653 1693 2694 sacram
1740 2651 1795 2697 et
1842 2641 2049 2701 saluta-

482 2724 596 2769 rem
649 2730 863 2774 crucem
899 2731 981 2777 est
1012 2740 1029 2783 :
1072 2725 1209 2781 adeo
1238 2743 1334 2783 cor
1362 2730 1765 2789 adamantinum
1794 2735 2056 2793 ferream-

480 2823 587 2877 que
629 2811 864 2867 animam
889 2831 987 2871 nec
1013 2816 1129 2885 ipsa
1167 2829 1272 2874 tam
1307 2837 1472 2894 prope
1505 2824 1723 2883 admota
1758 2838 1865 2884 tam
1891 2832 2057 2888 vehe-

483 2916 635 2956 mens
656 2900 885 2962 ﬂamma:
916 2908 996 2964 vis
1035 2911 1278 2967 mollivit.
1303 2913 1414 2970 Nec
1439 2918 1689 2974 cessabat
1734 2920 2050 2992 imperator,

482 2992 817 3050 missitandis
835 2997 923 3053 tali
951 3000 1170 3068 periculi
1200 3004 1433 3060 articulo
1462 3009 1769 3067 salubribus
1796 3014 2047 3070 admouic

481 3082 719 3141 tionibus
751 3088 815 3141 ad
843 3090 1111 3159 perditum
1137 3131 1153 3159 ,
1190 3097 1426 3163 experiri
1456 3101 1693 3157 remedia
1722 3117 1966 3160 extrema
1998 3115 2053 3162 et

2154 1990 2253 2045 νῦν
2302 1991 2362 2046 δὲ
2392 1993 2533 2063 πρὸς
2561 1994 2689 2056 τοὺς
2752 1993 3133 2063 παρεστῶτας,
3170 1994 3267 2045 καὶ
3304 1992 3476 2045 πᾶσιν
3508 1989 3584 2052 ὡς
3608 1989 3743 2059 ἀλη-

2157 2084 2267 2147 θῶς
2338 2084 2701 2153 κατεφαίνετο
2761 2083 3059 2155 μεμηνώς·
3124 2084 3220 2137 καὶ
3278 2084 3418 2154 μήτε
3473 2082 3617 2151 πρὸς
3635 2081 3737 2150 τὴν

2159 2179 2441 2250 πυρκαϊὰν
2474 2179 2750 2251 ἑφορμῶν,
2779 2179 2905 2251 μήτ’
2934 2179 3278 2243 ὀπισθόπους
3325 2178 3464 2240 ὅλως
3520 2175 3746 2243 γινόμε-

2158 2291 2271 2337 νος.
2320 2274 2439 2329 ἀλλ’
2474 2273 2746 2345 ἐπεπήγει
2805 2274 2900 2327 καὶ
2950 2273 3210 2340 ἀκίνητος
3273 2266 3341 2342 ἦν
3384 2271 3473 2339 ἐφ’
3519 2262 3584 2322 οὗ
3641 2285 3742 2322 που

2156 2367 2253 2422 καὶ
2286 2367 2355 2422 τὰ
2387 2367 2579 2438 πρῶτα
2620 2365 2981 2421 κατελάϐετο.
3033 2364 3255 2418 Πολλῶν
3283 2363 3341 2416 δὲ
3385 2362 3563 2431 λόγων
3594 2361 3747 2430 ῥεόν-

2155 2478 2267 2515 των
2302 2459 2396 2515 καὶ
2447 2459 2560 2513 τῶν
2596 2458 3000 2530 τερατολογιῶν
3034 2456 3202 2512 αὐτοῦ
3232 2456 3322 2510 διὰ
3352 2454 3540 2523 πάσης
3561 2450 3744 2521 γλὼτο

2155 2569 2258 2624 της
2282 2551 2631 2623 φερομένων,
2666 2550 2955 2612 δείσαντες
2987 2549 3038 2602 οί
3064 2547 3257 2619 δήμιοι
3324 2546 3523 2617 μήπως
3560 2543 3675 2614 ἄρα
3695 2540 3749 2595 οι

2154 2642 2299 2712 ἀμφὶ
2327 2642 2419 2696 τὸν
2468 2642 2754 2696 Βασίλειον
2805 2640 3061 2711 δαίμονες
3120 2637 3327 2693 ἄτοπόν
3356 2654 3409 2690 τι
3440 2650 3747 2706 τερατουρ-

2154 2737 2412 2805 γήσειαν,
2462 2731 2928 2806 παραχωροῦντος
2996 2730 3163 2804 Θεοῦ,⁵
3209 2731 3307 2784 καὶ
3362 2727 3649 2798 ἁλιῦσητος
3678 2728 3745 2780 ἐκ

2158 2826 2329 2896 μέσου
2358 2824 2454 2879 τοῦ
2491 2822 2749 2878 τοσούτου
2796 2823 2969 2893 πυρὸς
2997 2820 3192 2891 ὀφθείη
3225 2822 3254 2874 ὁ
3285 2819 3571 2880 κάκιστος,
3606 2816 3747 2887 πρός

2154 2935 2281 2973 τινα
2311 2918 2477 2972 τόπον
2524 2913 2938 2987 δημοσιώτατον
2966 2913 3287 2984 ἀφιγμένος,
3350 2912 3450 2965 καί
3501 2912 3747 2981 γένηται

2154 3012 2194 3081 ἡ
2221 3010 2450 3079 ἐσχάτη
2474 3007 2680 3076 πλάνη
2718 3010 2925 3078 χεῖρον
2942 3004 2987 3039 ⁸⁸
3046 3003 3161 3075 τῆς
3206 3004 3468 3073 πρώτης,
3512 3003 3745 3073 δοκιμα-

2171 3102 2295 3156 σίαν
2345 3103 2470 3155 τινὰ
2518 3101 2706 3166 ἔδοξαν
2765 3098 3121 3172 ποιήσασθαι·
3176 3097 3611 3167 τερατευομένου
3636 3095 3748 3165 γὰρ

481 3190 763 3245 supremas
803 3195 926 3249 spes
950 3192 1179 3241 tentare.
1217 3186 1443 3245 Frustra
1483 3195 1664 3248 omnia
1700 3205 1885 3251 contra
1922 3213 2048 3268 per-

2159 3192 2366 3247 ὲκείνου
2434 3193 2531 3245 καὶ
2585 3191 2883 3261 αὗχοῦντος
2940 3189 3015 3253 ὡς
3076 3191 3139 3243 ὲκ
3198 3189 3371 3259 μέσου
3425 3186 3520 3241 τοῦ
3573 3186 3747 3255 πυρὸς

485 3267 737 3322 tinaciam
774 3272 1151 3343 durissimam;
1214 3293 1337 3334 nam
1396 3281 1513 3338 sive
1553 3282 1769 3351 objectu
1796 3267 2061 3345 discrimi-

483 3358 571 3414 nis
624 3364 851 3418 extremi
910 3366 1059 3421 furor
1102 3369 1375 3437 hominem
1433 3378 1694 3448 corripuit
1745 3381 2054 3451 maximus;

484 3450 598 3509 sive
649 3453 792 3509 Inter
857 3455 1071 3513 diversa
1141 3461 1315 3531 posito
1388 3479 1483 3520 sua
1541 3466 1655 3536 ipsa
1724 3472 2059 3538 perturbatio

487 3544 685 3599 tuentis
720 3548 897 3603 anxia:
942 3550 1226 3607 arbitrium
1270 3555 1501 3628 eligendi
1546 3562 1897 3631 praepedivit;
1945 3564 2061 3621 sive

488 3632 653 3704 (quod
700 3639 912 3695 videtur
940 3643 1313 3719 verisimilius)
1346 3649 1437 3720 qui
1476 3652 1595 3722 ejus
1622 3664 1857 3712 mentem
1890 3671 2059 3712 occlto

484 3725 649 3793 pabat
676 3729 847 3787 malus
875 3732 1084 3791 daemon
1119 3738 1475 3800 densissimas
1522 3746 1570 3801 ei
1610 3750 1871 3816 quasdam
1905 3759 2059 3808 tene-

487 3816 613 3874 bras
647 3821 856 3887 on‘udit,
890 3830 1134 3887 constitit
1174 3835 1240 3890 ad
1290 3835 1466 3893 minas
1499 3849 1808 3911 metumque
1840 3858 2057 3901 omnem

488 3910 734 4001 obstipus
773 3916 927 3972 bruta
969 3923 1320 3992 stupiditate,
1355 3928 1597 3999 nihilque
1639 3910 1851 3989 consilii
1891 3950 2060 4001 expe-

488 3999 642 4098 diens
697 4004 927 4064 Basilius
965 4012 1090 4081 hic,
1132 4018 1411 4074 sordidum
1464 4034 1626 4094 caput
1684 4040 1749 4082 ac
1805 3999 2061 4098 desputa-

488 4091 634 4161 bile;
683 4112 823 4154 nunc
855 4104 1073 4170 quidem
1120 4108 1487 4170 inhiabundus
1517 4091 1706 4186 pyram
1750 4091 1937 4175 versus
1973 4121 2061 4177 in-

488 4186 608 4239 sani
641 4203 790 4244 more
825 4209 840 4246 :
871 4209 1016 4251 nunc
1043 4198 1107 4251 ad
1132 4209 1369 4258 astantes
1398 4206 1511 4273 pari
1538 4208 1718 4264 vultus
1741 4207 1881 4266 imde
1910 4214 2064 4269 hian-

491 4277 561 4332 tis
583 4278 925 4341 deformitate
951 4302 1008 4343 se
1036 4289 1361 4361 obvertens;
1389 4298 1671 4369 palamque
1698 4301 1863 4375 ἥ,θά
1889 4307 2064 4361 omni-

488 4368 593 4425 bus
631 4373 873 4431 stultitia:
914 4390 1061 4436 certa
1096 4398 1207 4438 sum
1235 4387 1556 4446 documenta
1584 4368 1898 4453 iexhib'en-s.
1964 4399 2060 4454 Cui

488 4476 667 4531 neque
713 4467 925 4525 animus
969 4472 1035 4526 ad
1077 4476 1440 4534 accedendqu
1495 4498 1708 4555 rogum,
1756 4503 1856 4544 nec
1894 4489 2054 4545 ﬁxum

489 4557 864 4614 retrocedendi
912 4565 1197 4621 consilium
1224 4580 1369 4626 esset
1403 4591 1417 4628 :
1449 4574 1542 4629 sed
1577 4578 1730 4645 quasi
1780 4581 2056 4652 utrimque

490 4654 714 4714 tractus,
748 4648 958 4711 libratis
989 4660 1311 4725 procedendi
1337 4672 1391 4717 et
1414 4669 1786 4725 retrocedendi
1818 4648 2063 4739 impulsi-

488 4737 610 4801 bus,
630 4742 823 4835 stolide
861 4748 1114 4835 stupidus
1149 4751 1203 4805 in
1235 4754 1411 4809 medio
1446 4757 1707 4824 haerebat,
1744 4760 1799 4815 in
1832 4737 2062 4835 vestigio

489 4830 632 4894 quod
681 4830 822 4885 forte
862 4833 1095 4901 primum
1131 4838 1488 4910 impresserat
1521 4846 1751 4905 deﬁxus.
1785 4850 1920 4905 Cum
1967 4830 2063 4909 au-

492 4926 596 4971 tem
634 4921 798 4976 multa
831 4926 1142 4984 nuntiorum
1176 4932 1517 5000 imperatoris
1553 4941 1722 4995 surdo
1755 4945 2063 4999 canentium

492 5007 653 5103 verba
723 5015 1120 5087 perderentur;
1177 5024 1488 5097 celebrique
1531 5038 1641 5084 tum
1694 5033 1929 5089 maxime
1967 5049 2065 5103 per

490 5100 767 5159 concionis
807 5119 904 5161 ora
952 5109 1354 5175 circumstantis
1438 5123 1713 5181 mentione
1762 5128 2064 5198 prestigia-

492 5205 609 5245 rum
645 5193 804 5265 hujus
840 5202 1008 5270 senis,
1044 5209 1419 5280 minarumque
1456 5229 1597 5285 saepe
1627 5233 1693 5271 ex
1742 5193 1809 5275 eo
1859 5193 2066 5277 audita-

491 5300 636 5379 rum,
686 5291 883 5357 quibus
934 5297 1283 5366 spondebat:
1336 5319 1459 5361 sese
1490 5310 1771 5376 geniorum
1806 5325 1908 5379 ope
1955 5312 2061 5368 sibi

490 5373 786 5437 faventium
820 5385 1151 5453 quibuslibet
1187 5406 1218 5447 e
1253 5394 1413 5453 malis
1461 5373 1800 5456 evolaturum
1845 5373 2066 5458 Iincolu-

493 5481 663 5524 mem:
701 5474 857 5528 veriti
885 5478 1083 5548 quibus
1112 5486 1436 5556 supplicium
1470 5491 1709 5549 damnati
1768 5494 2063 5552 demanda-

625 5650 768 5709 Psal.
796 5672 926 5724 xxx,
960 5659 1014 5726 7,
1038 5659 1093 5715 8.

2160 3283 2441 3354 ἀλώὃητος
2500 3283 2829 3355 ὀφθήσεται.
2893 3281 3321 3350 Ἀναλαϐόμενοι
3376 3278 3473 3332 τὸν
3497 3278 3747 3349 μανδὺαν

2159 3374 2328 3431 αὐτοῦ
2356 3374 2587 3446 ἔφασαν,
2619 3377 2694 3440 ὡς
2727 3376 2960 3446 Ἰδωμεν
2999 3374 3050 3428 εί
3104 3374 3181 3445 μὴ
3206 3373 3316 3425 τῶν
3353 3371 3465 3425 σῶν
3501 3371 3746 3453 ,ἀμφίων

2159 3468 2359 3539 ἅψεται
2384 3466 2446 3522 τδ
2477 3468 2611 3539 πῦρ,
2676 3468 2771 3521 καὶ
2819 3466 3173 3539 παραχρῆμα
3192 3466 3274 3528 είς
3311 3464 3483 3535 μέσον
3507 3462 3747 3533 ἔρριψαν

2157 3564 2259 3634 τῆς
2284 3561 2543 3633 καμίνου.
2601 3561 2661 3615 '0
2693 3560 2795 3631 μὲν
2844 3557 2942 3615 οὖν
2995 3557 3283 3621 Βασίλειος
3333 3557 3430 3610 ἐπὶ
3482 3555 3744 3610 τοσοῦτον

2159 3654 2426 3723 ὲγάννυτο
2446 3653 2552 3707 ὑπὸ
2583 3652 2681 3708 τοῦ
2712 3651 3103 3719 ὲξαπατῶντος
3128 3650 3295 3704 αὑτὸν
3333 3649 3615 3717 δαίμονος,
3655 3645 3749 3700 λέ-

2160 3764 2273 3816 γων
2301 3746 2377 3811 ὡς
2391 3744 2589 3814 ’(λοᾶτε
2620 3746 2727 3799 τὸν
2742 3744 3028 3814 pardum-
3041 3744 3130 3809 εις
3145 3742 3290 3810 ἀέρα
3311 3739 3743 3809 ἀνιπτάμενον.

2162 3840 2226 3892 Oi
2258 3838 2316 3892 δὲ
2344 3839 2407 3891 ἐκ
2453 3836 2549 3891 τοῦ
2577 3837 2892 3908 κρασπέδου
2918 3836 2981 3889 τὸ
3006 3834 3238 3903 ὕφασμα
3280 3833 3747 3901 κατανοήσαντες,

2166 3930 2407 4003 ἄραντες
2427 3923 2579 3984 ὦσαν
2598 3930 2767 3984 αὑτὸν
2796 3929 2981 3990 αὐτοῖς
3010 3925 3252 3998 ἱματίοις
3276 3926 3374 3979 καὶ
3399 3922 3747 3992 ὑποδήμασιν

2163 4023 2242 4087 είς
2271 4023 2332 4077 τδ
2389 4023 2564 4094 μέσον
2619 4024 2721 4092 τῆς
2780 4020 3057 4091 καμίνουο
3116 4019 3214 4073 καὶ
3274 4016 3530 4072 τοσοῦτον
3556 4014 3748 4087 ὥσπερ

2164 4114 2291 4169 κατ’
2310 4113 2479 4168 αὐτοῦ
2504 4112 2821 4184 θυμουμένη
2851 4111 2884 4182 ἠ
2911 4110 3045 4178 φλὸξ
3073 4107 3401 4179 διεσοσκήθη
3434 4108 3527 4160 τὸν
3573 4105 3748 4173 ἀσεϐῆ

2163 4207 2304 4261 ὥστε
2372 4205 2507 4277 μηδὲ
2558 4204 2792 4258 κνίσσαν
2845 4201 2971 4255 τινὰ
3022 4200 3305 4270 γενὲσθαι,
3365 4198 3502 4269 μηδὲ
3538 4196 3750 4257 καπνοῦ

2162 4316 2305 4363 τινος
2336 4296 2687 4366 καινοτομίαν
2725 4297 2941 4367 ἑτέραν,
2987 4293 3102 4349 ἀλλ’
3130 4293 3164 4365 ἢ
3211 4292 3373 4362 μόνον
3400 4291 3605 4360 λεπτὴν
3626 4306 3754 4343 τινα

2162 4389 2429 4462 γραμμὴν
2485 4388 2756 4456 καπνώδη
2836 4387 3078 4457 φανῆναι
3144 4385 3288 4439 κατὰ
3338 4384 3400 4438 τὸ
3460 4383 3625 4453 μέσον
3649 4383 3754 4450 τῆς

2165 4482 2384 4552 φλογός·
2418 4480 2517 4534 καὶ
2566 4481 2675 4551 γὰρ
2709 4479 2896 4533 καὶτὰ
2925 4481 3169 4549 στοιχεῖα
3193 4476 3339 4531 κατὰ
3388 4476 3499 4530 τῶν
3532 4474 3753 4528 ἀσεὸῶν

2162 4572 2475 4644 ἐπαίρεται.
2524 4572 2773 4625 Φείδεται
2834 4570 2911 4633 ὥς
2961 4587 3026 4639 γε
3071 4568 3121 4623 τ’
3152 4568 3355 4641 ἀληθὲς
3416 4569 3594 4621 είπεῖν
3638 4565 3753 4618 τῶν

2157 4666 2419 4736 θεοφιλῶν
2449 4666 2640 4738 ὥσπερ
2708 4666 2842 4719 ποτε
2888 4662 3167 4736 ὑπεχώρει
3216 4663 3312 4716 καὶ
3338 4659 3606 4715 ὑπείκαθε
3633 4660 3757 4721 τοῖς

2167 4758 2478 4829 θεοφιλέσιν
2510 4759 2744 4822 ἐκείνοις
2778 4756 3017 4820 νεανίαις
3052 4757 3109 4809 ὲν
3128 4753 3543 4818 Βαδυλῶνι,κα“ι
3566 4752 3759 4820 περιέο

2170 4867 2366 4923 στεφεν
2393 4851 2591 4914 αὐτοὺς
2612 4853 2672 4905 τὸ
2713 4850 2825 4921 πῦρ
2850 4850 3105 4920 καθάπερ
3132 4863 3218 4910 τις
3238 4844 3559 4918 χρυσοειδὴς
3586 4844 3760 4897 θάλε-

2163 4961 2284 5015 μος.
2324 4942 2595 4998 Ἐνταῦθα
2642 4943 2700 4997 δὲ
2745 4942 2840 4996 τὸν
2919 4941 3200 5010 ἀλάστορα
3246 4938 3443 4992 τοῦτον
3466 4937 3759 4990 Βασίλειον

2160 5034 2314 5088 οὔπω
2348 5034 2593 5107 ἀκριϐῶς
2612 5035 2663 5088 oi
2691 5032 2885 5088 τοῦτον
2912 5033 3356 5105 μετεωρίσαντες
3389 5026 3559 5099 εἶχον,
3597 5030 3701 5083 καὶ
3721 5030 3754 5097 ἠ

2161 5127 2297 5198 φλὸξ
2321 5128 2496 5182 ἐδόκει
2550 5127 2947 5198 προεκτρέχειν
2982 5126 3070 5196 ἔφ’
3102 5117 3147 5194 ᾧ
3170 5124 3260 5177 τὸν
3289 5123 3529 5192 δυσσεδῆ
3586 5121 3790 5193 ἐξαρεῇ

2164 5222 2357 5278 πάσαι.
2378 5219 2484 5275 Τὸν
2510 5219 2554 5273 δ’
2593 5218 2889 5273 ὑπόλοιπον
2918 5218 3176 5289 ἀριθμὸν,
3203 5217 3322 5270 ὅσοι
3343 5214 3444 5285 τῆς
3469 5214 3760 5275 ἀπωλείας
3786 5236 3791 5287 ς

2159 5310 2302 5384 ἦσαν
2330 5312 2424 5366 τοῦ
2456 5311 2735 5366 Βασιλείου
2796 5309 3162 5380 σφαδάζοντος
3194 5308 3293 5362 τοῦ
3340 5306 3761 5401 παρεστηκότος
3790 5302 3829 5345 \

2167 5401 2301 5455 λαοῦ
2344 5403 2442 5457 καὶ⁸
2502 5400 2831 5472 βιαζομένου
2876 5397 3194 5471 ὲπιῤῥίψειν
3254 5396 3351 5450 καὶ
3394 5394 3599 5455 αὐτοὺς
3682 5394 3762 5458 τῷ

2171 5494 2331 5567 πυρὶ,
2359 5496 2388 5549 ὁ
2448 5492 2807 5564 αὐτοκράτωρ
2832 5490 2894 5545 οὐ
2940 5487 3345 5560 συνεχώρησεν.
3387 5481 3759 5554 Ἐγκλεισθῆ-

1517 5762 1735 5855 ινδιῑω
1758 5763 2073 5855 lectiones
2116 5767 2365 5859 exgcod.
2400 5768 2667 5831 Coisliu.

569 5850 614 5883 "
650 5851 876 5917 χεὶρων.
