3960 6588
546 438 685 507 1191
1380 443 1385 449 ’
1854 434 2081 497 ΑΝΝᾹΞ
2116 430 2496 494 ΕΟΜΝΕΝᾸΞ
3646 437 3763 502 1192

535 562 804 631 partibus,
836 561 1117 614 humerum
1152 557 1208 612 in
1242 555 1473 611 alterum
1524 553 1742 624 copiose
1794 560 2110 617 corrtvavu,
2139 596 2148 612 ι

2254 550 2309 601 αἱ
2343 548 2540 619 ἢκουον
2567 547 2677 602 τῶν
2692 547 3025 617 λεγομένων,
3053 551 3145 606 καὶ
3170 552 3283 616 τοῖς
3308 551 3403 607 τοῦ
3426 552 3769 621 Καλλικλέους

554 656 736 722 ibique
762 652 1012 706 detinuit.
1045 649 1191 705 Multi
1228 647 1603 704 statim.acciti
1650 644 2002 706 medicorum,
2034 644 2120 697 ni-

2250 638 2381 707 ιὰγὼ
2416 638 2783 709 συνιτιθέμην
2828 639 3034 709 λόγοις.
3064 642 3185 699 Τῶν
3212 644 3477 700 πλειόνων
3512 646 3555 700 δ’
3584 647 3768 721 δμωςὴ

540 746 614 799 hil
680 744 800 798 inde
852 743 1132 799 sinistrum
1185 740 1412 795 ominati
1465 746 1611 795 sunt.
1668 737 1819 793 Unus
1861 734 2119 790 Nicolaus

2250 731 2409 801 νῆφος
2434 730 2677 802 ἐκράτει.
2716 731 2878 788 Ἀλλὰ
2910 735 3033 788 τότε
3062 734 3126 805 δὴ
3147 736 3268 789 τότε
3283 736 3345 789 τὸ
3378 737 3476 807 μὲν
3510 738 3675 809 ῥεῦμα
3688 743 3770 795 τοῦ

541 835 805 899 Callicles,
841 844 988 888 vates
1050 833 1152 887 heu
1193 832 1359 886 nimis
1388 844 1554 886 verax
1609 845 1625 883 :
1660 826 1799 881 male
1851 841 1910 881 se
1938 826 2118 880 vereri

2250 822 2507 876 ιασιλικοῦ
2527 822 2777 893 σώματος
2790 824 2889 889 τὰς
2908 826 3155 897 συνήθεις
3169 828 3547 898 ἐπικρατῆσαν
3561 830 3771 902 ἡμέρας,

542 927 678 980 dixit
725 940 791 981 ne
824 940 854 979 a
914 934 1173 980 consueto
1203 924 1254 977 in
1287 933 1469 991 partes
1498 930 1754 977 externas
1775 917 1920 971 ﬂuxu
1952 916 2120 971 dedu-

2250 914 2674 987 ιπεμαραίνετο,
2712 919 2808 972 καὶ
2834 919 2971 992 πρὸς
3004 920 3197 989 ὑγείαν
3229 923 3258 975 ό
3288 922 3513 990 κάμνων
3544 923 3772 996 ἐπανῄει.

542 1028 661 1073 ctus
692 1018 907 1083 humor,
935 1029 1099 1087 atque
1133 1017 1185 1070 in
1219 1016 1479 1070 interiora
1504 1011 1871 1076 retrocedens,
1916 1010 2187 1063 funestum
2239 1006 2481 1077 aliquod,
2520 1018 2574 1065 et
2605 1011 2847 1067 remedio
2899 1012 3047 1067 nullo
3096 1015 3461 1085 procurahile,
3510 1015 3561 1069 in
3608 1018 3801 1097 vitalia;

542 1114 758 1185 penitus
793 1110 907 1181 ipsa
941 1111 1143 1165 malum
1195 1109 1536 1177 importaret.
1569 1105 1707 1171 Nos,
1745 1103 1889 1172 quod
1925 1101 2311 1155 aversabamur
2340 1102 2564 1157 credere
2612 1117 2717 1157 non
2768 1105 2946 1174 proni,
2998 1105 3271 1161 Calliclem
3314 1107 3397 1162 sic
3446 1104 3802 1189 disserentem:

546 1209 922 1279 negleximus;
977 1223 1094 1273 nec,
1137 1206 1279 1277 quod
1312 1206 1539 1276 iubebat
1569 1203 1658 1257 ille
1686 1206 1927 1255 actutum
1960 1196 2075 1251 fieri
2110 1213 2232 1253 cum
2257 1198 2702 1254 interminatione
2727 1200 2956 1270 periculi
2979 1202 3179 1271 gravis,
3208 1201 3503 1258 exhaurire
3526 1205 3801 1257 sentinam

544 1301 669 1369 argri
699 1303 942 1369 corporis
977 1299 1276 1368 proiiinatis
1305 1296 1485 1353 statim
1520 1290 1879 1363 purgantibus
1908 1290 2217 1359 pharmacis
2276 1291 2610 1345 curavimus.
2664 1290 3010 1347 Abhorrebat
3047 1297 3116 1347 ah
3177 1292 3450 1361 ejusmodi
3499 1294 3775 1363 potionibus

547 1391 809 1460 majorem
845 1390 901 1443 in
936 1391 1153 1444 modum
1189 1402 1340 1443 meus
1368 1395 1541 1454 pater,
1579 1382 1845 1451 planeque
1878 1381 2138 1435 hactenus
2168 1390 2445 1451 expertem
2499 1380 2849 1437 miseriarum
2898 1383 3085 1438 talium
3130 1384 3296 1439 vitam
3346 1387 3593 1440 duxerat.
3637 1384 3775 1457 497

545 1483 821 1540 Favebant
849 1486 914 1538 ad
970 1486 1081 1537 haec
1114 1484 1231 1551 ejus
1283 1480 1500 1535 fastidio
1530 1491 1593 1530 ac
1624 1474 1997 1529 consuetudini
2033 1474 2223 1528 medici
2254 1474 2580 1545 complures,
2615 1478 2978 1547 princepsque
3034 1477 3178 1533 inter
3220 1492 3411 1531 omnes
3475 1476 3779 1533 Pantechurs

547 1579 797 1642 Michael,
853 1577 945 1647 qui
979 1584 1088 1628 tum
1118 1575 1344 1629 aliarum
1382 1585 1516 1641 pene
1545 1570 1808 1634 omnium,
1843 1577 1955 1623 tum
1985 1567 2101 1636 ejus
2127 1581 2287 1636 quam
2329 1568 2600 1637 praecipue
2648 1567 2927 1624 factitabat
2959 1571 3096 1624 artis
3134 1569 3417 1625 medicina:
3472 1568 3779 1623 consttllissl'

549 1688 667 1727 mus
700 1670 934 1725 habitus.
968 1670 1132 1724 etiam
1190 1665 1518 1735 peculiarem
1562 1664 1806 1716 notitiam
1856 1660 2188 1715 habitudinis
2226 1673 2290 1713 ac
2329 1660 2575 1730 corporis
2608 1661 2784 1716 Alexii
2830 1661 2991 1731 longo
3025 1677 3124 1716 usu
3172 1671 3228 1716 et
3260 1661 3639 1717 observatione
3668 1661 3779 1713 hau-

549 1766 686 1820 sisse
716 1771 947 1831 poterat,
983 1760 1154 1813 multo
1210 1772 1332 1810 cum
1368 1771 1432 1809 eo
1462 1764 1707 1825 tempore
1739 1761 2005 1807 versatus.
2039 1752 2084 1805 Is
2114 1766 2242 1821 ergo
2264 1767 2384 1805 cum
2416 1762 2471 1807 et
2500 1767 2620 1819 sua,
2652 1763 2705 1806 ct
2741 1753 2970 1808 aliorum
3004 1754 3271 1810 sententia
3308 1754 3570 1823 plurium,
3610 1767 3779 1820 purga-

551 1857 699 1910 tione
755 1868 977 1922 prorsus
1009 1849 1376 1913 interdiceret,
1414 1862 1572 1916 quem
1606 1856 1715 1899 tum
1740 1854 1927 1899 contra
1961 1853 2191 1899 cunctos
2214 1860 2353 1899 unus
2380 1845 2559 1899 nitens
2597 1844 2848 1900 Callicles
2897 1846 3186 1901 moveret?
3248 1847 3428 1901 Nihilo
3483 1846 3575 1900 ille
3632 1855 3779 1899 tamen

552 1947 837 2008 insistebat
867 1943 1063 2008 minus,
1093 1956 1159 1994 ex
1192 1946 1367 2004 certa,
1399 1947 1485 2004 ut,
1523 1945 1714 1992 eventa
1751 1943 2145 2000 monstrarunt,
2185 1933 2351 1988 futuri
2380 1934 2741 2003 providentia,
2776 1934 3015 2005 graviter
3048 1936 3365 1999 admonens,
3407 1934 3655 2002 claraque
3679 1950 3785 1988 voce

552 2040 881 2095 denuntians
910 2052 974 2091 ac
1000 2044 1320 2091 contestans
1355 2031 1495 2100 fore,
1529 2042 1587 2086 ut
1621 2030 1664 2086 si
1702 2031 1925 2085 noxium
1960 2028 2237 2083 humorem
2278 2028 2345 2082 ab
2381 2027 2631 2083 articulis
2658 2028 2949 2095 extremis,
2996 2044 3102 2099 quo
3147 2030 3279 2085 ferri
3329 2036 3699 2093 consueverat,
3726 2031 3781 2083 ad

550 2135 839 2191 humerum
871 2144 1033 2199 atque
1058 2131 1123 2182 ad
1148 2126 1347 2181 collum
1382 2126 1602 2193 impune
1631 2122 1853 2185 retrahi,
1897 2120 2236 2187 liberumque
2265 2118 2466 2172 fluxum
2506 2118 2707 2173 habere
2737 2118 3004 2186 sinerent,
3062 2119 3110 2175 is
3160 2135 3254 2191 per
3284 2120 3541 2175 haustum
3592 2120 3787 2190 pharma

549 2245 734 2283 coruzn
765 2225 1109 2296 purgantium
1159 2234 1261 2275 non
1303 2220 1619 2280 exhaustus,
1656 2217 1711 2270 in
1760 2214 1993 2284 aliquam
2035 2210 2487 2281 primigeniarum
2540 2211 2797 2280 partium,
2835 2219 2996 2281 atque
3046 2213 3181 2268 adeo
3217 2213 3269 2267 in
3304 2227 3399 2267 cor
3444 2214 3641 2282 ipsum,
3679 2228 3782 2268 cum

551 2320 891 2391 irreparabili
926 2317 1163 2389 pernicie
1192 2315 1543 2370 redundaret.
1580 2312 1708 2391 Haec
1744 2312 1822 2366 sic
1858 2310 1924 2365 ab
1954 2322 2019 2363 eo
2052 2309 2324 2376 disputata
2374 2320 2474 2376 ego
2502 2306 2617 2376 ipsa
2658 2306 2873 2372 recolo;
2938 2308 3156 2364 interfui
3190 2308 3359 2374 enim,
3390 2309 3605 2364 domina
3641 2319 3791 2364 matre

552 2432 673 2473 mea
707 2416 785 2470 sic
818 2413 1065 2483 jubente,
1097 2417 1259 2477 atque
1303 2408 1439 2462 adeo
1482 2390 1687 2476 praefui
1709 2403 2092 2459 consultationi
2125 2412 2236 2456 tum
2286 2401 2371 2456 isti
2405 2401 2774 2457 medicorum.-
2800 2401 2877 2455 Ac
2908 2402 3129 2458 memini
3166 2418 3249 2458 me
3285 2419 3409 2458 cum
3442 2412 3499 2458 et
3537 2402 3789 2458 Calliclem

554 2516 608 2563 et
639 2512 868 2560 caeteras
890 2516 987 2571 pro
1015 2515 1073 2555 se
1111 2514 1379 2569 quemque
1410 2499 1743 2553 disserentes
1790 2495 2144 2558 audivissem,
2179 2491 2536 2563 persuasione
2566 2492 2775 2562 privata
2812 2493 2865 2548 in
2907 2504 3092 2565 partes
3135 2508 3191 2551 et
3230 2498 3556 2551 sententiam
3584 2496 3795 2553 Calliclii

556 2600 858 2668 abreptam.
895 2579 1185 2649 Prxvaluit
1223 2601 1401 2647 tamen
1435 2588 1819 2657 suffragiorum
1852 2588 1902 2641 in
1932 2585 2267 2641 contrarium
2305 2600 2587 2653 numerus,
2632 2594 2687 2641 et
2726 2584 2962 2656 plurium
2991 2586 3220 2643 calculis
3250 2600 3542 2658 superatus
3581 2603 3661 2647 est
3690 2592 3795 2648 Cal-

555 2690 704 2745 licles
732 2687 872 2742 felici
902 2687 968 2739 ad
1003 2686 1164 2737 breve
1193 2681 1429 2749 spatium
1488 2680 1818 2733 vincentium
1877 2684 2093 2731 eventu.
2131 2672 2411 2742 Siquidem
2443 2674 2668 2729 rheuma
2700 2685 2962 2731 consueto
3009 2676 3218 2732 dierum
3255 2679 3388 2733 orbe
3426 2681 3664 2751 Augusti
3690 2701 3798 2741 cor-

556 2797 691 2853 pore
722 2780 973 2849 potitnm,
1010 2773 1282 2829 remittere
1310 2772 1475 2842 coepit
1506 2771 1797 2841 malignam
1823 2769 1963 2837 vim;
1996 2765 2261 2838 pauloque
2301 2773 2445 2834 post,
2506 2765 2707 2821 sensim
2741 2765 2886 2822 malo
2932 2776 3273 2835 senescente,
3328 2770 3567 2840 pristino
3601 2775 3709 2831 fere
3731 2786 3799 2832 est

557 2892 699 2949 aeger
742 2873 912 2944 vigori
959 2869 1225 2923 redditus.

624 2967 873 3025 Nondum
898 2967 1021 3024 inde
1042 2984 1135 3023 sex
1163 2983 1374 3024 menses
1407 2967 1693 3035 duxerant,
1727 2983 1847 3023 cum
1869 2967 1972 3022 alia
1998 2978 2126 3023 ecce

2299 2960 2453 3015 Οὕτω
2541 2960 2709 3030 μῆνες
2753 2960 3035 3032 παρῆλθον
3073 2961 3154 3026 ἒξ,
3202 2962 3297 3016 καὶ
3336 2962 3584 3035 ὀλέθριον
3613 2966 3804 3040 νόσημα

559 3064 771 3121 sontica
816 3071 870 3116 et
914 3060 1218 3131 periculosa
1269 3061 1585 3132 imperatori
1626 3060 1874 3116 valetudo
1923 3061 2136 3129 incidit,

561 3172 631 3213 ex
680 3168 917 3210 maerore
963 3168 1027 3208 ac
1060 3153 1425 3208 sollicitudine
1458 3151 1640 3207 nimiis
1689 3154 1757 3207 ob
1791 3152 2139 3222 quotidianas

561 3263 724 3301 curas
764 3254 817 3301 et
852 3260 1178 3301 concursum
1209 3246 1490 3299 variorum
1515 3253 1567 3300 et
1597 3247 1841 3317 gravium
1871 3245 2029 3300 simul
2055 3245 2139 3300 in-

564 3338 874 3408 grueutium
903 3337 1266 3405 negotiorum.
1299 3336 1375 3390 De
1404 3337 1504 3389 hoc
1535 3336 1726 3390 morbo
1751 3333 1981 3390 referam
2011 3334 2140 3405 quid

564 3430 684 3498 ipsa
726 3444 793 3483 ex
825 3428 952 3496 aegri
984 3442 1079 3482 ore
1110 3426 1281 3494 ipsius
1306 3428 1501 3496 sacpius
1530 3427 1669 3497 apud
1704 3441 1879 3482 meam
1915 3435 2140 3480 matrem

568 3520 634 3574 de
675 3533 739 3573 co
772 3504 1233 3573 confidentissime
1274 3520 1548 3589 querentis
1587 3533 1770 3573 coram
1811 3517 2139 3589 acceperim.

566 3610 696 3664 llaec
723 3610 839 3679 ejus
870 3610 1037 3664 ferme
1068 3611 1244 3665 oratio
1271 3620 1388 3665 erat
1417 3629 1434 3667 :
1466 3609 1604 3676 Quid
1632 3626 1742 3665 esse
1771 3609 1946 3663 dicam
1969 3625 2143 3664 causa:

566 3703 705 3773 quod
746 3703 873 3754 mihi
910 3702 1024 3769 jam
1056 3703 1282 3773 difﬁcilis
1327 3705 1601 3773 respiratio
1636 3714 1734 3760 est.
1775 3703 1976 3772 Cupido
2009 3718 2145 3772 sirpe

568 3810 648 3848 me
679 3796 891 3848 incessit
936 3796 1235 3863 respirandi
1264 3795 1500 3862 liberius,
1539 3796 1921 3866 hauriendique
1963 3796 2145 3864 copio-

568 3904 685 3942 sum
746 3904 943 3953 acrem,
1000 3904 1150 3957 quem
1209 3887 1473 3941 laboranti
1517 3886 1788 3956 a/fuudam
1830 3896 1877 3941 et
1902 3901 2145 3956 oppresso

572 3979 754 4043 cordi;
800 3990 855 4032 at
905 3994 1020 4032 ecce
1061 3978 1383 4033 intercedens
1432 3980 1605 4033 nescio
1637 3994 1751 4047 qua:
1787 3979 1863 4031 vis
1904 3986 2145 4031 conatum

570 4071 858 4139 intercipit,
896 4071 1167 4140 medioque
1194 4071 1247 4123 in
1278 4072 1470 4139 impetu
1502 4069 1701 4139 frustra
1723 4069 1901 4134 hians,
1934 4070 2022 4122 vis:
2043 4070 2142 4122 ite-

573 4170 692 4212 rata
737 4161 926 4228 strpius
976 4160 1309 4213 contentione
1343 4159 1423 4212 vel
1472 4159 1630 4213 semel
1669 4158 1860 4212 ducere
1900 4159 2148 4227 spiritum

574 4267 707 4322 queo
777 4252 906 4305 satis
944 4250 1173 4320 largum,
1214 4260 1270 4305 ut
1304 4266 1408 4304 non
1448 4249 1627 4304 multis
1665 4249 1903 4318 partibus
1933 4250 2147 4318 deﬁciat

573 4344 638 4395 ab
663 4357 725 4395 ea
755 4342 901 4410 copia
934 4357 1093 4411 quam
1126 4339 1377 4395 anhelans
1409 4341 1689 4411 requireret
1720 4340 1963 4394 obrutum
2012 4356 2103 4393 cor
2128 4355 2148 4394 :

576 4433 659 4483 cui
702 4432 838 4484 velut
874 4432 1156 4501 quamdam
1189 4431 1484 4485 incumbere
1513 4430 1697 4484 molem
1732 4429 1992 4499 lapideam
2024 4446 2150 4499 gra-

576 4521 844 4574 uissimam
885 4522 1051 4573 sentio
1071 4535 1090 4585 ;
1137 4528 1187 4573 et
1228 4535 1291 4573 ea:
1327 4520 1484 4589 hujus
1525 4522 1864 4590 impressione
1906 4521 2150 4589 ponderis

577 4620 781 4679 ceptum
809 4610 1101 4678 suspirium
1130 4609 1409 4679 abrumpi;
1449 4624 1562 4676 nec,
1595 4611 1771 4663 omnia
1834 4611 2153 4679 circumspe-

576 4711 728 4757 ctans
777 4702 921 4769 licet,
945 4716 1246 4771 omnemque
1287 4702 1342 4754 in
1383 4713 1582 4767 partem
1630 4716 1844 4755 versans
1895 4702 2148 4766 animum,

580 4794 904 4848 comminisci
938 4810 1089 4862 queo,
1126 4792 1265 4846 unde
1296 4808 1457 4862 quave
1494 4808 1559 4845 ea:
1581 4809 1742 4846 causa
1776 4792 1830 4846 id
1867 4793 1989 4847 mibi
2012 4793 2152 4847 acci-

587 4887 723 4940 derit
757 4884 1289 4938 incommodum.Est
1332 4893 1379 4936 et
1429 4882 1576 4935 aliud
1621 4882 1733 4951 ejus
1771 4884 1995 4953 generis,
2015 4885 2153 4955 quod

584 4979 681 5033 tibi
710 4993 804 5047 pro
832 4987 1011 5029 nostra
1041 4977 1263 5043 ﬁducia,
1291 4986 1446 5045 caput
1478 4977 1870 5041 charissimam,
1900 4992 2004 5030 una
2028 4994 2156 5045 par-

583 5071 745 5137 ticeps
768 5082 987 5121 casuum
1013 5082 1361 5136 sensuumque
1385 5066 1618 5119 oumium
1643 5082 1895 5133 meorum,
1920 5071 2155 5135 aperiam

584 5162 638 5214 in
670 5175 923 5229 pra'sens.
969 5157 1246 5213 Oscitandi
1275 5158 1581 5227 plermnque
1620 5156 1781 5210 libido
1824 5156 1992 5212 malas
2027 5161 2156 5214 mihi

586 5251 871 5321 disjungit.
927 5249 1191 5304 Caeterum
1252 5258 1513 5302 attractus
1565 5249 1739 5301 hianti
1800 5265 1888 5303 ore
1940 5252 2157 5320 spiritus

587 5340 762 5395 nescio
806 5355 906 5409 quo
949 5340 1330 5392 intercurrente
1374 5339 1678 5405 prohibetur
1716 5338 1880 5403 obice,
1921 5357 1984 5394 ne
2014 5345 2156 5394 intus

585 5442 847 5506 penetret;
887 5436 938 5485 id
977 5434 1115 5503 quod
1155 5433 1285 5484 mihi
1338 5432 1500 5485 nullo
1539 5434 1827 5487 maximam
1865 5445 2006 5488 creat
2048 5452 2159 5490 mo-

586 5526 817 5579 lestiam.
848 5522 984 5588 Quid
1019 5525 1228 5578 tandem
1264 5524 1359 5577 hoc
1396 5526 1490 5588 sit,
1526 5540 1621 5594 age
1652 5526 1898 5590 edissere,
1931 5528 1975 5578 si
2001 5528 2163 5580 nosti.’

2241 3054 2306 3107 ἐκ
2341 3054 2443 3124 τῆς
2484 3050 2689 3121 πολλῆς
2743 3052 2885 3123 τάχα
2944 3052 3191 3123 ἀθυμίας
3246 3054 3355 3108 τῶν
3408 3055 3533 3110 καθ’
3587 3059 3804 3131 ἑκάστην

2240 3144 2701 3217 προσπιπτόντων
2756 3144 2906 3217 αὐτῷ
2937 3146 3033 3200 καὶ
3063 3145 3167 3215 τῆς
3214 3148 3439 3203 συνόδου
3482 3150 3595 3204 τῶν
3626 3155 3804 3207 κοινῶν

2250 3237 2553 3308 φροντίδων
2578 3234 2916 3307 ξυμόἐὸηκε.
2943 3238 3057 3293 Καὶ
3083 3239 3282 3310 ἤκουον
3308 3241 3477 3296 αὑτοῦ
3510 3244 3663 3313 θαμὰ
3686 3246 3808 3317 πρὸς

2240 3327 2339 3397 τὴν
2386 3326 2633 3397 βασιλίδα
2688 3326 3053 3399 διηγουμένου
3093 3330 3189 3382 καὶ
3224 3324 3337 3385 οἷον
3388 3332 3808 3400 ὲπεγκαλοῦντος

2243 3418 2378 3490 αὐτῇ
2423 3419 2486 3474 sb
2532 3420 2775 3491 νόσημα’
2814 3422 2872 3474 Tt’
2902 3419 3034 3475 ποτ’
3067 3421 3185 3491 ἄρα
3227 3423 3296 3477 τὸ
3334 3426 3680 3494 συμϐαῖνόν
3718 3446 3809 3498 μοι

2243 3512 2376 3581 περὶ
2407 3510 2522 3580 τὴν
2570 3512 2895 3582 ἀναπνοὴν
2928 3514 3153 3582 πάθος;
3191 3517 3496 3588 Βούλομαι
3540 3520 3654 3589 γὰρ
3683 3522 3809 3575 ἀνα-

2244 3603 2505 3658 πνεῦσαι
2534 3604 2698 3669 βαθὺ
2733 3605 2831 3659 καὶ
2858 3606 3098 3674 ἀθρόον,
3125 3607 3225 3663 καὶ
3252 3603 3383 3663 οἷον
3418 3611 3809 3681 κουφισθῆνιιι

2242 3695 2357 3763 τῆς
2401 3696 2748 3765 ἐγκειμένης
2789 3698 2967 3764 ἀνίας
2993 3698 3063 3751 ἐν
3103 3698 3179 3769 τῇ
3217 3701 3453 3770 καρδίᾳ.
3530 3704 3713 3758 Τοῦτο
3755 3705 3812 3757 δὲ

2245 3786 2542 3854 πολλάκις
2574 3788 2891 3858 ἐπιχειρῶν
2930 3790 3074 3845 οὐδὲ
3102 3791 3266 3858 ἅπαξ
3298 3795 3557 3865 δύναμαι
3600 3801 3807 3851 50.1.10-

2248 3879 2583 3948 στημόμον
2609 3879 2962 3951 ἀναπέμψαι
2985 3883 3091 3937 τοῦ
3123 3882 3541 3955 ἐπιθλίϐοντος
3570 3891 3809 3960 βάρους,

2246 3972 2314 4025 τὸ
2337 3971 2389 4024 δ’
2412 3971 2733 4027 ἐπίλοιπον
2761 3974 3027 4042 καθάπερ
3058 3993 3148 4043 τις
3182 3979 3355 4046 λίθος
3386 3981 3687 4038 ἐπίκειταί
3705 4002 3808 4053 μου

2245 4062 2319 4130 τῇ
2372 4063 2584 4131 καρδίᾳ
2617 4064 2987 4134 βαρύτατος,
3025 4068 3343 4140 ἀνακοπῆς
3380 4073 3449 4126 ἐν
3489 4074 3570 4139 τῷ
3593 4077 3807 4145 μετεξὺ

2246 4154 2577 4226 γενομένης
2606 4155 2711 4210 τοῦ
2742 4160 3110 4229 στεναγμοῦ,
3151 4161 3251 4216 καὶ
3298 4163 3412 4232 τὴν
3448 4167 3652 4221 αιτίαν
3681 4184 3812 4223 συν-

2251 4247 2401 4302 ιδεῖν
2466 4250 2579 4302 οὐκ
2634 4248 2712 4303 ἂν
2747 4250 2969 4319 ἔχοιμι,
3024 4252 3150 4306 οὐδ’
3188 4256 3408 4310 ὁπόθεν
3433 4257 3502 4311 τὸ
3559 4261 3814 4315 τοιοῦτον

2250 4338 2441 4406 πάθος
2472 4339 2771 4410 ἐγγίνεται
2811 4358 2936 4410 μοι.
2976 4344 3087 4398 Kal
3118 4343 3274 4413 ᾅλλο
3300 4347 3369 4402 δέ
3396 4366 3452 4404 τι
3480 4363 3811 4422 προσανατ-

2252 4430 2463 4501 Teum,
2503 4430 2757 4501 φιλτάτη
2798 4434 2969 4502 ψυχὴ
2994 4437 3242 4490 κοινωνὲ
3282 4437 3403 4493 τῶν
3429 4440 3591 4512 ἐμῶν
3624 4444 3814 4499 παθῶν

2253 4522 2356 4577 καὶ
2397 4523 2857 4593 βουλευμάτων,
2906 4525 3117 4596 χάσμα
3170 4531 3470 4598 πολλάκις
3514 4533 3814 4604 ἐπέρχεταί

2248 4632 2384 4685 μοι,
2419 4613 2522 4668 καὶ
2565 4613 3041 4685 διακοπτόμενον
3091 4617 3162 4672 ἐν
3214 4618 3295 4685 τῷ
3320 4622 3553 4689 μεταξὺ
3605 4624 3674 4678 τὸ
3707 4629 3816 4679 εισ-

2255 4706 2594 4775 πνεόμενον
2653 4704 2890 4775 πνεῦμα
2944 4711 3249 4778 μεγίστην
3309 4729 3413 4780 μοι
3472 4713 3588 4783 τὴν
3650 4716 3815 4770 ἀνίαν

2254 4796 2483 4868 ἐπάτει.
2541 4797 2603 4852 Τί
2650 4810 2795 4853 ποτε
2843 4797 2999 4853 ἄλλο
3048 4800 3115 4854 τὸ
3165 4807 3513 4860 καταλαόόν
3541 4824 3615 4875 με
3657 4808 3815 4862 τοῦτο

2254 4887 2481 4954 δεινὸν,
2518 4890 2572 4943 ει
2598 4883 2800 4956 οἶδας,
2847 4888 3161 4959 φράζεηἮ
3193 4892 3249 4945 δέ
3301 4910 3364 4961 γε
3398 4894 3628 4965 βασιλὶς,
3662 4898 3813 4951 ταῦτα

2257 4980 2535 5036 ἀκούουσα
2588 4981 2686 5035 καὶ
2736 4980 2883 5053 ἅπερ
2929 4983 3141 5047 ἐκεῖνος
3192 4984 3393 5055 πάσχει
3443 4988 3575 5059 παρ’
3619 4990 3815 5042 ἐκείνου

2259 5074 2635 5144 μανθάνουσα,
2681 5073 2853 5129 ἐδόκει
2899 5074 3001 5145 μὲν
3031 5071 3174 5129 εἷναι
3214 5077 3388 5149 αὐτῆς
3422 5081 3489 5134 τὰ
3524 5080 3700 5152 πάθη,
3736 5081 3816 5132 καὶ

2259 5163 2447 5235 ὥσπερ
2484 5165 2904 5234 ἁνακοπτομένη
2931 5165 3026 5218 καὶ
3054 5165 3191 5239 αὐτὴ
3222 5167 3317 5222 τοῦ
3352 5168 3655 5239 ἄσθματος,
3690 5169 3819 5222 οὕτω

2255 5257 2491 5310 διέκειτο
2538 5256 2674 5327 πρὸς
2719 5257 2844 5317 τοὺς
2882 5256 3073 5325 λόγους
3110 5258 3206 5313 τοῦ
3252 5260 3694 5332 αὐτοκράτορος.
3728 5264 3819 5314 Συ·

2260 5352 2401 5421 χνῶς
2455 5350 2513 5403 δὲ
2571 5342 2695 5412 τοῦς
2748 5351 3124 5419 ἐπιστήμονας
3181 5357 3656 5427 μεταπεμπομένη
3717 5356 3819 5408 τῶν

2264 5438 2487 5509 ἰατρῶν,
2537 5438 2596 5489 τὸ
2647 5437 2741 5490 τοῦ
2795 5439 3107 5509 νοσήματος
3162 5439 3303 5506 εἶδος
3356 5446 3819 5518 πολυπραγμονεῖν

2260 5528 2624 5599 ἠναγκάζετο,
2722 5530 2816 5581 καὶ
2870 5530 2979 5582 τῶν
3047 5531 3235 5586 αἰτίων
3295 5535 3364 5589 τὰ
3418 5540 3654 5609 προσεχῆ
3740 5540 3821 5590 καὶ

588 5604 684 5670 llis
716 5606 953 5681 Augusta
988 5614 1166 5669 verbis
1194 5632 1299 5670 non
1325 5616 1496 5671 solum
1526 5617 1851 5671 edocebatur
1880 5618 1944 5669 de
1974 5623 2148 5673 morbo

2260 5623 2329 5673 τὰ
2414 5623 2606 5693 πόρρω
2682 5622 2864 5691 ᾐτεῖτο
2958 5624 3168 5693 μαθεῖν.
3246 5628 3308 5680 0i
3375 5604 3475 5696 δὲ,
3537 5604 3820 5701 τὴννχεὶρα

589 5707 891 5777 languentis
924 5708 1170 5776 Augusti,
1218 5725 1399 5763 verum
1438 5710 1563 5765 illud
1595 5713 1764 5781 ipsum
1790 5710 1957 5782 498
1990 5713 2149 5781 quasi

588 5802 770 5854 auditu
822 5799 873 5852 itt
925 5814 983 5855 se
1021 5816 1235 5869 quoque
1278 5813 1651 5874 propagatum,
1706 5810 1907 5858 sentire
1953 5806 2147 5859 malum

2260 5718 2377 5777 ταῖς
2448 5714 2718 5785 ,ἀρτηρίαι
2732 5732 2747 5773 ;
2807 5715 3207 5782 ἐπιϐάλλοντες,
3280 5719 3517 5789 ἔμφασιν
3566 5727 3813 5775 παντοίου

2260 5809 2432 5871 εἴδους
2512 5805 2809 5873 ἁνομαλίας
2843 5807 2889 5838 ⁵ο
2948 5809 3086 5863 κατὰ
3138 5811 3314 5864 πᾶσαν
3380 5813 3477 5883 τῆς
3559 5815 3815 5884 ἀρτηρίας

1630 5899 1827 5963 Variae
1858 5901 2164 5968 lectiones
2191 5922 2267 5969 cx
2305 5904 2446 5968 cod.
2495 5898 2768 5963 Cuislin.

663 5967 710 6003 ”
742 5967 1078 6039 ἀνωμαλίας.
