  <div class='ocr_page' id='page_1' title='image "/cluster/home/n/w/nwhite01/storage/ocr_20150623/131/hvd.32044019208263/626.png"; bbox 0 0 3960 6654; ppageno 0'>
   <div class='ocr_carea' id='block_1_1' title="bbox 231 456 361 524">
    <p class='ocr_par' dir='ltr' id='par_1_1' title="bbox 231 456 361 524">
     <span class='ocr_line' id='line_1_1' title="bbox 231 456 361 524; baseline -0.038 0"><span class='ocrx_word' id='word_1_1' title='bbox 231 456 361 524; x_wconf 72' lang='lat'><strong>1193</strong></span> 
     </span>
    </p>
   </div>
   <div class='ocr_carea' id='block_1_2' title="bbox 1480 440 2230 532">
    <p class='ocr_par' dir='ltr' id='par_1_2' title="bbox 1480 440 2230 532">
     <span class='ocr_line' id='line_1_2' title="bbox 1480 440 2230 532; baseline -0.008 -24"><span class='ocrx_word' id='word_1_2' title='bbox 1480 442 1892 507; x_wconf 82' lang='lat' dir='ltr'><strong>ALEXIADIS</strong></span> <span class='ocrx_word' id='word_1_3' title='bbox 1922 441 2069 532; x_wconf 67' lang='lat' dir='ltr'><strong>Lm,</strong></span> <span class='ocrx_word' id='word_1_4' title='bbox 2107 440 2230 503; x_wconf 87' lang='lat' dir='ltr'><strong>xv.</strong></span> 
     </span>
    </p>
   </div>
   <div class='ocr_carea' id='block_1_3' title="bbox 3343 439 3478 512">
    <p class='ocr_par' dir='ltr' id='par_1_3' title="bbox 3343 439 3478 512">
     <span class='ocr_line' id='line_1_3' title="bbox 3343 439 3478 512; baseline 0.022 -3"><span class='ocrx_word' id='word_1_5' title='bbox 3343 439 3478 512; x_wconf 70' lang='grc' dir='ltr'>ιιειι</span> 
     </span>
    </p>
   </div>
   <div class='ocr_carea' id='block_1_4' title="bbox 232 548 1823 639">
    <p class='ocr_par' dir='ltr' id='par_1_4' title="bbox 232 560 1808 639">
     <span class='ocr_line' id='line_1_4' title="bbox 232 560 1808 639; baseline -0.007 -15"><span class='ocrx_word' id='word_1_6' title='bbox 232 574 444 639; x_wconf 82' lang='grc' dir='ltr'>κίνησιν</span> <span class='ocrx_word' id='word_1_7' title='bbox 479 567 759 639; x_wconf 75' lang='grc' dir='ltr'><strong>εὑρίσκειν</strong></span> <span class='ocrx_word' id='word_1_8' title='bbox 784 562 1189 637; x_wconf 79' lang='grc' dir='ltr'>ἀνωμολόγουν,</span> <span class='ocrx_word' id='word_1_9' title='bbox 1216 561 1274 614; x_wconf 73' lang='grc' dir='ltr'><strong>τὸ</strong></span> <span class='ocrx_word' id='word_1_10' title='bbox 1298 560 1342 615; x_wconf 78' lang='grc' dir='ltr'>δ’</span> <span class='ocrx_word' id='word_1_11' title='bbox 1369 560 1543 614; x_wconf 79' lang='grc' dir='ltr'>αἴτιον</span> <span class='ocrx_word' id='word_1_12' title='bbox 1576 561 1808 615; x_wconf 81' lang='grc' dir='ltr'><strong>συνιδεῖν</strong></span> 
     </span>
    </p>
   </div>
   <div class='ocr_carea' id='block_1_5' title="bbox 1927 548 3481 639">
    <p class='ocr_par' dir='ltr' id='par_1_5' title="bbox 1932 548 3481 627">
     <span class='ocr_line' id='line_1_5' title="bbox 1932 548 3481 627; baseline -0.005 -17"><span class='ocrx_word' id='word_1_13' title='bbox 1932 571 2026 627; x_wconf 89' lang='lat' dir='ltr'><strong>psa</strong></span> <span class='ocrx_word' id='word_1_14' title='bbox 2062 556 2379 610; x_wconf 86' lang='lat' dir='ltr'><strong>videbatur:</strong></span> <span class='ocrx_word' id='word_1_15' title='bbox 2426 565 2626 607; x_wconf 82' lang='lat' dir='ltr'><strong>arcana</strong></span> <span class='ocrx_word' id='word_1_16' title='bbox 2664 550 2713 607; x_wconf 92' lang='lat' dir='ltr'><strong>vi</strong></span> <span class='ocrx_word' id='word_1_17' title='bbox 2755 548 2957 607; x_wconf 86' lang='lat' dir='ltr'><strong>amoris</strong></span> <span class='ocrx_word' id='word_1_18' title='bbox 2988 548 3187 614; x_wconf 90' lang='lat' dir='ltr'><strong>intimi,</strong></span> <span class='ocrx_word' id='word_1_19' title='bbox 3221 548 3370 617; x_wconf 80' lang='lat' dir='ltr'><strong>cujus</strong></span> <span class='ocrx_word' id='word_1_20' title='bbox 3401 559 3481 611; x_wconf 83' lang='lat' dir='ltr'><strong>est</strong></span> 
     </span>
    </p>
   </div>
   <div class='ocr_carea' id='block_1_6' title="bbox 227 652 1797 727">
    <p class='ocr_par' dir='ltr' id='par_1_6' title="bbox 227 652 1797 727">
     <span class='ocr_line' id='line_1_6' title="bbox 227 652 1797 727; baseline -0.006 -14"><span class='ocrx_word' id='word_1_21' title='bbox 227 661 321 713; x_wconf 84' lang='grc' dir='ltr'><strong>ούκ</strong></span> <span class='ocrx_word' id='word_1_22' title='bbox 351 655 499 727; x_wconf 81' lang='grc' dir='ltr'>εἶχον</span> <span class='ocrx_word' id='word_1_23' title='bbox 520 661 625 727; x_wconf 81' lang='grc' dir='ltr'><strong>ὅπη</strong></span> <span class='ocrx_word' id='word_1_24' title='bbox 652 658 781 726; x_wconf 75' lang='grc' dir='ltr'>μηδὲ</span> <span class='ocrx_word' id='word_1_25' title='bbox 824 656 920 727; x_wconf 81' lang='grc' dir='ltr'>τὴν</span> <span class='ocrx_word' id='word_1_26' title='bbox 951 655 1043 707; x_wconf 78' lang='grc' dir='ltr'>τοῦ</span> <span class='ocrx_word' id='word_1_27' title='bbox 1082 654 1348 725; x_wconf 78' lang='grc' dir='ltr'>βασιλέως</span> <span class='ocrx_word' id='word_1_28' title='bbox 1403 654 1614 706; x_wconf 82' lang='grc' dir='ltr'>δίαιταν</span> <span class='ocrx_word' id='word_1_29' title='bbox 1664 652 1797 716; x_wconf 63' lang='grc' dir='ltr'>ἡπί-</span> 
     </span>
    </p>
   </div>
   <div class='ocr_carea' id='block_1_7' title="bbox 232 744 1804 818">
    <p class='ocr_par' dir='ltr' id='par_1_7' title="bbox 232 744 1804 818">
     <span class='ocr_line' id='line_1_7' title="bbox 232 744 1804 818; baseline -0.007 -12"><span class='ocrx_word' id='word_1_30' title='bbox 232 770 445 817; x_wconf 81' lang='grc' dir='ltr'>σταντο,</span> <span class='ocrx_word' id='word_1_31' title='bbox 491 752 626 805; x_wconf 83' lang='grc' dir='ltr'><strong>ἀλλά</strong></span> <span class='ocrx_word' id='word_1_32' title='bbox 679 751 821 803; x_wconf 76' lang='grc' dir='ltr'>πάνυ</span> <span class='ocrx_word' id='word_1_33' title='bbox 879 748 1338 818; x_wconf 78' lang='grc' dir='ltr'><strong>σωφρονεστάτην</strong></span> <span class='ocrx_word' id='word_1_34' title='bbox 1389 746 1481 800; x_wconf 73' lang='grc' dir='ltr'>καὶ</span> <span class='ocrx_word' id='word_1_35' title='bbox 1518 744 1673 815; x_wconf 74' lang='grc' dir='ltr'>λιτὴν</span> <span class='ocrx_word' id='word_1_36' title='bbox 1709 744 1804 797; x_wconf 60' lang='grc' dir='ltr'><strong>καὶ⁹</strong></span> 
     </span>
    </p>
   </div>
   <div class='ocr_carea' id='block_1_8' title="bbox 229 837 1801 912">
    <p class='ocr_par' dir='ltr' id='par_1_8' title="bbox 229 837 1801 912">
     <span class='ocr_line' id='line_1_8' title="bbox 229 837 1801 912; baseline -0.006 -15"><span class='ocrx_word' id='word_1_37' title='bbox 229 844 359 907; x_wconf 82' lang='grc' dir='ltr'>ὅλως</span> <span class='ocrx_word' id='word_1_38' title='bbox 411 846 685 912; x_wconf 74' lang='grc' dir='ltr'>γυμνικήν</span> <span class='ocrx_word' id='word_1_39' title='bbox 730 860 789 895; x_wconf 89' lang='grc' dir='ltr'><strong>τε</strong></span> <span class='ocrx_word' id='word_1_40' title='bbox 844 842 939 895; x_wconf 74' lang='grc' dir='ltr'>καὶ</span> <span class='ocrx_word' id='word_1_41' title='bbox 994 838 1421 911; x_wconf 82' lang='grc' dir='ltr'>στρατιωτικὴν.</span> <span class='ocrx_word' id='word_1_42' title='bbox 1481 837 1801 908; x_wconf 80' lang='grc' dir='ltr'>ἀπαγορεύ-</span> 
     </span>
    </p>
   </div>
   <div class='ocr_carea' id='block_1_9' title="bbox 234 929 1806 1003">
    <p class='ocr_par' dir='ltr' id='par_1_9' title="bbox 234 929 1806 1003">
     <span class='ocr_line' id='line_1_9' title="bbox 234 929 1806 1003; baseline -0.004 -16"><span class='ocrx_word' id='word_1_43' title='bbox 234 954 397 989; x_wconf 82' lang='grc' dir='ltr'>σαντα</span> <span class='ocrx_word' id='word_1_44' title='bbox 444 935 553 987; x_wconf 82' lang='grc' dir='ltr'><strong>τῶν</strong></span> <span class='ocrx_word' id='word_1_45' title='bbox 606 935 716 987; x_wconf 79' lang='grc' dir='ltr'><strong>ἀπὸ</strong></span> <span class='ocrx_word' id='word_1_46' title='bbox 762 936 861 1003; x_wconf 79' lang='grc' dir='ltr'>τῆς</span> <span class='ocrx_word' id='word_1_47' title='bbox 918 931 1185 1003; x_wconf 81' lang='grc' dir='ltr'><strong>περιττῆς</strong></span> <span class='ocrx_word' id='word_1_48' title='bbox 1242 931 1454 1001; x_wconf 76' lang='grc' dir='ltr'><strong>διαίτης</strong></span> <span class='ocrx_word' id='word_1_49' title='bbox 1510 930 1675 995; x_wconf 84' lang='grc' dir='ltr'>ὑλῶν,</span> <span class='ocrx_word' id='word_1_50' title='bbox 1726 929 1806 992; x_wconf 83' lang='grc' dir='ltr'><strong>είς</strong></span> 
     </span>
    </p>
   </div>
   <div class='ocr_carea' id='block_1_10' title="bbox 230 1020 1809 1097">
    <p class='ocr_par' dir='ltr' id='par_1_10' title="bbox 230 1020 1809 1097">
     <span class='ocr_line' id='line_1_10' title="bbox 230 1020 1809 1097; baseline -0.004 -16"><span class='ocrx_word' id='word_1_51' title='bbox 230 1029 408 1081; x_wconf 79' lang='grc' dir='ltr'>αἰτίαν</span> <span class='ocrx_word' id='word_1_52' title='bbox 462 1026 627 1096; x_wconf 82' lang='grc' dir='ltr'>ἀλλην</span> <span class='ocrx_word' id='word_1_53' title='bbox 665 1026 732 1080; x_wconf 76' lang='grc' dir='ltr'>τὰ</span> <span class='ocrx_word' id='word_1_54' title='bbox 779 1028 879 1094; x_wconf 77' lang='grc' dir='ltr'>τῆς</span> <span class='ocrx_word' id='word_1_55' title='bbox 938 1024 1303 1097; x_wconf 76' lang='grc' dir='ltr'><strong>στενοχωρίας</strong></span> <span class='ocrx_word' id='word_1_56' title='bbox 1355 1022 1657 1093; x_wconf 77' lang='grc' dir='ltr'>ἀνέφερονο</span> <span class='ocrx_word' id='word_1_57' title='bbox 1711 1020 1809 1075; x_wconf 72' lang='grc' dir='ltr'>καὶ</span> 
     </span>
    </p>
   </div>
   <div class='ocr_carea' id='block_1_11' title="bbox 233 1110 1808 1185">
    <p class='ocr_par' dir='ltr' id='par_1_11' title="bbox 233 1110 1808 1185">
     <span class='ocr_line' id='line_1_11' title="bbox 233 1110 1808 1185; baseline -0.005 -14"><span class='ocrx_word' id='word_1_58' title='bbox 233 1118 710 1185; x_wconf 77' lang='grc' dir='ltr'><strong>προκαταρκτικὸν</strong></span> <span class='ocrx_word' id='word_1_59' title='bbox 734 1115 908 1168; x_wconf 82' lang='grc' dir='ltr'>αἴτιον</span> <span class='ocrx_word' id='word_1_60' title='bbox 936 1115 1167 1185; x_wconf 74' lang='grc' dir='ltr'>ταυτησὶ</span> <span class='ocrx_word' id='word_1_61' title='bbox 1194 1112 1295 1181; x_wconf 81' lang='grc' dir='ltr'>τῆς</span> <span class='ocrx_word' id='word_1_62' title='bbox 1314 1113 1472 1166; x_wconf 74' lang='grc' dir='ltr'>νόσου</span> <span class='ocrx_word' id='word_1_63' title='bbox 1499 1111 1652 1165; x_wconf 79' lang='grc' dir='ltr'>οὐδὲν</span> <span class='ocrx_word' id='word_1_64' title='bbox 1680 1110 1808 1165; x_wconf 78' lang='grc' dir='ltr'>ἄλλο</span> 
     </span>
    </p>
   </div>
   <div class='ocr_carea' id='block_1_12' title="bbox 229 1201 1809 1277">
    <p class='ocr_par' dir='ltr' id='par_1_12' title="bbox 229 1201 1809 1277">
     <span class='ocr_line' id='line_1_12' title="bbox 229 1201 1809 1277; baseline -0.004 -17"><span class='ocrx_word' id='word_1_65' title='bbox 229 1210 437 1275; x_wconf 72' lang='grc' dir='ltr'>ἔλεγον,</span> <span class='ocrx_word' id='word_1_66' title='bbox 468 1208 498 1277; x_wconf 80' lang='grc' dir='ltr'><strong>ἢ</strong></span> <span class='ocrx_word' id='word_1_67' title='bbox 524 1208 623 1276; x_wconf 83' lang='grc' dir='ltr'>τὴν</span> <span class='ocrx_word' id='word_1_68' title='bbox 652 1208 760 1260; x_wconf 81' lang='grc' dir='ltr'>τῶν</span> <span class='ocrx_word' id='word_1_69' title='bbox 795 1205 1095 1275; x_wconf 77' lang='grc' dir='ltr'>φροντίδων</span> <span class='ocrx_word' id='word_1_70' title='bbox 1136 1203 1340 1275; x_wconf 78' lang='grc' dir='ltr'>πολλὴν</span> <span class='ocrx_word' id='word_1_71' title='bbox 1372 1201 1678 1269; x_wconf 73' lang='grc' dir='ltr'>συντονίαν,</span> <span class='ocrx_word' id='word_1_72' title='bbox 1712 1202 1809 1255; x_wconf 68' lang='grc' dir='ltr'>καὶ</span> 
     </span>
    </p>
   </div>
   <div class='ocr_carea' id='block_1_13' title="bbox 228 1295 1809 1369">
    <p class='ocr_par' dir='ltr' id='par_1_13' title="bbox 228 1295 1809 1369">
     <span class='ocr_line' id='line_1_13' title="bbox 228 1295 1809 1369; baseline -0.004 -16"><span class='ocrx_word' id='word_1_73' title='bbox 228 1302 285 1353; x_wconf 77' lang='grc' dir='ltr'>τὸ</span> <span class='ocrx_word' id='word_1_74' title='bbox 317 1299 547 1369; x_wconf 76' lang='grc' dir='ltr'>συνεχὲς</span> <span class='ocrx_word' id='word_1_75' title='bbox 582 1300 676 1352; x_wconf 69' lang='grc' dir='ltr'>καὶ</span> <span class='ocrx_word' id='word_1_76' title='bbox 708 1299 915 1352; x_wconf 66' lang='grc' dir='ltr'>πυκνὸν</span> <span class='ocrx_word' id='word_1_77' title='bbox 945 1297 1055 1351; x_wconf 84' lang='grc' dir='ltr'><strong>τῶν</strong></span> <span class='ocrx_word' id='word_1_78' title='bbox 1084 1296 1338 1366; x_wconf 67' lang='grc' dir='ltr'>θλίψεων,</span> <span class='ocrx_word' id='word_1_79' title='bbox 1369 1295 1809 1367; x_wconf 81' lang='grc' dir='ltr'>θερμαινομένης</span> 
     </span>
    </p>
   </div>
   <div class='ocr_carea' id='block_1_14' title="bbox 231 1384 1809 1459">
    <p class='ocr_par' dir='ltr' id='par_1_14' title="bbox 231 1384 1809 1459">
     <span class='ocr_line' id='line_1_14' title="bbox 231 1384 1809 1459; baseline -0.005 -15"><span class='ocrx_word' id='word_1_80' title='bbox 231 1392 444 1444; x_wconf 75' lang='grc' dir='ltr'>ἐκεῖθεν</span> <span class='ocrx_word' id='word_1_81' title='bbox 496 1389 647 1459; x_wconf 82' lang='grc' dir='ltr'>αύτῷ</span> <span class='ocrx_word' id='word_1_82' title='bbox 700 1388 800 1456; x_wconf 80' lang='grc' dir='ltr'>τῆς</span> <span class='ocrx_word' id='word_1_83' title='bbox 858 1387 1085 1458; x_wconf 82' lang='grc' dir='ltr'>καρδίας</span> <span class='ocrx_word' id='word_1_84' title='bbox 1131 1385 1322 1439; x_wconf 76' lang='grc' dir='ltr'>καὶτὸ</span> <span class='ocrx_word' id='word_1_85' title='bbox 1356 1385 1612 1454; x_wconf 79' lang='grc' dir='ltr'>περιττὸν</span> <span class='ocrx_word' id='word_1_86' title='bbox 1664 1384 1809 1438; x_wconf 82' lang='grc' dir='ltr'>ἆπαν</span> 
     </span>
    </p>
   </div>
   <div class='ocr_carea' id='block_1_15' title="bbox 230 1476 1809 1551">
    <p class='ocr_par' dir='ltr' id='par_1_15' title="bbox 230 1476 1809 1551">
     <span class='ocr_line' id='line_1_15' title="bbox 230 1476 1809 1551; baseline -0.004 -17"><span class='ocrx_word' id='word_1_87' title='bbox 230 1483 495 1551; x_wconf 69' lang='grc' dir='ltr'>ἑλκούσης</span> <span class='ocrx_word' id='word_1_88' title='bbox 550 1481 608 1546; x_wconf 76' lang='grc' dir='ltr'>ἐξ</span> <span class='ocrx_word' id='word_1_89' title='bbox 641 1479 766 1532; x_wconf 82' lang='grc' dir='ltr'>ὅλου</span> <span class='ocrx_word' id='word_1_90' title='bbox 803 1479 898 1532; x_wconf 77' lang='grc' dir='ltr'><strong>τοῦ</strong></span> <span class='ocrx_word' id='word_1_91' title='bbox 945 1479 1221 1548; x_wconf 84' lang='grc' dir='ltr'>σώματος.</span> <span class='ocrx_word' id='word_1_92' title='bbox 1272 1476 1557 1531; x_wconf 81' lang='grc' dir='ltr'>Ἐντεῦθεν</span> <span class='ocrx_word' id='word_1_93' title='bbox 1601 1478 1635 1546; x_wconf 80' lang='grc' dir='ltr'><strong>ἡ</strong></span> <span class='ocrx_word' id='word_1_94' title='bbox 1661 1476 1809 1545; x_wconf 85' lang='grc' dir='ltr'>δεινὴ</span> 
     </span>
    </p>
   </div>
   <div class='ocr_carea' id='block_1_16' title="bbox 230 1568 1811 1641">
    <p class='ocr_par' dir='ltr' id='par_1_16' title="bbox 230 1568 1811 1641">
     <span class='ocr_line' id='line_1_16' title="bbox 230 1568 1811 1641; baseline -0.005 -13"><span class='ocrx_word' id='word_1_95' title='bbox 230 1578 385 1638; x_wconf 83' lang='grc' dir='ltr'>νόσος</span> <span class='ocrx_word' id='word_1_96' title='bbox 424 1574 729 1627; x_wconf 76' lang='grc' dir='ltr'>ἐπελθοῦσα</span> <span class='ocrx_word' id='word_1_97' title='bbox 782 1572 858 1641; x_wconf 82' lang='grc' dir='ltr'>τῷ</span> <span class='ocrx_word' id='word_1_98' title='bbox 905 1572 1294 1640; x_wconf 75' lang='grc' dir='ltr'>αὐτοκράτορι,</span> <span class='ocrx_word' id='word_1_99' title='bbox 1336 1568 1629 1640; x_wconf 69' lang='grc' dir='ltr'>ἀνακωχὴν</span> <span class='ocrx_word' id='word_1_100' title='bbox 1675 1569 1811 1633; x_wconf 81' lang='grc' dir='ltr'>ὅλως</span> 
     </span>
    </p>
   </div>
   <div class='ocr_carea' id='block_1_17' title="bbox 230 1658 1812 1731">
    <p class='ocr_par' dir='ltr' id='par_1_17' title="bbox 230 1658 1812 1731">
     <span class='ocr_line' id='line_1_17' title="bbox 230 1658 1812 1731; baseline -0.004 -12"><span class='ocrx_word' id='word_1_101' title='bbox 230 1668 328 1720; x_wconf 73' lang='grc' dir='ltr'>οὐκ</span> <span class='ocrx_word' id='word_1_102' title='bbox 358 1665 619 1727; x_wconf 71' lang='grc' dir='ltr'>ἐνεδίδου,</span> <span class='ocrx_word' id='word_1_103' title='bbox 672 1663 788 1716; x_wconf 76' lang='grc' dir='ltr'>ἀλλ’</span> <span class='ocrx_word' id='word_1_104' title='bbox 820 1663 893 1726; x_wconf 87' lang='grc' dir='ltr'><strong>ὡς</strong></span> <span class='ocrx_word' id='word_1_105' title='bbox 947 1662 1151 1731; x_wconf 81' lang='grc' dir='ltr'><strong>ἀγχόνη</strong></span> <span class='ocrx_word' id='word_1_106' title='bbox 1187 1661 1503 1728; x_wconf 80' lang='grc' dir='ltr'>συνέπνιγε.</span> <span class='ocrx_word' id='word_1_107' title='bbox 1544 1658 1812 1713; x_wconf 80' lang='grc' dir='ltr'>Τοσοῦτον</span> 
     </span>
    </p>
   </div>
   <div class='ocr_carea' id='block_1_18' title="bbox 231 1751 1812 1825">
    <p class='ocr_par' dir='ltr' id='par_1_18' title="bbox 231 1751 1812 1825">
     <span class='ocr_line' id='line_1_18' title="bbox 231 1751 1812 1825; baseline -0.004 -15"><span class='ocrx_word' id='word_1_108' title='bbox 231 1759 285 1810; x_wconf 83' lang='grc' dir='ltr'>δὲ</span> <span class='ocrx_word' id='word_1_109' title='bbox 318 1758 671 1825; x_wconf 75' lang='grc' dir='ltr'>καθεκάστην</span> <span class='ocrx_word' id='word_1_110' title='bbox 720 1753 919 1823; x_wconf 68' lang='grc' dir='ltr'>ηὔξανε</span> <span class='ocrx_word' id='word_1_111' title='bbox 960 1753 1020 1805; x_wconf 83' lang='grc' dir='ltr'><strong>τὺ</strong></span> <span class='ocrx_word' id='word_1_112' title='bbox 1052 1753 1150 1823; x_wconf 80' lang='grc' dir='ltr'>τῆς</span> <span class='ocrx_word' id='word_1_113' title='bbox 1198 1753 1378 1817; x_wconf 83' lang='grc' dir='ltr'>νόσου,</span> <span class='ocrx_word' id='word_1_114' title='bbox 1412 1751 1487 1815; x_wconf 87' lang='grc' dir='ltr'><strong>ὡς</strong></span> <span class='ocrx_word' id='word_1_115' title='bbox 1523 1751 1721 1822; x_wconf 79' lang='grc' dir='ltr'>μηκέτι</span> <span class='ocrx_word' id='word_1_116' title='bbox 1749 1751 1812 1803; x_wconf 74' lang='grc' dir='ltr'>ἐκ</span> 
     </span>
    </p>
   </div>
   <div class='ocr_carea' id='block_1_19' title="bbox 232 1843 1811 1920">
    <p class='ocr_par' dir='ltr' id='par_1_19' title="bbox 232 1843 1811 1920">
     <span class='ocr_line' id='line_1_19' title="bbox 232 1843 1811 1920; baseline -0.007 -15"><span class='ocrx_word' id='word_1_117' title='bbox 232 1850 642 1920; x_wconf 75' lang='grc' dir='ltr'>διαστημάτων,</span> <span class='ocrx_word' id='word_1_118' title='bbox 676 1848 814 1902; x_wconf 82' lang='grc' dir='ltr'><strong>ἀλλά</strong></span> <span class='ocrx_word' id='word_1_119' title='bbox 855 1846 1097 1915; x_wconf 81' lang='grc' dir='ltr'>συνεχῶς</span> <span class='ocrx_word' id='word_1_120' title='bbox 1127 1847 1224 1898; x_wconf 76' lang='grc' dir='ltr'>καὶ</span> <span class='ocrx_word' id='word_1_121' title='bbox 1256 1845 1595 1907; x_wconf 78' lang='grc' dir='ltr'>ἀδιαστάτως</span> <span class='ocrx_word' id='word_1_122' title='bbox 1641 1843 1811 1915; x_wconf 76' lang='grc' dir='ltr'>ἐπέρ-</span> 
     </span>
    </p>
   </div>
   <div class='ocr_carea' id='block_1_20' title="bbox 230 1933 1810 2013">
    <p class='ocr_par' dir='ltr' id='par_1_20' title="bbox 230 1933 1810 2013">
     <span class='ocr_line' id='line_1_20' title="bbox 230 1933 1810 2013; baseline -0.006 -18"><span class='ocrx_word' id='word_1_123' title='bbox 230 1942 445 2013; x_wconf 80' lang='grc' dir='ltr'>χεσϐαι,</span> <span class='ocrx_word' id='word_1_124' title='bbox 492 1940 567 2002; x_wconf 81' lang='grc' dir='ltr'>ὡς</span> <span class='ocrx_word' id='word_1_125' title='bbox 623 1939 756 2009; x_wconf 72' lang='grc' dir='ltr'><strong>μηῗὲ</strong></span> <span class='ocrx_word' id='word_1_126' title='bbox 801 1936 930 2006; x_wconf 76' lang='grc' dir='ltr'>περὶ</span> <span class='ocrx_word' id='word_1_127' title='bbox 977 1935 1215 2007; x_wconf 81' lang='grc' dir='ltr'>θατέραν</span> <span class='ocrx_word' id='word_1_128' title='bbox 1250 1934 1515 1989; x_wconf 80' lang='grc' dir='ltr'>δύνασθαι</span> <span class='ocrx_word' id='word_1_129' title='bbox 1548 1933 1810 1987; x_wconf 82' lang='grc' dir='ltr'>κατακλι-</span> 
     </span>
    </p>
   </div>
   <div class='ocr_carea' id='block_1_21' title="bbox 232 2024 1813 2099">
    <p class='ocr_par' dir='ltr' id='par_1_21' title="bbox 232 2024 1813 2099">
     <span class='ocr_line' id='line_1_21' title="bbox 232 2024 1813 2099; baseline -0.006 -13"><span class='ocrx_word' id='word_1_130' title='bbox 232 2034 394 2096; x_wconf 79' lang='grc' dir='ltr'>θῆναι</span> <span class='ocrx_word' id='word_1_131' title='bbox 457 2032 547 2083; x_wconf 65' lang='grc' dir='ltr'>τὴν</span> <span class='ocrx_word' id='word_1_132' title='bbox 575 2027 955 2099; x_wconf 73' lang='grc' dir='ltr'>αὐτοκράτορα</span> <span class='ocrx_word' id='word_1_133' title='bbox 979 2025 1244 2097; x_wconf 76' lang='grc' dir='ltr'>πλευρὰν,</span> <span class='ocrx_word' id='word_1_134' title='bbox 1297 2026 1431 2097; x_wconf 76' lang='grc' dir='ltr'>μηδὲ</span> <span class='ocrx_word' id='word_1_135' title='bbox 1463 2027 1600 2097; x_wconf 72' lang='grc' dir='ltr'>πρὸς</span> <span class='ocrx_word' id='word_1_136' title='bbox 1632 2024 1813 2097; x_wconf 75' lang='grc' dir='ltr'>ἰσχύος</span> 
     </span>
    </p>
   </div>
   <div class='ocr_carea' id='block_1_22' title="bbox 232 2116 1810 2193">
    <p class='ocr_par' dir='ltr' id='par_1_22' title="bbox 232 2116 1810 2193">
     <span class='ocr_line' id='line_1_22' title="bbox 232 2116 1810 2193; baseline -0.004 -17"><span class='ocrx_word' id='word_1_137' title='bbox 232 2125 376 2193; x_wconf 73' lang='grc' dir='ltr'>ἔχῖιν</span> <span class='ocrx_word' id='word_1_138' title='bbox 428 2124 689 2176; x_wconf 74' lang='grc' dir='ltr'>ἀῦίαστον</span> <span class='ocrx_word' id='word_1_139' title='bbox 727 2121 787 2172; x_wconf 77' lang='grc' dir='ltr'><strong>τὸ</strong></span> <span class='ocrx_word' id='word_1_140' title='bbox 834 2118 1099 2189; x_wconf 75' lang='grc' dir='ltr'>παράπαν</span> <span class='ocrx_word' id='word_1_141' title='bbox 1153 2118 1475 2170; x_wconf 79' lang='grc' dir='ltr'>είσπνεῡσαι</span> <span class='ocrx_word' id='word_1_142' title='bbox 1504 2116 1597 2170; x_wconf 77' lang='grc' dir='ltr'>τὸν</span> <span class='ocrx_word' id='word_1_143' title='bbox 1649 2118 1810 2185; x_wconf 77' lang='grc' dir='ltr'>ἀέρα.</span> 
     </span>
    </p>
   </div>
   <div class='ocr_carea' id='block_1_23' title="bbox 232 2208 1813 2283">
    <p class='ocr_par' dir='ltr' id='par_1_23' title="bbox 232 2208 1813 2283">
     <span class='ocr_line' id='line_1_23' title="bbox 232 2208 1813 2283; baseline -0.005 -14"><span class='ocrx_word' id='word_1_144' title='bbox 232 2217 418 2277; x_wconf 74' lang='grc' dir='ltr'>’Ᾱπας</span> <span class='ocrx_word' id='word_1_145' title='bbox 450 2211 545 2268; x_wconf 73' lang='grc' dir='ltr'>οὖν</span> <span class='ocrx_word' id='word_1_146' title='bbox 571 2211 875 2283; x_wconf 74' lang='grc' dir='ltr'>τηνικαῦτα</span> <span class='ocrx_word' id='word_1_147' title='bbox 904 2209 1258 2281; x_wconf 80' lang='grc' dir='ltr'>μετεκαλεῖτο</span> <span class='ocrx_word' id='word_1_148' title='bbox 1292 2208 1500 2280; x_wconf 78' lang='grc' dir='ltr'>ἰατρὸς,</span> <span class='ocrx_word' id='word_1_149' title='bbox 1528 2210 1625 2262; x_wconf 76' lang='grc' dir='ltr'>καὶ</span> <span class='ocrx_word' id='word_1_150' title='bbox 1655 2210 1690 2281; x_wconf 74' lang='grc' dir='ltr'><strong>ἡ</strong></span> <span class='ocrx_word' id='word_1_151' title='bbox 1719 2208 1813 2261; x_wconf 80' lang='grc' dir='ltr'>τοῦ</span> 
     </span>
    </p>
   </div>
   <div class='ocr_carea' id='block_1_24' title="bbox 232 2299 1813 2377">
    <p class='ocr_par' dir='ltr' id='par_1_24' title="bbox 232 2299 1813 2377">
     <span class='ocr_line' id='line_1_24' title="bbox 232 2299 1813 2377; baseline -0.004 -17"><span class='ocrx_word' id='word_1_152' title='bbox 232 2305 636 2377; x_wconf 67' lang='grc' dir='ltr'>αὖτοκρὰτορος</span> <span class='ocrx_word' id='word_1_153' title='bbox 689 2307 865 2367; x_wconf 77' lang='grc' dir='ltr'>νότος,</span> <span class='ocrx_word' id='word_1_154' title='bbox 924 2300 1183 2364; x_wconf 79' lang='grc' dir='ltr'>ὑπόθεσις</span> <span class='ocrx_word' id='word_1_155' title='bbox 1249 2318 1437 2367; x_wconf 90' lang='grc' dir='ltr'>αυτοις</span> <span class='ocrx_word' id='word_1_156' title='bbox 1490 2299 1813 2372; x_wconf 77' lang='grc' dir='ltr'>προῦκειτο.</span> 
     </span>
    </p>
   </div>
   <div class='ocr_carea' id='block_1_25' title="bbox 244 2394 1816 2469">
    <p class='ocr_par' dir='ltr' id='par_1_25' title="bbox 244 2394 1816 2469">
     <span class='ocr_line' id='line_1_25' title="bbox 244 2394 1816 2469; baseline -0.004 -18"><span class='ocrx_word' id='word_1_157' title='bbox 244 2399 599 2469; x_wconf 78' lang='grc' dir='ltr'>Ἐμερίζοντο</span> <span class='ocrx_word' id='word_1_158' title='bbox 646 2395 705 2449; x_wconf 79' lang='grc' dir='ltr'>δὲ</span> <span class='ocrx_word' id='word_1_159' title='bbox 763 2397 885 2457; x_wconf 81' lang='grc' dir='ltr'>ταῖς</span> <span class='ocrx_word' id='word_1_160' title='bbox 940 2394 1192 2464; x_wconf 83' lang='grc' dir='ltr'>γνώμαις</span> <span class='ocrx_word' id='word_1_161' title='bbox 1242 2395 1339 2447; x_wconf 68' lang='grc' dir='ltr'>καὶ</span> <span class='ocrx_word' id='word_1_162' title='bbox 1396 2394 1816 2464; x_wconf 81' lang='grc' dir='ltr'>κατετὲμνοντο,</span> 
     </span>
    </p>
   </div>
   <div class='ocr_carea' id='block_1_26' title="bbox 233 2485 1799 2557">
    <p class='ocr_par' dir='ltr' id='par_1_26' title="bbox 233 2485 1799 2557">
     <span class='ocr_line' id='line_1_26' title="bbox 233 2485 1799 2557; baseline -0.003 -13"><span class='ocrx_word' id='word_1_163' title='bbox 233 2494 329 2544; x_wconf 75' lang='grc' dir='ltr'>καὶ</span> <span class='ocrx_word' id='word_1_164' title='bbox 373 2491 531 2553; x_wconf 82' lang='grc' dir='ltr'>ἄλλος</span> <span class='ocrx_word' id='word_1_165' title='bbox 579 2490 708 2543; x_wconf 79' lang='grc' dir='ltr'>ἀλλο</span> <span class='ocrx_word' id='word_1_166' title='bbox 758 2506 812 2541; x_wconf 91' lang='grc' dir='ltr'><strong>τι</strong></span> <span class='ocrx_word' id='word_1_167' title='bbox 841 2487 1185 2555; x_wconf 80' lang='grc' dir='ltr'>διεγίνωσκε,</span> <span class='ocrx_word' id='word_1_168' title='bbox 1221 2486 1319 2541; x_wconf 78' lang='grc' dir='ltr'>καὶ</span> <span class='ocrx_word' id='word_1_169' title='bbox 1371 2485 1508 2557; x_wconf 82' lang='grc' dir='ltr'>πρὸς</span> <span class='ocrx_word' id='word_1_170' title='bbox 1541 2485 1639 2557; x_wconf 86' lang='grc' dir='ltr'>τὴν</span> <span class='ocrx_word' id='word_1_171' title='bbox 1690 2485 1799 2540; x_wconf 82' lang='grc' dir='ltr'>διά·</span> 
     </span>
    </p>
   </div>
   <div class='ocr_carea' id='block_1_27' title="bbox 233 2579 1821 2654">
    <p class='ocr_par' dir='ltr' id='par_1_27' title="bbox 233 2579 1821 2654">
     <span class='ocr_line' id='line_1_27' title="bbox 233 2579 1821 2654; baseline -0.004 -16"><span class='ocrx_word' id='word_1_172' title='bbox 233 2601 437 2654; x_wconf 82' lang='grc' dir='ltr'>γνωσιν</span> <span class='ocrx_word' id='word_1_173' title='bbox 484 2583 744 2651; x_wconf 75' lang='grc' dir='ltr'>ἐπειρᾶτο</span> <span class='ocrx_word' id='word_1_174' title='bbox 784 2581 1089 2652; x_wconf 79' lang='grc' dir='ltr'>προσάγειν</span> <span class='ocrx_word' id='word_1_175' title='bbox 1116 2579 1215 2651; x_wconf 79' lang='grc' dir='ltr'>τὴν</span> <span class='ocrx_word' id='word_1_176' title='bbox 1256 2579 1580 2651; x_wconf 82' lang='grc' dir='ltr'>θεραπείαν.</span> <span class='ocrx_word' id='word_1_177' title='bbox 1627 2579 1821 2643; x_wconf 87' lang='grc' dir='ltr'>Ὅπως</span> 
     </span>
    </p>
   </div>
   <div class='ocr_carea' id='block_1_28' title="bbox 233 2669 1821 2747">
    <p class='ocr_par' dir='ltr' id='par_1_28' title="bbox 233 2669 1821 2747">
     <span class='ocr_line' id='line_1_28' title="bbox 233 2669 1821 2747; baseline -0.003 -16"><span class='ocrx_word' id='word_1_178' title='bbox 233 2679 281 2731; x_wconf 74' lang='grc' dir='ltr'>δ’</span> <span class='ocrx_word' id='word_1_179' title='bbox 319 2679 385 2730; x_wconf 81' lang='grc' dir='ltr'>ἂν</span> <span class='ocrx_word' id='word_1_180' title='bbox 412 2673 554 2747; x_wconf 68' lang='grc' dir='ltr'>εῖχεν</span> <span class='ocrx_word' id='word_1_181' title='bbox 583 2676 614 2745; x_wconf 82' lang='grc' dir='ltr'>ἦ</span> <span class='ocrx_word' id='word_1_182' title='bbox 643 2676 814 2738; x_wconf 74' lang='grc' dir='ltr'>οὓτως</span> <span class='ocrx_word' id='word_1_183' title='bbox 840 2675 872 2745; x_wconf 80' lang='grc' dir='ltr'>ἢ</span> <span class='ocrx_word' id='word_1_184' title='bbox 915 2673 1113 2740; x_wconf 77' lang='grc' dir='ltr'>οὕτως,</span> <span class='ocrx_word' id='word_1_185' title='bbox 1142 2673 1403 2726; x_wconf 87' lang='grc' dir='ltr'>δύσκολον</span> <span class='ocrx_word' id='word_1_186' title='bbox 1435 2669 1549 2743; x_wconf 77' lang='grc' dir='ltr'>εἶχε</span> <span class='ocrx_word' id='word_1_187' title='bbox 1582 2672 1653 2726; x_wconf 84' lang='grc' dir='ltr'>τὰ</span> <span class='ocrx_word' id='word_1_188' title='bbox 1681 2674 1821 2726; x_wconf 82' lang='grc' dir='ltr'>κατὰ</span> 
     </span>
    </p>
   </div>
   <div class='ocr_carea' id='block_1_29' title="bbox 232 2765 1824 2839">
    <p class='ocr_par' dir='ltr' id='par_1_29' title="bbox 232 2765 1824 2839">
     <span class='ocr_line' id='line_1_29' title="bbox 232 2765 1824 2839; baseline -0.004 -14"><span class='ocrx_word' id='word_1_189' title='bbox 232 2773 328 2825; x_wconf 65' lang='grc' dir='ltr'><strong>τον</strong></span> <span class='ocrx_word' id='word_1_190' title='bbox 350 2770 732 2839; x_wconf 77' lang='grc' dir='ltr'>αὐτοκράτορα</span> <span class='ocrx_word' id='word_1_191' title='bbox 763 2783 777 2799; x_wconf 91' lang='grc'><strong>·</strong></span> <span class='ocrx_word' id='word_1_192' title='bbox 810 2767 931 2822; x_wconf 73' lang='grc' dir='ltr'>οὐδὲ</span> <span class='ocrx_word' id='word_1_193' title='bbox 985 2767 1093 2835; x_wconf 85' lang='grc' dir='ltr'>γὰρ</span> <span class='ocrx_word' id='word_1_194' title='bbox 1133 2765 1198 2820; x_wconf 86' lang='grc' dir='ltr'>ἂν</span> <span class='ocrx_word' id='word_1_195' title='bbox 1225 2765 1409 2838; x_wconf 83' lang='grc' dir='ltr'>ἀκαρῆ</span> <span class='ocrx_word' id='word_1_196' title='bbox 1450 2766 1642 2836; x_wconf 75' lang='grc' dir='ltr'>χρόνον</span> <span class='ocrx_word' id='word_1_197' title='bbox 1674 2765 1824 2819; x_wconf 79' lang='grc' dir='ltr'>ἐλεύ-</span> 
     </span>
    </p>
   </div>
   <div class='ocr_carea' id='block_1_30' title="bbox 235 2857 1821 2933">
    <p class='ocr_par' dir='ltr' id='par_1_30' title="bbox 235 2857 1821 2933">
     <span class='ocr_line' id='line_1_30' title="bbox 235 2857 1821 2933; baseline -0.004 -17"><span class='ocrx_word' id='word_1_198' title='bbox 235 2865 396 2933; x_wconf 79' lang='grc' dir='ltr'>θερον</span> <span class='ocrx_word' id='word_1_199' title='bbox 424 2861 743 2915; x_wconf 75' lang='grc' dir='ltr'>εἶ’σπνεῦσαι</span> <span class='ocrx_word' id='word_1_200' title='bbox 773 2859 1048 2930; x_wconf 80' lang='grc' dir='ltr'>δεδύνητο.</span> <span class='ocrx_word' id='word_1_201' title='bbox 1087 2857 1311 2930; x_wconf 78' lang='grc' dir='ltr'>Ὀρθιος</span> <span class='ocrx_word' id='word_1_202' title='bbox 1340 2859 1450 2929; x_wconf 76' lang='grc' dir='ltr'><strong>γὰρ</strong></span> <span class='ocrx_word' id='word_1_203' title='bbox 1480 2858 1821 2928; x_wconf 75' lang='grc' dir='ltr'>ἠναγκάζετο</span> 
     </span>
    </p>
   </div>
   <div class='ocr_carea' id='block_1_31' title="bbox 234 2949 1823 3021">
    <p class='ocr_par' dir='ltr' id='par_1_31' title="bbox 234 2949 1823 3021">
     <span class='ocr_line' id='line_1_31' title="bbox 234 2949 1823 3021; baseline -0.003 -14"><span class='ocrx_word' id='word_1_204' title='bbox 234 2956 415 3007; x_wconf 76' lang='grc' dir='ltr'>διόλου</span> <span class='ocrx_word' id='word_1_205' title='bbox 443 2952 855 3021; x_wconf 76' lang='grc' dir='ltr'>ἁνακαθήμενος</span> <span class='ocrx_word' id='word_1_206' title='bbox 874 2952 1152 3005; x_wconf 80' lang='grc' dir='ltr'>ἀναπνεῖν.</span> <span class='ocrx_word' id='word_1_207' title='bbox 1188 2951 1249 3003; x_wconf 75' lang='lat' dir='ltr'><strong>Et</strong></span> <span class='ocrx_word' id='word_1_208' title='bbox 1277 2951 1335 3003; x_wconf 78' lang='grc' dir='ltr'><strong>δέ</strong></span> <span class='ocrx_word' id='word_1_209' title='bbox 1358 2967 1462 3003; x_wconf 88' lang='grc' dir='ltr'><strong>που</strong></span> <span class='ocrx_word' id='word_1_210' title='bbox 1498 2952 1593 3004; x_wconf 74' lang='grc' dir='ltr'>καὶ</span> <span class='ocrx_word' id='word_1_211' title='bbox 1631 2949 1823 3014; x_wconf 78' lang='grc' dir='ltr'>ὕπτιος</span> 
     </span>
    </p>
   </div>
   <div class='ocr_carea' id='block_1_32' title="bbox 235 3042 1820 3117">
    <p class='ocr_par' dir='ltr' id='par_1_32' title="bbox 235 3042 1820 3117">
     <span class='ocr_line' id='line_1_32' title="bbox 235 3042 1820 3117; baseline -0.003 -16"><span class='ocrx_word' id='word_1_212' title='bbox 235 3049 453 3109; x_wconf 73' lang='grc' dir='ltr'>κέοιτο,</span> <span class='ocrx_word' id='word_1_213' title='bbox 508 3047 542 3117; x_wconf 77' lang='grc' dir='ltr'><strong>ἢ</strong></span> <span class='ocrx_word' id='word_1_214' title='bbox 604 3046 744 3099; x_wconf 86' lang='grc' dir='ltr'><strong>κατά</strong></span> <span class='ocrx_word' id='word_1_215' title='bbox 797 3044 1036 3115; x_wconf 79' lang='grc' dir='ltr'>θατέραν</span> <span class='ocrx_word' id='word_1_216' title='bbox 1088 3044 1352 3114; x_wconf 71' lang='grc' dir='ltr'>πλευρὰν,</span> <span class='ocrx_word' id='word_1_217' title='bbox 1388 3044 1490 3113; x_wconf 74' lang='grc' dir='ltr'>φεῦ</span> <span class='ocrx_word' id='word_1_218' title='bbox 1542 3045 1667 3097; x_wconf 84' lang='grc' dir='ltr'>τότε</span> <span class='ocrx_word' id='word_1_219' title='bbox 1722 3042 1820 3096; x_wconf 79' lang='grc' dir='ltr'><strong>τοῦ</strong></span> 
     </span>
    </p>
   </div>
   <div class='ocr_carea' id='block_1_33' title="bbox 239 3135 1821 3211">
    <p class='ocr_par' dir='ltr' id='par_1_33' title="bbox 239 3135 1821 3211">
     <span class='ocr_line' id='line_1_33' title="bbox 239 3135 1821 3211; baseline -0.002 -19"><span class='ocrx_word' id='word_1_220' title='bbox 239 3139 479 3211; x_wconf 81' lang='grc' dir='ltr'>βρόχου·</span> <span class='ocrx_word' id='word_1_221' title='bbox 535 3138 657 3192; x_wconf 81' lang='grc' dir='ltr'>οὐδὲ</span> <span class='ocrx_word' id='word_1_222' title='bbox 689 3139 801 3208; x_wconf 79' lang='grc' dir='ltr'>γὰρ</span> <span class='ocrx_word' id='word_1_223' title='bbox 832 3136 959 3207; x_wconf 70' lang='grc' dir='ltr'>ἐνῆν</span> <span class='ocrx_word' id='word_1_224' title='bbox 1011 3136 1260 3208; x_wconf 81' lang='grc' dir='ltr'>συρμάδα</span> <span class='ocrx_word' id='word_1_225' title='bbox 1301 3139 1506 3208; x_wconf 69' lang='grc' dir='ltr'>μικρὰν</span> <span class='ocrx_word' id='word_1_226' title='bbox 1553 3135 1648 3189; x_wconf 79' lang='grc' dir='ltr'><strong>τοῦ</strong></span> <span class='ocrx_word' id='word_1_227' title='bbox 1691 3136 1821 3203; x_wconf 76' lang='grc' dir='ltr'><strong>ἔξω·</strong></span> 
     </span>
    </p>
   </div>
   <div class='ocr_carea' id='block_1_34' title="bbox 1838 1904 1886 1962">
    <p class='ocr_par' dir='ltr' id='par_1_34' title="bbox 1838 1904 1886 1962">
     <span class='ocr_line' id='line_1_34' title="bbox 1838 1904 1886 1962; baseline 0 0"><span class='ocrx_word' id='word_1_228' title='bbox 1838 1904 1886 1962; x_wconf 88' lang='grc' dir='ltr'><strong><em>Β</em></strong></span> 
     </span>
    </p>
   </div>
   <div class='ocr_carea' id='block_1_35' title="bbox 1906 642 3483 713">
    <p class='ocr_par' dir='ltr' id='par_1_35' title="bbox 1906 642 3483 713">
     <span class='ocr_line' id='line_1_35' title="bbox 1906 642 3483 713; baseline -0.004 -11"><span class='ocrx_word' id='word_1_229' title='bbox 1906 664 2128 703; x_wconf 90' lang='lat' dir='ltr'><strong>suornm</strong></span> <span class='ocrx_word' id='word_1_230' title='bbox 2183 647 2472 702; x_wconf 80' lang='lat' dir='ltr'><strong>alTeetnnm</strong></span> <span class='ocrx_word' id='word_1_231' title='bbox 2520 645 2868 713; x_wconf 76' lang='lat' dir='ltr'><strong>aegritudines</strong></span> <span class='ocrx_word' id='word_1_232' title='bbox 2908 642 3236 713; x_wconf 77' lang='lat' dir='ltr'><strong>participare</strong></span> <span class='ocrx_word' id='word_1_233' title='bbox 3278 642 3483 697; x_wconf 71' lang='lat' dir='ltr'><strong>condo~</strong></span> 
     </span>
    </p>
   </div>
   <div class='ocr_carea' id='block_1_36' title="bbox 1907 736 3485 808">
    <p class='ocr_par' dir='ltr' id='par_1_36' title="bbox 1907 736 3485 808">
     <span class='ocr_line' id='line_1_36' title="bbox 1907 736 3485 808; baseline -0.003 -13"><span class='ocrx_word' id='word_1_234' title='bbox 1907 741 2102 805; x_wconf 68' lang='lat' dir='ltr'><strong>lende,</strong></span> <span class='ocrx_word' id='word_1_235' title='bbox 2150 740 2221 793; x_wconf 91' lang='lat' dir='ltr'><strong>ita</strong></span> <span class='ocrx_word' id='word_1_236' title='bbox 2269 750 2324 794; x_wconf 90' lang='lat' dir='ltr'><strong>ut</strong></span> <span class='ocrx_word' id='word_1_237' title='bbox 2380 754 2483 808; x_wconf 89' lang='lat' dir='ltr'><strong>qua</strong></span> <span class='ocrx_word' id='word_1_238' title='bbox 2540 737 2859 793; x_wconf 81' lang='lat' dir='ltr'><strong>difﬁcultate</strong></span> <span class='ocrx_word' id='word_1_239' title='bbox 2915 736 3187 793; x_wconf 78' lang='lat' dir='ltr'><strong>anhelitus</strong></span> <span class='ocrx_word' id='word_1_240' title='bbox 3237 736 3485 790; x_wconf 77' lang='lat' dir='ltr'><strong>laborare</strong></span> 
     </span>
    </p>
   </div>
   <div class='ocr_carea' id='block_1_37' title="bbox 1909 826 3484 903">
    <p class='ocr_par' dir='ltr' id='par_1_37' title="bbox 1909 826 3484 903">
     <span class='ocr_line' id='line_1_37' title="bbox 1909 826 3484 903; baseline -0.008 -15"><span class='ocrx_word' id='word_1_241' title='bbox 1909 830 2289 888; x_wconf 83' lang='lat' dir='ltr'><strong>charissimum</strong></span> <span class='ocrx_word' id='word_1_242' title='bbox 2334 830 2619 903; x_wconf 69' lang='lat' dir='ltr'><strong>coniugem</strong></span> <span class='ocrx_word' id='word_1_243' title='bbox 2673 829 2789 896; x_wconf 89' lang='lat' dir='ltr'><strong>ipso</strong></span> <span class='ocrx_word' id='word_1_244' title='bbox 2841 835 3146 898; x_wconf 80' lang='lat' dir='ltr'><strong>exponente</strong></span> <span class='ocrx_word' id='word_1_245' title='bbox 3197 826 3484 893; x_wconf 77' lang='lat' dir='ltr'><strong>dilicerat,</strong></span> 
     </span>
    </p>
   </div>
   <div class='ocr_carea' id='block_1_38' title="bbox 1910 920 3488 993">
    <p class='ocr_par' dir='ltr' id='par_1_38' title="bbox 1910 920 3488 993">
     <span class='ocr_line' id='line_1_38' title="bbox 1910 920 3488 993; baseline -0.004 -15"><span class='ocrx_word' id='word_1_246' title='bbox 1910 925 2022 993; x_wconf 87' lang='lat' dir='ltr'><strong>ipsa</strong></span> <span class='ocrx_word' id='word_1_247' title='bbox 2055 922 2311 976; x_wconf 87' lang='lat' dir='ltr'><strong>continuo</strong></span> <span class='ocrx_word' id='word_1_248' title='bbox 2339 921 2522 976; x_wconf 77' lang='lat' dir='ltr'><strong>vexari</strong></span> <span class='ocrx_word' id='word_1_249' title='bbox 2555 920 2659 976; x_wconf 83' lang='lat' dir='ltr'><strong>sibi</strong></span> <span class='ocrx_word' id='word_1_250' title='bbox 2697 921 2992 987; x_wconf 71' lang='lat' dir='ltr'><strong>videretur,</strong></span> <span class='ocrx_word' id='word_1_251' title='bbox 3026 927 3173 975; x_wconf 89' lang='lat' dir='ltr'><strong>certe</strong></span> <span class='ocrx_word' id='word_1_252' title='bbox 3196 928 3488 988; x_wconf 75' lang='lat' dir='ltr'><strong>augeretur</strong></span> 
     </span>
    </p>
   </div>
   <div class='ocr_carea' id='block_1_39' title="bbox 1914 1012 3487 1085">
    <p class='ocr_par' dir='ltr' id='par_1_39' title="bbox 1914 1012 3487 1085">
     <span class='ocr_line' id='line_1_39' title="bbox 1914 1012 3487 1085; baseline -0.003 -14"><span class='ocrx_word' id='word_1_253' title='bbox 1914 1017 2085 1071; x_wconf 87' lang='lat' dir='ltr'><strong>nihilo</strong></span> <span class='ocrx_word' id='word_1_254' title='bbox 2118 1015 2286 1071; x_wconf 85' lang='lat' dir='ltr'><strong>levius</strong></span> <span class='ocrx_word' id='word_1_255' title='bbox 2323 1029 2485 1085; x_wconf 89' lang='lat' dir='ltr'><strong>quam</strong></span> <span class='ocrx_word' id='word_1_256' title='bbox 2525 1015 2569 1068; x_wconf 89' lang='lat' dir='ltr'><strong>si</strong></span> <span class='ocrx_word' id='word_1_257' title='bbox 2611 1028 2797 1068; x_wconf 89' lang='lat' dir='ltr'><strong>revera</strong></span> <span class='ocrx_word' id='word_1_258' title='bbox 2834 1012 2979 1068; x_wconf 83' lang='lat' dir='ltr'><strong>ismd</strong></span> <span class='ocrx_word' id='word_1_259' title='bbox 3019 1012 3358 1082; x_wconf 84' lang='lat' dir='ltr'><strong>experiretur</strong></span> <span class='ocrx_word' id='word_1_260' title='bbox 3399 1012 3487 1066; x_wconf 87' lang='lat' dir='ltr'><strong>in-</strong></span> 
     </span>
    </p>
   </div>
   <div class='ocr_carea' id='block_1_40' title="bbox 1909 1103 3489 1179">
    <p class='ocr_par' dir='ltr' id='par_1_40' title="bbox 1909 1103 3489 1179">
     <span class='ocr_line' id='line_1_40' title="bbox 1909 1103 3489 1179; baseline -0.003 -14"><span class='ocrx_word' id='word_1_261' title='bbox 1909 1110 2272 1165; x_wconf 90' lang='lat' dir='ltr'><strong>commodum.</strong></span> <span class='ocrx_word' id='word_1_262' title='bbox 2308 1109 2446 1179; x_wconf 78' lang='lat' dir='ltr'><strong>Ergo</strong></span> <span class='ocrx_word' id='word_1_263' title='bbox 2475 1106 2773 1162; x_wconf 79' lang='lat' dir='ltr'><strong>accersitos</strong></span> <span class='ocrx_word' id='word_1_264' title='bbox 2796 1106 3025 1161; x_wconf 88' lang='lat' dir='ltr'><strong>subinde</strong></span> <span class='ocrx_word' id='word_1_265' title='bbox 3055 1104 3292 1160; x_wconf 70' lang='lat' dir='ltr'><strong>iuredicos</strong></span> <span class='ocrx_word' id='word_1_266' title='bbox 3314 1103 3489 1160; x_wconf 87' lang='lat' dir='ltr'><strong>laces-</strong></span> 
     </span>
    </p>
   </div>
   <div class='ocr_carea' id='block_1_41' title="bbox 1910 1197 3490 1269">
    <p class='ocr_par' dir='ltr' id='par_1_41' title="bbox 1910 1197 3490 1269">
     <span class='ocr_line' id='line_1_41' title="bbox 1910 1197 3490 1269; baseline -0.004 -10"><span class='ocrx_word' id='word_1_267' title='bbox 1910 1205 2062 1259; x_wconf 87' lang='lat' dir='ltr'><strong>sebat</strong></span> <span class='ocrx_word' id='word_1_268' title='bbox 2112 1202 2352 1265; x_wconf 78' lang='lat' dir='ltr'><strong>assidue,</strong></span> <span class='ocrx_word' id='word_1_269' title='bbox 2407 1200 2777 1255; x_wconf 86' lang='lat' dir='ltr'><strong>curiosissime</strong></span> <span class='ocrx_word' id='word_1_270' title='bbox 2817 1208 3149 1269; x_wconf 87' lang='lat' dir='ltr'><strong>percontans</strong></span> <span class='ocrx_word' id='word_1_271' title='bbox 3193 1197 3385 1267; x_wconf 83' lang='lat' dir='ltr'><strong>ecquid</strong></span> <span class='ocrx_word' id='word_1_272' title='bbox 3422 1198 3490 1253; x_wconf 83' lang='lat' dir='ltr'><strong>de</strong></span> 
     </span>
    </p>
   </div>
   <div class='ocr_carea' id='block_1_42' title="bbox 1912 1288 3492 1361">
    <p class='ocr_par' dir='ltr' id='par_1_42' title="bbox 1912 1288 3492 1361">
     <span class='ocr_line' id='line_1_42' title="bbox 1912 1288 3492 1361; baseline -0.003 -13"><span class='ocrx_word' id='word_1_273' title='bbox 1912 1292 2094 1348; x_wconf 81' lang='lat' dir='ltr'><strong>causis</strong></span> <span class='ocrx_word' id='word_1_274' title='bbox 2141 1292 2223 1347; x_wconf 88' lang='lat' dir='ltr'><strong>vel</strong></span> <span class='ocrx_word' id='word_1_275' title='bbox 2269 1290 2530 1360; x_wconf 81' lang='lat' dir='ltr'><strong>proximis</strong></span> <span class='ocrx_word' id='word_1_276' title='bbox 2560 1289 2643 1343; x_wconf 86' lang='lat' dir='ltr'><strong>vel</strong></span> <span class='ocrx_word' id='word_1_277' title='bbox 2679 1291 2905 1345; x_wconf 85' lang='lat' dir='ltr'><strong>remotis</strong></span> <span class='ocrx_word' id='word_1_278' title='bbox 2945 1291 3105 1360; x_wconf 81' lang='lat' dir='ltr'><strong>hujus</strong></span> <span class='ocrx_word' id='word_1_279' title='bbox 3152 1288 3492 1361; x_wconf 72' lang='lat' dir='ltr'><strong>mgritudinls</strong></span> 
     </span>
    </p>
   </div>
   <div class='ocr_carea' id='block_1_43' title="bbox 1912 1380 3491 1452">
    <p class='ocr_par' dir='ltr' id='par_1_43' title="bbox 1912 1380 3491 1452">
     <span class='ocr_line' id='line_1_43' title="bbox 1912 1380 3491 1452; baseline -0.003 -14"><span class='ocrx_word' id='word_1_280' title='bbox 1912 1383 2177 1452; x_wconf 83' lang='lat' dir='ltr'><strong>suspicari</strong></span> <span class='ocrx_word' id='word_1_281' title='bbox 2227 1382 2517 1436; x_wconf 84' lang='lat' dir='ltr'><strong>divinando</strong></span> <span class='ocrx_word' id='word_1_282' title='bbox 2557 1395 2619 1435; x_wconf 91' lang='lat' dir='ltr'><strong>ac</strong></span> <span class='ocrx_word' id='word_1_283' title='bbox 2657 1380 3029 1435; x_wconf 79' lang='lat' dir='ltr'><strong>verisimiliter</strong></span> <span class='ocrx_word' id='word_1_284' title='bbox 3057 1381 3331 1435; x_wconf 77' lang='lat' dir='ltr'><strong>afﬁrmare</strong></span> <span class='ocrx_word' id='word_1_285' title='bbox 3365 1394 3491 1452; x_wconf 85' lang='lat' dir='ltr'><strong>pos-</strong></span> 
     </span>
    </p>
   </div>
   <div class='ocr_carea' id='block_1_44' title="bbox 1913 1474 3492 1547">
    <p class='ocr_par' dir='ltr' id='par_1_44' title="bbox 1913 1474 3492 1547">
     <span class='ocr_line' id='line_1_44' title="bbox 1913 1474 3492 1547; baseline -0.003 -16"><span class='ocrx_word' id='word_1_286' title='bbox 1913 1486 2052 1531; x_wconf 87' lang='lat' dir='ltr'><strong>sent.</strong></span> <span class='ocrx_word' id='word_1_287' title='bbox 2080 1477 2180 1541; x_wconf 90' lang='lat' dir='ltr'><strong>llli,</strong></span> <span class='ocrx_word' id='word_1_288' title='bbox 2202 1476 2291 1531; x_wconf 88' lang='lat' dir='ltr'><strong>tali</strong></span> <span class='ocrx_word' id='word_1_289' title='bbox 2320 1476 2547 1546; x_wconf 90' lang='lat' dir='ltr'><strong>imperio</strong></span> <span class='ocrx_word' id='word_1_290' title='bbox 2573 1475 2874 1545; x_wconf 75' lang='lat' dir='ltr'><strong>provocati,</strong></span> <span class='ocrx_word' id='word_1_291' title='bbox 2899 1475 3277 1547; x_wconf 78' lang='lat' dir='ltr'><strong>cogitationem</strong></span> <span class='ocrx_word' id='word_1_292' title='bbox 3309 1474 3492 1529; x_wconf 65' lang='lat' dir='ltr'><strong>inteno</strong></span> 
     </span>
    </p>
   </div>
   <div class='ocr_carea' id='block_1_45' title="bbox 1916 1564 3492 1637">
    <p class='ocr_par' dir='ltr' id='par_1_45' title="bbox 1916 1564 3492 1637">
     <span class='ocr_line' id='line_1_45' title="bbox 1916 1564 3492 1637; baseline -0.001 -13"><span class='ocrx_word' id='word_1_293' title='bbox 1916 1571 2066 1634; x_wconf 90' lang='lat' dir='ltr'><strong>dere,</strong></span> <span class='ocrx_word' id='word_1_294' title='bbox 2108 1578 2382 1637; x_wconf 80' lang='lat' dir='ltr'><strong>reputare,</strong></span> <span class='ocrx_word' id='word_1_295' title='bbox 2434 1567 2858 1636; x_wconf 81' lang='lat' dir='ltr'><strong>circumspicere</strong></span> <span class='ocrx_word' id='word_1_296' title='bbox 2903 1567 3128 1631; x_wconf 89' lang='lat' dir='ltr'><strong>omnia;</strong></span> <span class='ocrx_word' id='word_1_297' title='bbox 3179 1580 3367 1621; x_wconf 86' lang='lat' dir='ltr'><strong>verum</strong></span> <span class='ocrx_word' id='word_1_298' title='bbox 3401 1564 3492 1622; x_wconf 87' lang='lat' dir='ltr'><strong>ubl</strong></span> 
     </span>
    </p>
   </div>
   <div class='ocr_carea' id='block_1_46' title="bbox 1914 1655 3491 1728">
    <p class='ocr_par' dir='ltr' id='par_1_46' title="bbox 1914 1655 3491 1728">
     <span class='ocr_line' id='line_1_46' title="bbox 1914 1655 3491 1728; baseline -0.004 -11"><span class='ocrx_word' id='word_1_299' title='bbox 1914 1664 2049 1717; x_wconf 75' lang='lat' dir='ltr'><strong>Satis</strong></span> <span class='ocrx_word' id='word_1_300' title='bbox 2081 1677 2240 1714; x_wconf 88' lang='lat' dir='ltr'><strong>tnanu</strong></span> <span class='ocrx_word' id='word_1_301' title='bbox 2285 1658 2516 1713; x_wconf 80' lang='lat' dir='ltr'><strong>arterias</strong></span> <span class='ocrx_word' id='word_1_302' title='bbox 2556 1658 2995 1728; x_wconf 75' lang='lat' dir='ltr'><strong>esploraverant,</strong></span> <span class='ocrx_word' id='word_1_303' title='bbox 3032 1655 3163 1711; x_wconf 84' lang='lat' dir='ltr'><strong>nihil</strong></span> <span class='ocrx_word' id='word_1_304' title='bbox 3208 1655 3321 1711; x_wconf 79' lang='lat' dir='ltr'><strong>fere</strong></span> <span class='ocrx_word' id='word_1_305' title='bbox 3363 1670 3491 1726; x_wconf 89' lang='lat' dir='ltr'><strong>pro-</strong></span> 
     </span>
    </p>
   </div>
   <div class='ocr_carea' id='block_1_47' title="bbox 1918 1732 3526 1831">
    <p class='ocr_par' dir='ltr' id='par_1_47' title="bbox 1918 1732 3526 1831">
     <span class='ocr_line' id='line_1_47' title="bbox 1918 1732 3526 1831; baseline -0.005 -20"><span class='ocrx_word' id='word_1_306' title='bbox 1918 1757 2239 1831; x_wconf 80' lang='lat' dir='ltr'><strong>nuntiabant</strong></span> <span class='ocrx_word' id='word_1_307' title='bbox 2270 1754 2412 1807; x_wconf 89' lang='lat' dir='ltr'><strong>aliud</strong></span> <span class='ocrx_word' id='word_1_308' title='bbox 2444 1752 2545 1808; x_wconf 87' lang='lat' dir='ltr'><strong>nisi</strong></span> <span class='ocrx_word' id='word_1_309' title='bbox 2580 1767 2830 1821; x_wconf 74' lang='lat' dir='ltr'><strong>magnum</strong></span> <span class='ocrx_word' id='word_1_310' title='bbox 2864 1750 3122 1809; x_wconf 89' lang='lat' dir='ltr'><strong>indicium</strong></span> <span class='ocrx_word' id='word_1_311' title='bbox 3156 1732 3526 1818; x_wconf 42' lang='lat' dir='ltr'><strong>intemperiei&#39;</strong></span> 
     </span>
    </p>
   </div>
   <div class='ocr_carea' id='block_1_48' title="bbox 1917 1832 3495 1917">
    <p class='ocr_par' dir='ltr' id='par_1_48' title="bbox 1917 1832 3495 1917">
     <span class='ocr_line' id='line_1_48' title="bbox 1917 1832 3495 1917; baseline -0.004 -14"><span class='ocrx_word' id='word_1_312' title='bbox 1917 1832 2095 1903; x_wconf 84' lang='lat' dir='ltr'><strong>omnis</strong></span> <span class='ocrx_word' id='word_1_313' title='bbox 2120 1848 2334 1917; x_wconf 83' lang='lat' dir='ltr'><strong>generis</strong></span> <span class='ocrx_word' id='word_1_314' title='bbox 2366 1846 2634 1908; x_wconf 71' lang='lat' dir='ltr'><strong>maximae,</strong></span> <span class='ocrx_word' id='word_1_315' title='bbox 2672 1844 2984 1914; x_wconf 77' lang='lat' dir='ltr'><strong>perturbato</strong></span> <span class='ocrx_word' id='word_1_316' title='bbox 3022 1844 3223 1913; x_wconf 84' lang='lat' dir='ltr'><strong>ubique</strong></span> <span class='ocrx_word' id='word_1_317' title='bbox 3253 1842 3495 1915; x_wconf 60' lang='lat' dir='ltr'><strong>inaequa-</strong></span> 
     </span>
    </p>
   </div>
   <div class='ocr_carea' id='block_1_49' title="bbox 1915 1936 3496 2016">
    <p class='ocr_par' dir='ltr' id='par_1_49' title="bbox 1915 1936 3496 2016">
     <span class='ocr_line' id='line_1_49' title="bbox 1915 1936 3496 2016; baseline -0.004 -19"><span class='ocrx_word' id='word_1_318' title='bbox 1915 1942 2059 2011; x_wconf 88' lang='lat' dir='ltr'><strong>liqne</strong></span> <span class='ocrx_word' id='word_1_319' title='bbox 2083 1942 2295 1994; x_wconf 64' lang='lat' dir='ltr'><strong>arteriae</strong></span> <span class='ocrx_word' id='word_1_320' title='bbox 2322 1940 2495 2007; x_wconf 85' lang='lat' dir='ltr'><strong>pulsu,</strong></span> <span class='ocrx_word' id='word_1_321' title='bbox 2534 1938 2616 1993; x_wconf 86' lang='lat' dir='ltr'><strong>edi</strong></span> <span class='ocrx_word' id='word_1_322' title='bbox 2648 1953 2663 2002; x_wconf 91' lang='lat'><strong>;</strong></span> <span class='ocrx_word' id='word_1_323' title='bbox 2699 1936 2814 2003; x_wconf 87' lang='lat' dir='ltr'><strong>ejus</strong></span> <span class='ocrx_word' id='word_1_324' title='bbox 2840 1936 2914 1990; x_wconf 87' lang='lat' dir='ltr'><strong>rei</strong></span> <span class='ocrx_word' id='word_1_325' title='bbox 2946 1951 3065 2005; x_wconf 62' lang='lat' dir='ltr'><strong>qua!</strong></span> <span class='ocrx_word' id='word_1_326' title='bbox 3088 1936 3158 1991; x_wconf 87' lang='lat' dir='ltr'><strong>sit</strong></span> <span class='ocrx_word' id='word_1_327' title='bbox 3182 1949 3365 2016; x_wconf 78' lang='lat' dir='ltr'><strong>causa,</strong></span> <span class='ocrx_word' id='word_1_328' title='bbox 3394 1950 3496 1991; x_wconf 88' lang='lat' dir='ltr'><strong>nec</strong></span> 
     </span>
    </p>
   </div>
   <div class='ocr_carea' id='block_1_50' title="bbox 1916 2026 3496 2107">
    <p class='ocr_par' dir='ltr' id='par_1_50' title="bbox 1916 2026 3496 2107">
     <span class='ocr_line' id='line_1_50' title="bbox 1916 2026 3496 2107; baseline -0.006 -17"><span class='ocrx_word' id='word_1_329' title='bbox 1916 2035 2086 2107; x_wconf 79' lang='lat' dir='ltr'><strong>signis</strong></span> <span class='ocrx_word' id='word_1_330' title='bbox 2134 2044 2261 2086; x_wconf 91' lang='lat' dir='ltr'><strong>tunc</strong></span> <span class='ocrx_word' id='word_1_331' title='bbox 2307 2031 2653 2087; x_wconf 79' lang='lat' dir='ltr'><strong>exstantibus</strong></span> <span class='ocrx_word' id='word_1_332' title='bbox 2703 2029 2953 2100; x_wconf 85' lang='lat' dir='ltr'><strong>intelligi,</strong></span> <span class='ocrx_word' id='word_1_333' title='bbox 3013 2044 3110 2083; x_wconf 91' lang='lat' dir='ltr'><strong>nec</strong></span> <span class='ocrx_word' id='word_1_334' title='bbox 3148 2042 3206 2082; x_wconf 89' lang='lat' dir='ltr'><strong>se</strong></span> <span class='ocrx_word' id='word_1_335' title='bbox 3250 2026 3496 2081; x_wconf 81' lang='lat' dir='ltr'><strong>divinare</strong></span> 
     </span>
    </p>
   </div>
   <div class='ocr_carea' id='block_1_51' title="bbox 1919 2120 3496 2197">
    <p class='ocr_par' dir='ltr' id='par_1_51' title="bbox 1919 2120 3496 2197">
     <span class='ocr_line' id='line_1_51' title="bbox 1919 2120 3496 2197; baseline -0.005 -14"><span class='ocrx_word' id='word_1_336' title='bbox 1919 2130 2054 2183; x_wconf 89' lang='lat' dir='ltr'><strong>satis</strong></span> <span class='ocrx_word' id='word_1_337' title='bbox 2089 2142 2270 2197; x_wconf 89' lang='lat' dir='ltr'><strong>posse,</strong></span> <span class='ocrx_word' id='word_1_338' title='bbox 2317 2126 2512 2195; x_wconf 84' lang='lat' dir='ltr'><strong>quibus</strong></span> <span class='ocrx_word' id='word_1_339' title='bbox 2560 2140 2747 2194; x_wconf 89' lang='lat' dir='ltr'><strong>parum</strong></span> <span class='ocrx_word' id='word_1_340' title='bbox 2785 2132 2930 2177; x_wconf 89' lang='lat' dir='ltr'><strong>esset</strong></span> <span class='ocrx_word' id='word_1_341' title='bbox 2979 2129 3317 2190; x_wconf 84' lang='lat' dir='ltr'><strong>compertum</strong></span> <span class='ocrx_word' id='word_1_342' title='bbox 3349 2120 3496 2190; x_wconf 89' lang='lat' dir='ltr'><strong>quod</strong></span> 
     </span>
    </p>
   </div>
   <div class='ocr_carea' id='block_1_52' title="bbox 1918 2214 3499 2293">
    <p class='ocr_par' dir='ltr' id='par_1_52' title="bbox 1918 2214 3499 2293">
     <span class='ocr_line' id='line_1_52' title="bbox 1918 2214 3499 2293; baseline -0.004 -18"><span class='ocrx_word' id='word_1_343' title='bbox 1918 2236 2088 2293; x_wconf 75' lang='lat' dir='ltr'><strong>genus</strong></span> <span class='ocrx_word' id='word_1_344' title='bbox 2134 2221 2331 2283; x_wconf 87' lang='lat' dir='ltr'><strong>vietus,</strong></span> <span class='ocrx_word' id='word_1_345' title='bbox 2387 2232 2622 2288; x_wconf 82' lang='lat' dir='ltr'><strong>quamve</strong></span> <span class='ocrx_word' id='word_1_346' title='bbox 2671 2216 2932 2269; x_wconf 87' lang='lat' dir='ltr'><strong>rationem</strong></span> <span class='ocrx_word' id='word_1_347' title='bbox 2982 2214 3205 2268; x_wconf 82' lang='lat' dir='ltr'><strong>curandi</strong></span> <span class='ocrx_word' id='word_1_348' title='bbox 3253 2214 3499 2283; x_wconf 80' lang='lat' dir='ltr'><strong>corporis</strong></span> 
     </span>
    </p>
   </div>
   <div class='ocr_carea' id='block_1_53' title="bbox 1922 2304 3501 2379">
    <p class='ocr_par' dir='ltr' id='par_1_53' title="bbox 1922 2304 3501 2379">
     <span class='ocr_line' id='line_1_53' title="bbox 1922 2304 3501 2379; baseline -0.004 -15"><span class='ocrx_word' id='word_1_349' title='bbox 1922 2312 2181 2365; x_wconf 87' lang='lat' dir='ltr'><strong>adbibere</strong></span> <span class='ocrx_word' id='word_1_350' title='bbox 2211 2311 2508 2378; x_wconf 71' lang='lat' dir='ltr'><strong>imperator</strong></span> <span class='ocrx_word' id='word_1_351' title='bbox 2530 2307 2847 2379; x_wconf 89' lang='lat' dir='ltr'><strong>quotidiano</strong></span> <span class='ocrx_word' id='word_1_352' title='bbox 2875 2304 3074 2361; x_wconf 86' lang='lat' dir='ltr'><strong>dudum</strong></span> <span class='ocrx_word' id='word_1_353' title='bbox 3107 2320 3204 2359; x_wconf 87' lang='lat' dir='ltr'><strong>nsn</strong></span> <span class='ocrx_word' id='word_1_354' title='bbox 3236 2318 3501 2359; x_wconf 81' lang='lat' dir='ltr'><strong>consues-</strong></span> 
     </span>
    </p>
   </div>
   <div class='ocr_carea' id='block_1_54' title="bbox 1922 2394 3501 2471">
    <p class='ocr_par' dir='ltr' id='par_1_54' title="bbox 1922 2394 3501 2471">
     <span class='ocr_line' id='line_1_54' title="bbox 1922 2394 3501 2471; baseline -0.003 -16"><span class='ocrx_word' id='word_1_355' title='bbox 1922 2415 2029 2458; x_wconf 84' lang='lat' dir='ltr'><strong>set.</strong></span> <span class='ocrx_word' id='word_1_356' title='bbox 2080 2399 2537 2471; x_wconf 76' lang='lat' dir='ltr'><strong>Respondebatur</strong></span> <span class='ocrx_word' id='word_1_357' title='bbox 2588 2398 3018 2469; x_wconf 74' lang='lat' dir='ltr'><strong>frugalissimum</strong></span> <span class='ocrx_word' id='word_1_358' title='bbox 3066 2412 3230 2463; x_wconf 90' lang='lat' dir='ltr'><strong>cum,</strong></span> <span class='ocrx_word' id='word_1_359' title='bbox 3285 2394 3501 2465; x_wconf 80' lang='lat' dir='ltr'><strong>cibique</strong></span> 
     </span>
    </p>
   </div>
   <div class='ocr_carea' id='block_1_55' title="bbox 1874 2487 3500 2564">
    <p class='ocr_par' dir='ltr' id='par_1_55' title="bbox 1874 2487 3500 2564">
     <span class='ocr_line' id='line_1_55' title="bbox 1874 2487 3500 2564; baseline -0.004 -17"><span class='ocrx_word' id='word_1_360' title='bbox 1874 2546 1889 2559; x_wconf 61' lang='grc'><strong>,</strong></span> <span class='ocrx_word' id='word_1_361' title='bbox 1920 2494 2199 2547; x_wconf 88' lang='lat' dir='ltr'><strong>hominem</strong></span> <span class='ocrx_word' id='word_1_362' title='bbox 2234 2490 2565 2564; x_wconf 77' lang='lat' dir='ltr'><strong>parcissirni,</strong></span> <span class='ocrx_word' id='word_1_363' title='bbox 2609 2490 2765 2560; x_wconf 86' lang='lat' dir='ltr'><strong>plane</strong></span> <span class='ocrx_word' id='word_1_364' title='bbox 2810 2499 3026 2544; x_wconf 91' lang='lat' dir='ltr'><strong>tenuem</strong></span> <span class='ocrx_word' id='word_1_365' title='bbox 3059 2503 3124 2542; x_wconf 94' lang='lat' dir='ltr'><strong>ac</strong></span> <span class='ocrx_word' id='word_1_366' title='bbox 3155 2487 3316 2541; x_wconf 69' lang='lat' dir='ltr'><strong>facile</strong></span> <span class='ocrx_word' id='word_1_367' title='bbox 3345 2502 3500 2555; x_wconf 65' lang='lat' dir='ltr'><strong>para.</strong></span> 
     </span>
    </p>
   </div>
   <div class='ocr_carea' id='block_1_56' title="bbox 1921 2578 3499 2657">
    <p class='ocr_par' dir='ltr' id='par_1_56' title="bbox 1921 2578 3499 2657">
     <span class='ocr_line' id='line_1_56' title="bbox 1921 2578 3499 2657; baseline -0.007 -14"><span class='ocrx_word' id='word_1_368' title='bbox 1921 2588 2108 2651; x_wconf 81' lang='lat' dir='ltr'><strong>bilem,</strong></span> <span class='ocrx_word' id='word_1_369' title='bbox 2170 2586 2342 2657; x_wconf 85' lang='lat' dir='ltr'><strong>qualis</strong></span> <span class='ocrx_word' id='word_1_370' title='bbox 2378 2600 2498 2640; x_wconf 87' lang='lat' dir='ltr'><strong>esse</strong></span> <span class='ocrx_word' id='word_1_371' title='bbox 2556 2585 2884 2641; x_wconf 89' lang='lat' dir='ltr'><strong>athletarum</strong></span> <span class='ocrx_word' id='word_1_372' title='bbox 2936 2580 3075 2637; x_wconf 78' lang='lat' dir='ltr'><strong>solet</strong></span> <span class='ocrx_word' id='word_1_373' title='bbox 3135 2595 3199 2634; x_wconf 87' lang='lat' dir='ltr'><strong>ac</strong></span> <span class='ocrx_word' id='word_1_374' title='bbox 3249 2578 3499 2646; x_wconf 83' lang='lat' dir='ltr'><strong>militum,</strong></span> 
     </span>
    </p>
   </div>
   <div class='ocr_carea' id='block_1_57' title="bbox 1924 2675 3505 2749">
    <p class='ocr_par' dir='ltr' id='par_1_57' title="bbox 1924 2675 3505 2749">
     <span class='ocr_line' id='line_1_57' title="bbox 1924 2675 3505 2749; baseline -0.007 -13"><span class='ocrx_word' id='word_1_375' title='bbox 1924 2681 2123 2736; x_wconf 85' lang='lat' dir='ltr'><strong>victum</strong></span> <span class='ocrx_word' id='word_1_376' title='bbox 2166 2694 2480 2749; x_wconf 71' lang='lat' dir='ltr'><strong>usurpasse,</strong></span> <span class='ocrx_word' id='word_1_377' title='bbox 2522 2676 2822 2748; x_wconf 82' lang='lat' dir='ltr'><strong>superﬂuas</strong></span> <span class='ocrx_word' id='word_1_378' title='bbox 2865 2675 3261 2744; x_wconf 78' lang='lat' dir='ltr'><strong>exquisitorum</strong></span> <span class='ocrx_word' id='word_1_379' title='bbox 3309 2685 3505 2727; x_wconf 87' lang='lat' dir='ltr'><strong>succo-</strong></span> 
     </span>
    </p>
   </div>
   <div class='ocr_carea' id='block_1_58' title="bbox 1924 2768 3501 2835">
    <p class='ocr_par' dir='ltr' id='par_1_58' title="bbox 1924 2768 3501 2835">
     <span class='ocr_line' id='line_1_58' title="bbox 1924 2768 3501 2835; baseline -0.004 -6"><span class='ocrx_word' id='word_1_380' title='bbox 1924 2789 2044 2829; x_wconf 91' lang='lat' dir='ltr'><strong>rum</strong></span> <span class='ocrx_word' id='word_1_381' title='bbox 2099 2788 2163 2827; x_wconf 80' lang='lat' dir='ltr'><strong>ac</strong></span> <span class='ocrx_word' id='word_1_382' title='bbox 2241 2771 2573 2826; x_wconf 83' lang='lat' dir='ltr'><strong>ferculorum</strong></span> <span class='ocrx_word' id='word_1_383' title='bbox 2630 2768 2852 2823; x_wconf 88' lang='lat' dir='ltr'><strong>delicias</strong></span> <span class='ocrx_word' id='word_1_384' title='bbox 2901 2782 3117 2835; x_wconf 85' lang='lat' dir='ltr'><strong>semper</strong></span> <span class='ocrx_word' id='word_1_385' title='bbox 3169 2773 3501 2822; x_wconf 80' lang='lat' dir='ltr'><strong>aversatum.</strong></span> 
     </span>
    </p>
   </div>
   <div class='ocr_carea' id='block_1_59' title="bbox 1926 2856 3502 2935">
    <p class='ocr_par' dir='ltr' id='par_1_59' title="bbox 1926 2856 3502 2935">
     <span class='ocr_line' id='line_1_59' title="bbox 1926 2856 3502 2935; baseline -0.003 -17"><span class='ocrx_word' id='word_1_386' title='bbox 1926 2867 2044 2935; x_wconf 83' lang='lat' dir='ltr'><strong>Quo</strong></span> <span class='ocrx_word' id='word_1_387' title='bbox 2085 2865 2162 2920; x_wconf 86' lang='lat' dir='ltr'><strong>illi</strong></span> <span class='ocrx_word' id='word_1_388' title='bbox 2195 2866 2379 2918; x_wconf 91' lang='lat' dir='ltr'><strong>audito</strong></span> <span class='ocrx_word' id='word_1_389' title='bbox 2418 2862 2505 2916; x_wconf 89' lang='lat' dir='ltr'><strong>ubi</strong></span> <span class='ocrx_word' id='word_1_390' title='bbox 2562 2872 2719 2916; x_wconf 73' lang='lat' dir='ltr'><strong>erant</strong></span> <span class='ocrx_word' id='word_1_391' title='bbox 2761 2860 2917 2925; x_wconf 72' lang='lat' dir='ltr'><strong>fassi,</strong></span> <span class='ocrx_word' id='word_1_392' title='bbox 2965 2875 3068 2914; x_wconf 91' lang='lat' dir='ltr'><strong>non</strong></span> <span class='ocrx_word' id='word_1_393' title='bbox 3121 2860 3283 2929; x_wconf 80' lang='lat' dir='ltr'><strong>igitur</strong></span> <span class='ocrx_word' id='word_1_394' title='bbox 3331 2856 3502 2913; x_wconf 82' lang='lat' dir='ltr'><strong>videri</strong></span> 
     </span>
    </p>
   </div>
   <div class='ocr_carea' id='block_1_60' title="bbox 1928 2951 3506 3027">
    <p class='ocr_par' dir='ltr' id='par_1_60' title="bbox 1928 2951 3506 3027">
     <span class='ocr_line' id='line_1_60' title="bbox 1928 2951 3506 3027; baseline -0.008 -13"><span class='ocrx_word' id='word_1_395' title='bbox 1928 2969 2152 3016; x_wconf 76' lang='lat' dir='ltr'><strong>arctata:</strong></span> <span class='ocrx_word' id='word_1_396' title='bbox 2196 2955 2571 3027; x_wconf 85' lang='lat' dir='ltr'><strong>respirationis</strong></span> <span class='ocrx_word' id='word_1_397' title='bbox 2605 2954 2795 3008; x_wconf 86' lang='lat' dir='ltr'><strong>vitium</strong></span> <span class='ocrx_word' id='word_1_398' title='bbox 2847 2951 3280 3024; x_wconf 61' lang='lat' dir='ltr'><strong>intemperantis:</strong></span> <span class='ocrx_word' id='word_1_399' title='bbox 3325 2951 3506 3019; x_wconf 89' lang='lat' dir='ltr'><strong>impu-</strong></span> 
     </span>
    </p>
   </div>
   <div class='ocr_carea' id='block_1_61' title="bbox 1927 3049 3503 3119">
    <p class='ocr_par' dir='ltr' id='par_1_61' title="bbox 1927 3049 3503 3119">
     <span class='ocr_line' id='line_1_61' title="bbox 1927 3049 3503 3119; baseline -0.006 -11"><span class='ocrx_word' id='word_1_400' title='bbox 1927 3054 2167 3119; x_wconf 86' lang='lat' dir='ltr'><strong>tandum,</strong></span> <span class='ocrx_word' id='word_1_401' title='bbox 2200 3065 2264 3105; x_wconf 87' lang='lat' dir='ltr'><strong>eo</strong></span> <span class='ocrx_word' id='word_1_402' title='bbox 2292 3050 2404 3104; x_wconf 81' lang='lat' dir='ltr'><strong>fere</strong></span> <span class='ocrx_word' id='word_1_403' title='bbox 2431 3049 2849 3113; x_wconf 71' lang='lat' dir='ltr'><strong>conveniebant,</strong></span> <span class='ocrx_word' id='word_1_404' title='bbox 2883 3057 2937 3101; x_wconf 90' lang='lat' dir='ltr'><strong>ut</strong></span> <span class='ocrx_word' id='word_1_405' title='bbox 2966 3062 3187 3100; x_wconf 78' lang='lat' dir='ltr'><strong>causam</strong></span> <span class='ocrx_word' id='word_1_406' title='bbox 3223 3054 3503 3099; x_wconf 74' lang='lat' dir='ltr'><strong>externam</strong></span> 
     </span>
    </p>
   </div>
   <div class='ocr_carea' id='block_1_62' title="bbox 1932 3140 3507 3216">
    <p class='ocr_par' dir='ltr' id='par_1_62' title="bbox 1932 3140 3507 3216">
     <span class='ocr_line' id='line_1_62' title="bbox 1932 3140 3507 3216; baseline -0.006 -15"><span class='ocrx_word' id='word_1_407' title='bbox 1932 3146 2092 3216; x_wconf 82' lang='lat' dir='ltr'><strong>hujus</strong></span> <span class='ocrx_word' id='word_1_408' title='bbox 2124 3144 2246 3200; x_wconf 82' lang='lat' dir='ltr'><strong>mali</strong></span> <span class='ocrx_word' id='word_1_409' title='bbox 2282 3160 2388 3198; x_wconf 92' lang='lat' dir='ltr'><strong>non</strong></span> <span class='ocrx_word' id='word_1_410' title='bbox 2441 3142 2599 3197; x_wconf 80' lang='lat' dir='ltr'><strong>aiiam</strong></span> <span class='ocrx_word' id='word_1_411' title='bbox 2632 3142 2899 3205; x_wconf 86' lang='lat' dir='ltr'><strong>dicerent,</strong></span> <span class='ocrx_word' id='word_1_412' title='bbox 2933 3156 3091 3208; x_wconf 86' lang='lat' dir='ltr'><strong>qnam</strong></span> <span class='ocrx_word' id='word_1_413' title='bbox 3124 3140 3346 3193; x_wconf 79' lang='lat' dir='ltr'><strong>nimiam</strong></span> <span class='ocrx_word' id='word_1_414' title='bbox 3375 3153 3507 3192; x_wconf 78' lang='lat' dir='ltr'><strong>cou-</strong></span> 
     </span>
    </p>
   </div>
   <div class='ocr_carea' id='block_1_63' title="bbox 239 3230 1823 3316">
    <p class='ocr_par' dir='ltr' id='par_1_63' title="bbox 239 3230 1820 3303">
     <span class='ocr_line' id='line_1_63' title="bbox 239 3230 1820 3303; baseline -0.003 -16"><span class='ocrx_word' id='word_1_415' title='bbox 239 3235 337 3287; x_wconf 82' lang='grc' dir='ltr'>θεν</span> <span class='ocrx_word' id='word_1_416' title='bbox 387 3232 552 3303; x_wconf 83' lang='grc' dir='ltr'>ἀέρος</span> <span class='ocrx_word' id='word_1_417' title='bbox 600 3230 889 3301; x_wconf 76' lang='grc' dir='ltr'>εἰσρυῆναί</span> <span class='ocrx_word' id='word_1_418' title='bbox 944 3249 1002 3283; x_wconf 87' lang='grc' dir='ltr'><strong>τε</strong></span> <span class='ocrx_word' id='word_1_419' title='bbox 1044 3232 1136 3282; x_wconf 75' lang='grc' dir='ltr'>καὶ</span> <span class='ocrx_word' id='word_1_420' title='bbox 1189 3232 1535 3301; x_wconf 74' lang='grc' dir='ltr'>ἀπορρυῆναι</span> <span class='ocrx_word' id='word_1_421' title='bbox 1570 3230 1712 3284; x_wconf 83' lang='grc' dir='ltr'><strong>κατά</strong></span> <span class='ocrx_word' id='word_1_422' title='bbox 1758 3247 1820 3299; x_wconf 86' lang='grc' dir='ltr'><strong>γε</strong></span> 
     </span>
    </p>
   </div>
   <div class='ocr_carea' id='block_1_64' title="bbox 1927 3230 3505 3316">
    <p class='ocr_par' dir='ltr' id='par_1_64' title="bbox 1933 3231 3505 3302">
     <span class='ocr_line' id='line_1_64' title="bbox 1933 3231 3505 3302; baseline -0.004 -11"><span class='ocrx_word' id='word_1_423' title='bbox 1933 3239 2228 3293; x_wconf 85' lang='lat' dir='ltr'><strong>tentionetn</strong></span> <span class='ocrx_word' id='word_1_424' title='bbox 2260 3251 2537 3302; x_wconf 85' lang='lat' dir='ltr'><strong>curarum,</strong></span> <span class='ocrx_word' id='word_1_425' title='bbox 2573 3234 2957 3302; x_wconf 86' lang='lat' dir='ltr'><strong>assiduumque</strong></span> <span class='ocrx_word' id='word_1_426' title='bbox 2988 3231 3265 3302; x_wconf 63' lang='lat' dir='ltr'><strong>appulsam</strong></span> <span class='ocrx_word' id='word_1_427' title='bbox 3299 3231 3505 3285; x_wconf 86' lang='lat' dir='ltr'><strong>acrium</strong></span> 
     </span>
    </p>
   </div>
   <div class='ocr_carea' id='block_1_65' title="bbox 236 3323 1828 3398">
    <p class='ocr_par' dir='ltr' id='par_1_65' title="bbox 236 3323 1828 3398">
     <span class='ocr_line' id='line_1_65' title="bbox 236 3323 1828 3398; baseline -0.004 -16"><span class='ocrx_word' id='word_1_428' title='bbox 236 3326 342 3398; x_wconf 79' lang='grc' dir='ltr'>τὴν</span> <span class='ocrx_word' id='word_1_429' title='bbox 395 3326 679 3397; x_wconf 80' lang='grc' dir='ltr'>ἀναπνοὴν</span> <span class='ocrx_word' id='word_1_430' title='bbox 737 3324 833 3378; x_wconf 79' lang='grc' dir='ltr'>καὶ</span> <span class='ocrx_word' id='word_1_431' title='bbox 893 3324 1177 3393; x_wconf 80' lang='grc' dir='ltr'>εἰσπνοήν.</span> <span class='ocrx_word' id='word_1_432' title='bbox 1231 3323 1393 3376; x_wconf 80' lang='grc' dir='ltr'><strong>Ἀλλᾶ</strong></span> <span class='ocrx_word' id='word_1_433' title='bbox 1447 3323 1541 3375; x_wconf 73' lang='grc' dir='ltr'><strong>καὶ</strong></span> <span class='ocrx_word' id='word_1_434' title='bbox 1590 3323 1828 3393; x_wconf 79' lang='grc' dir='ltr'>ὁπηνίκα</span> 
     </span>
    </p>
   </div>
   <div class='ocr_carea' id='block_1_66' title="bbox 235 3414 1829 3491">
    <p class='ocr_par' dir='ltr' id='par_1_66' title="bbox 235 3414 1829 3491">
     <span class='ocr_line' id='line_1_66' title="bbox 235 3414 1829 3491; baseline -0.003 -18"><span class='ocrx_word' id='word_1_435' title='bbox 235 3421 475 3491; x_wconf 64' lang='grc' dir='ltr'>ἐλεήσας</span> <span class='ocrx_word' id='word_1_436' title='bbox 522 3437 609 3483; x_wconf 86' lang='grc' dir='ltr'><strong>τις</strong></span> <span class='ocrx_word' id='word_1_437' title='bbox 664 3417 854 3471; x_wconf 68' lang='grc' dir='ltr'>τοῦτον</span> <span class='ocrx_word' id='word_1_438' title='bbox 903 3416 1072 3479; x_wconf 75' lang='grc' dir='ltr'>ὕπνος</span> <span class='ocrx_word' id='word_1_439' title='bbox 1126 3415 1363 3485; x_wconf 77' lang='grc' dir='ltr'>ἐπέλθῃ,</span> <span class='ocrx_word' id='word_1_440' title='bbox 1404 3415 1500 3467; x_wconf 65' lang='grc' dir='ltr'>καὶ</span> <span class='ocrx_word' id='word_1_441' title='bbox 1549 3414 1674 3467; x_wconf 83' lang='grc' dir='ltr'>τότε</span> <span class='ocrx_word' id='word_1_442' title='bbox 1731 3415 1829 3485; x_wconf 78' lang='grc' dir='ltr'>τῆς</span> 
     </span>
    </p>
   </div>
   <div class='ocr_carea' id='block_1_67' title="bbox 236 3508 1832 3584">
    <p class='ocr_par' dir='ltr' id='par_1_67' title="bbox 236 3508 1832 3584">
     <span class='ocr_line' id='line_1_67' title="bbox 236 3508 1832 3584; baseline -0.006 -16"><span class='ocrx_word' id='word_1_443' title='bbox 236 3514 554 3584; x_wconf 82' lang='grc' dir='ltr'>πνιγμονῆς</span> <span class='ocrx_word' id='word_1_444' title='bbox 627 3511 893 3566; x_wconf 76' lang='grc' dir='ltr'>ἐπεδίδου.</span> <span class='ocrx_word' id='word_1_445' title='bbox 956 3510 1121 3563; x_wconf 82' lang='grc' dir='ltr'>Ὥστε</span> <span class='ocrx_word' id='word_1_446' title='bbox 1194 3509 1336 3561; x_wconf 62' lang='grc' dir='ltr'>κατὰ</span> <span class='ocrx_word' id='word_1_447' title='bbox 1399 3508 1578 3562; x_wconf 78' lang='grc' dir='ltr'>πάντα</span> <span class='ocrx_word' id='word_1_448' title='bbox 1638 3509 1832 3578; x_wconf 71' lang='grc' dir='ltr'>καιρὸν</span> 
     </span>
    </p>
   </div>
   <div class='ocr_carea' id='block_1_68' title="bbox 235 3599 1831 3675">
    <p class='ocr_par' dir='ltr' id='par_1_68' title="bbox 235 3599 1831 3675">
     <span class='ocr_line' id='line_1_68' title="bbox 235 3599 1831 3675; baseline -0.006 -16"><span class='ocrx_word' id='word_1_449' title='bbox 235 3608 339 3659; x_wconf 80' lang='grc' dir='ltr'>καὶ</span> <span class='ocrx_word' id='word_1_450' title='bbox 379 3607 750 3675; x_wconf 81' lang='grc' dir='ltr'>ὲγρηγορότος</span> <span class='ocrx_word' id='word_1_451' title='bbox 796 3601 962 3657; x_wconf 76' lang='grc' dir='ltr'>αὑτοῦ</span> <span class='ocrx_word' id='word_1_452' title='bbox 1011 3600 1109 3654; x_wconf 70' lang='grc' dir='ltr'><strong>καῖ</strong></span> <span class='ocrx_word' id='word_1_453' title='bbox 1157 3599 1553 3664; x_wconf 84' lang='grc' dir='ltr'>ύπνώττοντος,</span> <span class='ocrx_word' id='word_1_454' title='bbox 1612 3600 1644 3669; x_wconf 79' lang='grc' dir='ltr'>ἡ</span> <span class='ocrx_word' id='word_1_455' title='bbox 1693 3615 1831 3668; x_wconf 84' lang='grc' dir='ltr'>συμ-</span> 
     </span>
    </p>
   </div>
   <div class='ocr_carea' id='block_1_69' title="bbox 240 3690 1834 3769">
    <p class='ocr_par' dir='ltr' id='par_1_69' title="bbox 240 3690 1834 3769">
     <span class='ocr_line' id='line_1_69' title="bbox 240 3690 1834 3769; baseline -0.006 -18"><span class='ocrx_word' id='word_1_456' title='bbox 240 3698 393 3769; x_wconf 71' lang='grc' dir='ltr'>φορὰ</span> <span class='ocrx_word' id='word_1_457' title='bbox 425 3699 525 3763; x_wconf 85' lang='grc' dir='ltr'>τῆς</span> <span class='ocrx_word' id='word_1_458' title='bbox 581 3697 819 3767; x_wconf 80' lang='grc' dir='ltr'>ἀγχόνης</span> <span class='ocrx_word' id='word_1_459' title='bbox 857 3693 1160 3747; x_wconf 74' lang='grc' dir='ltr'>ἐπετίθετο.</span> <span class='ocrx_word' id='word_1_460' title='bbox 1217 3692 1373 3744; x_wconf 65' lang='grc' dir='ltr'>Ἐπεὶ</span> <span class='ocrx_word' id='word_1_461' title='bbox 1425 3691 1481 3744; x_wconf 81' lang='grc' dir='ltr'>δὲ</span> <span class='ocrx_word' id='word_1_462' title='bbox 1534 3690 1834 3761; x_wconf 76' lang='grc' dir='ltr'>καθάρσιον</span> 
     </span>
    </p>
   </div>
   <div class='ocr_carea' id='block_1_70' title="bbox 238 3783 1833 3859">
    <p class='ocr_par' dir='ltr' id='par_1_70' title="bbox 238 3783 1833 3859">
     <span class='ocr_line' id='line_1_70' title="bbox 238 3783 1833 3859; baseline -0.006 -15"><span class='ocrx_word' id='word_1_463' title='bbox 238 3792 351 3844; x_wconf 87' lang='grc' dir='ltr'><strong>ούκ</strong></span> <span class='ocrx_word' id='word_1_464' title='bbox 386 3791 612 3851; x_wconf 74' lang='grc' dir='ltr'>ἐδίδοτο,</span> <span class='ocrx_word' id='word_1_465' title='bbox 650 3789 785 3859; x_wconf 73' lang='grc' dir='ltr'>πρὸς</span> <span class='ocrx_word' id='word_1_466' title='bbox 820 3785 1190 3857; x_wconf 78' lang='grc' dir='ltr'>φλεϐοτομίαν</span> <span class='ocrx_word' id='word_1_467' title='bbox 1225 3783 1564 3853; x_wconf 75' lang='grc' dir='ltr'>ἀπέϐλεψαν,</span> <span class='ocrx_word' id='word_1_468' title='bbox 1599 3783 1695 3836; x_wconf 70' lang='grc' dir='ltr'>καὶ</span> <span class='ocrx_word' id='word_1_469' title='bbox 1735 3783 1833 3853; x_wconf 82' lang='grc' dir='ltr'>τὴν</span> 
     </span>
    </p>
   </div>
   <div class='ocr_carea' id='block_1_71' title="bbox 245 3875 1837 3953">
    <p class='ocr_par' dir='ltr' id='par_1_71' title="bbox 245 3875 1837 3953">
     <span class='ocr_line' id='line_1_71' title="bbox 245 3875 1837 3953; baseline -0.004 -18"><span class='ocrx_word' id='word_1_470' title='bbox 245 3883 353 3953; x_wconf 80' lang='grc' dir='ltr'>μὲν</span> <span class='ocrx_word' id='word_1_471' title='bbox 384 3883 473 3936; x_wconf 85' lang='grc' dir='ltr'><strong>διά</strong></span> <span class='ocrx_word' id='word_1_472' title='bbox 498 3881 596 3934; x_wconf 81' lang='grc' dir='ltr'>τοῦ</span> <span class='ocrx_word' id='word_1_473' title='bbox 631 3882 879 3947; x_wconf 78' lang='grc' dir='ltr'>ἀγκῶνος</span> <span class='ocrx_word' id='word_1_474' title='bbox 912 3879 1225 3949; x_wconf 82' lang='grc' dir='ltr'>ἀπέταμον,</span> <span class='ocrx_word' id='word_1_475' title='bbox 1266 3878 1328 3930; x_wconf 91' lang='grc' dir='ltr'><strong>ού</strong></span> <span class='ocrx_word' id='word_1_476' title='bbox 1360 3877 1467 3949; x_wconf 78' lang='grc' dir='ltr'>μὴν</span> <span class='ocrx_word' id='word_1_477' title='bbox 1507 3877 1609 3948; x_wconf 77' lang='grc' dir='ltr'>τῆς</span> <span class='ocrx_word' id='word_1_478' title='bbox 1641 3875 1837 3944; x_wconf 79' lang='grc' dir='ltr'>φλεϐο-</span> 
     </span>
    </p>
   </div>
   <div class='ocr_carea' id='block_1_72' title="bbox 238 3965 1829 4044">
    <p class='ocr_par' dir='ltr' id='par_1_72' title="bbox 238 3965 1829 4044">
     <span class='ocr_line' id='line_1_72' title="bbox 238 3965 1829 4044; baseline -0.003 -16"><span class='ocrx_word' id='word_1_479' title='bbox 238 3974 445 4044; x_wconf 78' lang='grc' dir='ltr'>τομέας</span> <span class='ocrx_word' id='word_1_480' title='bbox 473 3974 754 4039; x_wconf 83' lang='grc' dir='ltr'>ἀπώνατο,</span> <span class='ocrx_word' id='word_1_481' title='bbox 805 3974 922 4027; x_wconf 84' lang='grc' dir='ltr'>ἀλλ’</span> <span class='ocrx_word' id='word_1_482' title='bbox 956 3972 1221 4035; x_wconf 79' lang='grc' dir='ltr'>ὡσαύτως</span> <span class='ocrx_word' id='word_1_483' title='bbox 1253 3971 1346 4024; x_wconf 64' lang='grc' dir='ltr'><strong>καὶ</strong></span> <span class='ocrx_word' id='word_1_484' title='bbox 1376 3971 1538 4025; x_wconf 77' lang='grc' dir='ltr'>πάλιν</span> <span class='ocrx_word' id='word_1_485' title='bbox 1565 3965 1703 4041; x_wconf 74' lang='grc' dir='ltr'>εἶχε,</span> <span class='ocrx_word' id='word_1_486' title='bbox 1734 3972 1829 4024; x_wconf 77' lang='grc' dir='ltr'>καὶ</span> 
     </span>
    </p>
   </div>
   <div class='ocr_carea' id='block_1_73' title="bbox 238 4061 1833 4136">
    <p class='ocr_par' dir='ltr' id='par_1_73' title="bbox 238 4061 1833 4136">
     <span class='ocr_line' id='line_1_73' title="bbox 238 4061 1833 4136; baseline -0.001 -17"><span class='ocrx_word' id='word_1_487' title='bbox 238 4066 516 4128; x_wconf 79' lang='grc' dir='ltr'>δύσπνους</span> <span class='ocrx_word' id='word_1_488' title='bbox 549 4061 619 4136; x_wconf 78' lang='grc' dir='ltr'>ἦν</span> <span class='ocrx_word' id='word_1_489' title='bbox 649 4066 769 4128; x_wconf 82' lang='grc' dir='ltr'>ὅλος</span> <span class='ocrx_word' id='word_1_490' title='bbox 806 4066 901 4119; x_wconf 69' lang='grc' dir='ltr'>καὶ</span> <span class='ocrx_word' id='word_1_491' title='bbox 930 4065 1239 4117; x_wconf 74' lang='grc' dir='ltr'>ἐκινδύνευε</span> <span class='ocrx_word' id='word_1_492' title='bbox 1275 4063 1452 4116; x_wconf 86' lang='grc' dir='ltr'>διόλου</span> <span class='ocrx_word' id='word_1_493' title='bbox 1479 4064 1666 4117; x_wconf 86' lang='grc' dir='ltr'>στενὸν</span> <span class='ocrx_word' id='word_1_494' title='bbox 1697 4064 1833 4117; x_wconf 86' lang='grc' dir='ltr'>ἀνα-</span> 
     </span>
    </p>
   </div>
   <div class='ocr_carea' id='block_1_74' title="bbox 238 4155 1832 4234">
    <p class='ocr_par' dir='ltr' id='par_1_74' title="bbox 238 4155 1832 4234">
     <span class='ocr_line' id='line_1_74' title="bbox 238 4155 1832 4234; baseline -0.002 -22"><span class='ocrx_word' id='word_1_495' title='bbox 238 4161 429 4213; x_wconf 73' lang='grc' dir='ltr'>πνέων</span> <span class='ocrx_word' id='word_1_496' title='bbox 462 4162 580 4223; x_wconf 85' lang='grc' dir='ltr'>ταῖς</span> <span class='ocrx_word' id='word_1_497' title='bbox 611 4160 801 4230; x_wconf 75' lang='grc' dir='ltr'>χερσὶν</span> <span class='ocrx_word' id='word_1_498' title='bbox 843 4158 1000 4229; x_wconf 76' lang='grc' dir='ltr'>ἡμῶν</span> <span class='ocrx_word' id='word_1_499' title='bbox 1062 4158 1430 4234; x_wconf 76' lang='grc' dir='ltr'>ὲναπερυγτῖν</span> <span class='ocrx_word' id='word_1_500' title='bbox 1479 4157 1580 4226; x_wconf 79' lang='grc' dir='ltr'>τὴν</span> <span class='ocrx_word' id='word_1_501' title='bbox 1628 4155 1832 4227; x_wconf 73' lang='grc' dir='ltr'>ψυχήν.</span> 
     </span>
    </p>
   </div>
   <div class='ocr_carea' id='block_1_75' title="bbox 240 4272 1833 4345">
    <p class='ocr_par' dir='ltr' id='par_1_75' title="bbox 240 4272 1833 4345">
     <span class='ocr_line' id='line_1_75' title="bbox 240 4272 1833 4345; baseline -0.003 -12"><span class='ocrx_word' id='word_1_502' title='bbox 240 4279 384 4333; x_wconf 78' lang='lat' dir='ltr'><strong>bare</strong></span> <span class='ocrx_word' id='word_1_503' title='bbox 404 4276 569 4340; x_wconf 88' lang='lat' dir='ltr'><strong>latus,</strong></span> <span class='ocrx_word' id='word_1_504' title='bbox 595 4283 689 4329; x_wconf 90' lang='lat' dir='ltr'><strong>aut</strong></span> <span class='ocrx_word' id='word_1_505' title='bbox 715 4274 935 4330; x_wconf 91' lang='lat' dir='ltr'><strong>omnino</strong></span> <span class='ocrx_word' id='word_1_506' title='bbox 964 4276 1083 4329; x_wconf 92' lang='lat' dir='ltr'><strong>sine</strong></span> <span class='ocrx_word' id='word_1_507' title='bbox 1114 4275 1164 4330; x_wconf 92' lang='lat' dir='ltr'><strong>vi</strong></span> <span class='ocrx_word' id='word_1_508' title='bbox 1200 4273 1426 4329; x_wconf 87' lang='lat' dir='ltr'><strong>molesta</strong></span> <span class='ocrx_word' id='word_1_509' title='bbox 1450 4272 1833 4345; x_wconf 83' lang='lat' dir='ltr'><strong>laboriosoqne</strong></span> 
     </span>
    </p>
   </div>
   <div class='ocr_carea' id='block_1_76' title="bbox 239 4366 1830 4445">
    <p class='ocr_par' dir='ltr' id='par_1_76' title="bbox 239 4366 1830 4445">
     <span class='ocr_line' id='line_1_76' title="bbox 239 4366 1830 4445; baseline 0 -22"><span class='ocrx_word' id='word_1_510' title='bbox 239 4380 479 4445; x_wconf 80' lang='lat' dir='ltr'><strong>conatu,</strong></span> <span class='ocrx_word' id='word_1_511' title='bbox 513 4368 714 4423; x_wconf 89' lang='lat' dir='ltr'><strong>ducere</strong></span> <span class='ocrx_word' id='word_1_512' title='bbox 748 4383 931 4421; x_wconf 90' lang='lat' dir='ltr'><strong>aerem</strong></span> <span class='ocrx_word' id='word_1_513' title='bbox 980 4367 1243 4437; x_wconf 88' lang='lat' dir='ltr'><strong>spirando</strong></span> <span class='ocrx_word' id='word_1_514' title='bbox 1285 4374 1491 4438; x_wconf 90' lang='lat' dir='ltr'><strong>posset.</strong></span> <span class='ocrx_word' id='word_1_515' title='bbox 1526 4366 1830 4436; x_wconf 81' lang='lat' dir='ltr'><strong>Exprome-</strong></span> 
     </span>
    </p>
   </div>
   <div class='ocr_carea' id='block_1_77' title="bbox 239 4458 1832 4531">
    <p class='ocr_par' dir='ltr' id='par_1_77' title="bbox 239 4458 1832 4531">
     <span class='ocr_line' id='line_1_77' title="bbox 239 4458 1832 4531; baseline -0.003 -13"><span class='ocrx_word' id='word_1_516' title='bbox 239 4462 387 4518; x_wconf 86' lang='lat' dir='ltr'><strong>bant</strong></span> <span class='ocrx_word' id='word_1_517' title='bbox 438 4476 536 4529; x_wconf 90' lang='lat' dir='ltr'><strong>pro</strong></span> <span class='ocrx_word' id='word_1_518' title='bbox 590 4475 650 4517; x_wconf 89' lang='lat' dir='ltr'><strong>se</strong></span> <span class='ocrx_word' id='word_1_519' title='bbox 701 4461 933 4531; x_wconf 80' lang='lat' dir='ltr'><strong>quisque</strong></span> <span class='ocrx_word' id='word_1_520' title='bbox 990 4460 1315 4514; x_wconf 83' lang='lat' dir='ltr'><strong>industriam</strong></span> <span class='ocrx_word' id='word_1_521' title='bbox 1375 4458 1535 4513; x_wconf 87' lang='lat' dir='ltr'><strong>acciti</strong></span> <span class='ocrx_word' id='word_1_522' title='bbox 1592 4460 1832 4531; x_wconf 89' lang='lat' dir='ltr'><strong>undique</strong></span> 
     </span>
    </p>
   </div>
   <div class='ocr_carea' id='block_1_78' title="bbox 242 4549 1830 4622">
    <p class='ocr_par' dir='ltr' id='par_1_78' title="bbox 242 4549 1830 4622">
     <span class='ocr_line' id='line_1_78' title="bbox 242 4549 1830 4622; baseline -0.001 -14"><span class='ocrx_word' id='word_1_523' title='bbox 242 4554 454 4608; x_wconf 79' lang='lat' dir='ltr'><strong>medici</strong></span> <span class='ocrx_word' id='word_1_524' title='bbox 496 4568 708 4617; x_wconf 86' lang='lat' dir='ltr'><strong>omnes,</strong></span> <span class='ocrx_word' id='word_1_525' title='bbox 750 4562 936 4622; x_wconf 86' lang='lat' dir='ltr'><strong>utpote</strong></span> <span class='ocrx_word' id='word_1_526' title='bbox 984 4552 1177 4621; x_wconf 85' lang='lat' dir='ltr'><strong>quibus</strong></span> <span class='ocrx_word' id='word_1_527' title='bbox 1203 4560 1362 4621; x_wconf 88' lang='lat' dir='ltr'><strong>caput</strong></span> <span class='ocrx_word' id='word_1_528' title='bbox 1394 4566 1457 4605; x_wconf 90' lang='lat' dir='ltr'><strong>ac</strong></span> <span class='ocrx_word' id='word_1_529' title='bbox 1503 4549 1649 4607; x_wconf 85' lang='lat' dir='ltr'><strong>salus</strong></span> <span class='ocrx_word' id='word_1_530' title='bbox 1682 4554 1830 4621; x_wconf 87' lang='lat' dir='ltr'><strong>prin—</strong></span> 
     </span>
    </p>
   </div>
   <div class='ocr_carea' id='block_1_79' title="bbox 1928 3324 3511 3394">
    <p class='ocr_par' dir='ltr' id='par_1_79' title="bbox 1928 3324 3511 3394">
     <span class='ocr_line' id='line_1_79' title="bbox 1928 3324 3511 3394; baseline -0.007 -9"><span class='ocrx_word' id='word_1_531' title='bbox 1928 3332 2372 3394; x_wconf 78' lang='lat' dir='ltr'><strong>Sullicitndinum,</strong></span> <span class='ocrx_word' id='word_1_532' title='bbox 2408 3328 2465 3382; x_wconf 90' lang='lat' dir='ltr'><strong>in</strong></span> <span class='ocrx_word' id='word_1_533' title='bbox 2495 3329 2639 3381; x_wconf 89' lang='lat' dir='ltr'><strong>serie</strong></span> <span class='ocrx_word' id='word_1_534' title='bbox 2673 3338 2778 3378; x_wconf 86' lang='lat' dir='ltr'><strong>tam</strong></span> <span class='ocrx_word' id='word_1_535' title='bbox 2818 3328 3069 3378; x_wconf 81' lang='lat' dir='ltr'><strong>continua</strong></span> <span class='ocrx_word' id='word_1_536' title='bbox 3113 3340 3292 3377; x_wconf 83' lang='lat' dir='ltr'><strong>rerum</strong></span> <span class='ocrx_word' id='word_1_537' title='bbox 3323 3324 3511 3376; x_wconf 62' lang='lat' dir='ltr'><strong>advero</strong></span> 
     </span>
    </p>
   </div>
   <div class='ocr_carea' id='block_1_80' title="bbox 1929 3413 3511 3491">
    <p class='ocr_par' dir='ltr' id='par_1_80' title="bbox 1929 3413 3511 3491">
     <span class='ocr_line' id='line_1_80' title="bbox 1929 3413 3511 3491; baseline -0.006 -12"><span class='ocrx_word' id='word_1_538' title='bbox 1929 3440 2136 3486; x_wconf 78' lang='lat' dir='ltr'><strong>sarum,</strong></span> <span class='ocrx_word' id='word_1_539' title='bbox 2165 3424 2364 3491; x_wconf 84' lang='lat' dir='ltr'><strong>quibus</strong></span> <span class='ocrx_word' id='word_1_540' title='bbox 2395 3418 2756 3475; x_wconf 72' lang='lat' dir='ltr'><strong>excalfictutn</strong></span> <span class='ocrx_word' id='word_1_541' title='bbox 2792 3433 2907 3480; x_wconf 87' lang='lat' dir='ltr'><strong>cor,</strong></span> <span class='ocrx_word' id='word_1_542' title='bbox 2937 3415 3198 3487; x_wconf 82' lang='lat' dir='ltr'><strong>quidquid</strong></span> <span class='ocrx_word' id='word_1_543' title='bbox 3237 3425 3352 3468; x_wconf 86' lang='lat' dir='ltr'><strong>erat</strong></span> <span class='ocrx_word' id='word_1_544' title='bbox 3384 3413 3511 3469; x_wconf 66' lang='lat' dir='ltr'><strong>reli«</strong></span> 
     </span>
    </p>
   </div>
   <div class='ocr_carea' id='block_1_81' title="bbox 1929 3507 3511 3582">
    <p class='ocr_par' dir='ltr' id='par_1_81' title="bbox 1929 3507 3511 3582">
     <span class='ocr_line' id='line_1_81' title="bbox 1929 3507 3511 3582; baseline -0.003 -17"><span class='ocrx_word' id='word_1_545' title='bbox 1929 3530 2034 3581; x_wconf 91' lang='lat' dir='ltr'><strong>quo</strong></span> <span class='ocrx_word' id='word_1_546' title='bbox 2064 3516 2113 3567; x_wconf 88' lang='lat' dir='ltr'><strong>itt</strong></span> <span class='ocrx_word' id='word_1_547' title='bbox 2154 3523 2267 3567; x_wconf 87' lang='lat' dir='ltr'><strong>toto</strong></span> <span class='ocrx_word' id='word_1_548' title='bbox 2302 3527 2531 3582; x_wconf 86' lang='lat' dir='ltr'><strong>corpore</strong></span> <span class='ocrx_word' id='word_1_549' title='bbox 2565 3511 2894 3576; x_wconf 87' lang='lat' dir='ltr'><strong>redundans,</strong></span> <span class='ocrx_word' id='word_1_550' title='bbox 2927 3526 3088 3563; x_wconf 83' lang='lat' dir='ltr'><strong>Omne</strong></span> <span class='ocrx_word' id='word_1_551' title='bbox 3129 3510 3194 3563; x_wconf 87' lang='lat' dir='ltr'><strong>ad</strong></span> <span class='ocrx_word' id='word_1_552' title='bbox 3225 3508 3308 3562; x_wconf 82' lang='lat' dir='ltr'><strong>sui</strong></span> <span class='ocrx_word' id='word_1_553' title='bbox 3349 3507 3511 3561; x_wconf 80' lang='lat' dir='ltr'><strong>refri-</strong></span> 
     </span>
    </p>
   </div>
   <div class='ocr_carea' id='block_1_82' title="bbox 1926 3600 3510 3679">
    <p class='ocr_par' dir='ltr' id='par_1_82' title="bbox 1926 3600 3510 3679">
     <span class='ocr_line' id='line_1_82' title="bbox 1926 3600 3510 3679; baseline -0.004 -18"><span class='ocrx_word' id='word_1_554' title='bbox 1926 3607 2137 3679; x_wconf 76' lang='lat' dir='ltr'><strong>gerium</strong></span> <span class='ocrx_word' id='word_1_555' title='bbox 2168 3608 2434 3677; x_wconf 85' lang='lat' dir='ltr'><strong>rapaciter</strong></span> <span class='ocrx_word' id='word_1_556' title='bbox 2460 3605 2732 3660; x_wconf 74' lang='lat' dir='ltr'><strong>trahebat.</strong></span> <span class='ocrx_word' id='word_1_557' title='bbox 2760 3604 2898 3657; x_wconf 86' lang='lat' dir='ltr'><strong>llinc</strong></span> <span class='ocrx_word' id='word_1_558' title='bbox 2931 3603 3081 3657; x_wconf 87' lang='lat' dir='ltr'><strong>ditus</strong></span> <span class='ocrx_word' id='word_1_559' title='bbox 3110 3605 3201 3657; x_wconf 83' lang='lat' dir='ltr'><strong>hic</strong></span> <span class='ocrx_word' id='word_1_560' title='bbox 3227 3610 3281 3657; x_wconf 93' lang='lat' dir='ltr'><strong>et</strong></span> <span class='ocrx_word' id='word_1_561' title='bbox 3312 3600 3510 3656; x_wconf 84' lang='lat' dir='ltr'><strong>remis-</strong></span> 
     </span>
    </p>
   </div>
   <div class='ocr_carea' id='block_1_83' title="bbox 1937 3692 3512 3766">
    <p class='ocr_par' dir='ltr' id='par_1_83' title="bbox 1937 3692 3512 3766">
     <span class='ocr_line' id='line_1_83' title="bbox 1937 3692 3512 3766; baseline -0.002 -13"><span class='ocrx_word' id='word_1_562' title='bbox 1937 3697 2108 3753; x_wconf 82' lang='lat' dir='ltr'><strong>sionis</strong></span> <span class='ocrx_word' id='word_1_563' title='bbox 2166 3713 2361 3766; x_wconf 76' lang='lat' dir='ltr'><strong>expers</strong></span> <span class='ocrx_word' id='word_1_564' title='bbox 2421 3696 2770 3766; x_wconf 81' lang='lat' dir='ltr'><strong>imperatoris</strong></span> <span class='ocrx_word' id='word_1_565' title='bbox 2819 3696 3062 3758; x_wconf 90' lang='lat' dir='ltr'><strong>morbus,</strong></span> <span class='ocrx_word' id='word_1_566' title='bbox 3119 3692 3294 3764; x_wconf 80' lang='lat' dir='ltr'><strong>laquei</strong></span> <span class='ocrx_word' id='word_1_567' title='bbox 3351 3692 3512 3749; x_wconf 84' lang='lat' dir='ltr'><strong>modo</strong></span> 
     </span>
    </p>
   </div>
   <div class='ocr_carea' id='block_1_84' title="bbox 1937 3785 3507 3865">
    <p class='ocr_par' dir='ltr' id='par_1_84' title="bbox 1937 3785 3507 3859">
     <span class='ocr_line' id='line_1_84' title="bbox 1937 3785 3507 3859; baseline -0.001 -15"><span class='ocrx_word' id='word_1_568' title='bbox 1937 3791 2125 3845; x_wconf 77' lang='lat' dir='ltr'><strong>fauces</strong></span> <span class='ocrx_word' id='word_1_569' title='bbox 2176 3805 2398 3857; x_wconf 67' lang='lat' dir='ltr'><strong>urgens,</strong></span> <span class='ocrx_word' id='word_1_570' title='bbox 2444 3790 2896 3859; x_wconf 80' lang='lat' dir='ltr'><strong>strangulaasqne</strong></span> <span class='ocrx_word' id='word_1_571' title='bbox 2938 3787 3215 3842; x_wconf 85' lang='lat' dir='ltr'><strong>hominem</strong></span> <span class='ocrx_word' id='word_1_572' title='bbox 3269 3785 3507 3842; x_wconf 84' lang='lat' dir='ltr'><strong>assidue.</strong></span> 
     </span>
    </p>
   </div>
   <div class='ocr_carea' id='block_1_85' title="bbox 1936 3880 3509 3954">
    <p class='ocr_par' dir='ltr' id='par_1_85' title="bbox 1936 3880 3509 3954">
     <span class='ocr_line' id='line_1_85' title="bbox 1936 3880 3509 3954; baseline -0.003 -16"><span class='ocrx_word' id='word_1_573' title='bbox 1936 3884 2228 3944; x_wconf 75' lang='lat' dir='ltr'><strong>Crescebat</strong></span> <span class='ocrx_word' id='word_1_574' title='bbox 2270 3900 2433 3954; x_wconf 90' lang='lat' dir='ltr'><strong>porro</strong></span> <span class='ocrx_word' id='word_1_575' title='bbox 2471 3883 2669 3937; x_wconf 85' lang='lat' dir='ltr'><strong>malum</strong></span> <span class='ocrx_word' id='word_1_576' title='bbox 2715 3884 2903 3953; x_wconf 82' lang='lat' dir='ltr'><strong>ingens</strong></span> <span class='ocrx_word' id='word_1_577' title='bbox 2937 3899 2964 3935; x_wconf 87' lang='lat' dir='ltr'><strong>a</strong></span> <span class='ocrx_word' id='word_1_578' title='bbox 2999 3881 3285 3952; x_wconf 65' lang='lat' dir='ltr'><strong>principio,</strong></span> <span class='ocrx_word' id='word_1_579' title='bbox 3327 3880 3509 3950; x_wconf 64' lang='lat' dir='ltr'><strong>quotiv</strong></span> 
     </span>
    </p>
   </div>
   <div class='ocr_carea' id='block_1_86' title="bbox 1937 3973 3514 4049">
    <p class='ocr_par' dir='ltr' id='par_1_86' title="bbox 1937 3973 3514 4049">
     <span class='ocr_line' id='line_1_86' title="bbox 1937 3973 3514 4049; baseline -0.004 -17"><span class='ocrx_word' id='word_1_580' title='bbox 1937 3978 2114 4032; x_wconf 78' lang='lat' dir='ltr'><strong>dianis</strong></span> <span class='ocrx_word' id='word_1_581' title='bbox 2172 3976 2496 4045; x_wconf 77' lang='lat' dir='ltr'><strong>augmentis,</strong></span> <span class='ocrx_word' id='word_1_582' title='bbox 2557 3978 2730 4049; x_wconf 88' lang='lat' dir='ltr'><strong>iisque</strong></span> <span class='ocrx_word' id='word_1_583' title='bbox 2790 3975 2974 4040; x_wconf 89' lang='lat' dir='ltr'><strong>tantis,</strong></span> <span class='ocrx_word' id='word_1_584' title='bbox 3030 3983 3088 4028; x_wconf 90' lang='lat' dir='ltr'><strong>ut</strong></span> <span class='ocrx_word' id='word_1_585' title='bbox 3140 3989 3246 4029; x_wconf 94' lang='lat' dir='ltr'><strong>non</strong></span> <span class='ocrx_word' id='word_1_586' title='bbox 3284 3973 3397 4043; x_wconf 87' lang='lat' dir='ltr'><strong>jam</strong></span> <span class='ocrx_word' id='word_1_587' title='bbox 3444 3986 3514 4031; x_wconf 77' lang='lat' dir='ltr'><strong>ex</strong></span> 
     </span>
    </p>
   </div>
   <div class='ocr_carea' id='block_1_87' title="bbox 1936 4068 3512 4139">
    <p class='ocr_par' dir='ltr' id='par_1_87' title="bbox 1936 4068 3512 4139">
     <span class='ocr_line' id='line_1_87' title="bbox 1936 4068 3512 4139; baseline -0.005 -12"><span class='ocrx_word' id='word_1_588' title='bbox 1936 4071 2258 4137; x_wconf 85' lang='lat' dir='ltr'><strong>intervallis,</strong></span> <span class='ocrx_word' id='word_1_589' title='bbox 2322 4072 2418 4124; x_wconf 82' lang='lat' dir='ltr'><strong>sed</strong></span> <span class='ocrx_word' id='word_1_590' title='bbox 2477 4070 2755 4136; x_wconf 85' lang='lat' dir='ltr'><strong>centinue,</strong></span> <span class='ocrx_word' id='word_1_591' title='bbox 2815 4070 3085 4139; x_wconf 85' lang='lat' dir='ltr'><strong>simulque</strong></span> <span class='ocrx_word' id='word_1_592' title='bbox 3140 4068 3512 4130; x_wconf 87' lang='lat' dir='ltr'><strong>vehementer,</strong></span> 
     </span>
    </p>
   </div>
   <div class='ocr_carea' id='block_1_88' title="bbox 1944 4160 3513 4239">
    <p class='ocr_par' dir='ltr' id='par_1_88' title="bbox 1944 4160 3513 4239">
     <span class='ocr_line' id='line_1_88' title="bbox 1944 4160 3513 4239; baseline -0.004 -20"><span class='ocrx_word' id='word_1_593' title='bbox 1944 4166 2219 4239; x_wconf 78' lang='lat' dir='ltr'><strong>Angustus</strong></span> <span class='ocrx_word' id='word_1_594' title='bbox 2254 4173 2533 4232; x_wconf 74' lang='lat' dir='ltr'><strong>urgeretur</strong></span> <span class='ocrx_word' id='word_1_595' title='bbox 2565 4181 2580 4216; x_wconf 85' lang='lat'><strong>:</strong></span> <span class='ocrx_word' id='word_1_596' title='bbox 2618 4177 2790 4230; x_wconf 89' lang='lat' dir='ltr'><strong>neque</strong></span> <span class='ocrx_word' id='word_1_597' title='bbox 2833 4171 2929 4216; x_wconf 90' lang='lat' dir='ltr'><strong>aut</strong></span> <span class='ocrx_word' id='word_1_598' title='bbox 2960 4162 3012 4216; x_wconf 89' lang='lat' dir='ltr'><strong>in</strong></span> <span class='ocrx_word' id='word_1_599' title='bbox 3059 4160 3379 4216; x_wconf 82' lang='lat' dir='ltr'><strong>alterutrum</strong></span> <span class='ocrx_word' id='word_1_600' title='bbox 3415 4173 3513 4214; x_wconf 84' lang='lat' dir='ltr'><strong>cu-</strong></span> 
     </span>
    </p>
   </div>
   <div class='ocr_carea' id='block_1_89' title="bbox 1944 4278 3511 4346">
    <p class='ocr_par' dir='ltr' id='par_1_89' title="bbox 1944 4278 3511 4346">
     <span class='ocr_line' id='line_1_89' title="bbox 1944 4278 3511 4346; baseline -0.001 -9"><span class='ocrx_word' id='word_1_601' title='bbox 1944 4284 2218 4346; x_wconf 87' lang='lat' dir='ltr'><strong>haustum,</strong></span> <span class='ocrx_word' id='word_1_602' title='bbox 2263 4281 2344 4336; x_wconf 85' lang='lat' dir='ltr'><strong>vel</strong></span> <span class='ocrx_word' id='word_1_603' title='bbox 2374 4281 2615 4336; x_wconf 78' lang='lat' dir='ltr'><strong>exterius</strong></span> <span class='ocrx_word' id='word_1_604' title='bbox 2649 4278 2916 4333; x_wconf 79' lang='lat' dir='ltr'><strong>aﬂluentis</strong></span> <span class='ocrx_word' id='word_1_605' title='bbox 2948 4279 3240 4332; x_wconf 74' lang='lat' dir='ltr'><strong>introrsum</strong></span> <span class='ocrx_word' id='word_1_606' title='bbox 3272 4278 3511 4341; x_wconf 83' lang='lat' dir='ltr'><strong>trahere.</strong></span> 
     </span>
    </p>
   </div>
   <div class='ocr_carea' id='block_1_90' title="bbox 1941 4370 3518 4444">
    <p class='ocr_par' dir='ltr' id='par_1_90' title="bbox 1941 4370 3518 4444">
     <span class='ocr_line' id='line_1_90' title="bbox 1941 4370 3518 4444; baseline 0 -15"><span class='ocrx_word' id='word_1_607' title='bbox 1941 4376 2026 4431; x_wconf 87' lang='lat' dir='ltr'><strong>vel</strong></span> <span class='ocrx_word' id='word_1_608' title='bbox 2072 4376 2217 4430; x_wconf 89' lang='lat' dir='ltr'><strong>intus</strong></span> <span class='ocrx_word' id='word_1_609' title='bbox 2265 4382 2541 4444; x_wconf 83' lang='lat' dir='ltr'><strong>conceptae</strong></span> <span class='ocrx_word' id='word_1_610' title='bbox 2588 4371 2735 4427; x_wconf 82' lang='lat' dir='ltr'><strong>foras</strong></span> <span class='ocrx_word' id='word_1_611' title='bbox 2778 4370 3105 4439; x_wconf 56' lang='lat' dir='ltr'><strong>exspirando</strong></span> <span class='ocrx_word' id='word_1_612' title='bbox 3150 4370 3370 4439; x_wconf 81' lang='lat' dir='ltr'><strong>pellere,</strong></span> <span class='ocrx_word' id='word_1_613' title='bbox 3422 4385 3518 4440; x_wconf 76' lang='lat' dir='ltr'><strong>per</strong></span> 
     </span>
    </p>
   </div>
   <div class='ocr_carea' id='block_1_91' title="bbox 1938 4461 3518 4530">
    <p class='ocr_par' dir='ltr' id='par_1_91' title="bbox 1938 4461 3518 4530">
     <span class='ocr_line' id='line_1_91' title="bbox 1938 4461 3518 4530; baseline -0.003 -9"><span class='ocrx_word' id='word_1_614' title='bbox 1938 4474 2233 4521; x_wconf 87' lang='lat' dir='ltr'><strong>consuetas</strong></span> <span class='ocrx_word' id='word_1_615' title='bbox 2261 4473 2317 4519; x_wconf 90' lang='lat' dir='ltr'><strong>et</strong></span> <span class='ocrx_word' id='word_1_616' title='bbox 2340 4465 2684 4520; x_wconf 86' lang='lat' dir='ltr'><strong>necessarias</strong></span> <span class='ocrx_word' id='word_1_617' title='bbox 2716 4461 3090 4530; x_wconf 75' lang='lat' dir='ltr'><strong>reciprocandi</strong></span> <span class='ocrx_word' id='word_1_618' title='bbox 3123 4461 3348 4530; x_wconf 85' lang='lat' dir='ltr'><strong>spiritus</strong></span> <span class='ocrx_word' id='word_1_619' title='bbox 3372 4461 3518 4517; x_wconf 73' lang='lat' dir='ltr'><strong>vices</strong></span> 
     </span>
    </p>
   </div>
   <div class='ocr_carea' id='block_1_92' title="bbox 1940 4553 3515 4629">
    <p class='ocr_par' dir='ltr' id='par_1_92' title="bbox 1940 4553 3515 4629">
     <span class='ocr_line' id='line_1_92' title="bbox 1940 4553 3515 4629; baseline -0.001 -17"><span class='ocrx_word' id='word_1_620' title='bbox 1940 4557 2047 4612; x_wconf 91' lang='lat' dir='ltr'><strong>ullo</strong></span> <span class='ocrx_word' id='word_1_621' title='bbox 2097 4556 2209 4629; x_wconf 84' lang='lat' dir='ltr'><strong>jam</strong></span> <span class='ocrx_word' id='word_1_622' title='bbox 2253 4558 2414 4612; x_wconf 86' lang='lat' dir='ltr'><strong>modo</strong></span> <span class='ocrx_word' id='word_1_623' title='bbox 2460 4556 2623 4610; x_wconf 88' lang='lat' dir='ltr'><strong>miser</strong></span> <span class='ocrx_word' id='word_1_624' title='bbox 2666 4564 2869 4626; x_wconf 82' lang='lat' dir='ltr'><strong>posset.</strong></span> <span class='ocrx_word' id='word_1_625' title='bbox 2922 4553 2982 4608; x_wconf 88' lang='lat' dir='ltr'><strong>Si</strong></span> <span class='ocrx_word' id='word_1_626' title='bbox 3035 4555 3159 4623; x_wconf 89' lang='lat' dir='ltr'><strong>quis</strong></span> <span class='ocrx_word' id='word_1_627' title='bbox 3205 4569 3333 4609; x_wconf 84' lang='lat' dir='ltr'><strong>vero</strong></span> <span class='ocrx_word' id='word_1_628' title='bbox 3369 4553 3515 4609; x_wconf 88' lang='lat' dir='ltr'><strong>illum</strong></span> 
     </span>
    </p>
   </div>
   <div class='ocr_carea' id='block_1_93' title="bbox 240 4643 3517 4727">
    <p class='ocr_par' dir='ltr' id='par_1_93' title="bbox 240 4643 3517 4727">
     <span class='ocr_line' id='line_1_93' title="bbox 240 4643 3517 4727; baseline -0.001 -27"><span class='ocrx_word' id='word_1_629' title='bbox 240 4646 419 4727; x_wconf 75' lang='lat' dir='ltr'><strong>cipis,</strong></span> <span class='ocrx_word' id='word_1_630' title='bbox 464 4652 844 4712; x_wconf 81' lang='lat' dir='ltr'><strong>argumentum</strong></span> <span class='ocrx_word' id='word_1_631' title='bbox 892 4644 1294 4697; x_wconf 80' lang='lat' dir='ltr'><strong>enmtuentattdi</strong></span> <span class='ocrx_word' id='word_1_632' title='bbox 1331 4643 1512 4698; x_wconf 89' lang='lat' dir='ltr'><strong>nobile</strong></span> <span class='ocrx_word' id='word_1_633' title='bbox 1559 4645 1830 4701; x_wconf 83' lang='lat' dir='ltr'><strong>disseren-</strong></span> <span class='ocrx_word' id='word_1_634' title='bbox 1857 4657 1911 4718; x_wconf 81' lang='lat'><strong>1)</strong></span> <span class='ocrx_word' id='word_1_635' title='bbox 1938 4651 2091 4720; x_wconf 88' lang='lat' dir='ltr'><strong>quasi</strong></span> <span class='ocrx_word' id='word_1_636' title='bbox 2124 4650 2386 4704; x_wconf 88' lang='lat' dir='ltr'><strong>miserans</strong></span> <span class='ocrx_word' id='word_1_637' title='bbox 2424 4662 2545 4703; x_wconf 85' lang='lat' dir='ltr'><strong>sero</strong></span> <span class='ocrx_word' id='word_1_638' title='bbox 2573 4663 2643 4703; x_wconf 87' lang='lat' dir='ltr'><strong>ae</strong></span> <span class='ocrx_word' id='word_1_639' title='bbox 2677 4662 2799 4702; x_wconf 87' lang='lat' dir='ltr'><strong>raro</strong></span> <span class='ocrx_word' id='word_1_640' title='bbox 2838 4661 3070 4702; x_wconf 86' lang='lat' dir='ltr'><strong>somnus</strong></span> <span class='ocrx_word' id='word_1_641' title='bbox 3113 4645 3412 4710; x_wconf 86' lang='lat' dir='ltr'><strong>invaderet,</strong></span> <span class='ocrx_word' id='word_1_642' title='bbox 3449 4660 3517 4699; x_wconf 83' lang='lat' dir='ltr'><strong>ne</strong></span> 
     </span>
    </p>
   </div>
   <div class='ocr_carea' id='block_1_94' title="bbox 243 4734 1833 4804">
    <p class='ocr_par' dir='ltr' id='par_1_94' title="bbox 243 4734 1833 4804">
     <span class='ocr_line' id='line_1_94' title="bbox 243 4734 1833 4804; baseline 0.002 -13"><span class='ocrx_word' id='word_1_643' title='bbox 243 4738 441 4804; x_wconf 73' lang='lat' dir='ltr'><strong>qune,</strong></span> <span class='ocrx_word' id='word_1_644' title='bbox 477 4734 814 4804; x_wconf 88' lang='lat' dir='ltr'><strong>propositum</strong></span> <span class='ocrx_word' id='word_1_645' title='bbox 850 4743 1019 4790; x_wconf 87' lang='lat' dir='ltr'><strong>esset.</strong></span> <span class='ocrx_word' id='word_1_646' title='bbox 1056 4734 1282 4804; x_wconf 89' lang='lat' dir='ltr'><strong>llornm,</strong></span> <span class='ocrx_word' id='word_1_647' title='bbox 1315 4747 1374 4792; x_wconf 89' lang='lat' dir='ltr'><strong>ut</strong></span> <span class='ocrx_word' id='word_1_648' title='bbox 1410 4738 1491 4803; x_wconf 89' lang='lat' dir='ltr'><strong>lit,</strong></span> <span class='ocrx_word' id='word_1_649' title='bbox 1519 4738 1659 4793; x_wconf 87' lang='lat' dir='ltr'><strong>alius</strong></span> <span class='ocrx_word' id='word_1_650' title='bbox 1688 4739 1833 4795; x_wconf 85' lang='lat' dir='ltr'><strong>aliud</strong></span> 
     </span>
    </p>
   </div>
   <div class='ocr_carea' id='block_1_95' title="bbox 238 4827 1837 4896">
    <p class='ocr_par' dir='ltr' id='par_1_95' title="bbox 238 4827 1837 4896">
     <span class='ocr_line' id='line_1_95' title="bbox 238 4827 1837 4896; baseline 0.003 -15"><span class='ocrx_word' id='word_1_651' title='bbox 238 4828 504 4896; x_wconf 70' lang='lat' dir='ltr'><strong>Sapiebat</strong></span> <span class='ocrx_word' id='word_1_652' title='bbox 530 4843 545 4892; x_wconf 86' lang='lat'><strong>;</strong></span> <span class='ocrx_word' id='word_1_653' title='bbox 577 4838 688 4879; x_wconf 88' lang='lat' dir='ltr'><strong>tum</strong></span> <span class='ocrx_word' id='word_1_654' title='bbox 724 4836 781 4880; x_wconf 91' lang='lat' dir='ltr'><strong>ut</strong></span> <span class='ocrx_word' id='word_1_655' title='bbox 809 4827 1038 4896; x_wconf 86' lang='lat' dir='ltr'><strong>quisque</strong></span> <span class='ocrx_word' id='word_1_656' title='bbox 1061 4836 1325 4882; x_wconf 85' lang='lat' dir='ltr'><strong>statuerat</strong></span> <span class='ocrx_word' id='word_1_657' title='bbox 1349 4830 1415 4884; x_wconf 87' lang='lat' dir='ltr'><strong>de</strong></span> <span class='ocrx_word' id='word_1_658' title='bbox 1444 4830 1615 4886; x_wconf 89' lang='lat' dir='ltr'><strong>morbi</strong></span> <span class='ocrx_word' id='word_1_659' title='bbox 1646 4838 1837 4887; x_wconf 84' lang='lat' dir='ltr'><strong>natura</strong></span> 
     </span>
    </p>
   </div>
   <div class='ocr_carea' id='block_1_96' title="bbox 244 4920 1834 4988">
    <p class='ocr_par' dir='ltr' id='par_1_96' title="bbox 244 4920 1834 4988">
     <span class='ocr_line' id='line_1_96' title="bbox 244 4920 1834 4988; baseline 0.003 -15"><span class='ocrx_word' id='word_1_660' title='bbox 244 4931 309 4973; x_wconf 87' lang='lat' dir='ltr'><strong>et</strong></span> <span class='ocrx_word' id='word_1_661' title='bbox 357 4920 563 4984; x_wconf 72' lang='lat' dir='ltr'><strong>cauis,</strong></span> <span class='ocrx_word' id='word_1_662' title='bbox 618 4929 1007 4988; x_wconf 78' lang='lat' dir='ltr'><strong>congruentem</strong></span> <span class='ocrx_word' id='word_1_663' title='bbox 1060 4935 1157 4976; x_wconf 90' lang='lat' dir='ltr'><strong>suo</strong></span> <span class='ocrx_word' id='word_1_664' title='bbox 1204 4921 1409 4987; x_wconf 88' lang='lat' dir='ltr'><strong>sensui,</strong></span> <span class='ocrx_word' id='word_1_665' title='bbox 1449 4923 1834 4978; x_wconf 87' lang='lat' dir='ltr'><strong>abhorrentem</strong></span> 
     </span>
    </p>
   </div>
   <div class='ocr_carea' id='block_1_97' title="bbox 244 5010 1837 5081">
    <p class='ocr_par' dir='ltr' id='par_1_97' title="bbox 244 5010 1837 5081">
     <span class='ocr_line' id='line_1_97' title="bbox 244 5010 1837 5081; baseline 0.001 -16"><span class='ocrx_word' id='word_1_666' title='bbox 244 5028 280 5065; x_wconf 81' lang='lat' dir='ltr'><strong>a</strong></span> <span class='ocrx_word' id='word_1_667' title='bbox 306 5010 551 5080; x_wconf 81' lang='lat' dir='ltr'><strong>jndiciis,</strong></span> <span class='ocrx_word' id='word_1_668' title='bbox 585 5010 810 5064; x_wconf 77' lang='lat' dir='ltr'><strong>aliorum</strong></span> <span class='ocrx_word' id='word_1_669' title='bbox 837 5012 1168 5065; x_wconf 85' lang='lat' dir='ltr'><strong>curationem</strong></span> <span class='ocrx_word' id='word_1_670' title='bbox 1213 5011 1613 5081; x_wconf 84' lang='lat' dir='ltr'><strong>praescribebat.</strong></span> <span class='ocrx_word' id='word_1_671' title='bbox 1646 5011 1837 5068; x_wconf 86' lang='lat' dir='ltr'><strong>Omnia</strong></span> 
     </span>
    </p>
   </div>
   <div class='ocr_carea' id='block_1_98' title="bbox 246 5102 1841 5174">
    <p class='ocr_par' dir='ltr' id='par_1_98' title="bbox 246 5102 1841 5174">
     <span class='ocr_line' id='line_1_98' title="bbox 246 5102 1841 5174; baseline 0.003 -19"><span class='ocrx_word' id='word_1_672' title='bbox 246 5102 716 5170; x_wconf 70' lang='lat' dir='ltr'><strong>experiebantur;</strong></span> <span class='ocrx_word' id='word_1_673' title='bbox 778 5118 990 5166; x_wconf 83' lang='lat' dir='ltr'><strong>verum,</strong></span> <span class='ocrx_word' id='word_1_674' title='bbox 1038 5111 1099 5156; x_wconf 91' lang='lat' dir='ltr'><strong>ut</strong></span> <span class='ocrx_word' id='word_1_675' title='bbox 1152 5110 1394 5157; x_wconf 83' lang='lat' dir='ltr'><strong>maneret</strong></span> <span class='ocrx_word' id='word_1_676' title='bbox 1442 5104 1661 5158; x_wconf 91' lang='lat' dir='ltr'><strong>dubium</strong></span> <span class='ocrx_word' id='word_1_677' title='bbox 1720 5105 1841 5174; x_wconf 86' lang='lat' dir='ltr'><strong>quis</strong></span> 
     </span>
    </p>
   </div>
   <div class='ocr_carea' id='block_1_99' title="bbox 245 5195 1839 5265">
    <p class='ocr_par' dir='ltr' id='par_1_99' title="bbox 245 5195 1839 5265">
     <span class='ocr_line' id='line_1_99' title="bbox 245 5195 1839 5265; baseline 0.003 -18"><span class='ocrx_word' id='word_1_678' title='bbox 245 5211 449 5247; x_wconf 83' lang='lat' dir='ltr'><strong>eorum</strong></span> <span class='ocrx_word' id='word_1_679' title='bbox 515 5195 758 5247; x_wconf 72' lang='lat' dir='ltr'><strong>omnium</strong></span> <span class='ocrx_word' id='word_1_680' title='bbox 828 5195 1035 5248; x_wconf 87' lang='lat' dir='ltr'><strong>ratione</strong></span> <span class='ocrx_word' id='word_1_681' title='bbox 1092 5203 1335 5249; x_wconf 88' lang='lat' dir='ltr'><strong>uteretur</strong></span> <span class='ocrx_word' id='word_1_682' title='bbox 1390 5196 1638 5265; x_wconf 84' lang='lat' dir='ltr'><strong>optima:</strong></span> <span class='ocrx_word' id='word_1_683' title='bbox 1707 5196 1839 5252; x_wconf 82' lang='lat' dir='ltr'><strong>iliud</strong></span> 
     </span>
    </p>
   </div>
   <div class='ocr_carea' id='block_1_100' title="bbox 245 5282 1841 5353">
    <p class='ocr_par' dir='ltr' id='par_1_100' title="bbox 245 5282 1841 5353">
     <span class='ocr_line' id='line_1_100' title="bbox 245 5282 1841 5353; baseline 0.003 -15"><span class='ocrx_word' id='word_1_684' title='bbox 245 5286 549 5338; x_wconf 81' lang='lat' dir='ltr'><strong>constabat</strong></span> <span class='ocrx_word' id='word_1_685' title='bbox 601 5296 785 5346; x_wconf 85' lang='lat' dir='ltr'><strong>certe,</strong></span> <span class='ocrx_word' id='word_1_686' title='bbox 858 5284 1029 5337; x_wconf 84' lang='lat' dir='ltr'><strong>nihilo</strong></span> <span class='ocrx_word' id='word_1_687' title='bbox 1090 5282 1283 5339; x_wconf 83' lang='lat' dir='ltr'><strong>melius</strong></span> <span class='ocrx_word' id='word_1_688' title='bbox 1337 5284 1723 5353; x_wconf 79' lang='lat' dir='ltr'><strong>imperatorem</strong></span> <span class='ocrx_word' id='word_1_689' title='bbox 1782 5303 1841 5342; x_wconf 88' lang='lat' dir='ltr'><strong>se</strong></span> 
     </span>
    </p>
   </div>
   <div class='ocr_carea' id='block_1_101' title="bbox 246 5376 1842 5444">
    <p class='ocr_par' dir='ltr' id='par_1_101' title="bbox 246 5376 1842 5444">
     <span class='ocr_line' id='line_1_101' title="bbox 246 5376 1842 5444; baseline 0.003 -14"><span class='ocrx_word' id='word_1_690' title='bbox 246 5377 462 5430; x_wconf 83' lang='lat' dir='ltr'><strong>habere</strong></span> <span class='ocrx_word' id='word_1_691' title='bbox 484 5392 497 5438; x_wconf 86' lang='lat'><strong>;</strong></span> <span class='ocrx_word' id='word_1_692' title='bbox 518 5376 717 5444; x_wconf 88' lang='lat' dir='ltr'><strong>quippe</strong></span> <span class='ocrx_word' id='word_1_693' title='bbox 742 5376 828 5429; x_wconf 88' lang='lat' dir='ltr'><strong>cui</strong></span> <span class='ocrx_word' id='word_1_694' title='bbox 852 5390 951 5428; x_wconf 84' lang='lat' dir='ltr'><strong>nec.</strong></span> <span class='ocrx_word' id='word_1_695' title='bbox 974 5377 1039 5429; x_wconf 88' lang='lat' dir='ltr'><strong>ad</strong></span> <span class='ocrx_word' id='word_1_696' title='bbox 1064 5377 1225 5429; x_wconf 87' lang='lat' dir='ltr'><strong>breve</strong></span> <span class='ocrx_word' id='word_1_697' title='bbox 1250 5387 1580 5432; x_wconf 84' lang='lat' dir='ltr'><strong>momentum</strong></span> <span class='ocrx_word' id='word_1_698' title='bbox 1609 5378 1842 5435; x_wconf 77' lang='lat' dir='ltr'><strong>facultas</strong></span> 
     </span>
    </p>
   </div>
   <div class='ocr_carea' id='block_1_102' title="bbox 244 5467 1842 5539">
    <p class='ocr_par' dir='ltr' id='par_1_102' title="bbox 244 5467 1842 5539">
     <span class='ocr_line' id='line_1_102' title="bbox 244 5467 1842 5539; baseline 0.002 -18"><span class='ocrx_word' id='word_1_699' title='bbox 244 5478 406 5521; x_wconf 81' lang='lat' dir='ltr'><strong>esset</strong></span> <span class='ocrx_word' id='word_1_700' title='bbox 456 5468 759 5535; x_wconf 84' lang='lat' dir='ltr'><strong>respirandi</strong></span> <span class='ocrx_word' id='word_1_701' title='bbox 802 5469 997 5523; x_wconf 83' lang='lat' dir='ltr'><strong>iibera.</strong></span> <span class='ocrx_word' id='word_1_702' title='bbox 1066 5467 1265 5521; x_wconf 76' lang='lat' dir='ltr'><strong>Rectus</strong></span> <span class='ocrx_word' id='word_1_703' title='bbox 1310 5468 1438 5539; x_wconf 87' lang='lat' dir='ltr'><strong>quin</strong></span> <span class='ocrx_word' id='word_1_704' title='bbox 1487 5470 1649 5524; x_wconf 88' lang='lat' dir='ltr'><strong>etiam</strong></span> <span class='ocrx_word' id='word_1_705' title='bbox 1694 5478 1842 5525; x_wconf 89' lang='lat' dir='ltr'><strong>stare</strong></span> 
     </span>
    </p>
   </div>
   <div class='ocr_carea' id='block_1_103' title="bbox 162 5559 1839 5640">
    <p class='ocr_par' dir='ltr' id='par_1_103' title="bbox 162 5559 1839 5640">
     <span class='ocr_line' id='line_1_103' title="bbox 162 5559 1839 5640; baseline 0.004 -29"><span class='ocrx_word' id='word_1_706' title='bbox 162 5559 193 5640; x_wconf 56' lang='grc' dir='ltr'><strong>ξ</strong></span> <span class='ocrx_word' id='word_1_707' title='bbox 250 5572 566 5629; x_wconf 80' lang='lat' dir='ltr'><strong>perpetuo,</strong></span> <span class='ocrx_word' id='word_1_708' title='bbox 636 5570 729 5613; x_wconf 89' lang='lat' dir='ltr'><strong>aut</strong></span> <span class='ocrx_word' id='word_1_709' title='bbox 787 5561 1012 5629; x_wconf 89' lang='lat' dir='ltr'><strong>supinus</strong></span> <span class='ocrx_word' id='word_1_710' title='bbox 1067 5560 1175 5613; x_wconf 89' lang='lat' dir='ltr'><strong>alte</strong></span> <span class='ocrx_word' id='word_1_711' title='bbox 1230 5559 1470 5614; x_wconf 88' lang='lat' dir='ltr'><strong>residere</strong></span> <span class='ocrx_word' id='word_1_712' title='bbox 1526 5561 1839 5628; x_wconf 71' lang='lat' dir='ltr'><strong>cogebatur.</strong></span> 
     </span>
    </p>
   </div>
   <div class='ocr_carea' id='block_1_104' title="bbox 164 5648 1841 5721">
    <p class='ocr_par' dir='ltr' id='par_1_104' title="bbox 164 5648 1841 5721">
     <span class='ocr_line' id='line_1_104' title="bbox 164 5648 1841 5721; baseline 0.004 -21"><span class='ocrx_word' id='word_1_713' title='bbox 164 5648 179 5665; x_wconf 81' lang='lat'><em>’</em></span> <span class='ocrx_word' id='word_1_714' title='bbox 244 5653 416 5717; x_wconf 75' lang='lat' dir='ltr'><strong>Quod</strong></span> <span class='ocrx_word' id='word_1_715' title='bbox 450 5651 638 5705; x_wconf 83' lang='lat' dir='ltr'><strong>si&#39;aut</strong></span> <span class='ocrx_word' id='word_1_716' title='bbox 675 5651 858 5720; x_wconf 88' lang='lat' dir='ltr'><strong>jacere</strong></span> <span class='ocrx_word' id='word_1_717' title='bbox 909 5666 1130 5721; x_wconf 90' lang='lat' dir='ltr'><strong>pronus,</strong></span> <span class='ocrx_word' id='word_1_718' title='bbox 1185 5659 1278 5706; x_wconf 85' lang='lat' dir='ltr'><strong>aut</strong></span> <span class='ocrx_word' id='word_1_719' title='bbox 1326 5652 1380 5706; x_wconf 87' lang='lat' dir='ltr'><strong>in</strong></span> <span class='ocrx_word' id='word_1_720' title='bbox 1429 5652 1567 5708; x_wconf 84' lang='lat' dir='ltr'><strong>latus</strong></span> <span class='ocrx_word' id='word_1_721' title='bbox 1613 5653 1841 5708; x_wconf 81' lang='lat' dir='ltr'><strong>aiterum</strong></span> 
     </span>
    </p>
   </div>
   <div class='ocr_carea' id='block_1_105' title="bbox 250 5742 1839 5813">
    <p class='ocr_par' dir='ltr' id='par_1_105' title="bbox 250 5742 1839 5813">
     <span class='ocr_line' id='line_1_105' title="bbox 250 5742 1839 5813; baseline 0.003 -15"><span class='ocrx_word' id='word_1_722' title='bbox 250 5742 586 5798; x_wconf 79' lang='lat' dir='ltr'><strong>recumbere</strong></span> <span class='ocrx_word' id='word_1_723' title='bbox 605 5750 857 5808; x_wconf 87' lang='lat' dir='ltr'><strong>tentaret,</strong></span> <span class='ocrx_word' id='word_1_724' title='bbox 880 5744 1199 5813; x_wconf 70' lang='lat' dir='ltr'><strong>stringebat,</strong></span> <span class='ocrx_word' id='word_1_725' title='bbox 1220 5744 1353 5800; x_wconf 89' lang='lat' dir='ltr'><strong>heu!</strong></span> <span class='ocrx_word' id='word_1_726' title='bbox 1381 5760 1520 5802; x_wconf 63' lang='grc' dir='ltr'>ειειέ</span> <span class='ocrx_word' id='word_1_727' title='bbox 1538 5744 1839 5810; x_wconf 71' lang='grc' dir='ltr'>ευίΐυςοιίο,</span> 
     </span>
    </p>
   </div>
   <div class='ocr_carea' id='block_1_106' title="bbox 246 5838 1843 5908">
    <p class='ocr_par' dir='ltr' id='par_1_106' title="bbox 246 5838 1843 5908">
     <span class='ocr_line' id='line_1_106' title="bbox 246 5838 1843 5908; baseline 0 -15"><span class='ocrx_word' id='word_1_728' title='bbox 246 5848 319 5893; x_wconf 83' lang='lat' dir='ltr'><strong>et</strong></span> <span class='ocrx_word' id='word_1_729' title='bbox 370 5844 638 5892; x_wconf 87' lang='lat' dir='ltr'><strong>arctatmn</strong></span> <span class='ocrx_word' id='word_1_730' title='bbox 672 5847 856 5905; x_wconf 75' lang='lat' dir='ltr'><strong>guttur</strong></span> <span class='ocrx_word' id='word_1_731' title='bbox 888 5839 1157 5907; x_wconf 77' lang='lat' dir='ltr'><strong>adurgens</strong></span> <span class='ocrx_word' id='word_1_732' title='bbox 1198 5838 1375 5893; x_wconf 89' lang='lat' dir='ltr'><strong>malus</strong></span> <span class='ocrx_word' id='word_1_733' title='bbox 1407 5838 1581 5893; x_wconf 89' lang='lat' dir='ltr'><strong>morbi</strong></span> <span class='ocrx_word' id='word_1_734' title='bbox 1614 5838 1843 5908; x_wconf 88' lang='lat' dir='ltr'><strong>laqueus</strong></span> 
     </span>
    </p>
   </div>
   <div class='ocr_carea' id='block_1_107' title="bbox 247 5918 1843 6002">
    <p class='ocr_par' dir='ltr' id='par_1_107' title="bbox 247 5918 1843 6002">
     <span class='ocr_line' id='line_1_107' title="bbox 247 5918 1843 6002; baseline 0.002 -18"><span class='ocrx_word' id='word_1_735' title='bbox 247 5924 403 5984; x_wconf 76' lang='lat' dir='ltr'><strong>adeo</strong></span> <span class='ocrx_word' id='word_1_736' title='bbox 466 5926 780 5997; x_wconf 84' lang='lat' dir='ltr'><strong>premebat,</strong></span> <span class='ocrx_word' id='word_1_737' title='bbox 834 5928 891 5982; x_wconf 81' lang='lat' dir='ltr'><strong>ut</strong></span> <span class='ocrx_word' id='word_1_738' title='bbox 942 5944 1008 5982; x_wconf 90' lang='lat' dir='ltr'><strong>ne</strong></span> <span class='ocrx_word' id='word_1_739' title='bbox 1065 5928 1355 5986; x_wconf 89' lang='lat' dir='ltr'><strong>minimum</strong></span> <span class='ocrx_word' id='word_1_740' title='bbox 1416 5918 1632 6002; x_wconf 86' lang='lat' dir='ltr'><strong>quidem</strong></span> <span class='ocrx_word' id='word_1_741' title='bbox 1695 5946 1843 5987; x_wconf 63' lang='lat' dir='ltr'><strong>aurae</strong></span> 
     </span>
    </p>
   </div>
   <div class='ocr_carea' id='block_1_108' title="bbox 546 6019 1266 6085">
    <p class='ocr_par' dir='ltr' id='par_1_108' title="bbox 546 6019 1266 6085">
     <span class='ocr_line' id='line_1_108' title="bbox 546 6019 1266 6085; baseline 0.006 -5"><span class='ocrx_word' id='word_1_742' title='bbox 546 6019 820 6084; x_wconf 79' lang='lat' dir='ltr'><strong>Pn&#39;noL.</strong></span> <span class='ocrx_word' id='word_1_743' title='bbox 851 6024 968 6085; x_wconf 79' lang='lat' dir='ltr'><strong>Gn.</strong></span> <span class='ocrx_word' id='word_1_744' title='bbox 997 6021 1266 6084; x_wconf 79' lang='lat' dir='ltr'><strong>CXXXI.</strong></span> 
     </span>
    </p>
   </div>
   <div class='ocr_carea' id='block_1_109' title="bbox 1930 4734 3518 4810">
    <p class='ocr_par' dir='ltr' id='par_1_109' title="bbox 1930 4734 3518 4810">
     <span class='ocr_line' id='line_1_109' title="bbox 1930 4734 3518 4810; baseline -0.003 -15"><span class='ocrx_word' id='word_1_745' title='bbox 1930 4751 2049 4795; x_wconf 74' lang='lat' dir='ltr'><strong>~tnm</strong></span> <span class='ocrx_word' id='word_1_746' title='bbox 2071 4741 2287 4810; x_wconf 86' lang='lat' dir='ltr'><strong>quidem</strong></span> <span class='ocrx_word' id='word_1_747' title='bbox 2316 4739 2562 4794; x_wconf 82' lang='lat' dir='ltr'><strong>inducias</strong></span> <span class='ocrx_word' id='word_1_748' title='bbox 2582 4738 2831 4793; x_wconf 87' lang='lat' dir='ltr'><strong>tormenti</strong></span> <span class='ocrx_word' id='word_1_749' title='bbox 2856 4738 3047 4791; x_wconf 87' lang='lat' dir='ltr'><strong>breves</strong></span> <span class='ocrx_word' id='word_1_750' title='bbox 3068 4734 3262 4804; x_wconf 82' lang='lat' dir='ltr'><strong>angina</strong></span> <span class='ocrx_word' id='word_1_751' title='bbox 3284 4734 3518 4791; x_wconf 70' lang='lat' dir='ltr'><strong>crudelis</strong></span> 
     </span>
    </p>
   </div>
   <div class='ocr_carea' id='block_1_110' title="bbox 1938 4826 3514 4901">
    <p class='ocr_par' dir='ltr' id='par_1_110' title="bbox 1938 4826 3514 4901">
     <span class='ocr_line' id='line_1_110' title="bbox 1938 4826 3514 4901; baseline -0.004 -13"><span class='ocrx_word' id='word_1_752' title='bbox 1938 4833 2103 4888; x_wconf 90' lang='lat' dir='ltr'><strong>dabat</strong></span> <span class='ocrx_word' id='word_1_753' title='bbox 2141 4849 2155 4887; x_wconf 89' lang='lat'><strong>:</strong></span> <span class='ocrx_word' id='word_1_754' title='bbox 2194 4842 2594 4901; x_wconf 68' lang='lat' dir='ltr'><strong>aeternumque,</strong></span> <span class='ocrx_word' id='word_1_755' title='bbox 2631 4830 2850 4900; x_wconf 83' lang='lat' dir='ltr'><strong>perinde</strong></span> <span class='ocrx_word' id='word_1_756' title='bbox 2890 4826 3207 4882; x_wconf 83' lang='lat' dir='ltr'><strong>dormitanti</strong></span> <span class='ocrx_word' id='word_1_757' title='bbox 3240 4842 3304 4881; x_wconf 89' lang='lat' dir='ltr'><strong>ac</strong></span> <span class='ocrx_word' id='word_1_758' title='bbox 3348 4826 3514 4895; x_wconf 82' lang='lat' dir='ltr'><strong>vigili,</strong></span> 
     </span>
    </p>
   </div>
   <div class='ocr_carea' id='block_1_111' title="bbox 1938 4916 3517 4991">
    <p class='ocr_par' dir='ltr' id='par_1_111' title="bbox 1938 4916 3517 4991">
     <span class='ocr_line' id='line_1_111' title="bbox 1938 4916 3517 4991; baseline -0.005 -12"><span class='ocrx_word' id='word_1_759' title='bbox 1938 4933 2055 4979; x_wconf 87' lang='lat' dir='ltr'><strong>erat</strong></span> <span class='ocrx_word' id='word_1_760' title='bbox 2081 4924 2226 4979; x_wconf 89' lang='lat' dir='ltr'><strong>istud</strong></span> <span class='ocrx_word' id='word_1_761' title='bbox 2252 4922 2654 4978; x_wconf 88' lang='lat' dir='ltr'><strong>incommodum</strong></span> <span class='ocrx_word' id='word_1_762' title='bbox 2677 4916 2845 4990; x_wconf 62' lang='lat'><strong>499</strong></span> <span class='ocrx_word' id='word_1_763' title='bbox 2871 4916 3249 4988; x_wconf 76' lang='lat' dir='ltr'><strong>gravissimum</strong></span> <span class='ocrx_word' id='word_1_764' title='bbox 3280 4916 3486 4991; x_wconf 83' lang='lat' dir='ltr'><strong>respira</strong></span> <span class='ocrx_word' id='word_1_765' title='bbox 3516 4946 3517 4949; x_wconf 58' lang='grc' dir='ltr'><strong>η</strong></span> 
     </span>
    </p>
   </div>
   <div class='ocr_carea' id='block_1_112' title="bbox 1942 5009 3516 5083">
    <p class='ocr_par' dir='ltr' id='par_1_112' title="bbox 1942 5009 3516 5083">
     <span class='ocr_line' id='line_1_112' title="bbox 1942 5009 3516 5083; baseline -0.001 -17"><span class='ocrx_word' id='word_1_766' title='bbox 1942 5013 2105 5070; x_wconf 85' lang='lat' dir='ltr'><strong>tionis</strong></span> <span class='ocrx_word' id='word_1_767' title='bbox 2150 5013 2488 5083; x_wconf 68' lang='lat' dir='ltr'><strong>interceptae.</strong></span> <span class='ocrx_word' id='word_1_768' title='bbox 2520 5011 2621 5067; x_wconf 76' lang='lat' dir='ltr'><strong>llic</strong></span> <span class='ocrx_word' id='word_1_769' title='bbox 2653 5009 2852 5064; x_wconf 76' lang='lat' dir='ltr'><strong>medici</strong></span> <span class='ocrx_word' id='word_1_770' title='bbox 2882 5010 3023 5079; x_wconf 91' lang='lat' dir='ltr'><strong>quod</strong></span> <span class='ocrx_word' id='word_1_771' title='bbox 3056 5023 3286 5077; x_wconf 79' lang='lat' dir='ltr'><strong>purgare</strong></span> <span class='ocrx_word' id='word_1_772' title='bbox 3317 5021 3516 5077; x_wconf 76' lang='lat' dir='ltr'><strong>corpus</strong></span> 
     </span>
    </p>
   </div>
   <div class='ocr_carea' id='block_1_113' title="bbox 1942 5100 3518 5175">
    <p class='ocr_par' dir='ltr' id='par_1_113' title="bbox 1942 5100 3518 5175">
     <span class='ocr_line' id='line_1_113' title="bbox 1942 5100 3518 5175; baseline -0.003 -16"><span class='ocrx_word' id='word_1_773' title='bbox 1942 5105 2225 5161; x_wconf 87' lang='lat' dir='ltr'><strong>medicatis</strong></span> <span class='ocrx_word' id='word_1_774' title='bbox 2256 5104 2566 5175; x_wconf 89' lang='lat' dir='ltr'><strong>potionibus</strong></span> <span class='ocrx_word' id='word_1_775' title='bbox 2597 5102 2921 5169; x_wconf 82' lang='lat' dir='ltr'><strong>omiserant,</strong></span> <span class='ocrx_word' id='word_1_776' title='bbox 2951 5100 3265 5156; x_wconf 86' lang='lat' dir='ltr'><strong>missionem</strong></span> <span class='ocrx_word' id='word_1_777' title='bbox 3304 5100 3518 5169; x_wconf 81' lang='lat' dir='ltr'><strong>sangui-</strong></span> 
     </span>
    </p>
   </div>
   <div class='ocr_carea' id='block_1_114' title="bbox 1943 5194 3515 5255">
    <p class='ocr_par' dir='ltr' id='par_1_114' title="bbox 1943 5194 3515 5255">
     <span class='ocr_line' id='line_1_114' title="bbox 1943 5194 3515 5255; baseline -0.001 -1"><span class='ocrx_word' id='word_1_778' title='bbox 1943 5199 2029 5254; x_wconf 88' lang='lat' dir='ltr'><strong>nis</strong></span> <span class='ocrx_word' id='word_1_779' title='bbox 2056 5201 2377 5255; x_wconf 86' lang='lat' dir='ltr'><strong>decernunt.</strong></span> <span class='ocrx_word' id='word_1_780' title='bbox 2404 5197 2675 5252; x_wconf 82' lang='lat' dir='ltr'><strong>Tunditur</strong></span> <span class='ocrx_word' id='word_1_781' title='bbox 2718 5197 2785 5251; x_wconf 87' lang='lat' dir='ltr'><strong>ad</strong></span> <span class='ocrx_word' id='word_1_782' title='bbox 2817 5196 3136 5250; x_wconf 88' lang='lat' dir='ltr'><strong>interiorem</strong></span> <span class='ocrx_word' id='word_1_783' title='bbox 3173 5194 3377 5251; x_wconf 79' lang='lat' dir='ltr'><strong>ﬂexum</strong></span> <span class='ocrx_word' id='word_1_784' title='bbox 3415 5211 3515 5252; x_wconf 85' lang='lat' dir='ltr'><strong>cu-</strong></span> 
     </span>
    </p>
   </div>
   <div class='ocr_carea' id='block_1_115' title="bbox 1945 5290 3517 5360">
    <p class='ocr_par' dir='ltr' id='par_1_115' title="bbox 1945 5290 3517 5360">
     <span class='ocr_line' id='line_1_115' title="bbox 1945 5290 3517 5360; baseline 0.001 -13"><span class='ocrx_word' id='word_1_785' title='bbox 1945 5293 2042 5349; x_wconf 89' lang='lat' dir='ltr'><strong>biti</strong></span> <span class='ocrx_word' id='word_1_786' title='bbox 2080 5308 2251 5358; x_wconf 87' lang='lat' dir='ltr'><strong>vena;</strong></span> <span class='ocrx_word' id='word_1_787' title='bbox 2300 5306 2401 5346; x_wconf 89' lang='lat' dir='ltr'><strong>nec</strong></span> <span class='ocrx_word' id='word_1_788' title='bbox 2431 5306 2493 5346; x_wconf 88' lang='lat' dir='ltr'><strong>ea</strong></span> <span class='ocrx_word' id='word_1_789' title='bbox 2526 5308 2583 5347; x_wconf 90' lang='lat' dir='ltr'><strong>re</strong></span> <span class='ocrx_word' id='word_1_790' title='bbox 2610 5290 2906 5347; x_wconf 82' lang='lat' dir='ltr'><strong>levamenti</strong></span> <span class='ocrx_word' id='word_1_791' title='bbox 2933 5290 3225 5360; x_wconf 85' lang='lat' dir='ltr'><strong>quidquam</strong></span> <span class='ocrx_word' id='word_1_792' title='bbox 3261 5305 3517 5360; x_wconf 76' lang='lat' dir='ltr'><strong>expertus</strong></span> 
     </span>
    </p>
   </div>
   <div class='ocr_carea' id='block_1_116' title="bbox 1942 5380 3515 5454">
    <p class='ocr_par' dir='ltr' id='par_1_116' title="bbox 1942 5380 3515 5454">
     <span class='ocr_line' id='line_1_116' title="bbox 1942 5380 3515 5454; baseline 0 -15"><span class='ocrx_word' id='word_1_793' title='bbox 1942 5398 2084 5454; x_wconf 60' lang='lat' dir='ltr'><strong>ager</strong></span> <span class='ocrx_word' id='word_1_794' title='bbox 2111 5391 2213 5438; x_wconf 88' lang='lat' dir='ltr'><strong>est.</strong></span> <span class='ocrx_word' id='word_1_795' title='bbox 2242 5380 2557 5453; x_wconf 87' lang='lat' dir='ltr'><strong>Eodemque</strong></span> <span class='ocrx_word' id='word_1_796' title='bbox 2596 5383 2716 5438; x_wconf 84' lang='lat' dir='ltr'><strong>loco</strong></span> <span class='ocrx_word' id='word_1_797' title='bbox 2741 5397 2980 5454; x_wconf 89' lang='lat' dir='ltr'><strong>semper,</strong></span> <span class='ocrx_word' id='word_1_798' title='bbox 3019 5382 3121 5437; x_wconf 91' lang='lat' dir='ltr'><strong>hoc</strong></span> <span class='ocrx_word' id='word_1_799' title='bbox 3149 5390 3230 5437; x_wconf 90' lang='lat' dir='ltr'><strong>est</strong></span> <span class='ocrx_word' id='word_1_800' title='bbox 3258 5386 3515 5454; x_wconf 83' lang='lat' dir='ltr'><strong>pessimo,</strong></span> 
     </span>
    </p>
   </div>
   <div class='ocr_carea' id='block_1_117' title="bbox 1945 5474 3516 5543">
    <p class='ocr_par' dir='ltr' id='par_1_117' title="bbox 1945 5474 3516 5543">
     <span class='ocr_line' id='line_1_117' title="bbox 1945 5474 3516 5543; baseline 0.004 -15"><span class='ocrx_word' id='word_1_801' title='bbox 1945 5475 2090 5531; x_wconf 86' lang='lat' dir='ltr'><strong>salus</strong></span> <span class='ocrx_word' id='word_1_802' title='bbox 2123 5474 2492 5543; x_wconf 86' lang='lat' dir='ltr'><strong>imperatoris,</strong></span> <span class='ocrx_word' id='word_1_803' title='bbox 2526 5474 2728 5530; x_wconf 88' lang='lat' dir='ltr'><strong>letbale</strong></span> <span class='ocrx_word' id='word_1_804' title='bbox 2758 5476 3052 5532; x_wconf 86' lang='lat' dir='ltr'><strong>momentis</strong></span> <span class='ocrx_word' id='word_1_805' title='bbox 3077 5478 3330 5534; x_wconf 85' lang='lat' dir='ltr'><strong>omnibus</strong></span> <span class='ocrx_word' id='word_1_806' title='bbox 3354 5479 3516 5534; x_wconf 86' lang='lat' dir='ltr'><strong>anhe-</strong></span> 
     </span>
    </p>
   </div>
   <div class='ocr_carea' id='block_1_118' title="bbox 1945 5567 3514 5637">
    <p class='ocr_par' dir='ltr' id='par_1_118' title="bbox 1945 5567 3514 5637">
     <span class='ocr_line' id='line_1_118' title="bbox 1945 5567 3514 5637; baseline 0.001 -16"><span class='ocrx_word' id='word_1_807' title='bbox 1945 5567 2129 5632; x_wconf 86' lang='lat' dir='ltr'><strong>lantis,</strong></span> <span class='ocrx_word' id='word_1_808' title='bbox 2156 5572 2315 5635; x_wconf 82' lang='lat' dir='ltr'><strong>erat;</strong></span> <span class='ocrx_word' id='word_1_809' title='bbox 2347 5567 2502 5621; x_wconf 88' lang='lat' dir='ltr'><strong>nobis</strong></span> <span class='ocrx_word' id='word_1_810' title='bbox 2522 5567 2613 5635; x_wconf 91' lang='lat' dir='ltr'><strong>qui</strong></span> <span class='ocrx_word' id='word_1_811' title='bbox 2636 5567 2985 5623; x_wconf 90' lang='lat' dir='ltr'><strong>adstabamus</strong></span> <span class='ocrx_word' id='word_1_812' title='bbox 3013 5570 3514 5637; x_wconf 80' lang='lat' dir='ltr'><strong>tractabatnusque,</strong></span> 
     </span>
    </p>
   </div>
   <div class='ocr_carea' id='block_1_119' title="bbox 1946 5660 3512 5730">
    <p class='ocr_par' dir='ltr' id='par_1_119' title="bbox 1946 5660 3512 5730">
     <span class='ocr_line' id='line_1_119' title="bbox 1946 5660 3512 5730; baseline 0.003 -16"><span class='ocrx_word' id='word_1_813' title='bbox 1946 5673 2013 5714; x_wconf 90' lang='lat' dir='ltr'><strong>ne</strong></span> <span class='ocrx_word' id='word_1_814' title='bbox 2046 5660 2189 5714; x_wconf 91' lang='lat' dir='ltr'><strong>inter</strong></span> <span class='ocrx_word' id='word_1_815' title='bbox 2216 5669 2429 5714; x_wconf 85' lang='lat' dir='ltr'><strong>nostras</strong></span> <span class='ocrx_word' id='word_1_816' title='bbox 2457 5674 2648 5714; x_wconf 90' lang='lat' dir='ltr'><strong>manus</strong></span> <span class='ocrx_word' id='word_1_817' title='bbox 2665 5661 2989 5730; x_wconf 75' lang='lat' dir='ltr'><strong>exspiraret,</strong></span> <span class='ocrx_word' id='word_1_818' title='bbox 3028 5663 3169 5718; x_wconf 89' lang='lat' dir='ltr'><strong>haud</strong></span> <span class='ocrx_word' id='word_1_819' title='bbox 3200 5663 3319 5717; x_wconf 87' lang='lat' dir='ltr'><strong>sine</strong></span> <span class='ocrx_word' id='word_1_820' title='bbox 3351 5678 3512 5718; x_wconf 76' lang='lat' dir='ltr'><strong>causa</strong></span> 
     </span>
    </p>
   </div>
   <div class='ocr_carea' id='block_1_120' title="bbox 1945 5749 3517 5823">
    <p class='ocr_par' dir='ltr' id='par_1_120' title="bbox 1945 5749 3517 5823">
     <span class='ocr_line' id='line_1_120' title="bbox 1945 5749 3517 5823; baseline 0.001 -20"><span class='ocrx_word' id='word_1_821' title='bbox 1945 5749 2340 5805; x_wconf 83' lang='lat' dir='ltr'><strong>metuentibus.</strong></span> <span class='ocrx_word' id='word_1_822' title='bbox 2365 5750 2653 5821; x_wconf 83' lang='lat' dir='ltr'><strong>Pmp&#39;mata</strong></span> <span class='ocrx_word' id='word_1_823' title='bbox 2690 5760 2799 5806; x_wconf 91' lang='lat' dir='ltr'><strong>tum</strong></span> <span class='ocrx_word' id='word_1_824' title='bbox 2834 5750 2975 5806; x_wconf 83' lang='lat' dir='ltr'><strong>forte</strong></span> <span class='ocrx_word' id='word_1_825' title='bbox 3013 5752 3279 5823; x_wconf 75' lang='lat' dir='ltr'><strong>languenti</strong></span> <span class='ocrx_word' id='word_1_826' title='bbox 3312 5754 3517 5806; x_wconf 79' lang='lat' dir='ltr'><strong>autidu.</strong></span> 
     </span>
    </p>
   </div>
   <div class='ocr_carea' id='block_1_121' title="bbox 1948 5842 3516 5913">
    <p class='ocr_par' dir='ltr' id='par_1_121' title="bbox 1948 5842 3516 5913">
     <span class='ocr_line' id='line_1_121' title="bbox 1948 5842 3516 5913; baseline 0.005 -17"><span class='ocrx_word' id='word_1_827' title='bbox 1948 5852 2033 5897; x_wconf 89' lang='lat' dir='ltr'><strong>tus</strong></span> <span class='ocrx_word' id='word_1_828' title='bbox 2061 5844 2142 5896; x_wconf 73' lang='lat' dir='ltr'><strong>ex‘</strong></span> <span class='ocrx_word' id='word_1_829' title='bbox 2171 5843 2355 5913; x_wconf 90' lang='lat' dir='ltr'><strong>pipere</strong></span> <span class='ocrx_word' id='word_1_830' title='bbox 2396 5844 2689 5901; x_wconf 87' lang='lat' dir='ltr'><strong>salutarem</strong></span> <span class='ocrx_word' id='word_1_831' title='bbox 2719 5846 2829 5901; x_wconf 81' lang='lat' dir='ltr'><strong>cito</strong></span> <span class='ocrx_word' id='word_1_832' title='bbox 2867 5842 3118 5902; x_wconf 75' lang='lat' dir='ltr'><strong>elTectum</strong></span> <span class='ocrx_word' id='word_1_833' title='bbox 3166 5847 3362 5899; x_wconf 75' lang='lat' dir='ltr'><strong>habere</strong></span> <span class='ocrx_word' id='word_1_834' title='bbox 3406 5848 3516 5904; x_wconf 67' lang='lat' dir='ltr'><strong>\isa</strong></span> 
     </span>
    </p>
   </div>
   <div class='ocr_carea' id='block_1_122' title="bbox 1947 5932 3517 6007">
    <p class='ocr_par' dir='ltr' id='par_1_122' title="bbox 1947 5932 3517 6007">
     <span class='ocr_line' id='line_1_122' title="bbox 1947 5932 3517 6007; baseline -0.001 -18"><span class='ocrx_word' id='word_1_835' title='bbox 1947 5939 2052 5989; x_wconf 85' lang='lat' dir='ltr'><strong>est.</strong></span> <span class='ocrx_word' id='word_1_836' title='bbox 2103 5932 2211 5990; x_wconf 84' lang='lat' dir='ltr'><strong>Nos</strong></span> <span class='ocrx_word' id='word_1_837' title='bbox 2256 5934 2592 6005; x_wconf 87' lang='lat' dir='ltr'><strong>triumphare</strong></span> <span class='ocrx_word' id='word_1_838' title='bbox 2642 5936 2838 6007; x_wconf 76' lang='lat' dir='ltr'><strong>gaudio</strong></span> <span class='ocrx_word' id='word_1_839' title='bbox 2889 5934 3110 5995; x_wconf 83' lang='lat' dir='ltr'><strong>statim,</strong></span> <span class='ocrx_word' id='word_1_840' title='bbox 3163 5935 3517 6007; x_wconf 69' lang='lat' dir='ltr'><strong>munitusque</strong></span> 
     </span>
    </p>
   </div>
   <div class='ocr_carea' id='block_1_123' title="bbox 3044 6032 3123 6097">
    <p class='ocr_par' dir='ltr' id='par_1_123' title="bbox 3044 6032 3123 6097">
     <span class='ocr_line' id='line_1_123' title="bbox 3044 6032 3123 6097; baseline 0.089 -7"><span class='ocrx_word' id='word_1_841' title='bbox 3044 6032 3123 6097; x_wconf 85' lang='lat'><strong>38</strong></span> 
     </span>
    </p>
   </div>
  </div>
